4010 6314
2077 455 2134 465 .-
2223 456 2259 463 __
2633 451 2738 462 ___
3304 450 3544 460 ...-

486 463 769 477 _..-___.

430 450 3589 526 ω

1005 773 1565 912 ΝΤΙΤΙΑ
1654 776 1816 900 ΙΝ
1898 773 2751 905 ΤΗΕΟΡΗΑΝ
2765 777 3027 902 ΕΜ.

594 1068 721 1125 (Jac.
759 1067 918 1129 Com,
940 1072 1044 1120 οτιι,
1071 1072 1204 1119 trum
1228 1060 1433 1110 l’rtedic.
1458 1057 1506 1108 in
1533 1064 1635 1107 not.
1671 1059 1728 1107 ad
1761 1056 2076 1120 TheOphanis
2122 1056 2588 1124 ChrortOgraphiam,
2629 1076 2676 1123 p.
2704 1064 2791 1113 5l3
2822 1063 3132 1127 ed.Lopar.=e
3163 1078 3243 1116 an.
3272 1067 3435 1131 1635.)

462 1356 589 1413 Non
624 1379 773 1417 unus
804 1366 1073 1437 Theophas
1124 1362 1363 1416 historiae
1384 1361 1643 1416 Romana:
1706 1362 1787 1415 vel
1847 1360 2161 1432 Byzantina:
2195 1361 2450 1428 scriptor,
2500 1371 2594 1417 aut
2638 1360 2797 1417 etiam
2846 1363 3129 1429 praesentis
3168 1368 3350 1436 operis
3382 1380 3587 1427 auctor

392 1461 643 1513 coaevus,
708 1454 790 1509 vel
826 1452 1456 1527 supparhutiquissimus
1508 1459 1592 1505 est
1625 1448 1959 1520 Mitylenazus
1988 1446 2227 1517 Pompeii
2275 1450 2455 1519 magni
2488 1448 2540 1500 in
2599 1446 2801 1502 bellicis
2833 1450 3272 1517 expeditionibus
3315 1456 3495 1525 miles,
3526 1470 3579 1512 et

388 1547 685 1599 gestorum
728 1543 888 1599 testis
917 1560 979 1600 ac
1009 1554 1126 1617 pco,
1160 1554 1189 1591 a
1222 1536 1418 1593 Vossio
1466 1536 1542 1590 De
1571 1533 1836 1594 historicis
1879 1535 2099 1598 (ir/lacis,
2138 1536 2233 1591 lib.
2263 1550 2300 1602 t,
2357 1552 2477 1607 cap.
2538 1535 2610 1593 25
2641 1547 3002 1593 memoratus.
3057 1537 3343 1599 Secundus
3400 1556 3587 1613 poeta,

390 1622 558 1691 cujus
609 1642 816 1696 paucos
856 1627 1330 1697 versuhnthologia
1384 1625 1624 1691 exhibet,
1654 1624 1747 1679 lib.
1778 1640 1863 1691 ιιι,
1896 1632 2033 1679 sect.
2063 1624 2115 1678 5.
2153 1624 2301 1679 Alter
2331 1622 2626 1694 Byzantius
2673 1618 3035 1694 Theophanes
3087 1625 3285 1683 Justini
3352 1633 3579 1687 secundi

388 1709 601 1767 bellum
665 1716 969 1785 Persicum,
998 1722 1306 1789 lnanasque
1343 1730 1455 1779 res,
1482 1730 1605 1779 suo,
1671 1713 1723 1768 id
1774 1722 1878 1777 est,
1926 1710 2127 1769 Justini
2184 1723 2447 1783 tempore,
2478 1714 2603 1769 olim
2639 1716 2804 1779 visas,
2842 1715 2997 1771 libris
3030 1717 3237 1781 decent,
3264 1735 3404 1787 quos
3433 1720 3578 1777 Pho-

382 1795 498 1854 tius
529 1803 814 1869 per-lectos
843 1813 1047 1866 memit,
1071 1803 1291 1874 scriptis
1319 1802 1681 1872 consignavit.
1733 1801 1973 1868 Quartus
2007 1800 2098 1857 hic
2138 1812 2331 1857 auctor
2363 1813 2568 1867 noster,
2599 1804 2762 1861 etiam
2789 1804 3106 1873 Byzantius,
3127 1805 3439 1877 Byzantina:
3474 1809 3575 1863 Hio-

376 1887 587 1943 εισι-ξω
627 1906 657 1944 a
698 1892 996 1951 DioCletian
1014 1892 1078 1945 ad
1134 1889 1456 1946 Michaelem
1494 1888 1785 1960 Nicephori
1823 1905 2082 1961 generum
2119 1891 2392 1961 scriptor,
2432 1889 2697 1961 Georgius
2761 1892 3001 1959 nomine,
3042 1896 3370 1963 COgnominc
3403 1895 3582 1953 Theo-

371 1970 640 2044 phanes,
682 1982 828 2048 quod
860 1982 995 2040 Geor
1040 1977 1276 2051 Syncelii
1309 1976 1598 2033 familiaris
1628 1976 1917 2044 exstiterit,
1940 1988 1993 2033 et
2022 1978 2141 2049 ejus
2167 1970 2613 2057 chronographiae
2656 1983 3029 2045 continuator,
3050 1996 3334 2051 perperam
3368 1981 3584 2051 Vossio,

374 2061 647 2134 aliisque
700 2084 806 2124 non
852 2073 1007 2130 indos
1043 2070 1194 2133 viris,
1221 2068 1313 2122 lib.
1350 2083 1410 2133 tt,
1458 2083 1581 2138 cap.
1615 2066 1686 2125 ει
1732 2078 2104 2137 nuncupatus.
2154 2068 2306 2122 Alius
2353 2067 2550 2123 iterum
2604 2068 2706 2123 hoc
2768 2078 2959 2124 nostro
3006 2069 3368 2140 Theophanes
3396 2072 3587 2139 junior

369 2144 654 2206 Nicaenus
684 2153 1244 2230 cpiscOpusTheodori
1291 2154 1478 2219 frater,
1507 2161 1560 2210 et
1615 2168 1737 2207 cum
1769 2168 1838 2208 eo
1889 2168 1948 2208 sa

2001 2164 2203 2231 etorum
2240 2155 2762 2226 imaginum-cultus
2804 2155 3013 2211 defensi
3060 2158 3129 2213 ab
3185 2158 3355 2227 impio
3405 2158 3584 2217 Theo-

367 2233 538 2302 philo
572 2256 700 2297 reus
741 2261 954 2315 pronun
972 2253 1095 2309 tus,
1146 2242 1390 2315 κεντητῷ
1424 2243 1615 2318 μέλανι
1658 2242 1946 2307 litteratus,
1980 2243 2182 2315 ingenii
2224 2243 2461 2315 ﬁdeique
2514 2254 2865 2301 monumenta
2905 2246 3123 2317 reliquit
3184 2247 3585 2314 laudatissima,

366 2336 402 2375 ιι
435 2320 755 2386 Possevino
783 2347 996 2390 recens.
1044 2330 1368 2387 Coaetaneus
1406 2330 1541 2385 alter
1566 2328 1949 2400 Theophanes,
1987 2340 2041 2387 et
2081 2331 2476 2389 monachorum
2520 2331 2539 2403 (
2572 2334 2713 2388 haud
2766 2334 3166 2391 nominatorum
3199 2340 3219 2403 )
3250 2340 3577 2407 praepositus

365 2414 482 2467 sub
519 2414 788 2476 Michaele
817 2421 1031 2479 Thenili
1064 2422 1197 2487 lilio,
1219 2420 1379 2491 cujus
1412 2435 1550 2490 opus
1581 2421 1636 2473 in
1665 2416 1956 2490 Nicephori
1983 2419 2305 2487 patriarchae
2341 2419 2591 2473 exsilium
2613 2462 2627 2485 ,
2663 2429 2716 2474 et
2737 2421 3087 2488 reliquiarum
3119 2420 3241 2490 ejus
3266 2425 3585 2479 translatio-

369 2512 507 2556 nem
555 2505 724 2562 refert
756 2510 1098 2584 Metaplstes,
1130 2518 1184 2564 et
1208 2524 1274 2562 ex
1297 2524 1363 2563 eo
1390 2507 1587 2563 Surius
1634 2506 1810 2560 Martii
1852 2507 1939 2560 die
1991 2506 2204 2560 decium
2236 2505 2418 2560 tertio.
2458 2505 2739 2577 Septimus
2786 2504 3149 2579 Theophanes
3172 2508 3417 2578 ejusdem
3456 2528 3581 2567 cum

370 2585 595 2648 Basilio
631 2595 1173 2657 Macedonelichaelis
1239 2609 1563 2653 successore
1612 2593 1895 2663 temporis,
1931 2590 2227 2649 Cerameus
2290 2603 2394 2659 est,
2433 2594 2523 2650 ille
2576 2596 3065 2651 Tauromenitanus
3109 2601 3311 2667 praesul
3341 2618 3353 2653 :
3379 2601 3445 2655 de
3474 2618 3584 2672 quo

370 2688 770 2754 accurate.qui
808 2684 1058 2759 opeiejus
1083 2686 1140 2739 in
1176 2684 1453 2753 publicum
1486 2682 1781 2753 evulgavit,
1832 2678 2160 2737 Franciscus
2205 2681 2461 2739 Scorsus.
2509 2683 2691 2742 Alium
2737 2700 2930 2739 rursus
2953 2686 3164 2741 amicus
3193 2700 3246 2741 et
3274 2689 3579 2746 litterarum

365 2778 582 2823 amans
607 2769 720 2827 Leo
772 2775 949 2831 Allats
995 2774 1239 2845 suggerit
1274 2772 1533 2827 familiari
1586 2770 1822 2840 epistola
1859 2785 1925 2825 ex
1976 2766 2204 2825 Joannis
2252 2770 2534 2839 cujusdam
2574 2770 2797 2843 magna:
2836 2770 2925 2826 Dei
2952 2771 3208 2828 Ecclesiae
3260 2775 3478 2829 diaconi
3523 2789 3580 2831 et

372 2858 622 2911 ...etoris
680 2863 885 2934 scripto
906 2864 1004 2927 Εἰς
1053 2860 1160 2915 τὸν
1180 2863 1328 2926 βίον
1368 2858 1583 2931 Ἰωσὴφ
1622 2858 1729 2914 τοῦ
1766 2861 1955 2928 ὑμνοίι

1997 2856 2173 2927 άφου.
2205 2856 2336 2928 Ejus
2362 2861 2526 2917 verba
2573 2859 2729 2915 haec:
2767 2859 3026 2927 Θεοφάνει
3063 2862 3164 2932 μὲν
3209 2861 3302 2915 οὖν
3351 2881 3456 2917 τινι
3484 2865 3580 2919 τοῦ

368 2944 533 3015 ἱεροῦ
572 2950 908 3025 πρεσϐυτερθ
948 2949 1259 3021 ὴξιωμένῳ,
1300 2950 1395 3005 καὶ
1429 2948 1508 3020 τῷ
1559 2948 1844 3017 καταλόγῳ
1889 2946 2255 3018 ἠριθμημένῳ
2302 2948 2413 3002 τῶν
2464 2947 2710 3020 μοναχῶν
2736 2950 2762 3003 ὁ
2809 2948 2922 3018 βίος
2961 2949 3113 3003 τοῦδε
3163 2950 3257 3004 τοῦ
3297 2953 3574 3025 μακαρίου

362 3036 705 3110 πεπόνηται.
737 3042 811 3094 Οὐ
840 3062 895 3114 μ·
928 3038 1063 3091 ἀλλὰ
1097 3039 1415 3110 παρέδραμε
1468 3037 1658 3091 τοῦτον
1716 3035 1886 3091 πολλὰ
1908 3075 1922 3100 ,
1957 3035 2038 3089 ὅτι
2094 3036 2238 3089 κατὰ
2284 3036 2521 3108 σπουδὴν
2550 3037 2745 3111 ἐκείνῳ
2784 3036 3159 3108 συνεξυφάνθη
3207 3041 3269 3093 τὸ
3309 3042 3532 3112 πόνημα
3557 3060 3571 3073 ·

362 3122 569 3191 ἀμέλει
598 3130 692 3181 καὶ
737 3125 815 3194 οἷς
846 3128 997 3190 tivo;
1044 3126 1137 3180 τοῦ
1180 3126 1423 3198 μάκαρος
1471 3124 1624 3179 τοῦδε
1648 3123 1739 3178 τὸν
1770 3123 1884 3195 βίον
1913 3122 2265 3197 ὲσμξκρυνεν,
2300 3126 2357 3177 ὲν
2406 3124 2619 3189 τούτοις
2651 3124 2794 3195 ἡμᾶς
2845 3125 2938 3179 ἐπὶ
2970 3126 3030 3179 τὸ
3076 3122 3235 3199 εὖρος
3260 3128 3361 3198 τῆς
3390 3128 3581 3202 διηγή-

367 3224 521 3273 σεως
573 3216 880 3285 προεϐἱϐασε
901 3231 916 3247 ·
950 3215 1253 3282 Theophani
1287 3230 1415 3270 sane
1444 3213 1657 3269 cuidam
1678 3228 1839 3266 sacra
1884 3213 2176 3283 presbyteri
2208 3212 2463 3283 dignitate
2494 3221 2750 3282 provecto,
2808 3224 2855 3265 et
2890 3214 3261 3268 monachorum
3294 3218 3437 3288 gregi
3478 3220 3580 3277 ad-

363 3296 515 3351 iecto
549 3302 685 3357 beati
713 3304 977 3373 hujusvita
1008 3304 1282 3357 elaborata
1331 3312 1429 3358 est.
1474 3300 1665 3369 Verum
1688 3317 1848 3371 quam
1887 3298 2056 3355 multa
2085 3299 2173 3354 ille
2201 3302 2495 3369 praeteriit:
2529 3298 2664 3371 quod
2695 3315 2822 3367 opus
2875 3302 3038 3354 nimia
3081 3306 3318 3371 quadam
3357 3306 3579 3374 festina.

368 3387 540 3453 tione,
590 3407 681 3445 ιιι-ε
730 3408 882 3449 mone
911 3394 1041 3447 satis
1072 3393 1420 3447 contexuerit.
1465 3390 1532 3446 In
1560 3390 1747 3461 quibus
1782 3398 1957 3445 tamen
1994 3388 2132 3465 beati
2162 3388 2321 3458 hujus
2345 3390 2511 3445 vitam
2546 3388 2840 3454 contraxit,
2874 3398 2929 3441 ut
2956 3391 3190 3459 spatium
3229 3408 3321 3461 per
3348 3393 3579 3463 amplius

366 3480 736 3536 narrationem
778 3484 1176 3553 prenderentur,
1203 3484 1257 3535 in
1282 3483 1469 3537 iisdem
1500 3480 1591 3534 ille
1618 3496 1710 3534 nos
1736 3477 2014 3553 promovit.

441 3563 562 3621 iam
624 3573 771 3640 quod
807 3592 835 3628 e
864 3572 982 3626 istis
1012 3587 1121 3626 non
1162 3586 1305 3624 unus
1340 3570 1695 3641 Byzantiuam
1732 3565 1986 3622 tractavit
2016 3565 2327 3633 historiam,
2364 3568 2570 3639 primus
2600 3564 2873 3632 videlicet,
2909 3567 3126 3631 tertius,
3161 3580 3411 3639 quartus,
3444 3586 3575 3626 sex-

371 3658 485 3716 tus,
535 3666 591 3710 ct
638 3660 864 3726 ultima;
894 3675 995 3713 nec
1051 3658 1248 3713 unicus
1299 3673 1488 3711 sacras
1519 3655 1762 3710 laudavit
1812 3654 2109 3723 imagines,
2143 3663 2391 3723 quartus,
2446 3652 2694 3722 inquam,
2749 3664 2803 3707 et
2834 3653 3031 3725 reliqui
3078 3657 3203 3724 ;vel
3257 3672 3355 3728 pro
3387 3674 3574 3715 earum

367 3745 725 3802 veneratione
749 3749 903 3804 tueda
940 3756 1219 3801 certamen
1253 3746 1459 3809 inierit,
1486 3745 1640 3798 velut
1684 3750 1937 3813 quartus,
1970 3758 2035 3799 ac
2071 3742 2297 3813 quintus
2326 3758 2343 3805 ;
2372 3740 2683 3802 utalterius
2715 3741 2831 3796 vice
2866 3757 3011 3798 unus
3041 3757 3438 3815 nonnunquam
3475 3747 3576 3801 ad-

366 3827 659 3888 duceretur
708 3836 760 3891 in
791 3836 1027 3898 mdium,
1095 3844 1150 3890 et
1200 3849 1322 3904 quae
1352 3834 1447 3888 uni
1500 3842 1651 3905 gesta
1686 3830 1770 3886 vel
1796 3831 2020 3899 scripta,
2076 3829 2444 3884 tribuerentur
2492 3827 2672 3892 alteri,
2718 3844 2823 3887 non
2874 3828 3094 3886 diﬂicile
3124 3833 3370 3903 contigit.
3432 3834 3575 3903 Quid

367 3917 516 3971 enim
582 3922 861 3998 Theophni
935 3906 1109 3993 magis
1165 3921 1344 3978 simile
1393 3938 1557 3993 quam
1596 3920 1961 3989 Theophanes
1996 3916 2377 3989 ?Mitylen:eus
2412 3916 2505 3972 ille
2560 3916 2886 3982 Romanam,
2916 3917 3230 3989 Byzantius,
3278 3922 3372 3994 qui
3430 3924 3575 3978 inter

365 4008 604 4063 nominis
636 4011 1097 4083 hujusscriptores
1130 4011 1345 4077 tertius,
1398 4008 1702 4065 Romanam
1752 4009 1975 4078 pariter,
2010 4007 2209 4066 diversi
2240 4004 2365 4061 licet
2405 4006 2686 4077 temporis,
2712 4007 2953 4062 contexit
3007 4008 3318 4068 hiStoriam.
3360 4009 3575 4083 Byzan-

370 4093 477 4146 lius
510 4097 651 4152 idem
685 4110 862 4164 terms,
904 4115 1028 4154 cum
1072 4108 1264 4155 nostro
1293 4100 1499 4170 pariter
1556 4097 1838 4171 Byzantio,
1865 4095 2191 4165 Byzantinas
2232 4108 2319 4149 res
2364 4102 2581 4150 traCtat.
2623 4093 2826 4151 Sextus
2864 4102 2919 4151 et
2971 4104 3199 4153 octavus
3235 4099 3572 4166 privatorum

372 4181 511 4238 vitas
566 4190 807 4256 scribun,
858 4204 1091 4259 quarum
1146 4188 1307 4244 lectio
1362 4189 1428 4244 ad
1484 4187 1910 4259 Byzantinorum
1961 4182 2210 4238 notitiam
2253 4181 2486 4237 accedit.
2537 4180 2791 4239 Niczenus
2832 4185 3032 4255 pracsul
3085 4184 3450 4261 TheOphanes
3504 4194 3572 4246 ad

370 4266 540 4325 instar
573 4273 810 4346 Byzanti,
838 4276 932 4347 qui
968 4278 1179 4341 tertius,
1233 4292 1420 4338 sacras
1450 4281 1758 4347 propugnat
1794 4271 2080 4346 imagines.
2135 4268 2270 4325 Hinc
2324 4272 2533 4327 incerta
2586 4272 3010 4342 perturbataque
3049 4273 3216 4344 hujus
3248 4288 3300 4335 et
3345 4277 3572 4334 alterius

366 4356 623 4427 cognitio,
654 4366 983 4421 imosumma
1011 4365 1153 4418 inter
1184 4379 1280 4420 eos
1308 4363 1581 4425 confusio,
1610 4373 1665 4417 et
1696 4364 1784 4417 vix
1813 4358 2250 4418 constituendum
2270 4359 2564 4415 discrimen
2590 4379 2602 4416 :
2633 4360 2769 4415 adeo
2813 4370 2872 4415 ut
2903 4362 2993 4431 qui
3024 4378 3228 4433 paucos
3275 4369 3570 4433 recensuit,

360 4449 416 4493 et
446 4440 749 4516 distinguert
770 4450 997 4504 ῐθιιιλινὶι
1027 4448 1271 4515 Vossius,
1320 4447 1644 4520 Byzantium
1674 4460 1925 4503 nostrum
1980 4447 2139 4503 annis
2171 4446 2240 4501 50
2278 4448 2646 4518 superiorem,
2678 4458 2733 4507 et
2763 4448 2877 4520 jam
2938 4460 3214 4506 mortuum
3238 4468 3362 4508 cum
3390 4452 3569 4509 Thoo-

353 4525 539 4595 phane
559 4537 853 4609 pregrier
882 4544 934 4589 et
964 4539 1273 4606 praeposito,
1304 4535 1596 4607 Nicephori
1647 4550 1896 4605 przecoue
1951 4550 2010 4592 se
2058 4534 2375 4590 confudisse
2423 4551 2531 4591 non
2590 4538 3055 4594 animadverterit.
3099 4538 3361 4600 Eumdem
3426 4558 3571 4600 nunc

352 4618 601 4669 nostrum
640 4632 706 4672 ex
734 4620 952 4687 paritate
996 4634 1122 4673 cum
1178 4621 1406 4689 reliquis
1438 4618 1768 4675 conferam?
1807 4635 2026 4687 nomen,
2055 4622 2257 4689 studia,
2323 4623 2539 4695 religio,
2597 4624 2794 4697 pietas,
2854 4627 2977 4687 vita;
3012 4626 3301 4701 professio,
3329 4628 3567 4694 labores.

350 4702 573 4767 quaem
630 4708 749 4763 aliis
789 4718 933 4763 certa
988 4708 1267 4765 varietatis
1297 4709 1535 4775 indicia,
1587 4709 1638 4763 in
1676 4709 1799 4765 istis
1862 4708 2276 4766 similitudinem
2334 4712 2682 4778 obtinent,ct
2720 4714 3015 4771 discrimen
3064 4714 3337 4771 auferunt.
3380 4716 3565 4774 Dicam

350 4782 733 4871 Theophanem
770 4795 906 4850 hunc
940 4808 1184 4851 nostrum
1215 4811 1279 4850 ex
1322 4796 1553 4853 diversis
1587 4798 1753 4869 gestis
1783 4800 1837 4851 in
1868 4797 2006 4853 duos
2034 4797 2520 4855 Baroniodivisum
2547 4801 2613 4856 ad
2644 4816 2848 4859 annum
2883 4800 3085 4859 Christi
3120 4804 3246 4866 8l6,
3266 4820 3417 4861 num.
3444 4823 3483 4871 ι,
3513 4818 3568 4863 et

339 4868 573 4929 Andreae
600 4878 806 4954 δοριςεο
822 4880 1067 4951 prooemii
1099 4880 1322 4936 secundi
1353 4889 1484 4937 sect.
1519 4898 1534 4935 ι
1568 4868 1623 4935 in
1657 4881 2045 4951 Theophanem
2080 4886 2451 4943 Cerameum?
2499 4890 2628 4959 Ipsi,
2658 4892 2804 4960 quod
2834 4892 3168 4960 mirandum,
3215 4868 3564 4964 eloquuntur,

338 4965 397 5011 et
444 4973 705 5031 errorem,
753 4983 865 5023 cun
915 4984 975 5024 ex
1010 4968 1361 5038 Theophanis
1415 4970 1660 5039 ejusdem
1698 4970 1869 5024 nostri
1912 4972 2043 5040 vita,
2101 4984 2214 5029 tum
2275 4993 2339 5032 ex
2390 4993 2517 5033 mox
2559 4979 2808 5037 dicendis
2855 4981 3310 5047 convincendum,
3342 4983 3568 5038 demon-

340 5052 537 5104 strant.
573 5050 710 5112 Sane
764 5055 1101 5126 Theophanis
1134 5059 1307 5133 ipsius
1360 5059 1485 5123 vita,
1545 5072 1800 5129 gestaque
1827 5060 1993 5115 variis
2022 5077 2092 5116 ex
2145 5066 2465 5122 auctoribus
2528 5066 2772 5131 collecta,
2817 5069 2921 5123 sub
2957 5076 3312 5139 conspectum
3345 5073 3520 5140 poeita
3550 5117 3563 5135 ,

341 5140 487 5205 quod
514 5142 691 5213 ipsum
729 5145 865 5200 inter
914 5146 1262 5217 reliquosque
1295 5148 1589 5213 intercidit,
1622 5148 1961 5204 discriminis
1999 5149 2197 5205 indicia
2224 5154 2527 5222 proferunt.
2564 5154 2799 5211 Tantum
2826 5194 2843 5219 ,
2883 5172 3004 5224 qua:
3030 5158 3084 5211 in
3118 5156 3226 5212 illis
3257 5157 3397 5212 haud
3428 5159 3569 5213 levi-

340 5235 423 5280 ter
471 5232 840 5299 pra-tereunda
864 5274 879 5295 ,
908 5231 1103 5288 Lector
1152 5250 1262 5289 non
1318 5236 1572 5290 incautus
1622 5250 1832 5288 mecum
1862 5236 1978 5293 haec
2004 5239 2335 5295 observabit.
2367 5241 2420 5295 ll.
2457 5241 2592 5298 Vita:
2613 5241 2963 5313 Theophanis
2993 5258 3023 5297 a
3054 5244 3453 5313 Metaphraste,
3484 5247 3565 5300 vel

336 5330 403 5369 ex
432 5317 655 5375 Baronii
680 5322 931 5390 jurlicioa
960 5321 1250 5379 Theodoro
1277 5324 1488 5379 Studita
1531 5323 1854 5393 conscripta
1892 5324 2146 5379 versione
2178 5324 2393 5395 Latina,
2433 5331 2686 5385 eumdem
2723 5330 2995 5383 [saucium
3058 5346 3279 5401 quoque
3334 5332 3567 5397 dictum,

332 5422 400 5460 ex
426 5406 618 5477 lingua:
667 5409 866 5467 Graeca:
898 5413 1137 5477 inscitia,
1166 5413 1421 5468 aflirmari
1474 5413 1614 5479 apud
1645 5412 1940 5470 Baronium
1987 5412 2054 5468 Α.
2084 5414 2151 5470 C.
2192 5416 2314 5481 777,
2345 5433 2496 5475 num.
2524 5420 2581 5484 '5,
2633 5430 2686 5474 et
2737 5418 2862 5486 8l6,
2893 5434 3046 5474 num.
3077 5433 3115 5473 ι.
3164 5416 3330 5474 Lecto
3368 5422 3568 5490 quippe

334 5495 457 5549 vita:
486 5507 901 5568 programmate,
934 5502 1261 5570 Θεοφάνους,
1292 5502 1381 5555 τοῦ
1422 5502 1487 5555 Ἱιι
1518 5500 1693 5555 νακιου
1724 5500 1860 5571 βίος,
1892 5517 1917 5556 ι·

1981 5502 2130 5558 ldidit
2168 5504 2439 5576 interpres
2472 5526 2485 5560 :
2530 5505 2884 5577 Theophanis,
2913 5509 3004 5576 qui
3039 5521 3088 5562 et
3120 5496 3362 5562 [saucius
3392 5508 3564 5564 dictus

332 5599 428 5652 est,
460 5589 611 5652 vita;
648 5608 773 5648 cum
813 5604 1018 5649 vertere
1049 5595 1348 5660 debuisset,
1414 5593 1744 5663 Theophanis
1813 5589 1983 5646 lsacii
2007 5590 2077 5647 F.
2129 5597 2261 5651 vita.
2313 5595 2383 5651 Ut
2414 5596 2559 5650 enim
2597 5612 2628 5652 a
2657 5596 2769 5651 [ilio
2826 5598 2996 5668 patris
3048 5595 3271 5651 nomine
3318 5597 3573 5673 vocando.

332 5678 548 5746 penitus
576 5679 868 5738 abhorrent
897 5682 1092 5751 Graeci,
1128 5686 1202 5739 ita
1235 5699 1264 5739 τι
1301 5683 1482 5740 verbis
1516 5683 1691 5745 hisce,
1714 5675 1870 5743 cina;
1898 5698 1915 5731 ιι

1982 5681 2105 5752 πρὸς
2140 5684 2238 5754 μὲν
2286 5683 2386 5755 ἔφυ
2422 5686 2628 5747 Ἰσαάκ,
2672 5683 2792 5754 ejus
2819 5685 2984 5738 vitam
3023 5684 3384 5756 Menologium
3418 5686 3565 5740 ordi-

334 5774 445 5831 tur,
501 5774 555 5823 et
607 5766 870 5825 lsaacium
933 5773 1139 5840 pariter
1167 5773 1287 5845 ejus
1326 5778 1535 5844 patrem
1566 5769 1786 5826 laudata
1844 5768 2025 5824 versio
2058 5781 2349 5827 memorat.
2376 5774 2429 5828 2.
2484 5772 2872 5842 Theophanem
2912 5772 3056 5829 circa
3087 5771 3292 5828 Christi
3336 5787 3541 5828 annum

571 5865 842 5927 ΡΑτιιοι..
880 5868 998 5925 Gtt.
1034 5866 1246 5927 CVIII.
3104 5863 3128 5925 Ῑ

1492 6106 2030 6211 265510
