3978 6316
143 444 199 508 13
1543 440 1677 502 ΝΟΊ

1783 442 1881 508 [Α.
3299 442 3363 506 Η

196 553 456 610 Nonnullis
528 551 593 609 de
667 559 891 609 auctore
932 550 1111 622 operis
1163 550 1393 620 hujusce
1470 551 1755 621 hucusque
1821 548 2159 621 praemzssis,
2197 547 2313 615 jam
2381 565 2502 620 quze
2568 550 2711 605 circa
2763 566 2898 619 opus
2933 552 3133 623 ipsum,
3171 554 3358 623 lector,

138 644 354 700 edoctum
408 650 457 697 te
526 648 861 711 cautumque
924 640 1065 707 volo,
1120 639 1309 710 paucis
1362 638 1552 693 evolvo
1598 639 1740 694 :tibi
1793 639 1961 695 semel
2033 645 2239 696 monito
2311 642 2491 711 operis
2560 640 2725 694 totius
2792 640 3061 705 decursu.
3116 643 3365 713 pluribus

135 732 363 801 exemplis
400 739 450 785 et
524 729 659 787 locis
729 730 916 784 eadem
984 729 1099 783 hate
1167 728 1449 782 recolcnda
1496 742 1603 781 non
1666 731 1941 787 excidant.
2003 734 2055 787 l.
2123 733 2276 788 Brevi
2325 732 2481 789 facile
2532 733 2856 805 composito,
2908 743 2963 791 at
3009 750 3117 792 non
3168 738 3364 795 admo-

137 822 244 875 dum
272 822 513 890 expolito,
548 822 799 894 quinimo
853 822 1063 893 plebeio
1124 837 1259 892 pene
1290 836 1354 875 ac
1404 813 1629 894 vulgari
1656 820 1798 893 stylo
1856 820 2141 877 historiam
2196 822 2335 878 hanc
2368 838 2398 877 a
2441 820 2774 893 Theophane
2817 823 3107 895 digestam.
3134 825 3191 881 Ξ.
3227 825 3365 882 Hinc

138 910 215 963 tibi
262 911 393 975 trita,
427 924 529 965 nec
582 911 803 981 palatio,
842 909 1072 965 Amboni
1102 924 1284 975 sacro,
1316 909 1401 965 vel
1431 908 1551 965 foro
1601 909 1817 979 cognita
1854 911 2116 967 vocabula
2146 929 2161 978 ;
2198 912 2291 966 sed
2323 926 2389 965 ex
2438 910 2691 981 compitis
2725 922 2779 967 et
2810 913 3028 968 inculta:
3062 915 3237 985 plebis
3268 931 3364 970 ore

138 1000 326 1056 collecta
372 1014 659 1056 occurrere
708 1000 891 1055 mit-ari
929 1002 1187 1056 desines:
1225 1016 1287 1056 ea
1315 1016 1444 1064 vero
1485 998 1938 1072 chmnOgraphim
1972 1008 2126 1069 parte
2179 999 2453 1069 usurpari,
2487 998 2641 1067 cujus
2679 1009 2920 1071 tempore
2949 999 3004 1055 in
3054 1017 3211 1057 usum
3244 1002 3364 1058 fue-

140 1104 246 1151 runt
271 1095 498 1162 inducta,
530 1107 679 1151 certa
724 1096 1038 1168 conjectura
1074 1114 1183 1152 non
1218 1097 1452 1152 habetur
1503 1092 1645 1164 apud
1681 1104 1765 1145 tne
1812 1087 2076 1143 alienum.
2112 1089 2165 1143 5.
2199 1087 2611 1143 lnemendatum
2670 1090 2735 1143 ad
2772 1089 3143 1160 grammaticae
3192 1091 3357 1162 leges,

140 1184 231 1238 imo
266 1184 471 1239 solmcis
525 1183 887 1256 barbarisque
932 1185 1268 1242 dictionibus
1315 1195 1524 1240 textum
1572 1195 1679 1235 non
1718 1194 1843 1233 raro
1887 1178 2296 1248 interpunctum
2342 1176 2553 1232 auctori
2604 1176 2765 1231 velim
2816 1176 3240 1235 ascribendum:
3285 1180 3364 1235 sic

138 1274 255 1325 enim
286 1282 533 1337 tuentem,
570 1275 858 1329 \erborum
910 1276 1139 1346 ambage
1171 1276 1430 1346 seposita,
1463 1266 1863 1344 significantius
1900 1265 2308 1337 exprimendam
2339 1265 2561 1320 sibimet
2590 1264 2804 1321 suasit:
2838 1265 2979 1336 quod
3008 1276 3183 1321 tamen
3215 1275 3359 1323 recta

136 1360 368 1414 scribendi
403 1354 566 1427 ratio,
613 1378 775 1433 quam
830 1363 1022 1417 dicunt
1052 1362 1523 1433 orthographiam,
1562 1355 1893 1428 quandoque
1926 1354 2306 1433 reprehendat,
2340 1356 2759 1411 amanuensium
2796 1354 3272 1411 hallucinationem
3309 1367 3362 1411 et

132 1463 337 1503 errorem
378 1463 487 1504 non
540 1429 814 1515 dilliteor;
853 1465 963 1519 quo
1001 1429 1295 1516 relictoiet
1320 1429 1711 1511 inemendato,
1745 1462 1810 1502 ex
1858 1445 1962 1502 fide
2004 1429 2076 1502 ad
2122 1462 2227 1501 ms.
2257 1445 2534 1514 exemplar
2568 1446 3101 1501 commendationem
3155 1448 3357 1515 potius,

131 1552 267 1606 quam
306 1553 365 1591 ex
396 1539 747 1593 correctione
808 1538 873 1593 ad
927 1554 1117 1609 gramn
1144 1540 1314 1593 aliccs
1344 1547 1633 1606 praecepta,
1664 1535 1880 1591 laudem
1922 1535 2053 1589 mihi
2104 1532 2364 1606 proposui
2394 1533 2738 1589 sectandam.
2771 1532 2928 1600 Quod
2975 1534 3147 1588 nihilo
3178 1536 3359 1591 secius

124 1624 255 1707 jubet
304 1625 389 1680 illa
442 1628 813 1696 reparandum
844 1628 1128 1681 declarant
1157 1628 1565 1691 annotationes,
1596 1625 1679 1679 vel
1712 1625 2004 1681 emendant
2038 1624 2130 1678 alii
2162 1622 2381 1679 codices
2410 1623 2464 1677 in
2506 1621 2673 1677 variis
2707 1621 3033 1677 lectionibus
3077 1624 3359 1692 producti:

132 1714 347 1768 nonnihil
389 1731 490 1785 ego
541 1731 642 1783 pro
687 1717 995 1772 scholiastae
1040 1718 1258 1773 licentia
1290 1716 1578 1786 interpolo,
1604 1732 1667 1770 ex
1704 1714 1903 1786 quibus
1940 1714 2151 1783 reliqua
2194 1711 2411 1768 facilius
2459 1724 2639 1769 mente
2677 1713 3029 1768 restituenda.
3063 1714 3115 1766 4.
3152 1713 3362 1770 Verbo-

129 1816 226 1855 rum
262 1803 480 1864 lacunm,
513 1811 571 1859 et
600 1820 721 1875 quae
752 1805 1153 1868 desiderantur,
1188 1805 1583 1860 sententiarum
1625 1811 1810 1874 patent
1837 1803 2040 1867 hiatus,
2076 1804 2171 1857 sed
2207 1816 2313 1856 non
2348 1800 2700 1866 intolerandi,
2731 1816 2827 1855 ceu
2857 1801 2949 1871 qui
2985 1818 3117 1856 mss.
3157 1804 3210 1856 in
3239 1820 3362 1858 om-

125 1890 256 1944 nibus
302 1900 551 1954 exstent,
604 1892 690 1946 vel
738 1894 934 1948 mentis
978 1893 1224 1963 judicio,
1275 1894 1389 1948 sive
1443 1893 1633 1948 labore
1692 1899 1892 1963 queant
1938 1889 2201 1961 reparari.
2234 1890 2287 1944 5.
2319 1888 2709 1959 Repetitioncs,
2761 1888 2957 1954 fateor,
2989 1890 3232 1960 ejusdem
3284 1892 3365 1947 rei

116 1974 305 2047 penitus
352 1980 599 2045 inutiles,
650 1989 705 2037 et
747 1998 868 2052 quae
917 1983 1090 2039 semel
1144 1982 1287 2038 dicta
1346 1981 1680 2047 sufficerent,
1712 1979 1964 2034 eumdem
2003 1980 2056 2033 in
2094 1979 2276 2033 locum
2329 1979 2411 2033 bis
2462 1979 2674 2049 ingesta
2739 1976 3059 2035 illubentius
3126 1978 3358 2049 perfero.

124 2066 165 2121 6.
189 2065 366 2122 Rerum
398 2080 684 2139 gestarum
723 2071 1050 2127 metalheses
1088 2086 1195 2126 non
1241 2070 1671 2142 praetereundus,
1704 2067 2109 2137 infrequentius
2142 2066 2288 2129 licet,
2323 2066 2732 2120 animadverto:
2766 2075 2819 2120 et
2849 2081 2913 2120 ex
2950 2067 3191 2122 historia:
3239 2078 3359 2122 tan-

127 2163 219 2208 tum
251 2155 367 2219 fide,
416 2172 529 2211 non
580 2173 648 2211 ex
693 2142 958 2228 temporis
1010 2168 1266 2213 accurata
1316 2157 1635 2213 recensione
1678 2158 1832 2227 plura
1878 2154 2132 2210 narrari:
2170 2154 2316 2226 quod
2352 2163 2454 2221 est,
2511 2153 2832 2211 historicum
2880 2156 3099 2226 ubique,
3143 2170 3199 2212 at
3249 2174 3355 2212 non

128 2242 580 2314 chronographum
620 2260 838 2314 semper
882 2260 940 2300 se
971 2245 1211 2315 gessisse
1245 2244 1656 2314 Tthphanem.
1690 2244 1743 2299 7.
1777 2243 2066 2314 Temporis
2112 2241 2446 2307 Canonium,
2483 2254 2536 2299 ct
2564 2257 2862 2314 expressas
2897 2245 2952 2299 in
2986 2262 3052 2300 eo
3094 2262 3360 2317 personas

123 2353 217 2393 cum
248 2340 473 2395 historia
504 2341 575 2395 ad
594 2341 902 2396 Canonium
939 2342 1077 2397 idem
1112 2342 1384 2412 subjecta,
1420 2358 1527 2396 non
1585 2342 1894 2397 consentire
1925 2340 2238 2409 frequenter
2278 2340 2572 2395 manifesto
2598 2340 2652 2394 in
2687 2343 2960 2397 annotatis
2997 2344 3072 2411 (a)
3107 2359 3122 2396 :
3157 2349 3214 2395 ut
3235 2359 3358 2398 cum

123 2428 172 2481 ad
214 2428 415 2482 Damasi
470 2444 685 2483 annum
737 2428 986 2498 quintum
1043 2428 1168 2484 Julii
1224 2429 1495 2499 pontificis
1534 2428 1769 2491 obitum,
1810 2439 1863 2483 et
1917 2427 2118 2483 Liberii
2180 2428 2577 2509 promotionem
2632 2442 2739 2483 una
2790 2428 3025 2499 legimus
3079 2432 3354 2487 connecti.

122 2516 164 2570 8.
186 2514 311 2570 Anni
363 2518 532 2573 unius
573 2526 724 2585 gesta
771 2519 824 2593 in
877 2517 1044 2572 alium
1096 2519 1427 2587 quandoque
1456 2513 1893 2587 reponere,cum
1925 2516 2199 2572 accuratis
2236 2516 2397 2571 etiam
2449 2516 2727 2573 historicis
2778 2514 3131 2588 TheOphanis
3174 2518 3362 2591 lapsus

122 2605 397 2660 communis
426 2614 535 2660 est.
573 2604 625 2659 9.
652 2603 787 2658 Cum
838 2603 960 2658 aliis
1010 2606 1221 2674 pariter
1268 2618 1583 2667 commune,
1616 2614 1815 2679 ut_uno
1846 2620 2018 2672 more,
2053 2621 2273 2677 unoque
2313 2621 2451 2662 sono
2503 2607 2748 2661 virorum
2799 2613 2854 2662 et
2886 2606 3133 2662 locorum
3179 2608 3359 2679 profe-

120 2692 255 2746 renda
294 2691 545 2760 nomina,
580 2693 696 2763 ipse
741 2692 990 2747 nonnihil
1037 2693 1327 2748 immutata
1372 2693 1706 2763 pronuntiet,
1739 2699 1799 2746 ut
1827 2693 2085 2759 Artaxer,
2122 2695 2452 2750 Artaxerxes
2484 2694 2622 2759 vice,
2652 2704 2785 2761 etc.,
2817 2694 2963 2749 hunc
3000 2695 3162 2750 modo
3215 2696 3361 2751 Con-

120 2781 370 2847 stantium,
424 2780 818 2848 Maximinum,
867 2780 1031 2837 modo
1078 2780 1526 2848 Constantinum,
1563 2780 1994 2850 Maximi-anum;
2028 2782 2181 2837 illum
2236 2782 2326 2839 hic
2378 2781 2765 2853 Euphemium,
2833 2782 2904 2838 ibi
2968 2781 3354 2855 Euthymium;

120 2870 335 2926 eumdem
387 2870 600 2927 ludam
655 2880 710 2926 et
757 2870 999 2927 Eaudam
1038 2880 1213 2936 vocet,
1264 2874 1332 2927 de
1384 2887 1496 2942 quo
1552 2871 1817 2928 lectiones
1868 2872 2052 2939 variae,
2085 2881 2141 2927 et
2187 2873 2570 2928 annotationes
2617 2887 3035 2943 nonnunquam.
3095 2874 3177 2932 i0.
3223 2873 3362 2928 llinc

116 2973 217 3013 cum
255 2970 398 3015 textu
436 2959 639 3015 Graeco
668 2976 777 3014 non
809 2962 1080 3016 consentit
1108 2961 1160 3015 in
1192 2961 1512 3016 nominibus
1538 2958 1817 3031 plerisque
1844 2960 2047 3026 versio,
2073 2967 2126 3016 et
2157 2960 2273 3015 haec
2295 2960 2445 3016 illum
2478 2960 2753 3032 corrigere
2784 2976 2893 3015 non
2918 2970 3156 3017 veretur.
3182 2962 3266 3017 ll.
3300 2961 3363 3016 Et

120 3047 190 3101 ubi
217 3048 417 3102 nullum
469 3049 564 3103 vel
606 3050 985 3117 perturbatum
1013 3056 1196 3105 textus
1227 3050 1451 3106 exhibet
1481 3064 1726 3114 sensum,
1757 3049 1936 3104 versio
1958 3050 2233 3119 restituat,
2262 3059 2316 3105 et
2361 3049 2582 3119 planum
2616 3048 2843 3106 reddere
2870 3056 3124 3105 conetur.
3162 3049 3247 3106 η.
3280 3051 3360 3107 Ex

115 3134 315 3191 diversis
354 3146 407 3190 et
433 3135 694 3191 adversis
728 3136 1048 3192 auctoribus
1078 3136 1146 3193 de
1186 3137 1400 3204 eodem,
1440 3152 1564 3192 raro
1593 3136 1740 3203 licet,
1766 3138 1921 3208 ponit
1942 3138 2258 3205 contraria;
2290 3145 2349 3194 ut
2380 3138 2447 3194 de
2476 3137 2595 3193 Elia
2622 3137 2986 3212 ilierosolym.
3019 3147 3074 3195 et
3096 3137 3202 3195 ΟΡ.
3246 3138 3362 3194 Ma-

165 3283 230 3352 (a)
263 3284 568 3361 Annorum
625 3284 934 3361 notationes
981 3283 1035 3339 in
1093 3282 1328 3339 editione
1380 3269 2071 3361 ParisiensiAhabcinus
2104 3306 2167 3361 ex
2219 3289 2508 3346 collatione
2559 3290 2803 3361 quinque
2872 3291 3121 3361 codicum
3201 3307 3360 3356 mss..

110 3354 160 3407 ad
212 3355 461 3410 codicum
527 3355 806 3425 exemplar
840 3354 912 3408 ita
944 3364 1273 3425 comparatae
1308 3365 1473 3416 sunt,
1524 3363 1584 3410 ut
1626 3356 1680 3409 in

110 3426 273 3492 quavis
318 3427 449 3481 novi
506 3426 801 3497 regisgvel
850 3428 1090 3496 episcopi
1142 3426 1456 3497 accessione
1485 3434 1684 3497 praeter

108 3511 284 3551 annum
328 3496 537 3551 mundi
584 3495 636 3551 et
668 3496 866 3551 divinat
887 3495 1295 3551 incarnationis
1343 3495 1505 3552 etiam
1557 3497 1682 3550 reﬂ.-

109 3581 313 3634 quorum
345 3582 549 3637 regum
569 3580 624 3623 et
644 3568 1027 3638 episcoporum
1062 3567 1190 3621 anni
1224 3566 1424 3624 diserte
1456 3568 1681 3622 indicati

109 3647 220 3705 sint,
250 3638 339 3692 tali
377 3640 510 3694 fere
543 3639 825 3693 schemate
862 3654 875 3691 :

644 3759 655 3920 1

1509 3950 1518 4123 1

238 4002 247 4281 ι

161 3753 409 3839 raise;
436 3755 579 3839 ἓξὲ-
644 3751 796 3839 liii"
856 3757 1031 3839 3’52:
1072 3752 1246 3839 £139.?-
1289 3754 1497 3839 Céf‘?‘
1535 3751 1683 3839 id)“

163 3795 409 3883 iam“...
437 3795 552 3865 ἷεῖξ
645 3795 765 3883 Irin?
822 3795 1238 3883 ,ίὲἒῆιὲσῖἱᾶ-
1289 3795 1476 3883 *έὲέοὶὲί
1533 3795 1636 3883 geli}

114 3879 229 3947 ξε
254 3882 593 3947 βᾳσι-ἰβᾳσι-
647 3878 847 3947 ξέπισκὸ-
874 3882 1046 3947 γουπό-
1074 3894 1191 3947 ¹μων
1245 3939 1260 3947 _
1310 3878 1683 3947 éﬂt6X6-§,C€t'ag

105 3939 371 4007 ἓιξὶέως
419 3939 587 4007 iiii-:5
648 3939 757 4007 inoo
821 3943 996 4007 _lco>;
1040 3939 1280 4007 jémmté.
1316 3957 1410 4007 non
1512 3939 1634 4007 iam:

117 3956 231 4053 Eis
255 3956 371 3999 um;
419 3956 574 4015 μεως
664 3958 757 3990 που
860 3956 996 3997 λεως
1074 3956 1280 4003 tantum.
1316 3957 1410 3988 που
1530 3956 1634 3989 επι-

117 4003 215 4067 ες
240 4002 246 4067 j
267 4003 621 4059 ἈναοξΚαόάη
648 3956 1180 4067 ἷΣυμμά-ἐπισκὸοπου
1294 4004 1472 4067 ,Φλα-Ῠ-
1510 3956 1651 4067 latui-

113 4058 377 4137 a-isim-
422 4066 538 4137 ιξου
610 4058 829 4137 ius;
862 4064 969 4137 mw
1074 4058 1477 4137 throw-eme

113 4095 154 4144 π.
186 4084 216 4123 εξ
256 4084 377 4116 στα-ο
422 4084 538 4163 ιοου
652 4084 757 4121 μου
863 4085 969 4117 mou
1074 4084 1273 4137 tmmu-
1314 4084 1477 4115 ῡιανου
1509 4084 1622 4123 mou

110 4147 142 4177 ε
238 4084 362 4203 ,ρίου
424 4130 558 4189 ,ἔτος
574 4084 772 4203 ’.Ἱκέτας
790 4124 1045 4203 βῗᾞΜαξιε-
1076 4130 1227 4203 {gr-Coo
1252 4193 1263 4203 ι
1294 4122 1417 4203 ista;
1438 4124 1681 4203 δ’.ΙἸωάνι

119 4159 215 4217 ³1³
254 4159 362 4180 ’δι’δν
424 4159 558 4189 ἱιδνϋ
582 4159 607 4187 ἰ
626 4159 771 4219 ἰιιυκ
790 4159 850 4192 μη·
883 4159 1045 4180 ινισιδιι-
1076 4159 1227 4216 ιυιιυυ
1314 4159 1417 4185 ςι-ικ
1438 4159 1463 4178 υ
1485 4159 1513 4203 ,Ι
1547 4159 1606 4176 ιυυ

119 4211 169 4254 9.“
190 4159 358 4254 E‘Ié?“
426 4202 435 4254 Ι
656 4227 664 4254 ι
863 4196 1039 4254 ᾐδονίῡυ
1078 4193 1197 4254 ,ἔτος
1220 4192 1300 4254 αξξ
1506 4208 1606 4254 1νου

115 4222 167 4335 ἐξ
187 4222 358 4347 ξιξῖᾶῗί
427 4222 439 4357 ι
656 4227 666 4357 |
863 4222 1197 4357 ‘33???“
1220 4222 1250 4243 u
1505 4222 1631 4311 12:3;

116 4341 126 4353 .
146 4316 215 4357 '14.
240 4352 245 4357 .
1081 4300 1088 4357 l
1506 4302 1582 4357 ιε’-

116 4341 126 4353 ο
164 4336 246 4377 τινί

1506 4302 1563 4409 |"

1506 4416 1516 4634 Ι

168 4658 254 4716 His
286 4662 515 4716 tabellis
548 4659 953 4731 eln'onologicis
1000 4661 1052 4715 in
1086 4662 1327 4716 editione
1362 4671 1549 4714 nostra
1584 4657 1682 4731 ad-

110 4736 293 4786 Iszerere
317 4729 837 4795 constituerantqu
865 4730 958 4787 sed
989 4748 1112 4787 cum
1149 4733 1350 4800 ubique
1377 4729 1684 4785 mendosis-

106 4802 243 4859 sima:
278 4804 417 4865 sint,
466 4809 523 4856 et
560 4800 823 4873 subjecto
854 4804 1022 4873 textui
1080 4804 1403 4873 plerumque
1450 4815 1557 4855 non
1590 4814 1686 4853 rre-

107 4874 422 4941 spondeam,
462 4883 525 4927 ut
559 4872 676 4942 ipse
729 4883 912 4928 tranet
953 4872 1091 4929 Jac.
1119 4872 1284 4933 Goar,
1312 4873 1473 4927 aliam
1509 4883 1685 4925 anno-

108 4957 214 4997 rum
252 4946 629 5001 notandorum
684 4943 946 4997 rationem
974 4943 1363 4997 instituendam
1404 4942 1684 4998 duximus.

108 5011 244 5078 Quod
303 5018 432 5070 sine
479 5014 594 5067 ullo
651 5014 1056 5081 perspicuitatis
1109 5014 1437 5068 detrimento
1480 5012 1682 5065 factum

108 5098 215 5138 esse
246 5086 491 5151 videtur,
516 5086 689 5153 inquit
712 5083 900 5139 Editor
930 5085 1259 5150 Bonnensis,
1295 5098 1456 5153 quem
1497 5082 1685 5153 sequi-

108 5169 234 5221 mur,
253 5172 382 5211 nam
415 5157 633 5211 tabellis
656 5158 772 5209 istis
796 5155 1043 5224 abjectis,
1061 5157 1245 5209 tnundi
1260 5167 1314 5209 et
1334 5153 1537 5210 Christi
1555 5153 1685 5206 anni

108 5227 292 5297 ubique
313 5228 558 5299 appositi
576 5236 631 5281 et
651 5227 1323 5299 primusnovaseujusque
1353 5225 1687 5299 accessionis

111 5295 269 5351 annos
318 5295 597 5354 indicatus
632 5300 961 5368 cursivoque
1009 5295 1325 5368 charactere
1368 5295 1684 5368 distinctus,

110 5377 299 5424 attento
336 5371 533 5423 lect‘bri
565 5370 815 5423 idoneam
866 5366 1080 5437 copiam
1122 5367 1330 5421 faciunt
1350 5366 1685 5437 reliquorum

111 5441 522 5509 magistratuum
551 5453 727 5495 annos
755 5435 1012 5493 facillirito
1057 5449 1311 5509 computo
1354 5435 1683 5509 inveniendi.

171 5507 271 5563 Sed
302 5510 1029 5580 apponerejuvatGodfridi
1065 5507 1393 5562 Henscltenii
1417 5507 1684 5571 judicium

110 5600 165 5638 ex
188 5586 308 5655 ejus
339 5585 558 5653 exegesi
590 5581 939 5652 prreliminari
975 5582 1049 5655 (a)
1077 5582 1376 5655 prmmissa
1405 5583 1687 5655 lamenter-

111 5654 179 5706 tio
196 5646 815 5710 A'ctorum'San'cto'rum
840 5646 1044 5707 mensis
1075 5646 1251 5706 Martii
1279 5650 1427 5706 edito
1444 5650 1509 5702 Α.
1528 5646 1685 5707 1684,

110 5716 161 5771 in
190 5734 293 5789 qua
326 5721 543 5775 tabulas
576 5719 866 5774 chronicas
898 5715 1476 5789 TheOphanis,saltem
1503 5719 1684 5786 quoad

110 5788 277 5843 amnes
322 5794 636 5861 seriemque
691 5790 1072 5861 episcoporum
1116 5788 1170 5841 in
1200 5791 1440 5861 quinque
1463 5789 1685 5842 sedibus

110 5859 558 5926 patriarchalibus
588 5860 759 5929 nulla
809 5859 916 5913 fide
969 5859 1164 5929 dignas
1205 5874 1329 5914 esse
1372 5860 1627 5913 observat
1668 5876 1682 5912 :

111 5945 132 5981 ι
166 5930 619 6003 ChronOgraphia
652 5928 1022 6000 TheOphanis,
1040 5928 1252 6001 inquit,
1283 5930 1500 6000 qualem
1535 5945 1682 5986 nunc

196 6029 269 6089 (ο)
299 6030 544 6095 Integram
568 6031 742 6083 damus
765 6028 823 6083 ad
849 6029 1035 6078 calcem
1061 6027 1204 6089 hujus
1232 6018 1517 6076 voluminis.

1080 4300 1093 4640 |

190 4385 230 4433 ΞΤ

179 4439 213 4467 .3

187 4496 231 4555 ἃς

188 4557 231 4598 ἐκ

160 4362 172 4638 i

238 4382 249 4639 ι

1294 4440 1303 4629 |

1790 3357 1939 3427 iiegii
1998 3360 2225 3425 scilicet,
2266 3357 2593 3426 Peireziani,
2634 3357 2951 3427 Bai-berini,
3018 3359 3259 3417 Vaticani
3310 3374 3365 3418 ct

1784 3425 2038 3515 l’alatini,
2053 3432 2264 3488 duabus
2282 3439 2497 3487 constat
2515 3425 2780 3515 partibus,
2799 3425 3171 3515 quarumqua;
3184 3435 3365 3515 potior

1783 3505 1889 3579 est,
1914 3510 1976 3579 et_
1999 3516 2127 3558 vere
2152 3519 2339 3579 aurea,
2380 3503 2642 3573 omnique
2675 3503 2989 3579 acceptione
3016 3503 3363 3579 dignissima,

1784 3567 2095 3644 historiam
2124 3567 2346 3629 exhibet
2398 3589 2493 3644 per
2535 3567 2709 3629 annos
2745 3567 3046 3642 digestum;
3076 3567 3245 3635 altera
3274 3575 3361 3630 vix

1783 3639 2037 3713 plumbea
2072 3644 2181 3699 dici
2211 3639 2470 3707 meretur,
2502 3639 2862 3713 consistitque
2887 3645 2936 3697 in
2974 3645 3170 3699 tabulis
3204 3646 3365 3702 chro—

1784 3711 2055 3786 nologicis
2082 3714 2348 3785 (Canonia
2408 3724 2565 3770 vocat
2607 3711 3000 3786 Goarlquibus
3035 3731 3129 3783 per
3152 3716 3364 3771 loculos

1784 3780 1976 3854 divisis
2012 3780 2247 3854 primum
2280 3801 2458 3841 annus
2511 3786 2719 3851 mundi,
2755 3780 2883 3838 tum
2918 3780 3120 3854 Christi
3182 3788 3364 3841 incar-

1784 3853 1918 3920 nati,
1946 3853 2069 3910 dein
2114 3858 2460 3929 imperatoris
2504 3856 2761 3923 Romani,
2789 3853 3034 3925 proxinie
3062 3857 3204 3929 regis
3234 3857 3361 3912 Per-

1784 3939 1989 3995 sarum,
2046 3939 2139 3982 ant
2189 3927 2346 3982 ducis
2391 3929 2655 3993 Arabum,
2687 3943 2869 3982 rerum
2924 3938 3046 3995 post
3074 3927 3270 3983 Persas
3307 3929 3361 3983 iu

1783 3993 2073 4069 Palaestina
2111 4000 2439 4069 potentium,
2478 3999 2716 4069 denique
2760 4014 2823 4053 ex
2862 3993 3073 4062 ordine,
3122 4000 3364 4068 quinque

1782 4068 2163 4139 episcoporum
2197 4072 2592 4139 prmeipuorum
2623 4068 2717 4125 Seu
2752 4068 3187 4139 patriarcharum
3208 4109 3222 4133 ,
3252 4070 3365 4124 Ro-

1783 4141 1949 4206 mani,
1981 4138 2576 4209 Constaritinopblitnni,
2602 4138 3071 4211 IIierOsolymitani
3092 4182 3105 4205 ,
3131 4140 3363 4195 Nexari-

1783 4210 1928 4266 ιιι·ίηὶ
1971 4225 2020 4268 et
2057 4215 2372 4269 Antiocheni
2404 4213 2537 4269 ordo
2566 4222 2622 4267 et
2656 4214 2785 4267 anni
2842 4210 3218 4266 Continentur.
3256 4212 3362 4266 Ta-

1784 4280 2133 4341 bulasautem
2161 4288 2288 4340 istas
2311 4301 2503 4355 magna
2529 4300 2651 4339 cum
2680 4284 2997 4355 diversitate
3017 4298 3124 4337 non
3153 4292 3362 4355 tantum

1782 4357 2032 4424 praefixas
2074 4357 2234 4411 annis
2278 4373 2383 4410 non
2407 4353 2559 4421 suis,
2594 4355 2712 4427 sed_
2739 4354 2904 4427 etiam
2943 4353 3366 4427 tuendosissitne

1783 4431 2126 4497 conscriptas
2156 4443 2300 4493 esse,
2332 4436 2385 4482 et
2417 4428 2671 4497 plurimis
2703 4425 2857 4480 hiare
2892 4425 3105 4488 loculis,
3140 4438 3204 4497 ac
3237 4425 3365 4497 por-

1786 4495 2021 4569 tentosis
2050 4514 2279 4569 prorsus
2324 4495 2591 4552 annorum
2617 4536 2632 4563 ,
2672 4497 2972 4569 praesertim
3022 4495 3365 4569 patriarcha-

1784 4568 1919 4624 lium
1978 4565 2461 4641 supputationibus
2516 4565 2746 4641 scatere,
2780 4583 2902 4621 cum
2949 4566 3179 4641 ipsemet
3220 4565 3364 4621 Goar

1715 4653 1757 4708 Β
1790 4636 2427 4710 εκιιοεριιίΐειιείιιυτψιθ
2459 4659 2472 4695 :
2506 4639 2704 4694 mirum
2739 4650 2842 4702 est,
2872 4636 2989 4710 aut,
3014 4636 3360 4710 ipsumtaut,

1787 4706 1877 4781 qui
1914 4714 2153 4769 defuncti
2194 4706 2389 4767 Goaris
2422 4711 2657 4765 laborem
2686 4709 2955 4781 eduxitgin
2981 4706 3364 4781 lucem,§om-

1786 4779 2033 4839 beiisium
2065 4785 2307 4855 potuisse
2343 4782 2444 4855 sibi
2481 4780 2919 4852 persuader’e,ab
2939 4788 3160 4833 auctore
3190 4779 3365 4855 'i‘heo-

1785 4855 1968 4926 phane
2000 4852 2121 4911 esse
2152 4873 2166 4909 :
2192 4854 2288 4924 qui
2326 4854 2603 4926 variorum
2651 4860 2939 4906 auctorum
2984 4852 3285 4926 sententias
3311 4858 3365 4904 et

1787 4922 2052 4981 humeros
2091 4922 2317 4981 secutus
2350 4925 2420 4979 sit
2448 4923 2651 4989 varios,
2676 4937 2925 4992 opusque
2962 4922 3239 4989 preprium
3273 4936 3366 4974 ur-

1788 5008 1947 5070 gente
2005 4996 2401 5070 persecutionis
2456 4996 2779 5070 necessitate
2834 5007 2941 5045 non
3008 4998 3364 5070 t‘cccttsuerit,

1790 5066 2126 5138 probumque
2175 5067 2391 5138 exigere
2433 5081 2463 5119 a
2501 5066 2705 5119 lectore
2752 5078 2868 5138 sug
2897 5066 3087 5138 possit,
3136 5072 3218 5128 ut,
3270 5067 3361 5131 qui

1787 5131 2171 5193 dormitantem
2209 5131 2502 5191 Homerum
2548 5138 2773 5204 patitur,
2810 5131 3197 5201 Theophanem
3228 5148 3366 5202 quo-

1788 5225 1896 5281 que
1957 5211 2171 5279 lapsum
2222 5209 2396 5281 erigat
2449 5207 2792 5281 corrigatque
2844 5221 2858 5258 :
2921 5218 3045 5258 cum
3103 5204 3360 5281 nimirum

1788 5274 2145 5336 succedentes
2180 5290 2234 5334 et
2262 5274 2329 5331 ad
2365 5274 2966 5332 invicem‘cohaareutes
3009 5288 3268 5328 numeros
3308 5274 3363 5327 in

1789 5354 2073 5421 sequiores
2119 5348 2426 5421 transponit
2470 5363 2676 5421 annos,
2703 5346 3005 5421 _seu_etiam
3039 5346 3365 5421 cpnjunctos

1789 5413 1961 5478 annos
1987 5424 2041 5477 in
2074 5413 2526 5477 dissita'canonia
2567 5413 2864 5473 desultorie
2897 5413 3157 5469 transfert
3207 5431 3221 5468 :
3269 5426 3366 5469 aut

1786 5496 1960 5550 eidem
1986 5495 2103 5548 viro
2131 5508 2275 5546 nunc
2292 5491 2595 5561 pauciores,
2616 5504 2740 5561 mox
2758 5488 2941 5557 plures
2958 5486 3188 5561 diversis
3200 5500 3365 5540 cano-

1788 5566 1898 5621 niis
1916 5565 2160 5634 assignat
2199 5555 2373 5617 annos
2397 5580 2410 5615 :
2430 5560 2513 5615 vel
2533 5575 2657 5613 cum
2678 5555 2923 5634 ejusdem
2949 5555 3050 5610 viri
3083 5562 3364 5625 pauciores

1787 5635 1940 5698 anni,
1973 5633 2129 5705 plum
2177 5640 2473 5705 occurrant
2520 5633 2754 5705 canonia
2785 5647 2800 5705 :_
2834 5638 2953 5703 autg
2976 5643 3100 5705 cum
3148 5641 3365 5705 summa

1786 5699 2053 5780 quaepiam
2077 5708 2254 5761 anatis
2278 5704 2513 5780 mquales
2537 5702 2745 5780 locuios
2761 5701 2874 5779 sive
2890 5699 3366 5768 canoniaquihus-

1787 5771 2167 5835 dam—omissis
2192 5792 2296 5831 non
2330 5771 2538 5845 accepit
2564 5790 2577 5827 :
2601 5771 2685 5845 vel
2712 5771 2948 5845 denique
2980 5783 3105 5821 cum
3138 5782 3364 5822 numero

1784 5849 2029 5924 ejusdem
2088 5850 2215 5904 anni
2254 5838 2503 5917 repetito,
2542 5841 2794 5899 confusio
2843 5838 3076 5896 infertur
3100 5852 3212 5895 non
3252 5852 3366 5890 utc-

1784 5923 2014 5981 diocris.
2051 5939 2070 5973 ι
