3978 6316
551 334 617 397 15
1598 332 1716 392 FR.
1753 326 2187 390 COMBEFISII
2245 326 2661 388 PRrEFATIO.
3728 319 3807 383 16

544 448 772 508 cedonio
807 443 1154 517 praesulibus,
1179 456 1299 513 qum
1326 442 1447 500 loco
1474 444 1694 513 prOprio
1724 453 2048 499 revocantur
2087 445 2140 497 in
2166 443 2515 497 concordiam
2554 461 2565 496 :
2601 455 2788 494 verum
2817 440 2910 510 qui
2936 438 3320 493 dormitantem
3352 437 3555 509 patitur
3586 436 3810 493 Home-

542 552 686 601 rum,
724 533 1107 603 Theophanem
1140 530 1347 600 lapsum
1396 544 1507 584 non
1540 531 1729 600 eriget,
1762 541 1854 585 aut
1883 533 2004 601 ejus
2039 546 2282 586 errorem
2331 531 2385 585 in
2421 531 2541 584 aliis
2571 544 2675 584 non
2717 528 3185 598 corriget
3217 526 3663 581 Emendationem
3702 544 3816 582 su-

542 632 692 695 perat
723 636 937 677 omnem
961 620 1326 673 Romanorum
1357 618 1738 688 episcoporum
1766 634 1962 675 nomen
1991 619 2332 689 frequentius
2378 619 2665 679 omissuro,
2696 627 2749 670 et
2787 627 2919 670 actas
2964 631 2991 670 a
3044 630 3168 685 pag.
3193 614 3298 669 208
3326 614 3535 669 auctori
3579 615 3821 683 penitus

542 717 748 784 ignota.
787 710 867 765 l9.
912 706 1255 762 Alexandriae
1301 707 1549 776 quamvis
1616 715 1670 759 et
1723 708 2023 762 Antiochiae
2071 708 2388 777 pontilicum
2440 720 2659 767 nomen,
2712 716 3035 773 aetatemque
3107 704 3159 755 in
3231 702 3498 757 haereseos
3547 702 3825 757 admissa:

542 804 726 856 odium
778 808 831 853 et
876 799 1181 861 horrorem,
1217 804 1339 865 post
1368 796 1608 850 historiae
1656 794 1973 848 umbilicum
2025 794 2093 848 ab
2142 810 2207 849 eo
2256 795 2528 864 prieterita
2581 792 2909 847 existimem.
2942 791 3034 847 20.
3098 790 3357 845 Errorum
3418 805 3551 845 sane
3604 790 3819 860 hujus-

544 890 708 951 modi,
764 888 809 942 si
860 900 1083 942 causam
1113 886 1339 948 diceret,
1364 898 1471 937 non
1525 884 1705 947 aliam,
1736 896 1822 936 me
1849 884 2179 952 conjectare,
2216 896 2377 950 quam
2421 883 2693 935 variorum
2722 888 3006 933 auctorum
3040 878 3387 943 sententiam,
3434 892 3825 949 numerosque

544 975 723 1030 Varios
783 984 1049 1037 secutum,
1086 986 1331 1042 opusque
1392 970 1692 1040 proprium,
1743 980 1973 1039 urgente
2018 969 2411 1039 persecutionis
2441 971 2793 1033 necessitate,
2824 982 2930 1021 non
2970 967 3336 1030 recensuisse,
3370 965 3658 1037 proferret.

617 1062 905 1117 Beatitatis
931 1075 1198 1131 possessas
1232 1059 1474 1122 titulum,
1508 1059 1796 1128 sanctique
1832 1073 2029 1112 nomen
2091 1057 2273 1126 operis
2313 1057 2543 1127 hujusce
2576 1055 2765 1110 titulus
2796 1071 2826 1109 a
2870 1071 2976 1121 me,
3016 1055 3209 1119 fateor,
3239 1055 3404 1109 verbo
3453 1054 3571 1109 solo
3598 1054 3820 1108 irntnth

546 1164 694 1208 tatus
733 1151 946 1205 auctori
986 1147 1304 1219 Theophani
1336 1147 1586 1202 ascribit.
1618 1146 1724 1201 Sed
1766 1162 1865 1201 nec
1899 1147 2217 1201 mutationis
2253 1145 2487 1201 inductae
2516 1145 2780 1214 poenitet:
2816 1159 2979 1214 quem
3038 1143 3239 1197 ctenim
3286 1143 3555 1219 virtutum
3594 1140 3829 1197 facino~

545 1241 699 1295 ribus
732 1237 1028 1309 prmclaris,
1069 1235 1381 1305 dillicilique
1410 1245 1463 1289 et
1492 1234 1691 1304 insigni
1725 1234 1845 1288 fidei
1898 1235 2215 1289 testimonio
2261 1234 2631 1305 perfunctum,
2670 1244 2725 1287 et
2764 1246 2985 1288 Sanctos
3053 1233 3194 1286 inter
3232 1232 3501 1287 adlectum
3558 1231 3824 1287 coalitum

547 1328 869 1389 honoribus,
907 1339 1054 1379 anno
1099 1336 1318 1394 quoque
1362 1322 1643 1385 redeunte,
1691 1323 1976 1377 orientalis
2028 1322 2271 1377 Ecclesia
2317 1320 2558 1375 celebrat
2597 1363 2611 1387 ,
2648 1322 2794 1376 hunc
2850 1335 2969 1391 ego,
3006 1319 3223 1389 juratus
3271 1319 3624 1390 quantumvis
3670 1330 3827 1374 mss.

545 1416 667 1485 ejus
689 1414 1083 1483 exemplarium
1132 1420 1334 1480 septem
1370 1419 1605 1465 sectator
1650 1410 1891 1476 futurus,
1927 1421 1979 1465 et
2015 1427 2112 1466 exc

2257 1426 2269 1463 Γ
2307 1410 2514 1474 ﬁdelis;
2547 1408 2755 1477 ahjeCIa
2786 1410 3090 1476 Θεοφάνους
3138 1407 3492 1477 ἁμαρτωλοῦ,
3527 1415 3688 1478 prout
3718 1408 3828 1461 illa

553 1504 706 1557 nullo
755 1517 878 1555 eum
939 1500 1261 1553 discrimine
1298 1496 1605 1567 proferunt,
1646 1498 2026 1568 appellatione,
2064 1496 2462 1565 indigitandum
2516 1497 2647 1550 mihi
2682 1511 3028 1566 nequaquam
3064 1496 3210 1565 potui
3271 1496 3621 1566 persuadere.
3651 1494 3827 1562 Quod

551 1592 653 1646 sibi
698 1602 887 1644 mutuo
918 1588 1169 1643 monachi
1235 1588 1553 1652 orientales,
1588 1587 1911 1657 Theophani
1962 1588 2228 1642 monacho
2270 1586 2517 1655 prastiti.
2564 1586 2638 1638 llli
2693 1584 3052 1654 ἁμαρτωλοὺς
3088 1584 3360 1653 privatim,
3411 1599 3476 1639 ac
3506 1585 3709 1654 passim
3759 1599 3830 1639 se

550 1681 753 1750 quique
786 1677 1035 1747 professi,
1065 1676 1254 1745 ἁγίους
1278 1675 1509 1730 invicem
1539 1690 1597 1729 se
1621 1676 1857 1729 salutant
1886 1693 1898 1729 :
1927 1676 2003 1730 ita
2028 1686 2107 1730 est
2132 1683 2184 1730 et
2210 1674 2339 1727 mihi
2368 1691 2383 1739 ;
2420 1690 2541 1745 quae
2595 1674 2902 1743 Θεοφάνους
2932 1689 3070 1744 opus
3102 1677 3204 1728 hoc
3230 1681 3501 1727 testantur
3531 1672 3832 1741 exempla-

552 1769 655 1830 ria,
684 1764 1011 1835 ἁμαρτωλοῦ
1043 1764 1250 1833 pariter
1288 1776 1560 1818 asserunt.
1604 1761 1744 1828 Quid
1778 1772 1890 1817 tum
1921 1764 1945 1817 ?
1990 1778 2153 1833 quem
2182 1761 2427 1820 Ecclesia
2460 1774 2709 1819 sanctum
2737 1763 2889 1829 colit,
2938 1765 3098 1831 cujus
3134 1763 3274 1817 coelo
3312 1773 3366 1816 et
3396 1761 3833 1817 immortalitate

548 1855 745 1925 dignas
773 1854 1019 1908 actiones
1056 1854 1194 1922 lego,
1251 1851 1436 1915 laudo,
1469 1850 1649 1906 refero
1690 1852 1757 1907 ad
1787 1853 1907 1923 ejus
1944 1854 2130 1923 operis
2162 1854 2351 1919 limen,
2402 1851 2655 1907 eumdem
2693 1867 2793 1923 ego
2827 1867 2955 1921 erga
3015 1852 3316 1905 litterulam
3342 1850 3656 1921 religiosus,
3686 1865 3834 1921 erga

549 1942 764 1998 caelites
793 1941 1119 2011 iniuriosus,
1157 1940 1301 1994 inter
1327 1938 1583 1994 Ecclesiae
1624 1939 1814 1995 Patres
1846 1939 2000 2008 ἅγιον
2028 1942 2072 1996 si
2112 1942 2339 1997 minime
2374 1941 2775 1995 recensuissem
2798 1991 2814 2020 ,
2849 1955 2916 1994 ne
2950 1939 3249 2009 impietatis
3297 1954 3628 2007 arcesseres,
3655 1938 3836 1997 Chri-

551 2031 728 2087 stiane
750 2031 941 2095 lector,
982 2030 1229 2084 verebar.
1268 2027 1567 2083 Verborum
1602 2030 1767 2097 igitur
1802 2030 2071 2098 ipsorum,
2101 2030 2122 2083 ε

2263 2032 2409 2094 'zvou;
2440 2028 2769 2100 ἁμαρτω).οῦ
2808 2029 2948 2095 vice,
2983 2026 3080 2080 τοῦ
3110 2028 3170 2081 ιν
3206 2027 3387 2096 ἁγίθις
3410 2026 3621 2099 Harpe;
3654 2026 3834 2096 ἡμῶν

550 2120 995 2177 substituendum
1030 2129 1183 2175 ratus
1216 2136 1356 2174 sum.
1391 2117 1492 2174 Ms.
1519 2118 1690 2174 codex
1709 2134 1774 2174 ex
1800 2135 1908 2189 quo
1938 2119 2171 2190 reliqua,
2191 2121 2339 2173 nulla
2373 2120 2678 2173 mulatione
2705 2117 2947 2183 inducta,
2976 2118 3278 2186 desumpsl,
3301 2117 3484 2187 regius
3512 2125 3617 2183 est,
3647 2124 3834 2169 manu

554 2207 697 2265 ﬁdeli
745 2196 977 2279 antiqua
1021 2217 1076 2265 et
1117 2208 1341 2279 probata
1373 2216 1655 2273 esm'atus,
1695 2217 1750 2263 et
1783 2210 1848 2263 ad
1880 2208 2081 2264 Leonis
2109 2208 2489 2275 Graminatici,
2526 2208 2617 2275 qui
2640 2205 3029 2275 Theophanem
3057 2205 3328 2275 sequitur,
3363 2215 3421 2259 ut
3452 2202 3836 2273 Theophanes

554 2294 845 2369 Georgium
890 2298 1205 2371 Syncellum
1250 2298 1474 2369 excipit,
1501 2299 1967 2368 comparationem
1998 2299 2281 2369 inspectus
2304 2311 2370 2351 ex
2399 2294 2755 2349 amanuensis
2786 2292 3129 2357 testimonio,
3162 2304 3289 2349 ante
3316 2308 3491 2347 annos
3530 2299 3839 2346 sexcentos

555 2392 611 2438 et
645 2387 883 2456 amplius
915 2389 1220 2457 descriptus
1248 2386 1581 2457 agnoscitur.
1612 2387 1819 2441 Asserti
1865 2386 2028 2456 hujus
2057 2392 2382 2458 argumenta
2413 2383 2741 2454 protulimus
2773 2382 2840 2437 ad
2868 2379 3089 2451 Georgii
3128 2381 3366 2454 Syueelti
3414 2380 3833 2453 praefationem-

603 2544 3101 2568 Ἥρα-Μ

1488 2685 2129 2783 CANDIDO
2279 2686 2879 2780 LECTORI

1696 2872 1759 2929 F.
1802 2862 2273 2931 FRANCISCUS
2312 2866 2689 2929 COMBEFIS

1196 3025 1446 3073 0RDINIS
1508 3024 1600 3070 FF.
1651 3023 2148 3071 PREDICATORUM
2201 3023 2735 3068 CONGREGATIGNIS
2774 3023 2824 3068 S.
2870 3022 3186 3069 LUDOVICI.

639 3300 721 3353 En
754 3300 848 3353 tibi
872 3300 965 3352 diu
997 3308 1353 3365 exspectatum
1390 3300 1487 3353 viri
1521 3301 1873 3365 sanctissimi,
1903 3312 1994 3354 nec
2026 3301 2258 3370 ἀσκήσει
2293 3298 2469 3352 minus
2510 3312 2570 3349 ac
2598 3296 2951 3366 confusione,
2986 3306 3143 3364 quant
3176 3289 3442 3349 scribendi
3467 3297 3736 3354 industria
3771 3318 3843 3355 ac

566 3389 745 3443 labore
788 3387 1045 3451 illustris,
1088 3383 1419 3456 Theophanis
1460 3387 1968 3459 chronogmphicum
2018 3404 2171 3458 opus,
2203 3402 2264 3441 ac
2306 3386 2632 3448 historiam;
2670 3390 2726 3436 ut
2768 3383 2918 3452 cujus
2956 3384 3263 3437 summariis
3312 3379 3511 3439 Graecis
3540 3387 3743 3455 pariter
3770 3407 3844 3444 ac

562 3475 778 3531 Latinis
808 3476 1063 3529 hactenus
1093 3474 1378 3546 fruebaris,
1431 3477 1547 3544 ipso
1577 3491 1717 3529 nunc
1745 3477 1923 3546 pleno,
1961 3489 2023 3530 ac
2052 3478 2206 3548 quale
2241 3480 2317 3532 vel
2354 3476 2463 3545 ipse
2500 3476 2688 3539 edidit,
2721 3474 2796 3529 vel
2834 3474 2901 3528 ad
2934 3490 3027 3527 nos
3062 3475 3305 3527 codicum
3344 3491 3444 3528 non
3483 3491 3649 3543 parva
3686 3495 3841 3549 seges

569 3565 891 3631 transmisit,
921 3564 1283 3619 abundantius
1302 3563 1599 3621 delecteris.
1622 3564 1689 3618 Et
1713 3582 1775 3619 ea
1810 3563 2140 3635 TheOphanis
2172 3584 2273 3620 non
2306 3566 2527 3619 minima
2558 3564 2853 3634 laus,quod
2882 3564 2995 3633 ejus
3029 3566 3183 3617 toties
3208 3564 3471 3633 descripta
3500 3565 3837 3633 lucubratio,

565 3655 684 3722 ipsa
723 3652 981 3706 brevitate
1020 3668 1141 3705 cum
1183 3652 1304 3719 pari
1333 3651 1707 3721 perspicuitate
1746 3654 1992 3708 lectorem
2035 3671 2296 3716 recreans,
2319 3653 2734 3721 immensumque
2770 3652 3116 3704 historiarum
3150 3666 3327 3721 azquor
3353 3652 3494 3704 haud
3528 3652 3605 3705 ita
3646 3654 3839 3708 multis

566 3739 806 3793 versibus
854 3748 1237 3807 repraesentans
1272 3753 1290 3792 :
1338 3740 1477 3808 quod
1510 3740 1634 3791 item
1665 3740 1710 3793 si
1760 3741 1850 3810 qui
1886 3741 1995 3810 fere
2024 3740 2191 3795 (ἕνωεὶ
2228 3741 2509 3813 Latinique
2556 3752 2671 3812 post
2702 3758 2819 3796 eum
2860 3758 2919 3794 eo
2953 3742 3088 3795 velut
3126 3742 3425 3794 charactere
3460 3743 3732 3811 scripsere,
3770 3760 3842 3797 ac

567 3826 913 3881 historiarum
969 3827 1232 3883 breviaria
1282 3827 1506 3897 posteris
1537 3827 1813 3897 reliquere,
1860 3829 2034 3899 quoad
2065 3829 2161 3883 illa
2191 3830 2503 3902 porrigitur,
2538 3848 2641 3884 non
2672 3842 2782 3885 tam
2821 3845 2973 3882 suum
3017 3830 3221 3899 aliquid
3258 3829 3628 3900 produxerim,
3666 3847 3841 3901 quam

567 3914 864 3970 subiectum
896 3908 1281 3985 Theophanem,
1312 3916 1468 3985 inque
1500 3914 1728 3984 majores
1760 3927 2001 3971 coactum
2033 3919 2334 3989 angustias,
2356 3919 2653 3989 suppressis
2687 3934 2790 3972 non
2822 3920 3028 3987 paucis,
3057 3919 3225 3987 iisque
3257 3917 3471 3971 minime
3501 3918 3837 3986 spernendis,

571 4000 679 4057 alio
706 4003 783 4056 t'el
812 4001 1084 4069 idiomate,
1116 4002 1195 4057 vel
1218 4002 1357 4073 stglo
1385 4002 1622 4056 nonnihil
1653 4004 1858 4073 puriort'
1898 4006 2243 4063 reddiderint.

640 4080 719 4145 De
780 4090 1112 4161 Theophane,
1161 4091 1377 4161 ejusque
1448 4091 1743 4157 natalibus,
1810 4108 1874 4146 ac
1935 4094 2057 4148 viti!
2115 4100 2228 4150 tota
2280 4096 2644 4162 institutione,
2701 4112 2901 4149 necnon
2962 4095 3025 4149 de
3074 4097 3218 4151 illius
3272 4112 3423 4167 opere
3481 4096 3599 4162 hoc,
3670 4112 3735 4157 ac
3779 4097 3839 4151 ti

573 4179 763 4233 cowvis
796 4178 922 4232 aliis
955 4178 1187 4248 ejusdem
1212 4180 1465 4243 nominis,
1498 4190 1559 4234 ac
1589 4181 1823 4234 instituti
1852 4197 1873 4247 ;
1915 4189 2105 4246 praeter
2136 4193 2475 4238 monumenta
2506 4183 2605 4254 ipsi
2631 4182 2752 4238 libri
2786 4185 2952 4255 fronti
2980 4185 3226 4255 praefixa,
3268 4185 3453 4239 multis
3484 4186 3615 4241 satis
3658 4183 3725 4240 Β.
3764 4173 3835 4240 Ρ.

573 4258 809 4321 Iacobus
838 4263 985 4320 ϐοάν
1017 4268 1045 4319 ὁ
1100 4268 1436 4338 μακαρίτης,
1470 4269 1583 4338 ipso
1613 4270 1793 4323 statim
1834 4269 2015 4323 limine
2038 4279 2223 4324 earum
2252 4270 2540 4338 Natarum,
2575 4289 2706 4343 quas
2742 4273 2889 4326 illius
2908 4272 3222 4349 Iposthumas
3250 4274 3504 4343 produxi.
3535 4271 3660 4326 Iam
3691 4272 3837 4326 enim

576 4349 910 4426 Theophanis
948 4367 1057 4412 toto
1084 4356 1196 4426 ipso
1227 4368 1396 4425 textu,
1428 4361 1658 4429 adeoque
1688 4371 1734 4415 et
1762 4358 1950 4414 Leonis
1978 4359 2347 4423 Grammatici,
2390 4361 2617 4431 exceptis
2645 4360 2873 4430 fortasse
2908 4361 3151 4429 pauculis
3183 4360 3349 4429 foliis,
3386 4362 3520 4431 typis
3556 4358 3834 4425 mandato,

570 4445 814 4515 notisque
839 4445 906 4497 ad
943 4444 1307 4514 Theophanem
1338 4448 1601 4501 duntaxat
1635 4449 1871 4519 digestis,
1909 4449 2034 4501 dum
2081 4448 2484 4513 absolutionem,
2524 4448 2831 4520 majoraque
2859 4449 2970 4502 alia
3010 4452 3089 4503 vir
3114 4450 3323 4517 pietati,
3365 4449 3579 4512 litteris,
3612 4446 3836 4503 Grtct'ite

574 4541 735 4586 natus
770 4536 969 4602 regnat
1001 4551 1021 4598 ;
1051 4537 1172 4587 inea:
1201 4533 1310 4603 fere
1351 4533 1675 4589 sanctissimi
1690 4532 2116 4589 Prcedicatorum
2143 4538 2397 4592 antistitis
2429 4537 2698 4591 Dominici
2727 4538 2795 4590 ad
2818 4536 3002 4591 Nonas
3028 4538 3254 4608 Augusti
3279 4539 3404 4591 anni
3438 4536 3580 4592 1655
3613 4535 3836 4607 expletis

576 4616 751 4689 feriis,
788 4621 962 4692 gravis
998 4634 1218 4675 accensa
1243 4621 1344 4675 bile
1384 4622 1597 4676 morbus
1624 4623 1829 4678 invadit
1860 4666 1873 4686 ,
1913 4641 1974 4678 ac
2007 4622 2074 4678 ad
2116 4625 2470 4698 Septembrem
2487 4626 2606 4697 jam
2634 4640 2920 4699 vergentem
2967 4630 3109 4682 varie
3147 4630 3499 4695 discrucians,
3530 4646 3592 4683 ac
3613 4646 3839 4699 corpus-

576 4710 756 4764 culum
789 4710 1047 4775 deterens,
1075 4710 1138 4763 de
1170 4710 1347 4781 patria
1404 4710 1560 4781 alque
1587 4714 1734 4766 exitu
1756 4713 2044 4767 sollicitum
2074 4716 2204 4785 facit
2228 4734 2247 4781 ;
2267 4717 2477 4786 quando
2503 4727 2552 4770 et
2587 4717 2667 4785 pie
2697 4718 2835 4773 inter
2861 4717 3089 4787 fratrum
3119 4735 3307 4771 manus
3331 4719 3479 4788 (quin
3510 4728 3559 4774 et
3575 4719 3837 4789 ﬁliorum,

574 4796 819 4852 sodalitii
880 4799 1044 4853 totius
1085 4800 1194 4852 vice
1239 4800 1484 4869 magistri
1538 4800 1763 4864 ordinis,
1806 4811 1863 4854 ut
1910 4809 2118 4870 vocant,
2159 4821 2350 4873 prteses
2389 4806 2667 4875 exsistam)
2716 4806 2854 4859 dicm
2910 4808 3038 4861 obit.
3097 4807 3293 4862 Statim
3349 4810 3524 4879 itaque
3568 4815 3843 4878 appetente

576 4886 957 4952 invaletudine,
990 4895 1047 4941 ut
1081 4888 1215 4941 nihil
1246 4904 1309 4942 ea
1346 4891 1461 4959 ipso
1486 4889 1703 4943 exordio
1733 4890 1913 4943 mitior
1939 4890 2059 4958 fuit,
2085 4903 2141 4944 ut
2174 4893 2312 4962 quod
2339 4904 2627 4962 superesset
2655 4891 2956 4962 Theophani
2982 4905 3288 4964 prtestarem
3320 4913 3414 4965 pro
3456 4898 3672 4967 antiquo
3700 4897 3844 4950 ami-

576 4977 723 5030 citia:
744 4978 888 5046 jure,
925 4989 985 5028 ac
1016 4973 1377 5032 communibus
1413 4980 1604 5033 studiis
1644 4981 1803 5033 etiam
1835 4981 2096 5050 etiamque
2133 4979 2358 5049 rogavit.
2390 4980 2603 5046 Annui;
2655 4996 2747 5033 nec
2770 4982 2910 5034 enim
2942 4979 3018 5035 vel
3047 4983 3215 5035 amico
3243 4982 3467 5053 aliquid,
3502 4991 3593 5036 aut
3625 4998 3729 5035 rem
3758 4985 3844 5039 sic

572 5064 804 5134 justam,
836 5081 964 5134 eque
989 5082 1041 5120 re
1064 5067 1330 5120 communi
1366 5084 1555 5136 negare
1576 5069 1743 5135 potui.
1790 5066 1965 5121 Notas
1995 5071 2171 5137 itaque
2199 5068 2378 5138 quales
2410 5067 2608 5122 relicta:
2652 5080 2826 5135 erant,
2853 5070 2996 5139 prelo
3026 5070 3226 5139 subjcci
3246 5111 3262 5136 ,
3297 5086 3360 5123 ac
3397 5083 3555 5140 quam
3582 5074 3750 5141 potui,
3776 5084 3840 5126 ut

585 5154 862 5206 emendate
894 5152 1172 5221 prodeant,
1210 5156 1411 5209 curavi.
1459 5154 1699 5209 Iudicem
1738 5158 2195 5225 copiosissimum,
2227 5158 2363 5227 quod
2393 5159 2467 5211 ita
2513 5159 2850 5213 commodum
2882 5156 3146 5215 videretur
3178 5161 3641 5231 chronographicce
3672 5169 3839 5216 tantm

575 5241 863 5305 molitioni,
893 5240 1085 5309 adjeci,
1121 5252 1389 5312 totumque
1416 5243 1547 5296 adeo
1574 5242 1896 5312 Theophanis
1924 5248 2094 5307 ipsum
2135 5255 2352 5311 textum,
2393 5262 2454 5298 ac
2478 5244 2664 5300 Leonis
2696 5246 3048 5302 Grammatici
3069 5290 3085 5314 ,
3128 5250 3512 5319 versionemque
3545 5266 3837 5314 recensens,

571 5342 927 5383 occurrerunt
976 5331 1165 5398 multa,
1208 5347 1326 5400 qua:
1369 5333 1625 5385 secundas
1678 5350 1831 5387 curas
1882 5338 1955 5387 sic
2008 5336 2175 5403 spisso
2227 5350 2374 5400 opere
2403 5334 2701 5389 viderentur
2729 5336 3048 5390 desiderare.
3086 5328 3151 5391 in
3194 5355 3309 5392 eam
3356 5355 3463 5392 rem
3493 5340 3657 5409 igitur
3686 5347 3842 5394 notas

575 5418 917 5486 posteriores.
956 5435 1021 5472 ac
1066 5421 1452 5474 emendationes
1498 5423 1742 5487 strictim,
1780 5438 2005 5491 peneque
2028 5423 2355 5492 defunctorie
2393 5422 2743 5476 instituendas
2770 5426 2971 5493 putaui,
3005 5434 3063 5478 ut
3090 5426 3146 5480 id
3188 5426 3295 5495 fere
3325 5436 3633 5496 prestarem
3682 5424 3840 5481 Patri

576 5503 724 5559 ϐοιω-
749 5507 804 5559 in
843 5503 1179 5576 Theophane,
1208 5511 1349 5579 quod
1379 5510 1471 5564 ille
1496 5509 1776 5581 Xglandro
1799 5514 1852 5564 in
1881 5512 2059 5582 Regia
2083 5511 2330 5565 editionis
2362 5511 2615 5565 Cedreno.
2662 5511 2773 5565 Nec
2802 5515 2941 5567 enim
2970 5515 3109 5585 quod
3137 5513 3378 5569 Gretsero
3411 5517 3466 5569 in
3500 5514 3725 5580 Codino,
3749 5516 3840 5572 ubi

570 5610 679 5649 non
732 5593 1115 5664 defunctorius,
1143 5598 1248 5665 ,sed
1286 5600 1442 5666 plane
1490 5600 1750 5668 exquisito
1784 5614 1952 5667 opere,
1986 5599 2049 5651 de
2084 5600 2271 5653 tirwca
2297 5600 2552 5669 sequioris
2583 5602 2876 5667 praesertim
2916 5604 3173 5673 mediique
3216 5606 3310 5659 arvi
3345 5604 3670 5669 litteratura,
3699 5603 3838 5659 idem

575 5682 792 5736 laudem
820 5683 995 5736 habet.
1030 5682 1251 5737 Interim
1293 5688 1514 5756 angebat
1547 5690 1802 5749 animum,
1850 5690 1985 5757 quod
2028 5686 2269 5743 Crwcum
2296 5688 2565 5755 exemplar
2589 5687 2943 5744 Laudationis
3002 5692 3329 5762 Theophanis
3363 5710 3619 5764 nusquam
3650 5709 3834 5746 occur-

567 5781 710 5824 reret
750 5786 769 5825 .'
806 5769 1132 5841 Lipomanus
1164 5773 1452 5842 duntaxat,
1482 5790 1646 5847 easque
1674 5793 1733 5830 eo
1758 5776 1951 5832 Surins
1977 5780 2045 5830 ad
2078 5776 2262 5831 Martii
2291 5776 2377 5844 12,
2412 5776 2660 5831 Latinam
2687 5791 3108 5849 repra’sentaret.
3144 5779 3326 5852 Ipsum
3366 5782 3505 5854 quod
3535 5783 3615 5836 ita
3650 5779 3835 5836 Latine
