4010 6314
503 413 571 476 1‘3
1770 403 2265 480 THEOPHANIS
2303 416 2507 479 VITA.
3713 410 3791 479 20

505 523 651 579 enim
688 520 1053 578 tentationum
1073 526 1208 577 aestu
1235 518 1636 591 laborantibus,
1652 523 2107 598 densissimisque

2233 527 2328 580 ιίου
2379 523 2712 599 διεκπερῶσι
2745 524 3038 591 θάλατταν,
3069 524 3162 579 καὶ⁵
3195 526 3330 598 πρὸς
3354 528 3481 591 τοὺς
3510 528 3791 599 ἀκύμονας

501 633 733 674 casuum
778 615 1113 671 dcemoniaca
1161 622 1297 682 arte,
1341 630 1404 671 ac
1439 615 1642 672 invidia
1684 632 1772 674 res
1822 619 2096 675 humanas

2233 620 2292 676 cii
2332 621 2619 692 μέλλοντος
2666 619 2862 683 αἰῶνος
2918 621 3311 692 ἐνορμισθῆναι
3364 621 3597 692 λιμένας
3651 641 3788 677 κατ-

501 711 891 783 cxeipientium
922 708 1160 766 tenebris
1181 709 1654 773 circumiusis,res
1680 726 1708 766 a
1734 713 1942 768 sanctis
1969 713 2099 767 viris

504 813 669 876 gesta:
710 803 813 860 sub
862 810 1140 874 aspectum
1184 802 1330 858 velut
1380 805 1606 874 posita,
1658 805 1949 876 splendore
1996 820 2100 862 suo

506 896 762 952 nebulam
795 911 916 953 eain
963 894 1266 952 discutiunt
1299 913 1315 964 ;
1357 896 1648 967 divinaque
1690 896 1938 955 doctrina
1972 914 2099 970 per-

506 990 884 1046 turbationum
928 987 1074 1046 ieros
1115 989 1394 1060 sopientes
1438 988 1657 1055 ﬂuctus,
1697 990 2100 1062 iucundissima

508 1083 739 1155 implent
764 1084 1214 1152 tranquillitate;
1265 1098 1329 1138 ac
1365 1083 1619 1153 pretiosis
1652 1083 1925 1141 mercibus
1961 1100 2101 1141 onu-

510 1188 627 1235 stos
663 1186 827 1249 atque
874 1178 1140 1239 lzetautes.
1193 1178 1259 1233 ad
1306 1187 1545 1249 optatam
1587 1176 1743 1233 facile
1794 1180 2105 1250 provehunt

514 1272 909 1327 hazreditatem.
940 1272 1094 1327 Alios
1120 1272 1286 1343 igitur
1308 1272 1430 1327 aliis
1453 1282 1679 1328 ornatos
1702 1272 1994 1330 virtutibus
2019 1274 2101 1329 in-

511 1367 700 1423 venies
736 1384 750 1422 :
790 1365 880 1421 hic
919 1365 1261 1421 abstinentia:
1294 1365 1528 1436 rigorem
1562 1363 1725 1422 rebus
1758 1366 1889 1436 ipsis
1924 1367 2103 1435 palam

2200 716 2586 787 επειγομένοις
2629 713 3051 786 ἐπισυμϐαίνειν
3087 714 3301 769 εἴωθεν.
3344 714 3634 788 Ἀφράστῳ
3679 717 3792 787 γὰρ
3847 762 3850 764 ν

2199 810 2309 863 τῶν
2363 805 2692 880 πειρασμῶν
2749 806 3243 878 καταντλουμένοις
3294 806 3547 871 κλύδωνι,
3578 807 3673 862 καὶ
3696 809 3793 882 βα-

2202 901 2418 973 θυτάτῳ
2462 900 2644 955 σκότει
2681 899 2791 953 τῶν
2845 898 3180 972 δαιμονικῶν
3213 901 3645 973 κατεσχημένοις
3688 919 3793 957 πε-

2205 995 2530 1068 ριστάσεων,
2556 994 2615 1047 αἱ
2641 992 2748 1046 τῶν
2777 992 3043 1062 θεοφιλῶν
3078 992 3290 1065 ἀνδρῶν
3323 993 3513 1065 ὥσπερ
3545 995 3638 1049 ὑπ’
3670 995 3794 1065 ὄψιν

2204 1089 2433 1160 πράξεις
2490 1086 2797 1159 τιθέμεναι,
2845 1089 2912 1158 τῇ
2972 1086 3071 1156 μὲν
3126 1086 3305 1159 οἰκείᾳ
3345 1087 3654 1161 λαμπηδόνι
3699 1089 3794 1144 τὸν

2205 1181 2430 1235 ἐκείνων
2459 1179 2649 1234 σκότον
2684 1176 3138 1243 ἀποσκεδάζουσι,
3173 1177 3546 1243 διδασκαλίαις
3580 1179 3637 1233 δέ
3671 1182 3794 1245 ταῖς

2207 1273 2585 1335 θεοπνεύστοις
2623 1269 2683 1324 τὸ
2709 1269 2816 1324 τῶν
2845 1270 3037 1325 παθῶν
3069 1271 3540 1342 καταστορέσασαι
3584 1272 3794 1326 κλυδώ-

2205 1382 2341 1432 νιον,
2373 1365 2597 1434 ἡδίστης
2654 1360 2896 1432 γαλήνης
2948 1362 3446 1435 κατεμπιμπλῶσι,
3500 1365 3592 1418 καὶ
3654 1364 3796 1435 πρὸς

515 1455 646 1515 facit
677 1475 693 1513 :
731 1458 821 1513 ille
845 1459 1113 1514 castitatis
1138 1459 1481 1529 splendorem
1512 1501 1527 1527 ,
1560 1469 1730 1532 utque
1761 1460 2105 1517 incontinen-

2233 1459 2307 1531 ’ὴν
2343 1456 2690 1530 ποθουμένην
2725 1459 2898 1530 ῥᾷστα
2947 1459 3386 1531 παραπέμπουσι
3427 1455 3796 1530 κληρουχίαν,

518 1551 605 1607 tia:
631 1551 712 1607 vis
753 1562 1062 1622 superetur,
1119 1562 1342 1608 strenue
1380 1552 1673 1608 admodum
1716 1552 1917 1609 docet:
1969 1554 2106 1609 alter

2233 1551 2286 1624 τῷ
2326 1551 2512 1622 φόρτῳ
2541 1550 2651 1604 τῶν
2706 1550 3011 1622 ἀγωγίμων
3068 1550 3504 1622 ἀγαλλομένους.
3563 1548 3801 1612 ’Ἄλλους

518 1644 748 1699 virtutes
773 1644 923 1699 velut
955 1644 1185 1716 principi
1225 1645 1436 1699 tabella:
1479 1646 1729 1702 humanae
1766 1645 1892 1701 vitae
1917 1646 2108 1716 appiu-

2233 1646 2314 1702 ιέν
2356 1647 2539 1707 ἄλλοις
2593 1648 2985 1719 ἐμπρέποντας
3022 1644 3107 1699 ’ἂν
3154 1645 3341 1718 εὕροις
3372 1647 3485 1708 τοῖς
3514 1641 3800 1714 κατορθώ-

518 1736 596 1808 git
628 1756 642 1792 :
672 1737 813 1795 alius
848 1737 914 1793 ad
950 1737 1136 1793 saeculi
1171 1737 1338 1794 totius
1369 1747 1739 1810 contemptum
1775 1739 1951 1806 erudit
1984 1758 1997 1793 :
2026 1746 2111 1793 est

2233 1757 2370 1806 ιασι,
2404 1740 2612 1795 καὶτὸν
2650 1741 2751 1811 μέν
2780 1739 2841 1794 τὸ
2873 1741 2970 1810 τῆς
2992 1738 3325 1810 ἐγκρατείας
3351 1737 3580 1809 «regipr
3615 1736 3807 1801 αὐτοῖς

519 1833 755 1906 denique
800 1833 893 1905 qui
921 1833 990 1889 ad
1031 1835 1247 1889 inanem
1280 1833 1506 1905 gloriam
1536 1832 1898 1905 spernendam
1932 1832 2108 1889 valide

2233 1835 2397 1904 Ξργοις
2428 1835 2616 1905 σαφῶς
2666 1833 3077 1906 ὑπογράφοντα,
3111 1833 3205 1887 τὸν
3256 1831 3316 1891 δὲ
3356 1832 3417 1885 τὸ
3458 1831 3557 1902 τῆς
3589 1844 3813 1901 σωφρο-

521 1898 914 1982 “cadam.
937 1924 982 1981 si
1034 1898 1360 1983 ἀενίιιίεείῖηί
1415 1898 1591 1982 Patris
1627 1924 1980 1996 TheOphanis
2020 1942 2109 1982 res

2233 1898 2386 1999 ibi“;
2418 1898 2692 1999 λαμπρὸν,
2732 1898 2829 1984 καί
2878 1898 3026 1992 δπως
3062 1898 3113 1998 -ή
3153 1927 3253 1998 τῆς
3300 1898 3596 1987 ἀκολασίας
3647 1898 3813 1995 περι-

523 2032 704 2089 gestas
726 2018 1180 2084 consideraveris,
1218 2030 1475 2090 tanquam
1499 2018 1551 2073 in
1592 2020 1749 2074 horto
1776 2016 1972 2076 ﬂorido
1997 2022 2111 2077 vir-

2233 2019 2426 2091 γίνεται
2482 2021 2774 2076 δεσποτεία
2804 2060 2821 2088 ,
2867 2020 3013 2093 μάλα
3069 2018 3336 2083 νεανικῶς
3379 2018 3765 2073 ἐκδιδάσκοντα
3792 2029 3810 2046 ⁶

521 2122 703 2171 tutum
749 2126 912 2169 omne
958 2128 1129 2185 genus
1169 2112 1293 2168 altis
1342 2111 1396 2167 in
1437 2125 1504 2167 eo
1542 2112 1820 2168 radicibus
1858 2112 2107 2171 adultum

2233 2112 2409 2186 ἕτερον
2435 2114 2545 2167 τῶν
2591 2114 2805 2187 ἀρετῶν
2842 2114 2918 2179 ὡς
2943 2114 3239 2186 ἀρχετύπῳ
3271 2111 3460 2165 πίνακι
3490 2110 3588 2182 τήν
3615 2110 3816 2180 κτῆσιν

526 2208 821 2264 inveneris.

2233 2206 2709 2280 Βιαζωγραφοῦντα
2744 2208 2824 2282 τῷ
2865 2209 2985 2282 βίῳ·
3022 2209 3180 2263 ἄλλον
3212 2207 3349 2279 πρὸς
3402 2205 3502 2278 τὴν
3552 2205 3644 2259 τοῦ
3692 2202 3816 2276 βίον

524 2309 725 2375 παντὸς
754 2306 1209 2380 παιδοτριὸοὖντα
1232 2305 1660 2377 καταφρόνησιν,
1683 2306 1778 2361 καὶ
1794 2304 1951 2361 ἄλλον
1970 2303 2106 2377 πρὸς
2132 2301 2230 2376 τήν
2253 2305 2349 2371 τῆς
2374 2306 2567 2376 καινῆς
2593 2302 2749 2377 δόξης
2772 2306 3077 2379 ὑπεροψίαν
3107 2303 3388 2378 κραταιῶς
3414 2302 3816 2372 ὑπαλείφοντα,

524 2408 831 2479 Θεοφάνους
858 2408 915 2462 δὲ
945 2406 1041 2463 τοῦ
1068 2407 1344 2462 θειοτάτου
1368 2404 1582 2479 Πατρδς
1598 2403 2016 2477 προσομιλήσας
2031 2403 2152 2467 ταῖς
2176 2401 2427 2475 πράξεσι,
2460 2404 2644 2458 πᾶσαν
2669 2402 2734 2458 ἂν
2755 2401 2898 2459 ἰδέαν
2919 2401 3161 2468 κατίδοις
3192 2386 3376 2456 καλῶν
3400 2399 3476 2463 ὡς
3504 2400 3561 2453 ἐν
3592 2397 3823 2479 εὐθαλεῖ

527 2504 841 2576 παραδείσῳ
871 2502 1375 2577 φυτουργουμένην.

600 2596 708 2656 llas
756 2614 856 2671 ego
908 2607 968 2654 ut
1012 2598 1326 2655 laudatione
1373 2610 1769 2669 prosequerer,
1817 2594 2115 2651 multorum
2166 2580 2173 2585 ’

530 2691 911 2761 adhortatione
943 2690 1237 2756 adductus,
1279 2698 1533 2762 prompto
1556 2690 1742 2745 animo
1777 2685 2115 2760 provinciam

531 2785 769 2857 suscepi,
814 2784 961 2841 illius
1007 2799 1227 2856 precum
1258 2782 1466 2839 auxilio
1512 2780 1684 2840 fretus
1717 2799 1732 2835 :
1768 2795 1877 2836 non
1916 2791 1971 2835 ut
2002 2780 2121 2835 viro

532 2876 720 2933 divino
773 2891 838 2933 ac
897 2871 1225 2932 admirando
1280 2876 1512 2949 gloriam
1572 2873 1944 2936 conciliarem,
1977 2869 2122 2942 (quae

532 2969 680 3025 enim
709 2968 784 3024 illi
803 2967 976 3041 gloria
1002 2982 1070 3024 ex
1095 2968 1343 3025 oratione
1372 2982 1514 3034 mea,
1533 2982 1656 3039 qua:
1683 2962 1978 3020 virtutibus
2002 2961 2124 3031 ejus

536 3064 696 3136 longe
742 3071 827 3119 est
882 3060 1129 3128 inferior,
1181 3060 1393 3134 acquiri
1438 3060 1659 3132 potest?
1692 3058 1730 3130 ),
1790 3056 1885 3113 sed
1937 3064 2130 3111 contra

538 3159 744 3227 potius,
775 3166 831 3213 ut
862 3156 1028 3214 rebus
1054 3156 1124 3213 ab
1152 3155 1273 3228 ipso
1305 3154 1473 3227 gestis
1499 3149 1998 3208 commemorandis
2021 3148 2127 3203 vim

538 3254 714 3322 ipsam
753 3252 971 3309 dicendi
1006 3266 1351 3317 exornarem,
1392 3258 1447 3306 et
1488 3264 1580 3306 eas
1612 3247 1815 3303 imitari
1866 3245 2125 3303 studenti-

541 3344 644 3402 bus
669 3343 1046 3416 adjumentum
1079 3344 1373 3398 maximum
1405 3340 1678 3397 oiierrem.
1710 3339 2033 3411 Quanquam
2068 3343 2120 3394 in

540 3438 662 3510 ipso
692 3438 879 3495 statim
913 3437 1204 3511 principio,
1236 3446 1532 3506 antequam
1561 3435 1617 3492 in
1641 3435 1818 3506 ipsum
1860 3434 2127 3490 laudatio-

544 3535 631 3589 nis
672 3532 909 3589 stadium
961 3531 1259 3603 ingrediar,
1305 3536 1458 3584 tanto
1504 3543 1592 3584 me
1643 3527 1797 3584 oneri
1860 3526 2123 3597 imparem

543 3626 737 3683 sentio.
788 3624 962 3681 Simul
1001 3625 1144 3680 enim
1188 3631 1251 3680 et.
1275 3623 1471 3694 patria,
1515 3632 1569 3679 et
1602 3638 1794 3695 genus,
1833 3630 1888 3677 et
1931 3629 2128 3675 namra

546 3718 912 3788 praistantior,
972 3724 1026 3772 et
1074 3734 1180 3787 qua
1216 3716 1587 3789 magnitudine
1610 3726 1860 3770 naturam
1910 3720 2130 3785 superat

546 3811 760 3877 virtus,
813 3811 990 3866 virum
1037 3810 1369 3867 laudationis
1421 3817 1742 3880 argumento
1793 3805 2129 3878 propositum

546 3903 760 3976 egregie
796 3902 1089 3961 honestant
1120 3920 1136 3972 ;
1195 3913 1254 3958 ut
1287 3903 1503 3960 cunctis
1531 3901 1759 3959 exordio
1794 3900 2133 3957 occurrenti-

548 3996 674 4065 bus,
705 3995 837 4068 quid
870 3997 1066 4058 horum
1109 3996 1282 4069 magis
1322 4003 1609 4067 congruat,
1656 3994 1799 4049 haud
1827 3991 1983 4050 facile
2008 3976 2151 4063 quis.

549 4089 814 4146 inveniat.
863 4089 1046 4144 Patria
1094 4090 1239 4145 enim
1299 4098 1413 4145 tum
1475 4088 1851 4145 laudationum
1900 4085 2130 4157 legibus,
2170 4132 2175 4137 .

550 4192 669 4241 tum
714 4183 958 4254 parentis
998 4185 1157 4241 titulo
1186 4184 1448 4240 instructa
1470 4225 1485 4250 ,
1518 4184 1724 4253 primas
1764 4182 1867 4238 sibi
1897 4181 2136 4236 vindicat

552 4282 737 4348 partes
765 4294 782 4334 ι
817 4284 1044 4348 oratque
1078 4291 1202 4344 nos,
1234 4286 1398 4347 atque
1438 4277 1762 4343 obtestatur,
1796 4290 1861 4330 ne
1900 4272 2136 4344 propriis

554 4370 895 4428 ornamentis
938 4371 1223 4442 spolietur.
1271 4372 1537 4427 Parentes
1567 4379 1747 4425 autem
1785 4369 1927 4424 hanc
1955 4366 2137 4423 cubito

554 4465 807 4535 opposito
825 4464 1158 4535 propellunt,
1192 4464 1518 4520 educatione
1553 4479 1623 4519 ac
1645 4462 1929 4533 disciplina
1960 4461 2137 4531 ipsius

555 4556 871 4626 gloriantes.
904 4553 1147 4613 Virtutes
1169 4572 1320 4622 vero,
1348 4556 1629 4630 proposito
1652 4556 1771 4628 ejus
1808 4570 1874 4611 ac
1915 4569 2135 4625 posses-

2296 2594 2513 2661 Ταύτας
2562 2595 2862 2666 ἐγκωμίοις
2913 2594 3207 2650 ὑποϐαλεῖν
3261 2589 3634 2663 προτραπεὶς,
3666 2585 3821 2643 ἐτοι-

2231 2706 2348 2760 μως
2377 2682 2498 2754 εἶξα
2548 2690 2614 2761 τῇ
2655 2692 3006 2760 παραινέσει,
3040 2686 3141 2760 τὴν
3173 2688 3238 2740 ὲκ
3286 2684 3389 2755 τῆς
3435 2681 3646 2738 ἐκείνου
3677 2696 3826 2751 πρε-

2230 2783 2419 2849 σύείας
2461 2782 2785 2863 ἐπικουρίαν
2836 2778 3264 2837 καταπιστεύων
3309 2775 3697 2851 θηράσασθαιο
3747 2772 3824 2827 οὐ

2234 2877 2373 2949 πρὸς
2422 2877 2582 2945 δόξαν
2614 2862 2710 2931 τοῦ
2742 2875 3050 2949 θαυμασίου
3082 2873 3268 2943 (ποίαν
3295 2873 3316 2907 ³
3340 2871 3449 2943 γὰρ
3482 2870 3620 2924 οἴσει
3649 2867 3825 2933 δόξαν

2229 2969 2389 3037 λόγος
2440 2968 2638 3042 μακρῷ
2669 2968 2747 3023 τῶ
2782 2969 2935 3040 μέσῳ
2977 2967 3089 3021 τῶν
3116 2964 3329 3021 ἐκείνου
3361 2960 3824 3034 κατορθωμάτων

2228 3061 2662 3135 ἀπολειπόμενος
2681 3062 2744 3133 ς),
2780 3060 3103 3117 τουναντίον
3134 3060 3193 3115 δέ
3230 3058 3453 3133 μᾶλλον,
3507 3058 3571 3128 τῇ
3617 3052 3820 3108 τούτου

2233 3155 2425 3228 μνήμῃ
2459 3154 2556 3209 καὶ
2585 3154 2781 3224 λόγους
2828 3155 3028 3219 αὐτοὺς
3075 3153 3382 3225 κοσμῆσαι,
3415 3150 3512 3205 καὶ
3546 3146 3816 3221 μεγίστην

2233 3246 2490 3300 ὑπόθεσιν
2523 3245 2792 3317 ὠφελείας
2831 3248 2945 3311 τοῖς
2980 3246 3000 3277 ⁸
3040 3242 3398 3315 ἐκμιμεῖσθαι
3445 3237 3819 3311 πειρωμένοις

2239 3338 2609 3410 πρυτανεῦσαι
2669 3337 3014 3410 γλιχόμενος.
3062 3338 3225 3401 Ἀλλά
3285 3331 3531 3409 πρὸ-τοῦ
3575 3330 3819 3404 κρηπῖδα

2180 3459 2190 3466 -
2234 3434 2311 3505 τῷ
2340 3432 2486 3506 λόγῳ
2514 3433 2948 3504 προστήσασθαι,
2978 3432 3077 3486 καὶ
3104 3432 3216 3495 τοῖς
3254 3429 3480 3509 ἱδρῶσιν
3517 3423 3818 3495 ἐναθλῆσαι

2234 3531 2342 3583 τῶν
2372 3528 2688 3600 ἐγκωμίων,
2729 3530 2827 3600 τῆς
2876 3526 3114 3598 ἀπορίας
3157 3523 3511 3594 αἰσθάνομαι.
3568 3520 3677 3593 Boi
3707 3519 3820 3592 γὰρ

2234 3621 2329 3676 τὸν
2363 3623 2444 3687 είς
2478 3622 2760 3693 εὐφημίαν
2815 3620 3179 3692 προκείμενον
3237 3615 3439 3688 πατρὶς
3491 3614 3587 3668 καὶ
3635 3613 3819 3685 γένος,

2237 3717 2335 3771 καὶ
2354 3715 2561 3770 νικῶσα
2592 3716 2613 3747 ⁸
2643 3715 2827 3787 φύσις,
2870 3714 2963 3768 καί
2998 3713 3203 3783 ταύτην
3237 3712 3303 3765 ἐκ
3336 3707 3604 3782 μεγέθους
3648 3706 3820 3778 ἀρετῆ

2238 3810 2682 3883 παρατρέχουσα,
2705 3811 2801 3864 καὶ
2827 3809 3047 3861 πάντων
3084 3808 3166 3867 είς
3191 3804 3366 3877 ἀρχὴν
3393 3801 3701 3873 ἀγομένων,
3719 3798 3821 3870 τήν

2241 3903 2631 3975 προσήκουσαν
2668 3900 2865 3974 ῥᾳδίως
2898 3899 3000 3954 οὐκ
3028 3897 3179 3951 ἔστιν
3226 3896 3431 3967 εὑρεῖν.
3476 3892 3687 3961 Πατρὶς
3721 3891 3820 3961 μὲν

2240 4000 2350 4070 γὰρ
2385 3995 2573 4067 νόμοις
2610 3994 2927 4065 ἐγκωμίων,
2985 3993 3080 4048 καὶ
3119 3992 3188 4063 τῇ
3234 3989 3424 4044 τούτου
3479 3986 3632 4060 αἰτίᾳ
3683 3984 3824 4040 καθ-

2241 4090 2582 4154 οπλισθεϊσα,
2609 4088 2681 4143 τὰ
2705 4090 2949 4159 πρωτεῖα
2971 4086 3077 4140 τῶν
3101 4085 3275 4157 ἄλλων
3297 4080 3710 4152 ἀπενέγκασθαι
3738 4096 3826 4149 φι-

2242 4184 2497 4249 λονεικεῖ,
2528 4182 2602 4254 μὴ
2631 4180 2725 4237 τοῦ
2760 4181 2963 4235 οἰκείου
3009 4180 3110 4251 τὴν
3143 4178 3401 4250 στέρησιν
3431 4176 3842 4245 καλλωπίσμα-.

2243 4293 2335 4343 τος
2374 4277 2665 4345 ὑπομεῖναι
2696 4273 2793 4328 σὺν
2836 4275 3020 4346 ὅρκοις
3050 4269 3483 4327 καθικετεύουσα
3507 4287 3523 4302 ο
3567 4270 3824 4341 γεννήτο-

2248 4386 2339 4444 ρες
2385 4369 2442 4424 δέ
2475 4368 2610 4442 πρὸς
2646 4368 2879 4433 τούτοις,
2917 4366 3138 4438 παιδείᾳ
3169 4384 3228 4420 τε
3252 4369 3319 4438 τῇ
3344 4364 3536 4420 τούτου
3570 4364 3663 4418 καὶ
3695 4380 3826 4435 τρο-

2248 4467 2422 4538 φείοις
2461 4464 2884 4537 ἐναϐρυνόμενοι
2910 4505 2924 4529 ,
2971 4462 3202 4516 κατόπιν
3229 4459 3435 4530 ταύτην
3468 4455 3825 4528 παραγκωνί-

2248 4558 2455 4625 ζονταιο
2484 4556 2677 4628 (Ξιρετοιλ⁸
2701 4555 2759 4609 δέ
2790 4558 2852 4625 τῇ
2883 4554 3095 4607 ἐκείνου
3136 4550 3397 4623 προθέσει
3424 4567 3481 4603 τε
3512 4548 3607 4602 καὶ
3637 4549 3828 4621 κτήσει

557 4647 712 4705 sione
739 4649 983 4718 conﬁsae,
1025 4650 1317 4721 gloriosam
1358 4650 1627 4707 cervicem
1667 4649 1942 4713 attollunt,
2015 4661 2129 4701 ma-

2250 4649 2788 4724 μεγαλαυχούμεναι,
2840 4646 3044 4718 αὐχένα
3064 4663 3123 4699 τε
3169 4645 3377 4725 γαύρον
3415 4643 3704 4716 ἐπαίρουσι
3736 4643 3829 4697 καὶ

559 4756 775 4813 gnaque
800 4756 932 4798 voce
951 4743 1180 4813 reliquis
1213 4743 1468 4807 clamant,
1515 4743 1694 4798 solum
1725 4741 1870 4797 illius
1899 4739 2129 4795 studium

2251 4746 2395 4818 μέγα
2452 4744 2567 4809 τοῖς
2613 4743 2794 4807 ἀλλοις
2850 4740 3038 4812 βοῶσι,
3073 4740 3209 4813 πρὸς
3262 4738 3361 4810 τὴν
3393 4737 3608 4793 ἐκείνου
3659 4739 3830 4810 μόνην

560 4841 726 4904 atque
771 4834 1016 4889 animum
1045 4843 1391 4905 spectantes,
1425 4834 1688 4892 facillime
1722 4834 1893 4890 victas
1927 4848 1986 4889 se
2036 4832 2143 4887 illae

562 4938 887 5001 agnoscant.
921 4927 1036 5002 Ego
1078 4930 1261 5001 itaque
1291 4930 1432 4987 inter
1459 4946 1569 4998 res,
1600 4945 1722 5002 qua:
1754 4945 1813 4986 se
1843 4927 1990 4984 vinci
2034 4940 2142 4982 non

564 5023 870 5094 patiuntur,
898 5022 1069 5093 judex
1098 5024 1430 5081 constitutus
1457 5024 1589 5097 quid
1623 5023 1819 5080 iaciam
1851 5023 1875 5078 ί
1911 5021 2144 5079 Parum-

564 5128 666 5184 per
691 5113 900 5170 scilicet
935 5114 989 5170 in
1021 5115 1297 5186 prioribus
1329 5114 1703 5183 immorabor,
1744 5116 2140 5181 utosmndam,

566 5222 819 5276 quaenam
850 5208 967 5280 ipse
989 5207 1265 5266 Creatoris
1292 5224 1479 5266 amore
1503 5209 1873 5268 inﬂammatus
1899 5219 2147 5266 contem-

565 5296 759 5370 pserit,
774 5308 829 5355 et
842 5313 941 5370 pro
955 5300 1129 5358 nihilo
1142 5301 1359 5357 duxerit
1375 5320 1388 5356 :
1403 5301 1598 5359 deinde
1615 5304 1871 5374 proillius
1884 5304 2143 5376 propositi

570 5388 785 5446 ratione
831 5390 1124 5450 virtutibus
1152 5393 1273 5464 ejus
1311 5396 1645 5467 exponendis
1687 5405 1834 5460 totus
1874 5396 2148 5454 insistam.

643 5480 792 5537 Tulit
824 5482 1001 5539 virum
1049 5484 1196 5541 hunc
1236 5485 1611 5544 admirabilem
1655 5488 1744 5544 illa
1782 5490 1978 5560 patria,
2028 5505 2151 5561 quae

573 5573 789 5645 imperii
820 5575 1080 5647 dignitate
1103 5577 1382 5648 decorata,
1424 5581 1636 5638 caeteris
1656 5582 1913 5639 omnibus
1941 5592 2149 5641 tantum

576 5668 881 5736 antecellit,
927 5679 1192 5742 quantum
1221 5673 1465 5746 reginam
1499 5675 1733 5733 subditis
1763 5689 2021 5748 praestare
2051 5696 2150 5751 par

2248 4835 2531 4900 ἀπιδόντες
2564 4834 2769 4904 έφεσινο
2814 4833 3020 4905 Ῥᾷστα
3081 4832 3182 4903 τὴν
3221 4825 3393 4903 ἧτταν
3447 4830 3737 4899 ἐπίγνωτε.
3764 4827 3839 4883 Τί

2246 4930 2387 5003 δῆτα
2410 4929 2594 5003 δράσω
2622 4927 2815 5002 κριτὴς
2842 4925 3186 4999 πραγμάτων
3217 4921 3388 4998 ἧτταν
3418 4925 3478 4978 ού
3515 4923 3829 4994 δυναμένων

2251 5023 2551 5094 ὑποστῆναι
2599 5022 2921 5091 γενόμενος;
2974 5020 3045 5074 Ἦ
3106 5019 3263 5093 δῆλον
3290 5059 3304 5084 ,
3357 5018 3433 5082 ὡς
3480 5016 3656 5089 μικρά
3716 5019 3839 5083 τοῖς

2253 5117 2545 5190 προτέροις
2577 5116 2939 5189 ἐνομιλήσας,
2972 5114 3067 5169 τοῦ
3102 5113 3387 5185 δειχθῆναι
3419 5112 3581 5185 χάριν
3626 5112 3829 5168 ὁποίων

2254 5209 2572 5281 ὑπερόπτης
2601 5206 2895 5277 γεγένηται
2944 5205 3023 5271 τῷ
3072 5204 3280 5277 φίλτρῳ
3311 5204 3691 5275 πεπεδημένος
3732 5202 3829 5257 τοῦ

2254 5303 2580 5367 Κτίσαντος,
2612 5300 2749 5363 ὅλως
2801 5296 2910 5353 τῶν
2950 5296 3163 5369 ἀρετῶν
3190 5295 3334 5350 κατά
3363 5296 3465 5367 τήν
3498 5295 3706 5350 ἐκείνου
3740 5312 3827 5366 γε-

2253 5398 2490 5471 νήσομαι
2521 5395 2799 5469 πρόθεσιν.
3790 5436 3792 5439 .

2329 5495 2532 5563 Ἥνεγε
2560 5492 2650 5547 τὸν
2682 5491 2983 5565 θαυμάσιον
3005 5490 3225 5563 Πατέρα
3258 5488 3457 5561 πατρὶς
3489 5487 3523 5558 ή
3551 5484 3799 5559 βασιλεία

2253 5586 2777 5659 ἐγκαλλωπιζομένη
2810 5585 2888 5658 τῷ
2913 5582 3183 5655 ἀξιώματι
3215 5584 3310 5639 καὶ
3338 5583 3447 5637 τῶν
3484 5580 3661 5636 ἄλλων
3685 5580 3825 5635 ἀπα·

2258 5679 2367 5737 σῶν
2389 5680 2484 5736 ἐπὶ
2519 5678 2772 5736 τοσοῦτον
2815 5676 3189 5751 ἀνῳκισμένη,
3240 5677 3367 5733 ὅσον
3414 5671 3561 5738 εἰκὸς
3600 5672 3701 5728 τῶν
3731 5674 3823 5744 ἀρε

1902 5816 2135 5876 νΑῐὶΙιΕ
2179 5817 2588 5883 LECTlONES.

648 5928 673 5969 ³
699 5930 856 5989 ποίαν
882 5928 1005 5986 Par.
1082 5931 1105 5965 ³
1132 5930 1269 6005 τοῖς]
1294 5931 1475 5998 αὐτοῖς
1507 5930 1629 5989 Par.
1704 5936 1723 5967 ⁵
1758 5936 1967 5990 νικεῖσα
1989 5934 2113 5992 Par.
