4010 6314
344 379 408 445 21
1538 362 1539 365 γ
1610 384 2106 447 THEOPHANIS
2156 388 2346 449 VITA.
3557 390 3627 453 ιε

344 493 588 563 χομένων
616 496 717 569 τὴν
770 495 1225 552 δεσποτεύουσαν.
1281 497 1418 571 Περὶ
1448 490 1516 568 ἧς
1552 497 1722 551 πολλὰ
1755 496 1934 566 λέγειν

2042 509 2125 553 est
2153 517 2166 552 :
2198 499 2266 555 de
2290 515 2397 569 qua
2429 484 2598 556 multa
2624 513 2709 553 me
2734 497 2918 557 dicere
2943 484 3215 577 volentem
3242 499 3485 572 impedit,
3510 511 3627 556 tum

345 586 546 642 ἐθέλων
592 590 675 663 τῷ
710 608 771 644 τε
814 591 995 646 πάντα
1028 591 1120 645 τὸν
1155 591 1288 663 περὶ
1326 592 1496 662 αὐτῆς
1536 589 1693 660 λόγον
1736 590 1937 663 μακρῷ

345 680 422 752 τῷ
452 683 605 755 μέσῳ
636 684 1010 756 παρατρέχειν
1049 687 1149 755 τὴν
1199 684 1489 756 αἴσθησιν,
1545 685 1640 739 καὶ
1672 685 1751 755 τῷ
1798 685 1936 755 δῆλα

346 775 482 828 πᾶσι
515 774 854 830 καθεστάναι
883 774 952 830 τά
993 775 1125 847 περὶ
1148 775 1355 846 ταύτης
1384 775 1656 846 λεγόμενα
1687 776 1798 838 τοῖς
1832 773 1938 828 ἀνὰ

345 868 527 921 πᾶσαν
559 866 802 921 οἰκοῦσιν
851 868 985 940 ὅσην
1033 868 1207 940 ἐφορᾷ
1249 868 1431 941 ἥλιος,
1477 869 1933 939 ἀνακάμπτομαι.

348 963 390 1015 Γ
391 963 683 1035 εννήτορες
712 961 770 1015 δὲ
810 964 862 1017 oi
905 963 1213 1037 τηλικαύτῃ
1244 966 1375 1035 γονῇ
1411 963 1506 1019 καὶ
1548 964 1771 1037 πατρίδι
1806 981 1937 1018 κατ-

343 1054 502 1121 αξίαν
527 1055 980 1127 ὲπιγραφόμενοι,
1019 1055 1239 1127 πλούτῳ
1281 1056 1563 1127 κομῶντες
1584 1097 1599 1123 ,
1626 1057 1937 1129 στρατηγίᾳ

342 1147 722 1218 λαμπόμενοι,
772 1148 997 1217 ἀρεταῖς
1032 1149 1277 1211 ἁπάσαις
1325 1148 1789 1223 δορυφορούμενοι
1811 1194 1827 1219 ,
1856 1150 1936 1223 τῷ

344 1239 558 1311 φίλτρῳ
610 1241 831 1296 πάντων
890 1242 1129 1314 μάλιστα
1176 1244 1565 1312 κατεστίφοντο
1612 1246 1654 1311 ⁸,
1712 1246 1774 1298 οὐ
1825 1244 1936 1300 τῶν

344 1334 616 1406 θεοφιλῶν
651 1334 834 1407 μόνον,
869 1336 965 1390 καὶ
995 1332 1142 1409 οἷςή
1182 1337 1564 1408 καλοκαγαθία
1608 1338 1708 1412 τὴν
1754 1340 1936 1408 φιλίαν
1978 1344 1982 1346 ⁷

344 1426 656 1499 προύξένει,
688 1426 810 1481 οὐδὲ
838 1427 949 1482 τῶν
983 1426 1120 1493 ἴσοις
1152 1428 1595 1501 φαιδρυνομένων
1622 1434 1737 1496 τοῖς
1768 1430 1934 1500 ἀξιώ-

346 1536 538 1589 μασιν,
564 1520 614 1573 εί
635 1518 732 1573 καὶ
753 1519 1008 1592 χειρίστη
1032 1520 1349 1575 συνδεθεῖσα
1369 1520 1515 1594 ψυχὴ
1541 1522 1583 1587 ⁷,
1609 1518 1692 1589 οἷς
1716 1525 1749 1595 ἡ
1774 1526 1934 1595 χρεία

343 1611 424 1683 τῷ
460 1612 674 1685 φίλτρῳ
707 1614 1028 1685 παρείχετο,
1058 1614 1195 1688 ἀλλὰ
1227 1614 1512 1687 τυράννων
1542 1617 1638 1671 καὶ
1665 1615 1936 1688 βασιλέων

342 1706 551 1771 αὐτῶν,
581 1707 630 1761 οἲ
662 1707 725 1762 τὸ
749 1706 1090 1780 ὑπερϐάλλον
1122 1687 1224 1779 τῆς
1261 1707 1464 1780 ἀρετῆς
1494 1687 1721 1765 ἐκείνων
1751 1712 1935 1767 αίδού·

346 1816 527 1869 μενοι,
559 1802 926 1873 διαφερόντως
951 1799 1051 1873 τὴν
1080 1800 1263 1871 φιλίαν
1290 1802 1620 1873 ¹ἠσπάζοντο.
1651 1804 1935 1877 ,Ἰσαάκιος
1971 1848 1984 1877 ,

343 1892 443 1946 καὶ
472 1892 701 1965 Θεοδότη
733 1893 946 1959 τούτοις
974 1894 1221 1965 ὀνόματα
1242 1935 1260 1963 ,
1315 1894 1371 1949 εί
1414 1911 1477 1964 γε
1528 1897 1625 1951 καὶ
1672 1896 1937 1968 ὀνόματος

342 1984 478 2054 ύμῖν
506 1984 681 2056 μέλει.
713 1986 928 2041 Γίνεται
946 1986 1161 2052 τούτοις
1185 1986 1282 2042 τοῦ
1316 1988 1520 2045 πολλοῦ
1546 1990 1642 2044 καὶ
1675 1991 1937 2062 μεγίστου

342 2078 553 2151 κλήρου
582 2080 826 2153 διάδοχος
851 2083 879 2135 ό
900 2083 998 2135 νῦν
1032 2082 1169 2155 ἡμῖν
1209 2083 1291 2147 είς
1323 2084 1603 2155 εὐφημίαν
1637 2086 1937 2159 ἰτροκείμε⁹

343 2185 463 2237 νος,
511 2170 605 2226 καὶ
665 2172 768 2244 τῆς
819 2172 1083 2245 μητρῴας
1123 2173 1316 2244 νηδύος
1363 2175 1687 2231 ἐκϐάλλεται
1746 2179 1939 2252 ἀστέρι

341 2263 604 2336 ὀπωρινῷ
647 2264 981 2333 ἐναλίγκιος,
1013 2264 1114 2338 τὴν
1158 2266 1257 2336 τῆς
1286 2265 1469 2338 ψυχῆς
1513 2267 1829 2340 ὡραιότητα
1870 2274 1936 2344 τῇ

343 2356 655 2430 εὐπρεπείᾳ
707 2359 1133 2428 καθυποφαίνων
1193 2358 1288 2412 τοῦ
1352 2357 1635 2431 σώματος.
1697 2362 1771 2415 Οὐ
1826 2363 1937 2436 γὰρ

343 2450 513 2522 ἐῴκει
564 2451 760 2524 ἀνδρὸς
792 2451 1058 2523 γεννητοῦ
1104 2454 1238 2516 παῖς
1272 2452 1533 2523 ἔμμεναι,
1587 2453 1725 2509 ἀλλὰ
1759 2455 1934 2523 Θεοῖο,

342 2543 413 2597 ὲκ
452 2544 669 2616 μήτρας
712 2543 1075 2616 ὴγιασμένος,
1125 2545 1273 2600 κατά
1319 2545 1411 2625 τὸν
1442 2547 1732 2619 προφήτην
1772 2545 1930 2619 Ἰερε-

347 2636 486 2707 μίαν
507 2679 523 2704 ,
558 2636 657 2692 καὶ
692 2639 829 2693 πᾶσι
878 2638 1067 2704 καλοῖς
1105 2638 1344 2712 ἀρχῆθεν
1374 2638 1539 2714 μέχρι
1568 2640 1686 2713 βίου
1718 2641 1939 2715 δυσμῶν

341 2729 786 2805 έλλαμπόμενος.

435 2823 579 2879 Ἀλλ’
617 2827 646 2880 ό
676 2825 779 2898 μὲν
815 2825 1007 2881 τούτου
1038 2825 1266 2899 γενέτης
1290 2827 1370 2899 τῷ
1396 2828 1583 2902 χωρίῳ
1614 2831 1724 2887 τῶν
1754 2832 1961 2891 κακῶν

346 2917 529 2990 βραχύ
575 2919 921 2991 προσδιοὺς,
1003 2920 1199 2985 αὐταῖς
1268 2922 1519 2993 φροντίσι
1580 2923 1675 2978 καὶ
1746 2942 1942 2995 στρατ-

344 3006 487 3081 ηγίᾳ
530 3007 693 3063 τοῦτο
743 3007 943 3076 λιπὼν,
1001 3008 1104 3082 τὴν
1150 3009 1467 3083 ὡρισμένην
1519 3012 1726 3085 ὑπῆλθε
1771 3016 1939 3069 πᾶσιν

345 3099 684 3173 ἀποδημίαν,
735 3101 987 3175 τριετοῦς
1016 3102 1135 3176 ⁸ἤδη
1188 3101 1287 3159 τοῦ
1328 3104 1523 3170 παιδὸς
1553 3106 1934 3179 τυγχάνοντος.

357 3195 428 3248 Ἥ
450 3193 626 3252 δὶα...
642 3195 687 3250 ⁸.

422 3286 626 3351 Τοῦτον
645 3286 864 3361 ἐκείνην
898 3287 1228 3357 ὲξεικόνιζον
1257 3290 1528 3363 ἁρμονίαν
1547 3332 1561 3357 ,
1592 3294 1651 3347 ἐν
1746 3296 1941 3361 παῖδες

344 3385 399 3439 oi
444 3385 595 3456 τρεῖς
648 3382 787 3456 μετὰ
840 3384 939 3453 τῆς
961 3384 1233 3457 ἁρμονίας
1283 3386 1379 3439 τοῦ
1414 3390 1742 3457 τυραννικοῦ
1775 3407 1942 3462 προσ·-

346 3480 635 3549 τάγματος
666 3476 1140 3545 καταπτύσαντες,
1186 3480 1245 3535 ἐν
1297 3480 1449 3553 μέσῳ
1475 3482 1710 3553 καμίνου
1742 3484 1941 3554 φλογὸς

346 3572 446 3625 τὸν
498 3573 843 3645 παγκόσμιον
903 3572 1052 3628 αἶνον
1106 3574 1184 3646 τῷ
1242 3577 1507 3632 σεσωκότι
1566 3580 1937 3650 προσήγαγον.

351 3664 564 3731 Πάντες
608 3667 666 3721 δὲ
708 3666 846 3734 πρὸς
882 3666 945 3722 τὸ
976 3667 1221 3740 θυμῆρες
1268 3671 1361 3724 καὶ
1390 3671 1613 3741 φαιδρὸν
1639 3673 1937 3744 ἀνειμένοι,

347 3757 453 3828 τὴν
485 3757 850 3829 ἐπιθαλάμιον
899 3760 1116 3833 ἐκείνην
1171 3762 1581 3834 ὲπανηγύριζον
1614 3765 1853 3836 εὐωχίαν
1892 3767 1936 3832 ⁸,

346 3849 470 3905 ἀλλ’
510 3850 609 3906 οὐκ
638 3852 881 3923 ἧμδλυνε
931 3851 1106 3908 ταῦτα
1158 3853 1284 3909 νοῦν
1328 3856 1442 3920 τοῖς
1495 3855 1659 3921 θείοις
1697 3858 1938 3929 ἐμμελε-

346 3945 537 4000 τῶντα
584 3949 680 4001 καὶ
726 3946 828 4018 τὴν
868 3947 1183 4020 προσοῦσαν
1226 3948 1489 4021 πρόθεσιν
1520 3949 1783 4015 ὲξανῦσαι
1820 3953 1937 4006 δια-

352 4039 749 4105 σπουδάζοντα.
784 4041 1000 4106 Νυκτὸς
1031 4042 1097 4114 δὴ
1120 4041 1199 4114 τῷ
1227 4043 1448 4121 κοιτῷνι
1478 4046 1546 4117 τῇ
1576 4045 1794 4118 συμδίῳ
1818 4045 1948 4118 ἅμα,

351 4132 786 4205 προσορμισθεὶς
845 4132 940 4187 ἐπὶ
991 4133 1091 4204 τῆς
1148 4133 1339 4206 κλίνης
1384 4130 1935 4208 παρακαθισάμενος,

347 4223 476 4287 ὅλος
510 4238 571 4275 τε
613 4220 724 4276 τῶν
772 4223 932 4277 θείων
966 4222 1280 4296 γενόμενος,
1312 4225 1606 4296 στεναγμῷ
1642 4226 1703 4279 τὸ
1730 4226 1937 4297 προσὸν

350 4318 420 4389 τῇ
451 4316 599 4388 ψυχῇ
639 4316 809 4383 πάθος
842 4317 1256 4389 ὑποσημαίνων,
1293 4318 1514 4373 τοιῶνδε
1544 4318 1722 4388 λόγων
1752 4320 1933 4393 ἀπάρ-

349 4426 531 4480 χεται·
573 4409 637 4463 '0
670 4410 769 4481 μὲν
825 4408 1017 4482 παρὼν
1081 4408 1223 4481 βίος,
1256 4404 1301 4465 ὦ
1342 4410 1524 4481 γύναι,
1586 4411 1814 4483 βραχὺς,
1864 4410 1940 4476 ὡς

2042 594 2188 662 quod
2227 593 2371 649 nulla
2404 595 2676 651 sermonis
2714 594 2768 650 vi
2803 594 3061 666 explicari
3110 604 3360 666 possunt,
3405 595 3628 666 quaede

2041 682 2131 738 illa
2159 699 2355 741 sensus
2387 687 2700 756 renuntiat;
2735 696 2849 743 tum
2870 685 3026 764 quod
3057 688 3629 759 omnibus,quascun-

2040 791 2147 846 que
2180 777 2263 833 sol
2292 777 2507 849 aspicit,
2541 788 2699 853 terra:
2727 790 2912 852 partes
2948 780 3483 859 thahitantibus‘suut
3531 796 3628 838 co-

2039 871 2225 940 gnitaa.
2279 869 2610 931 Parentibus
2661 883 2815 930 ortus
2847 882 2931 929 est
2972 872 3065 929 tali
3110 872 3319 937 sobole,
3347 873 3630 944 patriaque

2038 960 2239 1033 dignis,
2276 961 2369 1033 qui
2413 963 2618 1021 divitiis
2667 964 2970 1033 allluentes,
3002 964 3225 1041 militari
3267 964 3438 1037 gloria
3467 965 3626 1032 clari,

2038 1055 2188 1110 omni
2213 1055 2472 1112 virtutum
2505 1059 2673 1115 choro
2698 1060 2901 1125 ornati,
2940 1056 3187 1114 omnium
3213 1058 3267 1113 in
3296 1073 3356 1115 se
3381 1074 3627 1116 amorem

2037 1150 2471 1220 propensissimo
2524 1152 2719 1209 aﬂ‘ectu
2773 1159 3167 1211 converterant
3212 1170 3229 1209 ε
3276 1166 3385 1207 ιιοιι
3435 1166 3626 1216 eorum

2037 1240 2304 1297 duntaxat
2346 1245 2440 1314 qui
2477 1243 2749 1315 religiosis
2778 1245 3026 1303 moribus
3054 1247 3367 1310 eniterent,
3402 1257 3467 1299 ac
3500 1242 3628 1313 qui-

2038 1332 2141 1389 bus
2165 1334 2405 1403 probitas
2424 1335 2540 1407 ipsa
2556 1337 2853 1393 amicitiam
2887 1337 3129 1407 faceret;
3159 1350 3257 1395 aut
3276 1336 3620 1415 quhparibus

2038 1436 2196 1481 erant
2239 1427 2596 1498 dignitatibus
2639 1429 2922 1502 insignes,
2973 1416 3101 1487 licet
3151 1432 3390 1502 pessimo
3436 1443 3623 1491 essent

2038 1521 2223 1577 animo
2258 1523 2488 1591 praediti,
2518 1532 2681 1597 atque
2703 1526 3006 1589 amicitiam
3037 1527 3289 1601 propriis,
3313 1530 3622 1587 commodis

2039 1616 2362 1672 metirentur
2389 1634 2404 1672 :
2445 1634 2632 1673 verum
2653 1620 2816 1674 etiam
2846 1630 3226 1692 tyrannorum,
3263 1621 3623 1693 ipsorumque

2040 1706 2455 1777 imperatorum,
2489 1706 2581 1779 qui
2618 1708 2722 1779 ipsi
2752 1709 2973 1766 virtutis
3011 1726 3202 1773 eorum
3246 1712 3620 1781 praestantiam

2040 1798 2280 1862 ret-criti,
2329 1798 2489 1870 longe
2534 1799 2893 1858 charissimos
2937 1802 3233 1859 habebant.
3282 1802 3524 1861 lsaacius
3567 1816 3620 1860 et
3704 1810 3707 1813 ’

2040 1890 2341 1958 Theodota,
2372 1892 2415 1947 si
2447 1892 2574 1963 quid
2608 1894 2762 1950 vobis
2789 1895 2952 1951 etiam
2986 1911 3185 1951 nomen
3209 1906 3294 1953 est
3318 1914 3485 1962 curae,
3521 1914 3619 1954 vo-

2014 1982 2327 2039 cabantur.
2380 1982 2478 2041 llis
2527 1983 2882 2056 amplissima:
2926 1986 3263 2043 hmreditatis
3320 1997 3482 2046 natus
3537 1999 3623 2046 est

2040 2077 2213 2133 haeres
2238 2078 2345 2143 ille,
2380 2078 2471 2151 qui
2513 2077 2673 2134 nobis
2718 2078 2771 2134 in
2803 2081 3089 2149 praesentia
3136 2080 3445 2138 laudandus
3485 2092 3571 2139 est
3605 2101 3617 2137 :

2041 2180 2395 2244 maternaque
2413 2170 2624 2228 cﬂ‘usus
2653 2171 2775 2227 alvo
2794 2173 3097 2228 autumnali
3123 2168 3291 2231 stella:
3308 2175 3623 2246 persimilis.

2039 2262 2238 2323 eximia
2278 2265 2527 2334 corporis
2567 2263 2992 2335 pulchritudine,
3031 2281 3216 2336 parem
3250 2269 3419 2324 animi
3450 2285 3625 2325 venu~

2040 2364 2233 2429 atatem
2275 2357 2378 2413 sub
2408 2356 2660 2413 obscuris
2687 2356 2904 2413 indiciis
2933 2359 3217 2428 prodebat.
3259 2360 3444 2431 Neque
3476 2363 3621 2418 enim

2041 2448 2287 2503 mortalis
2328 2448 2586 2512 hominis,
2633 2448 2726 2505 sed
2757 2447 2849 2504 Dei
2882 2449 3026 2505 ﬁlius
3057 2466 3176 2507 esse
3219 2451 3523 2520 videbatur,
3556 2471 3621 2511 ex

2042 2540 2233 2597 matris
2251 2549 2405 2595 utero
2434 2541 2489 2596 in
2511 2539 2762 2598 Jeremite
2779 2543 3055 2613 propheta!
3076 2558 3284 2601 morem
3310 2546 3622 2604 sanctiﬁca-
3650 2542 3651 2547 “

2042 2641 2149 2699 tus,
2178 2641 2231 2688 et
2256 2634 2367 2703 jam
2406 2633 2532 2689 inde
2568 2634 2636 2689 ab
2666 2633 2785 2704 ipso
2816 2646 2937 2691 ortu
2973 2638 3039 2691 ad
3089 2647 3395 2693 extremum
3448 2655 3623 2711 usque

1920 2767 1929 2775 .
2040 2726 2164 2783 vita:
2188 2727 2351 2781 tinem
2383 2726 2680 2784 virtutibus
2713 2728 2972 2784 omnibus
3006 2729 3239 2787 illustris
3273 2746 3338 2788 ac
3368 2734 3569 2790 clarus.

2108 2821 2179 2879 At
2212 2806 2384 2892 pater
2408 2820 2604 2891 ipsius,
2643 2836 2768 2877 cum
2796 2822 2995 2896 exiguo
3040 2824 3301 2893 temporis
3348 2827 3528 2896 spatio
3569 2828 3623 2880 in

2040 2897 2309 2972 malorum
2348 2904 2453 2971 hac
2502 2915 2723 2985 regione
2756 2916 2923 2971 vitam
2964 2917 3341 2987 produxisset,
3389 2934 3455 2991 ea
3493 2935 3649 2989 cum

2039 3008 2190 3065 curis
2230 3016 2395 3079 atque
2439 3008 2761 3078 praefectura
2809 3008 2995 3064 relicta
3025 3049 3041 3074 ,
3089 3008 3365 3090 praeﬁnita:
3411 3014 3626 3068 cunctis

2039 3102 2494 3176 peregrinationis
2534 3102 2829 3158 terminum
2872 3101 3127 3168 absolvit,
3167 3118 3292 3160 cum
3335 3103 3449 3177 jam
3488 3119 3625 3176 puer

1967 3209 2012 3268 ο
2047 3197 2300 3253 trimulus
2330 3204 2500 3252 esset.
2532 3196 2709 3252 Mater
2734 3205 3034 3253 autem.....

2115 3289 2248 3351 lllud
2280 3289 2554 3344 canticum
2578 3300 2989 3359 expresserunt,
3016 3304 3127 3360 quo
3158 3299 3268 3347 tres
3298 3290 3473 3361 pueri,
3492 3306 3625 3347 con-

2043 3393 2246 3453 tempto
2298 3382 2516 3454 tyranni
2553 3381 2735 3452 jussu,
2784 3381 2840 3437 in
2891 3382 3073 3437 medio
3122 3382 3322 3437 camini
3366 3382 3627 3438 ardentis

2041 3486 2374 3531 servatorem
2413 3473 2817 3528 collaudarunt.
2856 3472 2963 3528 Sed
2995 3488 3120 3529 cum
3153 3489 3344 3532 omnes
3375 3475 3441 3530 ad
3479 3475 3622 3530 hila-

2040 3569 2256 3625 ritatem
2307 3566 2661 3636 laetitiamque
2699 3565 2934 3637 profusi,
2966 3545 3280 3636 nuptiarum
3309 3568 3623 3623 convivium

2040 3661 2399 3725 celebrarent,
2432 3665 2585 3714 mens
2612 3668 2792 3715 tamen
2817 3658 2964 3715 illius
2997 3659 3133 3715 nihil
3164 3658 3252 3717 his
3291 3660 3489 3715 obtusa
3517 3668 3623 3728 est,

2040 3770 2161 3827 quae.
2192 3754 2372 3811 divina
2405 3753 2784 3833 meditaretur,
2829 3753 3113 3824 animique
3148 3756 3492 3825 propositum
3528 3746 3648 3808 ex!

2038 3850 2189 3921 plere
2219 3855 2462 3918 cuperet.
2489 3844 2627 3902 Cum
2652 3846 2765 3917 jam
2790 3846 2975 3916 itaque
2991 3855 3281 3917 appetente
3314 3855 3472 3902 nocte
3499 3861 3624 3902 cum
3666 3914 3671 3919 ε

2040 3957 2243 4013 sponsa
2266 3939 2506 3998 cubiculi
2536 3947 2748 3996 secreta
2777 3939 3047 4010 petiissct,
3072 3953 3136 3993 ac
3168 3938 3306 3993 lecto
3335 3938 3623 4006 assideret,

2042 4044 2266 4105 totoque
2287 4033 2472 4089 animo
2496 4047 2585 4088 res
2606 4031 2819 4087 divinas
2839 4031 3091 4103 agitaret,
3115 4030 3354 4100 suspirio
3374 4030 3626 4086 iudicans

2039 4128 2369 4187 desiderium
2408 4142 2592 4193 suum,
2630 4126 2711 4182 sic
2754 4139 2876 4181 eam
2917 4124 3121 4195 alloqui
3173 4139 3463 4196 aggressus
3490 4134 3582 4181 “est
3620 4150 3626 4180 ;

2040 4222 2177 4280 Vitae
2197 4220 2554 4286 curriculum,
2571 4218 2792 4290 coniux,
2818 4226 2877 4273 ut
2894 4216 3150 4274 omnibus
3180 4226 3345 4286 patet,
3370 4218 3626 4288 exiguum

2041 4326 2145 4383 est,
2187 4327 2525 4386 prorsusque
2574 4310 2869 4367 incertum.
2913 4307 3085 4365 Nemo
3119 4310 3265 4365 enim
3313 4310 3625 4365 mortalium

2042 4383 2214 4473 novit,
2263 4383 2478 4476 quando
2519 4419 2666 4459 mors
2693 4418 2983 4458 accessura
3031 4403 3119 4467 sit,
3152 4417 3364 4474 nosque
3406 4402 3534 4459 hinc
3560 4404 3626 4458 ad

351 4502 525 4557 πᾶσιν
571 4501 812 4574 εὔδηλον,
868 4503 963 4557 καὶ
1010 4503 1207 4576 ἀδηλίᾳ
1250 4503 1345 4558 τοῦ
1408 4506 1697 4576 μέλλοντος
1754 4505 1939 4560 τέλεον

2045 4500 2287 4555 futurum
2315 4496 2445 4550 illud
2469 4537 2483 4561 ,
2518 4495 2665 4565 quod
2692 4492 2950 4546 omnibus
2972 4501 3057 4549 est
3086 4506 3398 4553 commune,
3435 4507 3627 4545 amau-

349 4570 801 4667 κεκρατημένοςο
853 4596 914 4650 οὐ
962 4596 1072 4669 γὰρ
1101 4570 1371 4667 ’ἐμφανές
1409 4570 1526 4652 ,τινι
1577 4598 1685 4651 τῶν
1718 4597 1937 4652 πάντων

2045 4594 2236 4647 datura
2278 4588 2571 4661 judicium,
2605 4590 2660 4641 in
2688 4602 2798 4657 quo
2842 4601 3025 4640 rerum
3058 4593 3333 4656 gestarum
3367 4584 3506 4640 ratio
3537 4600 3628 4641 se-

352 4686 685 4759 καθέστηκε,
722 4687 853 4741 πότε
891 4687 1121 4753 θάνατος
1151 4688 1417 4755 ἐπελθὼν,
1459 4688 1555 4741 καὶ
1604 4687 1793 4741 τούτου
1828 4704 1938 4757 χω-

355 4781 518 4846 ρίσας
552 4781 689 4853 πρὸς
715 4781 777 4835 τὸ
808 4781 1003 4853 μέλλον
1042 4780 1401 4853 παραπέμψει
1450 4783 1544 4835 καὶ.
1575 4781 1755 4836 κοινὸν
1788 4780 1941 4835 δικα-

353 4874 603 4947 στήριον,
640 4876 903 4946 ἐτασμοῖς
934 4874 1190 4947 ἀκριϐέσι
1222 4874 1333 4929 τῶν
1372 4873 1781 4945 πεπραγμένων
1809 4872 1942 4926 ὐποο

354 4967 785 5039 ίληθησόμενον.
863 4968 1146 5023 Ἐντεῦθεν
1205 4967 1492 5037 ἀνέτοιμον
1538 4965 1711 5020 ἐνίοτε
1759 4965 1942 5019 λαὸὼν

354 5059 453 5113 καὶ
478 5058 757 5125 πλείστοις
804 5060 1047 5133 φορτίοις
1101 5060 1517 5131 ἁμαρτημάτων
1544 5058 1938 5131 βαρυνόμενον,

351 5155 456 5222 τῆς
501 5152 597 5207 τοῦ
642 5152 879 5208 κτίστου
928 5154 1221 5219 καλοποιοῦ
1255 5153 1299 5186 ³⁸
1327 5153 1660 5225 ὼραιότητος
1689 5154 1768 5217 εἰς
1794 5150 1942 5206 ἅπαν

353 5243 752 5316 ἀλλοτριὼσας,
780 5245 955 5318 οἴμοιε
976 5246 1180 5316 αἰωνίῳ
1212 5245 1568 5320 καταδικάζει
1590 5243 1744 5316 πυρίο
1769 5229 1956 5314 μικρῖ

353 5337 416 5389 δὲ
446 5337 542 5391 καὶ
567 5338 789 5413 δοκήσει
834 5335 970 5411 μόνῃ
1000 5340 1070 5393 τὰ
1117 5338 1261 5394 καλά
1290 5338 1653 5409 κεκτημένος,
1690 5336 1943 5409 ἀπείροις

358 5431 612 5502 ἀνιαροῖς
676 5433 1104 5507 περιτειχίζεται
1165 5431 1482 5497 ίδιοποιοῦσι
1527 5430 1629 5503 τὴν
1654 5431 1937 5503 τελευτήνῖ

2042 4681 2185 4736 veris
2230 4678 2626 4750 qumstionibus
2655 4675 2927 4733 reddenda
2969 4676 3090 4731 erit.
3135 4674 3275 4731 llinc
3297 4675 3647 4747 quandoque

2044 4754 2366 4847 imparatos,
2403 4771 2723 4842 magnisque
2762 4778 3114 4840 peccatorum
3166 4770 3397 4826 cumulis
3431 4784 3629 4826 onera-

2045 4879 2150 4936 tos,
2186 4886 2216 4924 a
2248 4866 2522 4925 Creatoris
2551 4863 2980 4935 pulchritudine,
3012 4878 3090 4919 ex
3123 4877 3229 4934 qua
3267 4870 3454 4921 manat
3479 4863 3628 4933 quod

2043 4966 2331 5037 pulchrum
2362 4971 2465 5030 est,
2496 4962 2714 5033 penitus
2744 4969 3011 5022 extorres,
3044 4958 3263 5014 aeternis
3293 4957 3395 5013 heu
3423 4958 3437 5012 Ξ
3470 4956 3629 5012 llam-

2043 5062 2151 5116 mis
2182 5058 2427 5114 addicit:
2485 5066 2648 5125 atque
2678 5053 2760 5121 is,
2798 5053 2889 5124 qui
2922 5053 3116 5124 exigua
3150 5051 3316 5116 bona,
3358 5050 3403 5105 si
3445 5059 3627 5106 tamen

2044 5150 2272 5207 dicenda
2304 5160 2431 5205 sunt
2465 5149 2636 5213 bona;
2665 5160 2787 5216 qua:
2821 5143 3003 5214 specie
3036 5151 3247 5196 tantum
3280 5152 3334 5196 et
3372 5141 3630 5212 opinione

2045 5253 2176 5304 sunt
2220 5241 2533 5315 ejusmodi,
2584 5237 2927 5310 possederit,
2964 5236 3267 5291 innumeris
3322 5233 3629 5304 implicatur

2046 5335 2339 5400 molestiis,
2357 5334 2555 5404 quibus
2578 5333 2700 5386 vita:
2722 5330 2846 5385 finis
2872 5344 3014 5401 aegre
3042 5327 3304 5383 immunis
3330 5326 3421 5382 sit.
3455 5325 3627 5392 Quid-

2048 5446 2175 5487 nam
2197 5442 2327 5484 vero
2349 5426 2500 5482 exiis
2517 5439 2636 5496 quae
2659 5422 2786 5480 huic
2808 5430 3104 5493 suppetunt
3120 5419 3300 5501 bonis,
3326 5419 3544 5475 firmum
3564 5433 3627 5473 ac

1664 5588 1901 5647 νΑιιιΑῑ
1942 5588 2235 5647 LECTION
2246 5588 2347 5644 ES.

433 5742 456 5775 ‘
484 5740 619 5798 fort.
655 5738 1073 5810 κατεστὲφοντο.
1109 5808 1116 5810 _
1148 5736 1325 5794 ’l’ort.
1356 5736 1605 5810 χειρίστη
1628 5732 2118 5810 συνδεθεῖσιψυχῇ.
2196 5731 2218 5763 ⁸
2252 5730 2450 5810 Desunt
2492 5728 2682 5810 multi-1‘,
2721 5734 2784 5810 ut
2807 5723 2963 5810 ειη-ξιτ
2990 5721 3271 5810 Lipom'qni
3321 5721 3625 5810 τοίίηᾳςιςιιι

360 5791 1012 5885 ξμςιιῇῖίιιιιῆΠῨεήεἷιιιην
1037 5791 1324 5874 τινὺὶινυι,’
1353 5791 1506 5879 ἳιήῖιδ
1561 5791 1925 5880 ἁῇοσναρίιιιιη
1965 5791 2302 5875 ’γάρ’ἒίεδεηιο
2328 5799 2474 5875 (Not.
2510 5800 2596 5856 ed.
2632 5797 2789 5868 Par.)
2864 5798 2891 5827 ν·
2914 5791 3144 5866 ὲνωχίαν
3169 5791 3293 5849 Par.
3359 5793 3402 5825 ⁸ο
3437 5791 3625 5846 καλλο-

366 5884 526 5940 ποιοῦ
559 5885 681 5942 Par.
