4010 6314
262 403 345 469 25
1560 412 2051 497 T-HEOPHANIS
2087 416 2287 478 VITA.
3492 427 3562 494 26

260 517 489 587 χούσης,
540 514 637 570 καὶ
677 515 779 585 τὴν
810 512 906 571 τοῦ
943 516 1219 571 Δεσπότου
1273 519 1581 590 παρουσίαν
1612 522 1852 593 παραδη-

1970 539 2287 582 consuetam
2311 528 2635 585 suavitatem
2656 545 2947 603 superans,
2971 512 3187 593 Domini
3217 539 3559 610 praesentiam

259 605 487 677 λούσης,
507 605 569 670 ὃς
600 606 701 674 τὴν
743 606 1005 678 πρὸθεσιν
1034 608 1142 663 τῶν
1169 608 1488 681 θαυμασίων
1518 615 1859 688 ἀποδεξάμε-

259 716 377 763 νος.
405 703 471 770 τῇ
505 700 687 771 οἰκείᾳ
725 700 1098 772 κατηγλάῖσεν
1145 704 1429 776 ἐπιδημίᾳ.
1468 706 1863 778 Ὑφαπλώσαν-

257 810 365 861 τας
389 791 483 847 οὖν
508 794 738 859 ἑαυτοὺς
766 794 844 863 τῷ
871 794 1082 862 ἐδάφει,
1115 796 1216 859 ’τὰς
1233 796 1326 849 τοῦ
1359 797 1543 863 ἐλέους
1569 802 1862 858 ἐπιθλῦσαι

259 885 479 949 τούτοις
523 885 689 957 ᾔτουν
725 885 931 956 πηγάς.
957 888 1068 943 Καὶ
1112 887 1176 954 δὴ
1212 887 1313 958 τῆς
1357 888 1509 954 θείας
1558 893 1861 962 ἐμφανείας

258 976 685 1047 παρῳχηκυίας,
714 977 806 1045 τὸν
835 975 1064 1030 πλοῦτον
1102 978 1384 1042 κενοῦντες
1415 977 1579 1053 [ταῖς]
1606 982 1714 1036 τῶν
1747 984 1862 1040 δεο-

263 1068 447 1139 μένων
480 1087 539 1139 χε
544 1069 637 1139 pol
662 1106 678 1134 ,
700 1069 1009 1140 ἐνεχείρουν
1028 1069 1123 1123 καὶ
1149 1070 1283 1142 πρὸς
1312 1069 1410 1143 τὴν
1436 1074 1481 1105 ἰ
1511 1073 1861 1148 ἀναχώρησιν

260 1161 716 1227 ἐνσκευάζεσθαι.
778 1162 1237 1235 ’.ἀντεστρατήγει
1283 1164 1337 1218 δέ
1391 1164 1601 1231 τούτοις
1666 1167 1861 1237 φθόνος

256 1253 361 1309 τοῦ
413 1253 599 1309 κοινοῦ
636 1254 899 1326 πολεμίου
948 1256 1085 1309 πᾶσι
1140 1254 1453 1325 βασκαίνων
1506 1259 1713 1326 καλοῖς,
1765 1261 1861 1317 καὶ

260 1345 539 1418 κηδευτὴς
581 1349 609 1401 6
647 1347 840 1401 τούτου
891 1347 980 1402 ἐπ’
1018 1347 1204 1412 αὐτοῖς
1259 1350 1441 1419 μόνοις
1491 1351 1591 1418 τὰς
1640 1353 1860 1419 ἐλπίδας

260 1437 365 1492 τοῦ
404 1437 523 1508 βίον
552 1435 817 1504 σαλεύων,
855 1439 947 1491 ἐπὶ
976 1439 1233 1494 τοσοῦτον
1275 1440 1585 1513 χαλεπήνας
1617 1443 1694 1514 τῷ
1720 1448 1861 1516 πρά-

258 1545 466 1597 γματι,
493 1527 566 1591 ὡς
592 1526 683 1582 καὶ
710 1527 934 1598 βασιλέα
965 1528 1103 1601 πρὸς
1130 1529 1308 1600 μέγαν
1330 1531 1634 1603 ἐξερεθίσαι
1663 1535 1855 1605 θυμόν.

256 1620 422 1674 Λέων
451 1620 507 1674 δὲ
544 1614 701 1683 οὗτος
729 1619 817 1694 ἦν,
849 1624 877 1676 ὁ
903 1623 999 1678 τοῦ
1036 1625 1412 1698 Κοπρωνύμου
1447 1631 1561 1693 υἱὸς
1610 1632 1706 1686 καὶ
1738 1633 1858 1687 διά-

256 1711 442 1781 δοχος,
463 1712 521 1777 ὃς
547 1714 640 1767 τὸν
666 1715 791 1769 νέον
831 1717 1224 1789 ὑπεραλγήσας
1255 1723 1346 1773 καὶ
1366 1724 1457 1775 τὸν
1474 1725 1674 1779 οἰκεῖον
1700 1726 1857 1796 φίλον

256 1800 465 1875 τιμῶν,
498 1806 760 1877 ὀμμάτων
806 1808 978 1873 δεῖξαι
1023 1809 1325 1882 χηρεύοντα
1371 1815 1463 1869 τὸν
1516 1818 1756 1885 νεανίαν,
1804 1823 1854 1877 εί

262 1896 345 1966 μὴ
396 1899 499 1975 τῆς
558 1897 929 1972 ἐγχειρήσεως
976 1879 1228 1975 ἐκσταίη,
1274 1905 1371 1959 σὺν
1418 1908 1600 1978 ὅρκοις
1641 1879 1855 1983 διηπει-
1888 1879 1928 1935 Β

256 1988 409 2045 λείτο
438 1990 506 2045 ".
544 1992 652 2046 Kal
680 1991 818 2063 πρὸς
856 1993 952 2065 τὴν
986 1994 1225 2059 Κύζικον
1273 1998 1674 2069 ἐξαπέστειλεν,
1711 2004 1859 2069 ἀξιόο

256 2100 449 2154 χρεων
480 2079 794 2155 ἐγχειρίσας
838 2088 1182 2159 πραγμάτων
1205 2089 1495 2163 διοίκησιν,
1534 2094 1610 2158 ὡς
1645 2095 1711 2148 ἂν
1741 2100 1857 2162 τοῖς

262 2175 521 2245 ματαίοις
569 2176 666 2230 καί⁵
732 2178 812 2247 τῷ
886 2180 1065 2253 χρόνῳ
1143 2176 1553 2254 παραρρέουσιν
1612 2188 1856 2257 ἀγεννῶς

254 2267 742 2338 ἐνασχολούμενος,
774 2272 912 2344 λήθῃ
942 2273 1203 2346 παραδοίη
1224 2275 1316 2343 υ*
1343 2277 1447 2331 τῶν
1490 2279 1576 2332 ἀεὶ
1607 2281 1858 2337 ἑστώτων

255 2359 361 2429 τὴν
387 2360 640 2427 ἀγλαΐαν.
686 2363 744 2417 Ὀ
771 2363 829 2418 δὲ
860 2362 1048 2436 ὥσπερ
1078 2367 1312 2438 ἕρμαιον
1345 2369 1443 2440 τὴν
1475 2370 1650 2438 ἔξοδον
1678 2374 1857 2430 ἀσπα-

257 2452 536 2521 σάμενος,
603 2456 955 2527 ἐπιτυγχάνει
1030 2459 1173 2513 κατά
1243 2458 1341 2532 τὴν
1411 2463 1504 2516 ἐπὶ
1563 2465 1855 2539 Σιγριανὴν

265 2544 507 2614 πάροδον
562 2547 779 2619 γέροντι
834 2551 903 2603 τά
957 2552 1133 2604 πάντα
1195 2553 1520 2628 θαυμασίῳ,
1568 2558 1857 2631 Γρηγορίῳ

254 2638 530 2710 τοῦνομα,
563 2638 731 2711 εἴπερ
775 2644 870 2695 καὶ
898 2632 1163 2713 ὀνόματος
1198 2647 1330 2717 ἡμῖν
1394 2649 1568 2719 μέλει,
1590 2652 1769 2716 ἄλλοις
1795 2667 1855 2707 τε

254 2731 722 2804 κατηγλαῖσμένῳ
781 2736 1097 2805 χαρίσμασι
1151 2740 1245 2793 καὶ
1286 2744 1625 2812 προφητείας
1671 2746 1855 2818 χάριτι

254 2823 628 2897 λαμπομένῳ·
677 2828 737 2891 ὃς
776 2830 994 2899 πολλοῖς
1043 2832 1233 2904 ἱδρῶσι
1283 2835 1577 2909 ἐλευθέραν
1606 2838 1714 2893 τῶν
1746 2856 1854 2894 πα-

253 2916 370 2973 θῶν
412 2919 513 2989 τὴν
554 2920 747 2976 ἑαυτοῦ
801 2924 1031 2994 καρδίαν
1068 2928 1552 2997 ἀπεργασάμενος,
1610 2933 1748 3002 πρός
1795 2951 1855 2987 τε

252 3010 522 3066 θεοπτίαν
556 3012 861 3084 ἐπιτήδειος
904 3018 998 3070 καὶ
1043 3020 1179 3090 πρὸς
1224 3019 1318 3074 τοῦ
1370 3022 1659 3092 μέλλοντος
1686 3044 1855 3081 κατα-

251 3102 450 3174 νόησιν
476 3106 748 3174 ἐγεγόνει·
807 3109 902 3161 καὶ
948 3110 1014 3163 τὰ
1049 3111 1150 3180 τῆς
1187 3114 1499 3184 προθέσεως
1548 3120 1853 3191 ἀνατίθησι,

1967 618 2267 675 indicabat.
2300 620 2349 677 Is
2375 637 2572 692 nempe
2597 623 3000 681 admirabilium
3033 629 3329 701 eonjugum
3357 646 3560 702 propo—
3630 624 3633 625 ⁷

1967 710 2132 765 situm
2191 714 2523 783 approbans,
2575 717 2869 785 pmsentia
2926 734 3023 775 eos
3069 736 3167 776 sua
3226 722 3555 780 honestavit.

1968 799 2100 856 Sese
2137 805 2304 874 igitur
2336 806 2487 861 humi
2528 817 2961 877 prosternentes,
2996 820 3056 867 ut
3095 812 3198 871 sibi
3241 814 3558 870 misericor-

1965 894 2068 950 diae
2123 895 2300 951 fontes
2360 908 2671 964 manarent,
2724 901 3111 959 obsecrabant.
3163 904 3423 976 Adeoque
3458 907 3551 963 ubi

1968 1003 2056 1044 res
2089 999 2367 1046 transacta
2399 1004 2568 1055 esset,
2595 994 3042 1065 praeter-iteratque
3073 996 3272 1053 divinae
3301 999 3392 1054 ille
3419 1014 3552 1055 con-

1964 1093 2186 1151 spectus
2229 1085 2554 1155 praesentiae,
2603 1102 2733 1157 opes
2769 1074 2970 1143 aﬂ‘atim
3006 1088 3373 1153 ell‘undentes,
3413 1106 3552 1161 pau-

1964 1190 2152 1244 perum
2185 1176 2438 1232 manibus
2459 1180 2875 1247 contradebant,
2911 1197 3021 1253 quo
3066 1198 3126 1237 se
3165 1183 3232 1238 ad
3289 1184 3456 1238 vitam
3493 1185 3548 1239 in

1961 1269 2256 1325 solitudine
2282 1272 2583 1342 degendam
2630 1284 3033 1346 compararent.
3089 1274 3195 1331 Sed
3239 1277 3553 1334 communis

1965 1362 2135 1418 hostis
2158 1364 2381 1429 invidia,
2415 1382 2576 1434 quatn
2611 1367 2727 1437 ipse
2755 1383 2821 1423 ex
2848 1369 3008 1424 rebus
3040 1369 3286 1425 honestis
3316 1369 3549 1439 praecla-

1961 1456 2146 1527 risque
2177 1459 2474 1522 contrahit,
2505 1459 2920 1518 adversabatur.
2956 1461 3237 1533 Socerque
3266 1463 3408 1533 ejus,
3449 1461 3547 1532 qui

1959 1564 2176 1605 omnem
2210 1549 2265 1605 in
2303 1550 2437 1620 ipsis
2463 1552 2597 1607 solis
2632 1567 2814 1609 rerum
2841 1568 3067 1609 suarum
3120 1569 3268 1623 spem
3312 1553 3543 1622 positam

1960 1644 2213 1708 habebat,
2238 1644 2524 1700 consilium
2549 1646 2631 1701 sic
2669 1661 2812 1716 aegre
2859 1646 3001 1713 tulit,
3032 1655 3091 1701 ιιι
3117 1646 3294 1715 ipsum
3318 1642 3547 1717 quoque

1959 1734 2347 1807 imperatorem
2381 1736 2435 1791 in
2488 1753 2740 1809 magnam
2777 1738 3209 1810 indignationem
3245 1739 3544 1809 impulerit.
3598 1728 3601 1729 ⁷

1960 1828 2069 1884 Leo
2102 1830 2191 1885 hic
2212 1829 2316 1885 fuit
2347 1830 2679 1902 Coptonymi
2715 1831 2880 1899 ﬁlius,
2925 1844 2991 1887 ac
3025 1831 3238 1901 imperii
3268 1831 3460 1887 haeres.
3494 1829 3546 1887 Is

1956 1923 2320 1981 adolescentis
2370 1926 2543 1982 vicem
2596 1926 2813 1991 dolens,
2878 1926 3267 1996 propriumque
3305 1926 3543 1981 amicum

1957 2016 2258 2085 honorans,
2288 2019 2648 2089 jurejurando
2710 2019 3075 2074 comminatus
3129 2026 3213 2073 est
3255 2033 3314 2073 se
3354 2018 3545 2074 adole-

1958 2110 2129 2163 scenti
2149 2109 2337 2165 oculos
2356 2109 2708 2172 eﬂ‘ossurnm,
2738 2109 2843 2164 nisi
2871 2126 2899 2163 a
2922 2108 3205 2179 proposito
3231 2109 3541 2164 desisteret.

1956 2198 2102 2255 Misit
2136 2201 2317 2271 itaque
2367 2201 2649 2273 Cyzicum,
2687 2215 2999 2271 munusque
3028 2201 3351 2271 prteclarum
3380 2213 3559 2260 com-.

1956 2291 2127 2357 misit,
2168 2303 2230 2346 ut
2255 2295 2383 2347 dum
2420 2295 2585 2348 rebus
2619 2293 2794 2356 vanis,
2824 2307 2888 2347 ac
2910 2307 3035 2362 quae
3069 2300 3318 2361 tempore
3346 2289 3540 2345 eam..-

1958 2394 2072 2448 unt,
2108 2384 2374 2455 ignaviter
2405 2383 2762 2455 impenditur,
2787 2399 2977 2439 earum
3013 2397 3136 2453 quae
3160 2386 3379 2453 semper
3404 2398 3533 2447 per-

1955 2486 2203 2540 manent,
2234 2478 2668 2533 oblivisceretur.
2713 2478 2785 2530 At
2816 2475 2911 2531 ille
2951 2483 3217 2543 tanquam
3269 2473 3539 2536 oblatum,

1955 2568 2100 2638 quod
2160 2569 2295 2623 urbe
2344 2568 2657 2623 exeundum
2720 2576 2887 2629 esset,
2950 2566 3257 2636 amplexus,
3315 2578 3542 2635 remque

1958 2662 2207 2716 lubenter
2244 2661 2490 2728 habens;
2522 2662 2649 2715 dum
2678 2660 2818 2730 apud
2846 2659 3158 2730 Sigrianem
3185 2659 3404 2725 transit,
3439 2656 3541 2713 ad-

1957 2754 2207 2807 mirando
2240 2754 2356 2807 seni
2394 2752 2662 2822 Gregorio
2702 2752 2947 2815 nomine,
2975 2751 3095 2806 viro
3124 2765 3249 2806 cum
3286 2750 3408 2805 aliis
3438 2749 3542 2804 do-

1955 2847 2062 2910 nis,
2104 2857 2213 2899 tum
2259 2845 2555 2915 prophetiae
2583 2844 2755 2916 gratia
2795 2844 3017 2910 illustri,
3064 2843 3323 2897 occurrit.
3354 2841 3540 2899 Multis

1953 2939 2099 2994 enim
2128 2939 2176 2995 is
2208 2939 2503 2993 sudoribus
2534 2938 2779 2992 animum
2812 2952 2846 2991 a
2868 2935 3375 3007 perturbationibus
3401 2935 3540 2990 libe-

1954 3050 2096 3097 rum,
2127 3048 2296 3102 seque
2322 3039 2437 3086 tum
2470 3031 2535 3086 ad
2569 3027 3094 3100 contemplationem
3122 3041 3306 3083 rerum
3325 3025 3540 3080 divina-

1959 3142 2101 3193 rum,
2134 3136 2246 3179 tum
2280 3126 2346 3179 ad
2376 3140 2592 3189 eorum,
2621 3138 2743 3193 qua:
2773 3130 2999 3177 ventura
3037 3128 3244 3182 essent,
3272 3118 3540 3191 c0gnitio-

251 3193 355 3247 καὶ
388 3195 487 3264 τὴν
518 3198 815 3265 φυγαδείαν
846 3200 905 3253 ἐν
930 3197 1145 3271 βουλαῖς
1178 3199 1344 3257 οὖσαν
1386 3208 1509 3261 ὅσον
1537 3209 1688 3265 οὔπω
1722 3214 1852 3266 καθ-

1956 3206 2102 3285 nem,
2137 3228 2323 3287 aptum
2362 3217 2697 3272 reddiderat.
2754 3213 2893 3269 Huic
2943 3212 3308 3282 Theophanes
3368 3208 3538 3264 animi

250 3287 551 3357 υποφαίνει
587 3291 651 3345 ³³.
690 3289 752 3343 '0
783 3291 839 3345 δὲ
871 3295 1117 3365 συνήθως
1150 3297 1225 3369 τῷ
1273 3303 1523 3373 παναγίτρ
1569 3305 1852 3376 καταλαμ-

250 3380 415 3450 φθεὶς
449 3381 744 3453 Πνεύματι.
765 3386 929 3440 Οὐδὲν
955 3388 1036 3442 δεῖ
1072 3406 1177 3455 σοι,
1208 3392 1367 3462 φησὶ,
1398 3379 1500 3463 τῆς
1531 3398 1849 3466 φυγαδείας,

251 3467 305 3527 ὦ
354 3475 562 3539 νεανία,
593 3477 712 3547 μετ’
742 3476 921 3546 ὀλίγον
969 3480 1019 3511 ’⁸
1068 3481 1351 3540 ἀκωλύτου
1406 3476 1511 3557 τῆς
1565 3489 1851 3563 ἀναχωρή-

254 3581 403 3630 σεως
442 3564 736 3639 ἐσομένης.
782 3567 838 3627 '0
870 3570 979 3641 γὰρ
1006 3572 1095 3637 σὸς
1126 3574 1395 3645 κηδευτὴς
1427 3579 1539 3647 ἆμα
1586 3581 1662 3649 τῷ
1692 3581 1851 3651 βασι-

250 3657 475 3712 λεύοντι
524 3660 623 3731 τῆς
655 3663 941 3735 παρούσης
966 3661 1153 3736 βιοτῆς
1181 3668 1548 3733 ἀπωσθέντες,
1583 3673 1719 3743 πρὸς
1753 3674 1851 3746 τὴν

253 3754 443 3806 ἐκεῖσε
470 3755 1039 3826 μετακομισθήσονται
1063 3761 1359 3815 συνοικίαν.
1390 3764 1498 3815 Καὶ
1519 3767 1583 3836 τῇ
1615 3765 1849 3840 συνούσῃ

250 3845 512 3917 ψιθύροις
541 3846 816 3917 ἐπεφώνει
841 3853 953 3914 τοῖς
987 3851 1212 3922 χείλεσι,
1243 3854 1317 3918 ὡς
1366 3856 1424 3910 '0
1464 3858 1625 3922 καλὸς
1662 3860 1849 3914 οὑτοσὶ

250 3944 479 4004 νεανίας
510 3940 605 3994 καὶ
635 3942 932 4015 μαρτύρων
979 3946 1377 4019 κομισθήσεται
1438 3952 1608 4023 στέφη
1670 3952 1848 4026 καιρῷ

248 4027 337 4106 τῷ
359 4034 715 4106 προσήκοντι.

320 4210 440 4270 Ἦν
469 4214 527 4272 δέ
557 4218 634 4290 τῷ
667 4221 762 4273 τοῠ
804 4219 1060 4293 γέροντος
1095 4207 1601 4298 ἐξυπηρετούμενος
1632 4231 1676 4263 ⁸⁵
1718 4232 1850 4286 ὑπο-

250 4306 453 4378 ζυγίῳ,
480 4309 579 4362 καὶ
606 4308 779 4382 ταύτῃ
816 4311 1021 4381 μᾶλλον
1048 4313 1081 4385 ἢ
1115 4316 1182 4386 τῇ
1218 4313 1482 4388 βασιλείῳ
1514 4320 1620 4374 τῶν
1655 4322 1844 4377 ἵππων

252 4400 531 4471 ὑπηρεσίᾳ
592 4403 1152 4476 μεγαλαυχούμενος,
1212 4412 1270 4479 ἐν
1329 4402 1363 4484 ᾖ
1412 4413 1506 4467 καὶ
1560 4413 1841 4488 διέπρεπε.

245 4491 463 4546 Τούτου
510 4496 576 4566 τῇ
642 4494 963 4570 διδασκαλίᾳ
1020 4500 1382 4572 προσμείνας,
1439 4508 1533 4559 καὶ
1585 4508 1844 4581 Πατέρων

1953 3313 2037 3369 sui
2076 3311 2410 3382 prepositum
2440 3310 2631 3387 aperit,
2669 3323 2731 3362 ac
2760 3322 2819 3363 se
2846 3306 3030 3374 fugam
3060 3302 3309 3359 meditari
3344 3293 3537 3356 subin-

1952 3404 2115 3460 dicat.
2149 3402 2240 3458 Ille
2273 3414 2467 3457 sancto
2499 3401 2726 3470 Spiritu,
2761 3412 2821 3453 ut
2848 3406 2968 3456 erat
3016 3397 3239 3459 solitus.
3285 3394 3538 3451 illustra-

1952 3508 2087 3555 tus:
2128 3495 2274 3551 Nihil
2304 3506 2411 3561 est,
2469 3495 2667 3563 inquit,
2704 3509 2737 3547 ο
2771 3492 3013 3563 juvenis,
3068 3487 3537 3560 quamobrem'dc

1951 3590 2077 3661 fuga
2118 3589 2324 3660 cogites
2361 3608 2375 3645 :
2419 3588 2577 3658 paulo
2610 3595 2737 3657 post
2758 3586 2903 3640 enim
2930 3585 3116 3640 licebit
3150 3582 3271 3649 tibi,
3310 3581 3531 3637 nemine

1952 3685 2297 3754 prohibente,
2325 3684 2391 3737 ad
2426 3681 2776 3739 solitudinem
2810 3688 2865 3734 te
2886 3677 3162 3735 conferre.
3196 3674 3348 3731 Tuus
3378 3690 3536 3729 nam-

1950 3793 2057 3848 que
2090 3792 2265 3840 socer,
2292 3790 2503 3830 necnon
2533 3776 2830 3844 imperator
2860 3772 3002 3826 vivis
3042 3770 3280 3838 exempti
3322 3769 3387 3822 ad
3431 3768 3535 3823 aevi

1952 3868 2123 3923 futuri
2183 3867 2604 3923 contubernium
2654 3863 3118 3932 commigrabunt.
3160 3859 3297 3913 Tum
3351 3859 3531 3923 uxori,

1950 3978 2071 4033 quae
2099 3975 2284 4015 comes
2312 3968 2452 4023 erat,
2487 3957 2648 4013 labiis
2674 3958 2742 4011 ad
2777 3971 2941 4012 aures
2970 3960 3245 4015 susurrat,
3283 3949 3423 4016 fore,
3472 3960 3534 4005 ut

1949 4054 2241 4124 praeclarus
2265 4052 2483 4123 juvenis
2516 4060 2815 4120 martyrum
2850 4061 3074 4117 quoque
3129 4045 3377 4099 lauream
3436 4058 3537 4114 opo

1946 4154 2184 4215 pet-tune
2214 4153 2452 4213 tempore
2486 4148 2805 4210 reportaret.

2020 4237 2265 4293 Senioris
2344 4234 2678 4290 inserviebat
2744 4232 3040 4303 jumento,
3096 4241 3276 4297 eoque
3332 4222 3529 4296 magis.

1944 4346 2111 4401 quam
2142 4329 2288 4399 regio
2315 4341 2584 4397 equorum
2638 4305 2959 4379 ministerio‘
2997 4320 3361 4392 gloriabatur,
3419 4330 3535 4386 quo

1946 4423 2066 4492 ipso
2083 4429 2319 4477 ornatus
2354 4428 2488 4475 erat.
2527 4416 2689 4475 Senis
2716 4416 2885 4487 igitur
2939 4413 3206 4470 doctrinm
3241 4410 3526 4474 assiduus,

1946 4532 2009 4572 ac
2054 4514 2182 4571 dum
2223 4513 2466 4568 visendis
2518 4511 2641 4565 aliis
2685 4508 2943 4566 Patribus
2978 4514 3198 4576 tempus
3232 4504 3382 4570 terit,
3433 4501 3529 4556 deo

249 4585 460 4655 ἐτέρων
491 4586 813 4659 ἐπισκέψεσι
858 4590 1233 4663 ἐμϐραδύνας,
1264 4592 1476 4669 ὠψίσθη
1510 4598 1611 4670 τῆς
1656 4579 1840 4657 οἴκαδε

1956 4626 2098 4665 mum
2131 4608 2433 4663 rediturum
2484 4607 2617 4661 hora
2661 4604 2869 4661 tardior
2928 4600 3251 4672 prohibuit;
3312 4609 3531 4666 unaque

250 4678 628 4769 ὑποστροφῆς,
674 4684 769 4735 καὶ
799 4681 877 4754 τῷ
900 4686 1119 4756 τυχόντι
1163 4688 1348 4760 χωρίῳ
1384 4691 1481 4744 σὺν
1513 4694 1624 4756 τοῖς
1657 4693 1843 4759 συνοῦ-

1956 4718 2068 4758 :um
2091 4702 2256 4757 sociis
2280 4700 2400 4754 loco
2422 4698 2658 4769 primum
2690 4695 2853 4750 obvio
2874 4709 2999 4751 cum
3030 4691 3371 4761 supellectile
3398 4704 3530 4742 cun-

253 4784 369 4837 σιν,
411 4769 486 4834 ὡς
512 4766 626 4842 εἶχε
662 4778 885 4847 σκευῆς,
915 4778 1297 4850 ἐγκατέμεινε·
1335 4781 1573 4837 καύσωνι
1615 4801 1674 4837 τε
1712 4787 1842 4841 πολ-

1956 4799 2107 4855 tedit.
2160 4766 2683 4866 Cumquc'intetim
2743 4790 2961 4862 ingenti
2991 4797 3128 4845 aestu
3175 4787 3378 4855 sitique
3414 4783 3529 4853 ipse

249 4859 333 4961 λῷ
370 4864 465 4915 καὶ
494 4864 622 4937 δίψῃ
659 4869 755 4921 σὺν
812 4871 926 4933 τοῖς
977 4872 1117 4941 ἀμφ’
1155 4874 1317 4929 αὑτὸν
1364 4879 1737 4949 συνεχόμενος,
1775 4881 1840 4935 οὐ

1956 4890 2146 4961 pariter
2169 4904 2234 4944 ac
2260 4888 2492 4943 comites
2518 4883 2988 4949 excruciarentur,
3017 4880 3162 4937 haud
3179 4889 3355 4933 tamen
3377 4874 3529 4946 quod

248 4957 621 5050 δυσχεραίνων
670 4961 749 5033 τῷ
805 4963 1216 5036 συμόεϐηκότι,
1290 4971 1390 5023 ούκ
1456 4972 1695 5045 ἀπουσίᾳ
1746 4974 1837 5028 τοῦ

1956 4957 2215 5038 acciderat
2244 4980 2464 5050 indigne
2490 4977 2694 5043 ferens,
2729 4975 2814 5029 vel
2845 4988 3003 5043 aqua:
3029 4970 3256 5042 penuria
3300 4982 3369 5021 eo
3422 4966 3528 5021 ad-

252 5046 452 5140 ὕδατος
500 5053 636 5123 πρὸς
685 5056 1051 5127 μεταμέλειαν
1094 5061 1518 5135 ὑποφερόμενος,
1575 5068 1637 5121 ού
1701 5069 1839 5140 πρὸς

252 5139 403 5194 ἴασιν
428 5142 599 5209 ’⁸ητοῠ
631 5145 816 5215 δίψους
853 5148 945 5203 τὸν
974 5153 1171 5209 οἰκεῖον
1203 5154 1466 5228 δεσπότην
1500 5139 1839 5229 ἐκμειλισσό-

255 5249 439 5305 μενος.
467 5236 607 5292 ἀλλὰ
645 5240 743 5305 τὰς
768 5243 1019 5313 συνήθεις
1048 5247 1281 5312 ἀποδοὺς
1312 5250 1485 5321 τούτῳ
1508 5255 1835 5325 προσευχὰς,

254 5327 350 5378 ἐπὶ
375 5327 471 5381 τού
518 5334 811 5415 προσόντος
844 5336 1094 5392 ἀνέκειτο
1142 5341 1406 5413 τάπητος,
1459 5343 1611 5416 ὕμνῳ
1659 5347 1835 5419 βραχὺ

257 5421 762 5494 παραμυθήσασθαι
813 5428 876 5482 τὸ
900 5428 1052 5500 δίψος
1089 5432 1310 5490 ἐθέλων.
1352 5436 1491 5490 Ἀλλ’
1519 5440 1545 5492 ὁ
1575 5440 1681 5493 τῶν
1711 5441 1836 5495 θαυ-

254 5512 472 5582 μασίων
514 5515 647 5582 Θεὸς
705 5520 1057 5595 ἐντρυφῶντα
1100 5524 1167 5580 δι’
1192 5528 1357 5583 αὐτὸν
1385 5531 1496 5595 τοῖς
1526 5533 1710 5597 πόνοις
1745 5534 1836 5590 τὸν

1947 5080 2170 5143 ductus,
2204 5086 2262 5132 ut
2292 5091 2351 5132 se
2378 5073 2591 5129 itineris
2621 5072 2931 5144 pceniteret,
2964 5077 3141 5124 autut
3162 5065 3353 5122 saltem
3377 5061 3525 5118 sitim

1947 5171 2276 5242 depulsurus
2305 5170 2594 5223 dominum
2618 5180 2777 5222 suum
2807 5164 2948 5219 votis
2981 5162 3272 5232 fatigaret;
3309 5158 3405 5215 sed
3431 5156 3531 5211 ubi

1946 5261 2135 5315 solitas
2166 5274 2353 5331 preces
2384 5258 2729 5321 reddidisset,
2757 5270 2922 5325 super
2948 5265 3125 5324 tapete
3153 5251 3265 5306 illic
3284 5262 3535 5317 capanso

1947 5352 2318 5417 recumbebat,
2362 5366 2557 5405 somno
2610 5350 2884 5419 paulisper
2928 5346 3076 5403 sitim
3127 5343 3415 5399 lcniturus.
3451 5341 3526 5394 At

1946 5462 2131 5501 rerum
2170 5443 2503 5499 mirabilium
2534 5443 2754 5497 eﬂ'cclor
2790 5439 2952 5503 Deus,
2985 5437 3241 5508 juvenem
3298 5434 3529 5488 intuens

1945 5547 2167 5609 propter
2205 5552 2264 5594 se
2297 5536 2489 5592 libenti
2524 5535 2707 5590 animo
2742 5533 2960 5589 labores
2987 5530 3273 5597 ferentem,
3318 5536 3521 5597 magno

1560 5692 1793 5751 VARUE
1833 5696 2240 5755 LECTIONES.

294 5815 303 5905 ς
334 5821 379 5852 ⁸³
409 5818 552 5905 forte
712 5822 850 5905 πρὸς
880 5823 979 5905 τῂν
1022 5842 1140 5905 mg;
1187 5827 1311 5895 Par.
1367 5831 1755 5905 ἵίδιηπειλῆτο
1803 5832 1927 5893 Par.

276 5890 514 5947 ὕποκαθ.
620 5891 666 5925 ³⁸
712 5890 832 5963 μετ’
885 5890 1066 5965 ὀλίγον
1087 5890 1232 5957 Ῥιιτέ

2030 5836 2112 5869 ²²¹⁶
2142 5836 2498 5892 Scribebatur
2555 5832 2854 5903 παραθοίη.
2951 5828 2993 5861 ³³
3027 5825 3335 5903 Legebat"?
3382 5822 3515 5877 ὅσον

1341 5904 1385 5936 ιδ
1409 5898 1695 5977 ἐξεπηρετζ
1733 5906 1856 5963 Par.
1934 5908 1980 5942 “
2013 5906 2317 5981 Legebatur
2346 5898 2648 5978 προσίασε.’
2669 5904 2772 5975 Mg.
2804 5898 2926 5958 Par.
2962 5898 3238 5970 παρουσίᾳ
3261 5912 3341 5950 τε.
