3978 6316
417 350 487 416 ΞἿ
1094 359 1097 363 ’
1699 336 2027 398 ἸἩΕΟΡΙΙ.

2133 337 2196 397 lS
2230 337 2429 398 vm.
3619 326 3697 398 ΞΒ

415 469 563 527 illum
592 455 860 516 miraculo
883 450 1180 509 decoravit.
1222 446 1323 517 Qui
1355 444 1500 502 enim
1541 444 1756 517 ingrato
1788 445 1985 517 popqu
2018 474 2027 503 ε

2133 446 2312 499 εανίαν
2355 444 2519 514 ὀρῶν,
2566 441 2919 515 μεγαλοτίμῳ
2959 441 3444 513 τερατουργήματι
3488 442 3542 515 (δ
3588 445 3696 515 γὰρ

408 571 477 609 ex
511 550 811 609 durissima
840 557 993 617 petra
1027 544 1215 598 latices
1238 538 1452 604 elTudit,
1484 554 1584 595 cur
1617 537 1999 609 probojuveni

2107 528 2382 610 ἀγνώμονι
2412 538 2525 610 λαῷ
2554 542 2611 607 ἐξ
2650 539 2961 611 ἀκροτόμου
3010 538 3214 610 βλύσας
3238 540 3307 595 τὰ
3338 540 3556 613 νάματα
3581 542 3699 606 πῶς

413 644 728 703 necessaria
770 657 880 698 non
906 633 1401 695 subministraret?
1428 631 1606 688 Probe
1637 633 1801 704 igitur
1832 631 1922 686 ubi
1955 632 2000 688 is

2139 635 2205 688 ύνκ
2236 634 2463 707 ἔμελλεν
2491 634 2538 666 ⁸⁷
2565 634 2873 705 εὐγνώμονι
2902 634 3091 707 νεανίᾳ
3122 633 3193 687 τὰ
3215 634 3313 706 τῆς
3339 635 3529 707 χρείας
3556 654 3700 707 παρ-

415 750 589 797 strato
618 746 798 807 tapete
826 732 1066 803 iacebat,
1110 728 1295 785 divino
1320 728 1482 798 jussu
1509 724 1634 781 fons
1653 724 1875 796 quidam
1908 721 2004 779 ad;

418 832 669 888 miranda
700 826 1032 895 scaturigine
1056 820 1317 894 proﬂuxit
1342 840 1353 875 :
1381 829 1639 890 tactuque
1662 833 1763 875 suo
1782 812 2001 873 servum

422 926 515 982 Dei
543 924 807 989 excitans,
834 935 955 976 sese
983 918 1057 973 illi
1090 916 1345 986 patefecit
1374 930 1390 970 :
1418 914 1507 987 qui
1541 914 1705 972 sociis
1727 928 1999 968 convoca-

422 1019 515 1083 tis,
542 1015 663 1072 sitis
692 1012 991 1069 remedium
1019 1026 1050 1066 a
1084 1010 1190 1063 Deo
1214 1008 1397 1065 datum
1423 1007 1683 1063 ostendit.
1709 1005 1873 1062 Cavis
1908 1007 2010 1078 igi-

424 1120 512 1163 tur
542 1106 794 1161 manibus
823 1118 1017 1175 aquam
1046 1102 1381 1166 haurientes,
1418 1114 1613 1155 suaves
1635 1098 1758 1154 illos
1792 1099 2009 1154 divino-

358 1220 362 1225 ’
422 1218 531 1269 quo
579 1214 801 1255 munere
851 1212 1143 1254 concessus
1199 1196 1408 1261 latices,
1453 1193 1665 1251 debitas
1731 1196 2009 1251 honorum

425 1294 671 1350 omnium
706 1289 949 1361 largitori
984 1288 1093 1344 Deo
1121 1289 1419 1360 gratiarum
1473 1288 1722 1343 actiones
1778 1289 2011 1343 redden-

431 1394 535 1451 tes,
561 1399 659 1455 pro
690 1399 755 1439 eo
781 1397 848 1437 ac
876 1380 1033 1437 olIicii
1062 1381 1206 1436 ratio
1252 1380 1492 1450 petebat,
1524 1369 1906 1450 perceperunt.
1942 1382 2012 1435 At

430 1491 500 1533 ne
526 1478 652 1549 quis
680 1485 866 1546 posset
891 1475 1189 1546 suspicari,
1218 1472 1424 1529 fontem
1458 1473 1611 1528 illum
1644 1490 1767 1529 cum
1800 1475 2014 1531 occulte

433 1570 905 1639 lateretqrepente
948 1568 1004 1621 in
1056 1578 1307 1637 apertum
1364 1566 1688 1637 productum
1739 1567 2012 1636 erupisse,

434 1670 595 1715 nocte
620 1660 699 1714 sic
727 1658 971 1719 evanuit,
1008 1666 1067 1712 ut
1098 1674 1165 1712 ne
1190 1657 1480 1728 vestigium
1529 1658 1750 1728 quidem
1784 1657 1907 1728 ejus
1933 1658 2016 1712 ul-

2109 727 2328 793 έξεσθαι
2359 730 2434 795 ;)'-
2476 727 2702 798 πλησίον
2753 726 2881 795 γοῦν
2911 722 3084 798 οὗπερ
3130 727 3381 782 ἐπέκειτο
3424 729 3697 799 τάπητος,

2109 821 2263 890 πηγή
2299 836 2384 883 τις
2421 820 2551 890 θείῳ
2591 819 2979 891 προστάγματι
3021 819 3343 891 παραδόξως
3410 820 3696 885 ἁνέϐλυσε,

2110 914 2207 969 καὶ
2255 914 2391 980 θίξει
2446 911 2522 985 τῷ
2562 913 2855 985 θεράποντι
2904 913 3004 987 τὴν
3035 912 3287 983 αἴσθησιν
3327 914 3701 985 ἑμποιήσασα,

2113 1007 2250 1079 πρὸς
2285 1008 2585 1074 ἐπίγνωσιν
2632 1007 2802 1077 αὐτῆς
2842 1006 3138 1078 διήγειρεν·
3167 1006 3262 1060 καὶ
3289 1006 3418 1070 τοὺς
3446 1006 3703 1070 συνόντας

2114 1101 2633 1173 προσκαλεσάμενος
2665 1101 2727 1154 τὸ
2758 1099 3091 1172 θεοδὼρητον
3136 1099 3448 1154 ἐπεδείκνυε
3488 1102 3583 1154 τοῦ
3623 1099 3703 1153 δί-

2113 1196 2249 1266 ψους
2280 1195 2438 1266 ταμα⁸
2474 1197 2567 1249 καὶ
2594 1194 2798 1259 κοίλαις
2826 1195 3013 1265 χερσὶν
3045 1186 3387 1267 ἀρυσάμενοι
3414 1193 3506 1249 τοῦ
3535 1211 3699 1265 προσ-

2116 1290 2279 1361 ηνοῦς
2308 1289 2519 1343 ἐκείνου
2560 1289 2660 1343 καὶ
2710 1288 2994 1343 θεοσδότου
3030 1289 3421 1358 καταπήλαυον
3444 1290 3490 1323 ’⁸
3530 1289 3706 1359 νάμα-

2117 1400 2230 1448 τος,
2264 1383 2365 1453 τὴν
2402 1382 2795 1454 προσήκουσαν
2828 1382 3182 1453 εὐχαριστίαν
3227 1381 3305 1454 τῷ
3341 1381 3530 1453 δοτῆρι
3575 1382 3709 1436 πάνυ

2118 1476 2459 1544 τωνκαλῶν,
2485 1474 2559 1540 ὡς
2590 1475 2651 1529 τὸ
2685 1475 2853 1544 εἰκὸς,
2878 1475 3319 1548 ἀναπέμποντες.
3342 1476 3451 1531 Τοῦ
3487 1478 3561 1548 μή
3603 1494 3706 1531 τινι

2119 1570 2175 1623 δὲ
2206 1568 2429 1639 δόκησιν
2485 1568 2815 1640 ἐμποιῆσαι,
2858 1569 2932 1634 ὡς
2976 1570 3175 1639 ἀφανεῖ
3225 1571 3270 1604 ⁸³
3317 1569 3707 1641 καλυπτομένη

2119 1660 2258 1733 τύχῃ
2287 1662 2424 1731 πρὸς
2452 1661 2762 1732 τούμφανὲς
2806 1650 2935 1733 ἥκει
2984 1660 3182 1734 ἀθρόον
3216 1662 3573 1734 ἀναφανεῖσα,
3620 1659 3711 1715 διᾶι

434 1753 545 1807 lum
577 1767 740 1806 mane
778 1752 1199 1822 relinqueretur.
1235 1751 1349 1807 lluc
1376 1751 1605 1815 amoris,
1635 1768 1747 1821 quo
1790 1762 2015 1808 sanctus

2133 1753 2318 1819 νυκτὸς
2351 1754 2626 1826 ὰπῴχετο,
2678 1754 2752 1818 ὼς
2785 1754 2919 1825 μηδὲ
2969 1755 3115 1826 ἰχνος
3150 1755 3207 1819 ἐς
3240 1754 3301 1808 τὸ
3332 1752 3477 1826 πρωῒ
3505 1752 3713 1823 ταύτης

436 1846 527 1901 hic
551 1846 664 1917 jam
716 1845 841 1900 inde
868 1861 896 1899 a
926 1861 1063 1916 puro
1096 1848 1260 1901 Deum
1296 1845 1753 1915 prosequebatur,
1800 1846 2016 1917 signum

2133 1824 2554 1919 ἐμφανισθῆναι.
2588 1846 2761 1914 Τοῦτο
2788 1824 2894 1919 τῆς
2916 1824 3182 1902 τούήθείου
3218 1824 3550 1919 θεράποντος
3584 1863 3704 1901 παι-

437 1939 581 1994 fuit:
622 1947 772 1995 tanto
806 1938 987 2008 majus
1018 1939 1135 2003 illo,
1160 1937 1314 2008 quod
1346 1937 1559 2010 Moyses
1608 1938 1705 1994 Dei
1741 1939 2020 2011 inspector

437 2033 627 2096 edidit,
662 2033 808 2105 quod
846 2026 961 2104 ipse
991 2032 1245 2102 precibus
1271 2048 1385 2088 rem
1411 2033 1755 2104 impetravit;
1792 2035 1881 2090 hic
1920 2051 2021 2090 au-

347 2160 351 2164 -
441 2128 553 2183 tem
586 2144 653 2183 ne
676 2128 727 2183 id
770 2127 1052 2197 postulans
1084 2126 1327 2198 quidem.
1358 2126 1629 2183 Praeterea
1661 2128 1752 2184 ille
1777 2145 2022 2184 murmu-

443 2220 686 2275 rantium
732 2235 958 2275 suorum
1009 2219 1334 2274 necessitate
1395 2220 1686 2279 adductus.
1730 2220 2021 2278 Dominum

442 2312 511 2367 ad
570 2312 915 2384 largiendum
973 2312 1230 2382 impulit:
1271 2312 1359 2367 hic
1421 2323 1601 2368 autem
1655 2315 1933 2384 patientia,
1972 2326 2026 2371 et

440 2405 736 2475 gratiarum
772 2406 986 2460 actione
1010 2412 1172 2460 utens
1202 2420 1328 2460 cum
1370 2406 1535 2461 sociis
1565 2407 1702 2471 suis,
1739 2408 2023 2478 proprium

446 2498 736 2556 Dominum
769 2500 974 2568 movit;
1017 2499 1083 2554 ad
1114 2499 1230 2555 haec
1256 2497 1430 2554 Judaei
1460 2499 1561 2570 (ne
1582 2502 1760 2558 dicam
1791 2502 2024 2576 Mosem)

444 2592 821 2648 incredulitate
853 2608 1054 2647 munus
1104 2591 1495 2667 iuqttinarunt;
1557 2595 1612 2649 hi
1672 2606 1856 2653 autem
1890 2614 2026 2653 con-

442 2701 662 2757 cessum
720 2686 928 2742 donum
999 2685 1310 2744 honestatis
1375 2690 1715 2747 accessione
1765 2693 2028 2749 honesta-

444 2782 595 2836 runt.’

513 2871 765 2931 Nondum
801 2878 928 2933 anni
962 2888 1075 2937 tres
1098 2874 1496 2953 praeterieram,
1532 2896 1658 2936 cum
1694 2895 1855 2938 socer
1885 2882 2029 2953 ejus,

444 2964 499 3023 ei
538 2969 834 3041 imperator
867 2989 896 3029 a
930 2977 1124 3033 mundi
1156 2978 1328 3051 gloria
1363 2977 1557 3045 excisi,
1590 2978 1655 3033 ad
1688 2978 2031 3034 domicilium

447 3064 598 3131 quod
624 3080 721 3121 eos
761 3065 998 3135 deceret,
1032 3070 1282 3126 translati
1314 3080 1466 3128 sunt.
1497 3070 1663 3128 lrene.
1685 3080 1871 3127 autem
1909 3087 2032 3127 mu-

2121 1939 2273 1993 δόθεν
2295 1938 2434 2011 πρὸς
2469 1937 2602 1992 Θεὸν
2643 1938 2867 2010 ἀγάπης
2901 1938 3038 2009 πρὸς
3067 1940 3377 2011 ὑπόδειγμα
3416 1939 3485 2004 ⁸⁸,
3515 1936 3711 1993 τοσοῦ-

2121 2048 2214 2086 τον
2243 2032 2344 2104 τὴν
2385 2030 2480 2086 τοῦ
2525 2029 2754 2084 θεόπτου
2809 2030 3094 2095 Μωῦσέως
3132 2029 3548 2104 παρατρέχον³¹
3582 2031 3710 2084 θαυ-

2100 2122 2487 2195 -ματουργίαν,
2516 2122 2639 2177 ὅσον
2659 2123 2689 2176 ὁ
2717 2121 2816 2192 μὲν
2844 2122 3098 2193 αἰτήσας,
3130 2122 3158 2175 ό
3180 2122 3238 2175 δὲ
3270 2122 3345 2194 μὴ
3377 2120 3537 2175 τοῦτο
3564 2121 3733 2193 πρά-,

2126 2216 2223 2285 ξας
2257 2216 2439 2271 ἔλαϐε·
2471 2218 2564 2271 καὶ
2590 2216 2618 2269 ὁ
2651 2216 2750 2287 μὲν
2774 2217 2991 2290 ἀνάγκη
3018 2216 3127 2270 τῶν
3170 2215 3499 2287 γογγυσμῶν
3522 2216 3567 2249 δ’
3603 2216 3714 2270 τῶν

2125 2312 2347 2366 οἰκείων
2374 2311 2686 2378 ἐξεϐιάζετο
2714 2311 2901 2367 δοῦναι
2949 2312 3255 2382 Δεσπότην·
3302 2313 3329 2365 ὁ
3352 2312 3407 2366 δὲ
3443 2312 3714 2384 καρτερίᾳ.

2127 2406 2224 2460 καί
2249 2408 2314 2477 τῇ
2335 2405 2442 2459 τῶν
2467 2406 2734 2460 συνόντων
2759 2404 3082 2478 εὐχαριστίᾳ
3112 2406 3204 2460 τὸν
3226 2407 3357 2459 ἴδιον
3378 2392 3718 2474 ἐφείλκετον

2127 2497 2310 2553 δοῦναι
2337 2499 2634 2569 Δεσπότην·
2661 2499 2755 2553 καὶ
2772 2498 2828 2553 θοι
2860 2500 2959 2570 μὲν
2974 2498 3035 2553 τὸ
3057 2499 3299 2570 δωρηθέν
3332 2498 3444 2569 (ἵνα
3476 2497 3552 2570 μὴ
3571 2497 3717 2566 λέγω

2130 2594 2398 2665 Μωῦσέα)
2434 2592 2875 2666 κατερῤύπωσαν
2902 2593 3227 2669 ἀμφιϐολίᾳο
3259 2594 3311 2649 οἱ
3336 2594 3396 2648 δὲ
3439 2593 3503 2648 τὸ
3536 2592 3602 2625 ⁸³⁸
3629 2594 3719 2647 δο-

2132 2685 2222 2740 θὲν
2249 2689 2318 2759 τῇ
2346 2685 2444 2740 τοῦ
2487 2684 2655 2741 καλοῦ
2692 2688 2950 2759 προκοπῇ
2985 2686 3434 2759 κατεκόσμησαν.

2205 2892 2372 2948 Οὔπω
2398 2892 2509 2966 γάρ
2535 2892 2703 2966 τριῶν
2726 2891 3230 2964 παριππευσάντων
3256 2890 3416 2957 ἑτῶν,
3438 2890 3713 2961 κηδευτὴς

2133 2991 2163 3045 ὁ
2190 2987 2379 3043 τούτου
2419 2987 2537 3059 ἅμα
2566 2986 2646 3059 τῷ
2667 2985 3008 3060 βασιλεύοντι
3027 2987 3128 3057 τῆς
3162 2984 3447 3058 παρούσης
3498 2986 3714 3056 ὲκτμη-

2136 3083 2321 3147 θέντες
2353 3082 2628 3147 εὐκλείας,
2687 3081 2825 3151 πρὸς
2860 3081 2959 3153 τὴν
3011 3078 3371 3151 ὀφειλομένην
3428 3080 3723 3151 παρεπέμ-

449 3155 552 3211 lier
590 3156 682 3213 illa
712 3157 874 3217 fortis
906 3162 1099 3232 animi,
1140 3165 1205 3220 ac
1225 3163 1415 3221 divino
1440 3181 1604 3221 sensu
1626 3164 1875 3236 praedita,
1906 3180 2027 3221 cum

2140 3172 2355 3246 φθησαν
2405 3173 2666 3227 ὲνοικίαν.
2694 3172 2905 3243 Εἰρήνη
2948 3171 3005 3226 δὲ
3035 3170 3097 3225 τὸ
3137 3170 3513 3242 κραταιόφρον
3545 3171 3724 3223 έκεῖνο

451 3251 565 3306 lilio
603 3252 818 3325 imperii
850 3257 1226 3329 gubernacula
1250 3260 1501 3330 suscepit
1519 3258 1588 3332 (si
1618 3270 1802 3315 tamen
1838 3257 2036 3314 mulier

448 3345 682 3403 dicenda
725 3358 831 3417 est,
869 3366 1013 3422 quae
1046 3352 1338 3410 adversum
1386 3353 1576 3411 hostes
1640 3370 1707 3410 ac
1747 3354 2036 3425 perturba-

450 3432 628 3499 tiones
663 3443 879 3499 virilem
912 3446 1157 3502 animum
1190 3442 1411 3519 gessit).
1450 3445 1701 3517 Tumque
1733 3448 2034 3503 humanum

451 3548 647 3605 genus,
681 3537 826 3608 quod
854 3537 1120 3595 diuturno
1140 3539 1283 3596 bello
1305 3539 1669 3608 laboraverat,
1691 3556 1816 3597 cum
1848 3554 2035 3595 secum

454 3624 659 3697 ipsum,
690 3640 804 3685 tum
832 3647 956 3687 cum
986 3630 1098 3689 Deo
1143 3633 1469 3690 conciliatur
1508 3636 1540 3688 ε’
1567 3647 1909 3704 prorsusque
1940 3632 2039 3689 de-

458 3717 631 3794 pulsis
662 3720 924 3793 tenebris,
956 3722 1219 3784 laetiorem
1262 3728 1449 3784 omnia
1486 3727 1681 3784 faciem
1714 3728 2035 3784 induebant.

456 3815 613 3873 Tunc
636 3833 855 3893 quoque
885 3817 989 3885 sol,
1022 3819 1114 3889 qui
1149 3828 1343 3875 cuncta
1378 3798 1593 3886 lustrat,
1618 3819 1761 3874 diem
1793 3834 1860 3873 ex
1889 3819 2037 3873 omni

458 3896 611 3978 parte
637 3894 832 3979 librum
867 3911 1085 3975 extulit,
1117 3919 1172 3966 et
1204 3926 1498 3967 maerorem
1547 3921 1711 3982 atque
1735 3910 2038 3976 tristitiam,

458 4010 582 4070 quin
632 3994 724 4056 diu
779 4001 959 4072 ipsum
1012 4011 1417 4072 occupaverat,
1485 4019 1737 4070 exuens,
1812 4002 2043 4059 nitidius

458 4093 647 4149 eluxit.
693 4093 850 4150 'l‘unc
885 4094 1051 4166 igitur
1101 4111 1132 4150 a
1176 4096 1281 4151 Deo
1321 4107 1617 4162 ornatum,
1657 4113 1722 4153 ac
1770 4097 2042 4154 castitatis

462 4203 653 4242 amans
680 4204 779 4259 par
800 4187 952 4252 illud,
977 4189 1098 4259 ejus
1132 4189 1277 4260 quod
1306 4190 1489 4245 animo
1514 4188 1877 4246 constitutum
1903 4200 2039 4259 erat,

463 4286 683 4334 nactum
725 4289 1071 4350 potestatem.
1121 4282 1317 4337 uberes
1365 4281 1530 4336 domo
1587 4279 1805 4337 divitias
1857 4280 2043 4352 profe-

463 4380 671 4438 rentes,
697 4372 751 4426 in
782 4389 975 4429 omnes
1008 4375 1154 4447 large
1183 4389 1387 4446 egenos
1413 4375 1739 4447 erogabant.
1776 4376 2042 4447 Adeoque

2139 3263 2236 3321 καὶ
2274 3262 2604 3334 θεοφόρητον
2630 3260 2852 3332 γύναιον
2872 3264 2973 3334 τῆς
3006 3260 3288 3333 βασιλείας
3320 3261 3419 3317 σὺν
3445 3260 3549 3333 υἱῷ
3590 3261 3721 3326 τοὺς

2138 3358 2334 3422 οἴακας
2360 3355 2760 3428 ἐγχειρίζεται·
2790 3355 2952 3429 είπερ
2980 3354 3087 3428 χρὴ
3145 3355 3371 3427 γύναιον
3401 3353 3590 3411 καλεῖν
3621 3354 3721 3427 τὴν

2139 3451 2263 3507 κατ’
2313 3449 2527 3521 ἐχθρῶν
2576 3449 2672 3505 καὶ
2702 3448 2894 3503 παθῶν
2923 3449 3232 3522 άῤῥενωπῷ
3258 3448 3725 3521 καθωπλισμένην

2141 3542 2484 3615 φρονήματιο
2516 3541 2613 3596 καὶ
2641 3542 2930 3597 σπένδεται
2962 3540 3122 3613 φύσις
3148 3540 3357 3613 βροτῶν
3381 3540 3633 3611 ἀλλήλοις
3659 3558 3719 3596 τε

2141 3638 2235 3691 καὶ
2284 3635 2424 3707 Θεῷ,
2458 3635 2811 3706 πολυχρόνιον
2851 3634 3167 3707 κεκτημένη
3204 3633 3295 3688 τὸν
3327 3633 3564 3705 πόλεμον
3585 3649 3600 3664 ο
3630 3632 3722 3687 καὶ

2142 3732 2220 3794 είς
2255 3729 2402 3784 ἀπαν
2454 3728 2948 3801 ὲκκαθαρισθείσης
2976 3727 3043 3792 ³⁸⁵,
3084 3727 3262 3782 πάντα
3322 3726 3459 3798 πρὸς
3493 3726 3554 3780 τὸ
3593 3743 3729 3795 φαισ

2141 3821 2267 3892 δρὸν
2313 3819 2699 3891 μετεϐάλλετο.
2756 3818 2891 3873 Τότε
2920 3818 3015 3873 καὶ
3056 3818 3206 3889 ἣλιος
3232 3820 3260 3873 ό
3311 3817 3473 3873 πάντ’
3511 3817 3727 3889 ἐφορῶν

2144 3914 2359 3986 ἡμέραν
2389 3912 2573 3967 ἐπίδεν
2600 3913 2664 3945 ⁸⁴⁵⁶
2686 3911 2995 3984 ὁλοσχερῶς
3025 3911 3356 3982 ἐλευθέριον,
3389 3909 3484 3965 καὶ
3512 3910 3573 3964 τὸ
3601 3927 3729 3965 στυ-

2138 3998 2271 4077 γνὸν
2308 4006 2410 4077 τῆς
2440 4005 2749 4078 κατηφείας
2771 4004 2800 4059 δ
2837 4005 3052 4069 πολλοῖς
3090 3992 3483 4075 περιεὸέὸλητο
3513 4004 3728 4076 χρόνοις

2146 4101 2559 4173 ἀποδυσάμενος
2612 4098 3015 4171 σταθερώτερον
3050 4097 3346 4169 ἐξέλαμπε.
3370 4098 3506 4151 Τότε
3546 4097 3729 4153 τοίνυν

2146 4195 2258 4249 τῶν
2288 4193 2506 4249 οἰκείων
2544 4190 2929 4262 βουλευμάτων
2951 4190 2986 4260 η
3011 4188 3380 4260 θεοκόσμητος
3409 4187 3504 4241 καὶ
3535 4186 3730 4257 φίλαγ-

2146 4305 2237 4353 νος
2268 4285 2497 4358 ξυνωρὶς
2523 4284 2581 4339 ὲν
2609 4279 2826 4353 ἐξουσίᾳ
2848 4279 3139 4352 γενομένη,
3176 4279 3267 4333 τὸν
3293 4278 3566 4351 προσόντα
3605 4294 3725 4331 ποι-

2147 4379 2297 4433 κίλον
2330 4376 2560 4431 πλοῦτον
2588 4374 2691 4447 τῆς
2715 4374 2895 4438 οἰκίας
2920 4373 2964 4404 ”
3000 4369 3386 4444 ἐκφοροῦντες,
3423 4370 3557 4423 πᾶσι
3615 4369 3729 4432 τοῖς

465 4481 573 4519 una
597 4465 687 4521 Dei
710 4468 1009 4523 amantium
1038 4469 1257 4537 domus,
1288 4468 1496 4534 multis,
1550 4485 1674 4541 qua:
1697 4470 1867 4525 victui
1891 4486 2020 4525 eran

2150 4472 2209 4525 ὲν
2247 4470 2408 4543 χρείᾳ
2458 4468 2822 4540 καθεστηκόσι
2865 4465 3149 4536 διένεμον·
3198 4463 3295 4519 καὶ
3332 4463 3429 4536 μία
3470 4460 3730 4532 φιλοθέων

466 4558 775 4614 necessaria
806 4554 1259 4627 subministrans,
1294 4571 1349 4617 et
1389 4578 1577 4617 eorum
1601 4563 1694 4634 qui
1721 4579 1782 4620 se
1810 4562 1921 4621 Deo
1952 4563 2027 4619 de

2150 4563 2297 4618 οἰκία
2329 4562 2541 4626 πολλοῖς
2574 4560 3041 4649 ὑπηρετησαμένη
3068 4559 3137 4613 τά
3167 4560 3476 4631 πρόσφορα,
3511 4555 3732 4612 καὶτῶν

465 4646 746 4718 diderant,
795 4654 1113 4724 pauperiem
1174 4655 1409 4727 vitaeque
1461 4656 1808 4712 incommoda
1848 4658 2027 4712 eximit

2146 4657 2226 4726 τῷ
2247 4656 2368 4728 Θεῷ
2397 4654 2840 4727 προσανεχόντων
2873 4646 2943 4708 τά
2971 4652 3150 4725 φαῦλα
3176 4653 3547 4724 διαφερόντως
3570 4650 3733 4723 θερα-

467 4739 796 4807 sublevans,
846 4740 1011 4824 Deum
1074 4745 1290 4816 ipsum,
1349 4747 1442 4818 qui
1496 4746 1614 4803 haec
1667 4762 1767 4804 sua
1823 4747 2046 4817 fecerat,

469 4831 823 4890 vehementer
850 4835 1181 4893 oblectabat.

543 4932 680 4987 Cum
728 4932 895 5001 igitur
945 4929 1061 4985 haec
1100 4941 1154 4985 et
1190 4930 1296 4987 alia
1325 4933 1495 4990 multa
1536 4935 1921 5007 perfecissent,
1959 4938 2051 4994 illa

471 5022 692 5093 quidem
752 5022 806 5079 in
849 5014 1183 5079 monasterio
1246 5027 1393 5096 quod
1460 5028 1514 5084 in
1570 5029 1749 5087 insula
1797 5030 2050 5103 Principe

472 5114 640 5171 situm
669 5124 771 5182 est,
807 5116 1022 5173 collatis
1070 5132 1138 5173 eo
1190 5117 1545 5179 facultatibus
1594 5124 1712 5180 suis
1748 5125 2001 5181 consedit
2033 5141 2047 5178 :

2149 4754 2420 4813 πεύσασα,
2468 4747 2561 4802 τὸν
2598 4746 2667 4801 τά
2714 4747 2940 4803 ἐκείνων
2994 4745 3426 4817 ίδιοποιούμενον
3482 4743 3735 4817 μεγάλως

2148 4842 2478 4913 κατέτερπε.

2220 4934 2409 4991 Ταῦτα
2434 4931 2527 4988 οὖν
2555 4933 2650 4987 καὶ
2673 4931 2740 4992 τὰ
2764 4931 2899 4988 ἄλλα
2941 4932 3044 4988 ὅσα
3070 4932 3321 5004 προσῆκε
3351 4931 3736 5004 διαπραξάμε-

2146 5049 2248 5098 νοι,
2278 5030 2312 5102 ή
2348 5029 2448 5100 μὲν
2478 5027 2556 5099 τῷ
2594 5023 2736 5081 κατά
2772 5025 3079 5098 Πρίγκιπον
3103 5027 3341 5099 σεμνείῳ
3369 5025 3558 5090 αὐτοῖς
3601 5026 3735 5098 κτή-

2152 5139 2286 5194 μασι
2339 5118 2803 5190 ὲγκατοικίζεται,
2831 5117 2860 5170 ὁ
2913 5116 2971 5171 δὲ
3021 5118 3161 5189 πρὸς
3189 5117 3279 5171 τὸν
3313 5116 3489 5187 μέγαν
3525 5116 3735 5170 ἐπανα-

473 5206 565 5261 liic
596 5215 778 5264 autem
817 5210 883 5265 ad
920 5225 1173 5281 magnum
1215 5213 1546 5287 Strategium
1578 5219 1876 5276 revertitur
1906 5236 2027 5290 aput

2148 5214 2334 5287 τρέχει
2362 5206 2721 5285 Στνρατήγιον,
2754 5212 2812 5267 ὲν
2841 5212 2919 5283 τῷ
2942 5212 3084 5267 κατά
3104 5213 3207 5285 τὴν
3238 5210 3536 5283 Σιγριανὴν
3569 5209 3737 5266 Πολυ-

475 5295 790 5368 Sigrianam
834 5300 1118 5373 degentem
1174 5304 1229 5358 in
1288 5310 1660 5373 monasterio,
1711 5310 1799 5364 cui
1852 5325 2027 5365 nomen

2148 5310 2349 5382 χρονίῳ
2378 5306 2782 5378 τυγχάνοντα,ὃ
2805 5306 2973 5362 πάλαι
3006 5307 3184 5379 τούτῳ
3206 5306 3337 5379 παρ’
3369 5304 3536 5361 αὐτοῦ
3569 5304 3731 5360 δεδώ-

477 5388 908 5462 Polyclironius;
932 5397 1074 5468 quod
1108 5398 1155 5453 is
1184 5400 1251 5453 ab
1276 5401 1393 5470 ipso
1423 5402 1518 5457 etii
1549 5402 1862 5473 quietisque
1882 5406 2027 5469 grati:

2133 5411 2289 5477 ’ρητο
2317 5403 2602 5475 ῥᾳστώνης
2632 5402 2793 5473 χάριν
2821 5402 2916 5456 καὶ
2946 5401 3331 5466 ἀναπαύσεως,
3370 5401 3596 5455 κάκεῖσε
3616 5401 3737 5465 ταῖς

476 5483 739 5541 donatum
776 5498 1061 5559 acceperat
1095 5509 1109 5546 :
1155 5492 1373 5564 illicque
1400 5497 1652 5552 manibus
1681 5497 1827 5552 illius
1860 5498 2027 5553 deton

2161 5497 2371 5551 ἐκείνου
2397 5495 2583 5567 χερσὶν
2617 5492 2971 5567 ἀποκείρεται
2990 5509 3004 5524 ·
3038 5493 3241 5564 μᾶλλον
3265 5491 3365 5564 μὲν
3393 5488 3489 5548 οὖν
3525 5493 3729 5565 ἱερουρε

1737 5638 1969 5694 VARIA‘I
2018 5636 2421 5694 LECTIONES.

572 5747 615 5779 ’τ’
648 5747 840 5826 ἔμελεν
873 5747 995 5826 Par.
1083 5750 1532 5826 “ﬁd‘tE‘i‘Cile-‘JOV
1560 5754 1685 5810 Par.
1776 5756 1821 5787 ²⁹
1847 5755 2083 5826 ἀφανείᾳ
2104 5752 2268 5826 Pura
2344 5754 2389 5785 ³⁸
2420 5753 2546 5826 fort.
2574 5751 3094 5826 «posundﬁswpa._
3123 5750 3165 5783 ³¹
3201 5748 3569 5826 παρατρέχων.
3608 5746 3731 5826 i_’ar.

483 5815 528 5847 "
562 5819 881 5898 γογγυστιῇ
913 5819 1038 5898 Par,
1117 5815 1475 5898 “destitisse
1499 5825 1620 5881 Par.
1713 5827 1775 5859 ³³⁸
1810 5815 2001 5898 τδγτῴ
2034 5815 2168 5898 ἰδίη.
2235 5825 2279 5856 ³⁸
2317 5824 2513 5898 ἀχλύος
2543 5815 2629 5898 vel
2657 5823 2888 5898 ὁμίχλης
2920 5815 3193 5880 οὶοίύὶεεε
3224 5815 3484 5879 videtur."
3535 5820 3594 5853 ’θ’
3628 5817 3734 5877 με-

480 5892 721 5959 uehatur
747 5892 972 5963 ἐπῇθεν.
1008 5893 1131 5949 l'ar.
1163 5895 1371 5961 ὲπίθεν,
1408 5907 1458 5953 et
1482 5898 1534 5951 in
1564 5898 1808 5970 margine
1835 5916 1847 5952 :
1881 5892 2021 5955 i'oric
2046 5896 2325 5969 ἐποίησεν.
2356 5892 2385 5895 ’⁷
2406 5896 2447 5929 ³⁵
2474 5897 2674 5959 οξκῖλας
2708 5892 2832 5949 Par.
