3978 6316
440 396 474 461 2
494 400 509 458 l
1701 397 2192 460 THEOPHANIS
2230 397 2424 462 VlTA.
3010 454 3013 457 λ
3642 400 3712 462 30

442 497 615 579 γἐῖται
650 506 830 579 πολλῴ
858 508 955 579 τῆς
981 508 1074 562 τοῦ
1099 508 1335 580 μεγάλου
1375 507 1563 563 Ἰσαάκ
1586 508 1776 575 θυσίας
1810 511 2018 584 ἱερουρ-

2125 514 2319 575 detur;
2370 514 2480 568 imo
2510 525 2641 567 vero
2677 511 3015 579 immolatur,
3057 512 3236 569 hostia
3271 500 3435 583 quam
3477 529 3710 585 magnus

340 654 345 659 ,
441 602 562 673 γίαν
603 602 922 674 ἱερωτέραν,
976 598 1101 656 ὅσον
1144 602 1238 657 τοῦ
1276 602 1532 667 ἀκουσίου
1583 604 1913 676 σεμνότερον
1962 605 2023 658 τὺ

442 695 711 761 ἑκούσιον,
745 697 839 749 καὶ
866 693 959 749 τοῦ
983 695 1059 768 μὴ
1084 697 1471 767 τετελεσμένου
1503 698 1562 751 τὸ
1594 698 1769 767 πέρας
1824 697 1985 751 λαϐόν
2006 714 2020 729 ο

441 789 677 858 κάκείνῳ
704 786 803 858 τὴν
852 788 1020 858 μονὴν
1054 788 1239 851 αὐτοῖς
1277 789 1551 859 κτήμασιν
1581 788 1799 852 ἀναθεὶς
1828 787 2023 859 (πολλὰ

442 881 551 953 γὰρ
595 874 687 951 ἦν,
728 879 766 935 ἃ
790 878 966 952 ταύτῃ
1015 859 1504 951 συγκαθιέρωσεν),
1544 881 1796 951 βουλήσει
1826 880 2019 935 τούτου

442 970 537 1024 καὶ
589 969 783 1042 γνώμη
834 972 971 1041 πρὸς
1004 972 1104 1043 τὴν
1159 971 1324 1041 νῆσον
1374 972 1787 1043 διαπεραιοῦται
1825 973 1890 1005 ³⁵”
1950 973 2021 1042 ἣν

442 1062 780 1135 Καλὼνυμον
821 1063 1232 1134 κικλήσκουσιν,
1263 1063 1358 1117 καὶ
1405 1063 1466 1117 τὸ
1514 1063 1716 1136 προσὸν
1750 1066 1808 1117 έν
1847 1064 2023 1138 ταύτῃ

442 1154 707 1227 πατρόθεν
728 1155 1030 1226 κτημάτιον
1064 1158 1424 1226 μοναστήριον
1448 1157 1511 1209 ὲκ
1531 1156 1639 1209 τῶν
1664 1155 2023 1225 ὑπολειφθέν-

439 1266 549 1301 των
597 1246 930 1318 δειμάμενος
957 1247 1024 1315 ³⁸,
1051 1250 1115 1301 ὲκ
1139 1250 1235 1319 τῆς
1263 1247 1539 1319 Θεοδώρου
1566 1252 1733 1319 μονῆς
1760 1249 2022 1319 ἁθροίσας

446 1345 798 1415 μονάζοντας,
834 1344 893 1400 δν
919 1345 1323 1419 Μονοχεράριον
1371 1347 1420 1400 oi
1451 1347 1651 1411 ειδότες
1682 1348 1724 1379 ³⁷
1752 1349 2023 1419 ἐπονομά-

442 1438 617 1501 ζουσι.
645 1439 819 1512 Ὅσης
838 1438 893 1494 δὲ
915 1441 1119 1512 ἀρετῆς
1140 1440 1385 1513 ὑπῆρχεν
1412 1434 1565 1505 οὗτος
1595 1442 1904 1505 ἀνάπλεως,
1925 1442 2022 1496 καὶ

436 1533 468 1601 ἡ
497 1530 751 1603 δημώδης
768 1533 812 1565 ⁸⁸
836 1533 1025 1602 σαφῶς
1044 1534 1344 1605 παρίστησι
1370 1535 1659 1607 παροιμία.
1679 1536 1903 1599 Τούτοις
1921 1536 2020 1604 τὴν

436 1624 538 1695 τῆς
565 1624 733 1696 μονῆς
758 1624 1081 1679 δεσποτείαν
1121 1624 1532 1696 δωρησάμενος,
1561 1626 1771 1681 καὶτὸν
1802 1626 2019 1682 πάντων

436 1715 807 1787 δοκιμώτατον
832 1717 1114 1784 ἀναδείξας
1165 1716 1492 1790 ἡγούμενον,
1547 1718 1857 1789 ἀρχέτυπον
1916 1719 2020 1780 ὑπ-

437 1810 607 1881 ακοῆς
635 1813 748 1875 τοῖς
780 1810 987 1875 λοιποῖς
1022 1811 1369 1881 ἐγνωρίζετο,
1401 1810 1731 1864 ταπεινώσει
1761 1811 1859 1882 μὲν
1893 1827 2019 1865 τοσ-

2125 603 2280 661 Isaac
2301 604 2460 674 longe
2493 604 2815 672 sacratiore,
2848 619 2959 676 quo
2980 604 3327 673 praestantius
3356 605 3712 675 sanctiusque

2124 695 2273 766 quod
2329 695 2473 750 ultro
2528 694 2629 759 ﬁt,
2682 709 2847 765 quam
2909 695 3054 765 quod
3103 703 3303 765 praeter
3348 696 3709 763 voluntatem,

2127 799 2299 858 atque
2338 787 2413 852 id,
2451 789 2596 857 quod
2632 797 2916 857 peractum
2948 798 3069 854 est,
3102 804 3168 844 eo
3212 790 3300 845 cui
3348 790 3472 846 linis
3524 790 3714 860 reique

2126 881 2404 937 absolutio
2432 880 2627 937 defuit.
2655 872 2737 936 Illi
2766 882 2950 953 itaque
2986 884 3326 938 monasterio
3354 899 3479 938 cum
3508 886 3711 954 praedio

2127 983 2351 1047 totaque
2389 975 2761 1048 possessione,
2793 993 2914 1047 quae
2943 977 3284 1046 amplissima
3318 987 3456 1047 erat,
3483 979 3712 1035 denario

2125 1066 2326 1135 oblato,
2360 1067 2478 1138 ejus
2502 1066 2782 1123 voluntate
2807 1083 2873 1122 ac
2896 1067 3131 1123 consilio
3154 1070 3221 1124 ad
3250 1065 3512 1137 insulam,
3543 1087 3709 1143 quam

2121 1156 2481 1230 Calonymum
2517 1169 2734 1228 vocant,
2765 1176 2825 1217 se
2856 1161 3122 1229 contulit;
3157 1177 3220 1216 ac
3249 1152 3535 1232 praediolo,
3562 1166 3710 1235 quod

2126 1248 2178 1304 in
2212 1266 2273 1304 ea
2324 1263 2613 1321 paternum
2662 1253 2897 1309 habebat
2936 1269 3003 1310 ex
3062 1256 3288 1324 reliquis
3330 1256 3708 1326 facultatibus,

2128 1348 2182 1403 in
2219 1350 2615 1403 monasterium
2647 1356 2947 1417 exstructo,
2987 1352 3262 1406 monacho
3307 1336 3373 1407 ex
3409 1351 3707 1413 Theodori.

2123 1454 2284 1509 quem
2317 1437 2800 1493 Monacherarium
2834 1439 3093 1505 vocitant,
3127 1439 3325 1494 accivit
3351 1439 3708 1495 monasterio.

2123 1531 2354 1599 Quanta:
2386 1541 2568 1585 autem
2617 1531 2662 1585 is
2705 1531 2926 1588 virtutis
2960 1540 3127 1594 esset,
3174 1532 3259 1587 vel
3304 1532 3448 1603 vulgi
3484 1547 3709 1603 prover—

2123 1625 2272 1680 bium
2304 1622 2463 1679 facile
2490 1622 2715 1678 indicat.
2749 1624 2807 1679 ln
2833 1623 3025 1703 horum
3054 1610 3190 1696 jura.
3215 1625 3550 1681 monasterio
3578 1640 3712 1682 conv

2122 1731 2323 1779 cesso.
2371 1715 2731 1785 omniumque
2786 1714 3184 1785 probatissimo
3243 1714 3505 1788 praefecto
3560 1716 3710 1772 illius

2123 1809 2447 1873 constituto,
2472 1808 2800 1864 obedientim
2827 1810 3106 1881 exemplar
3139 1825 3198 1866 se
3228 1810 3408 1882 ipsum
3433 1810 3707 1866 exhibuit.

438 1900 576 1972 αύτῃ
608 1904 1006 1972 κοσμούμενος,
1036 1902 1112 1965 ὡς
1144 1902 1334 1973 μηδενὶ
1378 1900 1489 1956 τῶν
1537 1901 1713 1957 ἄλλων
1740 1902 2018 1976 οίκτρότη-

2128 1898 2299 1955 Tanta
2328 1899 2625 1970 praestabat
2651 1898 2983 1965 humilitate,
3009 1909 3068 1954 ut
3104 1916 3269 1971 supra
3307 1916 3499 1956 omnes
3542 1902 3709 1956 mise-

437 2012 523 2049 σ.ν
554 1996 1004 2066 παραϐάλλεσθαι
1024 2014 1037 2027 ·
1071 1997 1301 2069 ἀσκήσει
1332 1997 1389 2050 δὲ
1419 1998 1514 2052 καὶ
1541 1995 1815 2070 χαμευνίᾳ
1866 1997 2021 2069 τηλι-

435 2087 616 2161 καύτῃ
650 2088 1155 2161 περιλαμπόμενος,
1195 2090 1270 2153 ὡς
1316 2089 1683 2162 παρατρέχειν
1728 2076 1908 2161 πολλῷ
1938 2089 2018 2161 τῷ

438 2183 589 2253 μέσῳ
605 2184 732 2247 τοὺς
763 2183 1037 2241 ἅπαντας.
1071 2182 1150 2253 Τῇ
1183 2183 1239 2236 δὲ
1272 2181 1380 2235 τῶν
1405 2181 1567 2235 θείων
1594 2181 1801 2236 Βίϐλων
1829 2185 2016 2255 γραφῇ

436 2274 714 2345 σχολάζων
740 2276 840 2347 ἀνη
852 2275 1037 2346 μέριον
1057 2276 1124 2340 ³⁹,
1151 2276 1217 2347 ἦν
1246 2274 1348 2330 οὐκ
1376 2277 1441 2329 ἐκ
1470 2274 1719 2340 παιδείας
1742 2273 2021 2345 ἀνθρωπί-

434 2385 553 2439 νης,
575 2368 711 2423 ἀλλᾶ
744 2368 888 2440 πόνῳ
912 2369 1155 2439 διηνεκεῖ
1184 2368 1279 2422 καὶ
1301 2367 1421 2439 θείᾳ
1455 2367 1802 2440 κτησάμενος
1826 2369 2016 2440 χάριτι

433 2462 680 2534 ἀκριϐῶς
714 2463 1040 2533 μετήρχετο.
1067 2460 1370 2532 Παννύχιον
1390 2463 1456 2533 τῇ
1491 2461 1709 2533 καθαρᾷ
1737 2462 2015 2533 προσευχῇ

434 2556 574 2628 πρὸς
592 2556 825 2628 Χριστδν
849 2554 1104 2626 ἐκδημῶν
1120 2554 1211 2609 τὸν
1238 2553 1593 2625 ποθούμενον,
1618 2554 1716 2624 τὴν
1732 2554 2019 2625 εὐμένειαν

431 2643 718 2714 ἐφείλκετο
744 2642 933 2697 τούτου
955 2661 969 2674 ·
1002 2644 1097 2696 καὶ
1127 2643 1297 2714 θυμὸν
1316 2644 1373 2697 δὲ
1398 2644 1543 2699 κατὰ
1558 2644 1825 2716 δαιμόνων
1850 2661 2018 2715 στρα-

430 2736 734 2807 τολογήσας
761 2739 857 2791 καὶ
894 2735 1105 2799 παθῶν,
1153 2737 1304 2806 παρά
1328 2740 1442 2797 τοῖς
1485 2738 1653 2791 πᾶσιν
1686 2736 1834 2808 ειπερ
1866 2736 1911 2768 ⁸ο
1935 2753 2020 2800 τις

432 2829 642 2900 Μωσῆς
688 2828 877 2899 ἕτερος
925 2830 969 2861 ⁸⁸
1028 2829 1342 2901 καθωρᾶτο.
1403 2828 1737 2900 Ἐπιθυμίαν
1778 2830 1837 2884 δὲ
1906 2831 2018 2885 τῶν

431 2922 640 2993 γηΐνων
660 2922 976 2991 ἀποστήσας
1000 2923 1079 2981 εἰς
1108 2923 1273 2986 ἆπαν,
1310 2921 1492 2993 μόνοις
1522 2925 1632 2987 τοῖς
1659 2923 1826 2987 θείοις
1847 2938 2020 2994 προσ-

435 3016 658 3085 έμενεν,
698 3015 924 3088 ἀνδρεία
961 3015 1018 3069 δὲ
1083 3017 1179 3070 καὶ
1229 3014 1495 3088 καρτερίᾳ
1541 3016 1634 3071 κει)⁸
1658 3018 1725 3088 τῇ
1765 3016 1875 3071 τῶν
1904 3017 2019 3069 δει-

431 3107 543 3161 νῶν
568 3106 842 3179 ὑπεροψία
861 3106 962 3177 ὅσῃ
984 3107 1401 3178 κατηγλαῖςετο,
1429 3109 1478 3162 oi
1506 3107 1805 3164 τελευταῖοι
1830 3107 2020 3164 τούτου

438 3200 677 3273 μάλιστα
702 3198 1031 3269 παρέδειξαν
1060 3200 1264 3271 χρόνοι.

505 3378 663 3434 Οὕτω
684 3376 747 3450 δὴ
780 3376 969 3434 τούτου
1014 3380 1135 3443 ταῖς
1167 3380 1392 3450 ἀρεταῖς
1449 3381 1884 3452 ἐπακμάζοντος,
1918 3384 2021 3458 τὴν

431 3473 698 3547 ἐπίκηρον
737 3471 922 3545 βιοτὴν
951 3473 996 3505 ⁸⁸
1036 3473 1065 3527 δ
1095 3472 1196 3543 τῆς
1250 3474 1419 3544 μονῆς
1472 3476 1787 3547 προστάτης
1822 3478 2007 3548 ἀφεὶς,

427 3567 571 3641 πρὸς
592 3566 691 3640 τὴν
726 3568 949 3639 ἀγήρων
988 3566 1414 3639 μεταϐιϐάζεται
1466 3568 1640 3640 λῆξιν.
1692 3570 1920 3626 Πάντων
1963 3572 2021 3627 δὲ

430 3662 710 3735 συνδρομὴ
740 3663 829 3715 ἐπ’
851 3662 1013 3717 αὑτὸν
1035 3663 1130 3717 καὶ
1162 3663 1367 3727 ἱκεσία,
1396 3664 1493 3718 σὺν
1518 3664 1751 3735 δάκρυσι
1779 3666 2021 3737 προστῆ-

426 3773 522 3810 ναι
551 3755 741 3809 τοῦτον
767 3756 1125 3809 ἱκετευόντων
1143 3756 1237 3809 καὶ
1263 3757 1362 3827 τῆς
1394 3758 1663 3829 σωτηρίας
1680 3757 2016 3829 ἡγήσασθαι,

421 3841 507 3903 ὧν
530 3849 625 3903 καὶ
651 3847 751 3921 τὴν
782 3848 1023 3919 ἐσχάτην
1069 3848 1224 3913 τάξιν
1268 3848 1493 3921 πληρῶν
1519 3852 1746 3921 ἀρεταῖς
1797 3853 2015 3921 ἐφωτα-

425 3943 604 4013 γώγει
633 3940 856 4005 τούτους
891 3942 985 3995 καὶ
1013 3941 1271 4014 πράξεσι.
1320 3942 1462 3995 Ἀλλ’
1494 3943 1595 3996 οὐκ
1628 3942 1850 3998 ἔπειθον
1880 3944 2021 4013 γνὼ-

430 4027 546 4111 μην
579 4040 693 4104 τοῖς
728 4038 1015 4105 ,ταπεινοῖς
1064 4026 1329 4108 ἐμμένειν
1375 4037 1863 4109 ἐμμελετήσασαν,
1923 4040 2020 4094 καὶ

426 4137 557 4191 ὅσον
590 4137 760 4208 ἀρετὴ
790 4134 924 4207 πρὸς
955 4133 1090 4204 ὕψος
1128 4128 1232 4205 ἦγε
1274 4132 1572 4205 μετέωρον,
1620 4135 1713 4187 ἐπὶ
1758 4134 2018 4189 τοσοῦτον

424 4232 648 4296 τούτοις
721 4228 1137 4301 φιλονεικοῦσαν
1200 4227 1734 4296 ἐγκαλλωπίζεσθαι.
1799 4228 2019 4296 Ἀμέλει

427 4327 615 4382 πάντα
648 4325 800 4397 παρὰ
830 4323 1036 4393 φαῦλον
1069 4322 1317 4394 θέμενος,
1348 4323 1449 4391 τὴν
1473 4322 1671 4395 ῥάϐδον
1700 4322 1793 4376 ἐπὶ
1829 4325 2020 4394 χεῖρας

423 4420 631 4485 λαϐὼν,
666 4420 763 4476 καὶ
790 4420 856 4491 τῇ
892 4417 1067 4473 ἐλπίδι
1102 4415 1359 4487 Χριστὸν,
1391 4408 1535 4490 ᾖδιά
1572 4415 1688 4486 βίου
1734 4416 1931 4486 συνέζη
1969 4417 2014 4448 ⁸³

426 4512 655 4588 παντὸς,
692 4510 979 4584 ἀραρότως
1027 4506 1503 4578 θωρακισάμενος,
1540 4506 1632 4559 ἐπὶ
1679 4503 1742 4559 τὸ
1776 4506 1876 4575 τῆς
1922 4506 2016 4559 Σι-

424 4603 662 4676 γριανῆς
692 4603 816 4674 ὅρος
852 4600 1166 4671 ἀφικνεῖται
1188 4614 1202 4630 ο
1247 4596 1343 4651 καὶ
1380 4598 1531 4668 παρά
1572 4613 1717 4659 τινος
1741 4597 2014 4670 γεωργοῦ

426 4696 631 4771 χωρίον
649 4694 1003 4765 ὠνησάμενος
1024 4692 1161 4763 ὅπερ
1190 4690 1456 4744 ἀνέκαθεν
1493 4690 1688 4759 Ἀγρὸς
1704 4689 2016 4755 ὠνομάζετο

430 4786 523 4864 (ἦν
550 4789 607 4844 δὲ
655 4785 809 4857 παρά
839 4783 1103 4854 θεοφιλῶν
1146 4781 1547 4853 κεκομισμένος
1578 4781 1623 4813 ⁸⁸
1670 4782 1906 4849 δάνειον,
1953 4782 2014 4836 ού

427 4885 543 4961 γὰρ
562 4884 608 4917 ⁸⁸
638 4881 819 4953 ψυχῆς
844 4877 1114 4949 ἐκέκτητό
1142 4894 1194 4930 τι
1225 4880 1318 4930 καὶ
1363 4874 1460 4928 τοῦ
1493 4873 2019 4956 περικειμένουρα-

429 4979 555 5035 κίου
575 4976 654 5049 τῷ
695 4972 953 5045 σώματι),
984 4973 1163 5042 μύσας
1195 4971 1296 5034 τὰς
1327 4968 1629 5038 αἰσθήσεις,
1669 4967 1764 5022 καὶ
1802 4968 2007 5039 σαρκὸς

430 5067 542 5136 ἔξω
576 5068 669 5123 καὶ
720 5065 928 5135 κόσμου
975 5063 1289 5133 γενόμενος,
1323 5062 1379 5113 ὲν
1410 5060 1559 5129 αύτῷ
1589 5058 1685 5132 τὴν
1718 5058 2013 5131 παροικίαν

432 5158 671 5218 ἐποιεῖτο
694 5159 789 5215 τοῦ
821 5160 938 5231 βίου
959 5175 975 5191 ·
1028 5160 1095 5228 τῇ
1127 5156 1226 5227 μὲν
1258 5154 1525 5226 θεοσδὸτῳ
1550 5156 1657 5208 τῶν
1688 5153 1888 5225 χειρῶν
1919 5155 2013 5225 ἐρ-

432 5254 604 5328 γασίᾳ
641 5256 733 5307 ἐπὶ
764 5250 1023 5307 τοσοῦτον
1052 5248 1477 5318 προσκείμενος,
1505 5246 1582 5309 ὡς
1615 5245 1769 5300 οὔπω
1801 5263 2011 5317 παριπ-

436 5350 741 5407 πεύσαντος
769 5347 966 5418 χρόνου
987 5342 1280 5397 ἀποδοῦναι
1323 5342 1422 5412 μὲν
1455 5342 1566 5405 τοῖς
1597 5339 1931 5411 δεδανεικόσι
1953 5340 2016 5394 τὺ

437 5443 679 5511 δφλημα,
712 5437 889 5507 ἐαυτῷ
920 5435 977 5489 δὲ
1007 5434 1073 5489 τά
1104 5434 1206 5504 τῆς
1236 5434 1427 5505 χρείας
1462 5435 1527 5486 ἐκ
1559 5432 1670 5487 τῶν
1701 5433 1902 5505 χειρῶν
1922 5450 2017 5488 πο-

440 5534 701 5609 ρίζεσθαι.
732 5531 904 5595 Αὐτὸς
951 5529 1006 5583 δὲ
1061 5526 1256 5582 ἑαυτοῦ
1306 5527 1568 5598 κρείττων
1605 5527 1842 5597 ἑκάστης
1873 5527 2024 5597 γινό-

2125 1992 2354 2049 rabilem
2382 2007 2503 2049 sese
2527 1992 2862 2062 deploraret.
2891 1990 2981 2048 Sic
3014 2002 3197 2048 autem
3230 1992 3551 2050 austerioris
3582 1995 3707 2049 vitae

2120 2084 2402 2141 exercitiis
2432 2085 2667 2155 lectique
2714 2085 2916 2141 duritie
2940 2086 3206 2150 clarebat,
3229 2096 3287 2141 ut
3316 2087 3480 2158 longo
3511 2101 3706 2142 omnes

2098 2189 2244 2250 'post
2284 2194 2344 2234 se
2367 2178 2707 2249 relinqueret
2736 2178 3048 2235 intervallo.
3096 2178 3415 2236 Diviuorum
3441 2180 3707 2236 librorum

2120 2272 2408 2344 scriptioni
2450 2272 2676 2329 assidue
2718 2273 3102 2339 incumbebat,
3149 2289 3385 2344 quorum
3416 2275 3705 2335 scientiam

2121 2380 2231 2420 non
2272 2366 2511 2420 humana
2562 2365 3034 2437 disciplina,-sed
3091 2366 3281 2422 labore
3328 2368 3595 2424 continuo
3654 2352 3709 2423 et

2120 2457 2306 2526 divina
2337 2459 2509 2530 gratia
2538 2460 2700 2531 plene
2730 2460 2980 2515 callebat.
3010 2460 3236 2517 Noctem
3261 2462 3538 2533 precando
3567 2477 3705 2518 con-

2121 2563 2368 2616 sumens,
2405 2565 2652 2621 puraque
2677 2552 2928 2608 oratione
2953 2552 3335 2619 inChristum,
3367 2553 3529 2624 cujus
3556 2562 3709 2609 tene-

2121 2642 2283 2721 batur
2313 2643 2608 2710 desiderio,
2638 2645 2933 2713 excedens,
2966 2646 3116 2709 illius
3142 2646 3247 2703 sibi
3274 2646 3705 2703 benevolentiam

2122 2738 2476 2793 conciliabat.
2509 2737 2759 2808 Cumque
2792 2736 3057 2796 adversus
3118 2739 3398 2795 daemones
3426 2738 3711 2811 animique

2122 2828 2474 2901 aegritudines
2526 2831 2795 2885 instructa
2842 2830 2924 2886 ira
2965 2838 3255 2907 pugnaret,
3306 2831 3522 2887 cunctis
3568 2832 3709 2888 lenis

2125 2932 2384 2993 tanquam
2409 2922 2584 2980 Moses
2614 2925 2751 2978 alter
2782 2925 3103 2994 apparebat.
3136 2924 3339 2979 Rerum
3364 2936 3704 2980 terrenarum

2122 3016 2478 3088 cupiditatem
2522 3018 2603 3074 sic
2632 3018 2933 3086 a'hjecerat,
2974 3027 3034 3073 ut
3062 3017 3264 3074 divinis
3300 3026 3511 3074 tantum
3545 3033 3709 3073 vaca-

2125 3117 2229 3164 ret.
2259 3107 2472 3176 Quanta
2513 3126 2678 3181 porro
2709 3110 3031 3166 fortitudine
3067 3112 3319 3177 eniteret,
3352 3110 3709 3181 laborumque

2123 3215 2189 3256 ac
2216 3215 2589 3255 aerumnarum
2613 3201 2941 3255 sustinentia
2970 3213 3133 3271 atque
3160 3208 3500 3270 contemptu,
3525 3209 3709 3257 extre-
3742 3208 3747 3215 ‘

2048 3287 2092 3347 C
2124 3305 2213 3346 ma
2250 3291 2425 3362 ipsius
2457 3301 2701 3361 tempora
2737 3292 3083 3362 potissimum
3117 3292 3447 3348 indicarunt.

2155 3382 2290 3449 .Sic
2345 3384 2513 3454 igitur
2567 3383 2662 3439 illo
2715 3383 3010 3439 virtutibus
3067 3383 3330 3449 florente,
3385 3380 3708 3438 monasterii

2123 3476 2417 3550 praefectus
2453 3478 2520 3532 ab
2553 3477 2656 3533 hac
2686 3478 2908 3532 mortali
2952 3478 3060 3533 vita
3086 3476 3340 3533 discessit
3373 3476 3439 3531 ad
3476 3477 3708 3532 immor—

2124 3574 2311 3629 talem.
2341 3569 2481 3626 Tum
2517 3571 2583 3625 ad
2638 3586 2763 3625 eum
2808 3571 3191 3627 universorum
3224 3586 3500 3625 concursu
3540 3569 3705 3636 facto,

2123 3681 2248 3720 cum
2286 3664 2548 3735 lacrymis
2587 3664 2862 3734 supplices
2886 3674 3082 3737 rogant
3108 3665 3244 3735 ipsis
3278 3680 3514 3739 praeesse
3554 3664 3704 3727 velit.

2122 3774 2185 3814 ac
2205 3757 2400 3813 salutis
2424 3756 2617 3813 ducem
2649 3772 2833 3829 agere,
2862 3758 2957 3828 qui
2985 3757 3068 3813 vel
3097 3767 3402 3813 extremum
3437 3757 3578 3828 apud
3610 3771 3708 3812 eos

2122 3839 2303 3908 locum
2330 3857 2546 3915 tenens,
2582 3849 2881 3906 virtutibus
2902 3849 3123 3920 vitaque
3145 3851 3352 3920 agenda
3377 3849 3486 3904 illis
3512 3849 3709 3919 praelu-

2122 3936 2469 4000 ceret.Nihil
2502 3948 2685 3997 tamen
2717 3942 2838 4013 ejus
2859 3942 3104 4011 animum
3135 3958 3354 3998 movere
3389 3950 3707 4013 potuerunt.

2123 4035 2280 4105 cujus
2322 4052 2495 4092 unum
2541 4037 2786 4092 studium
2839 4047 2991 4105 crat,
3038 4043 3100 4091 ut
3134 4036 3187 4090 in
3220 4030 3452 4106 a‘bjcctis
3485 4034 3709 4090 humilis

2121 4138 2507 4200 permaneret:
2532 4147 2597 4186 ac
2622 4139 2832 4201 quanto
2854 4130 3145 4186 sublimior
3164 4130 3367 4184 virtute
3392 4129 3705 4193 tolli-batur.

2124 4233 2276 4278 tanto
2310 4224 2396 4280 his
2431 4223 2715 4278 honestari
2754 4224 2993 4294 amplius
3030 4223 3421 4279 contendebat.
3462 4222 3708 4292 Denique

2121 4316 2321 4388 spretis
2348 4311 2609 4372 omnibus
2629 4357 2644 4382 ,
2676 4325 3070 4387 assumptoque
3120 4318 3173 4372 in
3216 4332 3439 4371 manum
3468 4317 3665 4372 baculo
3686 4358 3701 4383 ,

2120 4424 2183 4463 ac
2208 4409 2321 4480 Spei
2355 4409 2427 4474 vi,
2462 4409 2573 4475 cui,
2602 4409 2779 4478 quoad
2815 4408 2968 4476 vixit,
3002 4410 3165 4465 nixus
3197 4408 3395 4475 fuerat,
3425 4408 3703 4463 Christum

2121 4518 2220 4573 pro
2253 4503 2475 4559 thorace
2524 4514 2650 4573 apte
2697 4502 2955 4569 induens,
3016 4501 3086 4557 ad
3142 4503 3409 4573 Sigrianae
3462 4511 3702 4557 montem

2121 4597 2268 4651 venit
2302 4613 2315 4649 ;
2358 4605 2723 4668 coemptoque
2754 4596 2823 4653 ab
2850 4597 3093 4670 agricola
3138 4595 3420 4667 praediolo,
3453 4598 3541 4652 cui
3573 4598 3704 4651 olim

2116 4695 2228 4766 jam
2256 4695 2372 4767 agri
2431 4710 2633 4750 nomen
2678 4702 2797 4749 erat
2827 4692 2862 4766 ἶ(
2882 4708 3076 4764 nempe
3116 4700 3309 4747 mutuo
3338 4706 3368 4745 a
3400 4690 3534 4746 viris
3572 4693 3705 4744 reli-

2119 4785 2289 4857 giosis
2323 4794 2544 4856 accepta
2580 4785 2841 4856 pecunia,
2872 4799 2996 4839 cum
3038 4794 3235 4853 praeter
3269 4783 3513 4836 animum
3543 4780 3680 4837 viles

2117 4891 2226 4946 que
2260 4889 2473 4946 pannos
2514 4875 2712 4946 quibus
2747 4875 3032 4947 tegebatur
3056 4888 3257 4943 corpus
3283 4872 3419 4926 nihil
3455 4872 3705 4943 posside-

2117 4971 2247 5043 ret),
2270 4972 2475 5029 clausis
2496 4972 2777 5039 sensibus,
2795 4988 2859 5027 ac
2875 4986 3040 5028 carne
3068 4968 3379 5041 mundoque
3410 4968 3702 5035 excedens,

2114 5065 2227 5121 illic
2280 5064 2622 5122 domicilium
2668 5066 2775 5121 sibi
2825 5064 3039 5119 statuit.
3086 5064 3351 5118 Manuum
3386 5061 3597 5130 labore,
3638 5077 3703 5117 ac

2111 5158 2378 5215 divinitus
2402 5174 2665 5215 concessa
2696 5157 2879 5229 operis
2911 5155 3178 5212 industria
3207 5163 3419 5210 tantum
3445 5152 3701 5226 profecit,
3744 5204 3745 5207 η

2114 5264 2172 5309 ιιι
2205 5253 2445 5309 nondum
2490 5254 2676 5325 elapso
2702 5267 2848 5324 anno
2874 5266 2999 5307 cum
3023 5258 3216 5306 mutuo
3240 5258 3513 5319 sumptam
3536 5262 3704 5319 pecu-

2114 5346 2261 5400 niam
2305 5346 2578 5410 redderet,
2612 5355 2728 5400 tum
2763 5344 2931 5399 victui
2982 5343 3297 5400 necessaria
3329 5354 3697 5413 compararet.

2113 5438 2172 5494 lu
2204 5439 2321 5494 dies
2343 5452 2527 5494 autem
2556 5428 2617 5493 se
2640 5438 2760 5509 ipso
2787 5437 2981 5493 melior
3008 5437 3265 5503 evadens,
3312 5444 3366 5492 et
3400 5452 3523 5507 quzc
3556 5445 3701 5491 retro

2132 5541 2261 5587 Sunt
2291 5532 2374 5603 (ut
2402 5530 2646 5603 Apostoli
2679 5530 2857 5587 verbis
2887 5530 3032 5603 utar)
3063 5530 3421 5597 obliviscens,
3452 5529 3520 5586 ad
3545 5540 3694 5586 antc-

1702 5667 1935 5725 vanus
1993 5627 2408 5728 manemus.

546 5787 608 5820 ³⁸⁸
640 5784 1054 5859 διαπαιρεοῦται
1074 5784 1204 5859 Par.
1225 5856 1247 5859 _
1280 5784 1327 5819 ³⁸
1350 5783 1669 5859 δημάμενος
1696 5784 1820 5843 Par.
1892 5786 1939 5859 Ρ*
1977 5787 2179 5851 οίδότες
2216 5788 2343 5843 Par.
2419 5788 2468 5821 ³⁸
2494 5786 2733 5859 δημόδης
2766 5787 2911 5844 Pan
2962 5788 3008 5820 ”
3039 5786 3162 5841 καθ’
3190 5786 3539 5859 ήμέραννιηκ.
3570 5784 3687 5859 Par.

446 5860 575 5916 fort.
602 5856 923 5930 ὲνημέρευε.
1000 5857 1046 5890 ⁵ο
1066 5857 1194 5911 fort.
1214 5856 1411 5927 ὥσπερ
1428 5858 1511 5912 νιιι
1534 5857 1808 5929 καθάπερ.

451 5933 569 5986 l'at'.
646 5931 692 5962 “
709 5932 1017 6002 chcbatur
1042 5930 1277 5998 συνέρει.
1355 5930 1401 5962 ⁸³
1440 5930 1839 5998 κεκομισμένον
1872 5930 1996 5986 Par.

1887 5858 1929 5933 f‘
1958 5859 2168 5933 ἕτερος]
2188 5861 2351 5933 ﬁmo;
2371 5875 2481 5933 mg.
2514 5857 2637 5933 Par.
2670 5857 2833 5933 male.
2875 5860 2879 5865 ’
2909 5859 2953 5933 ξ’
2979 5857 3274 5933 βιώτηῃὸι
3299 5858 3481 5933 statim
3500 5857 3696 5929 ἀγήρῳ

2074 5934 2121 5965 ⁸³
2157 5928 2283 5989 ante
2307 5928 2506 5999 ψυχῆς,
2544 5929 2680 5993 πλὴν
2708 5932 2791 5986 vel
2824 5928 2989 5996 ἐκτὸς
3016 5931 3290 5987 excidisse
3323 5928 3558 5984 videtur.
