  <div class='ocr_page' id='page_1' title='image "/cluster/home/n/w/nwhite01/storage/ocr_20150623/108/mdp.39015037042556/024.png"; bbox 0 0 3978 6316; ppageno 0'>
   <div class='ocr_carea' id='block_1_1' title="bbox 445 346 3683 478">
    <p class='ocr_par' dir='ltr' id='par_1_1' title="bbox 445 346 3683 478">
     <span class='ocr_line' id='line_1_1' title="bbox 445 346 3683 478; baseline -0.007 -17"><span class='ocrx_word' id='word_1_1' title='bbox 445 404 511 466; x_wconf 79' lang='lat'><strong>33</strong></span> <span class='ocrx_word' id='word_1_2' title='bbox 1743 384 2235 451; x_wconf 81' lang='lat' dir='ltr'><strong>TliEOPI-IANIS</strong></span> <span class='ocrx_word' id='word_1_3' title='bbox 2272 382 2468 445; x_wconf 80' lang='lat' dir='ltr'><strong>VITA.</strong></span> <span class='ocrx_word' id='word_1_4' title='bbox 3035 471 3041 478; x_wconf 19' lang='grc' dir='ltr'>ν</span> <span class='ocrx_word' id='word_1_5' title='bbox 3364 346 3367 347; x_wconf 23' lang='grc' dir='ltr'>ί</span> <span class='ocrx_word' id='word_1_6' title='bbox 3615 382 3683 450; x_wconf 60' lang='lat'><strong>3,5</strong></span> 
     </span>
    </p>
   </div>
   <div class='ocr_carea' id='block_1_2' title="bbox 447 490 2033 582">
    <p class='ocr_par' dir='ltr' id='par_1_2' title="bbox 447 495 2017 582">
     <span class='ocr_line' id='line_1_2' title="bbox 447 495 2017 582; baseline -0.009 -19"><span class='ocrx_word' id='word_1_7' title='bbox 447 512 542 582; x_wconf 76' lang='grc' dir='ltr'><strong>τήν</strong></span> <span class='ocrx_word' id='word_1_8' title='bbox 565 506 851 576; x_wconf 77' lang='grc' dir='ltr'>ὠφέλειαν,</span> <span class='ocrx_word' id='word_1_9' title='bbox 876 502 1142 573; x_wconf 78' lang='grc' dir='ltr'><strong>εὐθυμίας</strong></span> <span class='ocrx_word' id='word_1_10' title='bbox 1174 502 1388 569; x_wconf 85' lang='grc' dir='ltr'>ἀπάσης</span> <span class='ocrx_word' id='word_1_11' title='bbox 1415 499 1842 571; x_wconf 77' lang='grc' dir='ltr'><strong>ἀνεπίμπλαντο.</strong></span> <span class='ocrx_word' id='word_1_12' title='bbox 1885 499 1942 550; x_wconf 85' lang='lat'><strong>&#39;0</strong></span> <span class='ocrx_word' id='word_1_13' title='bbox 1972 495 2017 549; x_wconf 81' lang='grc' dir='ltr'>δ’</span> 
     </span>
    </p>
   </div>
   <div class='ocr_carea' id='block_1_3' title="bbox 2138 490 3693 582">
    <p class='ocr_par' dir='ltr' id='par_1_3' title="bbox 2138 490 3693 567">
     <span class='ocr_line' id='line_1_3' title="bbox 2138 490 3693 567; baseline 0.004 -20"><span class='ocrx_word' id='word_1_14' title='bbox 2138 494 2516 558; x_wconf 80' lang='lat' dir='ltr'><strong>ibundaverat,</strong></span> <span class='ocrx_word' id='word_1_15' title='bbox 2551 490 2643 545; x_wconf 93' lang='lat' dir='ltr'><strong>vili</strong></span> <span class='ocrx_word' id='word_1_16' title='bbox 2684 506 2832 561; x_wconf 85' lang='lat' dir='ltr'><strong>nunc</strong></span> <span class='ocrx_word' id='word_1_17' title='bbox 2876 490 3062 547; x_wconf 89' lang='lat' dir='ltr'><strong>habitu</strong></span> <span class='ocrx_word' id='word_1_18' title='bbox 3101 491 3441 562; x_wconf 72' lang='lat' dir='ltr'><strong>gloriantem,</strong></span> <span class='ocrx_word' id='word_1_19' title='bbox 3484 497 3693 567; x_wconf 84' lang='lat' dir='ltr'><strong>majore</strong></span> 
     </span>
    </p>
   </div>
   <div class='ocr_carea' id='block_1_4' title="bbox 452 585 2016 668">
    <p class='ocr_par' dir='ltr' id='par_1_4' title="bbox 452 585 2016 668">
     <span class='ocr_line' id='line_1_4' title="bbox 452 585 2016 668; baseline -0.01 -16"><span class='ocrx_word' id='word_1_20' title='bbox 452 598 696 668; x_wconf 75' lang='grc' dir='ltr'><strong>ἐκθύμως</strong></span> <span class='ocrx_word' id='word_1_21' title='bbox 766 592 1104 655; x_wconf 79' lang='grc' dir='ltr'><strong>συνασπίσας</strong></span> <span class='ocrx_word' id='word_1_22' title='bbox 1137 593 1201 661; x_wconf 84' lang='grc' dir='ltr'>τῇ</span> <span class='ocrx_word' id='word_1_23' title='bbox 1259 590 1486 662; x_wconf 77' lang='grc' dir='ltr'><strong>ἀληθείᾳ</strong></span> <span class='ocrx_word' id='word_1_24' title='bbox 1528 590 1622 643; x_wconf 77' lang='grc' dir='ltr'>καὶ</span> <span class='ocrx_word' id='word_1_25' title='bbox 1658 588 1758 659; x_wconf 84' lang='grc' dir='ltr'>τὴν</span> <span class='ocrx_word' id='word_1_26' title='bbox 1806 585 2016 654; x_wconf 81' lang='grc' dir='ltr'><strong>πλάνην</strong></span> 
     </span>
    </p>
   </div>
   <div class='ocr_carea' id='block_1_5' title="bbox 447 676 2017 759">
    <p class='ocr_par' dir='ltr' id='par_1_5' title="bbox 447 676 2017 759">
     <span class='ocr_line' id='line_1_5' title="bbox 447 676 2017 759; baseline -0.011 -13"><span class='ocrx_word' id='word_1_27' title='bbox 447 686 983 759; x_wconf 73' lang='grc' dir='ltr'><strong>καταστρεψάμενος,</strong></span> <span class='ocrx_word' id='word_1_28' title='bbox 1007 686 1074 755; x_wconf 75' lang='grc' dir='ltr'>τῇ</span> <span class='ocrx_word' id='word_1_29' title='bbox 1099 684 1442 755; x_wconf 72' lang='grc' dir='ltr'>γενικωτάτῃ</span> <span class='ocrx_word' id='word_1_30' title='bbox 1464 682 1508 713; x_wconf 87' lang='grc'><strong><em>⁵³</em></strong></span> <span class='ocrx_word' id='word_1_31' title='bbox 1531 681 1638 736; x_wconf 88' lang='grc' dir='ltr'><strong>τῶν</strong></span> <span class='ocrx_word' id='word_1_32' title='bbox 1655 677 1864 750; x_wconf 84' lang='grc' dir='ltr'>ἀρετῶν</span> <span class='ocrx_word' id='word_1_33' title='bbox 1887 676 2017 731; x_wconf 79' lang='grc' dir='ltr'>καλ-</span> 
     </span>
    </p>
   </div>
   <div class='ocr_carea' id='block_1_6' title="bbox 448 776 1100 852">
    <p class='ocr_par' dir='ltr' id='par_1_6' title="bbox 448 776 1100 852">
     <span class='ocr_line' id='line_1_6' title="bbox 448 776 1100 852; baseline -0.009 -17"><span class='ocrx_word' id='word_1_34' title='bbox 448 783 753 852; x_wconf 81' lang='grc' dir='ltr'>λυνόμενος,</span> <span class='ocrx_word' id='word_1_35' title='bbox 780 776 1005 848; x_wconf 78' lang='grc' dir='ltr'>ἐπανῄει</span> <span class='ocrx_word' id='word_1_36' title='bbox 1035 777 1100 830; x_wconf 66' lang='grc'><strong>⁵⁵.</strong></span> 
     </span>
    </p>
   </div>
   <div class='ocr_carea' id='block_1_7' title="bbox 518 951 2019 1022">
    <p class='ocr_par' dir='ltr' id='par_1_7' title="bbox 518 951 2019 1022">
     <span class='ocr_line' id='line_1_7' title="bbox 518 951 2019 1022; baseline -0.005 -12"><span class='ocrx_word' id='word_1_37' title='bbox 518 958 717 1010; x_wconf 83' lang='grc' dir='ltr'><strong>Τούτου</strong></span> <span class='ocrx_word' id='word_1_38' title='bbox 761 958 875 1018; x_wconf 80' lang='grc' dir='ltr'>τοῖς</span> <span class='ocrx_word' id='word_1_39' title='bbox 907 954 1092 1017; x_wconf 77' lang='grc' dir='ltr'>καλοῖς</span> <span class='ocrx_word' id='word_1_40' title='bbox 1148 953 1196 1006; x_wconf 90' lang='grc' dir='ltr'><strong>οί</strong></span> <span class='ocrx_word' id='word_1_41' title='bbox 1233 952 1327 1020; x_wconf 81' lang='grc' dir='ltr'>τῆς</span> <span class='ocrx_word' id='word_1_42' title='bbox 1360 951 1404 983; x_wconf 74' lang='grc'><strong><em>⁵⁵</em></strong></span> <span class='ocrx_word' id='word_1_43' title='bbox 1434 951 1635 1015; x_wconf 84' lang='grc' dir='ltr'>κακίας</span> <span class='ocrx_word' id='word_1_44' title='bbox 1692 951 2019 1022; x_wconf 81' lang='grc' dir='ltr'>γεννήτορες</span> 
     </span>
    </p>
   </div>
   <div class='ocr_carea' id='block_1_8' title="bbox 454 1042 2025 1120">
    <p class='ocr_par' dir='ltr' id='par_1_8' title="bbox 454 1042 2025 1120">
     <span class='ocr_line' id='line_1_8' title="bbox 454 1042 2025 1120; baseline -0.004 -16"><span class='ocrx_word' id='word_1_45' title='bbox 454 1051 820 1120; x_wconf 80' lang='grc' dir='ltr'>βασκήναντες</span> <span class='ocrx_word' id='word_1_46' title='bbox 836 1048 1110 1117; x_wconf 81' lang='grc' dir='ltr'>δαίμονες,</span> <span class='ocrx_word' id='word_1_47' title='bbox 1131 1045 1324 1118; x_wconf 90' lang='grc' dir='ltr'>μικρὸν</span> <span class='ocrx_word' id='word_1_48' title='bbox 1354 1045 1452 1116; x_wconf 83' lang='grc' dir='ltr'><strong>τῆς</strong></span> <span class='ocrx_word' id='word_1_49' title='bbox 1482 1045 1675 1108; x_wconf 88' lang='grc' dir='ltr'>νυκτὸς</span> <span class='ocrx_word' id='word_1_50' title='bbox 1704 1042 2025 1113; x_wconf 80' lang='grc' dir='ltr'><strong>ἀφυπνοῦν-¹</strong></span> 
     </span>
    </p>
   </div>
   <div class='ocr_carea' id='block_1_9' title="bbox 450 1134 2021 1211">
    <p class='ocr_par' dir='ltr' id='par_1_9' title="bbox 450 1134 2021 1211">
     <span class='ocr_line' id='line_1_9' title="bbox 450 1134 2021 1211; baseline -0.006 -15"><span class='ocrx_word' id='word_1_51' title='bbox 450 1161 502 1196; x_wconf 91' lang='grc' dir='ltr'><strong>τι</strong></span> <span class='ocrx_word' id='word_1_52' title='bbox 535 1142 729 1211; x_wconf 81' lang='grc' dir='ltr'>ἀνέδην</span> <span class='ocrx_word' id='word_1_53' title='bbox 770 1139 1207 1208; x_wconf 78' lang='grc' dir='ltr'>ὲπικωμάζουσι,</span> <span class='ocrx_word' id='word_1_54' title='bbox 1258 1139 1352 1192; x_wconf 73' lang='grc' dir='ltr'>καὶ</span> <span class='ocrx_word' id='word_1_55' title='bbox 1389 1139 1486 1207; x_wconf 84' lang='grc' dir='ltr'>τῆς</span> <span class='ocrx_word' id='word_1_56' title='bbox 1543 1137 1670 1207; x_wconf 82' lang='grc' dir='ltr'>ὅλης</span> <span class='ocrx_word' id='word_1_57' title='bbox 1718 1136 1901 1207; x_wconf 85' lang='grc' dir='ltr'>χειρὸς</span> <span class='ocrx_word' id='word_1_58' title='bbox 1930 1134 2021 1188; x_wconf 88' lang='grc' dir='ltr'><strong>τὸν</strong></span> 
     </span>
    </p>
   </div>
   <div class='ocr_carea' id='block_1_10' title="bbox 450 1228 2016 1304">
    <p class='ocr_par' dir='ltr' id='par_1_10' title="bbox 450 1228 2016 1304">
     <span class='ocr_line' id='line_1_10' title="bbox 450 1228 2016 1304; baseline -0.006 -17"><span class='ocrx_word' id='word_1_59' title='bbox 450 1235 727 1304; x_wconf 80' lang='grc' dir='ltr'>ἀντίχειρα</span> <span class='ocrx_word' id='word_1_60' title='bbox 765 1233 895 1295; x_wconf 83' lang='grc' dir='ltr'>συὸς</span> <span class='ocrx_word' id='word_1_61' title='bbox 925 1231 1080 1302; x_wconf 85' lang='grc' dir='ltr'>δίκην</span> <span class='ocrx_word' id='word_1_62' title='bbox 1110 1230 1305 1301; x_wconf 77' lang='grc' dir='ltr'>ἀγρίου</span> <span class='ocrx_word' id='word_1_63' title='bbox 1336 1233 1450 1293; x_wconf 84' lang='grc' dir='ltr'>τοῖς</span> <span class='ocrx_word' id='word_1_64' title='bbox 1488 1228 1669 1283; x_wconf 77' lang='grc' dir='ltr'><strong>ὀδοῦσι</strong></span> <span class='ocrx_word' id='word_1_65' title='bbox 1704 1228 2016 1298; x_wconf 76' lang='grc' dir='ltr'>λαϐόμενοι,</span> 
     </span>
    </p>
   </div>
   <div class='ocr_carea' id='block_1_11' title="bbox 446 1320 2020 1396">
    <p class='ocr_par' dir='ltr' id='par_1_11' title="bbox 446 1320 2020 1396">
     <span class='ocr_line' id='line_1_11' title="bbox 446 1320 2020 1396; baseline -0.003 -19"><span class='ocrx_word' id='word_1_66' title='bbox 446 1325 696 1396; x_wconf 82' lang='grc' dir='ltr'>δριμεῖαν</span> <span class='ocrx_word' id='word_1_67' title='bbox 742 1325 842 1393; x_wconf 74' lang='grc' dir='ltr'>τὴν</span> <span class='ocrx_word' id='word_1_68' title='bbox 872 1322 1140 1394; x_wconf 83' lang='grc' dir='ltr'>ἀλγηδόνα</span> <span class='ocrx_word' id='word_1_69' title='bbox 1186 1323 1278 1376; x_wconf 72' lang='grc' dir='ltr'><strong>καὶ</strong></span> <span class='ocrx_word' id='word_1_70' title='bbox 1328 1324 1556 1374; x_wconf 76' lang='grc' dir='ltr'>ἔκτοπον</span> <span class='ocrx_word' id='word_1_71' title='bbox 1588 1320 1912 1391; x_wconf 81' lang='grc' dir='ltr'>ἐνεποίησαν</span> <span class='ocrx_word' id='word_1_72' title='bbox 1953 1320 2020 1383; x_wconf 82' lang='grc'><strong>⁵⁸,</strong></span> 
     </span>
    </p>
   </div>
   <div class='ocr_carea' id='block_1_12' title="bbox 412 1410 2021 1485">
    <p class='ocr_par' dir='ltr' id='par_1_12' title="bbox 412 1410 2021 1485">
     <span class='ocr_line' id='line_1_12' title="bbox 412 1410 2021 1485; baseline -0.005 -14"><span class='ocrx_word' id='word_1_73' title='bbox 412 1430 419 1437; x_wconf 83' lang='grc'><strong>’</strong></span> <span class='ocrx_word' id='word_1_74' title='bbox 446 1421 571 1482; x_wconf 74' lang='grc' dir='ltr'>τοὺς</span> <span class='ocrx_word' id='word_1_75' title='bbox 607 1419 715 1472; x_wconf 85' lang='grc' dir='ltr'><strong>τῶν</strong></span> <span class='ocrx_word' id='word_1_76' title='bbox 744 1417 970 1469; x_wconf 85' lang='grc' dir='ltr'>ὀδόντων</span> <span class='ocrx_word' id='word_1_77' title='bbox 1001 1416 1205 1479; x_wconf 87' lang='grc' dir='ltr'>τύπους</span> <span class='ocrx_word' id='word_1_78' title='bbox 1254 1415 1554 1483; x_wconf 77' lang='grc' dir='ltr'>ὲπαφέντες</span> <span class='ocrx_word' id='word_1_79' title='bbox 1586 1412 1666 1485; x_wconf 83' lang='grc' dir='ltr'>τῷ</span> <span class='ocrx_word' id='word_1_80' title='bbox 1719 1413 1873 1483; x_wconf 81' lang='grc' dir='ltr'>μέρει</span> <span class='ocrx_word' id='word_1_81' title='bbox 1926 1410 2021 1464; x_wconf 80' lang='grc' dir='ltr'>τοῦ</span> 
     </span>
    </p>
   </div>
   <div class='ocr_carea' id='block_1_13' title="bbox 450 1505 2019 1579">
    <p class='ocr_par' dir='ltr' id='par_1_13' title="bbox 450 1505 2019 1579">
     <span class='ocr_line' id='line_1_13' title="bbox 450 1505 2019 1579; baseline -0.005 -16"><span class='ocrx_word' id='word_1_82' title='bbox 450 1509 723 1579; x_wconf 82' lang='grc' dir='ltr'>σώματος.</span> <span class='ocrx_word' id='word_1_83' title='bbox 771 1509 829 1563; x_wconf 86' lang='grc' dir='ltr'>Ὀ</span> <span class='ocrx_word' id='word_1_84' title='bbox 865 1508 919 1561; x_wconf 84' lang='grc' dir='ltr'><strong>δὲ</strong></span> <span class='ocrx_word' id='word_1_85' title='bbox 957 1508 1034 1578; x_wconf 84' lang='grc' dir='ltr'>τῷ</span> <span class='ocrx_word' id='word_1_86' title='bbox 1059 1508 1193 1579; x_wconf 87' lang='grc' dir='ltr'>πρὸς</span> <span class='ocrx_word' id='word_1_87' title='bbox 1230 1507 1364 1561; x_wconf 90' lang='grc' dir='ltr'>Θεὸν</span> <span class='ocrx_word' id='word_1_88' title='bbox 1390 1506 1555 1579; x_wconf 79' lang='grc' dir='ltr'>ἔρωτι</span> <span class='ocrx_word' id='word_1_89' title='bbox 1594 1505 2019 1575; x_wconf 80' lang='grc' dir='ltr'>καθηλούμενος,</span> 
     </span>
    </p>
   </div>
   <div class='ocr_carea' id='block_1_14' title="bbox 447 1598 2022 1671">
    <p class='ocr_par' dir='ltr' id='par_1_14' title="bbox 447 1598 2022 1671">
     <span class='ocr_line' id='line_1_14' title="bbox 447 1598 2022 1671; baseline -0.002 -18"><span class='ocrx_word' id='word_1_90' title='bbox 447 1600 543 1653; x_wconf 73' lang='grc' dir='ltr'>καὶ</span> <span class='ocrx_word' id='word_1_91' title='bbox 582 1600 678 1669; x_wconf 85' lang='grc' dir='ltr'>τῆς</span> <span class='ocrx_word' id='word_1_92' title='bbox 702 1600 925 1654; x_wconf 81' lang='grc' dir='ltr'>ἐκείνων</span> <span class='ocrx_word' id='word_1_93' title='bbox 959 1601 1238 1671; x_wconf 76' lang='grc' dir='ltr'>μοχθηρᾶς</span> <span class='ocrx_word' id='word_1_94' title='bbox 1277 1600 1520 1664; x_wconf 70' lang='grc' dir='ltr'>ἐπινοίας</span> <span class='ocrx_word' id='word_1_95' title='bbox 1557 1599 1814 1670; x_wconf 79' lang='grc' dir='ltr'>ὑπάρχων</span> <span class='ocrx_word' id='word_1_96' title='bbox 1852 1598 2022 1667; x_wconf 82' lang='grc' dir='ltr'>ὑπέρ-</span> 
     </span>
    </p>
   </div>
   <div class='ocr_carea' id='block_1_15' title="bbox 448 1688 2020 1763">
    <p class='ocr_par' dir='ltr' id='par_1_15' title="bbox 448 1688 2020 1763">
     <span class='ocr_line' id='line_1_15' title="bbox 448 1688 2020 1763; baseline -0.003 -18"><span class='ocrx_word' id='word_1_97' title='bbox 448 1709 626 1763; x_wconf 81' lang='grc' dir='ltr'>τερος,</span> <span class='ocrx_word' id='word_1_98' title='bbox 665 1693 773 1745; x_wconf 80' lang='grc' dir='ltr'>οὐδ’</span> <span class='ocrx_word' id='word_1_99' title='bbox 828 1691 1002 1756; x_wconf 72' lang='grc' dir='ltr'>οὕτως</span> <span class='ocrx_word' id='word_1_100' title='bbox 1038 1695 1312 1763; x_wconf 79' lang='grc' dir='ltr'>ὲντρυφᾷν</span> <span class='ocrx_word' id='word_1_101' title='bbox 1336 1692 1413 1763; x_wconf 81' lang='grc' dir='ltr'>τῷ</span> <span class='ocrx_word' id='word_1_102' title='bbox 1446 1692 1693 1761; x_wconf 82' lang='grc' dir='ltr'>γεγονότι</span> <span class='ocrx_word' id='word_1_103' title='bbox 1755 1692 1882 1752; x_wconf 85' lang='grc' dir='ltr'>τοὺς</span> <span class='ocrx_word' id='word_1_104' title='bbox 1924 1688 2020 1760; x_wconf 85' lang='grc' dir='ltr'><strong>βα-</strong></span> 
     </span>
    </p>
   </div>
   <div class='ocr_carea' id='block_1_16' title="bbox 450 1779 2024 1854">
    <p class='ocr_par' dir='ltr' id='par_1_16' title="bbox 450 1779 2024 1854">
     <span class='ocr_line' id='line_1_16' title="bbox 450 1779 2024 1854; baseline -0.002 -19"><span class='ocrx_word' id='word_1_105' title='bbox 450 1783 679 1845; x_wconf 81' lang='grc' dir='ltr'>σκάνους</span> <span class='ocrx_word' id='word_1_106' title='bbox 714 1781 942 1835; x_wconf 72' lang='grc' dir='ltr'>ἐνέδωκε</span> <span class='ocrx_word' id='word_1_107' title='bbox 985 1782 1245 1853; x_wconf 86' lang='grc' dir='ltr'>δαίμονας</span> <span class='ocrx_word' id='word_1_108' title='bbox 1267 1798 1279 1811; x_wconf 89' lang='grc'><strong>·</strong></span> <span class='ocrx_word' id='word_1_109' title='bbox 1316 1780 1733 1854; x_wconf 87' lang='grc' dir='ltr'>ἀπομυρίσματι</span> <span class='ocrx_word' id='word_1_110' title='bbox 1764 1780 1819 1833; x_wconf 82' lang='grc' dir='ltr'>δὲ</span> <span class='ocrx_word' id='word_1_111' title='bbox 1851 1779 2024 1843; x_wconf 79' lang='grc' dir='ltr'>ξύλων</span> 
     </span>
    </p>
   </div>
   <div class='ocr_carea' id='block_1_17' title="bbox 2118 584 3689 660">
    <p class='ocr_par' dir='ltr' id='par_1_17' title="bbox 2118 584 3689 660">
     <span class='ocr_line' id='line_1_17' title="bbox 2118 584 3689 660; baseline 0.002 -18"><span class='ocrx_word' id='word_1_112' title='bbox 2118 603 2181 642; x_wconf 79' lang='lat' dir='ltr'><strong>ex</strong></span> <span class='ocrx_word' id='word_1_113' title='bbox 2215 586 2325 649; x_wconf 90' lang='lat' dir='ltr'><strong>illo,</strong></span> <span class='ocrx_word' id='word_1_114' title='bbox 2350 600 2513 656; x_wconf 89' lang='lat' dir='ltr'><strong>quam</strong></span> <span class='ocrx_word' id='word_1_115' title='bbox 2546 601 2611 641; x_wconf 81' lang='lat' dir='ltr'><strong>ex</strong></span> <span class='ocrx_word' id='word_1_116' title='bbox 2636 584 2885 655; x_wconf 84' lang='lat' dir='ltr'><strong>reliquis,</strong></span> <span class='ocrx_word' id='word_1_117' title='bbox 2912 592 3168 654; x_wconf 89' lang='lat' dir='ltr'><strong>percepta</strong></span> <span class='ocrx_word' id='word_1_118' title='bbox 3204 586 3454 652; x_wconf 90' lang='lat' dir='ltr'><strong>utilitate,</strong></span> <span class='ocrx_word' id='word_1_119' title='bbox 3483 586 3689 660; x_wconf 75' lang='lat' dir='ltr'><strong>ingenti</strong></span> 
     </span>
    </p>
   </div>
   <div class='ocr_carea' id='block_1_18' title="bbox 2120 675 3688 749">
    <p class='ocr_par' dir='ltr' id='par_1_18' title="bbox 2120 675 3688 749">
     <span class='ocr_line' id='line_1_18' title="bbox 2120 675 3688 749; baseline 0.001 -17"><span class='ocrx_word' id='word_1_120' title='bbox 2120 678 2303 732; x_wconf 82' lang='lat' dir='ltr'><strong>laetitia</strong></span> <span class='ocrx_word' id='word_1_121' title='bbox 2345 675 2532 747; x_wconf 88' lang='lat' dir='ltr'><strong>repleti</strong></span> <span class='ocrx_word' id='word_1_122' title='bbox 2582 684 2729 731; x_wconf 85' lang='lat' dir='ltr'><strong>sunt.</strong></span> <span class='ocrx_word' id='word_1_123' title='bbox 2766 677 2885 745; x_wconf 88' lang='lat' dir='ltr'><strong>Ipse</strong></span> <span class='ocrx_word' id='word_1_124' title='bbox 2930 690 3060 731; x_wconf 85' lang='lat' dir='ltr'><strong>vero</strong></span> <span class='ocrx_word' id='word_1_125' title='bbox 3094 686 3318 732; x_wconf 86' lang='lat' dir='ltr'><strong>strenue</strong></span> <span class='ocrx_word' id='word_1_126' title='bbox 3350 687 3688 749; x_wconf 86' lang='lat' dir='ltr'><strong>propugnata</strong></span> 
     </span>
    </p>
   </div>
   <div class='ocr_carea' id='block_1_19' title="bbox 2119 768 3689 844">
    <p class='ocr_par' dir='ltr' id='par_1_19' title="bbox 2119 768 3689 844">
     <span class='ocr_line' id='line_1_19' title="bbox 2119 768 3689 844; baseline 0.003 -21"><span class='ocrx_word' id='word_1_127' title='bbox 2119 771 2343 823; x_wconf 78' lang='lat' dir='ltr'><strong>veritate</strong></span> <span class='ocrx_word' id='word_1_128' title='bbox 2365 811 2378 835; x_wconf 89' lang='lat'><strong>,</strong></span> <span class='ocrx_word' id='word_1_129' title='bbox 2415 784 2478 823; x_wconf 90' lang='lat' dir='ltr'><strong>ac</strong></span> <span class='ocrx_word' id='word_1_130' title='bbox 2516 782 2702 823; x_wconf 88' lang='lat' dir='ltr'><strong>errore</strong></span> <span class='ocrx_word' id='word_1_131' title='bbox 2738 782 2961 835; x_wconf 87' lang='lat' dir='ltr'><strong>everso,</strong></span> <span class='ocrx_word' id='word_1_132' title='bbox 2990 768 3115 834; x_wconf 82' lang='lat' dir='ltr'><strong>ﬁde,</strong></span> <span class='ocrx_word' id='word_1_133' title='bbox 3151 784 3271 839; x_wconf 81' lang='lat' dir='ltr'><strong>quae</strong></span> <span class='ocrx_word' id='word_1_134' title='bbox 3300 771 3564 826; x_wconf 88' lang='lat' dir='ltr'><strong>virtutum</strong></span> <span class='ocrx_word' id='word_1_135' title='bbox 3594 786 3689 844; x_wconf 82' lang='lat' dir='ltr'><strong>ge-</strong></span> 
     </span>
    </p>
   </div>
   <div class='ocr_carea' id='block_1_20' title="bbox 2121 860 3066 931">
    <p class='ocr_par' dir='ltr' id='par_1_20' title="bbox 2121 860 3066 931">
     <span class='ocr_line' id='line_1_20' title="bbox 2121 860 3066 931; baseline 0.001 -16"><span class='ocrx_word' id='word_1_136' title='bbox 2121 862 2463 915; x_wconf 88' lang='lat' dir='ltr'><strong>neralissima</strong></span> <span class='ocrx_word' id='word_1_137' title='bbox 2489 868 2591 925; x_wconf 87' lang='lat' dir='ltr'><strong>est,</strong></span> <span class='ocrx_word' id='word_1_138' title='bbox 2626 860 2860 931; x_wconf 79' lang='lat' dir='ltr'><strong>inclytus</strong></span> <span class='ocrx_word' id='word_1_139' title='bbox 2887 861 3066 916; x_wconf 84' lang='lat' dir='ltr'><strong>rediit.</strong></span> 
     </span>
    </p>
   </div>
   <div class='ocr_carea' id='block_1_21' title="bbox 2196 938 3691 1028">
    <p class='ocr_par' dir='ltr' id='par_1_21' title="bbox 2196 938 3691 1028">
     <span class='ocr_line' id='line_1_21' title="bbox 2196 938 3691 1028; baseline 0.003 -20"><span class='ocrx_word' id='word_1_140' title='bbox 2196 952 2394 1008; x_wconf 85' lang='lat' dir='ltr'><strong>Verum</strong></span> <span class='ocrx_word' id='word_1_141' title='bbox 2421 969 2543 1009; x_wconf 91' lang='lat' dir='ltr'><strong>eum</strong></span> <span class='ocrx_word' id='word_1_142' title='bbox 2572 953 2792 1008; x_wconf 66' lang='lat' dir='ltr'><strong>malitiae</strong></span> <span class='ocrx_word' id='word_1_143' title='bbox 2824 964 3076 1009; x_wconf 88' lang='lat' dir='ltr'><strong>auctores</strong></span> <span class='ocrx_word' id='word_1_144' title='bbox 3107 955 3382 1015; x_wconf 66' lang='lat' dir='ltr'><strong>datmones</strong></span> <span class='ocrx_word' id='word_1_145' title='bbox 3410 938 3691 1028; x_wconf 73' lang='lat' dir='ltr'><strong>praeclaris</strong></span> 
     </span>
    </p>
   </div>
   <div class='ocr_carea' id='block_1_22' title="bbox 2123 1044 3697 1118">
    <p class='ocr_par' dir='ltr' id='par_1_22' title="bbox 2123 1044 3697 1118">
     <span class='ocr_line' id='line_1_22' title="bbox 2123 1044 3697 1118; baseline 0.007 -20"><span class='ocrx_word' id='word_1_146' title='bbox 2123 1045 2293 1114; x_wconf 86' lang='lat' dir='ltr'><strong>ipsius</strong></span> <span class='ocrx_word' id='word_1_147' title='bbox 2312 1044 2471 1099; x_wconf 81' lang='lat' dir='ltr'><strong>factis</strong></span> <span class='ocrx_word' id='word_1_148' title='bbox 2499 1044 2827 1111; x_wconf 86' lang='lat' dir='ltr'><strong>inviderent,</strong></span> <span class='ocrx_word' id='word_1_149' title='bbox 2844 1044 2894 1100; x_wconf 90' lang='lat' dir='ltr'><strong>ei</strong></span> <span class='ocrx_word' id='word_1_150' title='bbox 2912 1055 3073 1100; x_wconf 83' lang='lat' dir='ltr'><strong>nocte</strong></span> <span class='ocrx_word' id='word_1_151' title='bbox 3090 1061 3380 1118; x_wconf 86' lang='lat' dir='ltr'><strong>parumper</strong></span> <span class='ocrx_word' id='word_1_152' title='bbox 3399 1048 3697 1109; x_wconf 74' lang='lat' dir='ltr'><strong>dormienti</strong></span> 
     </span>
    </p>
   </div>
   <div class='ocr_carea' id='block_1_23' title="bbox 2122 1136 3694 1212">
    <p class='ocr_par' dir='ltr' id='par_1_23' title="bbox 2122 1136 3694 1212">
     <span class='ocr_line' id='line_1_23' title="bbox 2122 1136 3694 1212; baseline 0.003 -20"><span class='ocrx_word' id='word_1_153' title='bbox 2122 1136 2468 1206; x_wconf 88' lang='lat' dir='ltr'><strong>impudenter</strong></span> <span class='ocrx_word' id='word_1_154' title='bbox 2491 1137 2721 1191; x_wconf 90' lang='lat' dir='ltr'><strong>illudere</strong></span> <span class='ocrx_word' id='word_1_155' title='bbox 2754 1138 2934 1192; x_wconf 86' lang='lat' dir='ltr'><strong>conati</strong></span> <span class='ocrx_word' id='word_1_156' title='bbox 2967 1146 3115 1192; x_wconf 89' lang='lat' dir='ltr'><strong>sunt.</strong></span> <span class='ocrx_word' id='word_1_157' title='bbox 3145 1136 3337 1194; x_wconf 77' lang='lat' dir='ltr'><strong>Manus</strong></span> <span class='ocrx_word' id='word_1_158' title='bbox 3356 1140 3501 1195; x_wconf 86' lang='lat' dir='ltr'><strong>enim</strong></span> <span class='ocrx_word' id='word_1_159' title='bbox 3521 1142 3694 1212; x_wconf 86' lang='lat' dir='ltr'><strong>ipsius</strong></span> 
     </span>
    </p>
   </div>
   <div class='ocr_carea' id='block_1_24' title="bbox 2125 1230 3694 1300">
    <p class='ocr_par' dir='ltr' id='par_1_24' title="bbox 2125 1230 3694 1300">
     <span class='ocr_line' id='line_1_24' title="bbox 2125 1230 3694 1300; baseline 0.004 -19"><span class='ocrx_word' id='word_1_160' title='bbox 2125 1230 2398 1300; x_wconf 86' lang='lat' dir='ltr'><strong>pollicem,</strong></span> <span class='ocrx_word' id='word_1_161' title='bbox 2447 1238 2707 1298; x_wconf 87' lang='lat' dir='ltr'><strong>tanquam</strong></span> <span class='ocrx_word' id='word_1_162' title='bbox 2757 1244 2885 1285; x_wconf 84' lang='lat' dir='ltr'><strong>sues</strong></span> <span class='ocrx_word' id='word_1_163' title='bbox 2920 1237 3184 1300; x_wconf 78' lang='lat' dir='ltr'><strong>agrestes,</strong></span> <span class='ocrx_word' id='word_1_164' title='bbox 3235 1231 3489 1286; x_wconf 86' lang='lat' dir='ltr'><strong>dentibus</strong></span> <span class='ocrx_word' id='word_1_165' title='bbox 3520 1234 3694 1287; x_wconf 85' lang='lat' dir='ltr'><strong>corri-</strong></span> 
     </span>
    </p>
   </div>
   <div class='ocr_carea' id='block_1_25' title="bbox 2125 1320 3695 1394">
    <p class='ocr_par' dir='ltr' id='par_1_25' title="bbox 2125 1320 3695 1394">
     <span class='ocr_line' id='line_1_25' title="bbox 2125 1320 3695 1394; baseline 0.003 -21"><span class='ocrx_word' id='word_1_166' title='bbox 2125 1322 2353 1391; x_wconf 84' lang='lat' dir='ltr'><strong>pientes,</strong></span> <span class='ocrx_word' id='word_1_167' title='bbox 2405 1321 2662 1374; x_wconf 84' lang='lat' dir='ltr'><strong>acerbum</strong></span> <span class='ocrx_word' id='word_1_168' title='bbox 2708 1320 2952 1375; x_wconf 87' lang='lat' dir='ltr'><strong>dolorem</strong></span> <span class='ocrx_word' id='word_1_169' title='bbox 3019 1322 3358 1388; x_wconf 85' lang='lat' dir='ltr'><strong>inusserunt,</strong></span> <span class='ocrx_word' id='word_1_170' title='bbox 3410 1324 3464 1377; x_wconf 90' lang='lat' dir='ltr'><strong>in</strong></span> <span class='ocrx_word' id='word_1_171' title='bbox 3521 1339 3695 1394; x_wconf 87' lang='lat' dir='ltr'><strong>eaque</strong></span> 
     </span>
    </p>
   </div>
   <div class='ocr_carea' id='block_1_26' title="bbox 2124 1411 3691 1482">
    <p class='ocr_par' dir='ltr' id='par_1_26' title="bbox 2124 1411 3691 1482">
     <span class='ocr_line' id='line_1_26' title="bbox 2124 1411 3691 1482; baseline 0.003 -17"><span class='ocrx_word' id='word_1_172' title='bbox 2124 1411 2368 1480; x_wconf 86' lang='lat' dir='ltr'><strong>corporis</strong></span> <span class='ocrx_word' id='word_1_173' title='bbox 2392 1420 2543 1479; x_wconf 87' lang='lat' dir='ltr'><strong>parte</strong></span> <span class='ocrx_word' id='word_1_174' title='bbox 2578 1411 2780 1476; x_wconf 79' lang='lat' dir='ltr'><strong>luxata,</strong></span> <span class='ocrx_word' id='word_1_175' title='bbox 2810 1411 3054 1466; x_wconf 91' lang='lat' dir='ltr'><strong>dentium</strong></span> <span class='ocrx_word' id='word_1_176' title='bbox 3080 1412 3302 1481; x_wconf 81' lang='lat' dir='ltr'><strong>vestigia</strong></span> <span class='ocrx_word' id='word_1_177' title='bbox 3336 1414 3691 1482; x_wconf 89' lang='lat' dir='ltr'><strong>reliquerunt.</strong></span> 
     </span>
    </p>
   </div>
   <div class='ocr_carea' id='block_1_27' title="bbox 2126 1503 3691 1575">
    <p class='ocr_par' dir='ltr' id='par_1_27' title="bbox 2126 1503 3691 1575">
     <span class='ocr_line' id='line_1_27' title="bbox 2126 1503 3691 1575; baseline 0.003 -18"><span class='ocrx_word' id='word_1_178' title='bbox 2126 1504 2195 1557; x_wconf 84' lang='lat' dir='ltr'><strong>At</strong></span> <span class='ocrx_word' id='word_1_179' title='bbox 2225 1505 2312 1558; x_wconf 91' lang='lat' dir='ltr'><strong>ille</strong></span> <span class='ocrx_word' id='word_1_180' title='bbox 2340 1503 2432 1558; x_wconf 88' lang='lat' dir='ltr'><strong>Dei</strong></span> <span class='ocrx_word' id='word_1_181' title='bbox 2478 1519 2667 1559; x_wconf 81' lang='lat' dir='ltr'><strong>amore</strong></span> <span class='ocrx_word' id='word_1_182' title='bbox 2701 1503 2970 1570; x_wconf 77' lang='lat' dir='ltr'><strong>confixus,</strong></span> <span class='ocrx_word' id='word_1_183' title='bbox 3004 1514 3059 1560; x_wconf 89' lang='lat' dir='ltr'><strong>et</strong></span> <span class='ocrx_word' id='word_1_184' title='bbox 3098 1507 3339 1575; x_wconf 84' lang='lat' dir='ltr'><strong>nequitia</strong></span> <span class='ocrx_word' id='word_1_185' title='bbox 3383 1507 3691 1562; x_wconf 67' lang='lat' dir='ltr'><strong>daemonum</strong></span> 
     </span>
    </p>
   </div>
   <div class='ocr_carea' id='block_1_28' title="bbox 2125 1600 3697 1671">
    <p class='ocr_par' dir='ltr' id='par_1_28' title="bbox 2125 1600 3697 1671">
     <span class='ocr_line' id='line_1_28' title="bbox 2125 1600 3697 1671; baseline 0.004 -21"><span class='ocrx_word' id='word_1_186' title='bbox 2125 1600 2370 1651; x_wconf 88' lang='lat' dir='ltr'><strong>animum</strong></span> <span class='ocrx_word' id='word_1_187' title='bbox 2411 1614 2604 1668; x_wconf 78' lang='lat' dir='ltr'><strong>gerens</strong></span> <span class='ocrx_word' id='word_1_188' title='bbox 2653 1600 2989 1669; x_wconf 86' lang='lat' dir='ltr'><strong>superiorem</strong></span> <span class='ocrx_word' id='word_1_189' title='bbox 3014 1639 3028 1663; x_wconf 95' lang='lat'><strong>,</strong></span> <span class='ocrx_word' id='word_1_190' title='bbox 3060 1615 3131 1655; x_wconf 87' lang='lat' dir='ltr'><strong>ne</strong></span> <span class='ocrx_word' id='word_1_191' title='bbox 3170 1601 3250 1656; x_wconf 90' lang='lat' dir='ltr'><strong>sic</strong></span> <span class='ocrx_word' id='word_1_192' title='bbox 3290 1602 3509 1671; x_wconf 86' lang='lat' dir='ltr'><strong>quidem</strong></span> <span class='ocrx_word' id='word_1_193' title='bbox 3544 1618 3607 1657; x_wconf 84' lang='lat' dir='ltr'><strong>ea</strong></span> <span class='ocrx_word' id='word_1_194' title='bbox 3640 1617 3697 1657; x_wconf 87' lang='lat' dir='ltr'><strong>re</strong></span> 
     </span>
    </p>
   </div>
   <div class='ocr_carea' id='block_1_29' title="bbox 2126 1691 3700 1764">
    <p class='ocr_par' dir='ltr' id='par_1_29' title="bbox 2126 1691 3700 1764">
     <span class='ocr_line' id='line_1_29' title="bbox 2126 1691 3700 1764; baseline 0.003 -20"><span class='ocrx_word' id='word_1_195' title='bbox 2126 1691 2346 1761; x_wconf 85' lang='lat' dir='ltr'><strong>gloriari</strong></span> <span class='ocrx_word' id='word_1_196' title='bbox 2386 1692 2598 1747; x_wconf 82' lang='lat' dir='ltr'><strong>invidos</strong></span> <span class='ocrx_word' id='word_1_197' title='bbox 2630 1694 2907 1747; x_wconf 63' lang='lat' dir='ltr'><strong>dmmones</strong></span> <span class='ocrx_word' id='word_1_198' title='bbox 2940 1693 3210 1762; x_wconf 80' lang='lat' dir='ltr'><strong>permisit,</strong></span> <span class='ocrx_word' id='word_1_199' title='bbox 3253 1695 3345 1749; x_wconf 88' lang='lat' dir='ltr'><strong>sed</strong></span> <span class='ocrx_word' id='word_1_200' title='bbox 3371 1709 3535 1764; x_wconf 85' lang='lat' dir='ltr'><strong>quam</strong></span> <span class='ocrx_word' id='word_1_201' title='bbox 3567 1710 3700 1763; x_wconf 87' lang='lat' dir='ltr'><strong>pro-</strong></span> 
     </span>
    </p>
   </div>
   <div class='ocr_carea' id='block_1_30' title="bbox 2127 1785 3695 1856">
    <p class='ocr_par' dir='ltr' id='par_1_30' title="bbox 2127 1785 3695 1856">
     <span class='ocr_line' id='line_1_30' title="bbox 2127 1785 3695 1856; baseline 0.003 -19"><span class='ocrx_word' id='word_1_202' title='bbox 2127 1799 2254 1853; x_wconf 90' lang='lat' dir='ltr'><strong>pere</strong></span> <span class='ocrx_word' id='word_1_203' title='bbox 2280 1785 2432 1838; x_wconf 88' lang='lat' dir='ltr'><strong>licuit</strong></span> <span class='ocrx_word' id='word_1_204' title='bbox 2473 1786 2835 1854; x_wconf 84' lang='lat' dir='ltr'><strong>pretiosorum</strong></span> <span class='ocrx_word' id='word_1_205' title='bbox 2863 1785 3131 1856; x_wconf 85' lang='lat' dir='ltr'><strong>lignorum</strong></span> <span class='ocrx_word' id='word_1_206' title='bbox 3163 1799 3440 1856; x_wconf 80' lang='lat' dir='ltr'><strong>unguento</strong></span> <span class='ocrx_word' id='word_1_207' title='bbox 3476 1801 3695 1842; x_wconf 89' lang='lat' dir='ltr'><strong>manum</strong></span> 
     </span>
    </p>
   </div>
   <div class='ocr_carea' id='block_1_31' title="bbox 447 1858 2033 1947">
    <p class='ocr_par' dir='ltr' id='par_1_31' title="bbox 447 1870 2024 1945">
     <span class='ocr_line' id='line_1_31' title="bbox 447 1870 2024 1945; baseline -0.003 -19"><span class='ocrx_word' id='word_1_208' title='bbox 447 1875 668 1944; x_wconf 87' lang='grc' dir='ltr'>τιμίων,</span> <span class='ocrx_word' id='word_1_209' title='bbox 701 1874 775 1937; x_wconf 86' lang='grc' dir='ltr'>ὠς</span> <span class='ocrx_word' id='word_1_210' title='bbox 804 1870 919 1944; x_wconf 73' lang='grc' dir='ltr'>εἶχε</span> <span class='ocrx_word' id='word_1_211' title='bbox 952 1874 1210 1944; x_wconf 75' lang='grc' dir='ltr'>σπουδῆς,</span> <span class='ocrx_word' id='word_1_212' title='bbox 1248 1874 1540 1945; x_wconf 69' lang='grc' dir='ltr'>ἐπιχρίσας</span> <span class='ocrx_word' id='word_1_213' title='bbox 1574 1877 1733 1945; x_wconf 87' lang='grc' dir='ltr'>χεῖρα</span> <span class='ocrx_word' id='word_1_214' title='bbox 1784 1874 1883 1941; x_wconf 83' lang='grc' dir='ltr'>τὴν</span> <span class='ocrx_word' id='word_1_215' title='bbox 1918 1871 2024 1922; x_wconf 85' lang='grc' dir='ltr'>πά-</span> 
     </span>
    </p>
   </div>
   <div class='ocr_carea' id='block_1_32' title="bbox 2138 1858 3696 1947">
    <p class='ocr_par' dir='ltr' id='par_1_32' title="bbox 2138 1877 3696 1947">
     <span class='ocr_line' id='line_1_32' title="bbox 2138 1877 3696 1947; baseline 0.004 -20"><span class='ocrx_word' id='word_1_216' title='bbox 2138 1877 2368 1930; x_wconf 78' lang='lat' dir='ltr'><strong>luxatam</strong></span> <span class='ocrx_word' id='word_1_217' title='bbox 2407 1892 2612 1947; x_wconf 87' lang='lat' dir='ltr'><strong>ungens</strong></span> <span class='ocrx_word' id='word_1_218' title='bbox 2638 1915 2653 1940; x_wconf 87' lang='lat'><strong>,</strong></span> <span class='ocrx_word' id='word_1_219' title='bbox 2698 1878 2843 1931; x_wconf 89' lang='lat' dir='ltr'><strong>dicto</strong></span> <span class='ocrx_word' id='word_1_220' title='bbox 2887 1878 3047 1931; x_wconf 86' lang='lat' dir='ltr'><strong>citius</strong></span> <span class='ocrx_word' id='word_1_221' title='bbox 3082 1878 3229 1930; x_wconf 89' lang='lat' dir='ltr'><strong>omni</strong></span> <span class='ocrx_word' id='word_1_222' title='bbox 3282 1878 3438 1946; x_wconf 81' lang='lat' dir='ltr'><strong>plaga</strong></span> <span class='ocrx_word' id='word_1_223' title='bbox 3468 1877 3696 1933; x_wconf 79' lang='lat' dir='ltr'><strong>liberam</strong></span> 
     </span>
    </p>
   </div>
   <div class='ocr_carea' id='block_1_33' title="bbox 448 1963 2021 2038">
    <p class='ocr_par' dir='ltr' id='par_1_33' title="bbox 448 1963 2021 2038">
     <span class='ocr_line' id='line_1_33' title="bbox 448 1963 2021 2038; baseline -0.002 -19"><span class='ocrx_word' id='word_1_224' title='bbox 448 1982 707 2036; x_wconf 82' lang='grc' dir='ltr'>σχουσαν,</span> <span class='ocrx_word' id='word_1_225' title='bbox 738 1967 1031 2038; x_wconf 80' lang='grc' dir='ltr'>ἐλευθέραν</span> <span class='ocrx_word' id='word_1_226' title='bbox 1056 1968 1251 2031; x_wconf 80' lang='grc' dir='ltr'>παντὸς</span> <span class='ocrx_word' id='word_1_227' title='bbox 1274 1968 1466 2021; x_wconf 75' lang='grc' dir='ltr'>θᾶττον</span> <span class='ocrx_word' id='word_1_228' title='bbox 1487 1966 1518 2038; x_wconf 83' lang='grc' dir='ltr'><strong>ἢ</strong></span> <span class='ocrx_word' id='word_1_229' title='bbox 1540 1967 1695 2033; x_wconf 85' lang='grc' dir='ltr'>λόγος</span> <span class='ocrx_word' id='word_1_230' title='bbox 1716 1963 2021 2027; x_wconf 77' lang='grc' dir='ltr'>ὲναπὲδειξε</span> 
     </span>
    </p>
   </div>
   <div class='ocr_carea' id='block_1_34' title="bbox 450 2056 2025 2131">
    <p class='ocr_par' dir='ltr' id='par_1_34' title="bbox 450 2056 2025 2131">
     <span class='ocr_line' id='line_1_34' title="bbox 450 2056 2025 2131; baseline -0.004 -18"><span class='ocrx_word' id='word_1_231' title='bbox 450 2058 741 2129; x_wconf 81' lang='grc' dir='ltr'>μώλωπος.</span> <span class='ocrx_word' id='word_1_232' title='bbox 763 2060 828 2112; x_wconf 84' lang='grc' dir='ltr'>Ὢ</span> <span class='ocrx_word' id='word_1_233' title='bbox 855 2060 951 2113; x_wconf 84' lang='grc' dir='ltr'>τοῦ</span> <span class='ocrx_word' id='word_1_234' title='bbox 983 2060 1258 2131; x_wconf 82' lang='grc' dir='ltr'>θαύματος</span> <span class='ocrx_word' id='word_1_235' title='bbox 1281 2060 1293 2113; x_wconf 85' lang='lat' dir='ltr'><strong>l</strong></span> <span class='ocrx_word' id='word_1_236' title='bbox 1318 2060 1473 2131; x_wconf 82' lang='grc' dir='ltr'>χάρις</span> <span class='ocrx_word' id='word_1_237' title='bbox 1493 2059 1601 2129; x_wconf 86' lang='grc' dir='ltr'><strong>γὰρ</strong></span> <span class='ocrx_word' id='word_1_238' title='bbox 1620 2058 1739 2111; x_wconf 89' lang='grc' dir='ltr'>θεία</span> <span class='ocrx_word' id='word_1_239' title='bbox 1765 2056 2025 2128; x_wconf 84' lang='grc' dir='ltr'>διηνεκῶς</span> 
     </span>
    </p>
   </div>
   <div class='ocr_carea' id='block_1_35' title="bbox 447 2150 2031 2219">
    <p class='ocr_par' dir='ltr' id='par_1_35' title="bbox 447 2150 2031 2219">
     <span class='ocr_line' id='line_1_35' title="bbox 447 2150 2031 2219; baseline -0.001 -19"><span class='ocrx_word' id='word_1_240' title='bbox 447 2150 563 2212; x_wconf 77' lang='grc' dir='ltr'>τοϊς</span> <span class='ocrx_word' id='word_1_241' title='bbox 586 2150 795 2203; x_wconf 76' lang='grc' dir='ltr'>ἐκείνου</span> <span class='ocrx_word' id='word_1_242' title='bbox 826 2151 1009 2213; x_wconf 83' lang='grc' dir='ltr'>πόνοις</span> <span class='ocrx_word' id='word_1_243' title='bbox 1040 2150 1524 2219; x_wconf 84' lang='grc' dir='ltr'>ὲπαναπαυομένη,</span> <span class='ocrx_word' id='word_1_244' title='bbox 1559 2151 1652 2202; x_wconf 75' lang='grc' dir='ltr'><strong>καὶ</strong></span> <span class='ocrx_word' id='word_1_245' title='bbox 1684 2150 1902 2219; x_wconf 86' lang='grc' dir='ltr'>τρόποις</span> <span class='ocrx_word' id='word_1_246' title='bbox 1933 2162 2031 2199; x_wconf 78' lang='grc' dir='ltr'>τα-</span> 
     </span>
    </p>
   </div>
   <div class='ocr_carea' id='block_1_36' title="bbox 450 2238 2032 2312">
    <p class='ocr_par' dir='ltr' id='par_1_36' title="bbox 450 2238 2032 2312">
     <span class='ocr_line' id='line_1_36' title="bbox 450 2238 2032 2312; baseline -0.001 -19"><span class='ocrx_word' id='word_1_247' title='bbox 450 2241 642 2293; x_wconf 84' lang='grc' dir='ltr'>πεινοῦ</span> <span class='ocrx_word' id='word_1_248' title='bbox 676 2241 769 2295; x_wconf 84' lang='grc' dir='ltr'>τοῦ</span> <span class='ocrx_word' id='word_1_249' title='bbox 788 2243 1157 2312; x_wconf 84' lang='grc' dir='ltr'>φρονήματος,</span> <span class='ocrx_word' id='word_1_250' title='bbox 1176 2240 1551 2295; x_wconf 85' lang='grc' dir='ltr'>ἁποστολικῶν</span> <span class='ocrx_word' id='word_1_251' title='bbox 1575 2241 1814 2311; x_wconf 85' lang='grc' dir='ltr'>χαρίτων</span> <span class='ocrx_word' id='word_1_252' title='bbox 1837 2241 1900 2308; x_wconf 81' lang='grc' dir='ltr'>τῇ</span> <span class='ocrx_word' id='word_1_253' title='bbox 1931 2238 2032 2291; x_wconf 76' lang='grc' dir='ltr'>δω-</span> 
     </span>
    </p>
   </div>
   <div class='ocr_carea' id='block_1_37' title="bbox 451 2331 2031 2403">
    <p class='ocr_par' dir='ltr' id='par_1_37' title="bbox 451 2331 2031 2403">
     <span class='ocr_line' id='line_1_37' title="bbox 451 2331 2031 2403; baseline 0 -21"><span class='ocrx_word' id='word_1_254' title='bbox 451 2332 556 2402; x_wconf 82' lang='grc' dir='ltr'>ρεᾷ</span> <span class='ocrx_word' id='word_1_255' title='bbox 572 2332 1013 2403; x_wconf 83' lang='grc' dir='ltr'>κατελάμπρυνε.</span> <span class='ocrx_word' id='word_1_256' title='bbox 1031 2334 1124 2384; x_wconf 72' lang='grc' dir='ltr'>καὶ</span> <span class='ocrx_word' id='word_1_257' title='bbox 1134 2332 1387 2397; x_wconf 68' lang='grc' dir='ltr'>ἐξαισίων</span> <span class='ocrx_word' id='word_1_258' title='bbox 1405 2331 1723 2402; x_wconf 81' lang='grc' dir='ltr'>θαυμασίων</span> <span class='ocrx_word' id='word_1_259' title='bbox 1735 2349 1792 2383; x_wconf 89' lang='grc' dir='ltr'><strong>τε</strong></span> <span class='ocrx_word' id='word_1_260' title='bbox 1800 2347 1965 2402; x_wconf 84' lang='grc' dir='ltr'>ρατου</span> <span class='ocrx_word' id='word_1_261' title='bbox 1972 2344 2031 2400; x_wconf 84' lang='grc' dir='ltr'>ρ-</span> 
     </span>
    </p>
   </div>
   <div class='ocr_carea' id='block_1_38' title="bbox 446 2418 2030 2493">
    <p class='ocr_par' dir='ltr' id='par_1_38' title="bbox 446 2418 2030 2493">
     <span class='ocr_line' id='line_1_38' title="bbox 446 2418 2030 2493; baseline -0.001 -20"><span class='ocrx_word' id='word_1_262' title='bbox 446 2420 548 2490; x_wconf 81' lang='grc' dir='ltr'><strong>γὸν</strong></span> <span class='ocrx_word' id='word_1_263' title='bbox 565 2423 937 2493; x_wconf 73' lang='grc' dir='ltr'>ἐνειργάσατο.</span> <span class='ocrx_word' id='word_1_264' title='bbox 955 2423 1015 2474; x_wconf 76' lang='lat' dir='ltr'><strong>El</strong></span> <span class='ocrx_word' id='word_1_265' title='bbox 1032 2422 1130 2493; x_wconf 82' lang='grc' dir='ltr'>μὲν</span> <span class='ocrx_word' id='word_1_266' title='bbox 1157 2421 1249 2474; x_wconf 75' lang='grc' dir='ltr'><strong>οὖν</strong></span> <span class='ocrx_word' id='word_1_267' title='bbox 1268 2422 1445 2474; x_wconf 87' lang='grc' dir='ltr'>πάντα</span> <span class='ocrx_word' id='word_1_268' title='bbox 1461 2420 1639 2490; x_wconf 81' lang='grc' dir='ltr'>λέγειν</span> <span class='ocrx_word' id='word_1_269' title='bbox 1659 2420 1899 2490; x_wconf 73' lang='grc' dir='ltr'>ἐθελήσω</span> <span class='ocrx_word' id='word_1_270' title='bbox 1930 2418 2030 2471; x_wconf 86' lang='grc' dir='ltr'><strong>ὃσα</strong></span> 
     </span>
    </p>
   </div>
   <div class='ocr_carea' id='block_1_39' title="bbox 446 2506 2027 2588">
    <p class='ocr_par' dir='ltr' id='par_1_39' title="bbox 446 2506 2027 2588">
     <span class='ocr_line' id='line_1_39' title="bbox 446 2506 2027 2588; baseline 0.001 -22"><span class='ocrx_word' id='word_1_271' title='bbox 446 2513 575 2567; x_wconf 87' lang='grc' dir='ltr'>θεία</span> <span class='ocrx_word' id='word_1_272' title='bbox 599 2516 757 2585; x_wconf 84' lang='grc' dir='ltr'>χάρις</span> <span class='ocrx_word' id='word_1_273' title='bbox 781 2506 954 2588; x_wconf 80' lang='grc' dir='ltr'>τούτῳ</span> <span class='ocrx_word' id='word_1_274' title='bbox 969 2515 1241 2587; x_wconf 85' lang='grc' dir='ltr'>δεδώρητο</span> <span class='ocrx_word' id='word_1_275' title='bbox 1261 2514 1358 2586; x_wconf 82' lang='grc' dir='ltr'><strong>τήν</strong></span> <span class='ocrx_word' id='word_1_276' title='bbox 1381 2515 1618 2569; x_wconf 82' lang='grc' dir='ltr'>ὲνοικίαν</span> <span class='ocrx_word' id='word_1_277' title='bbox 1641 2514 2027 2583; x_wconf 77' lang='grc' dir='ltr'>ἀσπασαμένη.</span> 
     </span>
    </p>
   </div>
   <div class='ocr_carea' id='block_1_40' title="bbox 447 2605 2031 2679">
    <p class='ocr_par' dir='ltr' id='par_1_40' title="bbox 447 2605 2031 2679">
     <span class='ocr_line' id='line_1_40' title="bbox 447 2605 2031 2679; baseline -0.001 -20"><span class='ocrx_word' id='word_1_278' title='bbox 447 2605 580 2669; x_wconf 85' lang='grc' dir='ltr'>τούς</span> <span class='ocrx_word' id='word_1_279' title='bbox 601 2624 662 2660; x_wconf 88' lang='grc' dir='ltr'><strong>τε</strong></span> <span class='ocrx_word' id='word_1_280' title='bbox 694 2607 803 2659; x_wconf 85' lang='grc' dir='ltr'><strong>τῶν</strong></span> <span class='ocrx_word' id='word_1_281' title='bbox 833 2609 1128 2679; x_wconf 79' lang='grc' dir='ltr'>ἐγκωμίων</span> <span class='ocrx_word' id='word_1_282' title='bbox 1157 2608 1602 2679; x_wconf 79' lang='grc' dir='ltr'>ὲπιλυμανοῦμαι</span> <span class='ocrx_word' id='word_1_283' title='bbox 1630 2608 1853 2677; x_wconf 87' lang='grc' dir='ltr'>νόμους,</span> <span class='ocrx_word' id='word_1_284' title='bbox 1882 2607 1973 2660; x_wconf 80' lang='grc' dir='ltr'>καὶ</span> <span class='ocrx_word' id='word_1_285' title='bbox 2003 2606 2031 2658; x_wconf 82' lang='grc' dir='ltr'><strong>ὁ</strong></span> 
     </span>
    </p>
   </div>
   <div class='ocr_carea' id='block_1_41' title="bbox 447 2697 2031 2771">
    <p class='ocr_par' dir='ltr' id='par_1_41' title="bbox 447 2697 2031 2771">
     <span class='ocr_line' id='line_1_41' title="bbox 447 2697 2031 2771; baseline -0.001 -20"><span class='ocrx_word' id='word_1_286' title='bbox 447 2698 614 2766; x_wconf 83' lang='grc' dir='ltr'>λόγος</span> <span class='ocrx_word' id='word_1_287' title='bbox 652 2697 926 2763; x_wconf 73' lang='grc' dir='ltr'>διαλυθεὶς</span> <span class='ocrx_word' id='word_1_288' title='bbox 954 2700 1029 2763; x_wconf 86' lang='grc' dir='ltr'>ὼς</span> <span class='ocrx_word' id='word_1_289' title='bbox 1053 2702 1110 2753; x_wconf 74' lang='grc' dir='ltr'>ἐν</span> <span class='ocrx_word' id='word_1_290' title='bbox 1152 2700 1374 2771; x_wconf 78' lang='grc' dir='ltr'>μεγάλῳ</span> <span class='ocrx_word' id='word_1_291' title='bbox 1399 2699 1625 2769; x_wconf 83' lang='grc' dir='ltr'>πελάγει</span> <span class='ocrx_word' id='word_1_292' title='bbox 1666 2698 1844 2753; x_wconf 75' lang='grc' dir='ltr'>πλέων</span> <span class='ocrx_word' id='word_1_293' title='bbox 1878 2700 2031 2770; x_wconf 71' lang='grc' dir='ltr'>οἰχήο</span> 
     </span>
    </p>
   </div>
   <div class='ocr_carea' id='block_1_42' title="bbox 448 2789 2033 2864">
    <p class='ocr_par' dir='ltr' id='par_1_42' title="bbox 448 2789 2033 2864">
     <span class='ocr_line' id='line_1_42' title="bbox 448 2789 2033 2864; baseline 0 -21"><span class='ocrx_word' id='word_1_294' title='bbox 448 2800 633 2844; x_wconf 78' lang='grc' dir='ltr'>σεται.</span> <span class='ocrx_word' id='word_1_295' title='bbox 660 2789 721 2843; x_wconf 77' lang='lat' dir='ltr'><strong>El</strong></span> <span class='ocrx_word' id='word_1_296' title='bbox 750 2790 809 2844; x_wconf 80' lang='grc' dir='ltr'><strong>δὲ</strong></span> <span class='ocrx_word' id='word_1_297' title='bbox 847 2792 916 2845; x_wconf 83' lang='grc' dir='ltr'><strong>τά</strong></span> <span class='ocrx_word' id='word_1_298' title='bbox 944 2792 1116 2846; x_wconf 86' lang='grc' dir='ltr'>πλείω</span> <span class='ocrx_word' id='word_1_299' title='bbox 1164 2792 1360 2864; x_wconf 76' lang='grc' dir='ltr'>παρεὶς</span> <span class='ocrx_word' id='word_1_300' title='bbox 1396 2791 1594 2862; x_wconf 82' lang='grc' dir='ltr'>ὀλίγων</span> <span class='ocrx_word' id='word_1_301' title='bbox 1624 2790 2033 2862; x_wconf 74' lang='grc' dir='ltr'>ἐπιμνησθήσο-</span> 
     </span>
    </p>
   </div>
   <div class='ocr_carea' id='block_1_43' title="bbox 453 2881 2035 2953">
    <p class='ocr_par' dir='ltr' id='par_1_43' title="bbox 453 2881 2035 2953">
     <span class='ocr_line' id='line_1_43' title="bbox 453 2881 2035 2953; baseline -0.001 -18"><span class='ocrx_word' id='word_1_302' title='bbox 453 2890 582 2949; x_wconf 83' lang='grc' dir='ltr'>μαι,</span> <span class='ocrx_word' id='word_1_303' title='bbox 618 2883 714 2935; x_wconf 76' lang='grc' dir='ltr'>καὶ</span> <span class='ocrx_word' id='word_1_304' title='bbox 749 2884 779 2935; x_wconf 84' lang='grc' dir='ltr'><strong>ό</strong></span> <span class='ocrx_word' id='word_1_305' title='bbox 811 2881 968 2950; x_wconf 84' lang='grc' dir='ltr'>λόγος</span> <span class='ocrx_word' id='word_1_306' title='bbox 997 2882 1108 2948; x_wconf 75' lang='grc' dir='ltr'>ἕξει</span> <span class='ocrx_word' id='word_1_307' title='bbox 1132 2883 1193 2936; x_wconf 89' lang='grc' dir='ltr'><strong>τὸ</strong></span> <span class='ocrx_word' id='word_1_308' title='bbox 1225 2882 1465 2952; x_wconf 80' lang='grc' dir='ltr'>ἀσφαλὲς</span> <span class='ocrx_word' id='word_1_309' title='bbox 1499 2881 1691 2953; x_wconf 83' lang='grc' dir='ltr'>ὥσπερ</span> <span class='ocrx_word' id='word_1_310' title='bbox 1716 2881 1809 2935; x_wconf 74' lang='grc' dir='ltr'><strong>ἐπὶ</strong></span> <span class='ocrx_word' id='word_1_311' title='bbox 1836 2883 2035 2953; x_wconf 80' lang='grc' dir='ltr'>κρηπῖ-</span> 
     </span>
    </p>
   </div>
   <div class='ocr_carea' id='block_1_44' title="bbox 447 2971 2033 3045">
    <p class='ocr_par' dir='ltr' id='par_1_44' title="bbox 447 2971 2033 3045">
     <span class='ocr_line' id='line_1_44' title="bbox 447 2971 2033 3045; baseline 0.001 -22"><span class='ocrx_word' id='word_1_312' title='bbox 447 2971 548 3033; x_wconf 71' lang='grc' dir='ltr'><strong>δος</strong></span> <span class='ocrx_word' id='word_1_313' title='bbox 570 2972 961 3043; x_wconf 68' lang='grc' dir='ltr'>ἐρηρεισμένος</span> <span class='ocrx_word' id='word_1_314' title='bbox 976 2975 1045 3039; x_wconf 78' lang='grc'><strong>⁵⁷,</strong></span> <span class='ocrx_word' id='word_1_315' title='bbox 1066 2975 1178 3027; x_wconf 88' lang='grc' dir='ltr'><strong>κάκ</strong></span> <span class='ocrx_word' id='word_1_316' title='bbox 1208 2974 1315 3026; x_wconf 88' lang='grc' dir='ltr'><strong>τῶν</strong></span> <span class='ocrx_word' id='word_1_317' title='bbox 1339 2974 1614 3045; x_wconf 80' lang='grc' dir='ltr'>ῥηθέντων</span> <span class='ocrx_word' id='word_1_318' title='bbox 1631 2972 2033 3044; x_wconf 77' lang='grc' dir='ltr'>ἀκριϐεστάτην</span> 
     </span>
    </p>
   </div>
   <div class='ocr_carea' id='block_1_45' title="bbox 448 3062 1605 3134">
    <p class='ocr_par' dir='ltr' id='par_1_45' title="bbox 448 3062 1605 3134">
     <span class='ocr_line' id='line_1_45' title="bbox 448 3062 1605 3134; baseline 0.003 -20"><span class='ocrx_word' id='word_1_319' title='bbox 448 3062 570 3128; x_wconf 74' lang='grc' dir='ltr'>ἕξει</span> <span class='ocrx_word' id='word_1_320' title='bbox 595 3064 689 3114; x_wconf 72' lang='grc' dir='ltr'><strong>καὶ</strong></span> <span class='ocrx_word' id='word_1_321' title='bbox 718 3062 785 3115; x_wconf 88' lang='grc' dir='ltr'><strong>τά</strong></span> <span class='ocrx_word' id='word_1_322' title='bbox 812 3062 1208 3131; x_wconf 79' lang='grc' dir='ltr'>ὑπολειφθέντα</span> <span class='ocrx_word' id='word_1_323' title='bbox 1227 3063 1325 3134; x_wconf 74' lang='grc' dir='ltr'><strong>τὴν</strong></span> <span class='ocrx_word' id='word_1_324' title='bbox 1350 3064 1605 3134; x_wconf 85' lang='grc' dir='ltr'>δήλωσιν.</span> 
     </span>
    </p>
   </div>
   <div class='ocr_carea' id='block_1_46' title="bbox 496 3154 2105 3249">
    <p class='ocr_par' dir='ltr' id='par_1_46' title="bbox 496 3154 2105 3249">
     <span class='ocr_line' id='line_1_46' title="bbox 496 3154 2105 3249; baseline 0.003 -43"><span class='ocrx_word' id='word_1_325' title='bbox 496 3168 499 3169; x_wconf 63' lang='grc'><strong><em>⁷</em></strong></span> <span class='ocrx_word' id='word_1_326' title='bbox 544 3154 764 3223; x_wconf 80' lang='grc' dir='ltr'>Ἀγρίου</span> <span class='ocrx_word' id='word_1_327' title='bbox 794 3155 1051 3224; x_wconf 85' lang='grc' dir='ltr'>δαίμονος</span> <span class='ocrx_word' id='word_1_328' title='bbox 1084 3158 1320 3228; x_wconf 78' lang='grc' dir='ltr'>ὲπιφορᾷ</span> <span class='ocrx_word' id='word_1_329' title='bbox 1345 3173 1429 3220; x_wconf 90' lang='grc' dir='ltr'><strong>τις</strong></span> <span class='ocrx_word' id='word_1_330' title='bbox 1460 3156 1569 3210; x_wconf 86' lang='grc' dir='ltr'><strong>τῶν</strong></span> <span class='ocrx_word' id='word_1_331' title='bbox 1601 3157 1779 3210; x_wconf 76' lang='grc' dir='ltr'>ἐκεῖσε</span> <span class='ocrx_word' id='word_1_332' title='bbox 1818 3157 2030 3227; x_wconf 83' lang='grc' dir='ltr'>πολιορ-</span> <span class='ocrx_word' id='word_1_333' title='bbox 2064 3193 2105 3249; x_wconf 75' lang='lat' dir='ltr'><strong><em>C</em></strong></span> 
     </span>
    </p>
   </div>
   <div class='ocr_carea' id='block_1_47' title="bbox 2130 1966 3700 2034">
    <p class='ocr_par' dir='ltr' id='par_1_47' title="bbox 2130 1966 3700 2034">
     <span class='ocr_line' id='line_1_47' title="bbox 2130 1966 3700 2034; baseline 0.002 -14"><span class='ocrx_word' id='word_1_334' title='bbox 2130 1967 2382 2021; x_wconf 82' lang='lat' dir='ltr'><strong>reddidit.</strong></span> <span class='ocrx_word' id='word_1_335' title='bbox 2434 1966 2477 2020; x_wconf 91' lang='grc' dir='ltr'>Ο</span> <span class='ocrx_word' id='word_1_336' title='bbox 2514 1983 2625 2020; x_wconf 86' lang='lat' dir='ltr'><strong>rem</strong></span> <span class='ocrx_word' id='word_1_337' title='bbox 2667 1968 2859 2020; x_wconf 80' lang='lat' dir='ltr'><strong>miram</strong></span> <span class='ocrx_word' id='word_1_338' title='bbox 2892 1967 2903 2020; x_wconf 83' lang='grc' dir='ltr'><strong>ί</strong></span> <span class='ocrx_word' id='word_1_339' title='bbox 2948 1966 3119 2034; x_wconf 88' lang='lat' dir='ltr'><strong>gratia</strong></span> <span class='ocrx_word' id='word_1_340' title='bbox 3164 1966 3306 2020; x_wconf 88' lang='lat' dir='ltr'><strong>enim</strong></span> <span class='ocrx_word' id='word_1_341' title='bbox 3340 1967 3522 2021; x_wconf 84' lang='lat' dir='ltr'><strong>divina</strong></span> <span class='ocrx_word' id='word_1_342' title='bbox 3556 1968 3700 2023; x_wconf 86' lang='lat' dir='ltr'><strong>illius</strong></span> 
     </span>
    </p>
   </div>
   <div class='ocr_carea' id='block_1_48' title="bbox 2129 2055 3701 2125">
    <p class='ocr_par' dir='ltr' id='par_1_48' title="bbox 2129 2055 3701 2125">
     <span class='ocr_line' id='line_1_48' title="bbox 2129 2055 3701 2125; baseline 0 -14"><span class='ocrx_word' id='word_1_343' title='bbox 2129 2072 2342 2125; x_wconf 87' lang='lat' dir='ltr'><strong>semper</strong></span> <span class='ocrx_word' id='word_1_344' title='bbox 2375 2056 2652 2111; x_wconf 80' lang='lat' dir='ltr'><strong>laboribus</strong></span> <span class='ocrx_word' id='word_1_345' title='bbox 2683 2055 3071 2125; x_wconf 86' lang='lat' dir='ltr'><strong>summissique</strong></span> <span class='ocrx_word' id='word_1_346' title='bbox 3103 2056 3270 2109; x_wconf 89' lang='lat' dir='ltr'><strong>animi</strong></span> <span class='ocrx_word' id='word_1_347' title='bbox 3298 2056 3538 2111; x_wconf 88' lang='lat' dir='ltr'><strong>m0tibus</strong></span> <span class='ocrx_word' id='word_1_348' title='bbox 3561 2071 3701 2125; x_wconf 73' lang='lat' dir='ltr'><strong>pra:-</strong></span> 
     </span>
    </p>
   </div>
   <div class='ocr_carea' id='block_1_49' title="bbox 2130 2147 3702 2218">
    <p class='ocr_par' dir='ltr' id='par_1_49' title="bbox 2130 2147 3702 2218">
     <span class='ocr_line' id='line_1_49' title="bbox 2130 2147 3702 2218; baseline -0.001 -16"><span class='ocrx_word' id='word_1_349' title='bbox 2130 2162 2278 2212; x_wconf 77' lang='lat' dir='ltr'><strong>sens,</strong></span> <span class='ocrx_word' id='word_1_350' title='bbox 2320 2149 2745 2217; x_wconf 88' lang='lat' dir='ltr'><strong>apostolicorum</strong></span> <span class='ocrx_word' id='word_1_351' title='bbox 2778 2163 2901 2203; x_wconf 86' lang='lat' dir='ltr'><strong>eum</strong></span> <span class='ocrx_word' id='word_1_352' title='bbox 2932 2162 3219 2201; x_wconf 90' lang='lat' dir='ltr'><strong>munerum</strong></span> <span class='ocrx_word' id='word_1_353' title='bbox 3250 2150 3423 2218; x_wconf 86' lang='lat' dir='ltr'><strong>gratia</strong></span> <span class='ocrx_word' id='word_1_354' title='bbox 3457 2147 3702 2203; x_wconf 87' lang='lat' dir='ltr'><strong>illustra-</strong></span> 
     </span>
    </p>
   </div>
   <div class='ocr_carea' id='block_1_50' title="bbox 2131 2236 3699 2307">
    <p class='ocr_par' dir='ltr' id='par_1_50' title="bbox 2131 2236 3699 2307">
     <span class='ocr_line' id='line_1_50' title="bbox 2131 2236 3699 2307; baseline 0.001 -16"><span class='ocrx_word' id='word_1_355' title='bbox 2131 2239 2242 2301; x_wconf 87' lang='lat' dir='ltr'><strong>bat,</strong></span> <span class='ocrx_word' id='word_1_356' title='bbox 2279 2253 2570 2307; x_wconf 79' lang='lat' dir='ltr'><strong>rerumque</strong></span> <span class='ocrx_word' id='word_1_357' title='bbox 2608 2237 3009 2291; x_wconf 82' lang='lat' dir='ltr'><strong>admirabilium</strong></span> <span class='ocrx_word' id='word_1_358' title='bbox 3042 2236 3351 2292; x_wconf 72' lang='lat' dir='ltr'><strong>effectorem</strong></span> <span class='ocrx_word' id='word_1_359' title='bbox 3383 2237 3699 2307; x_wconf 80' lang='lat' dir='ltr'><strong>praestabat.</strong></span> 
     </span>
    </p>
   </div>
   <div class='ocr_carea' id='block_1_51' title="bbox 2134 2328 3701 2399">
    <p class='ocr_par' dir='ltr' id='par_1_51' title="bbox 2134 2328 3701 2399">
     <span class='ocr_line' id='line_1_51' title="bbox 2134 2328 3701 2399; baseline 0.002 -18"><span class='ocrx_word' id='word_1_360' title='bbox 2134 2328 2393 2398; x_wconf 73' lang='lat' dir='ltr'><strong>Equidem</strong></span> <span class='ocrx_word' id='word_1_361' title='bbox 2418 2331 2463 2382; x_wconf 90' lang='lat' dir='ltr'><strong>si</strong></span> <span class='ocrx_word' id='word_1_362' title='bbox 2490 2330 2695 2394; x_wconf 85' lang='lat' dir='ltr'><strong>omnia,</strong></span> <span class='ocrx_word' id='word_1_363' title='bbox 2727 2344 2849 2399; x_wconf 78' lang='lat' dir='ltr'><strong>qua:</strong></span> <span class='ocrx_word' id='word_1_364' title='bbox 2876 2330 3060 2383; x_wconf 85' lang='lat' dir='ltr'><strong>divina</strong></span> <span class='ocrx_word' id='word_1_365' title='bbox 3085 2328 3257 2398; x_wconf 88' lang='lat' dir='ltr'><strong>gratia</strong></span> <span class='ocrx_word' id='word_1_366' title='bbox 3289 2328 3343 2383; x_wconf 86' lang='lat' dir='ltr'><strong>in</strong></span> <span class='ocrx_word' id='word_1_367' title='bbox 3374 2329 3477 2382; x_wconf 92' lang='lat' dir='ltr'><strong>hoc</strong></span> <span class='ocrx_word' id='word_1_368' title='bbox 3511 2338 3701 2385; x_wconf 82' lang='lat' dir='ltr'><strong>sancte</strong></span> 
     </span>
    </p>
   </div>
   <div class='ocr_carea' id='block_1_52' title="bbox 2132 2420 3718 2490">
    <p class='ocr_par' dir='ltr' id='par_1_52' title="bbox 2132 2420 3718 2490">
     <span class='ocr_line' id='line_1_52' title="bbox 2132 2420 3718 2490; baseline 0.001 -19"><span class='ocrx_word' id='word_1_369' title='bbox 2132 2420 2250 2473; x_wconf 84' lang='lat' dir='ltr'><strong>viro</strong></span> <span class='ocrx_word' id='word_1_370' title='bbox 2295 2420 2608 2473; x_wconf 88' lang='lat' dir='ltr'><strong>inhabitans</strong></span> <span class='ocrx_word' id='word_1_371' title='bbox 2664 2420 2890 2490; x_wconf 84' lang='lat' dir='ltr'><strong>elargita</strong></span> <span class='ocrx_word' id='word_1_372' title='bbox 2936 2425 3057 2480; x_wconf 91' lang='lat' dir='ltr'><strong>est,</strong></span> <span class='ocrx_word' id='word_1_373' title='bbox 3111 2432 3339 2472; x_wconf 86' lang='lat' dir='ltr'><strong>munera</strong></span> <span class='ocrx_word' id='word_1_374' title='bbox 3380 2434 3718 2474; x_wconf 78' lang='lat' dir='ltr'><strong>enumerare.</strong></span> 
     </span>
    </p>
   </div>
   <div class='ocr_carea' id='block_1_53' title="bbox 2133 2511 3703 2581">
    <p class='ocr_par' dir='ltr' id='par_1_53' title="bbox 2133 2511 3703 2581">
     <span class='ocr_line' id='line_1_53' title="bbox 2133 2511 3703 2581; baseline 0.003 -17"><span class='ocrx_word' id='word_1_375' title='bbox 2133 2512 2376 2575; x_wconf 84' lang='lat' dir='ltr'><strong>voluero,</strong></span> <span class='ocrx_word' id='word_1_376' title='bbox 2400 2512 2732 2566; x_wconf 84' lang='lat' dir='ltr'><strong>etlaudandi</strong></span> <span class='ocrx_word' id='word_1_377' title='bbox 2766 2513 2910 2581; x_wconf 83' lang='lat' dir='ltr'><strong>leges</strong></span> <span class='ocrx_word' id='word_1_378' title='bbox 2942 2511 3270 2576; x_wconf 81' lang='lat' dir='ltr'><strong>transiliam,</strong></span> <span class='ocrx_word' id='word_1_379' title='bbox 3293 2521 3345 2564; x_wconf 88' lang='lat' dir='ltr'><strong>et</strong></span> <span class='ocrx_word' id='word_1_380' title='bbox 3375 2511 3550 2565; x_wconf 89' lang='lat' dir='ltr'><strong>oratio</strong></span> <span class='ocrx_word' id='word_1_381' title='bbox 3581 2526 3703 2569; x_wconf 76' lang='lat' dir='ltr'><strong>mea</strong></span> 
     </span>
    </p>
   </div>
   <div class='ocr_carea' id='block_1_54' title="bbox 2135 2604 3703 2675">
    <p class='ocr_par' dir='ltr' id='par_1_54' title="bbox 2135 2604 3703 2675">
     <span class='ocr_line' id='line_1_54' title="bbox 2135 2604 3703 2675; baseline 0.001 -18"><span class='ocrx_word' id='word_1_382' title='bbox 2135 2606 2307 2659; x_wconf 84' lang='lat' dir='ltr'><strong>instar</strong></span> <span class='ocrx_word' id='word_1_383' title='bbox 2333 2606 2534 2675; x_wconf 76' lang='lat' dir='ltr'><strong>navigii</strong></span> <span class='ocrx_word' id='word_1_384' title='bbox 2580 2605 2634 2659; x_wconf 88' lang='lat' dir='ltr'><strong>in</strong></span> <span class='ocrx_word' id='word_1_385' title='bbox 2671 2606 2873 2674; x_wconf 84' lang='lat' dir='ltr'><strong>ingenti</strong></span> <span class='ocrx_word' id='word_1_386' title='bbox 2917 2605 3110 2675; x_wconf 80' lang='lat' dir='ltr'><strong>pelago</strong></span> <span class='ocrx_word' id='word_1_387' title='bbox 3150 2606 3324 2675; x_wconf 87' lang='lat' dir='ltr'><strong>magis</strong></span> <span class='ocrx_word' id='word_1_388' title='bbox 3353 2604 3703 2659; x_wconf 82' lang='lat' dir='ltr'><strong>dissolvetur.</strong></span> 
     </span>
    </p>
   </div>
   <div class='ocr_carea' id='block_1_55' title="bbox 2133 2696 3705 2767">
    <p class='ocr_par' dir='ltr' id='par_1_55' title="bbox 2133 2696 3705 2767">
     <span class='ocr_line' id='line_1_55' title="bbox 2133 2696 3705 2767; baseline 0.002 -17"><span class='ocrx_word' id='word_1_389' title='bbox 2133 2696 2288 2763; x_wconf 85' lang='lat' dir='ltr'><strong>Quod</strong></span> <span class='ocrx_word' id='word_1_390' title='bbox 2322 2698 2367 2752; x_wconf 87' lang='lat' dir='ltr'><strong>si</strong></span> <span class='ocrx_word' id='word_1_391' title='bbox 2398 2712 2569 2767; x_wconf 88' lang='lat' dir='ltr'><strong>pauca</strong></span> <span class='ocrx_word' id='word_1_392' title='bbox 2597 2698 2868 2766; x_wconf 71' lang='lat' dir='ltr'><strong>quaedam,</strong></span> <span class='ocrx_word' id='word_1_393' title='bbox 2911 2698 3160 2767; x_wconf 88' lang='lat' dir='ltr'><strong>pluribus</strong></span> <span class='ocrx_word' id='word_1_394' title='bbox 3184 2698 3428 2763; x_wconf 78' lang='lat' dir='ltr'><strong>omissis,</strong></span> <span class='ocrx_word' id='word_1_395' title='bbox 3459 2713 3705 2753; x_wconf 86' lang='lat' dir='ltr'><strong>comme-</strong></span> 
     </span>
    </p>
   </div>
   <div class='ocr_carea' id='block_1_56' title="bbox 2136 2782 3706 2861">
    <p class='ocr_par' dir='ltr' id='par_1_56' title="bbox 2136 2782 3706 2861">
     <span class='ocr_line' id='line_1_56' title="bbox 2136 2782 3706 2861; baseline 0.003 -18"><span class='ocrx_word' id='word_1_396' title='bbox 2136 2782 2395 2856; x_wconf 85' lang='lat' dir='ltr'><strong>morabo,</strong></span> <span class='ocrx_word' id='word_1_397' title='bbox 2433 2799 2486 2844; x_wconf 89' lang='lat' dir='ltr'><strong>et</strong></span> <span class='ocrx_word' id='word_1_398' title='bbox 2531 2789 2708 2844; x_wconf 89' lang='lat' dir='ltr'><strong>oratio</strong></span> <span class='ocrx_word' id='word_1_399' title='bbox 2743 2800 3002 2861; x_wconf 84' lang='lat' dir='ltr'><strong>tanquam</strong></span> <span class='ocrx_word' id='word_1_400' title='bbox 3040 2790 3225 2845; x_wconf 83' lang='lat' dir='ltr'><strong>littora</strong></span> <span class='ocrx_word' id='word_1_401' title='bbox 3268 2791 3453 2860; x_wconf 87' lang='lat' dir='ltr'><strong>legens</strong></span> <span class='ocrx_word' id='word_1_402' title='bbox 3493 2793 3545 2845; x_wconf 90' lang='lat' dir='ltr'><strong>in</strong></span> <span class='ocrx_word' id='word_1_403' title='bbox 3586 2799 3706 2847; x_wconf 88' lang='lat' dir='ltr'><strong>tuto</strong></span> 
     </span>
    </p>
   </div>
   <div class='ocr_carea' id='block_1_57' title="bbox 2136 2883 3707 2956">
    <p class='ocr_par' dir='ltr' id='par_1_57' title="bbox 2136 2883 3707 2956">
     <span class='ocr_line' id='line_1_57' title="bbox 2136 2883 3707 2956; baseline 0.004 -21"><span class='ocrx_word' id='word_1_404' title='bbox 2136 2883 2477 2947; x_wconf 81' lang='lat' dir='ltr'><strong>versabitur,</strong></span> <span class='ocrx_word' id='word_1_405' title='bbox 2526 2891 2581 2937; x_wconf 89' lang='lat' dir='ltr'><strong>et</strong></span> <span class='ocrx_word' id='word_1_406' title='bbox 2633 2900 2697 2939; x_wconf 83' lang='lat' dir='ltr'><strong>ex</strong></span> <span class='ocrx_word' id='word_1_407' title='bbox 2746 2885 2814 2939; x_wconf 82' lang='lat' dir='ltr'><strong>iis</strong></span> <span class='ocrx_word' id='word_1_408' title='bbox 2864 2899 2981 2956; x_wconf 70' lang='lat' dir='ltr'><strong>qua:</strong></span> <span class='ocrx_word' id='word_1_409' title='bbox 3031 2886 3177 2941; x_wconf 78' lang='lat' dir='ltr'><strong>dicta</strong></span> <span class='ocrx_word' id='word_1_410' title='bbox 3230 2884 3455 2950; x_wconf 78' lang='lat' dir='ltr'><strong>fuerint,</strong></span> <span class='ocrx_word' id='word_1_411' title='bbox 3499 2887 3707 2956; x_wconf 81' lang='lat' dir='ltr'><strong>reliqua</strong></span> 
     </span>
    </p>
   </div>
   <div class='ocr_carea' id='block_1_58' title="bbox 2135 2975 2697 3045">
    <p class='ocr_par' dir='ltr' id='par_1_58' title="bbox 2135 2975 2697 3045">
     <span class='ocr_line' id='line_1_58' title="bbox 2135 2975 2697 3045; baseline 0 -16"><span class='ocrx_word' id='word_1_412' title='bbox 2135 2975 2293 3029; x_wconf 77' lang='lat' dir='ltr'><strong>facile</strong></span> <span class='ocrx_word' id='word_1_413' title='bbox 2312 2976 2697 3045; x_wconf 82' lang='lat' dir='ltr'><strong>conjicientur.</strong></span> 
     </span>
    </p>
   </div>
   <div class='ocr_carea' id='block_1_59' title="bbox 2206 3154 3708 3227">
    <p class='ocr_par' dir='ltr' id='par_1_59' title="bbox 2206 3154 3708 3227">
     <span class='ocr_line' id='line_1_59' title="bbox 2206 3154 3708 3227; baseline 0.002 -19"><span class='ocrx_word' id='word_1_414' title='bbox 2206 3154 2343 3209; x_wconf 85' lang='lat' dir='ltr'><strong>Cum</strong></span> <span class='ocrx_word' id='word_1_415' title='bbox 2375 3156 2498 3209; x_wconf 64' lang='lat' dir='ltr'><strong>saevi</strong></span> <span class='ocrx_word' id='word_1_416' title='bbox 2523 3156 2784 3211; x_wconf 77' lang='lat' dir='ltr'><strong>daemonis</strong></span> <span class='ocrx_word' id='word_1_417' title='bbox 2816 3156 3019 3227; x_wconf 89' lang='lat' dir='ltr'><strong>impetu</strong></span> <span class='ocrx_word' id='word_1_418' title='bbox 3046 3157 3266 3227; x_wconf 86' lang='lat' dir='ltr'><strong>quidam</strong></span> <span class='ocrx_word' id='word_1_419' title='bbox 3300 3157 3412 3213; x_wconf 92' lang='lat' dir='ltr'><strong>illic</strong></span> <span class='ocrx_word' id='word_1_420' title='bbox 3438 3158 3708 3213; x_wconf 83' lang='lat' dir='ltr'><strong>sodalium</strong></span> 
     </span>
    </p>
   </div>
   <div class='ocr_carea' id='block_1_60' title="bbox 452 3246 2033 3320">
    <p class='ocr_par' dir='ltr' id='par_1_60' title="bbox 452 3247 2033 3320">
     <span class='ocr_line' id='line_1_60' title="bbox 452 3247 2033 3320; baseline 0.002 -21"><span class='ocrx_word' id='word_1_421' title='bbox 452 3247 745 3315; x_wconf 79' lang='grc' dir='ltr'>κούμενος,</span> <span class='ocrx_word' id='word_1_422' title='bbox 772 3247 988 3317; x_wconf 82' lang='grc' dir='ltr'>φρενῶν</span> <span class='ocrx_word' id='word_1_423' title='bbox 1019 3247 1224 3320; x_wconf 77' lang='grc' dir='ltr'>ἕρημος</span> <span class='ocrx_word' id='word_1_424' title='bbox 1260 3249 1519 3320; x_wconf 75' lang='grc' dir='ltr'>ἐξαίφνης</span> <span class='ocrx_word' id='word_1_425' title='bbox 1548 3250 1872 3303; x_wconf 77' lang='grc' dir='ltr'>καθίσταται</span> <span class='ocrx_word' id='word_1_426' title='bbox 1895 3266 1907 3279; x_wconf 81' lang='lat'><strong><em>°</em></strong></span> <span class='ocrx_word' id='word_1_427' title='bbox 1942 3251 2033 3303; x_wconf 73' lang='grc' dir='ltr'><strong>καὶ</strong></span> 
     </span>
    </p>
   </div>
   <div class='ocr_carea' id='block_1_61' title="bbox 2138 3246 3711 3320">
    <p class='ocr_par' dir='ltr' id='par_1_61' title="bbox 2140 3246 3711 3315">
     <span class='ocr_line' id='line_1_61' title="bbox 2140 3246 3711 3315; baseline 0.003 -17"><span class='ocrx_word' id='word_1_428' title='bbox 2140 3247 2561 3315; x_wconf 84' lang='lat' dir='ltr'><strong>opprimeretur,</strong></span> <span class='ocrx_word' id='word_1_429' title='bbox 2598 3254 2819 3314; x_wconf 80' lang='lat' dir='ltr'><strong>repente</strong></span> <span class='ocrx_word' id='word_1_430' title='bbox 2846 3246 3043 3300; x_wconf 86' lang='lat' dir='ltr'><strong>mentis</strong></span> <span class='ocrx_word' id='word_1_431' title='bbox 3075 3246 3179 3300; x_wconf 89' lang='lat' dir='ltr'><strong>vim</strong></span> <span class='ocrx_word' id='word_1_432' title='bbox 3214 3248 3400 3302; x_wconf 89' lang='lat' dir='ltr'><strong>amisit</strong></span> <span class='ocrx_word' id='word_1_433' title='bbox 3435 3263 3448 3301; x_wconf 92' lang='lat'><strong>:</strong></span> <span class='ocrx_word' id='word_1_434' title='bbox 3488 3263 3711 3303; x_wconf 87' lang='lat' dir='ltr'><strong>carnes-</strong></span> 
     </span>
    </p>
   </div>
   <div class='ocr_carea' id='block_1_62' title="bbox 458 3336 2039 3410">
    <p class='ocr_par' dir='ltr' id='par_1_62' title="bbox 458 3336 2039 3410">
     <span class='ocr_line' id='line_1_62' title="bbox 458 3336 2039 3410; baseline 0.003 -23"><span class='ocrx_word' id='word_1_435' title='bbox 458 3336 565 3397; x_wconf 74' lang='grc' dir='ltr'>τὰς</span> <span class='ocrx_word' id='word_1_436' title='bbox 604 3337 810 3400; x_wconf 84' lang='grc' dir='ltr'>οἰκείας</span> <span class='ocrx_word' id='word_1_437' title='bbox 837 3337 1141 3391; x_wconf 88' lang='grc' dir='ltr'>κατεσθίων</span> <span class='ocrx_word' id='word_1_438' title='bbox 1185 3338 1393 3409; x_wconf 85' lang='grc' dir='ltr'>σάρκας</span> <span class='ocrx_word' id='word_1_439' title='bbox 1424 3337 1499 3401; x_wconf 87' lang='grc' dir='ltr'>ὡς</span> <span class='ocrx_word' id='word_1_440' title='bbox 1524 3338 1829 3410; x_wconf 81' lang='grc' dir='ltr'>ἀλλοτρίας,</span> <span class='ocrx_word' id='word_1_441' title='bbox 1868 3338 2039 3409; x_wconf 84' lang='grc' dir='ltr'>βαρὺς</span> 
     </span>
    </p>
   </div>
   <div class='ocr_carea' id='block_1_63' title="bbox 458 3426 2041 3501">
    <p class='ocr_par' dir='ltr' id='par_1_63' title="bbox 458 3426 2041 3501">
     <span class='ocr_line' id='line_1_63' title="bbox 458 3426 2041 3501; baseline 0.004 -23"><span class='ocrx_word' id='word_1_442' title='bbox 458 3426 687 3496; x_wconf 72' lang='grc' dir='ltr'>ἑκάστῳ</span> <span class='ocrx_word' id='word_1_443' title='bbox 739 3429 848 3481; x_wconf 81' lang='grc' dir='ltr'><strong>τῶν</strong></span> <span class='ocrx_word' id='word_1_444' title='bbox 884 3430 1214 3499; x_wconf 81' lang='grc' dir='ltr'>προσιόντων</span> <span class='ocrx_word' id='word_1_445' title='bbox 1262 3430 1553 3484; x_wconf 75' lang='grc' dir='ltr'>ἐδείκνυτο.</span> <span class='ocrx_word' id='word_1_446' title='bbox 1609 3431 1802 3501; x_wconf 85' lang='grc' dir='ltr'>Δεσμῷ</span> <span class='ocrx_word' id='word_1_447' title='bbox 1852 3432 2041 3485; x_wconf 83' lang='grc' dir='ltr'>τοῦτον</span> 
     </span>
    </p>
   </div>
   <div class='ocr_carea' id='block_1_64' title="bbox 452 3518 2039 3593">
    <p class='ocr_par' dir='ltr' id='par_1_64' title="bbox 452 3518 2039 3593">
     <span class='ocr_line' id='line_1_64' title="bbox 452 3518 2039 3593; baseline 0.003 -23"><span class='ocrx_word' id='word_1_448' title='bbox 452 3519 851 3589; x_wconf 70' lang='grc' dir='ltr'>περιϐαλόντες</span> <span class='ocrx_word' id='word_1_449' title='bbox 903 3518 1149 3584; x_wconf 80' lang='grc' dir='ltr'>πλείονες</span> <span class='ocrx_word' id='word_1_450' title='bbox 1211 3521 1307 3574; x_wconf 74' lang='grc' dir='ltr'>καὶ</span> <span class='ocrx_word' id='word_1_451' title='bbox 1360 3521 1547 3585; x_wconf 86' lang='grc' dir='ltr'>πέδαις</span> <span class='ocrx_word' id='word_1_452' title='bbox 1606 3522 2039 3593; x_wconf 77' lang='grc' dir='ltr'>ἀσφαλισάμενοι</span> 
     </span>
    </p>
   </div>
   <div class='ocr_carea' id='block_1_65' title="bbox 452 3609 2040 3682">
    <p class='ocr_par' dir='ltr' id='par_1_65' title="bbox 452 3609 2040 3682">
     <span class='ocr_line' id='line_1_65' title="bbox 452 3609 2040 3682; baseline 0.005 -24"><span class='ocrx_word' id='word_1_453' title='bbox 452 3609 679 3678; x_wconf 78' lang='grc' dir='ltr'>φρουρᾷ</span> <span class='ocrx_word' id='word_1_454' title='bbox 705 3610 1096 3678; x_wconf 80' lang='grc' dir='ltr'>παρενέϐαλον,</span> <span class='ocrx_word' id='word_1_455' title='bbox 1147 3609 1395 3678; x_wconf 81' lang='grc' dir='ltr'>φύλακας</span> <span class='ocrx_word' id='word_1_456' title='bbox 1449 3613 2040 3682; x_wconf 76' lang='grc' dir='ltr'>ἐπιστήσαντες-,άλλά</span> 
     </span>
    </p>
   </div>
   <div class='ocr_carea' id='block_1_66' title="bbox 455 3699 2039 3775">
    <p class='ocr_par' dir='ltr' id='par_1_66' title="bbox 455 3699 2039 3775">
     <span class='ocr_line' id='line_1_66' title="bbox 455 3699 2039 3775; baseline 0.007 -28"><span class='ocrx_word' id='word_1_457' title='bbox 455 3699 595 3767; x_wconf 77' lang='grc' dir='ltr'>μιᾶς</span> <span class='ocrx_word' id='word_1_458' title='bbox 630 3700 872 3770; x_wconf 77' lang='grc' dir='ltr'>ἑσπέρας</span> <span class='ocrx_word' id='word_1_459' title='bbox 904 3700 1039 3767; x_wconf 88' lang='grc' dir='ltr'>πρὸς</span> <span class='ocrx_word' id='word_1_460' title='bbox 1082 3701 1215 3754; x_wconf 88' lang='grc' dir='ltr'>Θεὸν</span> <span class='ocrx_word' id='word_1_461' title='bbox 1246 3703 1424 3755; x_wconf 78' lang='grc' dir='ltr'>ἱκεσία</span> <span class='ocrx_word' id='word_1_462' title='bbox 1468 3704 1563 3756; x_wconf 77' lang='grc' dir='ltr'>τοῦ</span> <span class='ocrx_word' id='word_1_463' title='bbox 1589 3705 2039 3775; x_wconf 82' lang='grc' dir='ltr'>παραλυποῦντος</span> 
     </span>
    </p>
   </div>
   <div class='ocr_carea' id='block_1_67' title="bbox 453 3789 2039 3867">
    <p class='ocr_par' dir='ltr' id='par_1_67' title="bbox 453 3789 2039 3867">
     <span class='ocr_line' id='line_1_67' title="bbox 453 3789 2039 3867; baseline 0.004 -23"><span class='ocrx_word' id='word_1_464' title='bbox 453 3789 796 3855; x_wconf 73' lang='grc' dir='ltr'>ἀποδείξασα</span> <span class='ocrx_word' id='word_1_465' title='bbox 820 3793 1127 3865; x_wconf 75' lang='grc' dir='ltr'>ἐλεύθερον,</span> <span class='ocrx_word' id='word_1_466' title='bbox 1145 3794 1249 3847; x_wconf 89' lang='grc' dir='ltr'><strong>τῶν</strong></span> <span class='ocrx_word' id='word_1_467' title='bbox 1277 3796 1452 3848; x_wconf 82' lang='grc' dir='ltr'>πεδῶν</span> <span class='ocrx_word' id='word_1_468' title='bbox 1485 3798 1826 3851; x_wconf 79' lang='grc' dir='ltr'>ἐκπεσόντων</span> <span class='ocrx_word' id='word_1_469' title='bbox 1846 3798 2039 3867; x_wconf 79' lang='grc' dir='ltr'>ἀθρόον</span> 
     </span>
    </p>
   </div>
   <div class='ocr_carea' id='block_1_68' title="bbox 455 3881 2039 3960">
    <p class='ocr_par' dir='ltr' id='par_1_68' title="bbox 455 3881 2039 3960">
     <span class='ocr_line' id='line_1_68' title="bbox 455 3881 2039 3960; baseline 0.006 -25"><span class='ocrx_word' id='word_1_470' title='bbox 455 3881 560 3935; x_wconf 77' lang='grc' dir='ltr'>τοῦ</span> <span class='ocrx_word' id='word_1_471' title='bbox 591 3886 866 3953; x_wconf 83' lang='grc' dir='ltr'>σώματος,</span> <span class='ocrx_word' id='word_1_472' title='bbox 897 3888 1033 3957; x_wconf 81' lang='grc' dir='ltr'>πρὸς</span> <span class='ocrx_word' id='word_1_473' title='bbox 1052 3888 1110 3939; x_wconf 86' lang='grc' dir='ltr'><strong>τὸ</strong></span> <span class='ocrx_word' id='word_1_474' title='bbox 1136 3887 1412 3957; x_wconf 80' lang='grc' dir='ltr'>Κυριακὸν</span> <span class='ocrx_word' id='word_1_475' title='bbox 1441 3891 1733 3960; x_wconf 75' lang='grc' dir='ltr'>σωφρόνως</span> <span class='ocrx_word' id='word_1_476' title='bbox 1750 3892 2039 3944; x_wconf 78' lang='grc' dir='ltr'>ἐπανιόντα</span> 
     </span>
    </p>
   </div>
   <div class='ocr_carea' id='block_1_69' title="bbox 456 3974 2038 4054">
    <p class='ocr_par' dir='ltr' id='par_1_69' title="bbox 456 3974 2038 4054">
     <span class='ocr_line' id='line_1_69' title="bbox 456 3974 2038 4054; baseline 0.007 -28"><span class='ocrx_word' id='word_1_477' title='bbox 456 3974 804 4047; x_wconf 78' lang='grc' dir='ltr'>παρέδειξεν,</span> <span class='ocrx_word' id='word_1_478' title='bbox 829 3978 922 4031; x_wconf 85' lang='grc' dir='ltr'><strong>τὸν</strong></span> <span class='ocrx_word' id='word_1_479' title='bbox 950 3979 1079 4049; x_wconf 73' lang='grc' dir='ltr'>πρὶν</span> <span class='ocrx_word' id='word_1_480' title='bbox 1113 3980 1452 4051; x_wconf 85' lang='grc' dir='ltr'>παραπλῆγα</span> <span class='ocrx_word' id='word_1_481' title='bbox 1490 3983 1584 4035; x_wconf 72' lang='grc' dir='ltr'>καὶ</span> <span class='ocrx_word' id='word_1_482' title='bbox 1612 3984 1746 4035; x_wconf 80' lang='grc' dir='ltr'>πᾶσι</span> <span class='ocrx_word' id='word_1_483' title='bbox 1773 3984 2038 4054; x_wconf 73' lang='grc' dir='ltr'>δυσάντηο</span> 
     </span>
    </p>
   </div>
   <div class='ocr_carea' id='block_1_70' title="bbox 454 4068 2040 4147">
    <p class='ocr_par' dir='ltr' id='par_1_70' title="bbox 454 4068 2040 4147">
     <span class='ocr_line' id='line_1_70' title="bbox 454 4068 2040 4147; baseline 0.006 -28"><span class='ocrx_word' id='word_1_484' title='bbox 454 4082 576 4119; x_wconf 83' lang='grc' dir='ltr'>τον.</span> <span class='ocrx_word' id='word_1_485' title='bbox 617 4068 792 4137; x_wconf 83' lang='grc' dir='ltr'>Χρεία</span> <span class='ocrx_word' id='word_1_486' title='bbox 827 4086 906 4132; x_wconf 89' lang='grc' dir='ltr'><strong>τις</strong></span> <span class='ocrx_word' id='word_1_487' title='bbox 941 4072 1125 4123; x_wconf 75' lang='grc' dir='ltr'>ἐκάλει</span> <span class='ocrx_word' id='word_1_488' title='bbox 1151 4074 1240 4124; x_wconf 77' lang='grc' dir='ltr'><strong>τὸν</strong></span> <span class='ocrx_word' id='word_1_489' title='bbox 1263 4072 1411 4125; x_wconf 85' lang='grc' dir='ltr'>ὅσιον</span> <span class='ocrx_word' id='word_1_490' title='bbox 1450 4074 1781 4144; x_wconf 82' lang='grc' dir='ltr'>πορευθῆναι</span> <span class='ocrx_word' id='word_1_491' title='bbox 1810 4075 1945 4147; x_wconf 84' lang='grc' dir='ltr'>πρὸς</span> <span class='ocrx_word' id='word_1_492' title='bbox 1980 4076 2040 4129; x_wconf 86' lang='grc' dir='ltr'><strong>τὸ</strong></span> 
     </span>
    </p>
   </div>
   <div class='ocr_carea' id='block_1_71' title="bbox 434 4158 2041 4236">
    <p class='ocr_par' dir='ltr' id='par_1_71' title="bbox 434 4158 2041 4236">
     <span class='ocr_line' id='line_1_71' title="bbox 434 4158 2041 4236; baseline 0.006 -26"><span class='ocrx_word' id='word_1_493' title='bbox 434 4190 437 4193; x_wconf 59' lang='grc' dir='ltr'><strong>ν</strong></span> <span class='ocrx_word' id='word_1_494' title='bbox 461 4158 761 4230; x_wconf 70' lang='grc' dir='ltr'>πολίχνιονο</span> <span class='ocrx_word' id='word_1_495' title='bbox 802 4162 894 4214; x_wconf 79' lang='grc' dir='ltr'><strong>καὶ</strong></span> <span class='ocrx_word' id='word_1_496' title='bbox 914 4162 978 4232; x_wconf 84' lang='grc' dir='ltr'>δὴ</span> <span class='ocrx_word' id='word_1_497' title='bbox 1003 4163 1360 4235; x_wconf 78' lang='grc' dir='ltr'>πορευθέντος</span> <span class='ocrx_word' id='word_1_498' title='bbox 1397 4166 1604 4236; x_wconf 87' lang='grc' dir='ltr'>χειμὼν</span> <span class='ocrx_word' id='word_1_499' title='bbox 1629 4168 1913 4221; x_wconf 79' lang='grc' dir='ltr'>ἐπιπίπτει</span> <span class='ocrx_word' id='word_1_500' title='bbox 1939 4185 2041 4221; x_wconf 78' lang='grc' dir='ltr'>πα-</span> 
     </span>
    </p>
   </div>
   <div class='ocr_carea' id='block_1_72' title="bbox 458 4248 2042 4328">
    <p class='ocr_par' dir='ltr' id='par_1_72' title="bbox 458 4248 2042 4328">
     <span class='ocr_line' id='line_1_72' title="bbox 458 4248 2042 4328; baseline 0.006 -26"><span class='ocrx_word' id='word_1_501' title='bbox 458 4248 714 4320; x_wconf 78' lang='grc' dir='ltr'>ράδοξος,</span> <span class='ocrx_word' id='word_1_502' title='bbox 753 4251 961 4322; x_wconf 87' lang='grc' dir='ltr'>κύμασί</span> <span class='ocrx_word' id='word_1_503' title='bbox 991 4270 1052 4306; x_wconf 83' lang='grc' dir='ltr'><strong>τε</strong></span> <span class='ocrx_word' id='word_1_504' title='bbox 1108 4254 1323 4317; x_wconf 84' lang='grc' dir='ltr'>πολλοῖς</span> <span class='ocrx_word' id='word_1_505' title='bbox 1353 4255 1665 4323; x_wconf 78' lang='grc' dir='ltr'>ὲξογκώσας</span> <span class='ocrx_word' id='word_1_506' title='bbox 1713 4256 1811 4328; x_wconf 81' lang='grc' dir='ltr'><strong>τὴν</strong></span> <span class='ocrx_word' id='word_1_507' title='bbox 1842 4258 2042 4311; x_wconf 75' lang='grc' dir='ltr'>θάλατ-</span> 
     </span>
    </p>
   </div>
   <div class='ocr_carea' id='block_1_73' title="bbox 462 4345 2038 4421">
    <p class='ocr_par' dir='ltr' id='par_1_73' title="bbox 462 4345 2038 4421">
     <span class='ocr_line' id='line_1_73' title="bbox 462 4345 2038 4421; baseline 0.006 -26"><span class='ocrx_word' id='word_1_508' title='bbox 462 4358 592 4411; x_wconf 83' lang='grc' dir='ltr'>ταν,</span> <span class='ocrx_word' id='word_1_509' title='bbox 625 4345 719 4397; x_wconf 82' lang='grc' dir='ltr'><strong>καὶ</strong></span> <span class='ocrx_word' id='word_1_510' title='bbox 747 4346 939 4416; x_wconf 79' lang='grc' dir='ltr'>ἄγριον</span> <span class='ocrx_word' id='word_1_511' title='bbox 966 4347 1256 4418; x_wconf 84' lang='grc' dir='ltr'>ἀνεγείρας</span> <span class='ocrx_word' id='word_1_512' title='bbox 1312 4347 1402 4401; x_wconf 87' lang='grc' dir='ltr'><strong>τὸν</strong></span> <span class='ocrx_word' id='word_1_513' title='bbox 1435 4347 1703 4415; x_wconf 79' lang='grc' dir='ltr'>κλύδωνα,</span> <span class='ocrx_word' id='word_1_514' title='bbox 1732 4352 1831 4421; x_wconf 73' lang='grc' dir='ltr'>τὴν</span> <span class='ocrx_word' id='word_1_515' title='bbox 1871 4353 2038 4405; x_wconf 77' lang='grc' dir='ltr'>ἐπάν-</span> 
     </span>
    </p>
   </div>
   <div class='ocr_carea' id='block_1_74' title="bbox 459 4436 2041 4514">
    <p class='ocr_par' dir='ltr' id='par_1_74' title="bbox 459 4436 2041 4514">
     <span class='ocr_line' id='line_1_74' title="bbox 459 4436 2041 4514; baseline 0.004 -24"><span class='ocrx_word' id='word_1_516' title='bbox 459 4436 588 4490; x_wconf 76' lang='grc' dir='ltr'>οδον</span> <span class='ocrx_word' id='word_1_517' title='bbox 614 4437 979 4508; x_wconf 73' lang='grc' dir='ltr'>ἀπετείχιζεν.</span> <span class='ocrx_word' id='word_1_518' title='bbox 997 4439 1057 4493; x_wconf 88' lang='lat'><strong>&#39;0</strong></span> <span class='ocrx_word' id='word_1_519' title='bbox 1086 4438 1144 4491; x_wconf 76' lang='grc' dir='ltr'>δὲ</span> <span class='ocrx_word' id='word_1_520' title='bbox 1168 4441 1232 4510; x_wconf 75' lang='grc' dir='ltr'>τῇ</span> <span class='ocrx_word' id='word_1_521' title='bbox 1274 4440 1492 4512; x_wconf 87' lang='grc' dir='ltr'>συνήθει</span> <span class='ocrx_word' id='word_1_522' title='bbox 1521 4445 1922 4514; x_wconf 75' lang='grc' dir='ltr'>κρατυνόμενος</span> <span class='ocrx_word' id='word_1_523' title='bbox 1952 4445 2041 4498; x_wconf 90' lang='grc' dir='ltr'>πί-</span> 
     </span>
    </p>
   </div>
   <div class='ocr_carea' id='block_1_75' title="bbox 2140 3337 3714 3407">
    <p class='ocr_par' dir='ltr' id='par_1_75' title="bbox 2140 3337 3714 3407">
     <span class='ocr_line' id='line_1_75' title="bbox 2140 3337 3714 3407; baseline 0.001 -16"><span class='ocrx_word' id='word_1_524' title='bbox 2140 3355 2246 3407; x_wconf 89' lang='lat' dir='ltr'><strong>que</strong></span> <span class='ocrx_word' id='word_1_525' title='bbox 2289 3337 2532 3407; x_wconf 88' lang='lat' dir='ltr'><strong>proprias</strong></span> <span class='ocrx_word' id='word_1_526' title='bbox 2563 3337 2710 3391; x_wconf 85' lang='lat' dir='ltr'><strong>velut</strong></span> <span class='ocrx_word' id='word_1_527' title='bbox 2753 3338 2960 3392; x_wconf 79' lang='lat' dir='ltr'><strong>alienas</strong></span> <span class='ocrx_word' id='word_1_528' title='bbox 2996 3341 3230 3405; x_wconf 81' lang='lat' dir='ltr'><strong>lanians,</strong></span> <span class='ocrx_word' id='word_1_529' title='bbox 3270 3340 3481 3395; x_wconf 84' lang='lat' dir='ltr'><strong>cunctis</strong></span> <span class='ocrx_word' id='word_1_530' title='bbox 3508 3340 3714 3395; x_wconf 78' lang='lat' dir='ltr'><strong>adeun-</strong></span> 
     </span>
    </p>
   </div>
   <div class='ocr_carea' id='block_1_76' title="bbox 2144 3428 3714 3501">
    <p class='ocr_par' dir='ltr' id='par_1_76' title="bbox 2144 3428 3714 3501">
     <span class='ocr_line' id='line_1_76' title="bbox 2144 3428 3714 3501; baseline 0 -18"><span class='ocrx_word' id='word_1_531' title='bbox 2144 3431 2289 3483; x_wconf 90' lang='lat' dir='ltr'><strong>tibus</strong></span> <span class='ocrx_word' id='word_1_532' title='bbox 2329 3428 2584 3482; x_wconf 84' lang='lat' dir='ltr'><strong>tnolestus</strong></span> <span class='ocrx_word' id='word_1_533' title='bbox 2616 3430 2934 3484; x_wconf 79' lang='lat' dir='ltr'><strong>exsistebat.</strong></span> <span class='ocrx_word' id='word_1_534' title='bbox 2972 3428 3159 3501; x_wconf 86' lang='lat' dir='ltr'><strong>Itaque</strong></span> <span class='ocrx_word' id='word_1_535' title='bbox 3207 3431 3441 3484; x_wconf 86' lang='lat' dir='ltr'><strong>vinculis</strong></span> <span class='ocrx_word' id='word_1_536' title='bbox 3474 3440 3527 3485; x_wconf 88' lang='lat' dir='ltr'><strong>et</strong></span> <span class='ocrx_word' id='word_1_537' title='bbox 3561 3444 3714 3485; x_wconf 89' lang='lat' dir='ltr'><strong>com-</strong></span> 
     </span>
    </p>
   </div>
   <div class='ocr_carea' id='block_1_77' title="bbox 2142 3521 3712 3592">
    <p class='ocr_par' dir='ltr' id='par_1_77' title="bbox 2142 3521 3712 3592">
     <span class='ocr_line' id='line_1_77' title="bbox 2142 3521 3712 3592; baseline 0.003 -19"><span class='ocrx_word' id='word_1_538' title='bbox 2142 3522 2370 3590; x_wconf 86' lang='lat' dir='ltr'><strong>pedibus</strong></span> <span class='ocrx_word' id='word_1_539' title='bbox 2439 3521 2755 3588; x_wconf 88' lang='lat' dir='ltr'><strong>revinetus,</strong></span> <span class='ocrx_word' id='word_1_540' title='bbox 2837 3524 3099 3577; x_wconf 65' lang='lat' dir='ltr'><strong>custodite</strong></span> <span class='ocrx_word' id='word_1_541' title='bbox 3172 3525 3408 3592; x_wconf 89' lang='lat' dir='ltr'><strong>plurium</strong></span> <span class='ocrx_word' id='word_1_542' title='bbox 3480 3524 3712 3578; x_wconf 87' lang='lat' dir='ltr'><strong>consilio</strong></span> 
     </span>
    </p>
   </div>
   <div class='ocr_carea' id='block_1_78' title="bbox 2141 3611 3713 3682">
    <p class='ocr_par' dir='ltr' id='par_1_78' title="bbox 2141 3611 3713 3682">
     <span class='ocr_line' id='line_1_78' title="bbox 2141 3611 3713 3682; baseline 0.003 -17"><span class='ocrx_word' id='word_1_543' title='bbox 2141 3612 2399 3667; x_wconf 83' lang='lat' dir='ltr'><strong>adhibitis</strong></span> <span class='ocrx_word' id='word_1_544' title='bbox 2452 3613 2776 3667; x_wconf 88' lang='lat' dir='ltr'><strong>custodibus</strong></span> <span class='ocrx_word' id='word_1_545' title='bbox 2823 3613 3057 3667; x_wconf 85' lang='lat' dir='ltr'><strong>traditus</strong></span> <span class='ocrx_word' id='word_1_546' title='bbox 3109 3611 3309 3667; x_wconf 81' lang='lat' dir='ltr'><strong>fuerat.</strong></span> <span class='ocrx_word' id='word_1_547' title='bbox 3357 3612 3427 3667; x_wconf 84' lang='lat' dir='ltr'><strong>At</strong></span> <span class='ocrx_word' id='word_1_548' title='bbox 3477 3628 3713 3682; x_wconf 57' lang='lat' dir='ltr'><strong>vesp-cra)</strong></span> 
     </span>
    </p>
   </div>
   <div class='ocr_carea' id='block_1_79' title="bbox 2142 3702 3710 3772">
    <p class='ocr_par' dir='ltr' id='par_1_79' title="bbox 2142 3702 3710 3772">
     <span class='ocr_line' id='line_1_79' title="bbox 2142 3702 3710 3772; baseline 0.001 -17"><span class='ocrx_word' id='word_1_549' title='bbox 2142 3704 2306 3757; x_wconf 88' lang='lat' dir='ltr'><strong>unius</strong></span> <span class='ocrx_word' id='word_1_550' title='bbox 2338 3702 2456 3756; x_wconf 77' lang='lat' dir='ltr'><strong>fusa</strong></span> <span class='ocrx_word' id='word_1_551' title='bbox 2502 3702 2565 3755; x_wconf 89' lang='lat' dir='ltr'><strong>ad</strong></span> <span class='ocrx_word' id='word_1_552' title='bbox 2599 3705 2764 3755; x_wconf 80' lang='lat' dir='ltr'><strong>Deum</strong></span> <span class='ocrx_word' id='word_1_553' title='bbox 2801 3703 3153 3772; x_wconf 85' lang='lat' dir='ltr'><strong>supplicatio,</strong></span> <span class='ocrx_word' id='word_1_554' title='bbox 3187 3718 3215 3756; x_wconf 86' lang='lat' dir='ltr'><strong>a</strong></span> <span class='ocrx_word' id='word_1_555' title='bbox 3251 3710 3482 3756; x_wconf 81' lang='lat' dir='ltr'><strong>vexante</strong></span> <span class='ocrx_word' id='word_1_556' title='bbox 3519 3705 3710 3770; x_wconf 84' lang='lat' dir='ltr'><strong>spiritu</strong></span> 
     </span>
    </p>
   </div>
   <div class='ocr_carea' id='block_1_80' title="bbox 2141 3793 3715 3862">
    <p class='ocr_par' dir='ltr' id='par_1_80' title="bbox 2141 3793 3715 3862">
     <span class='ocr_line' id='line_1_80' title="bbox 2141 3793 3715 3862; baseline 0 -15"><span class='ocrx_word' id='word_1_557' title='bbox 2141 3793 2452 3858; x_wconf 87' lang='lat' dir='ltr'><strong>liberatum,</strong></span> <span class='ocrx_word' id='word_1_558' title='bbox 2484 3793 2717 3847; x_wconf 87' lang='lat' dir='ltr'><strong>vinculis</strong></span> <span class='ocrx_word' id='word_1_559' title='bbox 2752 3807 2971 3862; x_wconf 79' lang='lat' dir='ltr'><strong>repente</strong></span> <span class='ocrx_word' id='word_1_560' title='bbox 3002 3794 3421 3855; x_wconf 87' lang='lat' dir='ltr'><strong>dissilientibus,</strong></span> <span class='ocrx_word' id='word_1_561' title='bbox 3456 3795 3521 3847; x_wconf 87' lang='lat' dir='ltr'><strong>ad</strong></span> <span class='ocrx_word' id='word_1_562' title='bbox 3541 3796 3715 3849; x_wconf 89' lang='lat' dir='ltr'><strong>eccle-</strong></span> 
     </span>
    </p>
   </div>
   <div class='ocr_carea' id='block_1_81' title="bbox 2142 3886 3713 3957">
    <p class='ocr_par' dir='ltr' id='par_1_81' title="bbox 2142 3886 3713 3957">
     <span class='ocr_line' id='line_1_81' title="bbox 2142 3886 3713 3957; baseline 0 -16"><span class='ocrx_word' id='word_1_563' title='bbox 2142 3887 2278 3941; x_wconf 88' lang='lat' dir='ltr'><strong>siam</strong></span> <span class='ocrx_word' id='word_1_564' title='bbox 2332 3886 2830 3941; x_wconf 64' lang='lat' dir='ltr'><strong>sana&#39;redeuntem</strong></span> <span class='ocrx_word' id='word_1_565' title='bbox 2880 3896 3061 3940; x_wconf 86' lang='lat' dir='ltr'><strong>mente</strong></span> <span class='ocrx_word' id='word_1_566' title='bbox 3109 3887 3385 3949; x_wconf 82' lang='lat' dir='ltr'><strong>ostendit,</strong></span> <span class='ocrx_word' id='word_1_567' title='bbox 3427 3902 3586 3953; x_wconf 88' lang='lat' dir='ltr'><strong>eum,</strong></span> <span class='ocrx_word' id='word_1_568' title='bbox 3617 3888 3713 3957; x_wconf 86' lang='lat' dir='ltr'><strong>qui</strong></span> 
     </span>
    </p>
   </div>
   <div class='ocr_carea' id='block_1_82' title="bbox 2140 3978 3713 4049">
    <p class='ocr_par' dir='ltr' id='par_1_82' title="bbox 2140 3978 3713 4049">
     <span class='ocr_line' id='line_1_82' title="bbox 2140 3978 3713 4049; baseline -0.001 -16"><span class='ocrx_word' id='word_1_569' title='bbox 2140 3982 2292 4049; x_wconf 82' lang='lat' dir='ltr'><strong>prius</strong></span> <span class='ocrx_word' id='word_1_570' title='bbox 2321 3988 2498 4033; x_wconf 85' lang='lat' dir='ltr'><strong>mente</strong></span> <span class='ocrx_word' id='word_1_571' title='bbox 2529 3988 2740 4048; x_wconf 85' lang='lat' dir='ltr'><strong>captus,</strong></span> <span class='ocrx_word' id='word_1_572' title='bbox 2774 3979 2954 4047; x_wconf 75' lang='lat' dir='ltr'><strong>gravis</strong></span> <span class='ocrx_word' id='word_1_573' title='bbox 2983 3978 3238 4032; x_wconf 76' lang='lat' dir='ltr'><strong>erunibus</strong></span> <span class='ocrx_word' id='word_1_574' title='bbox 3270 3988 3386 4031; x_wconf 89' lang='lat' dir='ltr'><strong>erat</strong></span> <span class='ocrx_word' id='word_1_575' title='bbox 3417 3979 3480 4031; x_wconf 85' lang='lat' dir='ltr'><strong>ad</strong></span> <span class='ocrx_word' id='word_1_576' title='bbox 3518 3993 3713 4032; x_wconf 81' lang='lat' dir='ltr'><strong>occur-</strong></span> 
     </span>
    </p>
   </div>
   <div class='ocr_carea' id='block_1_83' title="bbox 2140 4071 3755 4141">
    <p class='ocr_par' dir='ltr' id='par_1_83' title="bbox 2140 4071 3755 4141">
     <span class='ocr_line' id='line_1_83' title="bbox 2140 4071 3755 4141; baseline -0.002 -14"><span class='ocrx_word' id='word_1_577' title='bbox 2140 4088 2283 4127; x_wconf 78' lang='lat' dir='ltr'><strong>sum.</strong></span> <span class='ocrx_word' id='word_1_578' title='bbox 2310 4071 2419 4126; x_wconf 88' lang='lat' dir='ltr'><strong>Usu</strong></span> <span class='ocrx_word' id='word_1_579' title='bbox 2443 4074 2608 4138; x_wconf 82' lang='lat' dir='ltr'><strong>venit,</strong></span> <span class='ocrx_word' id='word_1_580' title='bbox 2632 4081 2689 4126; x_wconf 89' lang='lat' dir='ltr'><strong>ut</strong></span> <span class='ocrx_word' id='word_1_581' title='bbox 2715 4072 2795 4125; x_wconf 84' lang='lat' dir='ltr'><strong>vir</strong></span> <span class='ocrx_word' id='word_1_582' title='bbox 2826 4079 3046 4127; x_wconf 82' lang='lat' dir='ltr'><strong>sanctus</strong></span> <span class='ocrx_word' id='word_1_583' title='bbox 3071 4074 3135 4123; x_wconf 84' lang='lat' dir='ltr'><strong>ad</strong></span> <span class='ocrx_word' id='word_1_584' title='bbox 3159 4071 3415 4141; x_wconf 83' lang='lat' dir='ltr'><strong>oppidum</strong></span> <span class='ocrx_word' id='word_1_585' title='bbox 3439 4072 3713 4140; x_wconf 85' lang='lat' dir='ltr'><strong>quoddam</strong></span> <span class='ocrx_word' id='word_1_586' title='bbox 3750 4110 3755 4115; x_wconf 74' lang='lat'><strong>.</strong></span> 
     </span>
    </p>
   </div>
   <div class='ocr_carea' id='block_1_84' title="bbox 2143 4161 3715 4220">
    <p class='ocr_par' dir='ltr' id='par_1_84' title="bbox 2143 4161 3715 4220">
     <span class='ocr_line' id='line_1_84' title="bbox 2143 4161 3715 4220; baseline -0.001 -1"><span class='ocrx_word' id='word_1_587' title='bbox 2143 4164 2475 4219; x_wconf 84' lang='lat' dir='ltr'><strong>maritimum</strong></span> <span class='ocrx_word' id='word_1_588' title='bbox 2514 4175 2889 4219; x_wconf 90' lang='lat' dir='ltr'><strong>accerseretur</strong></span> <span class='ocrx_word' id='word_1_589' title='bbox 2915 4181 2929 4216; x_wconf 90' lang='lat'><strong>:</strong></span> <span class='ocrx_word' id='word_1_590' title='bbox 2960 4163 3055 4217; x_wconf 86' lang='lat' dir='ltr'><strong>sed</strong></span> <span class='ocrx_word' id='word_1_591' title='bbox 3087 4164 3139 4215; x_wconf 91' lang='lat' dir='ltr'><strong>in</strong></span> <span class='ocrx_word' id='word_1_592' title='bbox 3168 4161 3346 4220; x_wconf 81' lang='lat' dir='ltr'><strong>medio</strong></span> <span class='ocrx_word' id='word_1_593' title='bbox 3377 4165 3715 4218; x_wconf 81' lang='lat' dir='ltr'><strong>eursu&#39;tem-</strong></span> 
     </span>
    </p>
   </div>
   <div class='ocr_carea' id='block_1_85' title="bbox 2143 4254 3717 4328">
    <p class='ocr_par' dir='ltr' id='par_1_85' title="bbox 2143 4254 3717 4328">
     <span class='ocr_line' id='line_1_85' title="bbox 2143 4254 3717 4328; baseline -0.003 -16"><span class='ocrx_word' id='word_1_594' title='bbox 2143 4269 2293 4328; x_wconf 86' lang='lat' dir='ltr'><strong>pesta</strong></span> <span class='ocrx_word' id='word_1_595' title='bbox 2318 4258 2508 4326; x_wconf 85' lang='lat' dir='ltr'><strong>ingens</strong></span> <span class='ocrx_word' id='word_1_596' title='bbox 2541 4257 2733 4311; x_wconf 88' lang='lat' dir='ltr'><strong>oborta</strong></span> <span class='ocrx_word' id='word_1_597' title='bbox 2758 4265 2861 4320; x_wconf 88' lang='lat' dir='ltr'><strong>est,</strong></span> <span class='ocrx_word' id='word_1_598' title='bbox 2893 4271 2999 4326; x_wconf 85' lang='lat' dir='ltr'><strong>qua</strong></span> <span class='ocrx_word' id='word_1_599' title='bbox 3029 4256 3249 4324; x_wconf 82' lang='lat' dir='ltr'><strong>pelagus</strong></span> <span class='ocrx_word' id='word_1_600' title='bbox 3282 4254 3519 4310; x_wconf 88' lang='lat' dir='ltr'><strong>immane</strong></span> <span class='ocrx_word' id='word_1_601' title='bbox 3551 4270 3717 4325; x_wconf 81' lang='lat' dir='ltr'><strong>quan-</strong></span> 
     </span>
    </p>
   </div>
   <div class='ocr_carea' id='block_1_86' title="bbox 2144 4345 3716 4418">
    <p class='ocr_par' dir='ltr' id='par_1_86' title="bbox 2144 4345 3716 4418">
     <span class='ocr_line' id='line_1_86' title="bbox 2144 4345 3716 4418; baseline -0.004 -14"><span class='ocrx_word' id='word_1_602' title='bbox 2144 4361 2259 4405; x_wconf 90' lang='lat' dir='ltr'><strong>tum</strong></span> <span class='ocrx_word' id='word_1_603' title='bbox 2285 4350 2581 4413; x_wconf 87' lang='lat' dir='ltr'><strong>intumuit,</strong></span> <span class='ocrx_word' id='word_1_604' title='bbox 2609 4363 2863 4418; x_wconf 73' lang='lat' dir='ltr'><strong>saevoque</strong></span> <span class='ocrx_word' id='word_1_605' title='bbox 2893 4349 3128 4402; x_wconf 75' lang='lat' dir='ltr'><strong>excitato</strong></span> <span class='ocrx_word' id='word_1_606' title='bbox 3158 4345 3320 4401; x_wconf 78' lang='lat' dir='ltr'><strong>ﬂuctu</strong></span> <span class='ocrx_word' id='word_1_607' title='bbox 3352 4347 3716 4415; x_wconf 85' lang='lat' dir='ltr'><strong>insuperabile</strong></span> 
     </span>
    </p>
   </div>
   <div class='ocr_carea' id='block_1_87' title="bbox 2145 4436 3712 4503">
    <p class='ocr_par' dir='ltr' id='par_1_87' title="bbox 2145 4436 3712 4503">
     <span class='ocr_line' id='line_1_87' title="bbox 2145 4436 3712 4503; baseline -0.003 -6"><span class='ocrx_word' id='word_1_608' title='bbox 2145 4444 2245 4498; x_wconf 89' lang='lat' dir='ltr'><strong>iter</strong></span> <span class='ocrx_word' id='word_1_609' title='bbox 2267 4442 2518 4497; x_wconf 86' lang='lat' dir='ltr'><strong>redeunti</strong></span> <span class='ocrx_word' id='word_1_610' title='bbox 2544 4441 2741 4496; x_wconf 81' lang='lat' dir='ltr'><strong>ell‘ecit.</strong></span> <span class='ocrx_word' id='word_1_611' title='bbox 2766 4440 2836 4494; x_wconf 84' lang='lat' dir='ltr'><strong>At</strong></span> <span class='ocrx_word' id='word_1_612' title='bbox 2868 4439 2951 4492; x_wconf 89' lang='lat' dir='ltr'><strong>vir</strong></span> <span class='ocrx_word' id='word_1_613' title='bbox 2969 4450 3191 4494; x_wconf 88' lang='lat' dir='ltr'><strong>sanctus</strong></span> <span class='ocrx_word' id='word_1_614' title='bbox 3216 4438 3370 4493; x_wconf 87' lang='lat' dir='ltr'><strong>solita</strong></span> <span class='ocrx_word' id='word_1_615' title='bbox 3396 4436 3498 4493; x_wconf 87' lang='lat' dir='ltr'><strong>lide</strong></span> <span class='ocrx_word' id='word_1_616' title='bbox 3524 4437 3712 4503; x_wconf 83' lang='lat' dir='ltr'><strong>fretus,</strong></span> 
     </span>
    </p>
   </div>
   <div class='ocr_carea' id='block_1_88' title="bbox 466 4528 2033 4611">
    <p class='ocr_par' dir='ltr' id='par_1_88' title="bbox 466 4528 2033 4607">
     <span class='ocr_line' id='line_1_88' title="bbox 466 4528 2033 4607; baseline 0.006 -26"><span class='ocrx_word' id='word_1_617' title='bbox 466 4543 610 4593; x_wconf 76' lang='grc' dir='ltr'>στει,</span> <span class='ocrx_word' id='word_1_618' title='bbox 644 4528 721 4600; x_wconf 79' lang='grc' dir='ltr'><strong>τῷ</strong></span> <span class='ocrx_word' id='word_1_619' title='bbox 752 4532 852 4601; x_wconf 86' lang='grc' dir='ltr'>τὴν</span> <span class='ocrx_word' id='word_1_620' title='bbox 902 4531 1045 4583; x_wconf 86' lang='grc' dir='ltr'>ἰδίαν</span> <span class='ocrx_word' id='word_1_621' title='bbox 1102 4532 1473 4603; x_wconf 66' lang='grc' dir='ltr'>ἐκπληροῦντι</span> <span class='ocrx_word' id='word_1_622' title='bbox 1517 4534 1795 4589; x_wconf 83' lang='grc' dir='ltr'>διακονίαν</span> <span class='ocrx_word' id='word_1_623' title='bbox 1844 4537 2033 4607; x_wconf 87' lang='grc' dir='ltr'>φησίν·</span> 
     </span>
    </p>
   </div>
   <div class='ocr_carea' id='block_1_89' title="bbox 2138 4528 3715 4611">
    <p class='ocr_par' dir='ltr' id='par_1_89' title="bbox 2151 4529 3715 4606">
     <span class='ocr_line' id='line_1_89' title="bbox 2151 4529 3715 4606; baseline -0.004 -16"><span class='ocrx_word' id='word_1_624' title='bbox 2151 4535 2425 4606; x_wconf 86' lang='lat' dir='ltr'><strong>proprium</strong></span> <span class='ocrx_word' id='word_1_625' title='bbox 2458 4534 2691 4603; x_wconf 82' lang='lat' dir='ltr'><strong>explenti</strong></span> <span class='ocrx_word' id='word_1_626' title='bbox 2728 4532 3093 4586; x_wconf 76' lang='lat' dir='ltr'><strong>ministerium</strong></span> <span class='ocrx_word' id='word_1_627' title='bbox 3124 4531 3197 4585; x_wconf 92' lang='lat' dir='ltr'><strong>ait</strong></span> <span class='ocrx_word' id='word_1_628' title='bbox 3229 4546 3242 4582; x_wconf 90' lang='lat'><strong>:</strong></span> <span class='ocrx_word' id='word_1_629' title='bbox 3277 4529 3554 4585; x_wconf 88' lang='lat' dir='ltr'><strong>Conservo</strong></span> <span class='ocrx_word' id='word_1_630' title='bbox 3579 4532 3715 4584; x_wconf 87' lang='lat' dir='ltr'><strong>mari</strong></span> 
     </span>
    </p>
   </div>
   <div class='ocr_carea' id='block_1_90' title="bbox 468 4621 2033 4697">
    <p class='ocr_par' dir='ltr' id='par_1_90' title="bbox 468 4621 2033 4697">
     <span class='ocr_line' id='line_1_90' title="bbox 468 4621 2033 4697; baseline 0.006 -23"><span class='ocrx_word' id='word_1_631' title='bbox 468 4621 762 4689; x_wconf 81' lang='grc' dir='ltr'>’Δγγειλον</span> <span class='ocrx_word' id='word_1_632' title='bbox 787 4624 852 4693; x_wconf 75' lang='grc' dir='ltr'>τῇ</span> <span class='ocrx_word' id='word_1_633' title='bbox 887 4624 1145 4697; x_wconf 78' lang='grc' dir='ltr'>συνδούλῃ</span> <span class='ocrx_word' id='word_1_634' title='bbox 1177 4626 1410 4696; x_wconf 82' lang='grc' dir='ltr'>χαλάσαι</span> <span class='ocrx_word' id='word_1_635' title='bbox 1432 4627 1523 4679; x_wconf 85' lang='grc' dir='ltr'><strong>τὸν</strong></span> <span class='ocrx_word' id='word_1_636' title='bbox 1560 4627 1808 4682; x_wconf 79' lang='grc' dir='ltr'>κλύδωνα</span> <span class='ocrx_word' id='word_1_637' title='bbox 1837 4631 1930 4682; x_wconf 76' lang='grc' dir='ltr'><strong>καί</strong></span> <span class='ocrx_word' id='word_1_638' title='bbox 1977 4632 2033 4685; x_wconf 77' lang='grc' dir='ltr'>τὰ</span> 
     </span>
    </p>
   </div>
   <div class='ocr_carea' id='block_1_91' title="bbox 2138 4621 3716 4697">
    <p class='ocr_par' dir='ltr' id='par_1_91' title="bbox 2146 4623 3716 4694">
     <span class='ocr_line' id='line_1_91' title="bbox 2146 4623 3716 4694; baseline -0.004 -10"><span class='ocrx_word' id='word_1_639' title='bbox 2146 4628 2437 4694; x_wconf 77' lang='lat' dir='ltr'><strong>denuneiu,</strong></span> <span class='ocrx_word' id='word_1_640' title='bbox 2478 4638 2535 4682; x_wconf 89' lang='lat' dir='ltr'><strong>ut</strong></span> <span class='ocrx_word' id='word_1_641' title='bbox 2587 4626 2763 4680; x_wconf 82' lang='lat' dir='ltr'><strong>frenet</strong></span> <span class='ocrx_word' id='word_1_642' title='bbox 2798 4633 3211 4694; x_wconf 88' lang='lat' dir='ltr'><strong>tempestatem,</strong></span> <span class='ocrx_word' id='word_1_643' title='bbox 3247 4633 3301 4677; x_wconf 89' lang='lat' dir='ltr'><strong>et</strong></span> <span class='ocrx_word' id='word_1_644' title='bbox 3336 4623 3533 4677; x_wconf 79' lang='lat' dir='ltr'><strong>ﬂuctus</strong></span> <span class='ocrx_word' id='word_1_645' title='bbox 3562 4631 3716 4677; x_wconf 82' lang='lat' dir='ltr'><strong>tran-</strong></span> 
     </span>
    </p>
   </div>
   <div class='ocr_carea' id='block_1_92' title="bbox 464 4712 2033 4793">
    <p class='ocr_par' dir='ltr' id='par_1_92' title="bbox 464 4712 2033 4791">
     <span class='ocr_line' id='line_1_92' title="bbox 464 4712 2033 4791; baseline 0.004 -23"><span class='ocrx_word' id='word_1_646' title='bbox 464 4712 619 4768; x_wconf 77' lang='grc' dir='ltr'>νᾶτα</span> <span class='ocrx_word' id='word_1_647' title='bbox 664 4715 796 4785; x_wconf 73' lang='grc' dir='ltr'>ἡμῖν</span> <span class='ocrx_word' id='word_1_648' title='bbox 832 4716 1156 4784; x_wconf 83' lang='grc' dir='ltr'>ὑφαπλῶσαι</span> <span class='ocrx_word' id='word_1_649' title='bbox 1190 4718 1444 4789; x_wconf 83' lang='grc' dir='ltr'>γαλήνια,</span> <span class='ocrx_word' id='word_1_650' title='bbox 1479 4718 1565 4773; x_wconf 75' lang='grc' dir='ltr'>ἵνα</span> <span class='ocrx_word' id='word_1_651' title='bbox 1594 4719 1694 4791; x_wconf 83' lang='grc' dir='ltr'>τὴν</span> <span class='ocrx_word' id='word_1_652' title='bbox 1732 4720 1915 4775; x_wconf 74' lang='grc' dir='ltr'>οἴκαδε</span> <span class='ocrx_word' id='word_1_653' title='bbox 1949 4740 2033 4775; x_wconf 86' lang='grc' dir='ltr'>πο-</span> 
     </span>
    </p>
   </div>
   <div class='ocr_carea' id='block_1_93' title="bbox 2138 4712 3718 4793">
    <p class='ocr_par' dir='ltr' id='par_1_93' title="bbox 2147 4714 3718 4793">
     <span class='ocr_line' id='line_1_93' title="bbox 2147 4714 3718 4793; baseline -0.003 -19"><span class='ocrx_word' id='word_1_654' title='bbox 2147 4722 2349 4793; x_wconf 88' lang='lat' dir='ltr'><strong>quillos</strong></span> <span class='ocrx_word' id='word_1_655' title='bbox 2380 4720 2590 4785; x_wconf 85' lang='lat' dir='ltr'><strong>reddat,</strong></span> <span class='ocrx_word' id='word_1_656' title='bbox 2619 4732 2728 4788; x_wconf 92' lang='lat' dir='ltr'><strong>quo</strong></span> <span class='ocrx_word' id='word_1_657' title='bbox 2766 4718 2869 4771; x_wconf 90' lang='lat' dir='ltr'><strong>iter</strong></span> <span class='ocrx_word' id='word_1_658' title='bbox 2906 4726 3154 4770; x_wconf 88' lang='lat' dir='ltr'><strong>nostrum</strong></span> <span class='ocrx_word' id='word_1_659' title='bbox 3198 4715 3412 4785; x_wconf 89' lang='lat' dir='ltr'><strong>placide</strong></span> <span class='ocrx_word' id='word_1_660' title='bbox 3446 4714 3718 4770; x_wconf 81' lang='lat' dir='ltr'><strong>conﬁcere</strong></span> 
     </span>
    </p>
   </div>
   <div class='ocr_carea' id='block_1_94' title="bbox 466 4806 2044 4885">
    <p class='ocr_par' dir='ltr' id='par_1_94' title="bbox 466 4806 2044 4885">
     <span class='ocr_line' id='line_1_94' title="bbox 466 4806 2044 4885; baseline 0.004 -24"><span class='ocrx_word' id='word_1_661' title='bbox 466 4806 627 4879; x_wconf 81' lang='grc' dir='ltr'>ρείαν</span> <span class='ocrx_word' id='word_1_662' title='bbox 656 4809 841 4879; x_wconf 73' lang='grc' dir='ltr'>ἡρέμα</span> <span class='ocrx_word' id='word_1_663' title='bbox 864 4810 1203 4881; x_wconf 82' lang='grc' dir='ltr'>ποιήσωμαι.</span> <span class='ocrx_word' id='word_1_664' title='bbox 1237 4813 1349 4868; x_wconf 74' lang='grc' dir='ltr'><strong>Καὶ</strong></span> <span class='ocrx_word' id='word_1_665' title='bbox 1384 4812 1632 4885; x_wconf 78' lang='grc' dir='ltr'>θᾶττονῆ</span> <span class='ocrx_word' id='word_1_666' title='bbox 1660 4814 1814 4883; x_wconf 87' lang='grc' dir='ltr'>λόγος</span> <span class='ocrx_word' id='word_1_667' title='bbox 1838 4816 2044 4869; x_wconf 68' lang='grc' dir='ltr'>ἐπακο-</span> 
     </span>
    </p>
   </div>
   <div class='ocr_carea' id='block_1_95' title="bbox 467 4898 2046 4977">
    <p class='ocr_par' dir='ltr' id='par_1_95' title="bbox 467 4898 2046 4977">
     <span class='ocr_line' id='line_1_95' title="bbox 467 4898 2046 4977; baseline 0.007 -26"><span class='ocrx_word' id='word_1_668' title='bbox 467 4898 653 4953; x_wconf 88' lang='grc' dir='ltr'>λουθεῖ</span> <span class='ocrx_word' id='word_1_669' title='bbox 683 4900 743 4953; x_wconf 84' lang='grc' dir='ltr'><strong>τὸ</strong></span> <span class='ocrx_word' id='word_1_670' title='bbox 767 4900 949 4971; x_wconf 73' lang='grc' dir='ltr'>ἔργον,</span> <span class='ocrx_word' id='word_1_671' title='bbox 996 4903 1087 4955; x_wconf 85' lang='grc' dir='ltr'><strong>τὸν</strong></span> <span class='ocrx_word' id='word_1_672' title='bbox 1122 4904 1356 4975; x_wconf 83' lang='grc' dir='ltr'>Χριστὸν</span> <span class='ocrx_word' id='word_1_673' title='bbox 1387 4905 1482 4959; x_wconf 76' lang='grc' dir='ltr'>καὶ</span> <span class='ocrx_word' id='word_1_674' title='bbox 1516 4905 1648 4959; x_wconf 83' lang='grc' dir='ltr'>Θεὸν</span> <span class='ocrx_word' id='word_1_675' title='bbox 1693 4907 1851 4977; x_wconf 78' lang='grc' dir='ltr'>ἡμῶν</span> <span class='ocrx_word' id='word_1_676' title='bbox 1883 4906 1957 4971; x_wconf 83' lang='grc' dir='ltr'>ὡς</span> <span class='ocrx_word' id='word_1_677' title='bbox 1988 4910 2046 4963; x_wconf 80' lang='grc' dir='ltr'>ἐν</span> 
     </span>
    </p>
   </div>
   <div class='ocr_carea' id='block_1_96' title="bbox 469 4992 2041 5070">
    <p class='ocr_par' dir='ltr' id='par_1_96' title="bbox 469 4992 2041 5070">
     <span class='ocr_line' id='line_1_96' title="bbox 469 4992 2041 5070; baseline 0.008 -28"><span class='ocrx_word' id='word_1_678' title='bbox 469 4992 608 5043; x_wconf 81' lang='grc' dir='ltr'>πᾶσι</span> <span class='ocrx_word' id='word_1_679' title='bbox 635 4993 737 5046; x_wconf 84' lang='grc' dir='ltr'><strong>κάν</strong></span> <span class='ocrx_word' id='word_1_680' title='bbox 769 4992 948 5062; x_wconf 87' lang='grc' dir='ltr'>τούτῳ</span> <span class='ocrx_word' id='word_1_681' title='bbox 969 4994 1014 5027; x_wconf 80' lang='grc'><strong><em>⁸⁸</em></strong></span> <span class='ocrx_word' id='word_1_682' title='bbox 1042 4993 1306 5049; x_wconf 86' lang='grc' dir='ltr'>δεικνύων</span> <span class='ocrx_word' id='word_1_683' title='bbox 1339 4995 1768 5067; x_wconf 78' lang='grc' dir='ltr'>ἐπαληθεύοντα,</span> <span class='ocrx_word' id='word_1_684' title='bbox 1819 5000 2041 5070; x_wconf 83' lang='grc' dir='ltr'>μείζονα</span> 
     </span>
    </p>
   </div>
   <div class='ocr_carea' id='block_1_97' title="bbox 468 5082 2043 5157">
    <p class='ocr_par' dir='ltr' id='par_1_97' title="bbox 468 5082 2043 5157">
     <span class='ocr_line' id='line_1_97' title="bbox 468 5082 2043 5157; baseline 0.008 -24"><span class='ocrx_word' id='word_1_685' title='bbox 468 5082 721 5152; x_wconf 80' lang='grc' dir='ltr'>ποιήσειν</span> <span class='ocrx_word' id='word_1_686' title='bbox 744 5085 873 5145; x_wconf 82' lang='grc' dir='ltr'>τοὺς</span> <span class='ocrx_word' id='word_1_687' title='bbox 896 5084 1128 5149; x_wconf 80' lang='grc' dir='ltr'>οἰκείους</span> <span class='ocrx_word' id='word_1_688' title='bbox 1164 5087 1501 5157; x_wconf 84' lang='grc' dir='ltr'>θεράποντας</span> <span class='ocrx_word' id='word_1_689' title='bbox 1535 5088 1630 5142; x_wconf 81' lang='grc' dir='ltr'>τοῦ</span> <span class='ocrx_word' id='word_1_690' title='bbox 1680 5090 1810 5144; x_wconf 87' lang='grc' dir='ltr'>ίδίου</span> <span class='ocrx_word' id='word_1_691' title='bbox 1840 5092 2043 5146; x_wconf 87' lang='grc' dir='ltr'>Δεσπό-</span> 
     </span>
    </p>
   </div>
   <div class='ocr_carea' id='block_1_98' title="bbox 472 5172 2041 5253">
    <p class='ocr_par' dir='ltr' id='par_1_98' title="bbox 472 5172 2041 5253">
     <span class='ocr_line' id='line_1_98' title="bbox 472 5172 2041 5253; baseline 0.008 -28"><span class='ocrx_word' id='word_1_692' title='bbox 472 5188 570 5225; x_wconf 87' lang='grc' dir='ltr'><strong>του</strong></span> <span class='ocrx_word' id='word_1_693' title='bbox 591 5172 1009 5244; x_wconf 87' lang='grc' dir='ltr'>διατεινόμενον.</span> <span class='ocrx_word' id='word_1_694' title='bbox 1042 5177 1182 5229; x_wconf 78' lang='grc' dir='ltr'>Πᾶσι</span> <span class='ocrx_word' id='word_1_695' title='bbox 1211 5177 1265 5231; x_wconf 85' lang='grc' dir='ltr'>δὲ</span> <span class='ocrx_word' id='word_1_696' title='bbox 1305 5180 1415 5241; x_wconf 82' lang='grc' dir='ltr'>τοῖς</span> <span class='ocrx_word' id='word_1_697' title='bbox 1466 5179 1646 5244; x_wconf 77' lang='grc' dir='ltr'>ἄλλοις</span> <span class='ocrx_word' id='word_1_698' title='bbox 1690 5180 2041 5253; x_wconf 84' lang='grc' dir='ltr'>λαμπόμενος</span> 
     </span>
    </p>
   </div>
   <div class='ocr_carea' id='block_1_99' title="bbox 472 5265 2043 5341">
    <p class='ocr_par' dir='ltr' id='par_1_99' title="bbox 472 5265 2043 5341">
     <span class='ocr_line' id='line_1_99' title="bbox 472 5265 2043 5341; baseline 0.006 -22"><span class='ocrx_word' id='word_1_699' title='bbox 472 5265 887 5337; x_wconf 85' lang='grc' dir='ltr'>κατορθώμασι.</span> <span class='ocrx_word' id='word_1_700' title='bbox 913 5271 1012 5336; x_wconf 85' lang='grc' dir='ltr'><strong>τῆς</strong></span> <span class='ocrx_word' id='word_1_701' title='bbox 1038 5268 1146 5321; x_wconf 86' lang='grc' dir='ltr'><strong>τῶν</strong></span> <span class='ocrx_word' id='word_1_702' title='bbox 1182 5270 1433 5341; x_wconf 69' lang='grc' dir='ltr'>πενήτων</span> <span class='ocrx_word' id='word_1_703' title='bbox 1465 5273 1784 5341; x_wconf 78' lang='grc' dir='ltr'>ἐπιμελείας</span> <span class='ocrx_word' id='word_1_704' title='bbox 1821 5275 2043 5329; x_wconf 87' lang='grc' dir='ltr'>πλείονα</span> 
     </span>
    </p>
   </div>
   <div class='ocr_carea' id='block_1_100' title="bbox 2148 4806 3721 4880">
    <p class='ocr_par' dir='ltr' id='par_1_100' title="bbox 2148 4806 3721 4880">
     <span class='ocr_line' id='line_1_100' title="bbox 2148 4806 3721 4880; baseline -0.004 -12"><span class='ocrx_word' id='word_1_705' title='bbox 2148 4816 2445 4869; x_wconf 87' lang='lat' dir='ltr'><strong>valeamus.</strong></span> <span class='ocrx_word' id='word_1_706' title='bbox 2500 4811 2679 4880; x_wconf 82' lang='lat' dir='ltr'><strong>Atque</strong></span> <span class='ocrx_word' id='word_1_707' title='bbox 2727 4809 2801 4863; x_wconf 88' lang='lat' dir='ltr'><strong>ita</strong></span> <span class='ocrx_word' id='word_1_708' title='bbox 2852 4806 3143 4863; x_wconf 70' lang='lat' dir='ltr'><strong>confestim</strong></span> <span class='ocrx_word' id='word_1_709' title='bbox 3193 4806 3444 4861; x_wconf 70' lang='lat' dir='ltr'><strong>effectum</strong></span> <span class='ocrx_word' id='word_1_710' title='bbox 3500 4818 3721 4872; x_wconf 79' lang='grc' dir='ltr'>εει,.ιιι</span> 
     </span>
    </p>
   </div>
   <div class='ocr_carea' id='block_1_101' title="bbox 2142 4900 3719 4970">
    <p class='ocr_par' dir='ltr' id='par_1_101' title="bbox 2142 4900 3719 4970">
     <span class='ocr_line' id='line_1_101' title="bbox 2142 4900 3719 4970; baseline -0.006 -7"><span class='ocrx_word' id='word_1_711' title='bbox 2142 4910 2401 4963; x_wconf 84' lang='lat' dir='ltr'><strong>Christus</strong></span> <span class='ocrx_word' id='word_1_712' title='bbox 2439 4921 2502 4960; x_wconf 87' lang='lat' dir='ltr'><strong>ac</strong></span> <span class='ocrx_word' id='word_1_713' title='bbox 2538 4905 2680 4959; x_wconf 83' lang='lat' dir='ltr'><strong>Deus</strong></span> <span class='ocrx_word' id='word_1_714' title='bbox 2713 4911 2897 4958; x_wconf 87' lang='lat' dir='ltr'><strong>noster</strong></span> <span class='ocrx_word' id='word_1_715' title='bbox 2930 4903 3036 4957; x_wconf 85' lang='lat' dir='ltr'><strong>hac</strong></span> <span class='ocrx_word' id='word_1_716' title='bbox 3084 4901 3209 4955; x_wconf 85' lang='lat' dir='ltr'><strong>item</strong></span> <span class='ocrx_word' id='word_1_717' title='bbox 3241 4900 3295 4953; x_wconf 86' lang='lat' dir='ltr'><strong>in</strong></span> <span class='ocrx_word' id='word_1_718' title='bbox 3344 4915 3422 4964; x_wconf 92' lang='lat' dir='ltr'><strong>re,</strong></span> <span class='ocrx_word' id='word_1_719' title='bbox 3453 4900 3719 4970; x_wconf 68' lang='lat' dir='ltr'><strong>quemad-</strong></span> 
     </span>
    </p>
   </div>
   <div class='ocr_carea' id='block_1_102' title="bbox 2150 4992 3722 5068">
    <p class='ocr_par' dir='ltr' id='par_1_102' title="bbox 2150 4992 3722 5068">
     <span class='ocr_line' id='line_1_102' title="bbox 2150 4992 3722 5068; baseline -0.007 -12"><span class='ocrx_word' id='word_1_720' title='bbox 2150 5001 2372 5056; x_wconf 89' lang='lat' dir='ltr'><strong>modum</strong></span> <span class='ocrx_word' id='word_1_721' title='bbox 2402 5000 2456 5052; x_wconf 92' lang='lat' dir='ltr'><strong>in</strong></span> <span class='ocrx_word' id='word_1_722' title='bbox 2493 4996 2719 5068; x_wconf 87' lang='lat' dir='ltr'><strong>reliquis</strong></span> <span class='ocrx_word' id='word_1_723' title='bbox 2748 4994 3008 5051; x_wconf 86' lang='lat' dir='ltr'><strong>omnibus</strong></span> <span class='ocrx_word' id='word_1_724' title='bbox 3032 5033 3047 5057; x_wconf 92' lang='lat'><strong>,</strong></span> <span class='ocrx_word' id='word_1_725' title='bbox 3087 5008 3212 5048; x_wconf 86' lang='lat' dir='ltr'><strong>vera</strong></span> <span class='ocrx_word' id='word_1_726' title='bbox 3251 4992 3459 5047; x_wconf 80' lang='lat' dir='ltr'><strong>dixisse</strong></span> <span class='ocrx_word' id='word_1_727' title='bbox 3491 4994 3722 5046; x_wconf 90' lang='lat' dir='ltr'><strong>demon-</strong></span> 
     </span>
    </p>
   </div>
   <div class='ocr_carea' id='block_1_103' title="bbox 2150 5085 3723 5158">
    <p class='ocr_par' dir='ltr' id='par_1_103' title="bbox 2150 5085 3723 5158">
     <span class='ocr_line' id='line_1_103' title="bbox 2150 5085 3723 5158; baseline -0.005 -12"><span class='ocrx_word' id='word_1_728' title='bbox 2150 5098 2435 5153; x_wconf 65' lang='lat' dir='ltr'><strong>strari-tur,</strong></span> <span class='ocrx_word' id='word_1_729' title='bbox 2457 5104 2580 5143; x_wconf 89' lang='lat' dir='ltr'><strong>eum</strong></span> <span class='ocrx_word' id='word_1_730' title='bbox 2612 5088 2819 5158; x_wconf 78' lang='lat' dir='ltr'><strong>majora</strong></span> <span class='ocrx_word' id='word_1_731' title='bbox 2838 5101 3026 5142; x_wconf 88' lang='lat' dir='ltr'><strong>servos</strong></span> <span class='ocrx_word' id='word_1_732' title='bbox 3047 5100 3199 5151; x_wconf 85' lang='lat' dir='ltr'><strong>suos,</strong></span> <span class='ocrx_word' id='word_1_733' title='bbox 3231 5099 3395 5154; x_wconf 90' lang='lat' dir='ltr'><strong>quam</strong></span> <span class='ocrx_word' id='word_1_734' title='bbox 3429 5085 3544 5153; x_wconf 81' lang='lat' dir='ltr'><strong>ipse</strong></span> <span class='ocrx_word' id='word_1_735' title='bbox 3576 5085 3723 5138; x_wconf 77' lang='lat' dir='ltr'><strong>tace-</strong></span> 
     </span>
    </p>
   </div>
   <div class='ocr_carea' id='block_1_104' title="bbox 2149 5170 3723 5252">
    <p class='ocr_par' dir='ltr' id='par_1_104' title="bbox 2149 5170 3723 5252">
     <span class='ocr_line' id='line_1_104' title="bbox 2149 5170 3723 5252; baseline -0.004 -16"><span class='ocrx_word' id='word_1_736' title='bbox 2149 5192 2252 5245; x_wconf 89' lang='lat' dir='ltr'><strong>ret,</strong></span> <span class='ocrx_word' id='word_1_737' title='bbox 2284 5180 2557 5252; x_wconf 86' lang='lat' dir='ltr'><strong>pollicitus</strong></span> <span class='ocrx_word' id='word_1_738' title='bbox 2577 5191 2659 5233; x_wconf 88' lang='lat' dir='ltr'><strong>est</strong></span> <span class='ocrx_word' id='word_1_739' title='bbox 2688 5178 2998 5234; x_wconf 83' lang='lat' dir='ltr'><strong>effecturos.</strong></span> <span class='ocrx_word' id='word_1_740' title='bbox 3020 5170 3288 5232; x_wconf 65' lang='lat' dir='ltr'><strong>Caeterum</strong></span> <span class='ocrx_word' id='word_1_741' title='bbox 3319 5190 3443 5229; x_wconf 91' lang='lat' dir='ltr'><strong>cum</strong></span> <span class='ocrx_word' id='word_1_742' title='bbox 3467 5174 3723 5229; x_wconf 90' lang='lat' dir='ltr'><strong>omnibus</strong></span> 
     </span>
    </p>
   </div>
   <div class='ocr_carea' id='block_1_105' title="bbox 2151 5267 3722 5340">
    <p class='ocr_par' dir='ltr' id='par_1_105' title="bbox 2151 5267 3722 5340">
     <span class='ocr_line' id='line_1_105' title="bbox 2151 5267 3722 5340; baseline -0.004 -13"><span class='ocrx_word' id='word_1_743' title='bbox 2151 5274 2446 5329; x_wconf 84' lang='lat' dir='ltr'><strong>virtutibus</strong></span> <span class='ocrx_word' id='word_1_744' title='bbox 2474 5273 2784 5340; x_wconf 78' lang='lat' dir='ltr'><strong>excelleret,</strong></span> <span class='ocrx_word' id='word_1_745' title='bbox 2808 5270 3066 5327; x_wconf 88' lang='lat' dir='ltr'><strong>curandis</strong></span> <span class='ocrx_word' id='word_1_746' title='bbox 3094 5277 3276 5323; x_wconf 84' lang='lat' dir='ltr'><strong>tamen</strong></span> <span class='ocrx_word' id='word_1_747' title='bbox 3299 5277 3351 5323; x_wconf 91' lang='lat' dir='ltr'><strong>et</strong></span> <span class='ocrx_word' id='word_1_748' title='bbox 3373 5267 3722 5322; x_wconf 84' lang='lat' dir='ltr'><strong>sublevandis</strong></span> 
     </span>
    </p>
   </div>
   <div class='ocr_carea' id='block_1_106' title="bbox 475 5356 2033 5441">
    <p class='ocr_par' dir='ltr' id='par_1_106' title="bbox 475 5357 2033 5441">
     <span class='ocr_line' id='line_1_106' title="bbox 475 5357 2033 5441; baseline 0.008 -32"><span class='ocrx_word' id='word_1_749' title='bbox 475 5357 731 5427; x_wconf 84' lang='grc' dir='ltr'>φροντίδα</span> <span class='ocrx_word' id='word_1_750' title='bbox 759 5357 870 5411; x_wconf 86' lang='grc' dir='ltr'><strong>τῶν</strong></span> <span class='ocrx_word' id='word_1_751' title='bbox 900 5360 1074 5413; x_wconf 79' lang='grc' dir='ltr'>ἄλλων</span> <span class='ocrx_word' id='word_1_752' title='bbox 1106 5360 1311 5414; x_wconf 80' lang='grc' dir='ltr'>ἐτίθετο</span> <span class='ocrx_word' id='word_1_753' title='bbox 1339 5378 1351 5390; x_wconf 92' lang='grc'><strong>·</strong></span> <span class='ocrx_word' id='word_1_754' title='bbox 1387 5363 1709 5434; x_wconf 67' lang='grc' dir='ltr'>φιλαδελφίᾳ.</span> <span class='ocrx_word' id='word_1_755' title='bbox 1729 5367 1784 5419; x_wconf 82' lang='grc' dir='ltr'>δὲ</span> <span class='ocrx_word' id='word_1_756' title='bbox 1820 5366 2033 5441; x_wconf 75' lang='grc' dir='ltr'>πλείσττ</span> 
     </span>
    </p>
   </div>
   <div class='ocr_carea' id='block_1_107' title="bbox 2138 5356 3722 5441">
    <p class='ocr_par' dir='ltr' id='par_1_107' title="bbox 2147 5356 3722 5437">
     <span class='ocr_line' id='line_1_107' title="bbox 2147 5356 3722 5437; baseline -0.006 -15"><span class='ocrx_word' id='word_1_757' title='bbox 2147 5365 2481 5437; x_wconf 87' lang='lat' dir='ltr'><strong>pauperibus</strong></span> <span class='ocrx_word' id='word_1_758' title='bbox 2528 5364 2790 5434; x_wconf 87' lang='lat' dir='ltr'><strong>majorem</strong></span> <span class='ocrx_word' id='word_1_759' title='bbox 2838 5362 3172 5433; x_wconf 77' lang='lat' dir='ltr'><strong>diligentiam</strong></span> <span class='ocrx_word' id='word_1_760' title='bbox 3223 5359 3536 5414; x_wconf 87' lang='lat' dir='ltr'><strong>adhibebat.</strong></span> <span class='ocrx_word' id='word_1_761' title='bbox 3585 5356 3722 5412; x_wconf 85' lang='lat' dir='ltr'><strong>Cum</strong></span> 
     </span>
    </p>
   </div>
   <div class='ocr_carea' id='block_1_108' title="bbox 473 5449 2033 5526">
    <p class='ocr_par' dir='ltr' id='par_1_108' title="bbox 473 5449 2033 5526">
     <span class='ocr_line' id='line_1_108' title="bbox 473 5449 2033 5526; baseline 0.007 -24"><span class='ocrx_word' id='word_1_762' title='bbox 473 5449 583 5502; x_wconf 85' lang='grc' dir='ltr'><strong>τῶν</strong></span> <span class='ocrx_word' id='word_1_763' title='bbox 606 5449 780 5504; x_wconf 71' lang='grc' dir='ltr'>ἄλλων</span> <span class='ocrx_word' id='word_1_764' title='bbox 802 5453 1195 5522; x_wconf 87' lang='grc' dir='ltr'>κοσμούμενος,</span> <span class='ocrx_word' id='word_1_765' title='bbox 1217 5454 1307 5506; x_wconf 91' lang='grc' dir='ltr'><strong>τὸν</strong></span> <span class='ocrx_word' id='word_1_766' title='bbox 1336 5453 1394 5519; x_wconf 75' lang='grc' dir='ltr'>ἐξ</span> <span class='ocrx_word' id='word_1_767' title='bbox 1410 5455 1578 5523; x_wconf 75' lang='grc' dir='ltr'>αὐτῆς</span> <span class='ocrx_word' id='word_1_768' title='bbox 1608 5457 1878 5526; x_wconf 69' lang='grc' dir='ltr'>φυόμενον</span> <span class='ocrx_word' id='word_1_769' title='bbox 1895 5459 2033 5513; x_wconf 72' lang='grc' dir='ltr'>ἐλεοι</span> 
     </span>
    </p>
   </div>
   <div class='ocr_carea' id='block_1_109' title="bbox 2138 5449 3724 5526">
    <p class='ocr_par' dir='ltr' id='par_1_109' title="bbox 2148 5450 3724 5516">
     <span class='ocr_line' id='line_1_109' title="bbox 2148 5450 3724 5516; baseline -0.006 -2"><span class='ocrx_word' id='word_1_770' title='bbox 2148 5460 2293 5514; x_wconf 91' lang='lat' dir='ltr'><strong>enim</strong></span> <span class='ocrx_word' id='word_1_771' title='bbox 2317 5472 2505 5512; x_wconf 88' lang='lat' dir='ltr'><strong>amore</strong></span> <span class='ocrx_word' id='word_1_772' title='bbox 2532 5456 2774 5511; x_wconf 78' lang='lat' dir='ltr'><strong>fraterno</strong></span> <span class='ocrx_word' id='word_1_773' title='bbox 2815 5456 3052 5510; x_wconf 74' lang='lat' dir='ltr'><strong>maxime</strong></span> <span class='ocrx_word' id='word_1_774' title='bbox 3077 5462 3376 5516; x_wconf 88' lang='lat' dir='ltr'><strong>teneretur,</strong></span> <span class='ocrx_word' id='word_1_775' title='bbox 3410 5450 3724 5507; x_wconf 85' lang='lat' dir='ltr'><strong>misericor-</strong></span> 
     </span>
    </p>
   </div>
   <div class='ocr_carea' id='block_1_110' title="bbox 476 5541 2033 5622">
    <p class='ocr_par' dir='ltr' id='par_1_110' title="bbox 476 5541 2033 5622">
     <span class='ocr_line' id='line_1_110' title="bbox 476 5541 2033 5622; baseline 0.008 -30"><span class='ocrx_word' id='word_1_776' title='bbox 476 5541 839 5612; x_wconf 80' lang='grc' dir='ltr'>διαφερόντως</span> <span class='ocrx_word' id='word_1_777' title='bbox 872 5545 1167 5614; x_wconf 71' lang='grc' dir='ltr'><strong>⁴ήσπάζετο.</strong></span> <span class='ocrx_word' id='word_1_778' title='bbox 1204 5546 1312 5598; x_wconf 73' lang='grc' dir='ltr'><strong>Καὶ</strong></span> <span class='ocrx_word' id='word_1_779' title='bbox 1342 5546 1405 5618; x_wconf 85' lang='grc' dir='ltr'><strong>δή</strong></span> <span class='ocrx_word' id='word_1_780' title='bbox 1439 5549 1551 5611; x_wconf 86' lang='grc' dir='ltr'>τοῖς</span> <span class='ocrx_word' id='word_1_781' title='bbox 1584 5549 1865 5619; x_wconf 80' lang='grc' dir='ltr'>προσιοῦσι</span> <span class='ocrx_word' id='word_1_782' title='bbox 1888 5553 2033 5622; x_wconf 78' lang='grc' dir='ltr'>χεῖρα</span> 
     </span>
    </p>
   </div>
   <div class='ocr_carea' id='block_1_111' title="bbox 2138 5541 3726 5622">
    <p class='ocr_par' dir='ltr' id='par_1_111' title="bbox 2151 5544 3726 5620">
     <span class='ocr_line' id='line_1_111' title="bbox 2151 5544 3726 5620; baseline -0.007 -13"><span class='ocrx_word' id='word_1_783' title='bbox 2151 5552 2300 5608; x_wconf 90' lang='lat' dir='ltr'><strong>diam</strong></span> <span class='ocrx_word' id='word_1_784' title='bbox 2330 5566 2397 5606; x_wconf 80' lang='lat' dir='ltr'><strong>ex</strong></span> <span class='ocrx_word' id='word_1_785' title='bbox 2430 5564 2497 5605; x_wconf 89' lang='lat' dir='ltr'><strong>eo</strong></span> <span class='ocrx_word' id='word_1_786' title='bbox 2524 5549 2964 5620; x_wconf 81' lang='lat' dir='ltr'><strong>proﬁciscentem</strong></span> <span class='ocrx_word' id='word_1_787' title='bbox 2993 5547 3046 5603; x_wconf 92' lang='lat' dir='ltr'><strong>in</strong></span> <span class='ocrx_word' id='word_1_788' title='bbox 3093 5546 3287 5617; x_wconf 88' lang='lat' dir='ltr'><strong>primis</strong></span> <span class='ocrx_word' id='word_1_789' title='bbox 3319 5544 3726 5615; x_wconf 82' lang='lat' dir='ltr'><strong>complecteba-</strong></span> 
     </span>
    </p>
   </div>
   <div class='ocr_carea' id='block_1_112' title="bbox 1755 5666 2432 5724">
    <p class='ocr_par' dir='ltr' id='par_1_112' title="bbox 1755 5666 2432 5724">
     <span class='ocr_line' id='line_1_112' title="bbox 1755 5666 2432 5724; baseline 0.003 -3"><span class='ocrx_word' id='word_1_790' title='bbox 1755 5666 1990 5723; x_wconf 69' lang='lat' dir='ltr'><strong>VARle</strong></span> <span class='ocrx_word' id='word_1_791' title='bbox 2031 5667 2432 5724; x_wconf 78' lang='lat' dir='ltr'><strong>LECTIONES.</strong></span> 
     </span>
    </p>
   </div>
   <div class='ocr_carea' id='block_1_113' title="bbox 538 5748 3731 5882">
    <p class='ocr_par' dir='ltr' id='par_1_113' title="bbox 538 5748 3731 5882">
     <span class='ocr_line' id='line_1_113' title="bbox 538 5748 3731 5882; baseline -0.004 -59"><span class='ocrx_word' id='word_1_792' title='bbox 538 5748 581 5783; x_wconf 77' lang='lat'><strong>&quot;</strong></span> <span class='ocrx_word' id='word_1_793' title='bbox 608 5754 990 5876; x_wconf 54' lang='lat' dir='ltr'><strong>pW’lxg‘d‘p</strong></span> <span class='ocrx_word' id='word_1_794' title='bbox 1024 5753 1145 5882; x_wconf 55' lang='grc' dir='ltr'>Ρίὶξ.</span> <span class='ocrx_word' id='word_1_795' title='bbox 1226 5757 1271 5789; x_wconf 66' lang='grc'><strong>⁵⁸</strong></span> <span class='ocrx_word' id='word_1_796' title='bbox 1295 5759 1508 5814; x_wconf 73' lang='grc' dir='ltr'>ἐπανίει</span> <span class='ocrx_word' id='word_1_797' title='bbox 1539 5759 1664 5819; x_wconf 84' lang='lat' dir='ltr'><strong>Par.</strong></span> <span class='ocrx_word' id='word_1_798' title='bbox 1729 5763 1774 5796; x_wconf 80' lang='grc'><strong><em>⁸⁸</em></strong></span> <span class='ocrx_word' id='word_1_799' title='bbox 1796 5763 1921 5837; x_wconf 76' lang='grc' dir='ltr'>τῆς]</span> <span class='ocrx_word' id='word_1_800' title='bbox 1951 5767 2063 5830; x_wconf 86' lang='grc' dir='ltr'>τοῖς</span> <span class='ocrx_word' id='word_1_801' title='bbox 2100 5764 2226 5821; x_wconf 88' lang='lat' dir='ltr'><strong>Par.</strong></span> <span class='ocrx_word' id='word_1_802' title='bbox 2261 5764 2315 5821; x_wconf 87' lang='lat' dir='ltr'><strong>h.</strong></span> <span class='ocrx_word' id='word_1_803' title='bbox 2349 5764 2387 5820; x_wconf 90' lang='lat' dir='ltr'><strong>l.</strong></span> <span class='ocrx_word' id='word_1_804' title='bbox 2418 5771 2472 5819; x_wconf 87' lang='lat' dir='ltr'><strong>et</strong></span> <span class='ocrx_word' id='word_1_805' title='bbox 2508 5778 2652 5819; x_wconf 76' lang='lat' dir='ltr'><strong>mox.</strong></span> <span class='ocrx_word' id='word_1_806' title='bbox 2729 5762 2777 5796; x_wconf 83' lang='lat'><strong>&quot;</strong></span> <span class='ocrx_word' id='word_1_807' title='bbox 2811 5759 3140 5829; x_wconf 75' lang='grc' dir='ltr'>ἁνεποίησαν</span> <span class='ocrx_word' id='word_1_808' title='bbox 3171 5754 3293 5809; x_wconf 85' lang='lat' dir='ltr'><strong>Par.</strong></span> <span class='ocrx_word' id='word_1_809' title='bbox 3350 5751 3393 5784; x_wconf 74' lang='grc'><strong>³⁷</strong></span> <span class='ocrx_word' id='word_1_810' title='bbox 3417 5748 3731 5820; x_wconf 70' lang='grc' dir='ltr'>ἐρειρισμὲ·</span> 
     </span>
     <span class='ocr_line' id='line_1_114' title="bbox 538 5840 1203 5882; baseline 0 0"><span class='ocrx_word' id='word_1_811' title='bbox 538 5840 570 5882; x_wconf 74' lang='grc' dir='ltr'><strong>ις</strong></span> <span class='ocrx_word' id='word_1_812' title='bbox 649 5840 733 5881; x_wconf 89' lang='lat' dir='ltr'><strong>ar.</strong></span> <span class='ocrx_word' id='word_1_813' title='bbox 892 5842 1052 5879; x_wconf 84' lang='grc' dir='ltr'>τουτο</span> <span class='ocrx_word' id='word_1_814' title='bbox 1122 5843 1203 5882; x_wconf 90' lang='lat' dir='ltr'><strong>ar.</strong></span> 
     </span>
    </p>
   </div>
   <div class='ocr_carea' id='block_1_114' title="bbox 483 5837 1203 5886">
    <p class='ocr_par' dir='ltr' id='par_1_114' title="bbox 483 5837 1203 5886">
     <span class='ocr_line' id='line_1_115' title="bbox 483 5837 1203 5886; baseline 0.011 -10"><span class='ocrx_word' id='word_1_815' title='bbox 483 5837 570 5886; x_wconf 74' lang='grc' dir='ltr'><strong>νος</strong></span> <span class='ocrx_word' id='word_1_816' title='bbox 608 5837 733 5881; x_wconf 74' lang='grc' dir='ltr'><strong>ΙἬΓ.</strong></span> <span class='ocrx_word' id='word_1_817' title='bbox 809 5837 857 5858; x_wconf 73' lang='grc'><strong>’⁸</strong></span> <span class='ocrx_word' id='word_1_818' title='bbox 892 5842 1052 5879; x_wconf 81' lang='grc' dir='ltr'>τουτο</span> <span class='ocrx_word' id='word_1_819' title='bbox 1082 5837 1203 5885; x_wconf 84' lang='lat' dir='ltr'><strong>t&#39;ar.</strong></span> 
     </span>
    </p>
   </div>
  </div>
