3978 6316
222 370 283 432 37
1538 360 2252 424 THEOPHANISVITA.
2311 419 2314 422 .
2372 361 2376 363 Α
3036 366 3038 371 ’
3417 368 3484 433 3S

222 484 438 555 γονικὴν
466 483 742 554 ἀναμίξας
766 468 1047 546 ἀπόνοιαν,
1080 480 1260 535 ἐλάλει
1289 478 1390 552 μὲν
1418 479 1498 543 εἰς
1529 478 1659 549 ὕψος
1684 478 1795 531 ἀνο-

1908 472 2509 544 pcrans,_tniquitatcm
2544 473 2596 528 in
2630 473 2866 529 sublime
2919 474 3243 549 loquebatur
3278 496 3291 546 ;
3321 489 3376 533 et
3405 481 3484 535 ci-

224 578 347 647 μίαν
378 576 470 630 τὸν
492 577 728 630 παλαιὸν
750 578 957 629 ἐκεῖνον
991 572 1274 645 Ῥαψάκην
1301 571 1798 643 ὑπερϐαλλόμενος·

219 669 311 740 τήν
341 668 499 721 πόλιν
546 669 604 721 δὲ
654 666 817 732 Θεοῦ,
848 666 949 739 τήν
993 650 1325 736 Ἐκκλησίαν
1370 666 1537 737 φημὶ,
1585 650 1804 730 πολλοῖς

220 750 833 831 κατασείεινεπεχείρει
864 762 976 822 τοῖς
1002 762 1380 830 μηχανήμασι.
1416 758 1663 812 Πολιτεία
1703 758 1803 829 μὲν

218 845 307 903 οὖν
342 848 508 913 εὐθὺς
538 849 729 909 ἅπασα
758 850 837 917 τῷ
866 851 965 921 τῆς
989 851 1200 903 ἐκείνου
1226 848 1347 922 βίας
1386 849 1645 919 ἐναυάγει
1675 849 1803 902 κλύ-

215 942 362 1007 δωνι,
402 942 530 1013 μηδ’
573 942 849 1013 ἀντισχεῖν
896 943 1308 1015 ἐγχειρήσασαο
1337 942 1387 994 οἱ
1433 941 1490 995 δέ
1547 943 1625 1015 τῷ
1678 941 1801 1011 ὕψει

218 1035 324 1089 τῶν
375 1035 589 1107 ἀρετῶν
625 1034 1100 1107 χειραγωγοῦντες
1135 1035 1262 1099 τοὺς
1312 1035 1505 1099 ἄλλους
1555 1034 1692 1105 πρὸς
1733 1034 1802 1087 τὰ

219 1130 465 1200 οὐράνια,
520 1131 635 1192 τοῖς
682 1130 779 1200 τῆς
831 1128 1101 1200 πονηρίας
1149 1128 1356 1182 ἐκείνου
1408 1126 1801 1199 παρεσύρησαν

219 1224 450 1293 κύμασι,
486 1225 534 1277 εί
563 1224 656 1276 καὶ
682 1224 1021 1294 μεταμελείᾳ
1045 1222 1141 1292 τὴν
1170 1216 1340 1293 ἧτταν
1369 1218 1765 1274 ἀνεκαλέσαντο
1784 1236 1797 1250 ·

213 1315 263 1367 οί
293 1313 351 1367 δὲ
382 1315 490 1366 τῶν
549 1315 641 1366 ἐπὶ
678 1314 779 1384 γῆς
834 1316 927 1369 καὶ
978 1314 1191 1368 ἑαυτῶν
1242 1312 1661 1384 ἀφειδήσαντες,
1709 1310 1802 1366 καλ⁸

212 1406 429 1476 φρενῶν
456 1408 713 1478 ἀγχ;νοία
744 1407 842 1480 τὴν
878 1408 1145 1479 πονηρίαν
1181 1408 1594 1477 ἐκνικήσαντες,
1626 1405 1672 1457 oi
1701 1404 1801 1474 μὲν

212 1496 363 1568 λιμῷ
410 1498 911 1570 προσεκαρτέρουν,
956 1500 1002 1551 οἱ
1032 1498 1088 1552 δὲ
1134 1497 1353 1568 μάστιξι
1398 1496 1641 1567 ἀνηλεῶς
1673 1497 1799 1569 ᾐκί-

212 1588 389 1654 ζοντο,
427 1590 542 1643 ἔσθ’
568 1591 656 1644 ὅτε
684 1591 777 1644 καὶ
806 1592 961 1644 νυκτὶ
1001 1590 1242 1663 θαλάττῃ
1272 1588 1800 1661 παραπεμπόμενοι.

283 1682 326 1733 Τ
329 1683 417 1735 ὁτε
454 1682 542 1755 δὴ,
594 1684 716 1737 τότε
748 1683 885 1755 πρὸς
927 1683 1082 1737 πόλιν
1115 1682 1361 1737 καλεῖται
1389 1682 1487 1735 καὶ
1528 1681 1557 1734 ὁ
1589 1680 1803 1751 θαυμά-

211 1792 350 1839 σιος,
389 1775 450 1829 οὖ
499 1778 795 1847 τυραννικῇ
831 1776 925 1828 καὶ
968 1774 1119 1845 βιαίᾳ
1172 1772 1336 1845 χειρὶ,
1367 1773 1502 1827 ἀλλὰ
1535 1774 1800 1838 θωπείαις

1902 568 2127 621 vitatem
2164 567 2278 633 Dei,
2309 584 2432 639 qua:
2458 581 2541 623 ρει
2574 566 2834 635 Ecclesia,
2862 571 3050 627 multis
3072 574 3484 629 maeliinamen-
3530 636 3533 639 γ

1904 661 1974 716 tis
2028 660 2281 732 dolisque
2347 672 2644 721 concutere
2690 665 2966 735 studebat.
3040 665 3484 739 Statim.itaque

1903 755 2082 812 omnis
2130 772 2217 812 res
2244 757 2461 826 publica
2497 760 2643 814 imus
2678 759 2947 815 uolentia:
2976 759 3217 831 procella
3250 764 3483 816 naufra-

1903 850 2049 919 gium
2076 848 2276 913 facere,
2313 866 2436 906 cum
2465 867 2534 907 ne
2565 853 2736 907 obniti
2772 854 2991 930 quidem
3032 863 3342 910 conaretur.
3378 855 3494 925 Qui

1902 941 2164 996 virtutum
2191 958 2299 1011 quo
2328 945 2870 1012 praestabantmerito
2895 944 3123 1016 reliquis
3153 947 3218 1000 ad
3243 932 3482 1001 coelestia

1903 1033 2068 1090 duces
2122 1046 2298 1103 erant,
2352 1036 2499 1092 illius
2548 1038 2806 1107 nequitia:
2851 1038 3108 1094 [luctibus
3162 1054 3322 1095 secus
3371 1041 3489 1110 agi,

1904 1134 2136 1196 astuque
2165 1126 2366 1196 decipi,
2404 1127 2617 1183 tametsi
2651 1129 2983 1198 pmnitcntiae
3013 1130 3254 1197 remedio
3280 1146 3480 1184 noxam

1903 1219 2259 1274 resarcirere.
2315 1218 2416 1285 Qui
2465 1227 2774 1300 autem_res
2808 1229 3073 1285 terrenas,
3116 1238 3283 1292 seque
3326 1224 3483 1293 ipsos

1904 1321 2320 1367 contemnentes
2364 1313 2559 1367 mentis
2591 1312 2812 1368 solertia
2853 1314 3030 1369 scelus
3062 1315 3327 1379 vicerant,
3369 1330 3477 1386 qua

1904 1402 2047 1458 fame
2091 1402 2537 1469 conﬁciebantur,
2588 1420 2693 1473 qua
2744 1404 3061 1460 verberibus
3101 1404 3220 1458 dire
3282 1407 3481 1459 exerui-

1904 1496 2194 1552 ciabantur
2228 1513 2240 1549 :
2281 1510 2674 1566 nonnunquam
2709 1496 2873 1552 etiam
2907 1506 3069 1552 noctu
3107 1477 3481 1566 conjicieban-

1904 1599 1991 1645 tur
2034 1591 2086 1643 in
2116 1604 2289 1643 mare.

1973 1686 2126 1740 Tunc
2153 1684 2338 1754 igitur,
2375 1696 2501 1738 tunc
2534 1684 2597 1738 ad
2624 1696 2897 1739 certamen
2940 1693 3167 1740 vocatur
3192 1685 3352 1740 etiam
3396 1686 3481 1739 vir

1903 1778 2283 1842 admirandus,
2344 1788 2452 1832 non
2504 1778 2722 1847 quidem
2782 1795 2943 1833 manu
3003 1779 3302 1849 tyrannica,
3335 1788 3480 1834 etut

204 1870 331 1930 ταῖς
360 1869 419 1932 ἐξ
442 1868 598 1931 ἔθους
645 1867 808 1936 δῆθεν
842 1866 1345 1939 ὲκμαλασσόμενος.
1383 1864 1521 1919 Κατ’
1561 1865 1795 1937 ἐχθρῶν,

1906 1870 2053 1923 illata
2085 1870 2134 1924 vi
2172 1870 2476 1923 adducatur
2508 1887 2519 1925 ξ
2553 1872 2646 1924 sed
2680 1877 2737 1923 ut
2764 1878 2993 1940 tyranno
3020 1872 3302 1927 consuetis
3328 1871 3480 1926 blan-

207 1962 399 2031 φησὶν,
448 1961 772 2032 ἑκστρατεία
830 1976 920 2031 μοι
984 1958 1234 2032 παρέστη
1266 1958 1333 2028 ⁸⁸,
1365 1960 1460 2014 καὶ
1512 1961 1630 2015 δέον
1674 1965 1795 2027 ταῖς

204 2055 400 2122 εὐχαῖς
434 2053 867 2107 καθοπλισθέντα
890 2053 1183 2125 πρότερον,
1208 2051 1352 2107 οὕτω
1387 2054 1658 2124 συμμῖξαι
1685 2058 1796 2118 τοῖς

154 2196 163 2201 .
205 2144 520 2214 πολεμίοις.
567 2145 626 2199 Ὀ
658 2145 715 2199 δὲ
744 2145 806 2198 τὸ
851 2144 962 2199 τῶν
998 2145 1220 2214 τρόπων
1259 2144 1531 2216 κακόηθες
1570 2147 1797 2199 ἐπιστά-

208 2252 397 2304 μενος,
424 2231 608 2308 νεφρῷ
648 2235 994 2308 πολυχρονίῳ
1042 2235 1139 2289 καὶ
1169 2234 1429 2307 δυσουρίᾳ
1464 2236 1796 2306 τρυχόμενος

206 2326 443 2397 (ὄργανα
489 2327 598 2399 γὰρ
649 2327 739 2382 διὰ
773 2327 868 2382 τοῦ
913 2326 1149 2397 φυσικοῦ
1193 2327 1466 2399 ὑπονόμου
1507 2331 1573 2398 τῇ
1620 2328 1794 2401 κύστῃ

207 2423 736 2495 παραπεμπόμενα,
776 2426 874 2478 καὶ⁵
924 2423 1053 2486 τοὺς
1107 2423 1465 2494 ἐγκειμένους
1512 2423 1571 2475 ἐν
1621 2422 1794 2497 ταύτῃ

198 2514 613 2584 διαθρύπτοντα
641 2514 847 2579 λίθους,
887 2516 999 2579 τοῖς
1023 2513 1181 2579 ἐκτὸς
1213 2514 1657 2585 παρεπέμποντο,
1694 2515 1793 2585 τὴν

202 2607 392 2673 ἔξοδον
422 2606 502 2679 τῷ
547 2606 702 2679 ὑγρῷ
738 2606 1140 2679 περιττώματι,
1171 2606 1247 2670 ὡς
1290 2606 1534 2673 δυνατὸν,
1584 2606 1796 2667 ἀκώλυ-

204 2716 305 2751 τον
358 2698 733 2772 μηχανώμενα
768 2702 835 2771 ⁸³)
861 2716 874 2728 °
920 2698 1132 2764 τούτοις
1173 2693 1266 2755 οῦν
1324 2701 1657 2773 τρυχόμενος
1700 2702 1795 2757 καὶ

209 2790 479 2863 κλινήρης
507 2792 595 2847 διὰ
615 2792 732 2864 βίου
760 2794 1025 2865 ὑπάρχων
1050 2793 1260 2865 ἀκατίῳ
1301 2794 1633 2864 περαιωθεὶς
1658 2795 1795 2867 πρὸς

202 2883 317 2955 τὴν
349 2883 601 2955 βασιλίδα
630 2886 786 2940 πόλιν
838 2886 1324 2958 ἐγκαθορμίζεται.
1352 2885 1524 2941 Τοῦτο
1566 2888 1632 2957 δὴ
1686 2896 1820 2959 μα-’

206 2972 325 3027 θὼν
356 2974 386 3027 ὀ
406 2973 718 3043 ἐξάγιστος,
746 2977 927 3031 τοιάδε
954 2979 1132 3051 τούτῳ
1160 2980 1250 3035 διά
1277 2997 1422 3043 τινος
1454 2979 1562 3033 τῶν
1594 2982 1793 3034 οἰκειο-

200 3067 392 3121 τάτων
410 3066 673 3140 manu;
699 3068 821 3140 ὄψιν
848 3068 957 3142 γάρ
976 3072 1227 3143 ἀγαγεῖν,
1258 3071 1318 3125 τὸ
1337 3071 1584 3144 στερρὸν,
1612 3068 1789 3143 οἶμαι,

200 3157 305 3211 τοῦ
328 3157 519 3228 ἀνδρὸς
550 3158 1028 3233 διενθυμούμενος,
1054 3162 1316 3235 ἠρυθρία)
1338 3181 1353 3195 ·
1387 3165 1448 3217 El
1473 3164 1574 3233 μὲν
1600 3164 1793 3236 πειθή-

199 3264 323 3311 νιος
368 3248 526 3319 ἥκεις
552 3252 671 3313 ταῖς
717 3252 879 3323 ἐμαῖς
924 3254 1160 3319 ἱκεσίαις
1212 3254 1477 3327 (χρηστὰς
1524 3256 1633 3327 γὰρ
1666 3258 1795 3327 ἡμῖν

200 3341 437 3403 ἐλπίδας
478 3344 538 3394 τὸ
575 3343 665 3397 σὺν
694 3344 965 3416 προσηνὲς
1014 3345 1334 3417 ἐντίθησιν),
1377 3346 1485 3401 ῐσθι
1524 3347 1795 3402 τοσούτων

200 3433 646 3489 καταπολαύσων
672 3432 719 3467 τ⁸
748 3437 946 3504 καλῶν,
972 3438 1096 3491 ὅσον
1121 3438 1266 3502 εἰκὸς
1288 3439 1654 3494 ἐπαπολαύειν
1672 3443 1797 3506 τοὺς

200 3526 309 3597 τῆς
328 3526 536 3602 οίκείας
560 3526 889 3597 φιλονεικίας
923 3527 1208 3601 βασιλικὴν
1242 3529 1548 3603 συμϐουλὴν
1571 3533 1663 3586 καὶ
1692 3515 1797 3588 πα-

204 3617 481 3689 ράκλησιν
501 3621 857 3691 ποιουμένους
879 3620 1214 3692 ἐπίπροσθεν
1238 3638 1253 3653 ·
1285 3623 1384 3693 τῆς
1417 3639 1476 3676 τε
1508 3625 1606 3695 σῆς
1626 3625 1796 3696 μονῆς

203 3710 490 3775 παντοίοις
535 3710 897 3784 ἐξαιρομένης
945 3714 1272 3784 χαρίσμασι,
1310 3716 1404 3768 καὶ
1446 3715 1555 3768 τῶν
1600 3733 1795 3786 συγγε-

199 3798 321 3852 νῶν
348 3799 515 3871 τιμῆς
557 3801 824 3873 μεγίστης
856 3802 951 3855 καὶ
993 3804 1313 3875 παρρησίας
1345 3805 1686 3877 ἠξιωμένων,
1730 3808 1795 3862 τα

200 3892 408 3962 πρῶτα
434 3892 537 3963 τῆς
587 3895 728 3967 ἐμῆς
772 3894 957 3964 φιλίας
1003 3895 1175 3960 οἴσεις
1222 3897 1317 3950 καὶ
1363 3900 1711 3971 παρρησίαςο
1744 3901 1794 3954 εί

195 3985 288 4051 δὲ,
314 3984 344 4039 ὃ
390 3985 525 4057 μηδέ
560 3985 883 4056 λογίσασθαι
920 3988 1101 4061 θέμις,
1149 3980 1251 4061 τήν
1292 3979 1499 4045 οἰκείαν
1533 3994 1649 4061 ἔριν
1696 3996 1796 4063 τῆς

197 4078 350 4149 ἐμῆς
389 4078 600 4144 ἱκεσίας
632 4081 1136 4154 προτιμησάμενος,
1187 4083 1504 4156 ὑπερόπτης
1545 4087 1645 4156 μὲν
1693 4087 1795 4157 τῆς

194 4170 351 4243 ἐμῆς
385 4171 699 4245 συμϐουλῆς
731 4174 799 4239 7‘,
833 4175 1148 4247 ὑπερόπτης
1194 4177 1251 4230 δὲ
1282 4179 1389 4233 τῶν
1436 4182 1790 4252 προτεινομέ-

194 4284 315 4319 νων
348 4267 558 4339 γενήσῃ
586 4267 793 4330 καλῶν,
829 4261 976 4322 ἄκων
1003 4260 1444 4341 διαπραξάμενος
1476 4274 1618 4343 ἅπερ
1652 4272 1793 4329 ἑκὼν

192 4358 267 4411 οὐ
288 4357 494 4428 βούλει,
516 4358 698 4431 σαυτῷ
718 4359 987 4432 μεγίστης
1006 4362 1269 4433 αἰσχύνης
1298 4364 1392 4417 καὶ
1407 4365 1726 4431 δυσϐουλίας
1745 4368 1793 4399 ⁷³

192 4449 306 4522 ἔσῃ
339 4448 656 4519 παραίτιος.

310 4660 350 4713 Ο
397 4659 455 4714 δὲ
506 4660 782 4728 θειότατος
834 4664 936 4735 τῆς
994 4662 1250 4734 εὐηθείας
1315 4662 1423 4718 τῶν
1478 4662 1788 4734 λεγομένων

190 4749 622 4819 ὲκμυκτηρίσας
672 4752 763 4805 τὸν
792 4753 1078 4824 εἰρηκότα,
1132 4752 1366 4806 τοιοῖσδε
1412 4752 1591 4822 λόγοις
1627 4754 1789 4825 ἀμεί-

184 4842 363 4896 ϐεται
389 4842 481 4896 τὸν
506 4846 833 4916 πεπομφότα
850 4863 863 4877 ο
890 4846 1204 4918 Χρημάτων
1225 4845 1325 4917 μὲν
1346 4846 1440 4903 καὶ
1467 4848 1785 4918 κτημάτων,

186 4936 300 4991 καὶ
326 4938 434 4991 ὅσα
472 4937 570 5006 τῆς
599 4938 886 5009 παρούσης
917 4941 1033 4991 ἐστὶ
1077 4938 1220 4991 καλὰ
1254 4936 1458 5009 βιοτῆς,
1488 4937 1698 5002 οὐδενὸς
1727 4940 1788 4993 ἐν

185 5029 365 5101 χρείᾳ.
414 5028 766 5101 καθέστηκα·
812 5030 848 5085 ἂ
879 5031 926 5064 ⁷³
985 5031 1091 5101 γὰρ
1150 5031 1360 5097 νεάζων
1405 5032 1786 5103 ἀπεσεισάμην

181 5119 505 5190 δυνάμενος
569 5121 843 5191 χρῆσθαι,
916 5122 995 5193 τῷ
1059 5121 1297 5193 Χριστοῦ
1369 5123 1786 5195 κεκρατημένος

180 5213 388 5284 ἔρωτι,
422 5212 547 5277 ,πῶς
579 5213 646 5267 ἂν
674 5214 903 5285 γηραιὸς
931 5214 1016 5269 ἐπ’
1042 5214 1296 5287 ἀθετήσει
1322 5215 1417 5270 τοῦ
1449 5215 1784 5289 ποθουμένου

180 5305 605 5377 προσδέξομαι;
652 5306 946 5361 καὶταῦτα
987 5308 1098 5362 τῶν
1142 5308 1507 5380 ἐπικειμένων
1539 5309 1784 5380 νοσημά-

176 5416 304 5454 των
331 5398 416 5471 τῷ
473 5399 687 5471 σώματι
718 5402 942 5471 ταχεῖαν
979 5402 1294 5473 μηνυόντων
1334 5402 1435 5472 τὴν
1485 5402 1663 5466 ἔξοδον
1693 5402 1787 5456 καὶ

176 5492 293 5561 τὴν
334 5489 536 5560 κτῆσιν
567 5490 777 5545 τούτων
819 5492 1056 5563 ματαίαν
1098 5494 1580 5564 ὑπεμφαινόντων·
1617 5495 1784 5566 μονῆς

176 5583 248 5637 δὲ
274 5584 376 5637 καὶ
426 5583 711 5655 συγγενῶν
752 5583 873 5656 Θεῷ
913 5584 1163 5657 μελήσει,
1297 5588 1387 5641 καὶ
1437 5586 1786 5658 παρατίθημι

1905 1962 2051 2017 ditiis
2091 1977 2153 2016 ac
2179 1962 2317 2017 dolis
2349 1961 2413 2015 ad
2457 1962 2559 2015 iter
2595 1962 2908 2017 inducatur.
2936 1962 3213 2018 Adversus
3257 1963 3471 2030 hostes,

1904 2055 2106 2116 aiebat,
2142 2054 2266 2108 belli
2300 2054 2432 2108 mibi
2491 2054 2665 2109 moles
2698 2054 2970 2109 incumbit
3002 2041 3142 2111 :‘sed
3184 2064 3477 2126 antequam

1906 2160 2098 2199 manus
2118 2161 2240 2200 cum
2272 2145 2378 2200 illis
2405 2160 2712 2213 conseram,
2767 2162 2989 2217 precum
3034 2155 3250 2202 tuarum
3288 2147 3480 2218 1)ιάιεί-

1903 2233 1990 2287 dio
2024 2232 2237 2286 muniar
2263 2248 2486 2288 necesse
2509 2242 2611 2288 est.
2635 2229 2995 2305 Theophanes
3026 2247 3230 2301 autem,
3261 2237 3478 2311 cognita

1904 2324 2141 2379 hominis
2178 2324 2407 2389 malitia,
2440 2327 2693 2394 quamvis
2734 2341 2929 2382 renum
2952 2336 3006 2382 ct
3034 2328 3205 2384 urinae
3243 2329 3477 2385 dilﬁcul-

1904 2426 2015 2473 tate
2073 2418 2346 2473 laboraret
2379 2418 2798 2489 (instrumentis
2840 2421 2986 2475 enim
3022 2436 3119 2490 per
3170 2422 3474 2495 naturalem

1902 2508 2213 2565 cuniculum
2247 2510 2300 2563 in
2324 2510 2562 2565 vesicam
2616 2509 2894 2587 admissis,
2923 2528 3044 2583 quae
3090 2514 3294 2582 lapides
3340 2516 3478 2571 insi-

1902 2612 1986 2659 tos
2076 2588 2475 2669 commolirent,
2535 2604 2779 2661 humidis
2838 2608 3201 2663 excrementis
3267 2611 3475 2681 exitum

1901 2696 2223 2768 praebebat)
2252 2712 2318 2753 ac
2365 2713 2487 2752 cum
2540 2698 2794 2765 maximis
2842 2699 3105 2755 molestiis
3160 2684 3472 2769 vexaretur,

1902 2789 2067 2858 inque
2107 2789 2305 2845 lectulo
2344 2797 2586 2862 aegrotus
2621 2789 2840 2846 assidue
2870 2790 3241 2857 decumberet,
3271 2793 3476 2865 scapha
3513 2836 3517 2838 ν

1901 2891 2083 2936 tamen
2113 2882 2177 2936 ad
2213 2881 2403 2937 urbem
2449 2882 2655 2951 regiam
2710 2882 2945 2953 trajecit.
2988 2882 3142 2949 Quod
3188 2899 3313 2940 cum
3355 2901 3477 2941 sce-

1898 2973 2232 3030 lestissimus
2264 2973 2354 3029 ille
2402 2973 2777 3042 intellexisset,
2811 2960 2989 3031 sancti
3049 2977 3153 3031 viri
3184 2986 3467 3051 aspectum

1899 3066 2065 3137 (ejus
2106 3076 2239 3136 puto
2273 3067 2637 3122 constantiam
2681 3068 2866 3122 animo
2907 3071 3210 3139 reputans)
3244 3070 3472 3137 veritus,

1902 3175 1996 3230 per
2028 3175 2195 3213 unum
2224 3160 2464 3229 aliquem
2500 3161 2752 3215 maxima:
2785 3161 2927 3216 inter
2958 3162 3103 3218 illius
3144 3162 3475 3220 domesticos

1902 3251 2048 3316 ﬁdei,
2089 3252 2202 3306 haec
2239 3252 2317 3306 illi
2352 3252 2668 3323 signiﬁcat:
2709 3252 2765 3308 Si
2810 3254 3029 3320 venisti,
3065 3263 3126 3309 ut
3170 3255 3303 3329 mihi
3351 3273 3474 3312 ino-
3537 3330 3541 3334 θ

1898 3361 2015 3400 rem
2053 3349 2489 3418 geras(moruni
2516 3346 2663 3401 enim
2698 3362 2805 3417 qua
2844 3348 3107 3418 praeditus
3156 3364 3215 3405 es
3249 3342 3477 3419 lenitas,
3546 3408 3550 3413 _

1902 3446 1959 3492 ut
1988 3437 2055 3491 de
2090 3449 2142 3492 te
2182 3438 2233 3491 id
2260 3453 2496 3508 sperem,
2530 3435 2690 3493 facile
2719 3437 2957 3508 suadet),
2980 3440 3094 3495 scio
3128 3449 3253 3495 tam
3286 3441 3474 3498 multis

1899 3540 1951 3584 te
1977 3529 2132 3585 bonis
2178 3529 2493 3594 fruiturum,
2528 3545 2695 3602 quam
2729 3530 2915 3586 multis
2949 3546 3047 3586 eos
3080 3531 3186 3586 l'rul
3236 3548 3333 3603 par
3362 3544 3469 3597 est,

1897 3623 1991 3693 qui
2040 3623 2277 3693 propriae
2327 3623 2595 3678 voluntati
2639 3614 2985 3693 imperatoris
3039 3624 3371 3699 voluntatem
3418 3637 3475 3681 et

1897 3716 2189 3776 consilium
2242 3727 2632 3786 anteponunt:
2684 3726 2909 3785 tumque
2972 3718 3311 3788 monasterio
3366 3728 3471 3785 tuo

1897 3810 2077 3863 omnis
2114 3808 2330 3880 generis
2365 3809 2689 3864 muneribus
2733 3818 2916 3875 aucto,
2979 3819 3090 3864 tum
3144 3812 3473 3881 propinquis

1896 3898 2007 3954 tuis
2053 3898 2309 3954 maximis
2356 3898 2715 3968 dignitatibus
2781 3900 3076 3971 lavorequc
3134 3903 3283 3971 regio
3340 3917 3473 3957 con-

1895 3988 2191 4054 decoratis,
2242 3988 2448 4058 primas
2484 3989 2629 4059 apud
2663 4006 2750 4043 tne
2784 3975 3041 4045 amicitiae
3073 3986 3137 4047 ac
3165 3994 3470 4070 auctorita-

1895 4082 1965 4138 tis
1991 4090 2177 4153 partes
2220 4082 2337 4152 ipse
2362 4082 2738 4154 consequeris.
2774 4081 2895 4147 Sin,
2933 4084 3077 4153 quod
3113 4086 3200 4138 vix
3230 4086 3472 4156 cogitare

1898 4173 1982 4231 fas
2024 4186 2132 4240 est,
2170 4176 2440 4246 pervicaci
2487 4176 2674 4231 animo
2725 4187 2818 4231 tuo
2847 4193 3036 4247 preces
3060 4193 3211 4233 meas
3246 4179 3471 4250 postha-

1894 4266 2103 4334 bueris,
2135 4276 2187 4321 et
2227 4267 2524 4332 consilium
2559 4282 2741 4322 meum
2772 4267 3100 4338 neglexeris,
3132 4284 3197 4323 ac
3223 4284 3345 4340 qua:
3371 4271 3471 4326 tibi

1895 4368 2299 4432 proponuntur,
2340 4361 2483 4417 bona
2517 4359 2691 4416 fueris
2747 4370 3094 4432 aspernatus,
3150 4361 3355 4418 invitus
3389 4364 3471 4418 fa-

1893 4452 2065 4517 ciens,
2097 4469 2220 4523 quae
2248 4453 2435 4508 volens
2467 4468 2713 4516 recusas,
2748 4453 2973 4508 maximi
3022 4454 3120 4509 tibi
3151 4455 3265 4525 ipse
3308 4455 3474 4511 dede-

1819 4563 1863 4621 υ
1892 4547 2038 4602 coris
2063 4561 2126 4602 ac
2152 4545 2481 4601 calamitatis
2513 4554 2705 4601 auctor
2738 4545 2990 4601 exsistes.

1959 4656 2039 4712 Ad
2073 4657 2189 4712 haec
2217 4658 2299 4709 vir
2325 4656 2568 4723 divinus,
2602 4667 2886 4727 perspeeta
2915 4656 3185 4711 dictorum
3213 4658 3467 4733 stultitia,

1888 4761 2281 4819 auctoremque
2320 4748 2576 4813 irridens,
2634 4746 2708 4802 ita
2764 4748 2960 4803 nuntio
3002 4732 3469 4819 respondetzEgo

1893 4859 1994 4900 nec
2017 4843 2289 4914 pecuniis,
2313 4857 2413 4897 nec
2436 4841 2912 4912 possessionibus,
2942 4850 3037 4897 aut
3057 4843 3184 4899 ullis
3203 4843 3327 4899 aliis
3348 4844 3472 4899 vitae

1892 4938 2057 5007 hujus
2085 4935 2247 4993 bonis
2277 4935 2518 5007 indigeo.
2543 4935 2675 5002 Quae
2704 4936 2850 4991 enim
2878 4936 3222 5002 adolescens,
3247 4952 3371 4992 cum
3404 4938 3472 4993 iis

1894 5030 2002 5087 frui
2039 5047 2281 5103 possem,
2307 5046 2494 5087 amore
2514 5031 2722 5087 Christi
2757 5031 3129 5103 inﬂammatus
3158 5032 3469 5103 repudiati,

1895 5140 1955 5182 ea
1987 5126 2100 5196 jam
2135 5140 2300 5181 senex
2347 5126 2625 5196 quomodo
2667 5126 3026 5196 complectar,
3061 5140 3123 5181 ac
3161 5140 3285 5181 eum
3313 5125 3472 5199 cujus

1892 5218 2170 5274 desiderio
2194 5228 2406 5284 teneor,
2430 5228 2780 5273 contemnam
2807 5218 3152 5288 lpraesertim
3186 5232 3311 5272 cum
3346 5232 3473 5273 cor-

1894 5329 1996 5384 pus
2048 5299 2256 5385 morbis
2313 5311 2624 5367 confectum
2669 5311 2758 5376 sit,
2815 5318 2876 5364 ut
2927 5309 3050 5365 vitae
3105 5310 3227 5365 linis
3282 5310 3473 5380 procul

1895 5405 2086 5459 abesse
2130 5418 2239 5457 non
2294 5404 2494 5472 possit,
2540 5413 2595 5457 et
2652 5401 2769 5455 haec
2822 5400 3005 5455 inania
3060 5415 3183 5465 esse
3234 5408 3471 5478 constet.

1893 5496 2049 5562 Quod
2084 5503 2264 5549 autem
2317 5493 2385 5547 ad
2431 5492 2827 5548 monasterium
2869 5492 3316 5561 propinquosque
3347 5507 3473 5561 per-

1894 5589 2049 5651 tinet,
2076 5587 2129 5643 id
2157 5586 2265 5641 Deo
2306 5585 2410 5642 erit
2451 5598 2617 5651 cura},
2667 5584 2755 5641 cui
2795 5594 3057 5654 utrosque
3094 5583 3419 5639 commendo
3454 5597 3471 5637 :

919 5763 924 5766 .
1563 5707 1792 5764 VARle
1832 5705 2240 5765 LECTIONES.

284 5799 599 5884 ⁸⁸πσξρίστη
636 5797 768 5884 yar-
875 5799 921 5831 ⁶⁹
956 5802 1321 5884 μηχανόμενοι
1367 5801 1490 5857 Par.
1590 5802 1634 5834 7°
1679 5801 2074 5858 καταπολαύων
2125 5802 2252 5857 Par.
2357 5801 2397 5833 '“
2443 5794 2611 5873 βούλῃ
2639 5798 2759 5854 Par.
2874 5796 2916 5827 τ’
2944 5793 3290 5856 δυσσουλείας
3342 5790 3471 5846 Par.

176 5869 231 5905 ’τ
261 5862 693 5943 ιεεεῦιιιυτόὖ.
