3978 6316
450 379 521 443 39
1739 330 2245 438 'i'HEOPlIANlS
2285 374 2482 437 VlTA.
3660 379 3726 443 40

454 507 511 552 ct
535 496 737 567 quibus
778 496 922 551 licus
952 498 1169 556 melius,
1204 512 1367 568 quam
1397 496 1761 567 imperatores
1804 504 1857 547 et
1892 493 2041 563 prin-

2154 491 2391 555 τούτους,
2433 487 2511 559 τῷ
2543 486 2871 559 κρειττόνως
2898 486 3218 556 ἐπικουρεῖν
3243 486 3526 560 δυναμένῳ
3568 490 3597 561 ἦ
3632 492 3727 561 βα-

452 588 626 658 cipes,
676 589 965 643 consulere
1012 597 1211 659 potest.
1256 584 1416 656 Quod
1460 587 1528 654 si,
1569 584 2035 656 quemadmodum

454 695 656 751 pueros
678 697 871 751 parum
907 698 1207 752 generosos
1239 682 1486 752 magistri
1527 681 1734 735 scutica
1766 687 2039 748 perterre-

455 768 687 835 faciunt,
719 770 796 825 ita
840 780 897 825 tu
941 785 1028 827 me
1058 773 1257 827 morbo
1285 781 1337 826 et
1384 780 1669 827 senectute
1701 768 2035 832 confectum,

458 863 631 917 minis
670 864 919 918 tet-ritum
961 865 1025 918 iri
1066 878 1282 936 speras,
1321 880 1488 935 rogus
1530 864 1882 925 accendatur,
1923 871 2038 915 tor-

456 966 640 1010 menta
675 965 955 1025 parentur,
999 967 1052 1010 et
1094 956 1278 1010 omnia
1309 956 1652 1011 cruciatuum
1688 969 1910 1025 genera,
1945 968 2040 1007 ea-

456 1062 565 1117 que
612 1045 906 1116 ejusmodi,
953 1055 1013 1101 ut
1046 1046 1153 1100 vim
1186 1061 1407 1101 omnem
1441 1046 1709 1117 propositi
1754 1053 2037 1116 superent,

458 1136 902 1207 artiﬁciososque
951 1146 1180 1192 cunctos
1216 1138 1407 1191 modos
1449 1137 1717 1191 excedant
1750 1154 1765 1205 ;
1798 1146 1854 1190 ut
1896 1136 2043 1191 scias

456 1229 798 1301 planissime,
837 1230 1043 1285 Christi
1075 1232 1333 1285 virtutem
1367 1231 1419 1283 in
1452 1231 1590 1285 meis
1618 1230 2041 1285 inﬁrmitatibus

456 1322 668 1393 perlici.
710 1322 825 1391 Ego
858 1324 949 1392 qui
987 1324 1041 1377 in
1075 1333 1218 1378 terra
1248 1323 1401 1393 gradi
1444 1338 1551 1377 non
1593 1323 1774 1389 valeo,
1826 1323 2043 1378 valetu-

457 1412 607 1467 dinis
675 1412 1001 1468 inﬁrmitate
1055 1424 1335 1485 superata,
1394 1415 1447 1470 in
1512 1431 1703 1487 rogum
1761 1427 2044 1487 promptus

454 1506 719 1561 insiliam.

535 1618 632 1674 llis
660 1620 885 1686 auditis,
920 1620 1275 1688 turpissimus
1304 1619 1392 1675 ille
1416 1620 1784 1675 constantiam
1820 1622 2043 1693 quidem

461 1713 632 1767 animi
687 1712 850 1767 fortis
910 1713 1218 1767 admiratus
1278 1722 1362 1768 est
1406 1731 1420 1778 ;
1465 1714 1533 1768 de
1585 1715 1812 1770 victoria
1859 1725 2043 1771 tamen

462 1817 614 1873 spem
651 1821 759 1860 non
805 1805 1026 1874 abjecit,
1075 1806 1316 1859 hominis
1345 1808 1486 1861 inter
1543 1824 1672 1864 suos
1717 1808 1857 1865 dolis
1907 1820 2046 1864 stre-

463 1899 717 1952 nuissimi
748 1899 919 1954 l'retus
947 1900 1131 1953 suadae
1153 1901 1201 1953 vi
1240 1914 1253 1953 :
1282 1899 1329 1953 is
1362 1915 1558 1970 nempe
1591 1915 1878 1972 magorum
1908 1918 2045 1973 prae-

463 1990 662 2059 stigiis,
709 2006 774 2043 ac
818 1992 1185 2059 sophistarum
1244 1993 1586 2061 imposturis,
1620 1992 2046 2067 Graecorumque

462 2081 745 2150 au.~piciis,
805 2092 973 2151 atque
1027 2082 1297 2153 jecinoris
1350 2083 1807 2154 inspectionibus,
1876 2105 2044 2160 quam

461 2174 766 2245 disciplinis
813 2175 1136 2229 instructior
1176 2182 1339 2243 erat;
1368 2192 1607 2249 cumque
1646 2180 1908 2236 miserum
1945 2183 2047 2241 bo.

462 2265 667 2321 minem
726 2267 779 2320 iu
833 2268 1135 2337 impietatis
1189 2268 1512 2325 barathrum
1572 2274 1856 2339 traxisset,
1901 2275 2047 2346 apud

461 2370 588 2412 eum
628 2359 846 2414 valebat
871 2360 1192 2429 plurimum.
1228 2360 1366 2417 Huic
1408 2364 1626 2420 beatum
1664 2369 1826 2440 tradit
1865 2367 2049 2425 Theo-

462 2447 724 2520 pbanem,
755 2465 983 2521 sperans
1011 2452 1161 2508 illius
1188 2453 1481 2509 verborum
1518 2456 1791 2513 lenocinio
1823 2459 2049 2516 omnino

462 2540 757 2610 deceptum
810 2543 899 2596 iri.
947 2539 1152 2598 Verum
1205 2555 1469 2616 tanquam
1516 2549 1707 2605 asinus
1761 2552 1829 2605 ad
1874 2552 2045 2623 lyram

464 2632 846 2702 deprehensus
870 2643 974 2691 est.
1006 2637 1271 2691 Invictum
1296 2638 1481 2708 itaque
1505 2641 1607 2695 viri
1634 2644 1806 2697 sancti
1830 2643 2048 2700 dicendi

465 2721 770 2777 libertatein
807 2726 1187 2781 vehementius
1217 2726 1550 2794 admiratus,
1591 2746 1883 2804 antequam
1916 2751 2050 2791 eon-

465 2814 807 2887 grederetur,
848 2833 907 2873 se
940 2819 1144 2874 victum
1182 2832 1306 2877 esse
1360 2822 1648 2881 confessus
1677 2838 1759 2883 est
1788 2847 1800 2882 :
1830 2833 2049 2887 nuntia-

465 2909 654 2978 vitque
698 2909 1038 2979 imperatori,
1082 2927 1208 2966 eum
1235 2917 1677 2984 praestantiorem
1707 2934 1849 2986 esse,
1884 2939 2048 2993 quam

467 3010 527 3055 ut
567 3002 839 3071 oratione,
880 3014 975 3059 aut
1004 3006 1172 3062 minis
1203 3008 1331 3065 ullis
1360 3013 1610 3080 superari
1663 3025 1847 3083 posset
1876 3034 1890 3071 :
1918 3019 2051 3087 quin

462 3093 631 3148 etiam
662 3092 705 3148 si
742 3093 815 3149 ibi
848 3097 1056 3153 diutius
1103 3112 1562 3171 commoraretur,
1616 3105 1753 3170 fore,
1810 3116 1869 3161 ut
1917 3109 2053 3164 alio.

2140 582 2311 645 σιλεῖς
2340 600 2398 635 τε
2425 581 2521 635 καὶ
2545 580 2829 649 ἄρχοντες.
2862 579 2920 632 Εἰ
2948 579 3007 632 δέ
3033 580 3212 642 νόσοις
3239 580 3330 633 καὶ
3366 581 3567 651 γήρατι
3592 585 3726 655 θαρ-

2144 677 2457 746 ρυνόμενος,
2493 675 2553 727 αῖ
2585 692 2652 744 με
2700 672 2797 727 νῦν
2848 673 3156 744 συνέχουσι,
3193 673 3587 745 μορμολύττεις
3613 680 3730 743 ταῖς

2141 771 2394 833 ἀπειλαῖς
2450 770 2544 821 καὶ
2593 766 2882 839 δειματοῦν
2911 768 3139 834 ἐθέλεις,
3189 767 3445 839 καθάπερ
3487 771 3729 844 σκυτάλη

2141 865 2211 919 τὰ
2261 867 2429 935 ἀγενῆ
2485 864 2596 917 τῶν
2652 862 2957 933 μειρακίων
3011 863 3060 914 οἱ
3118 861 3431 927 παιδευταί,
3480 864 3734 918 ἁπτέσθω

2143 959 2329 1030 πυρά,
2380 956 2761 1026 ἐτοιμαζέσθω
2811 954 3261 1026 στρεϐλωτήρια,
3324 957 3421 1009 καὶ
3478 956 3735 1027 πρόθεσιν

2145 1051 2367 1104 ἃπασαν
2389 1049 2719 1113 ἐκνικῶντα,
2770 1046 2866 1101 καὶ
2899 1046 3137 1116 τρόπους
3184 1046 3596 1117 μηχανημάτων
3629 1065 3737 1100 πα-

2149 1143 2511 1215 ρατρέχοντα,
2537 1143 2686 1205 ὅπως
2710 1142 2858 1211 εἰδῇς
2888 1143 2945 1194 ἐν
2972 1142 3094 1203 ταῖς
3119 1142 3279 1210 ἐμαῖς
3307 1139 3615 1203 ἀσθενείαις
3637 1138 3735 1211 τὴν

2145 1236 2239 1291 τοῦ
2269 1235 2509 1307 Χριστοῦ
2532 1236 2920 1306 τελειουμένην
2945 1233 3265 1302 σαφέστατα
3290 1233 3539 1303 δύναμιν.
3567 1235 3739 1296 Αὐτός

2155 1330 2293 1404 πρὸς
2320 1329 2421 1403 τὴν
2450 1330 2630 1400 πυρὰν
2662 1329 2838 1382 ἐλθεῖν
2884 1328 3309 1399 ἐπειχθήσομαι,
3334 1328 3363 1381 ό
3409 1329 3511 1398 γῆς
3540 1326 3737 1395 ἐπιϐῆ-

2149 1444 2237 1481 ναι
2262 1426 2400 1487 ὅλως
2444 1425 2501 1477 οὺ
2535 1422 2857 1492 δυνάμενος,
2900 1421 3000 1494 τὴν
3046 1422 3406 1492 ἐπικειμένην
3455 1420 3739 1475 ἀσθένειαν

2150 1519 2447 1589 ἐκνικήσας
2470 1519 2537 1587 τῇ
2566 1515 2870 1587 προθυμίᾳ.

2222 1609 2410 1664 Ταῦτα
2444 1608 2633 1680 μαθὼν
2661 1610 2689 1661 ό
2712 1607 3047 1681 τρισάθλιος,
3078 1607 3399 1679 κατεπλάγη
3433 1608 3530 1679 μὲν
3555 1609 3674 1678 οἴης
3695 1607 3742 1640 ’⁸

2149 1702 2244 1756 τοῦ
2278 1702 2530 1772 γενναίου
2558 1700 2737 1771 ψυχῆς
2770 1699 2832 1753 τὸ
2864 1702 3207 1770 παράστημα
3228 1716 3240 1731 ο
3275 1700 3337 1751 οὐ
3383 1700 3491 1770 μὴν
3518 1700 3741 1766 ἀπέγνω

2150 1795 2248 1866 τὴν
2279 1797 2462 1864 νίκην,
2495 1794 2572 1863 τῷ
2611 1794 2984 1862 γενναιοτάτῳ
3011 1793 3119 1844 τῶν
3169 1793 3297 1863 παρ’
3345 1792 3491 1863 αὑτῷ
3523 1792 3741 1864 θαρρῶν

2150 1888 2420 1956 ἀθλητῶν,
2446 1887 2503 1951 ὃς
2526 1889 2814 1956 γοητικαῖς
2845 1884 2922 1954 τῷ
2951 1884 3063 1937 όντι
3087 1883 3571 1954 καλλωπιζόμενος
3603 1901 3744 1954 μαγ-

2147 1980 2394 2051 γανείαις
2426 1981 2521 2033 καὶ
2546 1980 2887 2047 σοφιστικαῖς
2920 1977 3083 2049 δῆθεν
3111 1977 3560 2033 ἐκεκαλλὼπιστο
3586 1977 3631 2009 ⁷⁸
3654 1993 3744 2029 τε·

2154 2070 2420 2143 ρατείαις,
2464 2070 2585 2133 ταῖς
2631 2069 2908 2139 Ἑλλήνων
2934 2069 3358 2133 οίωνοσκοπίαις
3400 2071 3493 2122 καὶ
3519 2072 3643 2134 ταῖς
3676 2070 3746 2123 δι’

2148 2166 2363 2236 ἥπατος
2416 2162 2700 2234 μαντείαις
2744 2163 2839 2215 ἐπὶ⁸
2885 2163 3057 2217 πλείω
3112 2161 3661 2233 μεγαλαυχούμενος,
3711 2160 3745 2232 ἢ

2149 2258 2262 2321 τοῖς
2290 2256 2632 2327 μαθήμασιν.
2671 2252 2843 2320 Οὗτος
2877 2257 3016 2327 πρὸς
3060 2256 3123 2309 τὺ
3157 2256 3257 2326 τῆς
3287 2254 3544 2318 ἀσεϐείας
3584 2254 3747 2308 ἐλκύο

2152 2365 2248 2411 σας
2274 2348 2371 2399 τὸν
2419 2347 2681 2416 δύστηνον
2728 2344 3025 2417 βάραθρον,
3078 2346 3147 2398 τὰ
3191 2344 3384 2415 πρῶτα
3432 2343 3570 2413 παρ’
3598 2340 3749 2411 αὺτῷ

2150 2441 2248 2511 τῆς
2274 2439 2595 2501 δυναστείας
2624 2440 2915 2509 ἐκέκτητο.
2950 2438 3141 2507 Τούτῳ
3171 2438 3260 2489 τὸν
3297 2438 3573 2508 μακάριον
3605 2433 3749 2488 ἐκδί-

2149 2532 2304 2597 δωσι,
2337 2531 2543 2585 ἁλῶναι
2598 2535 2818 2594 παντως
2854 2534 2922 2602 τῇ
2975 2531 3128 2600 ἴυγγι
3160 2531 3272 2583 τῶν
3325 2528 3518 2582 τούτου
3572 2528 3747 2595 λόγων

2150 2626 2417 2695 οἰόμενος.
2462 2623 2604 2677 Ἀλλ’
2635 2624 2755 2687 δνος
2781 2622 2921 2694 ᾄδων
2948 2624 3087 2694 πρὸς
3117 2622 3289 2693 λύραν
3318 2620 3580 2697 ἡλίσκετο
3603 2639 3616 2651 ο
3656 2619 3750 2672 καὶ

2149 2722 2217 2793 τῇ
2265 2718 2465 2789 ἀμάχῳ
2506 2718 2603 2771 τοῦ
2642 2717 2835 2789 ἀνδρὸς
2883 2715 3170 2789 παρρησία
3199 2715 3306 2769 τῶν
3345 2715 3522 2783 λόγων
3580 2731 3753 2768 κατα-

2154 2814 2405 2883 πλαγεὶς,
2432 2811 2538 2885 πρὸ
2575 2810 2908 2882 συμπλοκῆς
2955 2810 3054 2883 τὴν
3090 2805 3264 2882 ἧτταν
3309 2809 3615 2877 ἠσπάζετο,
3653 2808 3750 2861 καὶ

2151 2904 2229 2975 τῷ
2254 2903 2552 2975 κρατοῦντι
2578 2901 2889 2973 διήγγειλεν
2918 2903 2998 2965 ὼς
3032 2901 3306 2972 κρείττων
3339 2902 3384 2933 ⁷⁸
3418 2900 3749 2964 παντνιςλό-

2151 3017 2252 3071 γου
2285 3000 2380 3053 καὶ
2412 2998 2655 3054 ἀπειλῶν
2683 3001 2712 3053 ὁ
2740 2999 2902 3069 ἀνὴρ,
2939 3000 3033 3053 καὶ
3069 2999 3196 3062 τοὺς
3237 2999 3343 3071 ήδη
3377 2997 3753 3069 πεισθησομέ-

2155 3110 2279 3157 νους
2298 3092 2344 3125 "
2364 3090 2655 3164 ἐπιμείνας
2668 3091 2749 3161 τῷ
2769 3091 2921 3163 τόπῳ
2952 3092 3212 3161 ἀνακύψει
3233 3093 3333 3158 τῆς
3351 3094 3749 3163 ἐγχειρήσεως.

468 3196 591 3237 rum
626 3184 839 3242 animos
872 3188 926 3241 in
966 3194 1296 3246 sententiam
1329 3195 1558 3266 jamjam
1590 3214 1976 3270 concessuros,
2013 3221 2040 3258 a

2156 3186 2222 3238 Ὢ
2251 3182 2482 3258 γνώμης
2528 3186 2837 3256 ἀδάμαντος
2877 3186 3240 3257 στερροτέρας
3268 3186 3362 3238 καὶ
3409 3184 3749 3238 ἀνυπείκτου

463 3277 747 3347 proposito
780 3279 1133 3336 alisterreret.
1159 3282 1204 3338 Ο
1234 3296 1468 3341 mentem
1514 3290 1804 3347 adamante
1841 3294 2048 3350 lirmio-

471 3381 614 3436 rem,
650 3378 703 3424 et
736 3372 900 3429 nullis
931 3374 1215 3430 cedentem
1282 3380 1555 3436 machinis
1607 3387 2050 3454 oppugnantibus

468 3462 760 3517 veritatem
792 3466 805 3517 ι
840 3463 884 3519 0
937 3469 1142 3522 amoris
1183 3468 1293 3522 vim
1348 3484 1475 3541 erga
1516 3472 1829 3529 Creatorem
1868 3476 2048 3532 incre—

462 3555 708 3620 dibilem,
772 3571 897 3626 quae
958 3560 1128 3616 nullis
1183 3562 1307 3617 vitae
1365 3565 1761 3621 tentationibus
1824 3569 2051 3625 dissolvi

462 3648 671 3719 potuit!
696 3647 964 3704 Caeterum
986 3652 1054 3705 ab
1075 3652 1488 3723 impugnatione
1513 3671 1620 3709 non
1648 3657 1855 3713 destitit
1884 3660 2049 3718 homo

464 3743 749 3811 tyrannica
793 3744 991 3813 plenus
1040 3746 1363 3800 credulitate
1395 3762 1410 3801 :
1445 3748 1539 3802 sed
1572 3749 1753 3803 virum
1796 3764 2048 3809 sanctum

466 3835 522 3887 in
556 3832 855 3890 Eleutherii
884 3837 1091 3907 palatio
1122 3839 1323 3893 includi
1363 3839 1540 3908 jubet,
1571 3842 1831 3900 adhibitis
1860 3858 2050 3902 custo-

469 3925 656 3993 dibus,
692 3941 759 3981 ne
792 3929 915 3997 quis
950 3928 1288 3982 humanitate
1315 3932 1533 3999 ductus,
1562 3936 1609 3987 ei
1641 3946 1861 4006 propter
1889 3936 2051 3993 Chri-

467 4028 615 4071 stum
654 4019 878 4088 patienti
910 4022 1341 4077 consolationem
1375 4025 1541 4079 ullam
1572 4025 1811 4087 aii‘erret.
1861 4029 2053 4102 itaque

465 4122 672 4178 corpus
724 4111 844 4179 ejus
886 4110 1146 4167 diuturna
1203 4114 1350 4171 fame
1401 4116 1736 4187 confectum,
1785 4124 2051 4192 paulatim

468 4199 781 4259 tabescebat
823 4218 837 4266 ;
874 4204 1166 4274 ipsumque
1228 4205 1334 4260 hoc
1388 4206 1702 4265 detrimenti
1754 4211 1873 4268 loco
1913 4224 2051 4281 erat,

467 4293 615 4363 quod
661 4304 767 4347 neu
816 4295 924 4349 cita
980 4304 1159 4375 morte
1204 4298 1511 4355 tolleretur.
1552 4300 1725 4356 Morbi
1760 4320 1927 4374 porro
1958 4322 2054 4378 per

469 4384 988 4442 medicorum-curae
1015 4388 1322 4444 absentiam
1362 4395 1645 4460 grassandi
1682 4396 1827 4451 nacti
1880 4398 2054 4454 licen—

467 4477 623 4542 tiam,
663 4478 884 4548 gravius
912 4480 1231 4549 saeviebant,
1264 4492 1317 4538 et
1338 4485 1503 4539 vitam
1547 4488 1849 4545 reddebant
1874 4506 2052 4549 morte

2158 3280 2292 3332 πᾶσι
2326 3280 2439 3343 τοῖς
2480 3279 2623 3332 κατά
2663 3280 2767 3347 τῆς
2792 3277 3052 3349 ἀληθείας
3096 3272 3520 3347 μηχανήμασινὶ
3558 3276 3605 3331 ὣ
3630 3276 3753 3347 φίλ-

2154 3390 2284 3443 τρον
2314 3372 2444 3444 περὶ
2485 3373 2578 3425 τὸν
2609 3373 2848 3442 Κτίστην
2882 3372 3203 3440 ἀκόρεστον,
3237 3371 3340 3423 ὑπὸ
3377 3370 3607 3441 μηδενὸς
3641 3372 3753 3425 τῶν

2153 3465 2250 3519 τοῦ
2301 3466 2419 3538 βίου
2470 3466 2849 3538 πειρατηρίων
2893 3465 3279 3535 διαλυόμενονί
3336 3464 3473 3517 Ἀλλ’
3512 3464 3625 3517 οὐδ’
3675 3464 3754 3528 ὣς

2155 3558 2405 3631 ἀπέληγε
2458 3560 2693 3630 μᾶχηςό
2744 3558 3082 3629 τυραννικῆς
3132 3560 3417 3629 ὠμότητος
3461 3559 3705 3627 ἔμπλεος
3733 3576 3749 3591 ’

2154 3655 2269 3717 τοῖς
2321 3655 2436 3706 τῶν
2490 3654 2832 3723 Ἐλευθερίου
2881 3653 2939 3706 δέ
2985 3653 3308 3725 ἀνακτόροις
3357 3654 3751 3727 ἀσφαλεστάτη

2157 3746 2374 3817 φρουρᾷ
2424 3745 2791 3816 παραδίδωσι,
2842 3744 3091 3814 φύλακας
3145 3746 3468 3815 ἐπιστήσας,
3522 3746 3621 3799 τοῦ
3674 3746 3750 3816 μή

2155 3855 2278 3891 τινα
2309 3836 2417 3891 τῶν
2437 3832 2518 3902 οἷς
2545 3835 2709 3900 αἰδὼς
2723 3836 2823 3906 τῆς
2849 3835 3067 3907 φύσεως
3094 3839 3357 3906 πρόσεστι
3389 3836 3753 3907 παραμυθίαν

2155 3930 2453 4000 ἐμποιῆσαι
2502 3928 2583 3999 τῷ
2615 3929 2702 3981 διά
2753 3929 2992 3998 Χριστὸν
3046 3928 3391 4000 κακουμένῳ.
3438 3928 3609 3997 Σῶμα
3652 3928 3753 3997 μὲν

2156 4019 2250 4075 οὖν
2294 4022 2438 4093 λιμῷ
2478 4021 2816 4093 πολυχρονίῳ
2861 4022 3165 4093 τηκόμενον
3212 4020 3353 4073 κατὰ
3402 4019 3570 4090 μέρος
3614 4020 3755 4089 πρὸς

2158 4114 2367 4187 φθορὰν
2400 4116 2666 4185 ἠπείγετο
2682 4115 2776 4181 π’,
2809 4117 2903 4168 καὶ
2942 4114 3112 4185 αὐτὴν
3146 4114 3246 4186 τὴν
3284 4113 3464 4180 ὀξεῖαν
3491 4114 3754 4184 τελευτὴν

2158 4207 2526 4280 ζημιούμενον
2549 4224 2561 4238 ’
2587 4207 2737 4260 νόσοι
2763 4207 2818 4261 δέ
2850 4209 2948 4279 τῆς
2977 4207 3022 4239 ⁷⁸
3054 4208 3161 4260 τῶν
3196 4205 3398 4277 ἰατρῶν
3428 4205 3755 4275 ἐπικουρίας

2158 4301 2479 4371 ἐλευθερίαν
2532 4301 2872 4371 εὖράμεναι,
2918 4300 3297 4373 ἀλγεινότερον
3348 4298 3753 4367 ἐπεκώμαζον,

2156 4393 2300 4447 κατά
2356 4393 2492 4446 πολὺ
2549 4394 2649 4463 τῆς
2699 4393 2845 4463 ζωῆς
2897 4393 3255 4449 ἰδιοποιοῦσαι
3311 4391 3411 4455 τὴν
3464 4392 3746 4461 τελευτήν.

2172 4486 2313 4539 Ἀλλ’
2343 4488 2375 4555 ἡ
2421 4486 2628 4541 διάνοια
2659 4486 2753 4540 τοῦ
2791 4487 3008 4558 πρώτου
3033 4486 3143 4540 τῶν
3182 4485 3429 4556 ὀρεκτῶν
3452 4486 3565 4547 τοῖς
3590 4500 3751 4552 παμ-

467 4568 589 4639 ipsa
635 4570 798 4641 longe
849 4572 1217 4628 acerbiorem.
1261 4576 1333 4631 At
1362 4573 1499 4647 ipse,
1537 4577 1659 4649 ejus
1701 4583 1797 4652 qui
1832 4585 2047 4643 deside-

2160 4581 2420 4651 ποθὴτοις
2459 4581 2784 4652 ἐντρυφῶσα
2829 4581 3056 4634 κάλλεσι
3108 4581 3176 4634 τὰ
3229 4581 3342 4642 τοῖς
3392 4578 3570 4639 ἀλλοις
3623 4576 3753 4647 μηδ’

466 4663 727 4718 rabilium
789 4666 1088 4734 primatum
1143 4676 1295 4722 tenet
1346 4673 1879 4733 desideratissimam
1932 4684 2059 4751 pul-

465 4755 836 4811 chritudinem
888 4755 946 4811 in
998 4756 1213 4815 deliciis
1264 4758 1493 4829 habens,
1546 4776 1669 4835 quae
1713 4782 1814 4823 nec
1864 4771 2053 4828 auditu

468 4849 700 4917 reliquis
740 4848 1047 4904 tolerabilia
1095 4860 1243 4918 sunt,
1290 4855 1518 4922 patienti
1555 4872 1621 4912 ac
1663 4873 1821 4929 aequo
1874 4864 2058 4921 animo

468 4939 799 5012 perferebat.
832 4942 1162 4998 Gaudebant
1190 4946 1391 5015 angeli,
1424 4961 1552 5003 cum
1580 4952 1883 5009 tolerantiae
1912 4957 2047 5024 vim,

468 5049 592 5104 qua
616 5035 781 5105 longe
809 5044 1054 5104 tempore
1082 5036 1152 5090 ab
1191 5037 1451 5094 humanis
1488 5044 1868 5112 exsulaverat,
1897 5057 2053 5117 post-

469 5127 685 5181 lim-into
710 5141 991 5181 reversam
1020 5126 1163 5182 felici
1193 5130 1360 5199 ionge
1389 5135 1703 5202 spectaculo
1724 5152 2009 5196 cernerent
2038 5159 2051 5196 :

470 5234 535 5274 ac
574 5220 679 5273 viri
730 5221 907 5275 sancti
964 5224 1240 5290 praestanti
1295 5223 1562 5279 adversus
1610 5232 1799 5286 hostes
1856 5233 2057 5289 virtute

468 5314 737 5380 laetantes,
809 5314 1049 5369 victoria
1117 5316 1453 5384 prisconium
1522 5320 1598 5373 illi
1660 5322 2048 5379 concinebant.

467 5407 779 5464 Hert-ebant
834 5409 1136 5473 daemones,
1191 5413 1337 5481 quod
1390 5422 1630 5480 sanctos,
1682 5432 1912 5486 quorum
1969 5421 2053 5473 vei

469 5502 694 5561 nomina
746 5505 937 5560 audire
990 5519 1098 5559 non
1139 5516 1419 5576 peterant,
1458 5519 1514 5563 et
1558 5510 1825 5582 imagines
1879 5528 2055 5582 Oppu-

2158 4676 2295 4747 ἀκοῇ
2339 4675 2561 4744 φορητά
2613 4676 2746 4745 ῥᾷον
2798 4674 3017 4748 ἔφερεν.
3057 4670 3323 4745 Ἔχαιρον
3378 4671 3600 4742 ἄγγελοι
3651 4671 3755 4741 τὴν

2163 4770 2399 4839 μακροῖς
2448 4767 2667 4839 χρόνοις
2717 4766 2825 4819 τῶν
2871 4767 3082 4837 βροτῶν
3120 4765 3574 4838 δραπετεύσασαν
3614 4779 3755 4833 καρ-

2159 4864 2353 4934 τερίαν
2401 4862 2702 4933 ὀφθαλμοῖς
2752 4858 2909 4925 αὖθις
2946 4861 3353 4923 ἐπανελθοῦσαν
3400 4858 3605 4912 ἐπιδεῖν
3655 4859 3753 4911 εὑ-

2159 4958 2499 5027 τυχήσαντες
2522 4972 2535 4986 ’
2570 4953 2666 5008 καὶ
2692 4956 2757 5026 τῇ
2791 4954 2982 5009 τούτου
3012 4952 3362 5025 συνηδόμενοι
3393 4951 3513 5005 κατ’
3535 4949 3754 5022 ἐχθρῶν

2159 5049 2448 5121 ἀριστεία,
2513 5047 2574 5101 τὸ
2641 5047 2912 5101 ἐπινίκιον
2967 5046 3392 5118 ἐπανηγύριζον.
3446 5045 3755 5115 Ἐφριττον

2161 5141 2437 5210 δαίμονες,
2481 5133 2556 5194 ὧν
2608 5142 2733 5210 μηδ’
2764 5140 2900 5213 ἀκοῇ
2946 5141 3135 5211 φέρειν
3189 5138 3469 5209 ἠνείχοντο
3510 5137 3579 5191 τά
3630 5138 3755 5189 ἑνός

2168 5256 2333 5309 ματα,
2364 5241 2462 5293 καὶ
2485 5232 2560 5293 ὧν
2596 5239 3045 5310 προσεπολέμουν
3076 5238 3191 5300 τοῖς
3224 5235 3593 5306 είκονίσμασι,
3619 5234 3755 5286 τού-

2165 5350 2291 5394 τους
2320 5330 2474 5395 αὖθις
2501 5332 2685 5393 αὐτοῖς
2707 5330 3172 5393 ἐπανατέλλοντας
3200 5330 3491 5401 πράγμασι
3520 5326 3753 5379 θεᾶσθαι

2163 5423 2758 5491 κακοδαιμονήσαντες,
2785 5422 2879 5473 καὶ
2908 5419 3178 5491 βασκανίᾳ
3198 5420 3595 5490 διαπριόμενοι,
3621 5417 3752 5478 τοὺς

2161 5512 2374 5569 ἑαυτῶν
2408 5513 2693 5586 ὑπηρέτας
2740 5514 2838 5583 τῆς
2886 5512 3171 5577 ἀσθενείας
3206 5512 3249 5545 ⁷⁸
3292 5511 3571 5576 ἐκάκιζον.
3612 5509 3754 5579 Χρι-

1785 5677 2021 5734 νΑΒΙτΕ
2080 5678 2483 5737 LECTIONES.

546 5809 595 5843 "
616 5808 762 5885 siml
791 5811 917 5885 ωηο
938 5812 1057 5885 τῆςο

481 5888 590 5945 τοῖς
616 5881 761 5935 Par."
816 5884 861 5917 "
893 5884 1167 5958 ἀσθεινίας
1187 5886 1313 5942 I’ar.

1134 5814 1519 5897 "jxxaitittbz.
1540 5819 1667 5878 Par.
1730 5826 1774 5857 ⁷⁸
1807 5825 2039 5897 κρείττω
2060 5824 2189 5881 Par.
2265 5828 2311 5859 ⁷⁷
2340 5826 2772 5896 πειθησομένους
2791 5823 2927 5880 Pan
2995 5818 3076 5851 ’⁷⁷⁵
3109 5818 3492 5887 ἐπείγετοΡειτ-
3546 5817 3592 5850 ⁷⁸
3622 5819 3728 5885 τῆς
