4010 6314
435 328 511 394 41
1729 332 2226 395 THEOPHANIS
2282 336 2482 398 VITA.
3664 335 3739 399 ἐξ

442 446 573 509 atii;
595 444 672 511 δὲ,
704 446 818 510 τοῖς
847 446 1030 518 πάντα
1050 448 1210 520 λόγον
1241 451 1435 521 νικῶσι
1461 450 1554 507 τὸν
1582 453 1781 527 οἰκεῖον
1811 454 2044 527 ἀριστέα

2170 458 2410 527 matiam,
2474 475 2697 527 rursum
2756 460 2890 531 ipsis
2960 459 3118 516 factis
3171 459 3430 519 ﬂorentes
3496 473 3744 533 spectare

437 537 930 610 καταλαμπρύνων
953 542 1282 615 χαρίσμασι,
1309 545 1390 616 τῷ
1409 546 2038 619 νικητικῴοκατηγλάῖζε

2170 559 2496 621 tegerentur,
2540 551 2852 622 misereque
2891 555 2997 606 acti
3033 551 3237 607 invidia
3300 554 3565 620 satellites
3610 571 3744 620 suos

441 631 659 700 στέφει.
2147 653 2214 694 ac
2275 640 2567 697 ministros
2628 641 3023 698 imbecillitatis
3084 644 3407 714 arguebant.
3473 645 3731 705 Christus

440 727 684 797 denique
730 731 1055 788 muneribus
1097 747 1319 792 omnem
1352 735 1462 792 vim
1533 737 1753 805 dicendi
1823 735 2216 809 superantibus
2273 737 2514 808 pugilem
2568 754 2730 803 suum
2780 739 3105 806 decoratum
3195 739 3441 797 victoriae
3532 759 3741 811 corona

440 819 727 884 donavit..

521 923 652 975 Δυσὶ
681 920 810 991 γοῦν
857 922 1002 979 ἔτεσι
1058 928 1126 998 τῇ
1163 927 1499 1002 ἀτλησοτάτῃ
1545 929 2036 1000 προσκαρτερήσας

2207 923 2357 979 Duos
2382 923 2549 995 igitur
2579 937 2753 987 annos
2789 921 3149 988 acerbissimo
3171 921 3467 982 defunctus
3501 938 3744 993 carcere,

439 1013 664 1085 εἱρκτῇ,
715 1018 783 1086 τῇ
817 1007 1149 1091 Σαμοθρᾴκῃ
1206 1021 1642 1096 παραπέμπεται
1676 1023 1856 1099 νήσῳ·
1885 1022 1916 1088 ,δ
1945 1022 2042 1083 καὶ

2170 1035 2196 1084 η
2239 1017 2654 1072 Samothracem
2695 1015 2933 1084 insulam
2989 1015 3316 1086 deportatur
3358 1034 3374 1091 ς
3427 1017 3575 1086 quod
3623 1020 3744 1087 ipse

439 1107 621 1178 νοερῷ
676 1109 911 1179 προϊδὼν
970 1109 1254 1184 όφθαλμῷ,
1288 1114 1365 1187 τῷ
1411 1115 1513 1186 τὴν
1569 1115 1876 1185 ὑπηρεσίαν
1908 1115 2045 1186 πλη-

2170 1109 2346 1173 nentis
2377 1107 2538 1167 oculo
2561 1105 2933 1177 prospiciens,
2961 1105 3036 1172 ei,
3071 1109 3163 1176 qui
3216 1106 3320 1160 sibi
3364 1108 3746 1166 ministrabat:

447 1197 632 1267 ροῦντι
659 1199 986 1282 προήηειλε
1009 1217 1023 1232 ·
1059 1202 1155 1270 καὶ
1203 1204 1382 1275 τρισὶν
1418 1205 1654 1277 ἡμέραις
1703 1206 1838 1278 πρὸς
1868 1207 2043 1260 εἴκοσι

2170 1201 2627 1257 παιηυηιίιινετειι.
2711 1199 2964 1270 Cumque
3020 1208 3130 1254 tres
3158 1215 3325 1271 supra
3382 1200 3575 1271 viginti
3635 1201 3750 1255 illic

439 1290 515 1359 τῇ
549 1289 697 1360 νήσῳ
723 1290 1037 1361 προσσιοὺς,
1068 1291 1145 1356 ὡς
1191 1294 1402 1366 εὐώδης
1422 1296 1593 1350 ’θυσία
1622 1295 1699 1367 τῷ
1730 1287 1897 1366 κοινῷ
1944 1300 2046 1348 Δε-

2170 1294 2272 1348 lies
2305 1292 2532 1364 egisset,
2581 1301 2844 1361 tanquam
2891 1291 3081 1345 suavis
3114 1291 3294 1347 hostia
3326 1292 3607 1346 communi
3639 1292 3752 1347 Do-

446 1368 626 1452 σῖτόπτη
659 1383 1056 1454 προσφέρεται,
1079 1385 1173 1438 καὶ
1215 1388 1338 1456 ταῖς
1357 1386 1568 1442 ἐκείνου
1599 1390 1788 1458 χερσὶν
1813 1387 1875 1441 τὸ
1903 1387 2050 1460 ἱερὸν

2170 1383 2303 1438 nino
2346 1384 2566 1437 oblatus
2607 1390 2738 1436 est:
2780 1382 3040 1451 illiusque
3113 1383 3368 1438 manibus
3411 1398 3630 1438 sacrum
3685 1398 3751 1446 ac

446 1472 546 1525 καί
584 1471 857 1539 πάναγνον
883 1474 1115 1542 ἐπαφεὶς
1139 1474 1379 1546 πνεῦμα,
1409 1476 1548 1548 πρὸς
1591 1481 1691 1547 τὴν
1742 1475 1910 1529 πάλαι
1953 1493 2051 1530 πο-

2170 1471 2569 1527 tanctissimum
2608 1470 2864 1539 spiritum
2899 1485 3060 1526 suum
3123 1472 3367 1534 tradens.
3421 1473 3488 1528 ad
3522 1474 3752 1528 haeredi-

449 1556 725 1633 θουμένην
781 1564 1190 1636 ἐπαναφέρεται
1252 1566 1609 1639 κληρουχίαν.
1652 1567 1793 1622 Ἀλλ’
1839 1567 2050 1622 οὐδὲτὸ

2170 1574 2323 1620 .atem
2384 1565 2512 1620 olim
2568 1564 2934 1620 desideratam
2990 1565 3293 1621 contendit.
3377 1564 3565 1636 Neque
3621 1582 3753 1630 vero

448 1656 752 1724 νικηφόρον
797 1654 991 1710 τούτου
1026 1644 1206 1729 σῶμα,
1252 1658 1350 1713 καὶ
1397 1662 1462 1730 τῇ
1491 1659 1639 1735 ψυχῇ
1664 1659 1962 1731 σύνδρομον
1989 1661 2050 1713 ἐν

2170 1655 2399 1710 victoriae
2457 1655 2767 1727 insignibus
2814 1657 3024 1713 clarum
3071 1658 3187 1725 eius
3217 1671 3452 1728 corpus,
3505 1673 3570 1713 ac
3603 1661 3755 1730 quod

449 1749 593 1817 πᾶσι
631 1746 838 1827 καλοῖς,
890 1747 1002 1802 τῶν
1031 1749 1175 1803 κατὰ
1205 1749 1440 1822 δύναμιν
1473 1752 1654 1831 γερῶν
1701 1752 2048 1808 ἀπελείπετο.

2170 1750 2346 1804 animo
2383 1749 2621 1819 gerenda
2653 1749 2802 1803 omni
2825 1749 3030 1812 virtute
3084 1748 3296 1804 socium
3327 1764 3622 1821 comesque
3655 1767 3754 1807 ex-

449 1841 635 1925 Χερσὶ
681 1841 780 1910 μὲν
830 1840 1100 1914 θεοφτλῶν
1155 1841 1341 1924 ξυλίνῃ
1404 1844 1760 1899 κατατίθεται
1795 1845 2050 1917 λάρνακι,

2170 1845 2396 1911 ιιίιοτιιι,
2423 1842 2638 1899 meritis
2676 1843 3002 1897 muneribus
3033 1842 3232 1908 caruit,
3257 1852 3462 1914 quanta
3487 1843 3541 1899 in
3566 1844 3752 1915 ipsum

452 1933 553 1985 καὶ
582 1933 704 1994 ταῖς
735 1931 1168 2016 προσηκούσαις,
1201 1934 1276 1999 ὡς
1303 1937 1334 1988 ό
1383 1936 1576 2007 καιρὸς
1612 1936 1807 2005 ἐδίδου,
1857 1953 2053 2008 γεραι-

454 2023 688 2110 ρόμενον
714 2024 1036 2095 ὑμνῳδίαις,
1081 2026 1343 2094 ἐξαισίοις
1387 2028 1447 2095 δὲ
1489 2029 1679 2110 χάρισι
1721 2031 1877 2101 παρὰ
1915 2029 2054 2085 Θεοῦ

451 2115 837 2188 κληῖξόμενον.
864 2117 1072 2188 Λοιμοῦ
1097 2118 1230 2186 γοῦν
1253 2120 1605 2190 ἐπικειμένου
1636 2122 1747 2198 τοῖς
1779 2121 1922 2194 κατὰ
1951 2121 2053 2196 τὴν

451 2208 620 2280 νῆσον
661 2210 907 2280 κτήνεσι,
941 2211 1037 2264 καὶ
1076 2211 1357 2281 αἰφνιδίως
1385 2211 1465 2284 τῷ
1513 2212 1730 2285 θανάτῳ
1759 2215 2056 2286 παραπέμ-

451 2319 674 2369 ποντος,
704 2303 850 2376 ἄκρᾳ
888 2305 954 2375 τῇ
986 2300 1243 2373 ’λάρνακι
1272 2291 1442 2377 ’ὕδωρ
1489 2295 1938 2379 ἀπομυρίσαντες
1970 2309 2054 2379 (οὐ

452 2393 566 2466 γᾲρ
603 2394 954 2474 προσψαῦσαι
983 2395 1078 2460 τοῦ
1104 2395 1249 2463 θείου
1285 2380 1704 2470 κατετόλμησαν
1755 2398 2054 2476 σώματος),

451 2489 684 2553 καὶτοῖς
710 2488 962 2557 νοσοῦσιν
990 2489 1415 2567 ἐπιρράναντες,
1436 2489 1698 2563 ἐλεύθερα
1727 2494 1826 2562 τῆς
1847 2493 2058 2546 ἐπικει-

458 2583 630 2655 μένης
657 2583 841 2647 αὐτοῖς
871 2567 1225 2649 ἐναπέδειξαν
1251 2584 1470 2657 λοίμης,
1623 2573 1628 2579 '

532 2675 608 2728 Οὐ
635 2673 771 2727 πολὺ
803 2674 949 2745 τὸέν
970 2674 1146 2746 μέσῳ,
1183 2677 1276 2730 καὶ
1319 2677 1477 2748 δίκην
1503 2676 1722 2731 δίδωσιν
1758 2677 1888 2748 μίαν
1935 2678 2058 2735 ἀντὶ

457 2769 674 2824 πολλῶν
697 2768 809 2823 τῶν
838 2768 1194 2842 ἀδικημάτων
1247 2771 1277 2824 ό
1303 2771 1402 2836 τῆς
1451 2770 1691 2842 Χριστοῦ
1731 2771 2060 2842 Ἐκκλησίας

455 2863 652 2934 ἄγριος
679 2861 884 2937 μονιδς,
913 2851 984 2914 ἐν’
1005 2861 1174 2933 ἱεροῖς
1229 2860 1439 2928 τόποις,
1497 2863 1580 2926 είς
1611 2860 1705 2928 οὓς
1734 2864 1924 2927 κακῶς
1965 2863 2056 2916 ἐν·

460 2953 684 3024 ύδρισεν
703 2953 770 3018 ⁸⁸,
791 2953 1119 3023 ἀσχημόνως
1141 2953 1524 3026 καταστρέψας
1558 2954 1649 3008 τὸν
1676 2953 1788 3024 βίον
1807 2970 1821 2984 ·
1854 2954 2062 3024 καὶτῆς

458 3046 697 3129 παχείας
722 3043 954 3129 ὁμίχλης
988 3045 1095 3098 ἀπὸ
1117 3046 1328 3130 ’μέρους
1358 3044 1819 3119 ἐκκαθαρθείσης,
1851 3046 2063 3130 ἀχλυώ-

2156 1937 2414 1992 conferre
2438 1935 2613 1990 licuit.
2675 1933 2812 1989 Nam
2847 1934 3066 2005 piorum
3107 1935 3352 1990 virorum
3394 1936 3652 1992 manibus
3694 1938 3753 2000 in

2154 2030 2335 2101 lignea
2358 2043 2486 2084 arca
2504 2028 2894 2098 compositum,
2916 2035 2971 2087 et
2987 2029 3442 2084 convenientibus
3467 2030 3752 2094 cantibus,

2155 2132 2219 2194 ut
2243 2132 2457 2192 tempus
2484 2120 2942 2196 ferebatelatum,
2975 2122 3311 2177 admirandis
3353 2123 3544 2192 gratiis
3577 2139 3608 2177 a
3642 2123 3754 2178 Deo

2157 2213 2260 2281 fuit
2294 2213 2649 2281 illustratum.
2707 2211 2846 2266 Cum
2885 2211 3032 2266 enim
3062 2211 3181 2266 lues
3214 2208 3282 2265 in
3325 2213 3520 2268 insulae
3556 2228 3752 2282 pecora

2157 2306 2485 2370 desaeviret,
2544 2305 2682 2358 adeo
2717 2313 2777 2358 ut
2817 2310 3036 2368 mortua
3091 2313 3316 2374 repente
3378 2305 3753 2373 conciderent,

2158 2414 2301 2471 aqua
2329 2397 2594 2453 extremis
2618 2397 2768 2453 illius
2787 2412 2931 2454 arcae
2957 2396 3070 2452 oris
3095 2397 3336 2453 delibuta
3379 2395 3581 2470 (neque
3605 2399 3752 2462 enim

2160 2505 2364 2562 corpus
2405 2490 2526 2546 ausi
2567 2497 2728 2545 erant
2763 2487 3107 2566 contingere)
3138 2503 3342 2558 pecora
3393 2500 3547 2560 peste
3593 2490 3754 2552 labos

2159 2583 2342 2639 rantia
2365 2581 2828 2652 conspergebant,
2854 2586 2905 2634 el
2941 2579 3186 2646 pericqu
3221 2579 3549 2635 liberabant.

2231 2674 2385 2731 I-Iaud
2434 2673 2608 2742 multo
2635 2684 2762 2744 post
2811 2673 3043 2728 immitis
3098 2672 3190 2746 ille
3240 2671 3500 2729 Ecclesiae
3550 2673 3756 2730 Christi

2162 2785 2314 2844 aper,
2376 2770 2679 2825 multorum
2732 2776 2947 2823 reatum
3007 2767 3274 2824 scelerum
3315 2783 3427 2822 uno
3487 2769 3757 2837 supplicio

2161 2863 2300 2932 luit;
2337 2863 2504 2934 inque
2541 2861 2718 2926 sacris
2754 2861 2912 2926 locis,
2949 2859 3004 2916 in
3029 2876 3151 2929 quae
3173 2861 3425 2931 nequiter
3452 2862 3759 2920 debaccha-

2163 2966 2255 3013 tus
2286 2955 2485 3020 fuerat,
2515 2955 2749 3025 turpiter
2779 2954 2947 3008 vitam
2981 2953 3188 3008 amisit.
3241 2953 3444 3020 Quare,
3473 2956 3640 3008 densa
3665 2971 3759 3010 ca-

2163 3049 2330 3123 ligine
2376 3049 2654 3120 paulisper
2686 3045 2936 3130 disiecta,
2981 3046 3252 3116 obscurus
3307 3045 3534 3114 quidam
3597 3047 3760 3102 liber-

458 3123 560 3211 δης
597 3155 681 3203 τις
743 3123 1059 3208 ἐλευθερίας
1092 3123 1442 3193 ἐπανέτειλεν
1485 3137 1658 3216 ἣλιος,
1700 3127 2060 3216 λεπτοτάτοις

2170 3143 2294 3198 tatis
2323 3141 2431 3208 sol,
2481 3123 2822 3198 tenuissimis
2873 3138 3116 3194 nubibus
3170 3138 3469 3194 sublucens
3511 3142 3757 3205 emersit,

461 3204 1166 3314 ὑπολαμπόμενοςνέφεσι.
1205 3232 1341 3287 Τότε
1374 3231 1460 3303 δὴ,
1508 3204 1634 3284 τότε
1685 3214 2058 3304 θαρρήσαντες

2170 3232 2321 3290 Tunc
2353 3204 2522 3305 igitur
2556 3232 2732 3287 sancti
2765 3231 2869 3285 viri
2913 3229 3172 3301 discipuli
3219 3240 3500 3294 assumpta
3561 3204 3756 3286 ﬁducia

459 3327 514 3380 οί
555 3325 652 3380 τοῦ
687 3326 999 3412 θαυμασίου
1022 3313 1297 3402 νφοιτηταὶ,
1358 3325 1544 3396 λέμϐῳ
1687 3313 1837 3398 νήσῳ
1885 3341 2060 3396 προσ-

461 3408 805 3492 ορμίζονται,
865 3417 958 3469 καὶ
980 3415 1042 3470 τὺ
1071 3416 1315 3486 ἀοίδιμον
1339 3417 1515 3486 ἐκεῖνο
1543 3408 1638 3477 καὶ
1664 3415 2061 3487 λαμπροτάτας

463 3508 793 3572 ἀποστίλϐον
820 3508 920 3572 τὰς
941 3507 1173 3579 χάριτας
1206 3506 1366 3578 σῶμα
1397 3507 1497 3562 σὺν
1537 3511 1604 3581 τῇ
1629 3509 1864 3580 λάρνακι
1893 3527 2062 3580 κομι-

467 3606 694 3675 σάμενοι
735 3603 1107 3675 ἐπανάγουσιν
1137 3605 1217 3664 είς
1261 3587 1427 3655 τόπον
1481 3592 1628 3668 τινὰ,
1665 3604 1916 3674 σημείοις
1951 3606 2061 3657 ἀπ-

461 3699 662 3772 έχοντα
696 3697 798 3768 τῆς
823 3696 993 3768 μονῆς
1016 3694 1110 3751 δύο
1131 3695 1228 3749 καὶ
1261 3693 1415 3750 δέκα.
1447 3695 1656 3766 Ὀνομα
1683 3695 1762 3768 τῷ
1783 3699 1934 3768 τόπῳ
1954 3697 2061 3768 φα-

467 3779 553 3848 σίν
593 3773 810 3863 Ἱέρεια.
835 3830 849 3843 .
873 3829 888 3844 .
908 3828 924 3843 .

549 3885 735 3939 mm
761 3881 1002 3964 δοξάζων
1026 3882 1154 3946 τοὺς
1183 3879 1349 3934 αὑτὸν
1372 3879 1699 3964 δοξάζοντας
1719 3881 1945 3964 Κύριος,
1965 3883 2065 3959 τῆς

466 3981 770 4053 μελλούσης
815 3975 979 4048 δόξης
1029 3975 1220 4029 τούτου
1267 3975 1524 4046 φανερῶν
1560 3975 1662 4052 τὴν
1703 3977 2062 4050 κατάστασιν,

462 4077 590 4139 τοὺς
623 4073 729 4128 ἀνὰ
747 4074 928 4127 πᾶσαν
969 4069 1194 4140 ἐκείνην
1227 4067 1518 4133 οἰκοῦντας
1545 4070 1647 4142 τὴν
1678 4069 1781 4141 γῆν
1809 4070 1918 4125 τῶν
1945 4069 2067 4125 τούς

463 4164 560 4220 τού
588 4165 828 4238 χαρίτων
856 4163 1159 4236 μετασχεῖν
1204 4162 1545 4235 ἐνεποίησεν.
1594 4163 1834 4233 ’Ἡγοντο
1855 4162 1986 4232 γοῦν
2015 4164 2066 4216 οι

465 4257 644 4321 νόσοις
684 4255 1008 4327 ἀνηκέστοις
1068 4253 1466 4326 πεπεδημένοι,
1516 4254 1739 4327 κύματα
1795 4255 2066 4328 θαλάττης

465 4350 933 4420 ἀπομιμούμενοι,
961 4347 1072 4403 τῶν
1110 4331 1307 4419 τούτου
1339 4347 1521 4418 καλῶν
1575 4349 1906 4421 εὐμοιρῆσαι
1954 4351 2068 4405 δια-

469 4440 867 4511 σπουδάζοντες
887 4456 905 4474 ο
946 4441 1043 4510 καὶ
1071 4440 1444 4512 δαιμονῶντες
1474 4442 1574 4511 μὲν
1603 4440 1696 4516 βίᾳ
1746 4443 1824 4514 τῷ
1876 4445 2066 4515 κράτει

2163 3329 2217 3383 in
2281 3327 2520 3384 insulam
2554 3326 2778 3397 navigio
2826 3324 3082 3388 advecti,
3130 3324 3455 3394 praeclarum
3516 3325 3647 3379 illud
3705 3335 3762 3379 et

2162 3418 2624 3492 splendidissimis
2663 3417 2856 3488 gratiis
2899 3415 3173 3486 eﬂulgcns
3211 3430 3415 3484 corpus
3448 3430 3572 3466 cum
3630 3431 3759 3472 arca

2164 3512 2467 3574 sublatum,
2497 3511 2552 3565 in
2577 3512 2761 3564 locum
2789 3508 3084 3577 quemdam
3115 3503 3296 3559 IIiet-ia
3328 3506 3532 3560 dictum
3559 3521 3758 3576 aspor-

2164 3615 2303 3672 tnnt,
2333 3604 2624 3665 duodecim
2683 3601 2986 3658 stadiorum
3029 3600 3321 3656 intervallo
3357 3615 3385 3652 a
3429 3601 3762 3655 monasterio

2166 3700 2442 3764 dissitum,
2507 3698 2676 3768 inque
2715 3696 2918 3766 templo
2971 3695 3148 3751 sancti
3210 3692 3468 3762 martyris
3508 3692 3762 3762 Procopii

2165 3789 2468 3862 deponunt.

2236 3870 2339 3938 Hic
2373 3883 2485 3948 ille,
2521 3881 2617 3953 qui
2641 3895 2758 3947 eos,
2796 3895 2828 3936 a
2857 3879 3058 3951 quibus
3094 3880 3418 3940 honoratur.
3449 3880 3760 3936 honoribus

2166 3971 2351 4047 allicit,
2385 3978 2447 4026 ut
2473 3971 2675 4026 futurae
2711 3969 2899 4041 gloriae
2939 3971 3114 4034 sancti
3153 3973 3239 4022 sui
3267 3980 3473 4023 statum
3515 3969 3762 4023 declara-

2168 4075 2270 4130 ret,
2304 4063 2517 4120 incolas
2548 4078 2744 4118 omnes
2776 4061 2927 4117 illius
2981 4061 3219 4132 regionis
3268 4077 3558 4117 munerum
3590 4063 3764 4130 ipsius

2168 4154 2300 4212 fecit
2327 4169 2452 4212 esse
2475 4155 2794 4225 participes.
2853 4151 3219 4207 Conﬂuebant
3261 4154 3431 4216 enim,
3484 4153 3761 4210 undarum

2169 4251 2366 4315 instar,
2399 4249 2492 4319 qui
2519 4247 2729 4302 morbis
2755 4248 3122 4318 gravissimis,
3172 4261 3275 4301 nec
3319 4246 3484 4299 ullam
3521 4246 3765 4301 curatio—

2169 4359 2295 4400 nem
2335 4341 2759 4400 admittentibus
2800 4340 3140 4404 laborantes,
3177 4338 3325 4393 illius
3357 4337 3630 4408 impertiri
3665 4339 3765 4400 bo-

2171 4438 2256 4492 nis
2281 4435 2638 4505 satagebant;
2673 4449 2738 4490 ac
2766 4435 2984 4504 quidem
3012 4448 3042 4486 a
3070 4431 3408 4487 daemonibus
3437 4431 3643 4496 vexati,
3678 4431 3764 4485 in-

466 4536 568 4606 τῆς
601 4535 848 4604 ἐξουσίας
876 4534 1162 4606 ἑλκόμενοι
1195 4534 1543 4608 (ὀλολυγμοίς
1571 4534 1680 4602 γὰρ
1709 4535 1806 4586 καὶ
1859 4539 2062 4604 φωναῖς

2175 4526 2318 4589 vitis,
2350 4540 2414 4579 ac
2442 4522 2690 4578 dolorem
2745 4537 2906 4577 suum
2957 4521 3199 4574 clamore
3247 4519 3417 4574 nimio
3447 4520 3764 4589 gemituque

467 4615 729 4690 ἐξαισίοις
758 4623 920 4678 τοῦτο
965 4625 1364 4696 διεσήμαινον),
1399 4629 1467 4697 τῇ
1516 4621 1656 4688 θίξει
1683 4625 1731 4656 ⁸¹
1787 4625 1925 4696 μόνῃ
1969 4627 2062 4697 τῆς

2174 4616 2529 4678 testantibus,
2579 4629 2702 4670 cum
2752 4613 2999 4667 adhibita
3044 4616 3096 4666 vi
3131 4613 3239 4666 huc
3284 4611 3761 4692 perlraherenlur,

472 4718 670 4788 θήκης,
702 4717 736 4788 ἢ
766 4719 861 4770 καὶ⁵
883 4717 928 4750 ⁸⁸
951 4717 1376 4789 ἐπιμυρίσματι,
1407 4719 1517 4772 τῶν
1549 4716 1919 4790 ἐνοχλούντων
1940 4722 2062 4774 ἀπο-

2172 4709 2292 4767 solo
2321 4722 2460 4764 arcae
2486 4714 2767 4778 contactu,
2812 4705 2929 4760 sive
2963 4706 3128 4760 etiam
3189 4719 3331 4774 aqua
3367 4719 3510 4760 arca:
3551 4713 3762 4760 attactu

469 4810 722 4880 λυόμενοι
766 4808 844 4880 τῷ
873 4811 1139 4864 σεσωκότι
1170 4810 1238 4863 δι’
1266 4810 1432 4865 αὑτοῦ
1470 4811 1592 4882 ,Θεῷ
1617 4811 1721 4880 τὴν
1755 4811 2068 4880 προσήκου-

471 4919 574 4973 σαν
603 4903 968 4973 ἀναφέροντες
999 4903 1352 4981 εὐχαριστίαν
1391 4904 1724 4976 ἐπανῄεσαν.
1767 4903 1828 4954 Oi
1856 4901 1913 4954 δὲ
1934 4919 2069 4973 κρυ-

469 4995 610 5066 φίως
637 4995 737 5065 τῆς
775 4982 1003 5050 ἐκείνων
1037 4995 1234 5069 λοίμης
1266 4996 1680 5066 μετειληφότες,
1721 4996 1837 5056 τοῖς
1883 4994 2065 5058 αὐτοῖς

468 5090 841 5156 κατανάγκοις
867 5089 946 5151 είς
972 5087 1284 5164 τούμφανὲς
1308 5088 1614 5158 ἀγομένων,
1648 5089 1760 5141 τῶν
1798 5087 2068 5141 ἐνοικούν-

467 5201 578 5239 των
596 5184 829 5254 ἐπιταγῇ
866 5181 958 5235 τοῦ
982 5181 1219 5252 ἀθλητοῦ
1251 5181 1714 5253 δραπετευόντων,
1743 5179 2066 5249 ἐλευθερού-

471 5291 626 5346 μενοι
665 5273 1044 5343 διεδείκνυντο.
1105 5272 1413 5345 Παράλυτοι
1461 5275 1582 5343 ταῖς
1633 5273 1844 5342 κλίναις
1912 5271 2071 5344 μόλις

466 5369 882 5439 ἐπιφερόμενοι,
935 5366 1013 5437 τῷ
1050 5365 1242 5419 τούτου
1275 5365 1450 5424 σθένει
1486 5365 1554 5418 τὰ
1587 5365 1728 5435 μέλη
1761 5366 2070 5436 σφιγγόμε-

466 5479 576 5524 νοι,
604 5463 715 5525 τοῖς
769 5459 942 5530 ὤμοις
973 5460 1177 5520 ταύτας
1207 5458 1570 5528 ἀναφέροντες
1618 5460 1717 5510 σὺν
1760 5459 2068 5529 εὐφημίαις

466 5554 742 5626 ἀπῄεσαν.
774 5552 1000 5621 Τυφλοὶ,
1056 5554 1121 5620 τῇ
1167 5549 1422 5621 παντελεῖ
1467 5548 1562 5602 τοῦ
1597 5547 1847 5619 σώματος
1877 5551 2060 5618 ἀπρα-

2169 4803 2410 4859 delibuta
2465 4801 2534 4867 ab
2587 4797 2879 4868 spirituum
2937 4811 3174 4864 nequam
3231 4799 3523 4852 vexatione
3565 4798 3760 4861 soluti,

2171 4897 2304 4958 Deo,
2336 4896 2427 4965 qui
2459 4909 2554 4976 per
2585 4875 2736 4947 illum
2775 4907 2939 4947 sanos
2985 4891 3278 4952 cﬂ‘ecissct.
3314 4908 3450 4962 quas
3500 4908 3596 4962 par
3643 4901 3763 4947 erat

2171 4989 2374 5061 gratias
2406 4995 2650 5056 agentes,
2681 4985 2903 5039 domum
2955 4979 3388 5038 revertebantur.
3437 4981 3538 5048 Qui
3576 4993 3758 5036 autem

2174 5081 2312 5134 clam
2339 5094 2400 5133 ca
2423 5085 2574 5148 peste
2597 5077 2937 5138 laborabant,
2971 5076 3158 5130 eadem
3192 5091 3248 5128 se
3278 5076 3601 5130 necessitate
3630 5089 3758 5143 pro-

2176 5171 2433 5225 dentibus
2460 5169 2824 5229 dannonibus,
2857 5167 3187 5233 athletasque
3223 5166 3382 5233 jussu
3421 5165 3754 5233 dillugicnti-

2179 5264 2303 5327 bus,
2337 5264 2404 5317 ab
2436 5263 2504 5317 iis
2533 5261 2692 5316 liberi
2729 5260 3116 5315 reddebantur.
3180 5257 3497 5329 I’aralytici,
3533 5261 3627 5330 qui
3667 5259 3754 5313 vix

2180 5359 2234 5411 in
2264 5357 2475 5411 lectulis
2507 5357 2620 5410 suis
2642 5355 2844 5426 gestari
2879 5363 3149 5423 poterant,
3198 5354 3373 5409 sancti
3409 5355 3606 5408 virtute
3633 5370 3755 5408 cor-

2178 5448 2452 5503 robor-atis
2495 5447 2778 5510 membris,
2822 5445 3053 5500 lectulos
3091 5445 3338 5501 humeris
3388 5455 3754 5517 reportantes,

2177 5541 2244 5596 ad
2263 5557 2364 5596 sua
2399 5541 2667 5598 redibant.
2716 5540 2881 5602 Caeci,
2935 5539 3030 5610 qui
3072 5539 3223 5594 omni
3263 5539 3513 5610 corporis
3543 5540 3756 5595 actione

1783 5701 2020 5756 YARUE
2062 5695 2473 5756 IECTIONES.

552 5829 601 5862 ⁸⁸
625 5826 903 5897 ἐνύϐρισιν
933 5820 1061 5890 Par.
1158 5819 1202 5857 ⁸³
1237 5816 1387 5885 θήξει
1414 5816 1538 5871 Par.
1633 5817 1678 5849 ⁸²
1712 5818 1758 5868 εὶ
1788 5817 1880 5869 καί
1905 5815 2029 5870 Par.

804 5918 1073 5988 Ρλτῐιοι..
1119 5915 1233 5975 Gn.
1282 5913 1490 5975 CVIII.
