4010 6314
419 372 487 437 47
1587 368 1896 434 THEOPH
1905 370 2081 432 ANIS
2130 369 2523 434 OFFICIUM.

3615 373 3694 438 48

423 490 690 555 imbutus,
728 484 916 542 mundi
956 483 1138 542 dulcia
1160 484 1538 552 nihilil'ecisti,
1567 501 1833 559 perquam
1866 489 1988 545 bea-

2113 488 2570 561 χάριτιᾞιοτικὴν
2598 489 2946 563 τερπνότητα
2976 489 3131 547 οὐδὲν
3177 490 3389 564 ⁴ἡγήσω,
3447 507 3693 564 παμμα-

424 581 660 640 tissime.
1375 633 1379 638 .

491 672 671 730 Ferali
700 671 864 728 modo
913 671 1132 726 irruens
1167 669 1277 728 Leo
1325 678 1594 743 tyrannus
1643 670 1847 727 electos
1880 688 2003 743 per-

423 777 646 823 secutus
689 772 792 830 est,
852 777 960 818 non
1002 761 1181 817 ferens
1242 762 1429 817 videre
1464 761 1666 817 Christi
1709 764 2000 835 imaginem

424 857 832 915 venerationem
893 853 1140 909 habere:
1195 868 1319 908 cum
1375 854 1573 923 quibus
1604 863 1654 910 te
1681 870 1917 926 quoque,
1968 870 2002 911 0

424 951 805 1023 Theophanes,
841 946 1123 1004 damnavit
1153 945 1369 1002 exsilio.

615 1065 735 1123 Ode
797 1065 852 1132 5,
894 1073 1117 1121 tractus.
1173 1063 1295 1118 Non
1325 1065 1380 1118 in
1413 1064 1698 1134 sapientia.

477 1161 668 1216 Divina
689 1161 884 1232 plenus
916 1161 1057 1225 luce,
1073 1159 1456 1231 Theophanes,
1481 1159 1997 1231 apparuisti,chari-

410 1257 537 1314 tatis
562 1256 616 1312 vi
649 1254 959 1311 desiderato
987 1254 1290 1320 coherens,
1327 1267 1361 1308 ο
1393 1253 1550 1309 beate
1588 1270 1603 1307 :
1633 1267 1752 1309 eam
1777 1254 1848 1309 ob
1880 1269 1994 1311 rem

408 1351 703 1421 gloriosam
729 1359 879 1405 tuam
915 1348 1238 1404 memoriam
1261 1361 1612 1402 veneramur.

479 1439 647 1511 Impia
688 1438 888 1494 Leonis
924 1438 1182 1506 dogmata
1223 1435 1321 1491 tibi
1363 1435 1700 1493 interdicens
1764 1435 1853 1506 pie
1896 1437 1992 1491 ad-

407 1532 632 1589 modum
665 1529 998 1587 conﬁrmasti
1043 1526 1302 1584 Ecclesiae
1323 1527 1505 1598 leges:
1547 1527 1904 1600 quamobrem
1943 1538 1993 1584 te

407 1624 663 1680 Christus
687 1623 895 1679 clarum
933 1620 1217 1677 miraculis
1240 1619 1443 1676 etl‘eeit.

408 1735 413 1738 ‘
482 1719 810 1785 Roboratus,
859 1716 943 1772 vir
972 1725 1182 1781 sancte,
1215 1716 1434 1772 animus
1483 1715 1622 1786 spei,
1675 1726 1839 1788 atque
1866 1716 1990 1771 ﬁdei

404 1812 686 1879 ﬁrmitate,
755 1809 936 1868 carnis
981 1808 1414 1867 imbecillitatem
1473 1809 1742 1875 roborat;
1800 1811 1989 1882 utique

403 1919 733 1963 conservum
767 1918 967 1974 corpus
1000 1903 1110 1957 Deo
1135 1899 1465 1957 concilians.

764 2015 976 2081 Sessio,
1004 2022 1170 2068 tonus
1191 2013 1244 2068 3.
1280 2011 1475 2068 Divina
1507 2011 1631 2082 ﬁde.

483 2111 673 2167 Divina
702 2109 962 2180 praeditus
991 2107 1360 2170 aemulatione,
1398 2107 1625 2178 impium
1659 2105 1860 2176 dogma
1889 2104 1986 2161 de-

408 2212 640 2260 testatus
671 2217 754 2268 es,
804 2198 1101 2268 multisque
1152 2212 1217 2252 ac
1247 2197 1416 2253 variis
1471 2197 1729 2266 periculis
1775 2212 1834 2253 es
1891 2197 2015 2251 de--

406 2297 654 2360 functus,
684 2294 887 2365 injuste
915 2292 1236 2363 deportatus
1267 2291 1487 2353 exsilio,
1516 2292 1734 2360 pieque,
1785 2304 1819 2344 o
1856 2289 1987 2344 bea-

404 2391 640 2456 tissime,
673 2394 1110 2443 consummatus.
1162 2384 1326 2439 Pater
1355 2381 1736 2452 Theophanes,
1765 2381 1987 2437 Christo

405 2481 518 2539 Deo
547 2481 811 2553 supplicat,
836 2489 899 2534 ut
921 2492 1115 2549 magna
1147 2492 1248 2533 nos
1273 2474 1648 2530 misericordia
1677 2476 1861 2531 donet.

540 2597 654 2654 Ode
683 2596 737 2652 4.
775 2593 1066 2650 Sublimem
1091 2593 1292 2648 elatum
1340 2592 1515 2646 videns
1545 2599 1593 2645 te
1619 2590 1876 2646 Ecclesia.

474 2690 751 2748 Coslorum
789 2688 884 2744 tibi
935 2700 1189 2758 regnum,
1223 2685 1306 2740 vir
1339 2694 1551 2750 sancte,
1599 2693 1851 2755 paratum
1904 2693 1989 2741 est

407 2793 668 2855 tanquam
714 2782 931 2838 athleta:
962 2797 975 2834 :
1009 2789 1227 2834 terreno
1263 2779 1413 2833 enim
1448 2779 1805 2835 tabernaculo
1856 2796 1988 2850 gau-

405 2877 542 2930 dens
570 2873 866 2929 transl-atus
884 2886 944 2928 es
983 2871 1229 2926 clamans
1259 2867 1492 2924 Domino
1522 2886 1536 2924 :
1582 2868 1768 2926 Gloria
1794 2881 1989 2943 poten-

407 2969 498 3023 tiae
531 2974 658 3030 tuae,
694 2963 947 3019 Domine.

470 3057 859 3127 Triumphator
879 3055 1242 3125 Theophanes
1263 3053 1488 3110 effectus
1508 3069 1587 3110 es.
1608 3053 1988 3110 Venerandam

405 3153 610 3224 quippe
647 3149 855 3206 Christi
901 3147 1130 3218 efﬁgiem
1184 3163 1292 3203 non
1343 3148 1583 3204 ahnuisti
1622 3147 1822 3215 coiere,
1874 3147 1988 3202 Deo

2107 598 2356 638 χαριστε.

2221 600 2356 638 ιστε.

2183 600 2474 745 ξΟρμήσας
2503 674 2783 746 θηριωδῶς
2814 677 2999 747 ἐδίωξε
3028 676 3178 734 Λέων
3204 677 3233 729 ό
3269 675 3531 748 τύραννος
3559 676 3691 740 τούς

2104 768 2416 836 ἐκλεκτοὺς,
2462 770 2538 840 μὴ
2594 771 2776 840 φέρων
2809 773 2942 843 όρᾷν
2973 771 3293 841 τιμωμένην
3341 770 3525 824 εἰκόνα
3553 770 3691 840 Χρι-

2104 861 2252 915 στοῦ.
2274 861 2409 918 Μεθ’
2441 859 2521 920 ὧν
2550 863 2642 917 καὶ
2675 863 2757 930 σέ,
2787 863 3081 934 Θεόφανες,
3106 863 3370 938 ὑπερορίᾳ
3398 860 3689 916 κατεδίκα-

2104 970 2214 1008 σεν.

2368 1069 2478 1140 ᾭδ.
2512 1075 2584 1138 γ’.
2623 1070 2682 1125 Ὀ
2714 1070 2930 1142 εἰρμός.
2967 1072 3092 1125 Οὐκ
3127 1070 3196 1123 ἐν
3232 1070 3439 1139 σοφίᾳ.

2167 1159 2349 1224 Φωτὸς
2395 1160 2489 1214 τοῦ
2521 1162 2668 1216 θείου
2697 1163 3083 1234 πεπλησμένος
3109 1161 3352 1233 ὡράθης,
3390 1160 3683 1229 Θεόφανες,

2095 1251 2163 1304 δι’
2186 1253 2408 1322 ἀγάπης
2445 1255 2774 1325 συγκραθεὶς
2795 1254 2872 1326 τῷ
2903 1255 3249 1327 ποθουμένῳ,
3287 1254 3558 1326 μακάριε·
3600 1253 3682 1307 διὸ

2097 1344 2191 1397 σοῦ
2217 1346 2317 1416 τὴν
2349 1346 2552 1412 ἔνδοξον
2577 1348 2798 1420 μνήμην
2821 1347 3174 1419 γεραίρομεν.

2180 1435 2594 1508 Ἀπαγορεύσας
2635 1438 2705 1491 τά
2731 1438 2966 1511 δυσσεϐῆ
3018 1437 3113 1491 τοῦ
3153 1438 3386 1502 Λέοντος
3415 1437 3683 1507 δόγματα,

2093 1527 2220 1590 τούς
2248 1527 2484 1598 θεσμοὺς
2519 1531 2867 1595 πανευσεϐὦς
2920 1534 3020 1602 τῆς
3083 1529 3412 1602 Ἐκκλησίας
3449 1531 3682 1602 ἐκράτυο

2093 1635 2190 1682 νας
2210 1635 2224 1649 ο
2260 1619 2342 1673 διὸ
2373 1619 2433 1673 σὲ
2464 1619 2706 1693 θαύμασι
2734 1623 2969 1694 Χριστὸς
2991 1623 3233 1690 ἐδόξασε.

2165 1711 2571 1784 Νενευρωμὲνη
2593 1715 2694 1785 τῆς
2749 1715 2966 1780 ἐλπίδος
3007 1716 3102 1769 καὶ
3131 1716 3395 1782 πίστεως,
3427 1717 3562 1781 δσιε,
3589 1715 3682 1786 τῆς

2095 1804 2296 1876 σαρκὸς
2341 1807 2402 1860 τὸ
2427 1808 2650 1872 ἀσθενὲς
2680 1809 2827 1880 ψυχὴ
2879 1811 3204 1883 στερρότητι
3261 1812 3519 1880 ῥώννυσι,
3567 1807 3687 1881 Θεῷ

2018 1887 2061 1943 Β
2089 1894 2424 1952 οἰκειώσασα
2449 1899 2607 1971 σῶμα
2626 1901 2940 1974 ὁμόδουλον.

2358 2014 2638 2086 Κάθισμα.
2681 2010 2777 2088 ἦχ.
2809 2016 2879 2086 γ’.
2915 2017 3092 2085 θείας
3133 2018 3416 2085 πίστεως.

2159 2107 2329 2178 Ζῆλον
2359 2107 2543 2161 ἔνθεον
2589 2110 3102 2181 προσκεκτημένος,
3154 2109 3356 2180 δόγμα
3390 2109 3558 2162 ἄθεον
3584 2107 3689 2160 άπ-

2089 2198 2378 2266 ε6δελύξω,
2403 2199 2499 2252 καὶ
2523 2200 2789 2265 κινδύνοις
2818 2203 3180 2273 πολυτρόποις
3197 2201 3501 2274 ὡμίλησας,
3521 2202 3685 2268 ὐπερ-

2089 2291 2270 2362 ορίαις
2300 2292 2501 2356 ἀδίκως
2552 2293 2904 2363 στελλόμενος
2934 2296 3025 2348 καί
3048 2295 3311 2361 εὐσεὸὦς,
3333 2295 3674 2366 παμμάκαρ,

2087 2383 2486 2453 τελειούμενος.
2544 2385 2728 2456 Πάτερ
2791 2386 3087 2456 Θεόφανες,
3146 2388 3382 2457 Χριστὸν
3425 2388 3517 2441 τὸν
3549 2387 3683 2442 Θεὸν

2090 2475 2298 2530 ἰκὲτευε
2335 2475 2680 2549 δωρήσασθαι
2711 2481 2841 2548 ἡμῖν
2874 2479 2934 2530 τὸ
2963 2479 3110 2549 μέγα
3143 2477 3320 2544 ἔλεος.

2168 2588 2280 2659 ᾮδ.
2311 2589 2372 2644 δ’.
2425 2589 2794 2658 Ἐπαρθέντα
2831 2607 2905 2645 σε
2933 2590 3151 2648 ἰδοῦσα
3183 2593 3222 2660 ἠ
3263 2592 3621 2661 Ἐκκλησία.

2171 2679 2237 2733 Ἦ
2255 2681 2505 2751 οὐράνιος
2549 2683 2880 2752 ἡτοίμασται
2918 2683 3168 2753 βασιλεία
3210 2684 3286 2748 ὡς
3317 2683 3524 2757 ἀθλητῇ
3571 2701 3680 2750 σοι,

2089 2770 2296 2838 ἔνδοξε·
2336 2773 2434 2842 τῆς
2459 2774 2568 2844 γὰρ
2591 2774 2837 2844 ἐπιγείου
2872 2775 3080 2847 χαίρων
3119 2776 3420 2847 μετετέθης
3448 2777 3681 2848 σκηνῆς,

2091 2864 2232 2937 βοῶν
2260 2865 2338 2938 τῷ
2362 2868 2610 2940 Δεσπότῃ
2639 2883 2648 2898 ·
2677 2867 2815 2932 Δόξα
2842 2869 2907 2940 τῇ
2935 2868 3167 2939 δυνάμει
3197 2885 3315 2937 σου,
3349 2868 3544 2940 Κύριε.

2082 3071 2090 3076 ·
2153 3043 2598 3117 Στεφανηφόρος,
2617 3045 2910 3116 Θεόφανες,
2926 3047 3258 3122 ἀνεδείχθης.
3275 3051 3346 3104 Τὸ
3362 3053 3470 3125 γὰρ
3489 3055 3685 3111 σεπτὸν

2089 3137 2378 3208 εἰκόνισμα
2402 3136 2662 3209 Χριστοῦ,
2695 3139 2920 3214 θεοφόρε
2966 3143 3183 3213 μάκαρ,
3222 3144 3324 3203 οὐκ
3357 3147 3580 3217 ἠρνήσω
3606 3164 3683 3200 τι·

407 3242 610 3308 afllate,
639 3243 722 3297 vir
754 3243 948 3296 beate:
983 3240 1192 3295 ideirco
1224 3239 1391 3296 etiam
1418 3240 1697 3297 clamabas
1733 3257 1758 3295 :'
1798 3238 1988 3295 Gloria

2113 3231 2237 3301 ιᾷν⁸
2289 3229 2372 3283 διὸ
2408 3231 2504 3286 καὶ
2534 3229 2805 3302 ἐκραζες·
2852 3233 2990 3300 Δόξα
3035 3237 3102 3306 τῇ
3140 3235 3370 3307 δυνάμει
3399 3255 3518 3303 σου,
3568 3239 3681 3294 Κύ-

405 3336 663 3408 potentiae
692 3342 820 3398 tuae,
861 3333 1111 3388 Domine.

474 3425 685 3486 Exsilio
709 3427 917 3496 ejectus
941 3425 1025 3480 vir
1049 3433 1275 3481 sanctus
1313 3424 1466 3495 impii
1495 3423 1714 3495 tyranni
1745 3423 1990 3489 decreto,

407 3521 695 3580 imbecillze
733 3521 914 3576 carnis
963 3519 1172 3574 nullam
1217 3533 1444 3590 prorsus
1477 3519 1746 3574 rationem
1777 3517 1990 3582 habuit,

407 3613 651 3669 clamans
716 3613 945 3673 Auctor]
1003 3626 1018 3665 :
1068 3609 1253 3666 Gloria
1331 3609 1589 3680 potentia:
1663 3619 1802 3676 tute,
1883 3607 1991 3663 Do—

404 3707 570 3764 mine.

477 3793 778 3868 Magniﬂcis
838 3790 1090 3852 eﬂulsisti
1149 3790 1454 3857 miraculis,
1495 3791 1576 3846 vir
1626 3791 1735 3846 Deo
1789 3790 1988 3862 plene:

407 3884 553 3945 Deus
587 3899 822 3955 namque
852 3880 1293 3942 vicemreddidit
1357 3882 1744 3948 sustinentiae;
1799 3895 1993 3951 quam-

405 3978 590 4035 obrem
612 3977 775 4033 etiam
801 3975 947 4031 velut
963 3973 1166 4030 eJonte
1187 3973 1536 4030 sanationum
1567 3973 1803 4032 remedia
1827 3986 1993 4042 egen-

405 4069 554 4127 tibus
582 4067 789 4136 fundis,
815 4067 897 4122 vir
926 4065 1318 4123 sacratissime.

683 4181 797 4238 Ode
818 4181 869 4238 5.
902 4180 1001 4248 Tu,
1031 4181 1274 4246 Domine,
1297 4195 1468 4234 meum
1505 4178 1702 4234 lumen.

472 4277 730 4336 Piissima
748 4276 997 4333 doctrina
1019 4277 1337 4334 orthodoxae
1361 4274 1494 4330 ﬁdei
1517 4274 1823 4328 doctrinam
1848 4287 1988 4343 pra:-

405 4371 607 4426 dieavit
636 4378 864 4427 sanctus
893 4367 1547 4440 TheOphanes,'5piritus
1598 4367 1718 4423 luce
1748 4367 1985 4422 illustra-

406 4472 517 4518 ιυε.

476 4555 689 4612 Uberes
748 4553 967 4610 divitias
1017 4552 1203 4609 divino
1254 4567 1420 4609 sensu
1460 4551 1648 4622 egenis
1705 4551 1985 4607 distribui-

405 4648 498 4712 sti,
535 4647 750 4703 Domini
777 4656 1048 4718 praecepto
1085 4647 1406 4712 obsecutus,
1441 4646 1524 4700 vir
1549 4647 1872 4702 clarissime.

463 4828 578 4895 Qui
620 4827 688 4882 ad
721 4828 976 4884 Auctoris
1011 4826 1300 4898 imaginem
1325 4828 1511 4883 animo
1532 4828 1786 4884 conditus
1807 4843 1980 4895 esses,

405 4921 784 4976 intemeratam
821 4920 1040 4976 Domini
1099 4921 1450 4976 venerabaris
1493 4922 1802 4993 imaginem,
1837 4922 1984 4978 desi-

404 5015 554 5069 derio
580 5014 929 5069 exosculans.

437 5107 550 5162 Ode
576 5107 628 5163 6.
668 5103 1000 5175 Sacriﬁcabo
1032 5107 1130 5165 tibi
1155 5123 1274 5161 cum
1305 5123 1424 5162 voce
1463 5107 1664 5173 laudis,
1698 5109 1941 5162 Domine.

475 5200 658 5270 Dirige
699 5199 765 5254 ad
805 5201 1063 5255 virtutem
1097 5202 1262 5256 vitam
1295 5217 1498 5268 meam,
1542 5204 1624 5256 vir
1649 5212 1855 5268 sancte,
1884 5216 1987 5256 re—

406 5276 992 5359 ligiosat'institutionis
1018 5292 1269 5346 semitam
1302 5293 1434 5357 tuis,
1483 5291 1665 5357 Pater,
1728 5294 1984 5363 precibus

403 5381 795 5451 complanans;
842 5396 1006 5452 quam
1039 5398 1194 5452 roga,
1250 5385 1334 5438 vir
1359 5385 1536 5452 beate,
1599 5395 1657 5442 ut
1691 5395 1840 5442 recto
1869 5396 1982 5441 tra—

403 5474 536 5529 mite
573 5474 789 5529 concite
822 5489 887 5530 ac
922 5485 1180 5532 contente
1214 5492 1556 5547 percurram.

474 5565 670 5622 Sobrie
730 5561 990 5646 casteque
1044 5569 1210 5623 vitam
1269 5570 1548 5640 peregisti,
1603 5570 1687 5624 vir
1746 5581 1980 5626 sancte:

2135 3338 2204 3375 ιε.

2135 3338 2204 3375 ιε.

2097 3338 2130 3390 ρ
2165 3410 2579 3482 Μεθιστάμενος
2607 3413 2994 3488 προστάγματι
3016 3417 3112 3472 τοῦ
3142 3420 3405 3490 τυράννου
3434 3420 3527 3480 τοῦ
3553 3421 3680 3474 δυσ-

2096 3502 2290 3574 σεϐοῦς
2323 3505 2352 3556 ό
2380 3505 2548 3570 ὅσιος,
2597 3506 2803 3576 σαρκὸς
2829 3509 3117 3574 ἀσθενείας
3144 3511 3282 3576 ὅλως
3309 3513 3409 3565 οὐκ
3439 3515 3681 3590 ἐφρόντιο

2095 3613 2178 3665 σε,
2202 3597 2534 3670 κραυγάζων
2561 3599 2640 3671 τῷ
2680 3601 2978 3659 Κτίσαντιο
3003 3603 3143 3669 Δόξα
3173 3607 3238 3683 τῇ
3285 3590 3515 3676 δυνάμει
3560 3623 3676 3681 σου,

2093 3689 2289 3762 Κύριε.

2174 3783 2582 3858 Ἐμεγαλύνθης
2613 3789 2725 3852 τοῖς
2757 3788 3024 3860 θαύμασι,
3052 3789 3308 3862 θεοφόρε·
3358 3795 3386 3846 ό
3414 3795 3523 3868 γὰρ
3547 3795 3680 3861 Θεὸς

2089 3875 2362 3946 ἡμείψατό
2398 3893 2458 3930 σε
2484 3879 2585 3949 τῆς
2618 3881 2946 3951 καρτερίαςο
2991 3881 3114 3936 ὅθεν
3163 3884 3260 3941 καὶ
3312 3884 3516 3960 ἰάματα
3570 3903 3680 3969 πη·

2091 3969 2280 4038 τάξεις
2325 3973 2438 4036 τοῖς
2502 3971 2797 4045 χρῄζουσιν
2854 3973 3043 4047 ὥσπερ
3111 3977 3178 4029 ἐκ
3235 3978 3456 4048 πηγῆς,
3520 3978 3679 4050 ἱερώ-

2088 4077 2241 4118 τατε.

2453 4178 2560 4257 ᾩδ.
2588 4186 2651 4234 ε’.
2680 4180 2786 4245 Σὺ,
2825 4180 3004 4251 Κύριέ
3028 4199 3170 4251 μου,
3203 4182 3351 4251 φῶς·

2155 4271 2314 4341 Λόγῳ
2347 4271 2672 4326 πανευσεσεί
2701 4272 2996 4345 ὀρθοδόξως
3010 4275 3277 4344 ἐκήρυξεν
3306 4277 3335 4328 ό
3371 4276 3518 4341 ὅσιος
3543 4277 3675 4332 Geo-

2088 4364 2263 4434 φάνης
2293 4361 2355 4417 τὸ
2383 4364 2486 4435 τῆς
2518 4365 2756 4431 πίστεως
2783 4365 2991 4439 δόγμα,
3024 4365 3103 4437 τῷ
3142 4366 3424 4438 Πνεύματι
3459 4369 3673 4441 λαμπό-

2131 4475 2271 4512 ενος.

2131 4475 2219 4511 ενο
2257 4498 2271 4512 .

2089 4474 2128 4528 μ
2158 4475 2392 4604 Πὶῗοῦτον
2452 4549 2772 4621 παντοδαπῆ
2825 4549 3130 4622 θεοφρόνως
3158 4550 3436 4621 διένειμας
3501 4569 3673 4623 προσ-

2011 4617 2060 4677 D
2085 4642 2322 4714 τάγματι
2344 4642 2440 4697 τοῦ
2465 4643 2739 4697 Δεσπότου
2770 4643 2882 4707 τοῖς
2919 4633 3082 4716 πενία
3119 4643 3354 4709 συζῶσιν
3381 4646 3670 4717 ἑπόμενος,

2090 4736 2343 4808 πανεύφη
2352 4754 2442 4806 με.

2164 4830 2344 4900 Ἕχων
2370 4830 2469 4901 τὴν
2506 4828 2685 4901 ψυχὴν
2711 4829 2829 4888 κατ’
2862 4831 3047 4884 εἰκόνα
3072 4831 3165 4886 τοῦ
3197 4831 3518 4898 κτίσαντος,
3564 4831 3670 4904 ’τὴν

2086 4918 2355 4992 ἄχραντον
2380 4919 2473 4974 τοῦ
2504 4921 2777 4974 Δεσπότου
2802 4922 3160 4989 προσεκύνεις
3192 4923 3397 4990 εἰκόνα,
3415 4923 3492 4996 τῷ
3519 4924 3668 4999 πόθῳ

2087 5013 2491 5083 ἀσπαζόμενος.

2123 5106 2232 5177 ᾯδ.
2267 5104 2340 5170 ς’.
2375 5107 2547 5161 Θύσω
2571 5121 2672 5160 σοι
2693 5107 2844 5176 μετὰ
2867 5107 3076 5181 φωνῆς
3111 5105 3416 5174 αἰνέσεως,
3445 5109 3638 5177 Κύριε.

2162 5199 2370 5252 ἰθυνον
2420 5198 2556 5270 πρὸς
2587 5201 2787 5272 ἀρετὴν
2814 5200 2903 5253 τὸν
2937 5199 3051 5270 βίον
3099 5217 3224 5270 μου,
3255 5200 3408 5253 δσιε⁹
3441 5203 3542 5271 τὴν
3572 5205 3670 5272 τῆς

2088 5293 2374 5362 ἀσκήσεως
2419 5293 2605 5364 τρίϐον
2637 5295 2759 5358 ταῖς
2819 5295 3003 5371 εὐχαῖς
3055 5311 3181 5356 σου,
3224 5293 3427 5366 Πάτερ,
3473 5295 3669 5365 ἐξομα-

2088 5384 2360 5456 λίσας,ἣν
2417 5385 2684 5450 συντόνως
2718 5385 3039 5458 εὐθυπορεῖν
3090 5405 3182 5459 με,
3242 5389 3452 5467 μάκαρ,
3505 5389 3667 5453 ἀξίω-

2090 5497 2202 5534 σον.

2152 5573 2454 5644 Σωφρόνως
2511 5591 2604 5626 σου
2663 5573 2762 5644 τὴν
2819 5572 2965 5644 ζωὴν
3017 5571 3296 5642 διήνυσας,
3343 5573 3489 5626 ὅσιεο
3524 5572 3664 5641 μετὰ

403 5658 747 5729 quippecum
775 5659 1452 5730 prudentia,fortitudine,
1500 5677 1565 5718 ac
1587 5662 1800 5733 justitia
1848 5679 1984 5734 pra:-

2113 5669 2396 5738 ιρονήσεως
2425 5667 2533 5739 γὰρ
2562 5668 2740 5737 ἔσχες,
2778 5668 2876 5720 σὺν
2908 5649 3133 5737 ’ἀνδρείᾳ
3183 5664 3291 5735 γὰρ
3319 5664 3418 5736 τὴν
3456 5665 3663 5718 durato.

403 5752 553 5807 «litus
609 5751 795 5821 fuisti,
848 5755 1224 5829 virtutumque
1282 5756 1456 5812 choro
1519 5765 1748 5814 ornatus
1791 5758 1982 5812 eluxi-

395 5843 493 5903 sti.

2083 5763 2273 5831 σύνην,
2307 5762 2404 5818 καὶ
2433 5761 2510 5833 τῷ
2533 5761 2718 5834 κύκλῳ
2747 5760 2857 5816 τῶν
2885 5757 3099 5832 ἀρετῶν
3131 5756 3335 5830 ἐφάνης
3351 5758 3661 5836 κοσμούμεν

2086 5867 2192 5917 νος.
