3978 6316
238 389 301 458 ig
1400 395 1888 458 THEOPHANIS
1942 397 2334 464 OFFICIUM.
3429 413 3500 480 50

298 503 559 569 Εὐκλείας
587 506 935 578 μαρτυρικῖμς
961 507 1186 580 ἐπέϐης,
1219 507 1516 581 Θεόφανες,
1555 511 1654 581 τῆς
1681 511 1783 564 Θεο

1892 568 1894 578 ,
1991 515 2250 591 Martyris
2291 521 2619 591 claritatem,
2642 519 3027 596 Theophanes,
3052 526 3282 600 adeptus
3308 546 3388 597 es,
3413 547 3500 588 ve-

235 598 462 670 μήτορος
491 597 661 671 κόρης
716 602 813 654 καί.
860 601 1174 674 μαρτύρων,
1216 603 1437 676 Πάτερ,
1476 605 1602 669 τοὺς
1631 623 1783 676 χαρα·

1912 604 1994 660 lut
2021 606 2113 675 qui
2133 606 2228 664 Dei
2255 612 2494 680 parentis
2522 615 2737 684 puellae,
2771 597 3184 690 martyrumqne
3208 622 3496 694 imagines,

232 691 432 762 κτῆρας
461 690 535 755 ὡς
562 695 827 765 τιμήσας,
864 693 958 749 καὶ
985 697 1098 759 τοῖς
1130 692 1384 762 διώκταις
1417 697 1783 769 ἀντιταττόμει

1910 711 1945 753 ο
2005 700 2184 768 Pater,
2241 713 2534 763 veneratus
2586 708 2686 775 sis,
2750 724 2818 766 ac
2865 713 3311 781 persecutoribus
3361 717 3498 772 resi-

233 800 332 838 νος.

289 821 308 847 ἱ
448 880 771 939 Κοντάκιον.
807 877 983 954 Ἧχος
1004 881 1069 954 β’.
1106 882 1181 938 Τὰ
1210 883 1334 938 ἅνω
1357 875 1572 952 ζητῶν.

305 969 391 1037 Ἐξ
437 970 607 1042 ὕψους
636 971 819 1028 λαϐὼν
855 973 955 1044 τὴν
1004 969 1156 1029 θείαν
1189 976 1533 1045 ἀποκάλυψιν
1584 975 1806 1048 ἐξῆλθες

227 1063 422 1135 σπουδῇ
457 1064 526 1118 ἐκ
566 1065 750 1134 μέσων
795 1066 906 1122 τῶν
936 1066 1204 1139 θορύϐων,
1238 1069 1334 1122 καὶ
1370 1067 1633 1138 μονάσας,
1668 1070 1803 1137 ὅσιε,

1911 799 2105 849 steres.

2101 885 2446 946 Contacium.
2475 891 2660 949 Tenus
2679 893 2734 948 2.
2788 893 3029 966 Superna
3060 899 3318 970 quaeretis.

1980 974 2174 1033 Divina
2213 995 2242 1034 e
2267 981 2413 1037 celso
2440 983 2773 1041 revelatione
2807 997 3051 1058 accepta,
3089 1004 3120 1045 e
3150 990 3345 1048 mediis
3377 1000 3494 1048 tur.

1908 1067 1993 1124 bis
2026 1068 2258 1128 festinus
2301 1077 2608 1144 excessisti,
2662 1080 3032 1151 monachique
3082 1084 3366 1154 amplexus
3405 1088 3494 1142 in-

222 1155 443 1228 είληφας
477 1158 763 1230 ἐνεργείας
800 1161 896 1215 καὶ
923 1159 1263 1234 προφητείας
1299 1159 1536 1234 ἀξίωμα,
1571 1162 1783 1234 συμϐίοι

1907 1160 2180 1228 stitutnm,
2251 1165 2336 1220 vir
2390 1177 2599 1236 sancte,
2657 1173 2996 1242 operationis
3054 1190 3118 1230 ac
3191 1178 3491 1249 prophetia}

219 1251 306 1303 καὶ
337 1249 579 1306 πλούτου
610 1251 993 1325 στερούμενος.

873 1347 938 1401 '0
957 1342 1163 1416 οἶκος.

299 1435 423 1490 Ἐπὶ
468 1438 575 1508 τῆς
596 1439 713 1509 ’γῆς
771 1441 937 1512 μηδὲν
985 1442 1372 1514 προθυμήσας,
1422 1441 1805 1515 ἠκολούθησας

1911 1267 2114 1310 munus
2143 1253 2426 1327 accepisti,
2464 1274 2638 1316 uxore
2660 1275 2856 1319 carens
2898 1272 3065 1335 atque
3098 1264 3325 1323 divitiis.

2587 1347 2810 1408 Domus.

1975 1438 2112 1496 Cum
2144 1443 2199 1496 in
2234 1447 2382 1500 terra
2412 1442 2550 1501 nihil
2572 1461 2823 1518 cuperes,
2878 1460 3166 1506 vocantem
3204 1451 3490 1510 Christum

215 1527 411 1599 χαίρων
447 1529 531 1601 τῷ
551 1530 808 1585 καλοῦντί
842 1549 902 1586 σε
931 1531 1176 1605 Χριστῷ,
1206 1536 1302 1588 καὶ
1327 1535 1421 1590 τὸν
1445 1534 1607 1603 ζυγὸν
1634 1531 1783 1590 αὐτοί

1905 1535 2150 1606 gaudens
2174 1548 2394 1594 secutus
2417 1554 2498 1607 es,
2527 1539 2755 1612 ejusque
2776 1543 2965 1614 jugum
2995 1545 3047 1599 in
3075 1546 3334 1602 humeros
3367 1557 3492 1608 tuos

215 1615 397 1686 ἔλαϐες
435 1623 536 1676 ἐπὶ
571 1622 680 1677 τῶν
704 1622 871 1693 ὤμων
901 1624 1012 1680 τῶν
1043 1625 1153 1679 σῶν
1185 1627 1511 1698 προθύμως,
1549 1625 1642 1682 καὶ
1666 1625 1800 1684 ἀνά-

1905 1628 2075 1683 alacri
2126 1625 2313 1687 animo
2339 1627 2634 1698 sustulisti,
2677 1649 2743 1690 ac
2771 1635 3016 1706 requiem
3052 1638 3249 1693 animae
3283 1651 3386 1695 tum
3411 1642 3492 1696 in-

213 1723 403 1770 παυσιν
439 1707 607 1786 εὗρες
637 1719 706 1787 τῇ
733 1716 880 1790 ψυχῇ
903 1735 1020 1776 σου.
1044 1719 1259 1792 Ἥνπερ
1293 1721 1462 1792 κάμοὶ
1496 1721 1574 1794 τῷ
1600 1721 1783 1791 πτωχᾷ

1904 1719 2126 1774 venisti.
2158 1715 2313 1777 Hanc
2342 1719 2478 1778 mihi
2503 1739 2727 1796 quoque
2759 1728 2988 1797 pauperi
3019 1729 3282 1800 segnique
3311 1731 3486 1797 mitte,

212 1808 297 1861 καὶ
319 1805 566 1879 ρᾳθύμῳ·
590 1809 978 1882 κατάπεμψον,
1006 1810 1087 1884 τῷ
1120 1813 1361 1882 λέγοντι,
1393 1815 1486 1868 καὶ
1509 1815 1634 1886 μηδ’
1661 1815 1783 1879 ὅλως

1904 1811 1998 1880 qui
2029 1811 2232 1876 dicam,
2257 1831 2360 1871 nec
2388 1832 2620 1887 prorsus
2658 1820 2914 1886 elﬁciam,
2943 1822 3049 1892 {sed
3081 1838 3267 1879 vacem
3308 1826 3489 1884 adhuc

210 1899 540 1969 ὲκποιοῦντι,
602 1894 717 1956 ἀλλ’
777 1904 861 1959 ἔτι
913 1905 1228 1977 σχολάζοντι
1285 1908 1345 1963 ἐν
1391 1911 1506 1972 τοῖς
1544 1907 1642 1962 τοῦ
1678 1906 1797 1979 βίου

1904 1905 2088 1960 saeculi
2121 1908 2305 1974 curis;
2365 1911 2662 1985 mirerque,
2696 1922 2756 1971 ut
2788 1925 2986 1970 cuncta
3038 1915 3312 1989 eﬂugeris,
3353 1935 3487 1977 con:-

209 1995 522 2066 πράγμασι,
561 1998 656 2051 καὶ
689 1996 1027 2070 θαυμάζοντι
1049 1999 1164 2065 πῶς
1193 2002 1374 2056 πάντα
1403 2000 1628 2073 ἔφυγες,
1660 2019 1783 2074 συμ-

1896 1990 2031 2069 juge
2058 2014 2254 2056 carens
2278 2011 2443 2074 atque
2478 2005 2712 2065 divitiis.

208 2087 318 2141 ϐίου
340 2089 436 2143 καὶ
468 2089 708 2145 πλούτου
738 2087 1124 2166 στερούμενος.

205 2179 416 2259 Μνξήμη
449 2181 565 2236 τοῦ
592 2183 768 2259 dglov
806 2185 1049 2259 ματρὸς
1087 2177 1262 2258 ,ἡμῶν
1302 2187 1648 2259 ρεοφάνους
1689 2183 1796 2245 τοῦ

270 2253 834 2329 ὀιεο.ζογηςοῦ,-τοῦ
882 2253 993 2329 τῆς
1030 2253 1429 2329 Σιγίγριανῆςξ
1459 2259 1567 2315 τοῦ
1603 2253 1675 2315 ἐν
1716 2261 1797 2328 τῷ

265 2321 513 2392 μεγάλῳ
547 2324 722 2393 Ἀγρῷ
746 2321 1047 2396 κειμένου.

267 2406 430 2476 Οὗτος
453 2415 668 2487 πατρὸς
693 2418 792 2486 μὲν
821 2417 924 2489 ἔφυ
961 2419 1167 2486 Ἰσαὰκ,
1197 2421 1404 2494 μητρὸς
1423 2423 1490 2477 δέτ
1509 2423 1793 2498 Θεοδότης.

205 2503 302 2557 Τοῦ
329 2506 388 2559 δὲ
419 2506 636 2577 πατρὸς
659 2508 1086 2580 τελευτήσαντος
1115 2514 1173 2566 ἐν
1207 2517 1273 2586 τῇ
1303 2515 1393 2568 ὑπ’
1417 2515 1796 2573 αὑτοῦνδιεπο·

208 2596 332 2669 μένῃ
365 2597 479 2651 τῶν
509 2600 1236 2677 Αἰγαιοπελαγητῶνάρχῇ,
1273 2601 1343 2677 ἦν
1387 2606 1541 2679 παρά
1575 2611 1643 2680 τῇ
1683 2626 1789 2680 μηδ

203 2687 285 2756 τρὶ
310 2689 657 2760 ἀναγόμενος
685 2693 780 2744 καὶ
808 2693 1166 2764 τρεφόμενος.
1204 2696 1508 2767 Γενομένου
1539 2697 1597 2752 δὲ
1623 2699 1790 2753 αὐτοῦ

205 2779 265 2851 ιβ’
311 2782 494 2849 ἔτους,
543 2784 843 2856 ἁρμόζεται
872 2790 1117 2859 γυναικὶ,
1148 2790 1242 2843 καὶ
1284 2791 1456 2864 ταύτῃ
1488 2793 1791 2864 συνδιάγων

199 2867 262 2943 ἦν
293 2875 524 2946 χρόνους
547 2881 619 2946 η’.
636 2875 876 2941 Πλοῦτος
901 2878 956 2932 δὲ
974 2873 1050 2950 ἦν
1065 2880 1400 2952 ἀμφοτέροις
1428 2882 1616 2948 πολύς.
1651 2886 1791 2957 Συμ-

200 2963 375 3038 ϐούλῳ·
413 2967 473 3021 δέ
503 2983 618 3022 τιντ
662 2969 1014 3041 χρησάμενος
1064 2972 1178 3042 ἰδίῳ
1209 2975 1419 3049 οἰκέτῃ,
1449 2975 1615 3033 πόθον
1662 2978 1789 3049 ἔσχε

200 3058 360 3141 πολύν
387 3059 482 3114 τὸν
515 3061 625 3114 τῶν
661 3062 946 3133 μοναστῶν
980 3065 1235 3119 ὑπελθεῖν
1285 3066 1420 3137 βίον.
1454 3067 1567 3142 Τῆς
1596 3071 1651 3125 δὲ
1681 3089 1788 3144 μη-

199 3137 324 3219 τρὸς
349 3151 440 3206 τὸν
469 3153 590 3224 βίον
617 3154 996 3229 ἀπολιπούσης
1043 3159 1138 3211 καὶ
1169 3159 1398 3214 πλοῦτον
1428 3137 1654 3234 ἄπειρον
1682 3137 1786 3219 αύ-

1900 2177 2161 2272 Πρέποι-ἔρ
2181 2182 2358 2240 sancti
2399 2187 2581 2272 Patris
2611 2188 3138 2272 nostri‘Theoph'anis
3163 2203 3482 2272 confessoris

1968 2249 2274 2324 Singriana:
2302 2257 2567 2328 marrae/ti,
2593 2266 2772 2335 qui't‘n'
2790 2249 3145 2342 magnei-ﬁo

1967 2404 2067 2462 llic
2095 2407 2300 2469 lsaacio
2328 2425 2483 2486 patre
2531 2431 2692 2477 natus
2733 2432 2839 2487 est,
2883 2434 3056 2482 matre
3085 2436 3269 2484 autem
3301 2427 3484 2486 Theo-

1894 2498 2042 2568 dota,
2081 2515 2234 2574 patre
2267 2519 2504 2577 mortuo,
2561 2513 2689 2568 dum
2740 2514 3272 2589 Egeopclagitarum
3336 2538 3481 2593 pra!-

1894 2593 2167 2653 fecturam
2201 2603 2367 2672 gerit,»
2386 2604 2490 2660 sub
2518 2607 2707 2663 matris
2739 2624 2872 2665 cura
2921 2612 3227 2670 instituitur
3259 2631 3322 2671 ac
3349 2616 3483 2672 edu-

1895 2697 2066 2745 catur.
2134 2694 2420 2751 Annorum
2445 2697 2623 2757 factus
2649 2701 2961 2768 duodecim,
2997 2706 3215 2764 feminae
3243 2710 3482 2780 despon-

1894 2801 1968 2841 sa:
1985 2785 2236 2856 junctus,
2279 2804 2403 2844 cum
2435 2805 2498 2845 ea
2527 2794 2686 2849 annis
2716 2803 2840 2849 octo
2873 2797 3040 2852 vitam
3065 2799 3326 2855 socialem
3345 2802 3478 2872 agit.

1891 2878 2064 2933 Erant
2125 2878 2288 2934 ambo
2343 2881 2538 2950 opibus
2586 2883 3021 2956 locupletissimi.
3076 2886 3246 2945 Porro
3289 2889 3480 2947 famuli

1890 2972 2179 3042 cujusdam
2236 2973 2526 3030 domestici
2592 2979 2842 3036 consiliis
2902 2980 3204 3048 inductus,
3269 2985 3479 3056 ingenti

1889 3066 2164 3121 desiderio
2199 3067 2487 3123 tenebatur
2522 3071 2886 3141 amplectendi
2937 3083 3113 3132 status
3158 3077 3474 3134 monastici.

1895 3156 2066 3212 Matre
2095 3159 2231 3214 vivis
2261 3169 2534 3230 exetnpta,
2577 3163 2969 3236 immensisque
3002 3166 3113 3222 tilio
3157 3169 3361 3225 relictis
3389 3169 3477 3224 dia-

199 3244 270 3312 τῷ
300 3246 787 3315 καταλελοιπυίας,
825 3252 853 3304 ὁ
882 3224 1150 3325 κηδεστὴς
1179 3253 1345 3308 αὐτοῦ
1375 3224 1664 3326 πληρῶσαι
1714 3260 1783 3315 τά

1896 3251 2066 3317 vitiis,
2097 3253 2326 3324 cogebat
2357 3271 2510 3310 socer
2533 3265 2593 3310 ut
2629 3259 2944 3328 nuptiarum
2986 3261 3226 3332 legitima
3281 3263 3478 3334 imple-

199 3335 267 3407 τῷ
295 3340 461 3411 γάμῳ
492 3342 863 3412 νενομισμένα
892 3344 1080 3399 τοῦτον
1104 3345 1437 3413 ἐξεϐιάζετο.
1473 3352 1582 3405 Καὶ
1608 3352 1671 3425 δὴ
1686 3357 1787 3425 τῆς

200 3431 382 3503 κυρίας
412 3434 637 3507 ἡμέρας
667 3435 1220 3510 καταλαϐούσης,καὶ
1251 3444 1463 3507 παστὰς
1487 3449 1781 3517 ἐπήγνυτο,

199 3525 286 3578 καὶ
317 3525 581 3596 ὑμέναιος
612 3527 790 3600 ᾔδετο,
841 3531 935 3584 καὶ
965 3533 1032 3586 τά
1062 3533 1227 3589 λοιπά
1257 3537 1512 3593 ἐτελεῖτο.
1541 3541 1695 3595 Ἐπεὶ
1726 3542 1783 3596 δὲ

197 3615 426 3689 ὁκαιρὸς
459 3621 630 3674 αὑτὸν
677 3621 772 3676 τὸν
809 3625 1081 3697 μακάριον
1126 3629 1222 3682 καὶ
1270 3629 1368 3702 τὴν
1399 3632 1656 3688 σύνευνον
1685 3653 1786 3690 κα-

195 3711 426 3781 ταμόνας
471 3714 730 3793 γενέσθαι
779 3717 990 3784 ἐκάλει,
1046 3719 1116 3773 τά
1150 3721 1260 3775 τῶν
1293 3723 1572 3796 λογισμῶν
1615 3727 1781 3783 αὐτοῦ

197 3806 392 3874 κρύφια
422 3809 697 3880 ἐφανέρου
721 3813 787 3882 τῇ
814 3811 1036 3878 νεάνιδι,
1067 3815 1188 3886 ἥτις
1231 3818 1326 3871 καὶ
1373 3820 1742 3888 συγκατέθετο
1764 3838 1778 3854 °

195 3896 276 3946 καὶ
305 3895 425 3952 εἴτι
449 3897 500 3951 δ’
517 3898 584 3952 ἂν
614 3899 710 3953 καὶ
740 3899 999 3974 βούληται
1025 3906 1187 3970 αὐτὸς
1215 3909 1502 3979 πράττειν,
1533 3911 1629 3965 καὶ
1642 3914 1780 3988 αὐτὴ

193 3986 341 4041 τοῦτο
378 3990 523 4060 μετὰ
575 3992 892 4065 προθυμίας
941 3996 1312 4054 διεϐεϐαιοῦτο
1366 4006 1558 4058 ποιεῖν.
1601 3986 1780 4079 Ὅπερ

194 4084 443 4151 ἀκούσας,
471 4087 850 4162 ηὐχαρίστησε
875 4091 954 4164 τῷ
983 4092 1124 4166 Θεῷ.
1176 4092 1406 4151 Ἔκτοτε
1440 4097 1533 4152 οῦν
1561 4102 1780 4157 ἐποίουν

195 4175 486 4250 ἀμφότεροι
513 4179 610 4244 τὰς
637 4181 908 4254 ἡμερινὰς
924 4185 1016 4239 καὶ
1041 4189 1364 4261 νυκτερινὰς
1385 4191 1571 4262 εὐχάς.
1593 4194 1781 4250 Ταῦτα

198 4268 370 4336 μαθὼν
401 4271 560 4325 Λέων
586 4274 614 4326 ὁ
636 4273 905 4345 δυσσεϐὴς
937 4275 1190 4347 βασιλεὺς
1242 4280 1337 4334 καὶ
1375 4283 1403 4335 ὁ
1449 4283 1641 4338 τούτου
1677 4303 1780 4356 κη-

193 4357 393 4431 δεστὴς,
462 4360 729 4416 διεκώλυε
791 4366 919 4429 τοὺς
990 4366 1145 4432 νέους
1192 4368 1287 4422 τοῦ
1367 4371 1596 4427 σκοποῦ.
1654 4375 1780 4442 Ἐξσ

194 4452 474 4508 απέστειλε
508 4455 567 4510 δὲ
596 4456 759 4511 αὑτὸν
788 4459 816 4511 ὁ
845 4458 1099 4528 βασιλεὺς
1145 4461 1284 4532 πρὸς
1306 4463 1368 4517 τὸ
1412 4465 1511 4536 τῆς
1537 4467 1780 4533 Κυζίκου

193 4547 419 4619 κάστρον
471 4554 937 4628 συγχειρήσοντα·
1002 4557 1106 4628 ήδη
1155 4558 1266 4632 γὰρ
1312 4562 1433 4616 τότε
1489 4565 1773 4630 ὲκτίζετο’
1808 4585 1851 4640 ι)

193 4641 278 4692 καὶ
297 4643 549 4697 ἀπελθὼν
579 4648 606 4699 ὁ
642 4647 827 4717 τίμιος
860 4651 991 4713 παῖς
1017 4649 1075 4716 ἐξ
1106 4651 1252 4706 ἰδίων
1278 4655 1650 4728 ἀναλωμάτων
1675 4661 1776 4731 τὴν

193 4731 276 4784 τοῦ
304 4736 640 4805 κρατοῦντος
683 4738 930 4793 δουλείαν
980 4743 1272 4815 πεποίηκε.
1312 4745 1403 4817 Τῷ
1453 4749 1510 4802 δὲ
1543 4752 1773 4823 εἰκοστῷ

192 4823 381 4894 πρώτῳ
404 4828 586 4899 χρόνῳ
613 4828 716 4899 τῆς
747 4829 913 4884 αὑτοῦ
945 4831 1180 4903 ἡλικίας,
1204 4834 1232 4888 ὃ
1264 4851 1323 4889 τε
1351 4834 1696 4912 θηριώνυμος
1725 4844 1772 4876 ⁸⁹

195 4912 433 4984 βασιλευς
494 4920 591 4975 καί
637 4923 955 4995 ὁιπενθερὸς
983 4926 1151 4981 αὐτοῦ
1208 4932 1651 5003 καταστρέφουσι
1679 4936 1770 4991 τὸν

195 5005 326 5075 βίον·
353 5013 450 5066 καὶ
479 5013 667 5067 λοιπὸν
694 5016 755 5070 ἐν
787 5015 1075 5091 ἐλευθερίᾳ
1108 5021 1170 5074 ού
1206 5022 1367 5091 μόνον
1396 5027 1422 5077 ὁ
1455 5026 1592 5092 νέος,
1626 5030 1766 5084 ἀλλὰ

193 5101 275 5189 καὶ
303 5103 334 5172 ἡ
387 5106 681 5176 οἰκουμένη
710 5107 943 5177 γίνεται,
993 5112 1232 5184 Εἰρήνης
1265 5115 1332 5168 τὰ
1364 5120 1621 5189 σκῆπτρα
1651 5121 1768 5174 δια-

192 5184 494 5263 δεξαμένης.
534 5195 688 5248 Ἐπεὶ
715 5196 770 5250 δέ
802 5200 944 5254 κατά
973 5202 1096 5256 νοῦν
1148 5204 1328 5258 πάντα
1366 5208 1516 5280 αὐτῷ
1545 5211 1765 5281 γέγονε,

195 5284 294 5345 τοῖς
329 5285 530 5341 ὲνδεέσι
558 5290 652 5342 καὶ
684 5295 920 5364 πτωχοῖς
953 5294 1052 5365 τὴν
1084 5297 1272 5354 οὐσίαν
1326 5301 1490 5355 αὑτοῦ
1521 5304 1769 5373 διεσκόρ-

194 5383 325 5442 mss,
359 5381 451 5432 καὶ
476 5383 607 5447 τοὺς
638 5384 874 5451 οἰκείους
917 5387 1203 5463 ἐλευθερία
1253 5394 1518 5468 τετίμηκε
1548 5414 1561 5428 ο
1595 5403 1661 5472 τῇ
1709 5400 1766 5455 δὲ

192 5472 334 5562 τιμία
375 5474 540 5530 αὐτοῦ
567 5476 789 5550 συζύγῳ
819 5481 1081 5553 χρήματα
1118 5485 1289 5541 πολλά
1317 5493 1760 5562 παρασχόμενος,

1887 3357 1988 3412 ret,
2028 3362 2367 3418 uxoremque
2410 3350 2574 3404 tiliam
2621 3351 2865 3407 duceret.
2925 3354 3003 3409 Ae
3036 3369 3168 3409 vero
3193 3371 3475 3412 eumcen-

1885 3436 2073 3490 stituta
2098 3436 2210 3492 dies
2241 3438 2571 3504 advenisset,
2601 3441 2822 3509 ponitur
2844 3441 3141 3507 thalamus,
3163 3445 3478 3516 hymenaus

1886 3533 2179 3597 occinitur,
2217 3536 2535 3606 reliquaque
2562 3537 2882 3605 nuptiarum
2911 3538 3182 3595 solemnia
3210 3557 3476 3615 peragun-

1887 3636 1995 3680 tur.
2067 3623 2306 3696 Urgebat
2334 3636 2570 3696 tempus,
2595 3627 2820 3700 jamque
2843 3629 2928 3685 vir
2960 3631 3153 3688 beatus
3181 3648 3305 3688 cum
3341 3649 3475 3690 con-

1879 3719 2010 3790 juge
2042 3719 2268 3773 thalami
2302 3730 2510 3775 secreta
2535 3731 2654 3776 erat
2685 3723 2977 3791 petiturus.
3015 3722 3154 3779 Tum
3180 3725 3274 3780 illo
3304 3727 3473 3783 animi

1884 3826 2147 3865 arcanum
2186 3812 2490 3883 detegente,
2519 3813 2710 3882 puella-
2749 3814 2947 3871 lubens
2975 3817 3293 3885 assentitur,
3356 3833 3476 3873 cera

1884 3915 2048 3970 toque
2072 3904 2323 3971 ailirmat,
2359 3905 2404 3960 si
2435 3906 2568 3977 quid
2591 3907 2850 3972 illevelit,
2887 3923 2946 3965 se
2975 3924 3198 3980 quoque
3225 3922 3474 3982 prompte

1885 3997 2176 4052 facturam.
2233 3997 2328 4054 llis
2371 3998 2594 4070 juvenis
2634 3999 2862 4068 auditis,
2923 3999 3036 4057 Deo
3086 4004 3288 4074 gratias
3318 4006 3470 4076 agit:

1881 4093 2191 4163 exindeque
2241 4093 2403 4147 ambo
2469 4093 2562 4149 diu
2616 4101 2891 4166 noctuque
2951 4096 3207 4166 precibus
3263 4097 3472 4153 assidui

1880 4195 2060 4239 erant.
2129 4184 2209 4239 ne
2233 4184 2475 4254 cognita,
2510 4182 2621 4238 Leo
2661 4183 2865 4254 impius
2900 4184 3221 4255 imperator,
3270 4201 3335 4242 ac
3364 4185 3473 4242 viri

1881 4290 2060 4344 socer,
2090 4289 2118 4329 a
2145 4273 2428 4345 proposito
2450 4274 2826 4332 adolescentes
2855 4275 3276 4345 prohibuerunt.
3326 4277 3472 4334 Misit

1881 4385 2122 4442 namque
2153 4371 2452 4441 imperator
2474 4369 2759 4442 Cyzicum,
2821 4386 2942 4428 eam
2996 4372 3049 4426 in
3081 4372 3272 4428 urbem
3311 4388 3468 4427 suam

1880 4480 2103 4537 operam
2136 4465 2467 4521 collaturum
2502 4479 2516 4517 :
2558 4462 2672 4533 jam
2705 4463 2853 4519 enim
2905 4473 3020 4520 tum
3057 4466 3466 4521 exstruebatur.

1881 4558 2085 4613 Abiens
2117 4572 2244 4612 vero
2298 4556 2596 4627 praeclarus
2621 4557 2864 4624 juvenis,
2905 4557 3022 4614 suis
3076 4559 3194 4629 ipse
3223 4560 3466 4631 sumpti-

1879 4651 2003 4715 bus,
2045 4648 2193 4720 quod
2220 4645 2743 4718 impcratorisjussu
2769 4649 2890 4704 urbi
2927 4651 3292 4720 praestandum
3326 4660 3464 4718 erat,

1879 4744 2079 4800 eﬂ‘ecit.
2138 4742 2346 4798 Etatis
2374 4755 2541 4813 porro
2578 4739 2728 4798 illius
2781 4758 2928 4799 anno
2961 4744 3224 4800 vicesimo
3261 4744 3464 4816 primo,

1876 4854 2002 4894 cum
2034 4836 2146 4892 Leo
2177 4836 2495 4907 imperator,
2548 4845 2663 4892 tum
2696 4836 2800 4892 viri
2827 4851 2985 4893 socer
3029 4837 3195 4892 vitam
3219 4853 3468 4894 commu-

1874 4940 2011 4998 tant,
2038 4931 2403 5000 deincepsque
2451 4929 2654 4986 nedum
2683 4929 2921 5000 juvenis,
2976 4931 3068 4986 sed
3095 4941 3149 4986 et
3176 4932 3327 4988 orbis
3348 4935 3465 5003 ipse

1874 5025 2014 5079 liber
2069 5025 2219 5095 agit,
2286 5021 2443 5078 lrene
2491 5022 2740 5094 Augusta
2813 5033 3026 5095 sceptra
3111 5027 3461 5095 postmodum

1877 5117 2218 5172 moderante.
2307 5115 2446 5171 Cum
2513 5115 2700 5186 itaque
2762 5132 2830 5171 ex
2905 5125 3035 5171 voto
3089 5124 3285 5173 cuncta
3335 5133 3463 5174 suc-

1877 5210 2211 5277 cessissent,
2283 5209 2472 5280 egenis
2550 5225 2614 5264 ae
2677 5210 3014 5288 pauperibus
3093 5212 3458 5268 substantiam

1877 5304 2183 5369 distribuit,
2219 5319 2518 5375 servosque
2540 5303 2801 5367 libertam
2821 5306 3062 5360 donavit.
3093 5304 3459 5363 Nobilissimm

1874 5410 2056 5455 autem
2087 5398 2313 5470 conjugi
2365 5398 2624 5470 elargitus
2653 5406 2856 5454 multas
2903 5399 3188 5469 pecunias,
3213 5400 3266 5454 in
3296 5399 3461 5456 Prin-

1872 5493 2012 5564 cipis
2045 5492 2119 5548 ita
2151 5492 2296 5547 dicto
2321 5490 2655 5545 monasterio
2672 5489 2935 5556 detondit,
2963 5489 3204 5563 Megalus
3232 5493 3457 5549 neruine

194 5559 244 5658 ἐν
263 5565 322 5634 τῇ
354 5565 448 5620 ¹τοῦ
469 5569 776 5641 Πρίγκιπος
805 5577 938 5648 μονῇ
970 5577 1285 5650 ἀπέκειρεν,
1315 5559 1554 5653 Εἰρήνην
1577 5559 1760 5658 αὐτὴν

1893 5559 2163 5641 ηἸτθιιοιη
2195 5584 2271 5638 illi
2299 5590 2662 5640 commutato.
2705 5582 2753 5639 ls
2803 5598 2930 5639 vero
2965 5599 3025 5640 se
3072 5585 3304 5640 Domino
3335 5602 3456 5639 mn-

196 5652 251 5705 ἀν
263 5657 302 5709 :1
323 5659 606 5730 Μεγαλοῦς
634 5665 929 5738 ὀνομάσας.
959 5671 1130 5737 Αὐτὸς
1150 5671 1206 5726 δὲ
1233 5673 1312 5747 τῷ
1352 5676 1542 5749 Κυρίῳ
1565 5652 1758 5735 ἐαυτον

1892 5697 1974 5737 ιιιε
1999 5681 2365 5737 consecratin
2388 5677 2744 5746 monasterio,
2772 5679 2921 5751 quod
2949 5679 3004 5736 in
3031 5679 3448 5754 Singrianorum

1468 5817 1706 5875 VARIAQ
1762 5820 2176 5882 LECTIONES.

263 5883 301 5916 "
337 5888 562 5958 Mpttbw
573 5911 694 5963 μσς.
723 5895 848 5952 Par.
