3962 6296
451 374 555 446 183

1789 360 2284 439 THEOPHANIS

3613 372 3717 441 184

445 507 652 562 autem,
697 493 1018 566 signiﬁcatis
1047 493 1200 562 prius
1230 506 1327 563 per
1352 492 1644 563 epistolam
1690 492 2012 549 Arianorum

2130 492 2280 564 αὑτῷ
2303 491 2413 546 ἔτει
2432 493 2461 546 ὀ
2492 491 2772 556 Βασίλειος
2801 488 3023 564 (Η)τῆς
3054 492 3383 564 Καισαρέων
3407 493 3719 567 ἐπισκόπη-

444 586 733 642 heirendis
774 584 1097 651 sceleribus,
1126 585 1457 641 Alexandria
1492 585 1780 656 fugitivus,
1816 586 1884 639 ad
1917 583 2026 639 Da-

2112 603 2228 640 asv
2263 587 2327 652 ³⁷,
2362 585 2624 640 Εὐσεὸίου
2654 587 2893 651 εὐσεϐῶς
2920 588 3296 657 κοιμηθέντας.

442 700 658 739 masutn
688 683 945 739 catholici
976 683 1250 755 dogmatis
1280 693 1593 738 consortem
1634 685 1861 738 Romam
1893 685 2170 754 pergebat.
2202 681 2407 739 Eodem
2468 698 2613 738 anno
2645 682 3002 740 Cazsariensis
3060 683 3319 741 Ecclesia
3388 684 3569 742 factus
3628 694 3714 741 cst

441 780 733 851 episcopus
792 780 1050 835 Basilius.
1115 778 1354 835 Eusebio
1419 781 1564 848 piam
1627 796 1730 835 nec
1795 780 2019 835 nomine
2058 781 2292 835 alienam
2336 788 2565 833 mortem
2597 778 2854 835 obeunte.

509 874 575 927 A.
614 872 677 927 C.
708 872 832 927 566.
857 869 1065 925 —-lloc
1094 886 1240 925 anno
1278 880 1399 941 post
1436 870 1769 925 Auxentium
1810 869 2018 924 Medio-

437 963 744 1021 lauensium
792 959 1056 1019 Ecclesia:
1091 962 1421 1018 Ambrosius
1464 961 1762 1032 praaﬁcitur
1806 963 2021 1032 episco-

435 1073 540 1129 pus
594 1057 647 1110 in
693 1057 845 1111 hunc
889 1056 1114 1111 modum
1151 1072 1165 1111 :
1214 1053 1609 1110 Tumultuante
1654 1054 1722 1109 de
1775 1054 2017 1125 episcopi

436 1150 706 1206 electione
754 1152 978 1221 populo,
1017 1150 1347 1206 Ambrosius
1382 1148 1679 1220 provincia:
1725 1148 2014 1219 praesidem

436 1252 629 1311 agens.
708 1244 1002 1296 tumultum
1072 1242 1364 1298 sedaturus
1410 1230 1874 1295 a'Valentiniano
1941 1240 2016 1295 ibi

435 1342 566 1389 tunc
604 1333 744 1389 forte
793 1350 1003 1389 moram
1049 1335 1281 1390 habente
1318 1335 1575 1389 mittitur.
1620 1331 1874 1388 Nondum
1926 1333 2017 1389 ille

434 1439 597 1480 sacro
629 1427 836 1480 tinctus
875 1432 993 1479 erat
1020 1424 1373 1493 baptismate,
1406 1425 1541 1495 justi
1573 1434 1757 1479 tamen
1786 1434 1840 1479 et
1865 1423 2007 1493 aequi

431 1518 761 1587 praecipuam
815 1533 1004 1571 curam
1051 1518 1295 1587 gerebat,
1353 1527 1406 1572 et
1461 1517 1706 1587 insignes
1767 1531 2015 1587 quosque

431 1611 806 1680 magistratus,
846 1619 1041 1680 praeter
1074 1609 1216 1679 juris
1265 1609 1467 1680 placita
1518 1609 1770 1675 nonnihil
1819 1625 2013 1680 perpe-

433 1711 642 1757 trantcs
673 1688 942 1771 generoso
974 1703 1172 1758 ductus
1217 1704 1405 1758 animo
1437 1702 1720 1774 arguebat.
1773 1702 2013 1772 Populus

2202 870 2266 921 A.
2301 869 2375 923 M.
2402 867 2565 923 5866.
2590 898 2662 909 ——-
2686 869 2874 940 Τούτῳ
2903 868 2981 937 τῷ
3018 867 3127 922 ἔτει
3188 868 3516 937 ’Ᾱμὸρόσιος
3574 871 3716 940 μετὰ

2126 957 2415 1024 Ᾱῦξέντιον
2431 959 2527 1028 τῆς
2556 957 2883 1030 Ἐκκλησίας
2897 945 3236 1013 Μεδιολάνων
3259 962 3502 1029 ἡγήσατο
3516 960 3714 1022 οὕτως’

2127 1053 2234 1108 Τοῦ
2259 1054 2434 1123 δήμου
2466 1051 2849 1117 στασιάζοντος
2893 1054 3023 1124 περὶ
3072 1053 3346 1123 προϐολῆς
3370 1040 3713 1117 ἐπισκόπου,

2138 1144 2461 1216 Ἀμϐρόσιος
2488 1143 2600 1217 (l2)
2623 1142 2848 1215 ἡγεμὼν
2880 1144 2981 1212 τῆς
3013 1143 3197 1215 χώρας
3224 1142 3397 1197 τελῶν
3451 1130 3713 1215 ἐπέμφθη

2127 1238 2233 1291 ὑπὸ
2265 1236 2711 1292 Οὑαλεντινιανοῦ
2763 1236 2859 1290 τοῦ
2893 1237 3160 1308 βασιλέως
3212 1238 3390 1290 ἐκεῖσε
3431 1237 3716 1306 διάγοντος

2124 1332 2367 1386 κωλῦσαι
2388 1332 2487 1402 τὴν
2524 1331 2734 1397 στάσιν,
2768 1332 3098 1395 ἀϐάπτιστος
3125 1330 3233 1401 μὲν·
3255 1331 3300 1363 ³⁸
3336 1329 3531 1394 ἐτιῶν,
3567 1333 3713 1387 πάνυ

2123 1425 2180 1479 δὲ
2210 1424 2306 1477 τοῦ
2334 1424 2543 1477 δικαίου
2573 1424 2894 1494 φροντίζων,
2928 1424 3025 1477 καὶ
3050 1425 3175 1487 τοὺς
3220 1421 3475 1493 μείζονας
3512 1422 3713 1495 ἄρχον-

2122 1535 2221 1582 τας
2246 1519 2507 1587 γενναίως
2538 1517 2830 1588 διελέγχων
2855 1516 3195 1581 ἀδικοῦντας.
3254 1518 3313 1573 '0
3338 1517 3431 1571 οὖν
3466 1522 3508 1552 ³⁸
3537 1519 3713 1590 δῆμος

2122 1612 2473 1681 παυσάμενος
2495 1612 2593 1680 τῆς
2616 1609 2811 1681 ἔριδος,
2841 1608 3142 1681 ὁμοφώνως
3173 1611 3219 1643 ἰθ
3249 1610 3341 1664 τδν
3380 1611 3715 1684 ’Λμδρόσιον

2121 1703 2421 1757 ἐπίσκοπον
2447 1703 2806 1772 ἐψηφίσαντο,
2837 1704 2976 1775 ὅπερ
3005 1703 3246 1768 ἀκούσας
3261 1705 3711 1770 Οὐαλεντινιανὸς

429 1793 782 1851 dissensione
829 1795 1101 1865 deposita,
1148 1812 1259 1851 una
1293 1811 1427 1851 voce
1469 1812 1690 1867 unaque
1736 1797 2011 1851 sententia

2120 1794 2373 1849 ἐκέλευσε
2423 1796 2701 1872 μυηθέντα
2739 1797 3185 1868 χειροτονηθῆναι
3234 1798 3327 1852 τὸν
3377 1799 3713 1871 ’Λμὸρόσιον

431 1888 685 1957 designat
738 1888 1055 1958 episcopum
1110 1890 1488 1945 Ambrosium.
1541 1888 1696 1956 Quod
1742 1905 1866 1944 cum
1920 1905 2015 1942 au-

429 1982 574 2038 diret
618 1983 1060 2049 Valentinianus,
1114 1984 1407 2039 confestim
1456 1984 1825 2041 Ambrosium.
1852 1998 2013 2038 sacro

431 2077 783 2145 baptismatis
810 2078 917 2132 ritu
956 2078 1231 2132 initiatum
1266 2077 1512 2149 praecipit
1538 2078 1828 2148 epicopum
1865 2077 2014 2132 ordi-

430 2170 580 2231 nari,
632 2167 735 2224 sub
767 2168 1014 2223 omnium
1053 2179 1355 2240 conspectu
1389 2168 1499 2225 Deo
1531 2170 1739 2238 gratias
1766 2166 2014 2222 referens

428 2258 535 2330 52
568 2260 651 2315 his
683 2260 865 2317 verbis
897 2279 910 2317 :
949 2260 1169 2315 Gratias
1215 2262 1332 2328 tibi,
1372 2260 1601 2316 Domine
1645 2260 2011 2330 omnipotens,

427 2352 683 2408 Salvator
713 2364 921 2419 noster,
965 2357 1112 2427 quod
1141 2352 1267 2410 huic
1301 2356 1440 2417 viro,
1471 2354 1558 2409 cui
1587 2369 1880 2425 corporum
1913 2353 2013 2408 de-

426 2448 812 2504 mandaveram
842 2449 1243 2520 magistratum,
1275 2459 1353 2515 tu,
1384 2447 1644 2519 suﬂ‘ragio
1668 2464 1789 2504 meo
1813 2464 1842 2503 a
1868 2447 2013 2518 juris

423 2544 645 2600 tramite
689 2546 1007 2601 nullatenus
1046 2545 1378 2601 declinasse-
1406 2544 1662 2617 probato,
1702 2547 2009 2600 animarum

423 2648 612 2687 curam
633 2636 994 2692 commiseris.
1017 2635 1218 2690 Lucius
1247 2650 1413 2707 porro
1444 2634 1764 2703 iuvantibus
1793 2634 2011 2693 Arianis

428 2725 603 2780 multa
662 2728 809 2782 mala
865 2727 1211 2783 Alexandriae
1272 2727 1622 2799 perpetravit.
1690 2726 2007 2783 Dzemonum

422 2818 693 2887 siquidem
727 2820 1030 2876 cantilenas
1071 2820 1126 2874 in
1158 2818 1414 2884 ecclesia,
1460 2834 1581 2889 quae
1624 2817 1864 2874 Thoona:
1908 2834 2008 2876 no-

427 2908 579 2967 mine
643 2911 868 2981 dicitur,
927 2928 1035 2969 una
1087 2928 1212 2971 cum
1260 2914 1619 2970 saltatorihus
1683 2912 2010 2969 introductis

423 3004 673 3061 cecinere
714 3023 731 3073 ;
768 3006 1009 3079 virgines
1062 3010 1232 3064 etiam
1270 3007 1519 3063 vestibus
1555 3006 1795 3062 reductis
1830 3008 1885 3061 in
1929 3005 2013 3061 la-

424 3098 568 3155 ciem
598 3101 775 3156 nudas
814 3117 909 3171 per
942 3102 1133 3159 urbem
1166 3118 1290 3158 cum
1335 3100 1701 3157 atrocissiniis
1742 3099 2009 3157 conviciis
2034 3142 2078 3202 ϐ

423 3190 907 3248 circumducentes
942 3192 1425 3262 impudentissime
1452 3200 1956 3261 constupraverunt
1988 3207 2005 3245 :

423 3286 522 3339 sed
572 3293 627 3340 et
675 3286 973 3356 plerasque
1002 3286 1383 3351 confecerunt,
1418 3301 1651 3356 quarum
1685 3284 1849 3340 etiam
1887 3299 2017 3340 cor-

422 3393 559 3450 pora
608 3381 933 3449 parentibus
968 3383 1170 3438 misere
1203 3381 1628 3451 deposcentibus
1668 3380 1724 3434 in
1767 3378 2016 3449 sepultu-

422 3485 542 3526 ram
578 3472 808 3527 reddere
835 3483 1191 3530 recusarunt.
1225 3472 1538 3541 Quinetiam
1571 3472 1718 3527 intus
1741 3472 1806 3527 ad
1833 3471 2012 3541 ipsum

420 3564 609 3622 altaris
632 3568 935 3623 sacrarium
965 3584 1195 3637 puerum
1222 3568 1503 3640 cynzedum
1529 3567 1596 3622 ad
1639 3566 1817 3636 turpia
1839 3564 2016 3620 ollicia

419 3659 535 3716 illic
578 3663 888 3730 prastanda
923 3662 1299 3717 adduxerunt.
1328 3659 1469 3717 Cum
1505 3674 1637 3715 vero
1674 3668 1819 3714 totus
1851 3657 2005 3714 occi-

420 3751 559 3810 dens
584 3754 1078 3812 consubstantialis
1107 3752 1396 3810 Trinitatis
1428 3753 1589 3810 ﬁdem
1624 3751 2001 3824 proﬁteretur,

2118 1888 2435 1956 ἐπίσκοπον,
2486 1891 2828 1962 εὐχαριστῶν
2865 1892 2952 1944 ἐπ’
2983 1891 3141 1962 ὄψεσι
3193 1894 3412 1947 πάντων
3459 1894 3537 1964 τῷ
3586 1894 3713 1963 Θεῷ

2118 1982 2213 2034 καὶ
2236 1981 2445 2041 λέγων’
2498 1983 2671 2051 Χάρις
2724 1999 2827 2049 σοι,
2893 1982 3144 2038 Δέσποτα
3218 1986 3600 2058 παντοκράτορ
3636 1987 3708 2049 ι’,

2118 2073 2302 2145 Σῶτερ
2325 2075 2582 2147 ἡμέτερε,
2610 2078 2692 2130 ὅτι
2711 2076 2888 2147 ψυχὰς
2916 2077 3254 2149 ἐνεχείρισας
3279 2078 3416 2148 τῷδε
3441 2078 3518 2149 τῷ
3550 2080 3712 2152 ἀνδρὶ

2118 2168 2387 2235 σωμάτων
2412 2168 2633 2241 ἄρχοντι
2676 2169 2806 2239 παρ’
2836 2171 2972 2241 ἐμοῦ
2993 2171 3292 2242 γενομένῳ,
3323 2173 3419 2225 καὶ
3442 2172 3543 2236 τὰς
3565 2173 3712 2243 ἐμὰς

2115 2260 2329 2331 ψήφους
2361 2261 2577 2327 δικαίας
2597 2264 2885 2333 ἀπέφηνας
2915 2264 2980 2318 ⁸³.
3008 2264 3241 2326 Λούκιος
3269 2264 3325 2318 δὲ
3356 2265 3414 2317 ἐν
3456 2265 3711 2331 Ἀλεξαν-

2114 2352 2271 2423 δρείᾳ
2299 2352 2470 2406 πολλὰ
2521 2352 2670 2407 κακὰ
2704 2354 2801 2407 σὺν
2843 2356 2960 2417 τοῖς
3017 2355 3314 2422 Ἀρειανοῖς
3352 2354 3707 2424 διεπράξατο.

2115 2444 2272 2517 ᾪδὰς
2300 2445 2411 2514 γὰρ
2436 2445 2708 2517 δαιμόνων
2727 2446 2776 2485 ⁸³
2800 2447 2880 2510 εἰς
2908 2445 3009 2518 τήν
3040 2446 3231 2501 Θεωνᾶ
3258 2446 3556 2519 ἐκκλησίαν
3578 2444 3709 2522 ᾖδον

2114 2538 2210 2591 καὶ
2229 2537 2505 2610 ὀρχηστὰς
2538 2539 2759 2610 εἰσῆγον
2786 2540 2856 2603 ⁸⁸,
2880 2540 2987 2594 τῶν
3029 2540 3323 2611 παρθένων
3340 2541 3437 2605 τὰς
3470 2542 3712 2613 ἐσθῆτας

2115 2630 2615 2697 ἁποσκεπάζοντες,
2650 2632 2748 2686 σὺν
2781 2632 2939 2703 θυμῷ
2968 2634 3421 2706 ρινοκτυποῦντες
3444 2633 3579 2708 (15),
3610 2653 3711 2704 γυ-

2116 2726 2255 2797 μνὰς
2282 2725 2371 2781 διὰ
2399 2731 2500 2800 τῆς
2528 2728 2736 2791 πόλεως
2756 2729 3044 2799 περιῆγον,
3067 2728 3315 2799 ἀσελγῶς
3343 2730 3535 2793 αὐταῖς
3564 2729 3713 2801 χρώ-

2116 2836 2303 2893 μενον
2336 2820 2436 2885 τὰς
2467 2821 2524 2877 δὲ
2562 2823 2657 2876 καὶ
2684 2822 2913 2888 ἀνεῖλον,
2959 2821 3094 2892 μηδὲ
3137 2822 3274 2894 πρὸς
3304 2822 3482 2894 ταφὴν
3521 2823 3710 2887 δόντες

2112 2916 2224 2978 τοῖς
2261 2913 2479 2984 γονεῦσι
2524 2912 2594 2968 τὰ
2648 2913 2877 2985 σώματα
2930 2913 3112 2969 αὐτῶν
3148 2906 3281 2969 ’λίαν
3330 2914 3708 2986 ὀδυρομένοις.

2115 3006 2212 3072 Ei;
2237 3006 2294 3060 δὲ
2323 3006 2383 3060 τὸ
2409 3006 2797 3078 θυσιαστήριον
2831 3006 2977 3060 ἔνδον
3021 3006 3565 3077 μειράκιον.ἀσελγὲς
3618 3009 3711 3060 αι·-

2116 3099 2496 3172 σχρουργῆσαι
2514 3100 2813 3170 ἀνήγαγον.
2838 3100 2956 3170 Τῆς
2976 3100 3031 3152 δὲ
3055 3099 3273 3164 Δύσεως
3294 3100 3475 3169 πάσης
3497 3098 3709 3168 Τριάδα

2109 3194 2394 3262 ὁμοούσιον
2423 3192 2856 3264 πρεσϐευούσης,
2874 3194 3149 3263 ᾐτήσαντο
3172 3192 3216 3226 ⁸⁸
3236 3192 3707 3258 Οὑαλεντινιανὺν,

2109 3284 2206 3338 καὶ
2232 3283 2500 3354 ἐποίησαν
2525 3283 2744 3338 σύνοδον
2771 3285 2829 3337 ὲν
2852 3282 2931 3355 τῷ
2985 3284 3269 3357 Ἰλλυρικῷ
3299 3280 3436 3355 (14),
3472 3285 3568 3337 κα)⁸
3600 3285 3708 3356 τὴν

2110 3376 2170 3428 ὲν
2200 3372 2409 3445 Νικαίᾳ
2456 3372 2645 3443 ,πίστιν
2677 3374 2988 3443 ἐκύρωσαν.
3032 3375 3266 3430 ἰδικεον
3290 3373 3338 3408 ⁸⁵
3364 3376 3423 3429 δὲ
3457 3374 3709 3430 Οὐαλεν-

2109 3466 2348 3531 τινιανὸς
2378 3466 2617 3537 ἔγραψεν
2642 3468 2756 3529 τοῖς
2775 3469 2833 3520 ὲν
2875 3466 3031 3539 Ἀσία
3058 3467 3154 3521 καὶ
3174 3467 3388 3539 Φρυγίᾳ
3425 3462 3522 3522 καὶ
3551 3466 3709 3541 πάσῃ

2111 3559 2179 3629 τῇ
2210 3556 2255 3589 ⁸⁷
2296 3555 2555 3628 ’Δνατολῇ
2593 3557 2916 3621 ἐπισκόποις
2938 3552 3199 3629 ἐμμένειν
3227 3559 3339 3620 τοὶς
3374 3557 3712 3629 ὡρισμένοις

2113 3652 2267 3721 παρὰ
2321 3650 2424 3720 τῆς
2476 3650 2699 3703 συνόδου
2754 3649 3258 3720 παρεγγυώμενος,
3292 3651 3554 3705 κοινωνὸν
3611 3652 3710 3705 καὶ

2111 3743 2391 3798 Οὐάλεντα
2407 3742 2499 3796 τὸν
2518 3741 2747 3812 ἀδελφὸν
2782 3744 2878 3797 καὶ
2907 3736 3209 3814 Γρατιανδν
3242 3741 3355 3816 (15)
3380 3742 3473 3797 τὸν
3501 3742 3616 3797 υίδν
3646 3743 3711 3797 ἂν

1688 3862 1926 3922 VARle
1972 3856 2387 3917 LECTIONES.

489 3965 534 4003 ⁸⁷
561 3965 959 4043 ἐπισκόπησεν]
985 3965 1283 4043 ἐπίσκοπος
1315 3970 1378 4035 Α,
1412 3966 1542 4029 fort.
1571 3970 1977 4043 ἠπισκὸπησεν.
2028 3964 2102 4043 _"
2138 3964 2239 4043 iis}!
2264 3963 2389 4019 add.
2419 3977 2485 4017 ex
2512 3963 2591 4043 _A.
2669 3961 2714 4043 ξ’
2752 3962 2779 4015 ὁ
2811 3955 2902 4014 οὖν
2932 3960 3066 4043 Αηὸ
3088 3959 3144 4013 δὲ
3177 3960 3324 4043 Vulg.
3483 3958 3709 4043 ομοφώο

418 4054 526 4103 νως
550 4042 613 4103 Δ,
648 4032 965 4110 ὁμοφρῦνως
995 4041 1135 4111 vulg.
1159 4032 1495 4111 ἐψηφίσαντο
1523 4032 1923 4111 Α,’ὲψηφίσοὶτο
1954 4039 2111 4111 vulg.
2140 4032 2214 4068 ﬁ“
2249 4034 2636 4111 ἰτιιιντοξιρείιτορ⁸
2660 4032 3151 4111 Αηπαντοκρέιτωιρ
3182 4033 3358 4111 ναμε..
3408 4032 3455 4111 ξ’
3481 4034 3707 4111 ἀπέψη-

418 4126 515 4183 νας
542 4112 610 4175 A,
642 4113 931 4183 ἀποφήνας
963 4111 1114 4183 vulg.
1203 4111 1249 4143 “
1281 4114 1554 4182 δαιμόνων
1606 4114 1663 4178 b,

1739 4112 2006 4182 αιμονίων
2028 4108 2174 4182 vulg.

2253 4108 2299 4137 ⁸⁵
2326 4101 2549 4174 είσῆγον
2605 4101 2677 4168 Α,
2707 4105 3006 4171 εἰσήγαγον
3034 4101 3182 4171 vulg.
3261 4102 3305 4135 ⁸⁵
3337 4103 3614 4174 ᾐτήσαντο
3637 4101 3706 4173 Α,

419 4173 828 4255 magneta;
870 4180 920 4255 δέ
944 4173 1187 4255 Ῠῐνδιῖιτον
1211 4183 1255 4237 Α
1280 4200 1310 4237 a
1340 4173 1435 4239 c'd
1458 4201 1487 4241 e
1518 4183 1562 4255 f,
1594 4173 1732 4240 utet
1763 4173 1892 4238 mox
1940 4173 2200 4250 ἱνδίκτῴε
2253 4175 2349 4234 sed
2388 4173 2572 4231 tamen
2624 4175 2787 4231 unice
2825 4190 3014 4227 verum
3049 4187 3173 4227 esse
3220 4174 3437 4229 videtur
3460 4173 3705 4245 ήδικτον.

1725 4320 1867 4378 JAC.
1909 4316 2119 4377 GOAlll
2156 4314 2390 4373 NOTAE.

418 4246 523 4307 uir;
558 4269 612 4324 p.
636 4246 835 4310 203D.
908 4251 954 4286 ⁸⁷
982 4256 1052 4325 τῇ
1085 4253 1213 4309 add.
1244 4269 1308 4310 ex
1344 4256 1411 4309 A.

491 4418 602 4491 (ll)
659 4419 758 4478 llis
796 4422 1014 4492 quidem
1046 4423 1207 4477 annis
1255 4423 1657 4493 episcopatum,
1704 4434 1866 4493 quem
1899 4432 2004 4471 non

418 4495 599 4563 primo
620 4494 1042 4564 auspicabatur.
1071 4496 1247 4548 tenuit
1271 4492 1304 4547 :’
1326 4494 1395 4549 de
1421 4492 1531 4564 quo
1558 4492 1829 4547 Baronius
1859 4502 2007 4544 anno

416 4562 625 4635 Christi
658 4562 784 4628 569,
815 4581 966 4618 num.
998 4565 1060 4620 4i
1097 4574 1153 4619 et
1185 4578 1342 4635 seqq.
1440 4562 1456 4564 “
1498 4633 1527 4635 ,_
1688 4633 1697 4635 _
1747 4631 1758 4635 Δ
1845 4632 1855 4635 _
1919 4605 1927 4611 .

492 4634 605 4704 (l2)
633 4635 908 4691 Ambrosii
938 4635 1224 4698 electionis
1261 4631 1440 4692 annus
1486 4631 1857 4690 Valentiniani
1902 4648 2009 4687 un-

418 4705 669 4761 decimus
719 4706 1075 4777 Hieronymo,
1120 4707 1334 4760 auctori
1364 4706 1636 4772 decimus,
1672 4706 1891 4773 utrique
1924 4710 2009 4757 ta-

417 4792 567 4838 men.
603 4793 728 4832 cum
763 4777 1130 4848 hic-undecim
1163 4777 1527 4848 lantttinejtts
1564 4777 1717 4848 regni
1761 4782 2005 4839 censeat,

416 4849 775 4919 penultimus.
811 4842 1092 4919 Videndus
1117 4848 1171 4903 in
1202 4849 1347 4903 notis
1388 4842 1687 4904 Pontaeu's.

489 4918 600 4989 (15)
630 4918 947 4991 Legenduin
982 4920 1141 4989 plane
1169 4919 1268 4973 σὺν
1292 4919 1469 4991 θύμῳ,
1494 4920 1640 4989 quod
1663 4926 1748 4973 est
1766 4916 2007 4991 thymus,

418 4991 535 5045 sive
566 4989 810 5061 thymum
838 4989 1004 5044 herba
1037 5000 1165 5045 nota
1200 4991 1336 5045 satis
1365 5008 1380 5045 :
1407 4989 1531 5044 eum
1561 4991 1749 5059 thymo
1781 4990 2009 5061 naribus

418 5056 840 5130 obstrepentes;
872 5061 989 5116 sive
1020 5075 1086 5116 eo
1148 5062 1342 5115 leviter
1372 5076 1465 5117 eas
1523 5056 1817 5130 euidentes,
1862 5056 2009 5128 quod

417 5129 689 5201 ejusniOdi
730 5134 895 5187 herba
930 5134 997 5186 iis
1040 5132 1215 5186 soleat
1246 5132 1516 5198 adhiberi,
1565 5140 1706 5185 teste
1733 5129 2007 5194 Dioscor.,

417 5204 514 5273 qui
539 5202 631 5255 ob
663 5218 884 5258 crassos
915 5204 1178 5259 hutnores
1232 5203 1535 5273 deliquium
1577 5204 1881 5271 patiuntur,
1908 5216 2008 5254 cu-

411 5274 660 5345 jusmodi
708 5285 840 5346 sunt
897 5275 1177 5341 mulieres,
1235 5274 1365 5328 dum
1400 5276 1687 5346 patiuntur
1729 5289 1852 5341 quae
1880 5280 2010 5326 sunt

416 5355 651 5410 naturae,
674 5345 790 5399 sive
814 5362 944 5416 ergo
976 5353 1319 5415 contemptu,
1375 5349 1492 5401 sive
1523 5352 1583 5397 ut
1636 5359 1889 5416 venerem
1914 5358 2010 5416 ea-

414 5418 672 5481 citarent,
706 5417 786 5469 sic
815 5414 993 5471 sacris
1028 5414 1335 5485 virginibus
1368 5418 1619 5486 thymum
1656 5414 1885 5486 naribus
1906 5414 2008 5486 ad-

416 5486 675 5543 hibentes
709 5487 1033 5542 illudehant.
1092 5486 1242 5552 Quas
1272 5485 1524 5541 enim’sic
1572 5485 1811 5549 reductis
1844 5485 2011 5539 vesti-

416 5558 523 5614 bus
562 5557 736 5611 nudas
765 5557 1256 5612 circumducebant
1294 5573 1389 5627 per
1421 5558 1634 5615 urbem.
1672 5566 1725 5612 et
1746 5557 1813 5608 ad
1847 5571 2010 5611 nares

417 5629 727 5692 caedebant,
762 5629 825 5682 iis
857 5628 1129 5698 impudice
1150 5629 1541 5693 abntebantur,
1560 5627 2011 5698 ἀσελγῶςαύταῖς

416 5698 716 5770 χρώμενοι.
750 5697 1001 5769 adeoqtie
1036 5714 1143 5753 non
1178 5702 1441 5754 atrociter
1462 5699 1855 5770 cmdebant,_ut
1880 5697 2010 5752 red-

417 5768 559 5826 didit
611 5768 925 5839 interpres,
986 5786 1091 5824 non
1143 5771 1437 5825 attendens
1476 5771 1638 5823 aliam
1671 5768 1823 5823 vocis
1864 5770 2010 5823 illius

419 5842 527 5895 alio
559 5852 789 5897 accentu
826 5842 1311 5911 signiﬁcationem.
1357 5857 1522 5895 unam
1556 5848 1706 5895 certe
1746 5839 1836 5894 hic
1856 5855 2011 5895 com-

418 5911 663 5967 modam.
724 5911 817 5969 Est
863 5913 1025 5968 etiam
1083 5928 1329 5982 porrum,
1390 5928 1526 5982 cepa
1599 5913 1862 5983 agrestis;
1916 5912 2009 5966 sed

2115 4413 2287 4486 thymi
2333 4413 2517 4486 herba:
2574 4411 2658 4465 vis
2686 4420 2752 4486 et
2800 4422 2996 4466 natura
3028 4410 3115 4465 hic
3158 4410 3574 4481 congruentior,
3635 4410 3710 4468 ob

2115 4480 2317 4541 dictam
2350 4485 2648 4539 rationem.
2676 4480 2967 4537 ϐοηθείης.

2190 4556 2303 4626 (Η)
2349 4555 2429 4610 Ad
2485 4561 3068 4626 annumprmscntemi
3106 4551 3383 4626 Illyricam
3434 4552 3708 4626 synodum

2113 4623 2237 4685 ideo
2255 4636 2480 4682 revocat
2506 4623 2890 4693 Theophanes,
2926 4625 3070 4695 quod
3106 4632 3230 4692 post
3257 4624 3533 4695 A__mbrosii
3590 4625 3711 4680 ele—

2111 4702 2377 4764 ctionem,
2421 4698 2582 4752 modo
2623 4693 2977 4759 recensitam,
3014 4695 3224 4765 legerit,
3274 4693 3710 4761 'l‘heodoretum,

2113 4774 2209 4828 lib.
2278 4786 2350 4835 iv,
2406 4782 2531 4836 cap.
2571 4767 2627 4831 6,
2671 4764 2746 4836 de
2798 4766 2987 4821 eadem
3048 4764 3259 4833 synodo
3316 4772 3712 4821 contexentem

2112 4842 2427 4898 historiam.
2464 4835 2625 4894 Anno
2664 4835 2730 4889 Ι).
2765 4836 2873 4891 565
2921 4852 3041 4891 eam
3080 4837 3318 4891 habitam
3347 4844 3498 4904 putat
3533 4836 3712 4891 Baro-

2112 4915 2262 4975 nius,
2289 4908 2444 4966 n.'l7
2474 4918 2529 4964 et
2558 4924 2712 4977 seqq.
2740 4925 2753 4973 ;
2787 4916 2841 4961 at
2869 4923 2992 4961 cum
3023 4908 3071 4963 is
3089 4923 3266 4961 annus
3287 4906 3360 4959 sit
3387 4906 3533 4974 apud
3569 4923 3701 4962 eum

2112 4982 2487 5040 Valentiniani
2523 4979 2828 5044 secundus,
2864 4978 2958 5032 illo
3007 4993 3280 5048 nusquam
3311 4980 3574 5033 celebrari
3604 4995 3711 5050 po-

2112 5056 2289 5111 tuisse
2313 5067 2552 5120 sequens
2577 5059 2703 5120 nota
2732 5050 3098 5120 demonstrat.

2185 5125 2296 5198 (15)
2328 5118 2584 5198 Edictum
2612 5119 2982 5198 Valentiniani
3013 5118 3428 5198 Gratianqjarn
3450 5190 3461 5198 .
3484 5120 3705 5198 imperii

2114 5189 2377 5252 conserte
2397 5194 2681 5248 declarato
2711 5192 2918 5246 editum
2964 5200 3202 5246 constat.
3266 5189 3402 5243 Illud
3449 5190 3594 5243 idem
3635 5192 3704 5245 ad

2114 5268 2315 5339 Illyrici
2341 5264 2563 5320 concilii
2601 5264 2813 5317 litteras
2844 5263 3137 5339 S_)’l!_pd:ll€§
3165 5263 3472 5339 accessisse
3499 5260 3712 5339 indicat

2114 5332 2517 5399 'l'lieodoretus,
2547 5344 2601 5387 et
2624 5334 2896 5387 consentit
2932 5332 3203 5387 Baronius
3250 5333 3384 5386 locis
3414 5348 3588 5401 nuper
3622 5332 3711 5385 al-

2115 5412 2279 5465 latis:
2312 5424 2375 5461 ex
2426 5422 2537 5476 quo
2563 5414 2676 5459 lum
2703 5405 3023 5476 concilium,
3074 5411 3189 5476 turn
3220 5402 3459 5456 edictum
3496 5420 3709 5476 memo-

2114 5492 2294 5537 ratum
2354 5474 2573 5533 nonnisi
2615 5476 2881 5529 Gratiano
2916 5475 3029 5544 jam
3086 5475 3140 5529 in
3172 5474 3555 5533 imperatorem
3590 5474 3708 5530 elc-

2112 5562 2244 5609 vato
2274 5549 2450 5605 audiri
2512 5548 2755 5616 cwpisse
2786 5543 3059 5613 reliquum
3096 5554 3201 5616 est.
3252 5543 3454 5616 Errore
3509 5545 3708 5616 itaque

2116 5628 2377 5691 deceptus
2408 5628 2492 5675 est
2518 5612 2791 5691 Baronius
2825 5612 2921 5671 tibi
2941 5632 3086 5670 anno
3115 5614 3320 5691 Christ}
3352 5614 3476 5691 565.
3505 5612 3713 5691 Valen-

2114 5684 2308 5749 tiniaiii
2351 5689 2598 5747 secundo
2627 5698 2883 5742 accenset
2915 5699 3227 5756 utrumque,
3273 5684 3519 5741 Gratiani
3577 5703 3711 5742 vero

2113 5765 2517 5838 proniotionem
2551 5761 2713 5838 annis
2738 5760 2974 5838 duobus_
2997 5767 3268 5838 semovet,
3298 5757 3365 5838 ad
3397 5756 3603 5838 illiristi
3629 5759 3711 5838 vi:

2114 5827 2317 5893 ili-licet
2347 5834 2477 5893 367.
2531 5831 2703 5899 patris
2729 5840 2913 5885 autem
2950 5830 3013 5895 4;
3075 5828 3171 5885 sed
3206 5845 3275 5882 an
3307 5827 3582 5898 decipere,
3620 5834 3710 5887 vel

2117 5912 2170 5962 in
2205 5914 2444 5963 tfll'Ol‘Clll
2489 5898 2753 5958 inducere
2789 5903 3045 5969 voluerit,
3088 5898 3338 5955 Gratiani
3374 5900 3597 5955 nomine
3652 5900 3707 5960 in
