3962 6296
477 290 585 355 239

1873 286 2361 351 THEOPHANIS

3641 276 3750 341 2H)

475 406 716 457 nondum
774 408 1143 472 comparente,
1194 416 1318 456 cum
1368 400 1539 456 multo
1588 402 1849 456 comitum
1906 401 2048 457 fastu

2159 418 2243 454 νου
2280 398 2355 470 μὴ
2382 395 2645 459 ἐλθόντος,
2690 392 2925 465 ἔφθασεν
2956 391 2984 445 6
3020 388 3319 462 Νεστόριος
3356 386 3495 459 μετά
3536 387 3747 453 πολλῆς

475 494 762 553 Nestorius
790 494 1031 549 advenit.
1051 494 1147 550 Die
1178 494 1360 565 itaque
1385 490 1755 549 Juniimensis
1786 493 2047 548 vicesima

473 588 736 643 celebrari
789 586 955 657 cmpit
1003 586 1320 652 concilium,
1386 584 1642 642 Nestorio
1671 626 1686 650 ,
1736 586 1943 657 Cyrillo
1992 595 2049 641 et

475 683 693 738 Praulio
747 682 1038 737 conventui
1072 682 1516 753 praesidentibus,
1544 682 1748 752 Cyrillo
1789 697 1920 738 vero
1941 680 2050 737 Ro-

474 776 615 830 mani
661 774 934 845 pontificis
991 776 1172 830 locum
1221 775 1539 830 obtinente:
1581 776 1904 846 cunctisque
1933 776 2049 845 jam

473 869 807 939 tlicologicas
852 867 1269 938 disquisitiones
1324 865 1758 933 instituentibus,
1794 882 1899 935 non
1933 866 2052 922 sine

474 959 1063 1031 magna,arrogantiae
1109 962 1476 1017 ostentatione
1524 958 1664 1014 dixit
1720 958 2050 1014 Nestorius:

473 1055 609 1109 Eum
642 1054 918 1124 equidem,
954 1053 1048 1123 qui
1087 1052 1267 1107 bimus
1290 1062 1385 1107 aut
1431 1052 1626 1108 trimus
1658 1052 1882 1121 agnitus
1936 1051 2056 1108 fue-

474 1148 568 1211 rit,
610 1160 909 1217 nusquam,
942 1158 1043 1215 ego
1080 1144 1250 1200 Deum
1305 1146 1729 1217 appellaverimv:
1760 1156 2054 1218 eapropter

474 1238 715 1295 mundus
762 1252 884 1292 sum
932 1238 1000 1291 ab
1034 1238 1283 1291 omnium
1327 1247 1575 1293 vestrum
1606 1238 1908 1309 sanguine:
1955 1254 2054 1295 nec

474 1336 540 1389 ad
576 1348 672 1387 vos
733 1331 1077 1402 postmodum
1112 1345 1200 1385 me
1236 1332 1431 1401 quavis
1484 1332 1696 1387 ratione
1748 1332 2052 1387 rediturum

479 1436 670 1481 testor.
706 1422 805 1479 His
836 1423 1017 1487 dictis,
1043 1436 1168 1477 cum
1198 1436 1292 1478 sex
1315 1421 1591 1493 episcopis
1620 1422 1741 1493 ejus
1768 1413 2055 1479 sententia:

476 1515 908 1585 obsequentibus
934 1526 1190 1584 egressus
1242 1521 1349 1568 est.
1388 1512 1580 1584 Cyrilli
1625 1528 1889 1584 sequaces
1954 1526 2052 1582 po-

476 1620 620 1665 slcra
672 1608 793 1662 luce
844 1602 1184 1675 congregati,
1212 1613 1325 1660 tres
1355 1604 1675 1674 episcopos,
1734 1603 1825 1675 qui
1848 1601 2056 1660 Nesto-

476 1706 617 1758 rium
660 1708 942 1767 vocarent,
979 1698 1296 1756 destinant:
1323 1698 1528 1768 quibus
1558 1697 1783 1753 obedire
1834 1696 2048 1760 renuit:

2152 490 2489 557 ἀλαζονείας.
2529 487 2639 543 Καὶ
2673 490 2738 559 τῇ
2772 488 2993 557 εἰκοστῇ
3018 482 3111 537 τοῦ
3138 482 3356 538 Ἰουνίου
3384 480 3549 553 μηνὸς
3584 480 3753 551 ἔκρο-

2151 587 2292 656 τήθη
2319 586 2353 656 η
2386 582 2623 649 σύνοδος,
2655 579 2954 660 Νεστορίου
2987 579 3085 632 καὶ
3128 573 3399 647 Κυρίλλου
3430 572 3526 626 καὶ
3552 573 3749 642 Βραυ-

2152 679 2265 730 λίου
2318 673 2826 747 προκαθεσθέντων,
2876 668 2971 723 τοῦ
3022 667 3080 721 δὲ
3136 664 3406 738 Κυρίλλου
3445 662 3536 717 τὸν
3579 662 3752 715 τόπον

2150 770 2244 824 τοῦ
2272 768 2489 839 Ῥώμης
2503 766 2790 837 ἐπέχοντος
2810 781 2824 798 ο
2850 764 2944 818 καὶ
2969 762 3188 817 πάντων
3210 756 3611 831 θεολογούντων
3634 750 3752 825 (ιδ)

2151 861 2301 928 λέγει
2326 860 2354 912 6
2381 859 2677 928 Νεστόριος
2702 854 2841 927 μετά
2891 852 3093 925 πολλῆς
3142 848 3462 914 ἀλαζονείας
3487 862 3502 875 ⁶
3536 864 3555 899 ι
3603 842 3755 915 Ἐγὼ

2152 956 2213 1009 τὸ
2248 953 2539 1024 γενόμενον
2583 952 2629 982 ⁷⁵
2660 948 2951 1020 διμηναῖον
3015 943 3111 998 καὶ
3168 942 3493 1014 τριμηναῖον
3536 938 3647 991 οὐκ
3686 935 3755 1024 διν

2152 1021 2286 1095 Θεὸν
2321 1021 2649 1112 ὀνομάσαιμι
2679 1036 2745 1089 ⁷⁸.
2786 1035 2901 1089 Καὶ
2923 1032 3012 1089 διὰ
3032 1030 3194 1086 τοῦτο
3220 1028 3467 1109 καθαρός
3496 1040 3619 1097 ειμι
3643 1021 3757 1078 ἀπὸ

2152 1133 2247 1189 τοῦ
2274 1134 2509 1204 αἵματος
2537 1129 2721 1202 ὑμῶν’
2759 1128 2855 1182 καὶ
2889 1127 2999 1181 ἀπὸ
3025 1122 3120 1179 τοῦ
3148 1122 3244 1177 νῦν
3276 1122 3415 1204 πρὸς
3440 1118 3589 1204 ὑμᾶς
3647 1115 3755 1168 οὐκ

2154 1202 2595 1297 ἐπανέρχομαι⁷⁶
2627 1239 2651 1258 ε·
2695 1241 2714 1275 ι
2751 1221 2847 1275 καὶ
2894 1218 3069 1274 ταῦτα
3109 1202 3319 1280 εἰπὼν,
3350 1202 3580 1285 ἐξῆλθεν
3609 1209 3758 1282 μετά

2155 1320 2214 1387 ἓξ
2248 1318 2564 1373 ἐπισκόπων
2598 1298 2710 1370 τῶν
2740 1312 2935 1385 γνώμῃ
2964 1308 3451 1381 ἀκολουθησάντων
3472 1302 3651 1387 αὐτῷ.
3686 1301 3754 1354 Ol

2155 1384 2211 1467 et
2241 1413 2369 1484 περὶ
2402 1410 2671 1483 Κύριλλον
2721 1410 2787 1480 τῇ
2836 1384 2969 1476 ἑξῆς
2998 1404 3364 1466 συνελθόντες,
3415 1384 3757 1455 ἀπέστειλαν

2154 1509 2303 1579 τρεῖς
2324 1484 2659 1567 ἐπισκόπους
2696 1500 2924 1555 καλέσαι
2948 1498 3133 1566 αὑτὸν,
3160 1498 3256 1551 καὶ
3288 1495 3388 1565 οὐχ
3410 1494 3754 1574 ὑπήκουσεν.

2170 1601 2407 1672 Ὁμοίως
2460 1598 2518 1652 δὲ
2549 1598 2643 1652 καὶ
2672 1595 2928 1667 δεύτερον
2973 1578 3070 1648 καὶ
3103 1590 3287 1662 τρίτον
3330 1587 3425 1642 καὶ
3485 1586 3755 1661 τέταρτον

2158 1692 2523 1768 προσκληθεὶς
2557 1690 2661 1745 ὑπὸ
2686 1689 2787 1760 τῆς
2819 1687 3039 1743 συνόδου
3059 1726 3075 1753 ,
3103 1685 3164 1740 οὐ
3193 1681 3546 1755 παρεγένετο.
3586 1673 3757 1729 Ἀλλά

474 1796 775 1865 eodemque
798 1802 960 1865 pacto
988 1792 1230 1848 secundo
1251 1801 1305 1863 et
1329 1792 1550 1856 iterum,
1590 1791 1699 1847 imo
1724 1800 1923 1862 quarto
1959 1806 2051 1846 ac—

2159 1764 2255 1844 καὶ
2282 1790 2406 1852 τοὺς
2434 1785 2727 1849 σταλέντας
2743 1780 3066 1853 ὑϐρισθῆναι
3094 1779 3187 1833 καὶ
3206 1773 3579 1848 ἀτιμασθῆναι
3604 1786 3756 1865 παρ⁴

476 1889 728 1950 cersitus,
749 1902 856 1942 non
871 1884 1129 1951 accessit;
1146 1883 1240 1941 sed
1260 1893 1313 1940 et
1341 1883 1550 1955 legatos
1576 1883 1793 1954 injuriis
1812 1883 2057 1954 probris-

477 1994 582 2049 que
611 1978 855 2049 respergi
884 1974 1297 2047 providit.Tum
1319 1990 1450 2033 vero
1467 1975 1743 2047 delegatos
1769 1975 2057 2047 episcOpos

478 2072 693 2143 injuriis
714 2072 783 2126 ita
805 2070 1129 2140 probrisque
1148 2068 1373 2126 affectos
1406 2076 1606 2125 sancta
1643 2079 1694 2124 et
1717 2069 2055 2124 mcumenica

478 2164 715 2238 synodus
731 2163 1009 2233 excipiens
1029 2162 1359 2219 sententiam
1377 2162 1489 2234 78
1503 2162 1765 2218 adversus
1783 2177 1906 2217 eum
1932 2176 2059 2231 pro-

479 2258 749 2313 nuntiavit
771 2265 826 2311 et
851 2256 999 2311 omni
1030 2270 1185 2311 sacra
1224 2254 1488 2328 dignitate
1520 2254 1759 2311 alienum
1800 2255 2058 2325 deinceps

482 2350 721 2405 futurum
744 2346 925 2403 sanxit
953 2365 967 2401 :
989 2347 1241 2418 hancque
1262 2360 1447 2403 veram
1476 2354 1531 2403 et
1558 2345 1919 2403 indubitatam
1940 2345 2058 2416 ejus

478 2441 877 2514 depositionem
926 2438 1291 2513 praesentiet
1347 2454 1533 2496 coram
1563 2439 2055 2496 denuntiaverunt.

481 2539 577 2597 llis
607 2539 683 2595 ita
718 2536 996 2610 perfectis,
1029 2534 1269 2593 Joannes
1294 2535 1607 2592 Antiochiae
1653 2535 1855 2607 praesul
1885 2551 1981 2592 sex
2006 2544 2060 2591 et

478 2631 667 2702 viginti
693 2630 987 2686 comitatus
1011 2628 1285 2700 episcopis
1317 2628 1480 2684 tertia
1510 2628 1599 2685 die
1625 2626 1869 2684 advenit.
1899 2626 1967 2682 lli
1990 2627 2058 2683 de

477 2722 714 2787 Nestorii
741 2721 1195 2779 exauctoratione
1221 2721 1489 2779 certiores
1518 2720 1671 2789 facti,
1722 2737 1782 2778 se
1812 2737 1842 2777 a
1865 2729 2059 2777 sancto

479 2817 713 2874 concilio
752 2823 1198 2889 segregaverunt,
1231 2813 1639 2885 separatimque
1661 2829 1785 2877 cum
1805 2812 2059 2870 Nestorio

477 2909 847 2977 considentes,
879 2906 1144 2980 Cyrillum
1196 2919 1251 2963 et
1298 2906 1645 2963 Memnonem
1693 2906 2056 2978 Ephesiorum

480 3002 778 3058 antistitem
810 2998 1172 3071 depositione,
1202 3007 1264 3054 ut
1328 2997 1433 3055 sibi
1466 2997 1776 3063 videbatur,
1826 2995 2058 3063 mulcta-

2155 1882 2451 1938 εσκεύασεν
2476 1882 2545 1935 ⁷⁷.
2595 1879 2730 1933 Τότε
2766 1877 2799 1948 ἡ
2844 1875 2974 1946 ἁγία
3001 1874 3096 1928 καὶ
3136 1868 3494 1940 οίκουμενικὴ
3526 1863 3754 1947 σύνοδος

2156 1975 2520 2048 ὑϐρισμένους
2551 1974 2643 2028 καὶ
2682 1967 3091 2041 ἡτιμασμένους
3134 1962 3406 2033 δεξαμένη
3448 1960 3579 2031 τοὺς
3610 1956 3755 2048 ἀποξ

2159 2069 2452 2130 σταλέντας
2479 2063 2837 2128 ἐπισκόπους,
2883 2059 3204 2129 ἀπεφήνατο
3252 2054 3373 2109 κατ’
3402 2047 3597 2115 αὐτοῦ,
3656 2046 3755 2101 καὶ

2156 2160 2437 2233 ἀλλότριον
2472 2158 2637 2213 αὐτὸν
2672 2155 2872 2227 ὥρισεν
2913 2152 3117 2215 παντὸς
3168 2143 3449 2221 ἱερατικοῦ
3497 2140 3758 2214 ἀξιώμα-

2156 2272 2246 2319 τος
2265 2252 2443 2322 ⁷⁸,καὶ
2464 2249 2791 2309 ἀπέστειλαν
2810 2246 2962 2319 αύτῷ
2988 2246 3068 2310 εἰς
3093 2243 3386 2314 πρόσωπον
3415 2237 3516 2305 τὴν
3540 2234 3755 2291 οἰκείαν

2157 2349 2501 2421 καθαίρεσιν.
2552 2344 2770 2401 Τούτων
2803 2342 2946 2398 οὕτω
2978 2340 3363 2401 τελεσθέντων,
3398 2333 3564 2407 ἦλθεν
3610 2329 3756 2401 μετά

2156 2445 2307 2514 τρεῖς
2339 2442 2555 2514 ἡμέρας
2596 2440 2903 2511 Ἰωάννηςό
2947 2432 3279 2505 Ἀντιοχείας
3330 2429 3636 2512 ἐπίσκοπος
3674 2425 3755 2477 εί-

2159 2554 2279 2591 κοσι
2307 2536 2371 2603 ἐξ
2402 2532 2738 2597 ἐπισκόπους
2784 2531 2924 2601 ἔχων
2954 2528 3073 2601 μεθ’
3115 2523 3312 2581 ἑαυτοῦ
3337 2540 3349 2553 ·
3414 2522 3617 2583 οἵτινες
3651 2534 3758 2590 μα-

2160 2630 2346 2692 θόντες
2364 2625 2763 2699 καθαιρεθέντα
2784 2624 2829 2656 ⁷⁸
2845 2622 3030 2687 αὑτὸν,
3055 2617 3451 2689 ἀποσχίσαντες
3463 2612 3566 2683 τῆς
3583 2610 3755 2679 ἁγίας

2160 2723 2401 2788 συνόδου,
2442 2722 2539 2776 καὶ
2592 2718 2733 2789 μετὰ
2760 2715 3057 2788 Νεστορίου
3090 2710 3569 2784 συνεδρεύσαντες,
3614 2704 3756 2761 καθ-

2159 2817 2324 2881 εῖλον,
2387 2815 2464 2881 ὡς
2514 2814 2811 2885 ἐνόμισαν,
2870 2810 3141 2883 Κύριλλον
3192 2807 3289 2864 καὶ
3337 2806 3603 2877 Μέμνονα
3659 2800 3755 2855 τὸν

2172 2909 2440 2981 Ἐφέσιον.
2503 2905 2856 2979 Θεοδὼρητος
2915 2904 3103 2976 μέντοι
3176 2901 3407 2973 νομίσας
3476 2893 3757 2968 nepeta»

2161 3002 2555 3074 καταδραμεῖν,
2602 3006 2671 3055 τὰ
2701 2997 2911 3053 δώδεκα
2946 2997 3237 3067 Κεφάλαια
3274 2989 3753 3066 παρεξηγησάμε-

479 3104 696 3152 verunt.
752 3092 1131 3149 Tlteodoretus
1190 3105 1325 3148 sane
1386 3090 1658 3164 Cyrillum
1712 3089 1973 3149 insectari
2006 3098 2057 3146 et

2161 3115 2271 3163 νος,
2330 3096 2511 3150 ἐκεῖσε
2545 3093 2639 3149 τὸν
2680 3092 2978 3165 Νεστορίου
3017 3091 3285 3164 ἐξήμεσεν
3346 3088 3446 3143 ἱόν.
3491 3084 3554 3141 '0
3586 3084 3647 3139 δὲ
3694 3081 3755 3135 ὲν

480 3190 811 3259 redarguere
846 3178 1167 3255 arbitratus,
1216 3184 1508 3243 duodecim
1542 3184 1817 3257 capitibus
1855 3199 2057 3258 perpee

482 3298 597 3337 ram
625 3278 914 3351 expositis,
944 3275 1193 3334 .Nestorii
1221 3277 1376 3334 virus
1406 3292 1568 3335 omne
1607 3278 1907 3334 evomitum
1956 3291 2058 3333 suo

481 3374 716 3447 repersit
766 3372 942 3444 operi.
991 3368 1232 3427 Sanctus
1287 3379 1476 3427 autem
1533 3369 1778 3442 Cyrillus
1841 3368 2057 3426 fortiter

482 3464 775 3533 insurgens
804 3476 1032 3518 suorum
1097 3459 1472 3532 capitulorum
1536 3458 1913 3516 defensionem
1975 3460 2057 3516 in-

482 3558 699 3623 struxit,
731 3555 1127 3626 expositionem
1153 3552 1425 3619 adhibuit,
1449 3562 1505 3610 et
1528 3553 1582 3608 in
1608 3553 1785 3609 lucem
1836 3553 2059 3625 prolato

478 3648 873 3707 ecclesiastica:
918 3646 1205 3703 doctrina:
1240 3644 1523 3713 thesauro,
1552 3660 1719 3717 quam
1761 3645 1829 3701 ad
1876 3646 2069 3716 pietas

484 3751 590 3796 tem
620 3739 841 3809 propria
879 3736 1192 3792 collimaret
1234 3734 1528 3800 sententia,
1587 3734 1835 3791 omnium
1885 3735 2063 3791 oculis

484 3832 718 3889 reddidit
750 3829 1126 3886 manifestum.
1161 3830 1204 3883 Α
1236 3836 1424 3884 sancta
1452 3828 1803 3898 postmodum
1850 3828 2061 3901 synodo

485 3924 720 3981 tertium-
750 3932 975 3979 vocatus
1032 3921 1486 3977 Antiochensium
1544 3921 1743 3991 praesul
1795 3919 2058 3986 Joannes,

485 4037 611 4076 cum
653 4018 921 4083 accedere
968 4019 1313 4082 detractaret,
1368 4015 1652 4073 adversam
1707 4016 2061 4086 excepitcum

486 4111 652 4168 sociis
670 4108 1021 4172 sententiam,
1052 4108 1188 4163 adeo
1220 4115 1278 4162 ut
1304 4106 1453 4162 omni
1490 4106 1753 4162 Ecclesiae
1807 4119 2060 4162 remove-

485 4212 677 4259 rcnlur
707 4202 1034 4267 ministerio,
1057 4200 1234 4257 donec
1264 4200 1467 4271 arrepti
1486 4200 1704 4257 consilii
1731 4200 2062 4274 ptenitentes

485 4298 788 4354 admissam
850 4295 1152 4363 faterentur
1190 4292 1471 4366 ,culpam.
1544 4292 1612 4349 Et
1669 4294 1786 4351 haec
1840 4294 2061 4365 quidem

488 4397 683 4445 sancta
711 4386 957 4444 definivit
977 4386 1240 4459 synodus,
1268 4399 1381 4456 quo
1424 4393 1721 4454 constaret,
1756 4386 1965 4463 quaevis
2007 4386 2062 4440 in

2156 3192 2332 3263 ἁγίοις
2374 3189 2647 3262 Κύριλλος
2685 3187 2953 3259 γενναίως
3002 3184 3296 3248 διαναστὰς
3342 3183 3483 3255 ύπὶρ
3513 3180 3625 3236 τῶν
3649 3181 3757 3234 αὐ-

2154 3284 2249 3340 τοῦ
2266 3283 2596 3353 Κεφαλαίων
2628 3282 3033 3353 ἀπελογήσατο,
3072 3276 3394 3353 ἑρμηνεύων
3426 3274 3596 3343 αὐτὰ,
3658 3273 3758 3329 καὶ

2155 3377 2247 3432 τὸν
2278 3377 2337 3431 ὲν
2380 3376 2568 3440 αὐτοῖς
2620 3373 3078 3446 ἐκκλησιαστικὸν
3136 3369 3412 3443 θησαυρὸν
3462 3366 3756 3424 ἀνακαλῶ⁶

2157 3490 2329 3533 πτων,
2354 3472 2446 3524 καὶ
2474 3469 2564 3524 τὸν
2590 3470 2792 3522 οἰκεῖον
2829 3467 3031 3538 εὐσεϐῆ
3060 3463 3263 3520 σκοπὸν
3286 3460 3676 3536 φανεροποιῶν
3705 3461 3753 3493 ⁸⁸

2158 3567 2346 3620 πᾶσιν.
2389 3562 2528 3617 Ὑπὸ
2578 3562 2635 3616 δὲ
2668 3560 2768 3631 τῆς
2824 3560 2988 3629 ἁγίας
3043 3558 3270 3614 συνόδου
3305 3556 3531 3628 κληθεὶς
3583 3558 3613 3610 6
3651 3555 3757 3626 τῆς

2170 3656 2490 3729 Ἀντιοχέων
2530 3656 2787 3727 Ἰωάννης
2828 3655 2895 3709 ὲκ
2935 3652 3144 3724 τρίτου,
3188 3650 3386 3723 καὶμὴ
3424 3649 3757 3713 ὑπακούσας

2158 3748 2252 3803 τοῦ
2282 3747 2711 3821 παραγενέσθαι.
2745 3743 3025 3815 ἀπόφασιν
3080 3742 3302 3809 ἐδέξατο
3341 3742 3439 3796 σὺν
3472 3742 3589 3806 τοῖς
3630 3738 3756 3811 μετ’

2161 3841 2331 3897 αὐτοῦ
2372 3841 2456 3905 ὡς
2485 3837 2899 3912 ἀλλοτριοῦσθαι
2929 3837 3108 3907 πάσης
3137 3833 3605 3905 ὲκκλησιαστικῆς
3634 3850 3759 3887 ,κοι-

2160 3933 2357 3997 νωνίας
2384 3933 2454 3997 ⁸⁸,
2480 3930 2638 4003 ἄχρις
2687 3929 2754 3984 ἂν
2802 3928 3015 3983 ἑαυτῶν
3048 3926 3413 3996 καταγνόντες
3461 3924 3525 3979 τὸ
3549 3926 3755 3978 οικεῖον

2160 4027 2569 4098 ὁμολογήσωσιν
2603 4021 2850 4095 σφάλμα.
2912 4022 3021 4077 Καὶ
3056 4020 3214 4074 τοῦτο
3244 4018 3289 4052 ⁸³
3325 4020 3366 4091 ἡ
3410 4018 3545 4087 ἁγία
3564 4016 3756 4090 -ὦρισι

2163 4120 2403 4185 σύνοδος,
2436 4117 2577 4172 ὥστε
2605 4116 2676 4170 τὰ
2693 4115 2850 4188 παρά
2870 4115 2980 4170 τῶν
3005 4112 3343 4169 ἀνατολικῶν
3373 4111 3635 4182 ἀθέσμως
3659 4110 3755 4165 καὶ

2161 4213 2530 4277 ἀκανονίστως
2560 4212 2645 4282 ἐφ’
2677 4211 2834 4284 ὕϐρει
2876 4211 2985 4265 τῶν
3016 4208 3340 4279 ἀγιωτάτων
3370 4206 3472 4277 τῆς
3512 4204 3754 4277 Ἐκκλη-

2164 4307 2287 4370 σίας
2310 4305 2590 4377 προέδρων
2637 4304 2909 4378 Κυρίλλου
2948 4305 3045 4359 καὶ
3080 4304 3365 4375 Μέμνονος
3421 4299 3578 4371 ἰσχύν
3624 4316 3754 4353 τινα

2167 4396 2293 4467 μηδ’
2328 4397 2467 4460 ὅλως
2510 4395 2675 4467 ἔχειν.
2704 4394 2923 4450 Τούτων
2972 4393 3153 4448 τοίνυν
3182 4392 3403 4448 πάντων
3453 4392 3512 4458 ἐξ
3546 4392 3756 4459 ἀναφο-

486 4480 750 4557 Cyrillum
782 4489 835 4533 et
855 4478 1198 4535 Memnonem
1218 4477 1595 4535 sanctissimos
1641 4478 1899 4551 Ecclesiae
1924 4494 2057 4550 prm-

2166 4492 2265 4561 ρᾶς
2300 4489 2345 4521 ⁸³
2388 4488 2467 4559 τῷ
2500 4488 2711 4560 βασιλεῖ
2766 4487 3034 4559 Θεοδοσίῳ
3080 4486 3478 4557 ἀνενεχθέντων
3507 4484 3581 4549 ⁸⁸,
3630 4486 3755 4538 ὲκε-

488 4575 635 4630 sides
665 4583 864 4644 praeter
898 4571 1129 4643 pietatis,
1139 4572 1264 4644 jura
1291 4576 1346 4626 et
1376 4586 1654 4627 canonum
1680 4572 2061 4628 auctoritatem

487 4676 773 4733 attentata,
796 4665 997 4720 nullius
1022 4664 1248 4720 omnino
1270 4664 1489 4719 roboris
1513 4678 1635 4721 esse
1662 4666 1747 4720 vel
1765 4665 2062 4722 ﬁrmitatis.

492 4763 679 4829 itaque
721 4758 1115 4815 controversiis
1167 4757 1234 4814 de
1266 4757 1351 4815 bis
1398 4758 1657 4814 omnibus
1703 4759 1958 4829 agitatis,
2001 4775 2067 4814 ac

490 4853 711 4922 scriptis
731 4852 799 4907 ad
820 4851 1195 4909 Theodosium
1221 4851 1606 4923 imperatorem
1626 4852 1831 4917 relatis,
1856 4854 2067 4910 utrius-

492 4963 599 5014 (με
642 4946 811 5015 partis
834 4946 1077 5016 episcopi
1133 4943 1343 5015 Cpolim
1384 4945 1606 5001 tendere
1641 4945 1803 5015 jussi.
1834 4945 2065 5003 Conve-

2169 4582 2473 4653 λεύσθησαν
2503 4583 2568 4637 ἐκ
2585 4582 2696 4636 τῶν
2713 4580 3039 4652 ἀμφοτέρων
3069 4579 3253 4651 μερῶν
3280 4577 3573 4632 ἐπίσκοποι
3594 4575 3754 4630 ἀνελ-

2172 4673 2285 4727 θεῖν
2318 4676 2375 4727 ὲν
2409 4671 3012 4732 Κωνσταντινουπόλει.
3049 4671 3143 4726 καὶ
3174 4670 3492 4733 ἀνελθόντες
3526 4672 3596 4741 τῇ
3631 4684 3756 4721 συν-

2173 4766 2365 4837 εργείᾳ
2396 4766 2489 4819 τοῦ
2509 4764 2648 4818 Θεοῦ
2677 4764 2937 4834 ἐνίκησαν
2973 4766 3021 4819 οἱ
3046 4765 3145 4834 τῆς
3172 4764 3333 4833 ἁγίας
3367 4763 3587 4816 συνόδου
3610 4777 3625 4791 ⁶
3660 4762 3754 4815 καὶ

2174 4858 2514 4931 κυρωθείσης
2539 4861 2639 4930 τῆς
2664 4858 3035 4929 καθαιρέσεως
3054 4858 3377 4928 Νεστορίου,
3407 4854 3753 4927 Μαξιμιανὺς

2172 4952 2558 5023 χειροτονεῖται
2587 4949 2885 5015 ἐπίσκοπος
2912 4950 3556 5017 Κωνσταντινουπόλεως,
3626 4962 3754 5020 πρε-

1784 5061 2019 5120 VARUE
2058 5063 2353 5123 LECTION
2363 5066 2469 5122 ES.

564 5155 609 5226 τέ
632 5153 692 5205 τὸ
729 5170 845 5220 γεν.
868 5153 937 5220 Α,
965 5154 1058 5226 τὸν
1086 5172 1141 5223 γ.
1170 5155 1318 5226 vulg.

1406 5156 1448 5189 ⁷⁸
1471 5154 1803 5241 όνομάσαιμι
1862 5156 1930 5241 ᾼ,
1974 5159 2339 5241 ,ὀνομάσοιμιι
2364 5161 2509 5231 vulg.
2582 5161 2974 5241 :°_&vépxoppt_
3006 5163 3054 5216 Δ
3091 5175 3140 5216 e.

3236 5162 3279 5234 ⁷ῖ
3312 5160 3751 5234 παρεσκεύασεν]

493 5225 778 5311 ἐκέλευσεν
806 5240 855 5289 c,
888 5225 1107 5311 ρυλΑᾹ-
1149 5225 1191 5257 ⁷⁸
1231 5225 1507 5311 ἱεριατικοξ
1528 5225 1952 5311 όιίξιιῦματοςμὶἰ
1974 5225 2558 5311 ἱερατικούτάγμαῖιος
2583 5225 2830 5311 δηλονότι
2852 5225 3162 5311 ἀξιώματος
3184 5232 3331 5303 vulg.
3396 5225 3459 5311 ’ξ’
3489 5225 3752 5302 καθαιρειῖ

496 5297 655 5372 θέντα
812 5294 1208 5372 καθαιρεθῆναι
1238 5294 1407 5372 vulgi
1457 5297 1501 5328 '°
1520 5294 1895 5372 φανεροποιῶν
1924 5294 2276 5372 Α,νᾼξρανερῶν
2311 5294 2459 5372 vulg.

496 5364 617 5418 Par.
694 5365 738 5396 ⁵²
768 5364 925 5435 τοῦτο
955 5367 987 5435 ἡ

495 5437 541 5466 ⁸³
572 5434 1042 5506 ἀνενεχθέντωνλ
1078 5438 1191 5502 alii,
1218 5434 1591 5506 ἀνενεχθεῖσᾶι
1614 5438 1757 5511 vulg.

2581 5303 2622 5335 ⁸³
2657 5303 2939 5374 κοινωνίας
2968 5302 3129 5358 codd.
3162 5301 3375 5369 omnes,
3409 5301 3753 5374 λειτουργίας

1024 5368 1089 5432 Α,
1114 5366 1273 5446 τοῦτο
1297 5367 1353 5419 δὲ
1385 5367 1589 5446 ήμνιιις.
1650 5366 1699 5446 ⁸ξ
1720 5369 1937 5423 πάντων
1968 5366 2331 5442 ὲξάναῲορᾶς
2358 5366 2541 5437 Αὀιὶἰ,
2573 5374 2795 5429 πάντων
2824 5376 2880 5427 αἱ
2912 5373 3169 5444 διαφοραὶ
3199 5375 3266 5428 δι’
3289 5366 3571 5445 ἀναφορᾶς
3596 5366 3746 5446 'vttlg.

1816 5532 1957 5589 JAC.
1989 5531 2198 5588 GOARI
2230 5532 2464 5588 ΝΟΤιΕ.

571 5621 980 5696 (65)_Universis
1002 5620 1275 5696 Christum
1305 5623 1468 5696 Deum
1486 5625 1902 5693 proﬁtentibus;
1936 5642 2073 5696 quo-

498 5702 618 5767 rum
657 5692 760 5767 pia:
805 5692 1143 5749 confessioni
1176 5709 1291 5767 “sua
1334 5696 1423 5748 illa
1459 5692 1777 5763 blasphema
1812 5692 2072 5767 opposuit

496 5760 801 5829 Hosto—rius,
842 5778 1118 5835 nunquam
1174 5762 1342 5820 Deum
1406 5781 1465 5821 se
1520 5760 1941 5836 appellaturum,
1978 5767 2074 5838 qui

2182 5626 2412 5700 duorum
2448 5638 2540 5700 aut
2581 5627 2748 5682 trium
2784 5633 3053 5685 mensium
3085 5644 3223 5700 puer
3252 5642 3414 5687 natus
3434 5639 3601 5687 esset.
3634 5629 3748 5686 Non

2180 5713 2313 5773 ergo
2339 5699 2477 5773 bene
2508 5698 2775 5773 Buccard.
2811 5698 3161 5773 autinterpr.
3198 5704 3401 5757 cunctis
3426 5703 3745 5773 theologica:

2182 5769 2577 5841 disquisitione:
2602 5771 3021 5827 instituentibus.
3058 5769 3343 5829 Constans.
