3962 6296
483 360 591 427 247

478 583 677 629 tarent.
711 572 878 628 Jussu
914 568 1227 627 istiusmodi
1269 578 1512 641 accepto,
1552 569 1837 641 populum,
1888 578 1946 623 ut
1994 568 2066 623 ita

477 672 716 728 caneret,
740 673 963 719 sanctus
985 662 1210 719 Proclus
1229 661 1551 717 adhortatus
1572 671 1674 725 est,
1698 668 1752 714 et
1778 658 2065 715 confestim

477 767 649 812 terrm
669 756 874 826 quievit
907 765 1109 810 motus.
1138 754 1302 810 Beata
1358 768 1521 824 porro
1549 751 1837 807 Pulcheria
1864 761 1917 806 et
1950 751 2068 822 ejus

478 847 648 902 frater
673 848 939 902 miraculo
963 846 1212 913 recreati,
1232 847 1475 901 divinum
1498 845 1649 899 illum
1680 844 1940 914 hymnum
1973 857 2068 913 per

478 940 669 995 urbem
709 954 929 1011 quaqua
964 948 1111 1009 patet
1149 938 1430 995 deeantari
1462 946 1766 993 sanxerunt
1804 953 1817 989 :
1859 952 1925 990 ex
1956 950 2065 1005 quo

478 1045 575 1099 per
621 1031 864 1099 singulos
892 1031 1009 1085 dies
1042 1029 1307 1085 suavibus
1347 1026 1585 1083 modulis
1617 1027 1769 1082 illum
1801 1026 2064 1081 recitandi

479 1137 686 1177 morem
723 1131 934 1176 cunctae
956 1126 1278 1189 receperunt
1300 1119 1567 1174 ecclesia}.

549 1215 616 1268 A.
650 1216 716 1273 ϐ.
750 1214 875 1269 451.
905 1243 973 1253 ο·-
1012 1211 1501 1281 Hierosolymorum
1532 1212 1760 1281 episcopi
1794 1209 2065 1266 Juvenalii

480 1326 650 1365 annus
677 1308 902 1378 primus.

555 1402 669 1457 Hoc
710 1416 856 1456 anno
894 1400 1310 1456 Valentinianus
1348 1415 1455 1455 non
1500 1398 1663 1453 modo
1704 1396 2062 1464 Britanniam,

476 1495 707 1551 Galliam
725 1502 779 1549 et
800 1492 1119 1564 Hispaniam
1144 1508 1363 1549 servare
1386 1508 1494 1549 non
1527 1492 1715 1559 valuit,
1741 1492 1873 1561 quin
1902 1492 2064 1547 etiam

475 1588 872 1644 occidentalem
905 1586 1297 1659 Libyam,qua3
1321 1584 1585 1641 Afrorum
1608 1586 1812 1641 dicitur
1840 1586 2064 1656 provin-

472 1682 581 1745 cia,
614 1680 717 1737 hoc
758 1691 919 1750 pacto
957 1680 1192 1736 amisit:
1227 1680 1337 1751 ει
1378 1678 1498 1734 Duo
1549 1678 1673 1733 belli
1726 1678 1897 1735 duces
1947 1686 2062 1733 tum

474 1784 632 1830 erant
669 1774 861 1830 Aetius
899 1784 952 1829 et
982 1774 1299 1844 Bonifacius
1324 1817 1338 1841 ,
1369 1788 1508 1844 quos
1551 1783 1781 1839 rogante
1827 1771 2064 1827 Valenti-

477 1867 641 1919 niano
695 1864 1043 1921 Theodosius
1099 1864 1329 1919 Romam
1382 1864 1553 1919 misit.
1614 1861 1896 1917 Bonifaeio
1933 1876 2063 1917 vero

475 1956 657 2027 Libyae
689 1956 1047 2012 occidentalis
1088 1954 1474 2027 praefecturam
1515 1961 1772 2010 assecuto
1811 1953 2063 2008 invidens

474 2050 684 2117 Aelius,
725 2050 779 2104 in
815 2065 939 2104 eum
969 2048 1127 2119 quasi
1151 2045 1510 2102 defectionem
1537 2046 1856 2101 meditatum
1880 2055 1934 2101 et
1954 2044 2061 2113 iam

476 2139 699 2211 Libyam
732 2154 1004 2210 occupare
1034 2146 1293 2195 conatum
1327 2137 1674 2193 machinatur
1706 2137 2059 2193 calumniam.

478 2235 543 2286 Et
574 2233 686 2288 hac
715 2232 937 2304 quidem
978 2232 1044 2287 ad
1077 2230 1378 2287 Placidiam
1416 2228 1782 2286 Valentiniain
1833 2240 2063 2285 matrem

473 2323 755 2381 deferebat
782 2342 797 2379 :
831 2324 1037 2379 interea
1062 2338 1193 2379 vero
1220 2321 1503 2377 Bonifacio
1525 2322 1715 2378 scribit
1742 2341 1755 2378 :
1792 2321 1851 2377 Si
1878 2337 2057 2377 accer-

474 2418 613 2474 situs
653 2417 847 2483 fueris,
882 2432 952 2474 ne
989 2416 1057 2473 de
1086 2417 1262 2473 reditu
1295 2415 1531 2485 cOgitato
1563 2432 1576 2469 :
1628 2417 1881 2473 criminis
1914 2418 2060 2472 enim

472 2511 809 2567 calumniam
843 2524 1039 2581 passus
1067 2526 1149 2576 es,
1174 2518 1231 2564 et
1263 2518 1317 2564 te
1348 2509 1710 2580 imperatores
1740 2509 1880 2564 dolis
1912 2523 2064 2564 com-

473 2604 811 2675 prehendere
838 2603 1159 2659 moliuntur.
1193 2600 1291 2659 llis
1325 2602 1564 2673 acceptis
1595 2603 1746 2657 velut
1774 2599 2061 2658 sinceriori

474 2698 654 2754 amico
701 2695 1019 2751 Bonifacius
1070 2694 1354 2752 confidens
1412 2694 1570 2749 Aetio
1600 2736 1615 2761 ,
1675 2703 1900 2749 vocatus
1952 2708 2059 2748 non

475 2793 728 2848 accessit.
751 2789 889 2845 Tum
917 2805 1047 2844 vero
1071 2804 1170 2845 ceu
1198 2789 1361 2843 fidum
1394 2798 1448 2844 et
1474 2788 1798 2844 benevolum
1826 2788 2062 2857 impera~

477 2894 623 2941 tores
654 2886 965 2940 habuerunt
989 2883 1226 2941 Aetium.
1253 2880 1419 2937 Erant
1448 2897 1511 2937 ea
1536 2890 1857 2951 tempestate
1875 2880 2058 2936 Gotthi

474 2987 769 3051 gentesque
787 2990 949 3048 quam
970 2974 1221 3047 plurima
1239 2983 1293 3030 et
1314 2976 1549 3045 copiosae
1575 2982 1724 3030 trans
1752 2973 2057 3029 Danubium

476 3073 533 3129 in
577 3070 945 3144 Hyperboreis
992 3068 1308 3141 regionibus
1345 3069 1683 3135 habitantes,
1741 3068 1883 3123 inter
1920 3082 2059 3138 quas

477 3166 766 3235 praecipua:
800 3174 1037 3234 quatuor
1058 3163 1283 3216 omnino
1318 3172 1466 3225 sunt,
1488 3160 1695 3227 Gotthi,
1718 3158 2055 3231 Wisigotthi,

480 3258 725 3327 Gepedes
771 3264 826 3311 et
871 3253 1119 3319 Vandali,
1171 3254 1323 3310 nullo
1372 3255 1522 3317 alio,
1570 3269 1735 3324 quam
1779 3254 2057 3308 nominum

480 3346 841 3418 appellatione
877 3360 907 3399 ιι
938 3360 995 3401 se
1034 3344 1269 3400 invicem
1316 3345 1583 3410 discretae,
1629 3354 1686 3399 et
1715 3345 1918 3416 ubique
1953 3359 2059 3398 una

477 3438 758 3495 communi
791 3438 974 3509 lingua
998 3444 1211 3502 utentes
1242 3456 1257 3493 :
1284 3453 1476 3494 omnes
1496 3438 1700 3509 alioqui
1725 3453 1923 3511 pravas
1947 3436 2059 3491 Arii

478 3541 760 3587 sectantur
789 3529 1100 3601 opiniones.
1130 3529 1224 3584 isti
1254 3530 1492 3586 Arcadio
1517 3540 1573 3585 et
1616 3529 1855 3586 Honorio
1889 3530 2063 3602 impe-

481 3624 729 3681 rantibus
784 3624 1012 3695 trajectu
1054 3622 1324 3691 Danubio,
1376 3624 1430 3678 in
1472 3624 1732 3679 Romanae
1774 3625 2063 3695 potestatis

480 3718 597 3774 solo
643 3718 875 3772 ﬁxerant
923 3716 1131 3772 sedem.
1182 3716 1426 3787 Gepedes
1472 3718 1719 3788 quidem,
1756 3735 1824 3775 ex
1861 3721 2063 3790 quibus

480 3810 699 3864 demum
751 3806 1092 3879 Longobardi
1122 3815 1177 3862 et
1220 3807 1426 3862 Ahares
1460 3806 1621 3864 divisi
1671 3817 1818 3872 sunt,
1856 3809 1973 3864 loca
1996 3810 2064 3864 ad

488 3900 843 3974 Siugidonem
890 3913 945 3958 et
987 3902 1247 3957 Sirmium
1284 3902 1460 3972 posita
1486 3911 1913 3971 occupaverunt.
1954 3902 2067 3958 Wi-

480 3997 699 4069 sigotthi
736 4007 858 4067 post
881 3995 1058 4051 illatas
1086 3994 1155 4049 ab
1185 3993 1441 4050 Alaricho
1464 3993 1669 4057 clades,
1705 3991 1878 4049 Roma
1903 3995 2065 4050 deva-

481 4098 646 4154 stata,
671 4088 723 4144 in
741 4088 971 4146 Galliam
1000 4085 1336 4152 accedentes,
1358 4086 1541 4141 varias
1569 4085 1925 4143 obtinuerunt
1944 4103 2065 4157 pro-

480 4179 691 4236 vincias
729 4196 745 4235 :
792 4178 978 4235 Gotthi
1022 4177 1363 4233 Pannoniam
1405 4177 1643 4246 primum
1684 4177 1887 4247 adepti,
1936 4195 2062 4235 mox

481 4285 627 4327 nono
670 4284 836 4341 supra
869 4268 1140 4325 decimum
1179 4266 1389 4337 imperii
1429 4280 1593 4332 anno,
1636 4266 2063 4339 Theodosioju-

484 4362 638 4417 niore
670 4363 743 4417 ita
786 4362 1128 4434 permittente
1149 4399 1164 4427 ,
1195 4360 1446 4415 Thracia:
1474 4359 1721 4432 regiones
1761 4360 2078 4431 incoluere,‘

482 4461 537 4509 et
564 4450 829 4509 Thraeica
859 4451 1195 4508 habitatione
1220 4467 1315 4522 per
1348 4467 1523 4507 annos
1549 4460 1672 4508 octo
1708 4462 1761 4507 et
1786 4456 2063 4525 quinqua-

1856 359 2350 424 THEOPHANIS

482 481 745 542 miberere
769 484 927 539 nobis
961 503 974 537 :
1015 496 1117 538 nec
1150 480 1280 538 istis
1311 481 1609 553 quidquam
1652 480 1850 537 addere
1884 491 2059 536 atten-

2171 481 2369 553 ταύτην
2394 481 2685 553 δεξάμενος
2723 482 2860 549 τὴνδ
2910 480 3183 551 ἀπόφασιν

3670 359 3795 421 9.43

3226 482 3239 494 “
3278 479 3319 532 τ’
3346 480 3494 551 ’ξιψε
3533 481 3623 551 τῷ
3666 478 3799 548 λαῷ

2170 574 2392 645 ψάλλειν
2414 572 2577 639 οὕτω,
2609 574 2706 628 καὶ
2736 573 2939 639 εὐθέως
2966 573 3094 644 ἔστη
3128 574 3155 625 6
3202 572 3449 642 σεισμός,
3486 572 3557 625 Ἦ
3580 573 3646 625 δὲ
3680 589 3797 640 pta.-

2170 666 2339 737 καρία
2368 665 2675 736 Πούλχερία
2734 666 2831 720 καὶ
2889 667 2917 720 6
2963 665 3169 735 ταύτης
3209 664 3439 734 ἀδελφὸς
3471 663 3795 734 ὑπεραγαο

2173 760 2391 823 σθέντες
2432 777 2511 831 τῳ
2560 760 2815 830 θαύματι,
2871 758 3168 812 ὲθέσπισαν
3216 757 3361 811 κατὰ
3405 761 3595 811 πᾶσαν
3628 755 3743 825 τὴν
3774 755 3796 786 τ

2169 851 2494 923 οἰκουμένην
2525 853 2617 906 τὸν
2675 850 2817 905 θεῖον
2848 851 3036 904 τοῦτον
3079 849 3380 920 ψάλλεσθαι
3426 849 3605 919 ὕμνον
3636 864 3654 879 ο
3688 849 3796 900 καὶ

2169 947 2277 1000 ἀπὸ
2294 947 2415 1001 τότε
2444 946 2753 1017 παρέλαϐον
2784 946 2955 998 πᾶσαι
2981 945 3037 998 αἱ
3067 942 3355 1014 ἐκκλησίαι
3378 942 3501 997 καθ’
3520 942 3797 1010 ἑκάστην

2170 1039 2382 1111 ἡμέραν
2411 1038 2555 1106 ᾄδειν
2593 1038 2754 1093 αὐτὸν
2786 1037 2863 1107 τῷ
2896 1036 3036 1109 Θεῷ.

2246 1224 2315 1279 Α.
2350 1223 2420 1278 M.
2452 1222 2614 1279 593i.
2637 1254 2707 1264 —
2744 1221 3185 1292 Ἰεροσολύμων
3229 1221 3573 1275 ἐπισκόπου
3618 1216 3796 1273 Ἰου-

2168 1320 2452 1374 ϐεναλίου
2476 1319 2611 1385 ἔτος
2634 1325 2709 1374 a’.

2238 1409 2426 1481 Τούτῳ
2450 1408 2526 1478 τῷ
2555 1408 2666 1461 ἔτει
2687 1406 3134 1470 Ούαλεντινιανδς
3163 1408 3220 1460 ού
3244 1406 3408 1475 μόνον
3440 1406 3555 1476 (57)
3588 1405 3787 1474 Βριτ-

2167 1500 2356 1553 τανίαν
2385 1500 2480 1553 καὶ
2527 1499 2757 1553 Γαλλίαν
2808 1498 2901 1552 καὶ
2942 1497 3181 1550 Σπανίαν
3206 1495 3602 1549 ἀνασώσασθαι
3678 1494 3796 1546 οὐκ

2169 1589 2410 1661 ἴσχυσεν,
2469 1588 2606 1643 ἀλλὰ
2650 1589 2742 1643 καὶ
2795 1588 2893 1660 τὴν
2946 1587 3202 1658 ἑσπέριον
3242 1586 3471 1657 Λιϐύην,
3514 1588 3627 1655 τὴν
3665 1585 3794 1638 τῶν

2172 1683 2398 1753 ’Ἄφρων
2450 1682 2801 1752 καλουμένων
2860 1680 3048 1752 χώραν
3116 1677 3509 1751 προσαπώλεσε
3570 1679 3793 1750 τρόπῳ

2171 1776 2364 1847 τοιῷδε
2388 1790 2405 1804 ·
2434 1774 2540 1830 Δύο
2564 1774 2867 1847 στρατηγοὶ
2885 1769 3023 1847 ἦσαν
3054 1773 3262 1837 Ἀέτιος
3288 1773 3381 1827 καὶ
3410 1772 3793 1842 Βονιψάτιος,

2167 1868 2260 1933 οὓς
2282 1867 2562 1933 Θεοδόσιος
2586 1866 2728 1922 κατὰ
2762 1868 2981 1940 αῐτησιν
3010 1865 3459 1921 Οὐαλεντινιανοῦ
3489 1866 3575 1926 εἰς
3631 1864 3794 1917 Ῥώ-

2168 1979 2277 2032 μην
2302 1959 2646 2017 ἀπέστειλεν.
2680 1959 3008 2029 Βονιφατίου
3034 1957 3093 2011 δὲ
3130 1957 3229 2028 τὴν
3256 1956 3431 2029 ἀρχὴν
3463 1954 3568 2025 τῆς
3598 1956 3796 2008 ἑσπε-

2170 2054 2283 2126 ρίου
2316 2054 2524 2125 Λιϐύης
2552 2053 2831 2118 λαϐόντος,
2875 2051 3151 2123 φθονήσας
3194 2051 3221 2104 6
3264 2048 3467 2113 ’Λέτιος
3497 2047 3792 2118 διαϐολὴν

2164 2148 2400 2200 ποιεῖται
2435 2145 2559 2198 κατ’
2590 2143 2779 2210 αὑτοῦ,
2814 2142 2890 2207 ὡς
2929 2141 3232 2213 ἁνταρσίαν
3287 2139 3640 2211 μελετῶντος
3676 2139 3790 2194 καὶ

2164 2237 2263 2308 τῆς
2291 2235 2495 2306 Λιϐύης
2521 2236 2544 2268 ⁸
2577 2235 2852 2309 κρατῆσαι
2886 2233 3207 2297 σπεύδοντος
3228 2251 3243 2264 ·
3289 2234 3385 2286 καὶ
3426 2232 3611 2286 ταῦτα
3673 2231 3793 2300 μὲν

2167 2331 2303 2401 πρὸς
2339 2329 2636 2383 Πλακιδίαν
2687 2327 2872 2397 ἔλεγεν
2903 2328 3001 2399 τὴν
3026 2325 3120 2379 τοῦ
3162 2323 3627 2379 Οὐαλεντινιανοῦ
3668 2341 3794 2393 μη-

2162 2425 2319 2495 τέρα.
2351 2422 2556 2495 Γράφει
2578 2422 2636 2475 δὲ
2688 2422 2994 2492 Βονιφατὶῳ
3022 2419 3196 2483 οὕτως
3232 2422 3251 2451 ⁸
3276 2435 3289 2450 °
3334 2439 3353 2470 ‹
3404 2419 3531 2472 Ἐὰν
3589 2436 3791 2489 μεταο

2164 2518 2419 2587 πεμφθῇς
2437 2514 2844 2586 παραγενέσθαι
2879 2514 2956 2585 μὴ
2987 2513 3222 2585 θελήσῃς
3242 2526 3256 2541 '
3285 2512 3576 2582 διεϐλήθης
3628 2512 3787 2583 γὰρ,

2164 2610 2255 2665 καὶ
2273 2608 2407 2679 δόλῳ
2431 2624 2486 2661 σε
2510 2609 2559 2660 οἱ
2580 2606 2817 2677 βασιλεῖς
2846 2604 3121 2676 βούλονται
3140 2602 3527 2675 χειρώσασθαι.
3543 2602 3793 2656 »Ταῦτα

2162 2702 2452 2771 δεξάμενος
2488 2703 2516 2754 6
2560 2698 2898 2768 Βονιφάτιος,
2942 2696 3037 2751 καὶ
3071 2696 3147 2760 ὡς
3176 2696 3385 2767 γνησίῳ
3418 2695 3561 2766 φίλῳ
3605 2697 3658 2728 ⁸ο
3699 2695 3791 2766 τῷ

2174 2794 2363 2864 Ἀετίῳ
2387 2793 2704 2856 πιστεύσας,
2728 2790 3138 2863 μεταπεμφθεὶς
3152 2791 3209 2842 οὐ
3232 2790 3589 2858 παρεγένετο.
3629 2788 3790 2842 Τότε

2161 2887 2208 2941 οἱ
2225 2885 2461 2957 βασιλεῖς
2480 2886 2571 2939 τὸν
2588 2886 2791 2938 Ἀέτιον
2805 2883 2878 2948 ὡς
2896 2884 3184 2937 εὐνοοῦντα
3200 2882 3548 2948 ἀπεδέξαντο.
3570 2877 3788 2935 Ἦσαν

2160 2976 2217 3029 δὲ
2243 2976 2365 3030 τότε
2389 2976 2576 3030 Γότθοι
2608 2976 2701 3030 καὶ
2727 2976 2855 3045 ἔθνη
2892 2974 3063 3028 πολλὰ
3092 2993 3150 3028 τε
3193 2976 3287 3029 καὶ
3320 2976 3556 3045 μέγιστα
3578 2974 3788 3045 πέραν

2160 3065 2255 3118 τοῦ
2287 3064 2582 3119 Δανουὸίου
2613 3068 2672 3119 ἐν
2698 3067 2808 3128 τοῖς
2844 3064 3227 3136 ὑπερϐορεὶοις
3262 3064 3450 3127 τόποις
3504 3082 3785 3136 κατῳκιο

2165 3158 2358 3228 σμένα.
2379 3157 2597 3211 Τούτων
2613 3156 2668 3211 δὲ
2684 3156 3085 3227 ἀξιολογώτερά
3113 3160 3219 3211 είσι
3236 3158 3498 3229 τέσσαρα,
3529 3158 3777 3222 Γότθοι,

2178 3244 2496 3321 Ὺπόγοτθοι
2530 3252 2664 3323 (58),
2694 3252 2965 3323 Γήπαιδες
3009 3253 3049 3284 ²⁸
3096 3254 3193 3306 καὶ
3226 3252 3524 3323 Οὑανδῆλοι
3559 3254 3621 3307 ὲν
3656 3254 3785 3307 ὀνόο

2166 3363 2299 3416 μασι
2347 3347 2391 3379 ²²
2438 3347 2585 3417 μόνῳ
2634 3348 2731 3401 καὶ
2779 3346 2954 3401 οὐδενὶ
2980 3347 3153 3418 ἑτέρῳ
3178 3346 3617 3411 διαλλάττοντες,
3665 3350 3785 3420 μιᾷ

2165 3438 2432 3510 διαλέκτῳ
2484 3438 2849 3511 κεχρημένον
2901 3440 3101 3502 πάντες
3145 3439 3202 3493 δὲ
3254 3441 3353 3511 τῆς
3393 3439 3607 3511 ’Δρείου
3652 3442 3780 3495 ὑπ-

2164 3534 2392 3605 άρχουσι
2446 3534 2490 3567 ’³
2539 3536 2927 3600 κακοπιστίας.
2985 3532 3144 3591 Οὗτοι
3184 3536 3277 3589 ἐπὶ
3317 3535 3607 3607 Ἀρκαδίου
3665 3541 3782 3594 καὶ

2180 3624 2436 3694 Ὀνωρίου
2464 3626 2556 3679 τὸν
2608 3626 2870 3680 Δάνουόιν
2895 3626 3203 3689 διαϐάντες,
3245 3628 3301 3680 ὲν
3335 3630 3401 3699 τῇ
3452 3627 3779 3699 Ῥωμαίων

2165 3721 2236 3789 γῇ
2282 3717 2730 3789 κατῳκίσθησαν.
2789 3720 2900 3773 Καὶ
2959 3720 3008 3772 οἱ
3060 3721 3158 3789 μὲν
3211 3720 3503 3791 Γήπαιὸες,
3566 3721 3629 3786 ἐξ
3686 3718 3777 3777 ὧν

2167 3808 2391 3882 ὓστερον
2418 3810 2750 3884 διῃρέθησαν
2798 3811 3162 3885 Λογγίϐαρδοι
3208 3814 3305 3867 καὶ
3360 3813 3639 3883 Ἀὁὰρεις,
3695 3816 3778 3870 τὰ

2167 3903 2296 3975 περὶ
2322 3904 2609 3972 Σιγγιδόνα
2668 3905 2764 3957 καὶ
2796 3905 3061 3974 Σερμεῖον
3108 3907 3285 3977 χωρία
3323 3902 3569 3979 ᾤκησαν.
3599 3910 3670 3964 Οἱ
3705 3910 3774 3964 δὲ

2178 3995 2504 4065 Ὑπὸγοτθοι
2536 3996 2580 4027 ¹⁸
2610 3996 2750 4065 μετὰ
2779 3996 2888 4066 (59)
2914 3998 3200 4070 Ἀλάριχον
3217 4000 3314 4071 τὴν
3353 3998 3576 4072 Ῥώμην
3608 4019 3774 4075 πορ-

2166 4087 2450 4158 θήσαντες,
2505 4089 2585 4151 είς
2645 4089 2876 4153 Γαλλίας
2932 4091 2976 4123 ’⁵
3026 4093 3313 4164 ἐχώρησαν
3352 4094 3445 4147 καὶ
3476 4095 3591 4148 τῶν
3634 4098 3775 4152 ἐκεῖ

2165 4181 2498 4252 ἐκράτησαν.
2562 4182 2753 4237 Γότθοι
2806 4183 2862 4237 δὲ
2924 4181 3227 4241 Παννονίαν
3269 4186 3425 4256 ἔσχον
3490 4189 3767 4258 πρῶτον,

2165 4272 2356 4327 ἔπειτα
2402 4272 2480 4345 τῷ
2534 4273 2600 4328 ιθ⁹
2650 4273 2760 4329 ἔτει
2825 4277 2922 4347 τῆς
2977 4275 3279 4348 βασιλείας,
3320 4280 3607 4335 Θεοδοσίου
3651 4284 3766 4338 τοῦ

2163 4365 2283 4419 νέου
2319 4365 2727 4437 ἐπιτρέποντος,
2757 4366 2827 4420 τὰ
2876 4368 2978 4438 τῆς
3018 4367 3244 4441 Θρᾴκης
3289 4372 3464 4443 χωρία
3492 4372 3760 4445 ᾤκησαν,

2166 4458 2371 4512 καὶέπὶ
2402 4460 2482 4529 νη⁹
2520 4460 2746 4531 χρόνους
2799 4462 2858 4514 ὲν
2897 4464 2963 4534 τῇ
3009 4462 3201 4534 Θρᾴκῃ
3232 4465 3511 4536 διέτριψαν
3550 4469 3615 4533 ¹⁶,
3652 4470 3763 4527 καὶ

481 4543 629 4615 ginta
676 4554 977 4617 protracta,
1024 4542 1381 4601 occidentalis
1422 4544 1637 4599 tandem
1671 4545 1883 4614 imperii
1929 4545 2057 4601 facti

2171 4550 2260 4619 τῆς
2290 4551 2547 4623 ἑσπερίου
2580 4551 2859 4621 βασιλείας
2889 4554 3221 4624 ἐκράτησαν.
3260 4559 3320 4609 Οί
3350 4558 3403 4610 δὲ
3442 4560 3761 4631 uenor-pm

480 4638 861 4693 suntdomini.
907 4636 1133 4693 Vandali
1169 4637 1387 4693 demum
1429 4638 1618 4693 Alanis
1655 4647 1710 4694 et
1744 4637 2054 4707 Germanis,

2175 4644 2430 4709 Ἀλανοὺς
2468 4646 2875 4719 έταιρισὰμενοι
2930 4650 3026 4703 καὶ
3074 4651 3409 4723 Γερμανοὺς,
3463 4654 3590 4719 τοὺς
3650 4656 3759 4711 νῦν

1724 4757 1960 4816 ΥΑΒΙᾹΞ
1998 4758 2411 4818 LECTIONES.

579 4854 600 4885 ι
625 4852 723 4923 τὴν
746 4852 871 4923 add.
902 4868 967 4923 ex
990 4852 1057 4909 Α.
1138 4853 1159 4886 ν
1193 4853 1293 4923 τὴν
1314 4834 1441 4907 add.
1470 4868 1536 4909 ex
1561 4852 1628 4908 A.

1728 4854 1750 4885 ⁸
1775 4854 2107 4934 τῆξ-ᾼιϐύης
2140 4858 2287 4934 A,_e,
2322 4856 2655 4934 τῂν-Διϐύην
2693 4860 2839 4934 vulg.

2948 4865 2969 4896 ⁹
2996 4863 3302 4945 obruad-Eu
3497 4868 3545 4945 _“’
3578 4871 3755 4945 φίλῳ]

481 4916 963 5007 egestione.
1029 4924 1068 5007 ιτ
1102 4916 1374 5007 mdes
1396 4916 2285 5007 sustinerem»;remeante:
2352 4916 2394 5007 τε
2416 4916 2645 5007 ἀνάμᾳάρ
2682 4932 2762 5007 -A.
2786 4916 3241 5007 ’ῗὸνόμαὲίζθίἱέιξ
3265 4916 3299 4918 “
3336 4916 3758 5007 ίῖειπάρχῖιλξξξ

481 4994 595 5070 alii.
626 4993 637 4996 ⁷
674 4993 1019 5070 ιδξῐσςγοτ-θοι
1051 4993 1172 5070 b_lt.
1208 4993 1244 5046 Ι.
1268 4993 1520 5070 ct‘inira.
1590 4995 1633 5070 ‘_'
1664 4994 1895 5070 ξαλλίας
1918 4993 2251 5070 ᾹλΓαλλίαῆ
2279 4998 2425 5070 νυιεο

2533 5002 2577 5081 ‘_°
2617 4997 3063 5081 διέτριψανςκαὶ]
3091 5023 3121 5060 e
3151 4997 3299 5081 a'ddit
3329 5008 3441 5063 haec
3472 5026 3486 5061 :
3520 4997 3758 5081 ’δ’ίατρίί

482 5067 683 5151 ψαντες
713 5063 1037 5151 Θευδερίχου
1081 5063 1505 5136 ἡγεμονεύοντος
1552 5066 1731 5123 αὐτῶν
1776 5067 2067 5138 πατρικίου
2091 5069 2185 5123 καὶ
2231 5063 2459 5137 ὑπάτου,
2492 5063 2741 5144 Ζήνωνος
2765 5063 2951 5139 abaci;
2981 5063 3393 5149 ἐπιτρέψαντος,
3434 5082 3530 5151 τῆς
3576 5063 3756 5136 sane-

485 5137 629 5206 ρίας,
646 5153 698 5190 κ.
733 5153 782 5189 τ.
814 5134 865 5188 λ.

1794 5226 1933 5285 JAC.
1957 5228 2167 5286 GOARI
2200 5230 2431 5291 ΝΟΤιΕ.

531 5322 673 5402 ⁵(57)
696 5323 1070 5402 irruptionem
1107 5321 1477 5402 Vandalorum
1511 5326 1563 5381 in
1598 5327 1843 5402 Africam
1890 5326 2062 5381 Chro-

488 5394 1128 5465 ῃῗίτοιιᾲιιίεατιιηίίνίιιιιιη,
1190 5394 1447 5465 Prosper,
1496 5408 1550 5451 et
1592 5399 1682 5452 alii
1736 5400 1804 5451 ad
1854 5413 2059 5451 annum

488 5463 781 5543 Theodosii
817 5463 886 5543 29
908 5466 1209 5543 assignant.
1250 5463 1550 5543 Eapropter
1574 5469 1815 5543 qua:_hic
1836 5485 1905 5543 es
1927 5467 2058 5523 Pro-

487 5534 646 5621 copio
670 5534 771 5616 lib.
808 5532 915 5589 ide
946 5532 1089 5621 bello
1133 5532 1777 5621 γεηᾱοξὶοοξεμιιιξηιιιίιιι
1804 5539 2055 5605 collecta,

490 5605 775 5728 liistorlice,
811 5620 920 5659 non
957 5605 1219 5661 chronice
1258 5606 1453 5663 referri
1480 5608 1641 5665 facile
1672 5612 1907 5681 quisque
1930 5624 2057 5680 per-

486 5690 656 5744 spicue
687 5716 699 5727 .

560 5744 1044 5821 (58)_Vi_sigot_t_hos
1089 5746 1270 5821 reddit
1312 5748 1581 5821 interpres
1614 5751 1887 5821 Procopii,
1925 5752 2053 5804 ἰσέ-

489 5816 670 5888 γοτθοι
693 5816 855 5874 habet
877 5817 980 5874 alia
1014 5816 1195 5887 lectio,
1231 5818 1373 5891 apud
1403 5816 1565 5893 quem
1596 5816 1938 5896 Guiligisclus
1974 5824 2053 5880 le-

2165 5329 2331 5400 gitur,
2367 5332 2458 5399 qui
2494 5331 2584 5386 hic
2609 5331 2989 5400 Μοδίγισκλος.

2237 5401 2350 5471 (59)
2384 5402 2558 5456 Etiam
2584 5402 2777 5459 Anast.
2802 5416 2921 5472 post
2944 5405 3219 5458 Alarirum
3250 5404 3417 5460 Roma
3442 5408 3747 5471 devastata,

2164 5469 2565 5546 Meliustamen
2594 5469 2846 5546 Niceph},
2888 5474 3027 5546 μετὰ
3058 5475 3366 5546 Ἀλαρίχου,
3401 5495 3521 5531 cum
3550 5469 3745 5538 Aluri;

2163 5542 2281 5607 cito,
2313 5542 2568 5597 Alaricho
2592 5542 2745 5599 duce.
2784 5545 2858 5598 Ex
2891 5545 3063 5599 Gallia
3106 5542 3410 5602 eui-incum
3442 5552 3562 5605 suis
3603 5553 3751 5610 Visi-

2172 5613 2382 5739 fotthis
2421 5614 2509 5667 ille
2532 5614 2812 5685 profectus
2860 5614 3087 5670 Romam
3132 5620 3277 5686 cepit
3317 5629 3480 5689 atque
3510 5626 3749 5680 vastavit

2197 5684 2417 5739 lonorio
2448 5685 2696 5739 principe
2739 5704 2753 5739 :
2787 5685 2866 5739 uti
2890 5696 3078 5739 postea
3106 5686 3433 5739 Gizerichus
3456 5707 3519 5739 mi
3562 5695 3742 5739 Afrinn

2197 5684 2417 5765 lonorio
2448 5684 2696 5765 principe
2739 5685 2866 5765 ιιιιί
2890 5696 3078 5755 postea
3106 5684 3433 5749 Gitet'ieliu's
3456 5707 3520 5749 ex
3556 5695 3744 5753 Africa

2160 5769 2286 5810 cum
2309 5755 2427 5813 suis
2463 5755 2742 5814 Vandalis.
2767 5756 3062 5815 Couasris.
