3994 6308
200 363 293 432 361

1509 354 1766 420 CHRON
1776 353 2191 418 OGRAPHIA.

3362 334 3468 402 362

200 475 565 539 oblatrarent,
631 460 1045 526 anathematum
1125 456 1356 525 iuliiiiiie
1433 468 1783 540 pereellebat,
1825 462 2183 534 Flavianique
2236 462 2464 535 legatos.
2516 458 2587 515 ob
2625 454 2873 529 quaedam
2931 455 3142 526 negotia
3213 467 3272 509 se
3336 468 3447 507 con.

198 568 503 631 venientes,
543 566 1022 622 exsecrationibus
1065 565 1381 635 suppositos
1422 579 1453 619 e
1487 567 1789 632 conspectu
1829 560 2056 615 amovit.

262 660 328 715 Α.
360 660 437 713 Μ.
474 658 643 714 6005.
670 689 740 700 --
771 658 960 731 Τούτῳ
989 657 1067 728 τῷ
1109 658 1221 712 ἔτει
1264 657 1483 711 σύνοδον
1512 654 1785 728 κροτηθῆ-

1960 651 2025 706 Α.
2069 650 2131 705 C.
2175 646 2527 704 505.-—Iloc
2566 660 2711 701 anno
2732 642 3003 715 synodum
3050 639 3290 695 Sidoniac
3337 652 3481 693 con-'

200 768 283 805 ναι
311 749 427 822 (20)
459 750 521 803 ὲν
554 749 749 803 Σιδῶνι
777 749 800 781 ⁸
822 748 1173 812 ’Δναστάσιος
1203 749 1225 781 ⁸
1264 748 1576 801 ἐθέσπισεν.
1602 746 1789 815 Σωτή-

202 862 346 919 ριχος
384 844 501 916 γὰρ
530 845 835 909 ἐπίσκοπος
881 845 1221 917 Καισαρείας
1253 842 1653 907 Καππαδοκίας
1682 839 1788 896 ὑπὸ

199 938 539 992 Μακεδονίαν
569 936 1053 1010 χειροτονούμενος
1100 936 1393 1008 ἐγγράφως
1433 935 1788 1006 ὡμολόγησεν

198 1030 449 1100 δέχεσθαι
486 1029 561 1085 τὰ
592 1030 840 1101 δόγματα
865 1034 964 1102 τῆς
1007 1031 1068 1084 ἐν
1097 1028 1404 1098 Χαλκηδόνι
1439 1028 1690 1091 συνόδου,
1712 1026 1790 1091 ὡς

198 1122 316 1192 ὅρον
342 1121 614 1187 πίστεως.
643 1123 799 1178 Μετὰ
829 1123 887 1177 δὲ
917 1122 1089 1177 ταῦτα
1116 1120 1523 1192 πολεμιώτατος
1554 1122 1598 1153 ¹⁹
1626 1120 1789 1190 γέγο-

198 1232 283 1268 νεν
296 1206 481 1279 οὗτος,
522 1215 602 1278 ὠς
632 1215 890 1272 ἀπελθεῖν
921 1216 964 1247 ⁸⁸
996 1216 1079 1279 είς
1121 1214 1413 1285 Ἀνατολὴν
1439 1213 1534 1268 καὶ
1560 1211 1639 1283 τῷ
1665 1212 1792 1265 δυσ-

202 1306 343 1360 σεϐεί
385 1306 600 1378 Ξεναῒᾳ
640 1307 1147 1379 κοινολογήσασθαι,
1199 1306 1297 1361 καὶ
1347 1308 1516 1377 ἄμφω
1573 1304 1792 1360 σύνοδον

199 1395 453 1466 γενέσθαι
483 1399 571 1460 είς
600 1397 806 1450 Σιδῶνα
848 1397 942 1450 τὸν
973 1396 1197 1466 βασιλέα
1220 1396 1551 1467 αἰτήσασθαι
1599 1394 1692 1447 ἐπὶ
1722 1396 1789 1466 τῇ

199 1489 376 1563 τελείᾳ
410 1488 621 1562 ἐκϐολῇ
672 1491 774 1560 τῆς
812 1490 977 1559 ἁγίας
1011 1492 1070 1543 ὲν
1106 1489 1414 1560 Χαλκηδόνι
1442 1490 1485 1521 ⁸⁸
1529 1487 1750 1542 συνόδου
1772 1501 1785 1516 ⁶

201 1583 317 1653 ἥτις
348 1583 445 1636 καὶ
468 1582 517 1614 ³³
546 1583 783 1655 συνέστη
812 1584 909 1637 καὶ
936 1583 1130 1638 θᾶττον
1150 1582 1499 1669 διελύθησσῦ
1528 1579 1792 1652 βασιλέως

204 1675 519 1747 πέμψαντος
577 1678 656 1740 είς
690 1675 850 1730 τοῦτο
878 1675 1186 1747 Εὐτρόπιον
1238 1673 1545 1747 τριϐοὖνον,
1593 1673 1652 1739 ὃς
1700 1673 1794 1727 καὶ

202 1767 457 1833 διαλύσας
515 1768 693 1839 αὐτὴν
718 1807 734 1833 ,
779 1766 1083 1821 Φλαϐιανδν
1141 1768 1239 1822 τὸν
1307 1764 1637 1838 Ἀντιοχείας
1701 1765 1796 1819 καὶ

216 1861 395 1915 Ἠλίαν
424 1861 542 1915 τῶν
589 1861 851 1933 Ἰεροσολύ
861 1878 978 1932 μων
1013 1861 1112 1915 σὺν
1132 1863 1245 1925 τοῖς
1266 1860 1586 1923 ἐπισκόποις
1612 1857 1795 1912 αὐτῶν

205 1954 266 2007 τὰ
299 1956 434 2024 πρὸς
463 1954 668 2027 ἡδονὴν
699 1955 743 1987 ⁸⁸
768 1954 978 2026 γράψαι
999 1955 1078 2026 τῷ
1110 1953 1325 2026 βασιλεῖ
1352 1951 1790 2023 παρεσκεύασεν.

205 2046 497 2110 Φλαϐιανδς
551 2047 615 2101 δὲ
646 2048 746 2111 τὰς
772 2051 922 2119 τρεῖς
954 2047 1122 2119 μόνας
1158 2046 1414 2110 συνόδους
1445 2046 1539 2099 καὶ
1590 2044 1652 2096 τὸ
1696 2040 1792 2096 τοῦ

208 2136 445 2205 Ζήνωνος
484 2135 785 2191 Ένωτικὸν
801 2137 1056 2207 δέχεσθαι
1083 2136 1348 2209 ἔγραψεν,
1371 2137 1469 2206 τῆς
1492 2137 1548 2190 δν
1579 2132 1795 2210 Χαλκη-

208 2226 307 2279 δόνι
340 2229 577 2298 μνήμην
617 2227 692 2300 μὴ
744 2228 1137 2299 ποιησάμενος.
1169 2226 1358 2291 Ἠλίας
1386 2226 1445 2280 δὲ
1497 2228 1525 2279 ὁ
1565 2224 1796 2295 Ἰεροσο-

210 2317 383 2387 λύμων
414 2319 534 2391 (21)
572 2321 669 2373 καὶ
697 2319 796 2392 τὴν
826 2322 883 2374 ὲν
917 2319 1223 2390 Χαλκηδόνι
1264 2319 1504 2391 ἔγραψεν
1550 2316 1794 2372 ἀποϐάλ-

211 2407 407 2465 λεσθαι.
442 2412 766 2482 Σωτήριχος
800 2413 899 2466 δὲό
926 2412 1263 2484 Καισαρείας
1281 2410 1677 2473 Καππαδοκίας
1702 2408 1799 2461 καὶ

212 2499 429 2565 Ξεναῖας
482 2505 527 2537 ¹⁵
562 2506 710 2559 κατὰ
745 2503 1048 2558 Φλαϐιανοῦ
1102 2504 1197 2557 καὶ
1242 2503 1401 2557 Ἠλία
1446 2502 1721 2575 ἀνήγαγον
1754 2500 1797 2532 ¹⁸

212 2594 282 2664 τῷ
303 2594 535 2665 βασιλεῖ,
574 2597 657 2651 ὅτι
680 2596 768 2649 διὰ
804 2595 864 2650 τὸ
895 2597 973 2668 μὴ
1003 2595 1180 2649 θέλειν
1207 2596 1402 2659 αὐτοὺς
1420 2593 1632 2665 τρανῶς
1658 2594 1801 2647 κατὰ

214 2685 301 2756 τῆς
326 2686 550 2740 συνόδου
584 2688 681 2758 τῆς
711 2688 769 2740 ὲν
800 2686 1109 2756 Χαλκηδόνι
1138 2685 1549 2756 ἀποφήνασθαι,
1602 2680 1801 2752 συνῆλο

219 2778 301 2832 θον
322 2779 605 2851 ἀλλήλοις.
645 2778 997 2842 ’Δναστάσιος
1042 2779 1098 2831 δὲ
1121 2777 1399 2850 ὀργισθεὶς
1428 2775 1540 2847 (22)
1572 2774 1801 2828 ὑπέθετο

222 2874 465 2940 μοναχοῖς
506 2886 629 2923 τισι
673 2870 1047 2941 ψευδωνύμως
1081 2868 1357 2923 συνελθεῖν
1413 2869 1456 2899 ³⁷
1498 2869 1555 2922 ὲν
1594 2867 1798 2921 Ἀντιο-

220 2965 333 3035 χείᾳ
365 2965 460 3018 καὶ
482 2966 632 3018 κατὰ
651 2964 954 3019 Φλαϐιανοῦ
980 2965 1293 3028 στασιάσαι,
1325 2963 1612 3025 αἰτοῦντας
1640 2961 1801 3016 αὐτὸν

220 3055 613 3126 ἁναθεματίσαι
651 3056 751 3129 τὴν
783 3057 842 3110 ὲν
871 3056 1175 3127 Χαλκηδόνι
1222 3056 1441 3109 σύνοδον
1473 3057 1568 3109 καὶ
1601 3054 1803 3108 Διόδω-

226 3163 308 3218 ρον
337 3151 429 3202 mi
461 3150 743 3221 θεόδωρον
775 3150 871 3205 καὶ
911 3149 1064 3204 Ἷϐαν
1090 3151 1185 3204 καὶ
1212 3149 1562 3220 Θεοδώρητον
1581 3164 1595 3179 ο
1647 3148 1675 3200 ὃ
1708 3148 1805 3203 καὶ

225 3242 464 3313 ἐποίησεν
515 3242 938 3314 μικροψυχήσας
990 3242 1310 3309 Φλαϐιανδς,
1365 3243 1457 3294 καὶ
1490 3240 1577 3296 ἐπ’
1606 3241 1805 3314 ἐκκλη-

228 3336 335 3400 σίας
364 3337 569 3401 αύτοὺς
597 3338 991 3408 ἀνεθεμάτισεν
1028 3338 1127 3390 σὺν
1157 3339 1223 3409 τῇ
1258 3336 1482 3409 συνόδῳ.

1888 744 2102 816 gregari
2151 743 2333 797 sanxit
2379 739 2723 795 Anastasius.
2755 736 3077 793 Soterichus
3110 733 3254 788 enim
3292 729 3472 785 Caesa-

1890 852 1998 892 reae
2050 834 2405 907 Cappadociae
2448 847 2479 887 a
2513 830 2833 887 Macedonio
2890 833 3267 889 consecratus,
3311 820 3478 877 Chal-

1890 932 2226 990 cedonensis
2270 930 2465 1003 synodi
2526 931 2769 993 decreta,
2800 925 2951 982 velut
2990 923 3115 979 ﬁdei
3154 924 3373 993 regulas
3415 934 3474 974 se

1891 1025 2185 1081 admittere
2211 1023 2421 1094 scripto
2456 1021 2737 1093 professus
2768 1026 2873 1075 est.
2926 1016 3059 1087 Ejus
3092 1025 3274 1070 autem
3325 1021 3476 1083 post-

1890 1116 2113 1183 modum
2165 1116 2343 1173 factus
2394 1116 2651 1170 inimicus
2685 1112 2820 1168 adeo
2868 1110 2965 1166 ivit
2989 1110 3044 1164 in
3077 1107 3388 1168 adversum,
3420 1112 3478 1157 ut

1893 1210 1949 1265 in
1984 1210 2266 1265 Orientem
2301 1208 2603 1279 profectus,
2643 1204 2810 1275 impio
2844 1201 3066 1258 Xenaiae
3096 1216 3209 1256 rem
3260 1211 3477 1254 omnem

1892 1302 2350 1364 communicaret,
2395 1308 2451 1355 et
2484 1297 2554 1353 ad
2595 1295 3005 1366 exstirpandam
3052 1292 3300 1347 funditus
3350 1305 3479 1344 san-

1893 1404 2039 1448 ctam
2102 1391 2611 1448 Cbalcedonensem
2675 1389 2945 1461 synodum
3003 1386 3167 1441 aliam
3239 1382 3482 1439 Sidoniae

1894 1486 2168 1543 celebrari
2222 1486 2294 1541 ab
2354 1485 2687 1552 imperatore
2744 1481 3050 1554 postularet
3115 1486 3381 1549 uterque;
3427 1483 3482 1529 et

1896 1582 2011 1636 haec
2062 1587 2363 1635 convocata
2397 1578 2545 1632 dicto
2589 1574 2755 1630 citius
2776 1571 3038 1644 dissipata
3072 1580 3155 1627 cst
3193 1578 3247 1626 et
3279 1569 3481 1629 soluta,

1896 1674 2145 1746 Eutrapii
2179 1672 2384 1729 tribuni
2416 1671 2482 1726 ab
2514 1670 2849 1739 imperatore
2880 1667 3097 1722 inuttnc
3128 1663 3288 1720 ﬁnem
3312 1662 3481 1717 missa

1896 1780 2084 1837 opera,
2134 1764 2224 1835 qui
2274 1779 2337 1821 ea
2390 1763 2674 1832 abrogata,
2736 1758 3001 1813 Flaviano
3060 1756 3370 1811 Antiochia:
3430 1763 3485 1807 et

1896 1858 2028 1914 Elia:
2073 1857 2609 1928 Hierosolymorum,
2634 1853 3004 1923 subjectisque
3036 1849 3173 1921 ipsis
3189 1848 3481 1920 episcopis,

1899 1960 1981 2017 ut,
2018 1965 2141 2021 quae
2171 1930 2307 2018 ipsis
2338 1948 2639 2018 placerent,
2676 1944 2745 1999 ad
2773 1943 3158 2012 imperatorem
3188 1939 3482 2001 referrent,

1896 2052 2090 2099 auctor
2137 2040 2259 2095 fuit.
2292 2038 2587 2095 Flavianus
2642 2051 2806 2109 porro
2851 2034 3091 2107 synodos
3126 2042 3237 2089 tres
3278 2033 3485 2089 solum-

1897 2136 2060 2191 modo
2088 2141 2144 2191 et
2190 2132 2428 2188 Zenonis
2485 2130 2817 2185 lienoticum
2875 2143 2935 2183 se
2967 2128 3209 2196 recipere
3240 2124 3485 2193 scripsit,

1899 2225 2050 2282 nulla
2104 2238 2331 2296 prorsus
2381 2222 2449 2279 de
2495 2218 2935 2276 Chalcedonensi
2984 2217 3124 2272 facta
3173 2216 3483 2272 mentione:

1902 2318 2048 2374 Elias
2100 2327 2284 2372 autem
2318 2314 2823 2386 Hierosolymorum
2857 2313 3147 2383 episcopus
3185 2311 3492 2367 Chalcedo;

1900 2425 2127 2466 nensem
2204 2425 2264 2465 se
2307 2408 2654 2481 proscribere
2703 2412 2942 2461 testatus
2989 2415 3107 2461 est:
3167 2403 3495 2460 Soterichus

1898 2515 2080 2559 autem
2136 2500 2402 2557 Caesareae
2446 2498 2806 2570 Cappadociae
2859 2505 2914 2553 et
2957 2495 3196 2553 Xenaias
3249 2497 3489 2566 impera-

1900 2593 2006 2649 tori
2054 2591 2317 2648 adversus
2355 2589 2677 2645 Flavianum
2727 2596 2783 2645 et
2830 2589 3004 2644 Eliam
3061 2588 3488 2657 rescripserunt,

1901 2684 2053 2756 ipsos
2109 2684 2395 2750 nimirum,
2455 2682 2584 2737 dum
2655 2683 2922 2737 adversus
2986 2681 3487 2737 Chalcedonensem

1904 2778 2173 2851 synodum
2208 2775 2385 2849 palam
2435 2774 2569 2830 dare
2600 2776 2932 2831 sententiam
2986 2782 3328 2840 recusarent,
3356 2790 3497 2846 quo-'

1904 2871 2087 2927 minus
2149 2871 2203 2924 in
2262 2877 2465 2923 coetum
2522 2876 2577 2924 et
2621 2882 2791 2922 unum
2856 2882 3093 2924 sensum
3137 2869 3372 2935 coirent,
3431 2870 3485 2924 in

1905 2977 2072 3018 causa
2109 2961 2305 3017 fuisse.
2360 2961 2541 3027 Quare
2587 2960 2762 3015 iratus
2794 2959 3119 3016 Anastasius
3178 2959 3330 3017 falsis
3368 2961 3489 3032 qui—

1910 3056 2139 3113 busdam
2193 3054 2497 3122 monachis,
2549 3062 2608 3109 ut
2636 3053 2943 3109 Antiochiae
2993 3054 3369 3122 convenirent,
3402 3055 3493 3109 ubi

1911 3152 2147 3207 tumultu
2193 3151 2249 3205 in
2303 3146 2623 3202 Flavianum
2684 3148 2947 3217 excitato,
2992 3148 3494 3204 Chalcedonensetu

1914 3244 2183 3317 synodum
2248 3240 2526 3311 simulque
2580 3237 2902 3305 Diodorum,
2938 3237 3306 3304 Theodorum,
3347 3240 3494 3295 lbam

1834 3338 1875 3395 C
1910 3349 1965 3396 et
2030 3334 2436 3393 Theodorctum
2498 3350 2623 3390 cum
2682 3334 3061 3390 exsecratione
3111 3352 3236 3392 eum
3280 3335 3498 3407 ejurare

229 3432 582 3499 postularent,
622 3433 928 3503 suggessit:
963 3433 1112 3502 quod
1175 3431 1265 3487 ille
1309 3447 1375 3487 ex
1435 3431 1603 3487 animi
1675 3435 1983 3505 dejectione
2029 3440 2324 3489 exsecutus
2355 3436 2464 3495 est,
2530 3437 2586 3485 et
2638 3427 2693 3483 in
2729 3427 2982 3485 ecclesiae
3064 3427 3285 3500 publico
3361 3445 3498 3485 con.

229 3532 378 3578 ventu
433 3540 532 3581 eos
585 3541 692 3579 una
746 3539 870 3580 cum
912 3529 1125 3597 synodo
1162 3524 1319 3595 132
1361 3527 1639 3595 percussit
1672 3529 2039 3586 anathemate.

292 3616 377 3689 Τῷ
409 3616 456 3670 δ’
497 3618 654 3689 αὐτῷ
696 3617 807 3671 ἔτει
856 3618 949 3672 καὶ
998 3620 1141 3673 κατὰ
1182 3618 1518 3673 Μακεδονίου
1569 3621 1598 3673 ό
1652 3620 1807 3691 βασι-

232 3705 345 3773 lsi);
376 3710 489 3781 (25)
546 3712 988 3765 κατεσκεύασεν·
1045 3714 1141 3766 καὶ
1197 3712 1247 3765 οἱ
1298 3712 1627 3784 ἁποσχισταὶ
1668 3715 1806 3785 μετὰ

239 3803 507 3873 μισθωτῶν
534 3804 712 3875 ὖχλων
754 3806 812 3859 ἐν
862 3804 942 3877 τῷ
987 3803 1345 3876 Ἀρχαγγέλῳ
1394 3806 1490 3859 τοῦ
1536 3807 1801 3861 παλατίου

237 3896 319 3947 καὶ
341 3896 395 3949 ἐν
423 3899 490 3967 τῇ
518 3896 751 3967 Μεγάλῃ
794 3897 1092 3968 Ἐκκλησία
1121 3896 1415 3967 ψάλλοντες
1445 3898 1503 3950 ἐν
1547 3899 1800 3971 Κυριακῇ

240 3987 292 4038 τὸ
320 3988 609 4059 Τρισὰγιον
649 3990 1003 4061 προσετίθουν
1031 3991 1110 4057 τὸ,
1150 3989 1212 4043 '0
1244 3990 1289 4023 ¹⁸
1327 3992 1691 4059 σταυρωθεὶς
1728 3990 1803 4046 δι’

241 4078 402 4147 ἡμᾶς,
438 4080 580 4134 ὥστε
606 4082 731 4144 τοὺς
759 4081 1075 4152 ὀρθοδὸξους
1115 4081 1174 4147 ἐξ
1211 4082 1460 4154 ἀνάγκης
1492 4083 1631 4155 μετὰ
1661 4081 1802 4152 πλη-

245 4174 345 4243 γῶν
370 4174 563 4234 αὐτοὺς
623 4173 835 4227 ἐλάσαι.
884 4173 943 4227 ’0
988 4174 1045 4227 δὲ
1097 4174 1347 4245 βασιλεὺς
1394 4174 1689 4246 προφανῶς
1717 4176 1809 4229 διὰ

248 4264 343 4316 τῶν
367 4265 710 4336 ἀποσχιστῶν
743 4265 992 4337 μοναχῶν
1030 4268 1123 4319 καὶ
1152 4264 1431 4337 κληρικῶν
1462 4265 1557 4320 καὶ
1597 4265 1813 4319 Ἰουλια-

250 4355 333 4409 νοῦ
351 4357 440 4411 τοῦ
475 4360 518 4391 ¹⁹
558 4359 772 4431 Καρίας
801 4360 847 4390 ³⁸
874 4358 1006 4412 ποτὲ
1027 4359 1351 4427 ἐπισκόπου,
1376 4357 1565 4413 ἔπειτα
1592 4358 1649 4413 δὲ
1670 4358 1816 4412 Ἀλι-

249 4452 564 4523 καρνασσοῦ,
592 4453 697 4506 καὶ
744 4454 986 4523 Σευήρου
1015 4451 1111 4504 τοῦ
1135 4450 1427 4515 δυσσεϐοῦς
1464 4450 1543 4505 ἔτι
1576 4450 1812 4523 μοναχοῦ

1984 3617 2101 3674 Hoc
2119 3615 2283 3672 etiam
2320 3630 2467 3671 anno
2496 3615 2793 3687 imperator
2823 3614 3145 3671 Macedonio
3180 3617 3383 3672 struxit
3408 3615 3497 3673 ilt'

1909 3712 2082 3769 sidias
2110 3729 2124 3766 :
2159 3709 2494 3766 schismatici
2524 3725 2652 3765 vero
2685 3711 2841 3765 turba
2874 3709 3125 3766 mercede
3145 3710 3414 3766 conducta
3444 3713 3497 3766 in

1910 3805 2024 3860 aede
2061 3803 2129 3858 ad
2179 3802 2446 3875 palatium
2495 3800 2843 3872 Archangelo
2888 3802 3070 3858 dicata
3119 3810 3174 3859 et
3208 3804 3261 3858 in
3306 3802 3499 3875 Magna

1908 3911 2129 3970 quoque
2167 3897 2402 3952 ecclesia
2445 3895 2534 3952 die
2578 3894 2862 3950 Dominico
2907 3903 2991 3951 ter
3040 3906 3293 3951 sanetum
3338 3896 3494 3968 Itym-

1911 4006 2041 4047 num
2092 4000 2378 4056 canentes,
2435 3987 2749 4044 addidere:
2802 3987 2908 4052 Qui
2962 3988 3252 4057 cruci/imus
3292 4005 3347 4042 es
3402 4005 3499 4057 pro

1912 4083 2063 4138 nobis
2104 4098 2123 4137 :
2167 4097 2231 4138 ex
2265 4098 2376 4154 quo
2405 4082 2470 4137 ad
2514 4097 2609 4138 eos
2659 4083 2821 4137 etiam
2866 4081 3140 4151 adjunctis
3178 4081 3498 4137 verberibus

1911 4176 2284 4230 extrudendos
2340 4174 2562 4244 impulsi
2630 4182 2760 4229 sunt
2811 4173 3127 4229 orthodoxi.
3195 4172 3499 4245 Imperator

1915 4276 2096 4322 autem
2131 4267 2615 4323 schismaticorum
2636 4266 3045 4323 monachorum
3073 4266 3319 4339 clerique
3350 4268 3498 4322 viro-

1919 4375 2039 4414 rum
2081 4370 2136 4415 et
2182 4357 2386 4415 Juliani
2427 4359 2703 4430 quondam
2731 4359 2936 4424 Cariae,
2977 4363 3324 4429 postmodum
3374 4374 3499 4414 vero

1922 4452 2297 4509 Halicarnassi
2342 4452 2608 4523 episcopi,
2642 4459 2697 4507 et
2738 4452 2887 4522 impii
2941 4450 3125 4507 Severi
3169 4452 3497 4507 monachum

251 4542 404 4608 δντος,
430 4544 689 4615 ἐπολέμει
713 4543 805 4597 τὸν
826 4542 1179 4610 Μακεδόνων,
1212 4541 1434 4614 ὕϐρεσιν
1458 4542 1622 4595 αὑτὸν
1644 4542 1706 4612 δη
1715 4558 1801 4613 μο-

1915 4545 2096 4601 adhuc
2145 4547 2354 4617 agentis
2384 4559 2547 4616 opera
2602 4543 2763 4599 (tedis
2804 4544 2980 4613 palam
3040 4544 3261 4600 emissis
3299 4554 3500 4599 contu-

1506 4634 1742 4691 VARIZE
1782 4636 2188 4696 LICCTIONES.

316 4730 335 4763 '
355 4732 543 4805 Σιδῶνι
566 4733 633 4798 Δ,
658 4732 900 4805 ίΣιδωνίᾳ
922 4731 1070 4805 vulg.

258 4801 363 4869 γέτ.
384 4804 555 4867 οὕτως
580 4804 728 4873 vulg.
808 4806 847 4837 "
873 4800 1156 4874 ἆπελθεῖν]
1180 4802 1475 4874 ἀποθανεῖν
1505 4804 1551 4855 Α
1580 4819 1631 4856 e.

259 4888 316 4946 cx
348 4877 404 4927 Α.
481 4876 527 4908 ⁸⁵
559 4877 626 4929 τὰ
655 4874 792 4946 πρὸς
822 4874 1102 4946 ἡδονήνλί),
1132 4873 1274 4946 τὰίπ

262 5025 308 5079 ³,
329 5015 657 5089 Καισαρείας
679 5016 719 5072 f.

1146 4735 1168 4767 ⁸
1219 4731 1571 4794 Ἀναστάσιος
1609 4732 1737 4788 add.
1777 4734 1925 4788 exh.

1732 4807 1773 4836 “
1805 4806 1864 4857 ὲν
1898 4804 2071 4858 Χαλκ.
2113 4810 2180 4872 Α,
2220 4804 2279 4858 ἐν
2310 4805 2375 4874 τῇ
2428 4805 2496 4857 Χ.
2528 4804 2673 4874 vulg.

1344 4891 1369 4934 ς
1395 4874 1632 4927 Σιδόνιον
1650 4874 1716 4938 Α,
1741 4874 1810 4927 τὰ
1836 4877 1987 4944 παρὰ
2018 4875 2277 4929 Σιδωνίαν
2301 4876 2448 4944 vulg.

263 4942 453 5016 ήγαγεν
476 4946 539 5000 Α.
618 4947 661 4982 ¹⁷
702 4942 981 5000 συνελθεῖν
1009 4944 1073 5011 Α,
1103 4942 1428 4998 συνδιελθεῖν
1470 4946 1613 5015 vulg.
1658 4945 1701 4977 ¹⁸
1730 4946 1801 4999 ea

1922 4942 2004 5001 ex
2024 4947 2091 5001 Α.
2168 4946 2211 4978 ¹⁹
2239 4942 2333 4998 τοῦ
2362 4944 2428 5008 Α,
2447 4947 2546 5016 τῆς
2574 4945 2721 5016 vuig.

2037 4735 2079 4767 “
2110 4732 2519 4805 πολεμιώτατος
2549 4733 2771 4802 γέγονεν
2800 4727 2953 4794 οὗτος
3007 4733 3062 4795 b,
3117 4731 3501 4802 πολεμιώτατα

2037 4822 2071 4858 ι.
2113 4810 2180 4859 Α.
2220 4807 2279 4858 ἐν
2310 4805 2375 4859 τῆ
2428 4805 2496 4857 Χ.
2528 4804 2673 4859 νυια.
2752 4803 2796 4835 ⁸³
2823 4804 2915 4855 καὶ
2945 4812 3072 4856 ante
3114 4805 3341 4859 συνέστη
3375 4807 3500 4859 add.

2823 4804 2915 4855 καὶ
2945 4812 3072 4856 ante
3114 4805 3341 4860 συνέστη
3375 4807 3500 4860 add.

2531 4821 2673 4874 vutg.
2752 4821 2796 4835 ο·
2823 4821 2915 4855 και
2945 4821 3072 4856 ante
3114 4821 3343 4872 συνεστη
3375 4821 3500 4860 add.

2531 4875 2575 4905 ¹⁸
2601 4876 2694 4926 καὶ
2721 4872 2945 4935 Ξεναῒας
2967 4888 3075 4926 om.
3099 4872 3143 4926 Α
3173 4888 3223 4928 e.
3333 4878 3375 4905 ”
3410 4878 3505 4929 ἁν-

2799 4944 2844 4975 ²⁶
2882 4945 3107 5014 Καρυᾶς
3136 4945 3168 4998 b
3190 4959 3241 5009 e,
3268 4945 3503 5017 Βαρείας

1568 5107 1708 5163 JAC.
1742 5106 1951 5164 GOARI
1978 5108 2207 5167 NOT/E.

333 5203 699 5277 (‘20)4Cyrillus
736 5212 933 5277 auctor
963 5200 1103 5256 Vitae
1128 5201 1199 5277 S.
1224 5201 1381 5277 Saba:
1418 5199 1818 5277 apudSnrium

271 5271 399 5328 die'5
420 5271 737 5330 Decembris
762 5289 830 5329 ex
861 5272 945 5327 his
972 5273 1236 5327 nonnulla
1267 5272 1438 5327 refert
1465 5288 1479 5324 :
1509 5271 1609 5325 fuit
1633 5281 1815 5325 autem

272 5345 480 5413 Cyrillus
530 5347 620 5401 ille
672 5345 833 5400 Saba:
892 5358 1137 5413 suppar,
1191 5357 1258 5398 ac
1310 5358 1448 5412 pene
1503 5337 1813 5397 coaeta'neus

274 5416 522 5472 Anastasii
556 5417 684 5485 imp.
722 5423 778 5471 et
823 5416 1235 5485 episcoporum,
1276 5427 1510 5481 quorum
1538 5414 1626 5465 hic
1662 5418 1816 5535 gis“!

276 5498 624 5535 recensentur.
663 5486 736 5535 De
789 5486 985 5535 svnodi
1030 5483 1191 5535 istius
1235 5499 1381 5535 anno
1424 5483 1640 5535 auctori
1731 5496 1816 5535 ar-

276 5483 736 5557 receusentur.’De
789 5483 985 5557 synodi
1030 5483 1191 5539 istius
1235 5499 1381 5538 anno
1424 5483 1640 5537 auctori
1673 5483 1818 5535 Mar-

278 5554 483 5612 cellinus
516 5573 621 5612 non
657 5554 956 5612 consentit.

341 5625 440 5697 (2t)
490 5626 608 5683 Istis
665 5627 990 5682 adversatur
1034 5623 1298 5695 praefatus
1330 5622 1606 5695 Cyrillus,
1654 5619 1820 5697 cujus

284 5692 623 5753 testimonium
679 5698 948 5767 approbat
1002 5692 1276 5751 Baronius
1335 5692 1405 5750 ad
1447 5710 1652 5748 annum
1692 5692 1818 5767 Sig,

285 5779 418 5824 ιιιιιιι.
442 5769 505 5823 16
529 5810 544 5834 ,
568 5764 827 5824 Petavius
861 5769 953 5823 lib.
991 5784 1088 5821 λιιι
1126 5767 1201 5822 De
1247 5768 1388 5822 doct.
1424 5777 1578 5834 temp.
1612 5774 1666 5819 et
1703 5764 1821 5826 alii,

289 5838 527 5895 sint-crum
566 5840 883 5894 orthodoxa:
915 5839 1035 5893 iidei
1063 5840 1408 5895 defensorem
1441 5836 1613 5892 Etiam
1654 5835 1821 5892 istum

568 5936 840 5997 PATROL.
880 5936 995 5997 GR.
1017 5934 1236 5998 CVIII.

1930 5211 2242 5259 asserentes
2269 5219 2283 5257 :
2315 5200 2382 5257 de
2410 5199 2669 5255 Flaviano
2693 5199 2946 5270 superius
2969 5208 3173 5254 actum.
3198 5197 3503 5269 Utrumque

1925 5284 2075 5329 certe
2112 5277 2399 5342 sequentia
2445 5271 2765 5326 vindicant:
2807 5279 2866 5323 ut
2912 5271 3041 5342 quid
3077 5271 3221 5322 enim
3259 5271 3310 5322 in
3352 5272 3503 5338 judi—

1925 5345 2072 5398 cium
2110 5340 2257 5398 veliit
2305 5342 2386 5397 rei
2421 5345 2789 5404 traherentur,
2836 5341 2930 5408 qui
2976 5340 3088 5407 jam
3128 5343 3182 5393 in
3211 5350 3502 5394 accusato-

1928 5428 2047 5467 rum
2103 5424 2322 5484 partes,
2378 5414 2424 5467 si
2463 5426 2586 5484 vera
2634 5410 2775 5465 foret
2825 5409 3501 5484 historia,translissent?

1929 5484 2076 5539 iitias
2106 5478 2225 5555 ipse
2265 5483 2641 5555 defensionem
2692 5496 2849 5537 suam
2886 5480 3130 5537 instituit
3163 5478 3309 5550 apud
3363 5483 3500 5535 Era.

1928 5552 2142 5625 grium,‘
2162 5556 2256 5625 lib.
2284 5569 2367 5617 ιιι,
2399 5569 2519 5622 cap.
2549 5552 2637 5607 51.

2003 5623 2115 5695 (21)
2166 5622 2222 5678 In
2262 5621 2594 5695 contrariam
2644 5630 2880 5679 mentem
2936 5621 3139 5676 factum
3182 5621 3287 5678 hoc
3342 5621 3505 5677 vertit

1931 5693 2197 5767 Evagriug
2228 5711 2355 5765 cap.
2387 5693 2476 5767 τε.

2004 5763 2115 5838 (23)
2149 5763 2357 5823 Tlteod.
2391 5765 2541 5821 Lect.
2572 5775 2815 5836 escerpt.

3080 5917 3155 5977 12
