  <div class='ocr_page' id='page_1' title='image "/cluster/home/n/w/nwhite01/storage/ocr_20150623/108/mdp.39015037042556/194.png"; bbox 0 0 3990 6294; ppageno 0'>
   <div class='ocr_carea' id='block_1_1' title="bbox 243 331 2216 412">
    <p class='ocr_par' dir='ltr' id='par_1_1' title="bbox 243 331 2216 412">
     <span class='ocr_line' id='line_1_1' title="bbox 243 331 2216 412; baseline 0.003 -6"><span class='ocrx_word' id='word_1_1' title='bbox 243 331 338 399; x_wconf 73' lang='grc'><strong>373</strong></span> <span class='ocrx_word' id='word_1_2' title='bbox 1525 347 2216 412; x_wconf 79' lang='lat' dir='ltr'><strong>CHRONOGRAPHIA.</strong></span> 
     </span>
    </p>
   </div>
   <div class='ocr_carea' id='block_1_2' title="bbox 3389 356 3500 424">
    <p class='ocr_par' dir='ltr' id='par_1_2' title="bbox 3389 356 3500 424">
     <span class='ocr_line' id='line_1_2' title="bbox 3389 356 3500 424; baseline 0.018 -2"><span class='ocrx_word' id='word_1_3' title='bbox 3389 356 3500 424; x_wconf 64' lang='lat'><strong>374-</strong></span> 
     </span>
    </p>
   </div>
   <div class='ocr_carea' id='block_1_3' title="bbox 243 444 1819 537">
    <p class='ocr_par' dir='ltr' id='par_1_3' title="bbox 243 444 1809 537">
     <span class='ocr_line' id='line_1_3' title="bbox 243 444 1809 537; baseline 0.013 -39"><span class='ocrx_word' id='word_1_4' title='bbox 243 444 496 518; x_wconf 75' lang='grc' dir='ltr'>φυλάρχου</span> <span class='ocrx_word' id='word_1_5' title='bbox 513 447 627 520; x_wconf 67' lang='grc'><strong>(52)</strong></span> <span class='ocrx_word' id='word_1_6' title='bbox 650 452 761 507; x_wconf 82' lang='grc' dir='ltr'>τῶν</span> <span class='ocrx_word' id='word_1_7' title='bbox 778 453 1114 529; x_wconf 78' lang='grc' dir='ltr'>Σαρακηνῶν</span> <span class='ocrx_word' id='word_1_8' title='bbox 1140 459 1553 531; x_wconf 72' lang='grc' dir='ltr'><strong>βαπτισθέντος,</strong></span> <span class='ocrx_word' id='word_1_9' title='bbox 1571 463 1809 537; x_wconf 79' lang='grc' dir='ltr'>Σευῆρος</span> 
     </span>
    </p>
   </div>
   <div class='ocr_carea' id='block_1_4' title="bbox 1928 444 3494 537">
    <p class='ocr_par' dir='ltr' id='par_1_4' title="bbox 1928 462 3494 527">
     <span class='ocr_line' id='line_1_4' title="bbox 1928 462 3494 527; baseline 0.005 -9"><span class='ocrx_word' id='word_1_10' title='bbox 1928 471 2062 520; x_wconf 83' lang='lat' dir='ltr'><strong>netu</strong></span> <span class='ocrx_word' id='word_1_11' title='bbox 2112 464 2312 522; x_wconf 79' lang='lat' dir='ltr'><strong>fecere.</strong></span> <span class='ocrx_word' id='word_1_12' title='bbox 2366 462 2636 520; x_wconf 67' lang='lat' dir='ltr'><strong>Caeterum</strong></span> <span class='ocrx_word' id='word_1_13' title='bbox 2701 465 2957 522; x_wconf 89' lang='lat' dir='ltr'><strong>monachi</strong></span> <span class='ocrx_word' id='word_1_14' title='bbox 3022 466 3301 526; x_wconf 89' lang='lat' dir='ltr'><strong>canticum</strong></span> <span class='ocrx_word' id='word_1_15' title='bbox 3346 469 3494 527; x_wconf 85' lang='lat' dir='ltr'><strong>aliud</strong></span> 
     </span>
    </p>
   </div>
   <div class='ocr_carea' id='block_1_5' title="bbox 239 537 1809 629">
    <p class='ocr_par' dir='ltr' id='par_1_5' title="bbox 239 537 1809 629">
     <span class='ocr_line' id='line_1_5' title="bbox 239 537 1809 629; baseline 0.013 -39"><span class='ocrx_word' id='word_1_16' title='bbox 239 538 266 591; x_wconf 85' lang='grc' dir='ltr'><strong>ό</strong></span> <span class='ocrx_word' id='word_1_17' title='bbox 290 537 541 614; x_wconf 79' lang='grc' dir='ltr'>δυσσεϐὴς</span> <span class='ocrx_word' id='word_1_18' title='bbox 578 542 674 597; x_wconf 73' lang='grc' dir='ltr'>δύο</span> <span class='ocrx_word' id='word_1_19' title='bbox 733 547 1069 617; x_wconf 67' lang='grc' dir='ltr'><strong>ἐπισκόπους</strong></span> <span class='ocrx_word' id='word_1_20' title='bbox 1115 552 1163 585; x_wconf 77' lang='grc'><strong><em>⁸⁵</em></strong></span> <span class='ocrx_word' id='word_1_21' title='bbox 1192 552 1442 626; x_wconf 71' lang='grc' dir='ltr'>ἔπεμψεν</span> <span class='ocrx_word' id='word_1_22' title='bbox 1492 554 1595 628; x_wconf 78' lang='grc' dir='ltr'>τῆς</span> <span class='ocrx_word' id='word_1_23' title='bbox 1626 555 1809 629; x_wconf 81' lang='grc' dir='ltr'>λώϐης</span> 
     </span>
    </p>
   </div>
   <div class='ocr_carea' id='block_1_6' title="bbox 240 630 1811 722">
    <p class='ocr_par' dir='ltr' id='par_1_6' title="bbox 240 630 1811 722">
     <span class='ocr_line' id='line_1_6' title="bbox 240 630 1811 722; baseline 0.014 -38"><span class='ocrx_word' id='word_1_24' title='bbox 240 630 389 687; x_wconf 81' lang='grc' dir='ltr'>αὐτοῦ</span> <span class='ocrx_word' id='word_1_25' title='bbox 423 636 747 705; x_wconf 75' lang='grc' dir='ltr'>μεταδοῦναι</span> <span class='ocrx_word' id='word_1_26' title='bbox 782 642 950 715; x_wconf 78' lang='grc' dir='ltr'>αὐτῷ.</span> <span class='ocrx_word' id='word_1_27' title='bbox 985 643 1124 700; x_wconf 83' lang='grc' dir='ltr'><strong>Θεοῦ</strong></span> <span class='ocrx_word' id='word_1_28' title='bbox 1169 646 1227 702; x_wconf 78' lang='grc' dir='ltr'><strong>δὲ</strong></span> <span class='ocrx_word' id='word_1_29' title='bbox 1263 648 1493 722; x_wconf 73' lang='grc' dir='ltr'>προνοίᾳ</span> <span class='ocrx_word' id='word_1_30' title='bbox 1551 650 1657 706; x_wconf 76' lang='grc' dir='ltr'>ὑπὸ</span> <span class='ocrx_word' id='word_1_31' title='bbox 1699 650 1811 706; x_wconf 83' lang='grc' dir='ltr'><strong>τῶν</strong></span> 
     </span>
    </p>
   </div>
   <div class='ocr_carea' id='block_1_7' title="bbox 238 725 1803 815">
    <p class='ocr_par' dir='ltr' id='par_1_7' title="bbox 238 725 1803 815">
     <span class='ocr_line' id='line_1_7' title="bbox 238 725 1803 815; baseline 0.013 -36"><span class='ocrx_word' id='word_1_32' title='bbox 238 725 518 795; x_wconf 73' lang='grc' dir='ltr'>ὀρθοδόξων</span> <span class='ocrx_word' id='word_1_33' title='bbox 543 734 573 783; x_wconf 90' lang='grc' dir='ltr'><strong>ό</strong></span> <span class='ocrx_word' id='word_1_34' title='bbox 600 734 743 806; x_wconf 77' lang='grc' dir='ltr'>ἀνὴρ</span> <span class='ocrx_word' id='word_1_35' title='bbox 768 735 1073 810; x_wconf 76' lang='grc' dir='ltr'>ἐϐαπτίσθη</span> <span class='ocrx_word' id='word_1_36' title='bbox 1095 740 1202 796; x_wconf 84' lang='grc' dir='ltr'><strong>τῶν</strong></span> <span class='ocrx_word' id='word_1_37' title='bbox 1231 741 1535 813; x_wconf 80' lang='grc' dir='ltr'><strong>δεχομένων</strong></span> <span class='ocrx_word' id='word_1_38' title='bbox 1552 745 1652 815; x_wconf 75' lang='grc' dir='ltr'><strong>τὴν</strong></span> <span class='ocrx_word' id='word_1_39' title='bbox 1682 743 1803 800; x_wconf 74' lang='grc' dir='ltr'>σύνο</span> 
     </span>
    </p>
   </div>
   <div class='ocr_carea' id='block_1_8' title="bbox 237 818 1812 909">
    <p class='ocr_par' dir='ltr' id='par_1_8' title="bbox 237 818 1812 909">
     <span class='ocr_line' id='line_1_8' title="bbox 237 818 1812 909; baseline 0.014 -38"><span class='ocrx_word' id='word_1_40' title='bbox 237 818 366 874; x_wconf 84' lang='grc' dir='ltr'>οδον.</span> <span class='ocrx_word' id='word_1_41' title='bbox 384 818 513 874; x_wconf 77' lang='grc' dir='ltr'>’Τῶν</span> <span class='ocrx_word' id='word_1_42' title='bbox 540 823 598 878; x_wconf 81' lang='grc' dir='ltr'><strong>δὲ</strong></span> <span class='ocrx_word' id='word_1_43' title='bbox 628 827 944 885; x_wconf 78' lang='grc' dir='ltr'>ἐπισκόπων</span> <span class='ocrx_word' id='word_1_44' title='bbox 967 832 1061 887; x_wconf 81' lang='grc' dir='ltr'>τοῦ</span> <span class='ocrx_word' id='word_1_45' title='bbox 1080 834 1320 906; x_wconf 68' lang='grc' dir='ltr'>Σευηρου</span> <span class='ocrx_word' id='word_1_46' title='bbox 1344 836 1692 909; x_wconf 69' lang='grc' dir='ltr'><strong>διαστρέφειν</strong></span> <span class='ocrx_word' id='word_1_47' title='bbox 1720 837 1812 893; x_wconf 79' lang='grc' dir='ltr'><strong>τὸν</strong></span> 
     </span>
    </p>
   </div>
   <div class='ocr_carea' id='block_1_9' title="bbox 239 909 1810 997">
    <p class='ocr_par' dir='ltr' id='par_1_9' title="bbox 239 909 1810 997">
     <span class='ocr_line' id='line_1_9' title="bbox 239 909 1810 997; baseline 0.017 -35"><span class='ocrx_word' id='word_1_48' title='bbox 239 909 503 984; x_wconf 71' lang='grc' dir='ltr'>φύλαρχον</span> <span class='ocrx_word' id='word_1_49' title='bbox 534 916 631 970; x_wconf 74' lang='grc' dir='ltr'>τοῦ</span> <span class='ocrx_word' id='word_1_50' title='bbox 683 919 924 991; x_wconf 78' lang='grc' dir='ltr'><strong>ἀληθοῦς</strong></span> <span class='ocrx_word' id='word_1_51' title='bbox 974 923 1243 995; x_wconf 81' lang='grc' dir='ltr'>δόγματος</span> <span class='ocrx_word' id='word_1_52' title='bbox 1278 929 1640 997; x_wconf 82' lang='grc' dir='ltr'>σπευδόντων,</span> <span class='ocrx_word' id='word_1_53' title='bbox 1677 930 1810 987; x_wconf 88' lang='grc' dir='ltr'>θαυ-</span> 
     </span>
    </p>
   </div>
   <div class='ocr_carea' id='block_1_10' title="bbox 240 1003 1812 1098">
    <p class='ocr_par' dir='ltr' id='par_1_10' title="bbox 240 1003 1812 1098">
     <span class='ocr_line' id='line_1_10' title="bbox 240 1003 1812 1098; baseline 0.016 -43"><span class='ocrx_word' id='word_1_54' title='bbox 240 1003 448 1098; x_wconf 80' lang='grc' dir='ltr'>μαστῶς</span> <span class='ocrx_word' id='word_1_55' title='bbox 474 1007 675 1098; x_wconf 79' lang='grc' dir='ltr'>αὐτοὺς</span> <span class='ocrx_word' id='word_1_56' title='bbox 729 1012 959 1086; x_wconf 70' lang='grc' dir='ltr'>ἤλεγξεν</span> <span class='ocrx_word' id='word_1_57' title='bbox 987 1016 1428 1093; x_wconf 79' lang='grc' dir='ltr'>Ἀλαμούνδαρος</span> <span class='ocrx_word' id='word_1_58' title='bbox 1467 1023 1812 1098; x_wconf 83' lang='grc' dir='ltr'>δραματουρ-</span> 
     </span>
    </p>
   </div>
   <div class='ocr_carea' id='block_1_11' title="bbox 234 1097 1810 1188">
    <p class='ocr_par' dir='ltr' id='par_1_11' title="bbox 234 1097 1810 1188">
     <span class='ocr_line' id='line_1_11' title="bbox 234 1097 1810 1188; baseline 0.024 -42"><span class='ocrx_word' id='word_1_59' title='bbox 234 1097 323 1165; x_wconf 68' lang='grc' dir='ltr'>γία</span> <span class='ocrx_word' id='word_1_60' title='bbox 342 1097 587 1176; x_wconf 73' lang='grc' dir='ltr'>τοιαύτῃ·</span> <span class='ocrx_word' id='word_1_61' title='bbox 623 1102 768 1178; x_wconf 77' lang='grc' dir='ltr'><strong>Ἔφη</strong></span> <span class='ocrx_word' id='word_1_62' title='bbox 796 1107 906 1181; x_wconf 85' lang='grc' dir='ltr'><strong>γὰρ</strong></span> <span class='ocrx_word' id='word_1_63' title='bbox 930 1109 975 1143; x_wconf 81' lang='grc'><strong>⁸⁷</strong></span> <span class='ocrx_word' id='word_1_64' title='bbox 1000 1112 1138 1184; x_wconf 80' lang='grc' dir='ltr'>πρὸς</span> <span class='ocrx_word' id='word_1_65' title='bbox 1173 1114 1371 1179; x_wconf 76' lang='grc' dir='ltr'>αὐτούς</span> <span class='ocrx_word' id='word_1_66' title='bbox 1392 1130 1405 1145; x_wconf 73' lang='grc'><strong>⁸</strong></span> <span class='ocrx_word' id='word_1_67' title='bbox 1465 1097 1810 1188; x_wconf 63' lang='grc' dir='ltr'><strong>Γράμματάν</strong></span> 
     </span>
    </p>
   </div>
   <div class='ocr_carea' id='block_1_12' title="bbox 236 1189 1814 1281">
    <p class='ocr_par' dir='ltr' id='par_1_12' title="bbox 236 1189 1814 1281">
     <span class='ocr_line' id='line_1_12' title="bbox 236 1189 1814 1281; baseline 0.013 -37"><span class='ocrx_word' id='word_1_68' title='bbox 236 1189 411 1258; x_wconf 63' lang='grc' dir='ltr'>φησιν,</span> <span class='ocrx_word' id='word_1_69' title='bbox 435 1192 741 1266; x_wconf 75' lang='grc' dir='ltr'><strong>ἐδεξάμην</strong></span> <span class='ocrx_word' id='word_1_70' title='bbox 763 1199 1055 1272; x_wconf 74' lang='grc' dir='ltr'>σήμερον,</span> <span class='ocrx_word' id='word_1_71' title='bbox 1081 1204 1170 1260; x_wconf 81' lang='grc' dir='ltr'>ὅτι</span> <span class='ocrx_word' id='word_1_72' title='bbox 1198 1207 1443 1278; x_wconf 72' lang='grc' dir='ltr'>Μιχαὴλ</span> <span class='ocrx_word' id='word_1_73' title='bbox 1476 1214 1510 1264; x_wconf 80' lang='grc' dir='ltr'><em>ὁ</em></span> <span class='ocrx_word' id='word_1_74' title='bbox 1530 1209 1814 1281; x_wconf 71' lang='grc' dir='ltr'><strong>ἀρχάγγε-</strong></span> 
     </span>
    </p>
   </div>
   <div class='ocr_carea' id='block_1_13' title="bbox 234 1284 1817 1364">
    <p class='ocr_par' dir='ltr' id='par_1_13' title="bbox 234 1284 1817 1364">
     <span class='ocr_line' id='line_1_13' title="bbox 234 1284 1817 1364; baseline 0.006 -14"><span class='ocrx_word' id='word_1_75' title='bbox 234 1286 337 1350; x_wconf 74' lang='grc' dir='ltr'>λος</span> <span class='ocrx_word' id='word_1_76' title='bbox 353 1284 399 1318; x_wconf 81' lang='grc'><strong>⁸⁸</strong></span> <span class='ocrx_word' id='word_1_77' title='bbox 422 1285 677 1357; x_wconf 73' lang='grc' dir='ltr'>τέθνηκε</span> <span class='ocrx_word' id='word_1_78' title='bbox 698 1293 970 1364; x_wconf 81' lang='grc' dir='ltr'><strong>σήμερον</strong></span> <span class='ocrx_word' id='word_1_79' title='bbox 998 1300 1065 1354; x_wconf 67' lang='grc' dir='ltr'><strong>θ’.</strong></span> <span class='ocrx_word' id='word_1_80' title='bbox 1092 1300 1212 1354; x_wconf 84' lang='grc' dir='ltr'><strong>Τῶν</strong></span> <span class='ocrx_word' id='word_1_81' title='bbox 1228 1301 1287 1355; x_wconf 81' lang='grc' dir='ltr'><strong>δὲ</strong></span> <span class='ocrx_word' id='word_1_82' title='bbox 1320 1303 1585 1359; x_wconf 74' lang='grc' dir='ltr'><strong>εἰπόντων</strong></span> <span class='ocrx_word' id='word_1_83' title='bbox 1619 1306 1817 1360; x_wconf 80' lang='grc' dir='ltr'>ἀδύνα-</span> 
     </span>
    </p>
   </div>
   <div class='ocr_carea' id='block_1_14' title="bbox 235 1372 1815 1466">
    <p class='ocr_par' dir='ltr' id='par_1_14' title="bbox 235 1372 1815 1466">
     <span class='ocr_line' id='line_1_14' title="bbox 235 1372 1815 1466; baseline 0.017 -40"><span class='ocrx_word' id='word_1_84' title='bbox 235 1390 320 1466; x_wconf 70' lang='grc' dir='ltr'><strong>τον</strong></span> <span class='ocrx_word' id='word_1_85' title='bbox 348 1372 688 1450; x_wconf 70' lang='grc' dir='ltr'>εἶναιτοῦτο,</span> <span class='ocrx_word' id='word_1_86' title='bbox 709 1384 813 1456; x_wconf 81' lang='grc' dir='ltr'><strong>ἔφη</strong></span> <span class='ocrx_word' id='word_1_87' title='bbox 859 1388 998 1458; x_wconf 73' lang='grc' dir='ltr'>πρὸς</span> <span class='ocrx_word' id='word_1_88' title='bbox 1044 1391 1244 1456; x_wconf 77' lang='grc' dir='ltr'>αὐτοὺς</span> <span class='ocrx_word' id='word_1_89' title='bbox 1289 1396 1317 1448; x_wconf 87' lang='grc' dir='ltr'><strong>ό</strong></span> <span class='ocrx_word' id='word_1_90' title='bbox 1348 1393 1656 1466; x_wconf 73' lang='grc' dir='ltr'>φύλαρχοςο</span> <span class='ocrx_word' id='word_1_91' title='bbox 1706 1395 1815 1452; x_wconf 80' lang='lat' dir='ltr'><strong>Kal</strong></span> 
     </span>
    </p>
   </div>
   <div class='ocr_carea' id='block_1_15' title="bbox 234 1464 1814 1559">
    <p class='ocr_par' dir='ltr' id='par_1_15' title="bbox 234 1464 1814 1559">
     <span class='ocr_line' id='line_1_15' title="bbox 234 1464 1814 1559; baseline 0.019 -40"><span class='ocrx_word' id='word_1_92' title='bbox 234 1464 350 1559; x_wconf 66' lang='grc' dir='ltr'>πῶς</span> <span class='ocrx_word' id='word_1_93' title='bbox 391 1469 541 1540; x_wconf 80' lang='grc' dir='ltr'>Θεὸς</span> <span class='ocrx_word' id='word_1_94' title='bbox 594 1477 823 1546; x_wconf 78' lang='grc' dir='ltr'><strong>γυμνὸς</strong></span> <span class='ocrx_word' id='word_1_95' title='bbox 864 1478 1216 1551; x_wconf 79' lang='grc' dir='ltr'><strong>ἐσταυρώθη</strong></span> <span class='ocrx_word' id='word_1_96' title='bbox 1270 1464 1599 1557; x_wconf 67' lang='grc' dir='ltr'>καθ’ὐμᾶς,</span> <span class='ocrx_word' id='word_1_97' title='bbox 1642 1488 1693 1542; x_wconf 84' lang='grc' dir='ltr'>ει</span> <span class='ocrx_word' id='word_1_98' title='bbox 1724 1487 1814 1559; x_wconf 75' lang='grc' dir='ltr'><strong>μὴ</strong></span> 
     </span>
    </p>
   </div>
   <div class='ocr_carea' id='block_1_16' title="bbox 235 1558 1816 1653">
    <p class='ocr_par' dir='ltr' id='par_1_16' title="bbox 235 1558 1816 1653">
     <span class='ocr_line' id='line_1_16' title="bbox 235 1558 1816 1653; baseline 0.016 -40"><span class='ocrx_word' id='word_1_99' title='bbox 235 1558 336 1614; x_wconf 79' lang='grc' dir='ltr'>δύο</span> <span class='ocrx_word' id='word_1_100' title='bbox 357 1564 607 1632; x_wconf 69' lang='grc' dir='ltr'>φύσεων</span> <span class='ocrx_word' id='word_1_101' title='bbox 642 1565 720 1640; x_wconf 79' lang='grc' dir='ltr'><strong>ἦν</strong></span> <span class='ocrx_word' id='word_1_102' title='bbox 754 1573 789 1625; x_wconf 84' lang='grc' dir='ltr'><strong>δ</strong></span> <span class='ocrx_word' id='word_1_103' title='bbox 833 1574 1114 1642; x_wconf 84' lang='grc' dir='ltr'>Χριστὸς,</span> <span class='ocrx_word' id='word_1_104' title='bbox 1140 1577 1310 1649; x_wconf 78' lang='grc' dir='ltr'>ειπερ</span> <span class='ocrx_word' id='word_1_105' title='bbox 1349 1579 1509 1650; x_wconf 81' lang='grc' dir='ltr'>μηδὲ</span> <span class='ocrx_word' id='word_1_106' title='bbox 1561 1580 1816 1653; x_wconf 73' lang='grc' dir='ltr'>ἅγγελος</span> 
     </span>
    </p>
   </div>
   <div class='ocr_carea' id='block_1_17' title="bbox 1915 556 3498 632">
    <p class='ocr_par' dir='ltr' id='par_1_17' title="bbox 1915 556 3498 632">
     <span class='ocr_line' id='line_1_17' title="bbox 1915 556 3498 632; baseline 0.007 -23"><span class='ocrx_word' id='word_1_107' title='bbox 1915 556 2286 627; x_wconf 87' lang='lat' dir='ltr'><strong>procedebant</strong></span> <span class='ocrx_word' id='word_1_108' title='bbox 2336 559 2653 629; x_wconf 75' lang='lat' dir='ltr'><strong>psallentes.</strong></span> <span class='ocrx_word' id='word_1_109' title='bbox 2708 556 2779 617; x_wconf 89' lang='lat' dir='ltr'><strong>lis</strong></span> <span class='ocrx_word' id='word_1_110' title='bbox 2816 560 3127 632; x_wconf 71' lang='lat' dir='ltr'><strong>conspectis</strong></span> <span class='ocrx_word' id='word_1_111' title='bbox 3170 562 3498 620; x_wconf 77' lang='lat' dir='ltr'><strong>exclamavit</strong></span> 
     </span>
    </p>
   </div>
   <div class='ocr_carea' id='block_1_18' title="bbox 1913 649 3499 725">
    <p class='ocr_par' dir='ltr' id='par_1_18' title="bbox 1913 649 3499 725">
     <span class='ocr_line' id='line_1_18' title="bbox 1913 649 3499 725; baseline 0.004 -24"><span class='ocrx_word' id='word_1_112' title='bbox 1913 649 2183 719; x_wconf 80' lang='lat' dir='ltr'><strong>populus:</strong></span> <span class='ocrx_word' id='word_1_113' title='bbox 2220 649 2358 706; x_wconf 87' lang='lat' dir='ltr'><strong>Bene</strong></span> <span class='ocrx_word' id='word_1_114' title='bbox 2384 652 2617 706; x_wconf 73' lang='lat' dir='ltr'><strong>venerint</strong></span> <span class='ocrx_word' id='word_1_115' title='bbox 2642 652 2922 708; x_wconf 73' lang='lat' dir='ltr'><strong>orthodoxi</strong></span> <span class='ocrx_word' id='word_1_116' title='bbox 2947 669 2966 707; x_wconf 93' lang='lat'><strong><em>:</em></strong></span> <span class='ocrx_word' id='word_1_117' title='bbox 2992 670 3057 710; x_wconf 78' lang='lat' dir='ltr'><strong>ex</strong></span> <span class='ocrx_word' id='word_1_118' title='bbox 3088 670 3199 725; x_wconf 89' lang='lat' dir='ltr'><strong>quo</strong></span> <span class='ocrx_word' id='word_1_119' title='bbox 3228 655 3499 711; x_wconf 82' lang='lat' dir='ltr'><strong>tumultus</strong></span> 
     </span>
    </p>
   </div>
   <div class='ocr_carea' id='block_1_19' title="bbox 1914 741 3498 808">
    <p class='ocr_par' dir='ltr' id='par_1_19' title="bbox 1914 741 3498 808">
     <span class='ocr_line' id='line_1_19' title="bbox 1914 741 3498 808; baseline 0.003 -15"><span class='ocrx_word' id='word_1_120' title='bbox 1914 741 2209 799; x_wconf 76' lang='lat' dir='ltr'><strong>vehemens</strong></span> <span class='ocrx_word' id='word_1_121' title='bbox 2261 753 2488 799; x_wconf 80' lang='lat' dir='ltr'><strong>exortus</strong></span> <span class='ocrx_word' id='word_1_122' title='bbox 2533 752 2639 808; x_wconf 90' lang='lat' dir='ltr'><strong>est,</strong></span> <span class='ocrx_word' id='word_1_123' title='bbox 2688 744 2987 799; x_wconf 86' lang='lat' dir='ltr'><strong>multarum</strong></span> <span class='ocrx_word' id='word_1_124' title='bbox 3041 744 3333 801; x_wconf 87' lang='lat' dir='ltr'><strong>domorum</strong></span> <span class='ocrx_word' id='word_1_125' title='bbox 3377 747 3498 801; x_wconf 78' lang='lat' dir='ltr'><strong>visa</strong></span> 
     </span>
    </p>
   </div>
   <div class='ocr_carea' id='block_1_20' title="bbox 1914 835 3496 908">
    <p class='ocr_par' dir='ltr' id='par_1_20' title="bbox 1914 835 3496 908">
     <span class='ocr_line' id='line_1_20' title="bbox 1914 835 3496 908; baseline 0 -16"><span class='ocrx_word' id='word_1_126' title='bbox 1914 835 2189 901; x_wconf 87' lang='lat' dir='ltr'><strong>incendia,</strong></span> <span class='ocrx_word' id='word_1_127' title='bbox 2236 843 2291 890; x_wconf 89' lang='lat' dir='ltr'><strong>et</strong></span> <span class='ocrx_word' id='word_1_128' title='bbox 2350 838 2652 893; x_wconf 65' lang='lat' dir='ltr'><strong>innumerae</strong></span> <span class='ocrx_word' id='word_1_129' title='bbox 2702 838 2879 893; x_wconf 63' lang='lat' dir='ltr'><strong>caedes</strong></span> <span class='ocrx_word' id='word_1_130' title='bbox 2921 846 3270 908; x_wconf 65' lang='lat' dir='ltr'><strong>perpetratae,</strong></span> <span class='ocrx_word' id='word_1_131' title='bbox 3313 838 3496 908; x_wconf 87' lang='lat' dir='ltr'><strong>populi</strong></span> 
     </span>
    </p>
   </div>
   <div class='ocr_carea' id='block_1_21' title="bbox 1912 929 3498 1001">
    <p class='ocr_par' dir='ltr' id='par_1_21' title="bbox 1912 929 3498 1001">
     <span class='ocr_line' id='line_1_21' title="bbox 1912 929 3498 1001; baseline -0.001 -14"><span class='ocrx_word' id='word_1_132' title='bbox 1912 929 2145 987; x_wconf 81' lang='lat' dir='ltr'><strong>confusa</strong></span> <span class='ocrx_word' id='word_1_133' title='bbox 2201 930 2357 1001; x_wconf 85' lang='lat' dir='ltr'><strong>plebe</strong></span> <span class='ocrx_word' id='word_1_134' title='bbox 2389 929 2811 985; x_wconf 82' lang='lat' dir='ltr'><strong>contumeliosis</strong></span> <span class='ocrx_word' id='word_1_135' title='bbox 2867 931 3096 987; x_wconf 79' lang='lat' dir='ltr'><strong>vocibus</strong></span> <span class='ocrx_word' id='word_1_136' title='bbox 3142 931 3498 987; x_wconf 83' lang='lat' dir='ltr'><strong>Anastasium</strong></span> 
     </span>
    </p>
   </div>
   <div class='ocr_carea' id='block_1_22' title="bbox 1915 1022 3502 1096">
    <p class='ocr_par' dir='ltr' id='par_1_22' title="bbox 1915 1022 3502 1096">
     <span class='ocr_line' id='line_1_22' title="bbox 1915 1022 3502 1096; baseline -0.002 -15"><span class='ocrx_word' id='word_1_137' title='bbox 1915 1024 2232 1096; x_wconf 75' lang='lat' dir='ltr'><strong>impotente,</strong></span> <span class='ocrx_word' id='word_1_138' title='bbox 2266 1030 2320 1079; x_wconf 87' lang='lat' dir='ltr'><strong>et</strong></span> <span class='ocrx_word' id='word_1_139' title='bbox 2352 1023 2519 1077; x_wconf 89' lang='lat' dir='ltr'><strong>alium</strong></span> <span class='ocrx_word' id='word_1_140' title='bbox 2552 1023 2620 1078; x_wconf 91' lang='lat' dir='ltr'><strong>ad</strong></span> <span class='ocrx_word' id='word_1_141' title='bbox 2650 1022 2940 1094; x_wconf 88' lang='lat' dir='ltr'><strong>imperium</strong></span> <span class='ocrx_word' id='word_1_142' title='bbox 2964 1023 3285 1091; x_wconf 87' lang='lat' dir='ltr'><strong>advocante,</strong></span> <span class='ocrx_word' id='word_1_143' title='bbox 3321 1032 3502 1080; x_wconf 86' lang='lat' dir='ltr'><strong>etuno</strong></span> 
     </span>
    </p>
   </div>
   <div class='ocr_carea' id='block_1_23' title="bbox 1913 1113 3500 1187">
    <p class='ocr_par' dir='ltr' id='par_1_23' title="bbox 1913 1113 3500 1187">
     <span class='ocr_line' id='line_1_23' title="bbox 1913 1113 3500 1187; baseline 0.001 -17"><span class='ocrx_word' id='word_1_144' title='bbox 1913 1128 2215 1182; x_wconf 89' lang='lat' dir='ltr'><strong>consensu,</strong></span> <span class='ocrx_word' id='word_1_145' title='bbox 2256 1129 2355 1169; x_wconf 89' lang='lat' dir='ltr'><strong>ceu</strong></span> <span class='ocrx_word' id='word_1_146' title='bbox 2403 1113 2515 1184; x_wconf 91' lang='lat' dir='ltr'><strong>jam</strong></span> <span class='ocrx_word' id='word_1_147' title='bbox 2548 1114 2890 1170; x_wconf 82' lang='lat' dir='ltr'><strong>declaratum</strong></span> <span class='ocrx_word' id='word_1_148' title='bbox 2944 1115 3355 1187; x_wconf 82' lang='lat' dir='ltr'><strong>imperatorem,</strong></span> <span class='ocrx_word' id='word_1_149' title='bbox 3405 1131 3500 1172; x_wconf 89' lang='lat' dir='ltr'><strong>ac-</strong></span> 
     </span>
    </p>
   </div>
   <div class='ocr_carea' id='block_1_24' title="bbox 1914 1204 3503 1278">
    <p class='ocr_par' dir='ltr' id='par_1_24' title="bbox 1914 1204 3503 1278">
     <span class='ocr_line' id='line_1_24' title="bbox 1914 1204 3503 1278; baseline 0.003 -17"><span class='ocrx_word' id='word_1_150' title='bbox 1914 1207 2186 1262; x_wconf 83' lang='lat' dir='ltr'><strong>clamante</strong></span> <span class='ocrx_word' id='word_1_151' title='bbox 2218 1204 2553 1262; x_wconf 79' lang='lat' dir='ltr'><strong>Vitalianum</strong></span> <span class='ocrx_word' id='word_1_152' title='bbox 2590 1223 2605 1262; x_wconf 89' lang='lat'><strong>:</strong></span> <span class='ocrx_word' id='word_1_153' title='bbox 2646 1206 2783 1263; x_wconf 88' lang='lat' dir='ltr'><strong>adeo</strong></span> <span class='ocrx_word' id='word_1_154' title='bbox 2828 1214 2888 1262; x_wconf 91' lang='lat' dir='ltr'><strong>ut</strong></span> <span class='ocrx_word' id='word_1_155' title='bbox 2936 1206 3141 1278; x_wconf 81' lang='lat' dir='ltr'><strong>ingerit</strong></span> <span class='ocrx_word' id='word_1_156' title='bbox 3173 1208 3503 1265; x_wconf 79' lang='lat' dir='ltr'><strong>Anastasius</strong></span> 
     </span>
    </p>
   </div>
   <div class='ocr_carea' id='block_1_25' title="bbox 1915 1296 3503 1368">
    <p class='ocr_par' dir='ltr' id='par_1_25' title="bbox 1915 1296 3503 1368">
     <span class='ocr_line' id='line_1_25' title="bbox 1915 1296 3503 1368; baseline 0.001 -15"><span class='ocrx_word' id='word_1_157' title='bbox 1915 1307 1969 1353; x_wconf 89' lang='lat' dir='ltr'><strong>et</strong></span> <span class='ocrx_word' id='word_1_158' title='bbox 2003 1296 2322 1355; x_wconf 87' lang='lat' dir='ltr'><strong>Blachernis</strong></span> <span class='ocrx_word' id='word_1_159' title='bbox 2353 1298 2601 1368; x_wconf 83' lang='lat' dir='ltr'><strong>proxime</strong></span> <span class='ocrx_word' id='word_1_160' title='bbox 2650 1299 2705 1353; x_wconf 92' lang='lat' dir='ltr'><strong>in</strong></span> <span class='ocrx_word' id='word_1_161' title='bbox 2735 1299 3006 1355; x_wconf 89' lang='lat' dir='ltr'><strong>suburbio</strong></span> <span class='ocrx_word' id='word_1_162' title='bbox 3044 1298 3345 1363; x_wconf 87' lang='lat' dir='ltr'><strong>delituerit,</strong></span> <span class='ocrx_word' id='word_1_163' title='bbox 3376 1315 3503 1355; x_wconf 87' lang='lat' dir='ltr'><strong>eum</strong></span> 
     </span>
    </p>
   </div>
   <div class='ocr_carea' id='block_1_26' title="bbox 1915 1392 3505 1457">
    <p class='ocr_par' dir='ltr' id='par_1_26' title="bbox 1915 1392 3505 1457">
     <span class='ocr_line' id='line_1_26' title="bbox 1915 1392 3505 1457; baseline 0.001 -10"><span class='ocrx_word' id='word_1_164' title='bbox 1915 1408 2072 1457; x_wconf 73' lang='lat' dir='ltr'><strong>vero,</strong></span> <span class='ocrx_word' id='word_1_165' title='bbox 2095 1393 2241 1449; x_wconf 80' lang='lat' dir='ltr'><strong>velut</strong></span> <span class='ocrx_word' id='word_1_166' title='bbox 2271 1393 2564 1448; x_wconf 89' lang='lat' dir='ltr'><strong>multorum</strong></span> <span class='ocrx_word' id='word_1_167' title='bbox 2596 1401 2879 1448; x_wconf 86' lang='lat' dir='ltr'><strong>auctorem</strong></span> <span class='ocrx_word' id='word_1_168' title='bbox 2912 1394 3205 1455; x_wconf 88' lang='lat' dir='ltr'><strong>malorum,</strong></span> <span class='ocrx_word' id='word_1_169' title='bbox 3236 1392 3505 1449; x_wconf 79' lang='lat' dir='ltr'><strong>conviciis</strong></span> 
     </span>
    </p>
   </div>
   <div class='ocr_carea' id='block_1_27' title="bbox 1919 1480 3498 1554">
    <p class='ocr_par' dir='ltr' id='par_1_27' title="bbox 1919 1480 3498 1554">
     <span class='ocr_line' id='line_1_27' title="bbox 1919 1480 3498 1554; baseline -0.002 -14"><span class='ocrx_word' id='word_1_170' title='bbox 1919 1500 2020 1540; x_wconf 81' lang='lat' dir='ltr'><strong>usa</strong></span> <span class='ocrx_word' id='word_1_171' title='bbox 2043 1483 2294 1540; x_wconf 79' lang='lat' dir='ltr'><strong>Areadna</strong></span> <span class='ocrx_word' id='word_1_172' title='bbox 2315 1482 2667 1554; x_wconf 84' lang='lat' dir='ltr'><strong>corripuerit.</strong></span> <span class='ocrx_word' id='word_1_173' title='bbox 2682 1482 2849 1538; x_wconf 84' lang='lat' dir='ltr'><strong>Porro</strong></span> <span class='ocrx_word' id='word_1_174' title='bbox 2871 1482 3243 1537; x_wconf 81' lang='lat' dir='ltr'><strong>Alamundaro</strong></span> <span class='ocrx_word' id='word_1_175' title='bbox 3263 1480 3498 1538; x_wconf 82' lang='lat' dir='ltr'><strong>Sarace-</strong></span> 
     </span>
    </p>
   </div>
   <div class='ocr_carea' id='block_1_28' title="bbox 1916 1573 3502 1648">
    <p class='ocr_par' dir='ltr' id='par_1_28' title="bbox 1916 1573 3502 1648">
     <span class='ocr_line' id='line_1_28' title="bbox 1916 1573 3502 1648; baseline -0.003 -15"><span class='ocrx_word' id='word_1_176' title='bbox 1916 1576 2168 1633; x_wconf 86' lang='lat' dir='ltr'><strong>nicarum</strong></span> <span class='ocrx_word' id='word_1_177' title='bbox 2199 1575 2439 1631; x_wconf 91' lang='lat' dir='ltr'><strong>tribuum</strong></span> <span class='ocrx_word' id='word_1_178' title='bbox 2461 1574 2710 1648; x_wconf 88' lang='lat' dir='ltr'><strong>principe</strong></span> <span class='ocrx_word' id='word_1_179' title='bbox 2734 1575 3006 1647; x_wconf 71' lang='lat' dir='ltr'><strong>baptizata</strong></span> <span class='ocrx_word' id='word_1_180' title='bbox 3029 1573 3098 1646; x_wconf 72' lang='grc' dir='ltr'><strong>(ι’)</strong></span> <span class='ocrx_word' id='word_1_181' title='bbox 3121 1575 3261 1630; x_wconf 86' lang='lat' dir='ltr'><strong>duos</strong></span> <span class='ocrx_word' id='word_1_182' title='bbox 3287 1575 3502 1647; x_wconf 81' lang='lat' dir='ltr'><strong>episco-</strong></span> 
     </span>
    </p>
   </div>
   <div class='ocr_carea' id='block_1_29' title="bbox 234 1653 1819 1745">
    <p class='ocr_par' dir='ltr' id='par_1_29' title="bbox 234 1653 1818 1745">
     <span class='ocr_line' id='line_1_29' title="bbox 234 1653 1818 1745; baseline 0.014 -38"><span class='ocrx_word' id='word_1_183' title='bbox 234 1653 634 1726; x_wconf 73' lang='grc' dir='ltr'>ἀποθνήσκεις</span> <span class='ocrx_word' id='word_1_184' title='bbox 663 1663 773 1719; x_wconf 68' lang='grc' dir='ltr'><strong>Καὶ</strong></span> <span class='ocrx_word' id='word_1_185' title='bbox 805 1664 951 1721; x_wconf 73' lang='grc' dir='ltr'>οὕτω</span> <span class='ocrx_word' id='word_1_186' title='bbox 1006 1669 1126 1741; x_wconf 81' lang='grc' dir='ltr'>μετ’</span> <span class='ocrx_word' id='word_1_187' title='bbox 1152 1670 1416 1742; x_wconf 81' lang='grc' dir='ltr'><strong>αἰσχύνης</strong></span> <span class='ocrx_word' id='word_1_188' title='bbox 1459 1674 1818 1745; x_wconf 83' lang='grc' dir='ltr'><strong>ἀνεχώρησαν</strong></span> 
     </span>
    </p>
   </div>
   <div class='ocr_carea' id='block_1_30' title="bbox 1928 1653 3504 1745">
    <p class='ocr_par' dir='ltr' id='par_1_30' title="bbox 1928 1667 3504 1742">
     <span class='ocr_line' id='line_1_30' title="bbox 1928 1667 3504 1742; baseline -0.002 -17"><span class='ocrx_word' id='word_1_189' title='bbox 1928 1686 2039 1742; x_wconf 85' lang='lat' dir='ltr'><strong>pos,</strong></span> <span class='ocrx_word' id='word_1_190' title='bbox 2075 1670 2285 1733; x_wconf 87' lang='lat' dir='ltr'><strong>eadem,</strong></span> <span class='ocrx_word' id='word_1_191' title='bbox 2320 1685 2430 1740; x_wconf 91' lang='lat' dir='ltr'><strong>qua</strong></span> <span class='ocrx_word' id='word_1_192' title='bbox 2469 1670 2608 1740; x_wconf 87' lang='lat' dir='ltr'><strong>ipse,</strong></span> <span class='ocrx_word' id='word_1_193' title='bbox 2645 1670 2769 1725; x_wconf 85' lang='lat' dir='ltr'><strong>tabe</strong></span> <span class='ocrx_word' id='word_1_194' title='bbox 2795 1669 3053 1735; x_wconf 78' lang='lat' dir='ltr'><strong>infectos,</strong></span> <span class='ocrx_word' id='word_1_195' title='bbox 3084 1678 3144 1724; x_wconf 87' lang='lat' dir='ltr'><strong>ut</strong></span> <span class='ocrx_word' id='word_1_196' title='bbox 3173 1667 3276 1740; x_wconf 83' lang='lat' dir='ltr'><strong>ipsi</strong></span> <span class='ocrx_word' id='word_1_197' title='bbox 3320 1667 3504 1723; x_wconf 84' lang='lat' dir='ltr'><strong>tabem</strong></span> 
     </span>
    </p>
   </div>
   <div class='ocr_carea' id='block_1_31' title="bbox 231 1747 1819 1836">
    <p class='ocr_par' dir='ltr' id='par_1_31' title="bbox 231 1747 1815 1836">
     <span class='ocr_line' id='line_1_31' title="bbox 231 1747 1815 1836; baseline 0.016 -39"><span class='ocrx_word' id='word_1_198' title='bbox 231 1747 277 1797; x_wconf 78' lang='lat' dir='ltr'><strong>oi</strong></span> <span class='ocrx_word' id='word_1_199' title='bbox 308 1747 395 1802; x_wconf 77' lang='grc' dir='ltr'>τοῦ</span> <span class='ocrx_word' id='word_1_200' title='bbox 425 1750 673 1826; x_wconf 82' lang='grc' dir='ltr'>Σευήρου</span> <span class='ocrx_word' id='word_1_201' title='bbox 725 1758 1041 1819; x_wconf 77' lang='grc' dir='ltr'>ἐπίσκοποι.</span> <span class='ocrx_word' id='word_1_202' title='bbox 1066 1762 1328 1836; x_wconf 80' lang='grc' dir='ltr'>Καϐάδης</span> <span class='ocrx_word' id='word_1_203' title='bbox 1358 1763 1413 1820; x_wconf 79' lang='grc' dir='ltr'><strong>δέ</strong></span> <span class='ocrx_word' id='word_1_204' title='bbox 1442 1782 1596 1830; x_wconf 84' lang='grc' dir='ltr'>τινας</span> <span class='ocrx_word' id='word_1_205' title='bbox 1621 1765 1730 1821; x_wconf 86' lang='grc' dir='ltr'>τῶν</span> <span class='ocrx_word' id='word_1_206' title='bbox 1754 1767 1815 1822; x_wconf 75' lang='grc' dir='ltr'>ἐν</span> 
     </span>
    </p>
   </div>
   <div class='ocr_carea' id='block_1_32' title="bbox 1928 1747 3503 1836">
    <p class='ocr_par' dir='ltr' id='par_1_32' title="bbox 1928 1758 3503 1835">
     <span class='ocr_line' id='line_1_32' title="bbox 1928 1758 3503 1835; baseline -0.003 -16"><span class='ocrx_word' id='word_1_207' title='bbox 1928 1767 1973 1819; x_wconf 89' lang='lat' dir='ltr'><strong>in</strong></span> <span class='ocrx_word' id='word_1_208' title='bbox 2015 1780 2141 1820; x_wconf 87' lang='lat' dir='ltr'><strong>eum</strong></span> <span class='ocrx_word' id='word_1_209' title='bbox 2188 1772 2533 1835; x_wconf 76' lang='lat' dir='ltr'><strong>spargerent,</strong></span> <span class='ocrx_word' id='word_1_210' title='bbox 2570 1761 2637 1818; x_wconf 90' lang='lat' dir='ltr'><strong>ad</strong></span> <span class='ocrx_word' id='word_1_211' title='bbox 2675 1776 2801 1817; x_wconf 92' lang='lat' dir='ltr'><strong>eum</strong></span> <span class='ocrx_word' id='word_1_212' title='bbox 2844 1760 3166 1817; x_wconf 77' lang='lat' dir='ltr'><strong>destinavit.</strong></span> <span class='ocrx_word' id='word_1_213' title='bbox 3198 1758 3282 1815; x_wconf 81' lang='lat' dir='ltr'><strong>Ab</strong></span> <span class='ocrx_word' id='word_1_214' title='bbox 3310 1758 3503 1816; x_wconf 83' lang='lat' dir='ltr'><strong>ortho-</strong></span> 
     </span>
    </p>
   </div>
   <div class='ocr_carea' id='block_1_33' title="bbox 234 1838 1819 1929">
    <p class='ocr_par' dir='ltr' id='par_1_33' title="bbox 234 1840 1814 1929">
     <span class='ocr_line' id='line_1_33' title="bbox 234 1840 1814 1929; baseline 0.013 -37"><span class='ocrx_word' id='word_1_215' title='bbox 234 1840 441 1908; x_wconf 85' lang='grc' dir='ltr'>Περσιδι</span> <span class='ocrx_word' id='word_1_216' title='bbox 462 1843 812 1917; x_wconf 82' lang='grc' dir='ltr'>Χριστιανῶν</span> <span class='ocrx_word' id='word_1_217' title='bbox 837 1850 1308 1928; x_wconf 74' lang='grc' dir='ltr'>ὴγκυλοκόπησεν,</span> <span class='ocrx_word' id='word_1_218' title='bbox 1362 1858 1412 1911; x_wconf 75' lang='grc' dir='ltr'>οἳ</span> <span class='ocrx_word' id='word_1_219' title='bbox 1454 1858 1593 1929; x_wconf 77' lang='grc' dir='ltr'>μετὰ</span> <span class='ocrx_word' id='word_1_220' title='bbox 1639 1858 1814 1913; x_wconf 75' lang='grc' dir='ltr'>ταῦτα</span> 
     </span>
    </p>
   </div>
   <div class='ocr_carea' id='block_1_34' title="bbox 1928 1838 3507 1929">
    <p class='ocr_par' dir='ltr' id='par_1_34' title="bbox 1928 1852 3507 1927">
     <span class='ocr_line' id='line_1_34' title="bbox 1928 1852 3507 1927; baseline -0.004 -14"><span class='ocrx_word' id='word_1_221' title='bbox 1928 1858 2078 1914; x_wconf 61' lang='lat' dir='ltr'><strong>donis</strong></span> <span class='ocrx_word' id='word_1_222' title='bbox 2129 1873 2262 1913; x_wconf 89' lang='lat' dir='ltr'><strong>vero</strong></span> <span class='ocrx_word' id='word_1_223' title='bbox 2315 1855 2524 1927; x_wconf 83' lang='lat' dir='ltr'><strong>synodo</strong></span> <span class='ocrx_word' id='word_1_224' title='bbox 2553 1856 2691 1911; x_wconf 86' lang='lat' dir='ltr'><strong>bene</strong></span> <span class='ocrx_word' id='word_1_225' title='bbox 2740 1854 2977 1918; x_wconf 72' lang='lat' dir='ltr'><strong>allectis.</strong></span> <span class='ocrx_word' id='word_1_226' title='bbox 3010 1855 3104 1910; x_wconf 89' lang='lat' dir='ltr'><strong>Dei</strong></span> <span class='ocrx_word' id='word_1_227' title='bbox 3156 1852 3507 1926; x_wconf 80' lang='lat' dir='ltr'><strong>providentia</strong></span> 
     </span>
    </p>
   </div>
   <div class='ocr_carea' id='block_1_35' title="bbox 234 1935 1819 2021">
    <p class='ocr_par' dir='ltr' id='par_1_35' title="bbox 234 1935 657 2010">
     <span class='ocr_line' id='line_1_35' title="bbox 234 1935 657 2010; baseline 0.021 -23"><span class='ocrx_word' id='word_1_228' title='bbox 234 1935 526 2010; x_wconf 84' lang='grc' dir='ltr'>περιεπάτη</span> <span class='ocrx_word' id='word_1_229' title='bbox 536 1955 657 1997; x_wconf 85' lang='grc' dir='ltr'>σαν.</span> 
     </span>
    </p>
   </div>
   <div class='ocr_carea' id='block_1_36' title="bbox 1928 1935 3505 2021">
    <p class='ocr_par' dir='ltr' id='par_1_36' title="bbox 1928 1943 3505 2021">
     <span class='ocr_line' id='line_1_36' title="bbox 1928 1943 3505 2021; baseline -0.005 -15"><span class='ocrx_word' id='word_1_230' title='bbox 1928 1950 2256 2021; x_wconf 83' lang='lat' dir='ltr'><strong>baptizatus,</strong></span> <span class='ocrx_word' id='word_1_231' title='bbox 2300 1949 2615 2006; x_wconf 85' lang='lat' dir='ltr'><strong>Severianis</strong></span> <span class='ocrx_word' id='word_1_232' title='bbox 2647 1949 2921 2021; x_wconf 86' lang='lat' dir='ltr'><strong>episcopis</strong></span> <span class='ocrx_word' id='word_1_233' title='bbox 2961 1963 2991 2002; x_wconf 91' lang='lat' dir='ltr'><strong>a</strong></span> <span class='ocrx_word' id='word_1_234' title='bbox 3019 1962 3149 2002; x_wconf 88' lang='lat' dir='ltr'><strong>vero</strong></span> <span class='ocrx_word' id='word_1_235' title='bbox 3193 1945 3351 2018; x_wconf 78' lang='lat'><strong>137</strong></span> <span class='ocrx_word' id='word_1_236' title='bbox 3382 1943 3505 2001; x_wconf 85' lang='lat' dir='ltr'><strong>ﬁdei</strong></span> 
     </span>
    </p>
   </div>
   <div class='ocr_carea' id='block_1_37' title="bbox 234 2031 3511 2114">
    <p class='ocr_par' dir='ltr' id='par_1_37' title="bbox 234 2031 3511 2114">
     <span class='ocr_line' id='line_1_37' title="bbox 234 2031 3511 2114; baseline 0.006 -36"><span class='ocrx_word' id='word_1_237' title='bbox 234 2038 387 2082; x_wconf 83' lang='lat' dir='ltr'><strong>sensu</strong></span> <span class='ocrx_word' id='word_1_238' title='bbox 417 2042 548 2085; x_wconf 90' lang='lat' dir='ltr'><strong>eum</strong></span> <span class='ocrx_word' id='word_1_239' title='bbox 618 2031 896 2093; x_wconf 79' lang='lat' dir='ltr'><strong>divertere</strong></span> <span class='ocrx_word' id='word_1_240' title='bbox 969 2038 1222 2097; x_wconf 88' lang='lat' dir='ltr'><strong>studiose</strong></span> <span class='ocrx_word' id='word_1_241' title='bbox 1264 2041 1735 2107; x_wconf 88' lang='lat' dir='ltr'><strong>machinantibus.</strong></span> <span class='ocrx_word' id='word_1_242' title='bbox 1772 2043 1890 2114; x_wconf 89' lang='lat' dir='ltr'><strong>ipse</strong></span> <span class='ocrx_word' id='word_1_243' title='bbox 1922 2042 2330 2099; x_wconf 83' lang='lat' dir='ltr'><strong>Alamundarus</strong></span> <span class='ocrx_word' id='word_1_244' title='bbox 2358 2051 2475 2099; x_wconf 88' lang='lat' dir='ltr'><strong>arte</strong></span> <span class='ocrx_word' id='word_1_245' title='bbox 2501 2042 2638 2098; x_wconf 87' lang='lat' dir='ltr'><strong>mira</strong></span> <span class='ocrx_word' id='word_1_246' title='bbox 2669 2052 2984 2099; x_wconf 89' lang='lat' dir='ltr'><strong>commento</strong></span> <span class='ocrx_word' id='word_1_247' title='bbox 3025 2043 3193 2099; x_wconf 87' lang='lat' dir='ltr'><strong>hocce</strong></span> <span class='ocrx_word' id='word_1_248' title='bbox 3220 2039 3511 2113; x_wconf 85' lang='lat' dir='ltr'><strong>proposito</strong></span> 
     </span>
    </p>
   </div>
   <div class='ocr_carea' id='block_1_38' title="bbox 232 2125 3506 2211">
    <p class='ocr_par' dir='ltr' id='par_1_38' title="bbox 232 2125 3506 2211">
     <span class='ocr_line' id='line_1_38' title="bbox 232 2125 3506 2211; baseline 0.005 -37"><span class='ocrx_word' id='word_1_249' title='bbox 232 2135 319 2177; x_wconf 84' lang='lat' dir='ltr'><strong>ens</strong></span> <span class='ocrx_word' id='word_1_250' title='bbox 343 2125 597 2194; x_wconf 82' lang='lat' dir='ltr'><strong>coarguit</strong></span> <span class='ocrx_word' id='word_1_251' title='bbox 624 2144 641 2183; x_wconf 89' lang='lat'><strong>:</strong></span> <span class='ocrx_word' id='word_1_252' title='bbox 666 2125 862 2196; x_wconf 81' lang='lat' dir='ltr'><strong>Hodie,</strong></span> <span class='ocrx_word' id='word_1_253' title='bbox 888 2130 1068 2202; x_wconf 87' lang='lat' dir='ltr'><strong>inquit</strong></span> <span class='ocrx_word' id='word_1_254' title='bbox 1105 2133 1177 2190; x_wconf 83' lang='lat' dir='ltr'><strong>ad</strong></span> <span class='ocrx_word' id='word_1_255' title='bbox 1205 2148 1325 2204; x_wconf 90' lang='lat' dir='ltr'><strong>eos,</strong></span> <span class='ocrx_word' id='word_1_256' title='bbox 1364 2139 1542 2208; x_wconf 81' lang='lat' dir='ltr'><strong>accepi</strong></span> <span class='ocrx_word' id='word_1_257' title='bbox 1577 2137 1807 2205; x_wconf 75' lang='lat' dir='ltr'><strong>litteras,</strong></span> <span class='ocrx_word' id='word_1_258' title='bbox 1849 2139 2039 2211; x_wconf 80' lang='lat' dir='ltr'><strong>quibus</strong></span> <span class='ocrx_word' id='word_1_259' title='bbox 2064 2138 2443 2210; x_wconf 81' lang='lat' dir='ltr'><strong>archangelum</strong></span> <span class='ocrx_word' id='word_1_260' title='bbox 2460 2136 2787 2193; x_wconf 75' lang='lat' dir='ltr'><strong>Michaelem</strong></span> <span class='ocrx_word' id='word_1_261' title='bbox 2814 2134 3125 2193; x_wconf 77' lang='lat' dir='ltr'><strong>obiisseltoc</strong></span> <span class='ocrx_word' id='word_1_262' title='bbox 3179 2136 3363 2194; x_wconf 83' lang='lat' dir='ltr'><strong>eodem</strong></span> <span class='ocrx_word' id='word_1_263' title='bbox 3420 2136 3506 2191; x_wconf 71' lang='lat' dir='ltr'><strong>die</strong></span> 
     </span>
    </p>
   </div>
   <div class='ocr_carea' id='block_1_39' title="bbox 233 2214 3505 2306">
    <p class='ocr_par' dir='ltr' id='par_1_39' title="bbox 233 2214 3505 2306">
     <span class='ocr_line' id='line_1_39' title="bbox 233 2214 3505 2306; baseline 0.007 -41"><span class='ocrx_word' id='word_1_264' title='bbox 233 2214 521 2271; x_wconf 75' lang='lat' dir='ltr'><strong>nuntiatur.</strong></span> <span class='ocrx_word' id='word_1_265' title='bbox 559 2216 1040 2293; x_wconf 76' lang='lat' dir='ltr'><strong>Respondentibus</strong></span> <span class='ocrx_word' id='word_1_266' title='bbox 1073 2229 1207 2296; x_wconf 91' lang='lat' dir='ltr'><strong>illis,</strong></span> <span class='ocrx_word' id='word_1_267' title='bbox 1268 2246 1387 2287; x_wconf 87' lang='lat' dir='ltr'><strong>rem</strong></span> <span class='ocrx_word' id='word_1_268' title='bbox 1452 2246 1578 2289; x_wconf 87' lang='lat' dir='ltr'><strong>esse</strong></span> <span class='ocrx_word' id='word_1_269' title='bbox 1609 2247 1731 2306; x_wconf 66' lang='lat' dir='ltr'><strong>quae</strong></span> <span class='ocrx_word' id='word_1_270' title='bbox 1762 2234 1877 2290; x_wconf 81' lang='lat' dir='ltr'><strong>ﬁeri</strong></span> <span class='ocrx_word' id='word_1_271' title='bbox 1919 2233 2175 2305; x_wconf 83' lang='lat' dir='ltr'><strong>nequiret</strong></span> <span class='ocrx_word' id='word_1_272' title='bbox 2206 2274 2224 2299; x_wconf 91' lang='lat'><strong>,</strong></span> <span class='ocrx_word' id='word_1_273' title='bbox 2260 2232 2339 2297; x_wconf 65' lang='lat' dir='ltr'><strong>,ad</strong></span> <span class='ocrx_word' id='word_1_274' title='bbox 2382 2247 2477 2289; x_wconf 90' lang='lat' dir='ltr'><strong>eos</strong></span> <span class='ocrx_word' id='word_1_275' title='bbox 2508 2233 2751 2289; x_wconf 83' lang='lat' dir='ltr'><strong>tribuum</strong></span> <span class='ocrx_word' id='word_1_276' title='bbox 2782 2231 3042 2303; x_wconf 85' lang='lat' dir='ltr'><strong>princeps</strong></span> <span class='ocrx_word' id='word_1_277' title='bbox 3081 2234 3357 2288; x_wconf 79' lang='lat' dir='ltr'><strong>convertit</strong></span> <span class='ocrx_word' id='word_1_278' title='bbox 3384 2247 3505 2288; x_wconf 83' lang='lat' dir='ltr'><strong>ser-</strong></span> 
     </span>
    </p>
   </div>
   <div class='ocr_carea' id='block_1_40' title="bbox 235 2312 3507 2397">
    <p class='ocr_par' dir='ltr' id='par_1_40' title="bbox 235 2312 3507 2397">
     <span class='ocr_line' id='line_1_40' title="bbox 235 2312 3507 2397; baseline 0.006 -36"><span class='ocrx_word' id='word_1_279' title='bbox 235 2323 438 2365; x_wconf 87' lang='lat' dir='ltr'><strong>monem</strong></span> <span class='ocrx_word' id='word_1_280' title='bbox 474 2324 492 2365; x_wconf 88' lang='lat'><strong>:</strong></span> <span class='ocrx_word' id='word_1_281' title='bbox 550 2312 620 2367; x_wconf 81' lang='lat' dir='ltr'><strong>Et</strong></span> <span class='ocrx_word' id='word_1_282' title='bbox 669 2320 952 2389; x_wconf 85' lang='lat' dir='ltr'><strong>quomodo,</strong></span> <span class='ocrx_word' id='word_1_283' title='bbox 1001 2322 1100 2388; x_wconf 87' lang='lat' dir='ltr'><strong>ait,</strong></span> <span class='ocrx_word' id='word_1_284' title='bbox 1133 2339 1300 2393; x_wconf 80' lang='lat' dir='ltr'><strong>purus</strong></span> <span class='ocrx_word' id='word_1_285' title='bbox 1346 2341 1626 2392; x_wconf 83' lang='lat' dir='ltr'><strong>merusque</strong></span> <span class='ocrx_word' id='word_1_286' title='bbox 1672 2326 1813 2383; x_wconf 83' lang='lat' dir='ltr'><strong>Deus</strong></span> <span class='ocrx_word' id='word_1_287' title='bbox 1846 2326 2008 2397; x_wconf 80' lang='lat' dir='ltr'><strong>juxta</strong></span> <span class='ocrx_word' id='word_1_288' title='bbox 2042 2334 2265 2380; x_wconf 84' lang='lat' dir='ltr'><strong>mentem</strong></span> <span class='ocrx_word' id='word_1_289' title='bbox 2292 2335 2522 2381; x_wconf 72' lang='lat' dir='ltr'><strong>vestram</strong></span> <span class='ocrx_word' id='word_1_290' title='bbox 2558 2326 2661 2396; x_wconf 78' lang='lat' dir='ltr'><strong>fuit</strong></span> <span class='ocrx_word' id='word_1_291' title='bbox 2694 2328 2841 2380; x_wconf 84' lang='lat' dir='ltr'><strong>cruci</strong></span> <span class='ocrx_word' id='word_1_292' title='bbox 2883 2326 3122 2396; x_wconf 65' lang='lat' dir='ltr'><strong>sufﬁxus,</strong></span> <span class='ocrx_word' id='word_1_293' title='bbox 3193 2326 3299 2381; x_wconf 86' lang='lat' dir='ltr'><strong>nisi</strong></span> <span class='ocrx_word' id='word_1_294' title='bbox 3369 2327 3507 2382; x_wconf 83' lang='lat' dir='ltr'><strong>duas</strong></span> 
     </span>
    </p>
   </div>
   <div class='ocr_carea' id='block_1_41' title="bbox 235 2402 3508 2490">
    <p class='ocr_par' dir='ltr' id='par_1_41' title="bbox 235 2402 3508 2490">
     <span class='ocr_line' id='line_1_41' title="bbox 235 2402 3508 2490; baseline 0.005 -36"><span class='ocrx_word' id='word_1_295' title='bbox 235 2402 321 2457; x_wconf 76' lang='lat' dir='ltr'><strong>bus</strong></span> <span class='ocrx_word' id='word_1_296' title='bbox 350 2418 415 2458; x_wconf 69' lang='lat' dir='ltr'><strong>ex</strong></span> <span class='ocrx_word' id='word_1_297' title='bbox 456 2409 670 2465; x_wconf 84' lang='lat' dir='ltr'><strong>naturis</strong></span> <span class='ocrx_word' id='word_1_298' title='bbox 740 2413 1035 2467; x_wconf 79' lang='lat' dir='ltr'><strong>constiterit</strong></span> <span class='ocrx_word' id='word_1_299' title='bbox 1071 2412 1318 2471; x_wconf 81' lang='lat' dir='ltr'><strong>Christus</strong></span> <span class='ocrx_word' id='word_1_300' title='bbox 1344 2432 1364 2471; x_wconf 88' lang='lat'><strong><em>:</em></strong></span> <span class='ocrx_word' id='word_1_301' title='bbox 1408 2417 1837 2488; x_wconf 80' lang='lat' dir='ltr'><strong>quandoquidem</strong></span> <span class='ocrx_word' id='word_1_302' title='bbox 1876 2434 2041 2490; x_wconf 84' lang='lat' dir='ltr'><strong>neque</strong></span> <span class='ocrx_word' id='word_1_303' title='bbox 2088 2416 2304 2487; x_wconf 80' lang='lat' dir='ltr'><strong>angelus</strong></span> <span class='ocrx_word' id='word_1_304' title='bbox 2348 2414 2487 2470; x_wconf 80' lang='lat' dir='ltr'><strong>iet/io</strong></span> <span class='ocrx_word' id='word_1_305' title='bbox 2516 2424 2688 2486; x_wconf 82' lang='lat' dir='ltr'><strong>potest</strong></span> <span class='ocrx_word' id='word_1_306' title='bbox 2715 2416 2985 2487; x_wconf 74' lang='lat' dir='ltr'><strong>exstingui</strong></span> <span class='ocrx_word' id='word_1_307' title='bbox 3012 2418 3039 2472; x_wconf 73' lang='lat'><strong>.9</strong></span> <span class='ocrx_word' id='word_1_308' title='bbox 3065 2415 3240 2488; x_wconf 85' lang='lat' dir='ltr'><strong>Atque</strong></span> <span class='ocrx_word' id='word_1_309' title='bbox 3272 2417 3347 2472; x_wconf 85' lang='lat' dir='ltr'><strong>ita</strong></span> <span class='ocrx_word' id='word_1_310' title='bbox 3381 2433 3508 2475; x_wconf 78' lang='lat' dir='ltr'><strong>cum</strong></span> 
     </span>
    </p>
   </div>
   <div class='ocr_carea' id='block_1_42' title="bbox 235 2497 3517 2582">
    <p class='ocr_par' dir='ltr' id='par_1_42' title="bbox 235 2497 3517 2582">
     <span class='ocr_line' id='line_1_42' title="bbox 235 2497 3517 2582; baseline 0.005 -30"><span class='ocrx_word' id='word_1_311' title='bbox 235 2497 489 2557; x_wconf 79' lang='lat' dir='ltr'><strong>dedecore</strong></span> <span class='ocrx_word' id='word_1_312' title='bbox 523 2500 807 2559; x_wconf 82' lang='lat' dir='ltr'><strong>Severiani</strong></span> <span class='ocrx_word' id='word_1_313' title='bbox 839 2506 1087 2580; x_wconf 85' lang='lat' dir='ltr'><strong>episcopi</strong></span> <span class='ocrx_word' id='word_1_314' title='bbox 1128 2507 1529 2567; x_wconf 89' lang='lat' dir='ltr'><strong>discesserunt.</strong></span> <span class='ocrx_word' id='word_1_315' title='bbox 1561 2510 1810 2567; x_wconf 87' lang='lat' dir='ltr'><strong>Cabades</strong></span> <span class='ocrx_word' id='word_1_316' title='bbox 1849 2525 2016 2582; x_wconf 88' lang='lat' dir='ltr'><strong>porro</strong></span> <span class='ocrx_word' id='word_1_317' title='bbox 2036 2508 2367 2581; x_wconf 87' lang='lat' dir='ltr'><strong>quibusdam</strong></span> <span class='ocrx_word' id='word_1_318' title='bbox 2392 2523 2489 2580; x_wconf 87' lang='lat' dir='ltr'><strong>per</strong></span> <span class='ocrx_word' id='word_1_319' title='bbox 2505 2507 2789 2565; x_wconf 84' lang='lat' dir='ltr'><strong>Persidem</strong></span> <span class='ocrx_word' id='word_1_320' title='bbox 2836 2508 3175 2567; x_wconf 84' lang='lat' dir='ltr'><strong>Christianis</strong></span> <span class='ocrx_word' id='word_1_321' title='bbox 3238 2510 3517 2582; x_wconf 80' lang='lat' dir='ltr'><strong>poplitum</strong></span> 
     </span>
    </p>
   </div>
   <div class='ocr_carea' id='block_1_43' title="bbox 236 2592 2248 2676">
    <p class='ocr_par' dir='ltr' id='par_1_43' title="bbox 236 2592 2248 2676">
     <span class='ocr_line' id='line_1_43' title="bbox 236 2592 2248 2676; baseline 0.003 -28"><span class='ocrx_word' id='word_1_322' title='bbox 236 2592 456 2650; x_wconf 79' lang='lat' dir='ltr'><strong>succidit</strong></span> <span class='ocrx_word' id='word_1_323' title='bbox 483 2608 712 2661; x_wconf 83' lang='lat' dir='ltr'><strong>nervos,</strong></span> <span class='ocrx_word' id='word_1_324' title='bbox 741 2600 834 2669; x_wconf 91' lang='lat' dir='ltr'><strong>qui</strong></span> <span class='ocrx_word' id='word_1_325' title='bbox 863 2598 1033 2655; x_wconf 87' lang='lat' dir='ltr'><strong>nihilo</strong></span> <span class='ocrx_word' id='word_1_326' title='bbox 1061 2600 1246 2658; x_wconf 85' lang='lat' dir='ltr'><strong>secius</strong></span> <span class='ocrx_word' id='word_1_327' title='bbox 1276 2603 1626 2673; x_wconf 87' lang='lat' dir='ltr'><strong>postmodum</strong></span> <span class='ocrx_word' id='word_1_328' title='bbox 1657 2610 1810 2659; x_wconf 91' lang='lat' dir='ltr'><strong>recta</strong></span> <span class='ocrx_word' id='word_1_329' title='bbox 1851 2607 2248 2676; x_wconf 87' lang='lat' dir='ltr'><strong>processerunt</strong></span> 
     </span>
    </p>
   </div>
   <div class='ocr_carea' id='block_1_44' title="bbox 294 2686 1816 2768">
    <p class='ocr_par' dir='ltr' id='par_1_44' title="bbox 294 2686 1816 2768">
     <span class='ocr_line' id='line_1_44' title="bbox 294 2686 1816 2768; baseline 0.007 -26"><span class='ocrx_word' id='word_1_330' title='bbox 294 2687 359 2743; x_wconf 78' lang='grc' dir='ltr'><strong>Δ.</strong></span> <span class='ocrx_word' id='word_1_331' title='bbox 406 2687 485 2744; x_wconf 78' lang='grc' dir='ltr'><strong>Μ.</strong></span> <span class='ocrx_word' id='word_1_332' title='bbox 536 2686 702 2746; x_wconf 79' lang='lat'><strong>6006.</strong></span> <span class='ocrx_word' id='word_1_333' title='bbox 738 2721 807 2735; x_wconf 90' lang='lat'><strong>-—</strong></span> <span class='ocrx_word' id='word_1_334' title='bbox 859 2691 1089 2765; x_wconf 81' lang='grc' dir='ltr'>Ῥώμης</span> <span class='ocrx_word' id='word_1_335' title='bbox 1122 2695 1466 2753; x_wconf 79' lang='grc' dir='ltr'><strong>ἐπισκόπου</strong></span> <span class='ocrx_word' id='word_1_336' title='bbox 1521 2696 1816 2768; x_wconf 74' lang='grc' dir='ltr'>ὀρμίσδα</span> 
     </span>
    </p>
   </div>
   <div class='ocr_carea' id='block_1_45' title="bbox 236 2777 458 2848">
    <p class='ocr_par' dir='ltr' id='par_1_45' title="bbox 236 2777 458 2848">
     <span class='ocr_line' id='line_1_45' title="bbox 236 2777 458 2848; baseline 0.014 -13"><span class='ocrx_word' id='word_1_337' title='bbox 236 2777 359 2848; x_wconf 69' lang='grc' dir='ltr'>ἔτος</span> <span class='ocrx_word' id='word_1_338' title='bbox 383 2777 458 2838; x_wconf 84' lang='lat' dir='ltr'><strong>u&#39;.</strong></span> 
     </span>
    </p>
   </div>
   <div class='ocr_carea' id='block_1_46' title="bbox 302 2874 1817 2957">
    <p class='ocr_par' dir='ltr' id='par_1_46' title="bbox 302 2874 1817 2957">
     <span class='ocr_line' id='line_1_46' title="bbox 302 2874 1817 2957; baseline 0.009 -30"><span class='ocrx_word' id='word_1_339' title='bbox 302 2874 487 2949; x_wconf 83' lang='grc' dir='ltr'><strong>Τούτῳ</strong></span> <span class='ocrx_word' id='word_1_340' title='bbox 516 2875 600 2949; x_wconf 80' lang='grc' dir='ltr'>τῷ</span> <span class='ocrx_word' id='word_1_341' title='bbox 632 2877 743 2933; x_wconf 74' lang='grc' dir='ltr'>ἔτει</span> <span class='ocrx_word' id='word_1_342' title='bbox 764 2878 1085 2946; x_wconf 79' lang='grc' dir='ltr'>Βιταλιανδς</span> <span class='ocrx_word' id='word_1_343' title='bbox 1117 2882 1453 2954; x_wconf 80' lang='grc' dir='ltr'>παραλαϐὼν</span> <span class='ocrx_word' id='word_1_344' title='bbox 1484 2884 1599 2957; x_wconf 75' lang='lat'><strong>(55)</strong></span> <span class='ocrx_word' id='word_1_345' title='bbox 1634 2886 1817 2941; x_wconf 82' lang='grc' dir='ltr'>πᾶσαν</span> 
     </span>
    </p>
   </div>
   <div class='ocr_carea' id='block_1_47' title="bbox 241 2967 1818 3049">
    <p class='ocr_par' dir='ltr' id='par_1_47' title="bbox 241 2967 1818 3049">
     <span class='ocr_line' id='line_1_47' title="bbox 241 2967 1818 3049; baseline 0.008 -28"><span class='ocrx_word' id='word_1_346' title='bbox 241 2967 327 3039; x_wconf 73' lang='grc' dir='ltr'><strong>τὴν</strong></span> <span class='ocrx_word' id='word_1_347' title='bbox 339 2968 562 3045; x_wconf 81' lang='grc' dir='ltr'><strong>Θρᾴκην</strong></span> <span class='ocrx_word' id='word_1_348' title='bbox 583 2973 675 3027; x_wconf 67' lang='grc' dir='ltr'><strong>καὶ</strong></span> <span class='ocrx_word' id='word_1_349' title='bbox 693 2972 931 3030; x_wconf 81' lang='grc' dir='ltr'><strong>Σκυθίαν</strong></span> <span class='ocrx_word' id='word_1_350' title='bbox 958 2975 1054 3030; x_wconf 76' lang='grc' dir='ltr'><strong>καὶ</strong></span> <span class='ocrx_word' id='word_1_351' title='bbox 1073 2977 1309 3043; x_wconf 71' lang='grc' dir='ltr'>Μυσίαν,</span> <span class='ocrx_word' id='word_1_352' title='bbox 1326 2976 1468 3049; x_wconf 75' lang='grc' dir='ltr'>ἔχων</span> <span class='ocrx_word' id='word_1_353' title='bbox 1486 2980 1606 3049; x_wconf 84' lang='grc' dir='ltr'>μεθ’</span> <span class='ocrx_word' id='word_1_354' title='bbox 1625 2980 1818 3035; x_wconf 79' lang='grc' dir='ltr'>ἑαυτοῦ</span> 
     </span>
    </p>
   </div>
   <div class='ocr_carea' id='block_1_48' title="bbox 242 3062 1820 3146">
    <p class='ocr_par' dir='ltr' id='par_1_48' title="bbox 242 3062 1820 3146">
     <span class='ocr_line' id='line_1_48' title="bbox 242 3062 1820 3146; baseline 0.01 -32"><span class='ocrx_word' id='word_1_355' title='bbox 242 3062 408 3135; x_wconf 74' lang='grc' dir='ltr'>πλήθη</span> <span class='ocrx_word' id='word_1_356' title='bbox 425 3063 647 3120; x_wconf 75' lang='grc' dir='ltr'>Οϐννων</span> <span class='ocrx_word' id='word_1_357' title='bbox 662 3067 757 3122; x_wconf 79' lang='grc' dir='ltr'><strong>καὶ</strong></span> <span class='ocrx_word' id='word_1_358' title='bbox 782 3066 1133 3142; x_wconf 84' lang='grc' dir='ltr'>Βουλγάρων,</span> <span class='ocrx_word' id='word_1_359' title='bbox 1154 3070 1462 3143; x_wconf 84' lang='grc' dir='ltr'>παρέλαϐεν</span> <span class='ocrx_word' id='word_1_360' title='bbox 1481 3073 1580 3143; x_wconf 84' lang='grc' dir='ltr'><strong>τὴν</strong></span> <span class='ocrx_word' id='word_1_361' title='bbox 1594 3072 1820 3146; x_wconf 81' lang='grc' dir='ltr'>Ἀγχία-</span> 
     </span>
    </p>
   </div>
   <div class='ocr_carea' id='block_1_49' title="bbox 242 3155 1819 3241">
    <p class='ocr_par' dir='ltr' id='par_1_49' title="bbox 242 3155 1819 3241">
     <span class='ocr_line' id='line_1_49' title="bbox 242 3155 1819 3241; baseline 0.009 -32"><span class='ocrx_word' id='word_1_362' title='bbox 242 3155 321 3211; x_wconf 85' lang='grc' dir='ltr'><strong>λον</strong></span> <span class='ocrx_word' id='word_1_363' title='bbox 336 3161 425 3214; x_wconf 74' lang='grc' dir='ltr'>καὶ</span> <span class='ocrx_word' id='word_1_364' title='bbox 444 3160 547 3232; x_wconf 78' lang='grc' dir='ltr'>τὴν</span> <span class='ocrx_word' id='word_1_365' title='bbox 563 3161 968 3231; x_wconf 84' lang='grc' dir='ltr'>Ὀδυσσόπολιν,</span> <span class='ocrx_word' id='word_1_366' title='bbox 994 3164 1199 3228; x_wconf 80' lang='grc' dir='ltr'>πιάσας</span> <span class='ocrx_word' id='word_1_367' title='bbox 1224 3166 1316 3220; x_wconf 77' lang='grc' dir='ltr'><strong>καὶ</strong></span> <span class='ocrx_word' id='word_1_368' title='bbox 1339 3166 1432 3221; x_wconf 78' lang='grc' dir='ltr'><strong>τὸν</strong></span> <span class='ocrx_word' id='word_1_369' title='bbox 1444 3167 1713 3241; x_wconf 80' lang='grc' dir='ltr'>Κύριλλον</span> <span class='ocrx_word' id='word_1_370' title='bbox 1727 3168 1819 3223; x_wconf 77' lang='grc' dir='ltr'><strong>τὸν</strong></span> 
     </span>
    </p>
   </div>
   <div class='ocr_carea' id='block_1_50' title="bbox 247 3248 1818 3327">
    <p class='ocr_par' dir='ltr' id='par_1_50' title="bbox 247 3248 1818 3327">
     <span class='ocr_line' id='line_1_50' title="bbox 247 3248 1818 3327; baseline 0.01 -30"><span class='ocrx_word' id='word_1_371' title='bbox 247 3248 613 3321; x_wconf 79' lang='grc' dir='ltr'>στρατηλάτην</span> <span class='ocrx_word' id='word_1_372' title='bbox 635 3250 880 3323; x_wconf 75' lang='grc' dir='ltr'>Θρᾴκης,</span> <span class='ocrx_word' id='word_1_373' title='bbox 916 3255 1013 3307; x_wconf 75' lang='grc' dir='ltr'><strong>καὶ</strong></span> <span class='ocrx_word' id='word_1_374' title='bbox 1042 3250 1206 3326; x_wconf 79' lang='grc' dir='ltr'>ἦλθεν</span> <span class='ocrx_word' id='word_1_375' title='bbox 1240 3256 1548 3327; x_wconf 83' lang='grc' dir='ltr'>πραιδεύων</span> <span class='ocrx_word' id='word_1_376' title='bbox 1585 3257 1690 3322; x_wconf 79' lang='grc' dir='ltr'><strong>ἕως</strong></span> <span class='ocrx_word' id='word_1_377' title='bbox 1718 3259 1818 3313; x_wconf 80' lang='grc' dir='ltr'>τοῦ</span> 
     </span>
    </p>
   </div>
   <div class='ocr_carea' id='block_1_51' title="bbox 248 3336 1821 3419">
    <p class='ocr_par' dir='ltr' id='par_1_51' title="bbox 248 3336 1821 3419">
     <span class='ocr_line' id='line_1_51' title="bbox 248 3336 1821 3419; baseline 0.008 -29"><span class='ocrx_word' id='word_1_378' title='bbox 248 3336 553 3403; x_wconf 75' lang='grc' dir='ltr'><strong>Βυζαντίου.</strong></span> <span class='ocrx_word' id='word_1_379' title='bbox 600 3343 921 3414; x_wconf 70' lang='grc' dir='ltr'>Φειδόμενος</span> <span class='ocrx_word' id='word_1_380' title='bbox 973 3344 1031 3398; x_wconf 82' lang='grc' dir='ltr'>δὲ</span> <span class='ocrx_word' id='word_1_381' title='bbox 1059 3345 1160 3416; x_wconf 87' lang='grc' dir='ltr'><strong>τῆς</strong></span> <span class='ocrx_word' id='word_1_382' title='bbox 1185 3346 1395 3411; x_wconf 88' lang='grc' dir='ltr'>πόλεως</span> <span class='ocrx_word' id='word_1_383' title='bbox 1435 3348 1492 3400; x_wconf 79' lang='grc' dir='ltr'>ὲν</span> <span class='ocrx_word' id='word_1_384' title='bbox 1532 3347 1821 3419; x_wconf 74' lang='grc' dir='ltr'>Σωσθενίῳ</span> 
     </span>
    </p>
   </div>
   <div class='ocr_carea' id='block_1_52' title="bbox 247 3409 1895 3513">
    <p class='ocr_par' dir='ltr' id='par_1_52' title="bbox 247 3409 1895 3513">
     <span class='ocr_line' id='line_1_52' title="bbox 247 3409 1895 3513; baseline 0.008 -28"><span class='ocrx_word' id='word_1_385' title='bbox 247 3409 773 3506; x_wconf 40' lang='grc' dir='ltr'>ἐστρατοπέδευσεν.-</span> <span class='ocrx_word' id='word_1_386' title='bbox 814 3409 1165 3504; x_wconf 81' lang='grc' dir='ltr'>Ἀναστάσιος</span> <span class='ocrx_word' id='word_1_387' title='bbox 1200 3440 1258 3495; x_wconf 75' lang='grc' dir='ltr'>δὲ</span> <span class='ocrx_word' id='word_1_388' title='bbox 1288 3409 1557 3509; x_wconf 81' lang='grc' dir='ltr'>ἀπογνοὺς</span> <span class='ocrx_word' id='word_1_389' title='bbox 1610 3409 1819 3513; x_wconf 43' lang='grc' dir='ltr'>πέμπε-ι</span> <span class='ocrx_word' id='word_1_390' title='bbox 1849 3409 1895 3472; x_wconf 78' lang='lat' dir='ltr'>c</span> 
     </span>
    </p>
   </div>
   <div class='ocr_carea' id='block_1_53' title="bbox 248 3531 1815 3609">
    <p class='ocr_par' dir='ltr' id='par_1_53' title="bbox 248 3531 1815 3609">
     <span class='ocr_line' id='line_1_53' title="bbox 248 3531 1815 3609; baseline 0.008 -29"><span class='ocrx_word' id='word_1_391' title='bbox 248 3532 386 3594; x_wconf 73' lang='grc' dir='ltr'>τινὰς</span> <span class='ocrx_word' id='word_1_392' title='bbox 408 3531 512 3603; x_wconf 82' lang='grc' dir='ltr'>τῆς</span> <span class='ocrx_word' id='word_1_393' title='bbox 540 3533 853 3605; x_wconf 74' lang='grc' dir='ltr'><strong>συγκλήτου</strong></span> <span class='ocrx_word' id='word_1_394' title='bbox 896 3534 1235 3607; x_wconf 85' lang='grc' dir='ltr'>παρακαλῶν</span> <span class='ocrx_word' id='word_1_395' title='bbox 1258 3534 1576 3609; x_wconf 71' lang='grc' dir='ltr'>εἰρηνεῦσαι</span> <span class='ocrx_word' id='word_1_396' title='bbox 1620 3536 1781 3592; x_wconf 76' lang='grc' dir='ltr'>αὐτόν</span> <span class='ocrx_word' id='word_1_397' title='bbox 1800 3554 1815 3569; x_wconf 88' lang='grc'><strong>·</strong></span> 
     </span>
    </p>
   </div>
   <div class='ocr_carea' id='block_1_54' title="bbox 250 3620 1818 3703">
    <p class='ocr_par' dir='ltr' id='par_1_54' title="bbox 250 3620 1818 3703">
     <span class='ocr_line' id='line_1_54' title="bbox 250 3620 1818 3703; baseline 0.008 -31"><span class='ocrx_word' id='word_1_398' title='bbox 250 3621 335 3674; x_wconf 78' lang='grc' dir='ltr'><strong>καὶ</strong></span> <span class='ocrx_word' id='word_1_399' title='bbox 362 3620 584 3694; x_wconf 76' lang='grc' dir='ltr'>ὤμοσεν</span> <span class='ocrx_word' id='word_1_400' title='bbox 614 3623 659 3656; x_wconf 75' lang='grc'><strong>⁷⁸</strong></span> <span class='ocrx_word' id='word_1_401' title='bbox 691 3626 791 3680; x_wconf 77' lang='grc' dir='ltr'><strong>σὺν</strong></span> <span class='ocrx_word' id='word_1_402' title='bbox 840 3628 908 3699; x_wconf 73' lang='grc' dir='ltr'>τῇ</span> <span class='ocrx_word' id='word_1_403' title='bbox 952 3626 1266 3700; x_wconf 80' lang='grc' dir='ltr'>συγκλήτῳ,</span> <span class='ocrx_word' id='word_1_404' title='bbox 1317 3629 1413 3682; x_wconf 74' lang='grc' dir='ltr'><strong>καὶ</strong></span> <span class='ocrx_word' id='word_1_405' title='bbox 1466 3630 1591 3694; x_wconf 83' lang='grc' dir='ltr'>τοὺς</span> <span class='ocrx_word' id='word_1_406' title='bbox 1639 3629 1818 3703; x_wconf 74' lang='grc' dir='ltr'>ἐξορια</span> 
     </span>
    </p>
   </div>
   <div class='ocr_carea' id='block_1_55' title="bbox 250 3711 1822 3796">
    <p class='ocr_par' dir='ltr' id='par_1_55' title="bbox 250 3711 1822 3796">
     <span class='ocr_line' id='line_1_55' title="bbox 250 3711 1822 3796; baseline 0.008 -30"><span class='ocrx_word' id='word_1_407' title='bbox 250 3711 459 3781; x_wconf 80' lang='grc' dir='ltr'>σθέντας</span> <span class='ocrx_word' id='word_1_408' title='bbox 488 3719 828 3785; x_wconf 72' lang='grc' dir='ltr'>ἐπισκόπους</span> <span class='ocrx_word' id='word_1_409' title='bbox 858 3720 1245 3776; x_wconf 77' lang='grc' dir='ltr'>ἀνακαλεῖσθαι</span> <span class='ocrx_word' id='word_1_410' title='bbox 1294 3723 1352 3777; x_wconf 78' lang='grc' dir='ltr'>ὲν</span> <span class='ocrx_word' id='word_1_411' title='bbox 1393 3722 1692 3796; x_wconf 79' lang='grc' dir='ltr'>Ἡρακλείᾳ</span> <span class='ocrx_word' id='word_1_412' title='bbox 1719 3724 1822 3795; x_wconf 84' lang='grc' dir='ltr'>τῆς</span> 
     </span>
    </p>
   </div>
   <div class='ocr_carea' id='block_1_56' title="bbox 248 3804 1817 3889">
    <p class='ocr_par' dir='ltr' id='par_1_56' title="bbox 248 3804 1817 3889">
     <span class='ocr_line' id='line_1_56' title="bbox 248 3804 1817 3889; baseline 0.006 -28"><span class='ocrx_word' id='word_1_413' title='bbox 248 3804 477 3880; x_wconf 77' lang='grc' dir='ltr'>θρᾴκης.</span> <span class='ocrx_word' id='word_1_414' title='bbox 523 3808 589 3867; x_wconf 85' lang='lat'><strong>&#39;0</strong></span> <span class='ocrx_word' id='word_1_415' title='bbox 621 3813 680 3867; x_wconf 78' lang='grc' dir='ltr'>δὲ</span> <span class='ocrx_word' id='word_1_416' title='bbox 740 3812 1053 3881; x_wconf 74' lang='grc' dir='ltr'>Βιταλιανδς</span> <span class='ocrx_word' id='word_1_417' title='bbox 1103 3815 1469 3889; x_wconf 83' lang='grc' dir='ltr'>προσέθηκεν,</span> <span class='ocrx_word' id='word_1_418' title='bbox 1514 3817 1601 3871; x_wconf 74' lang='grc' dir='ltr'><strong>ἵνα</strong></span> <span class='ocrx_word' id='word_1_419' title='bbox 1644 3818 1738 3871; x_wconf 76' lang='grc' dir='ltr'><strong>καὶ</strong></span> <span class='ocrx_word' id='word_1_420' title='bbox 1769 3818 1817 3873; x_wconf 86' lang='lat' dir='ltr'><strong>oi</strong></span> 
     </span>
    </p>
   </div>
   <div class='ocr_carea' id='block_1_57' title="bbox 252 3901 1815 3977">
    <p class='ocr_par' dir='ltr' id='par_1_57' title="bbox 252 3901 1815 3977">
     <span class='ocr_line' id='line_1_57' title="bbox 252 3901 1815 3977; baseline 0.01 -27"><span class='ocrx_word' id='word_1_421' title='bbox 252 3901 537 3970; x_wconf 78' lang='grc' dir='ltr'>πρίγκιπες</span> <span class='ocrx_word' id='word_1_422' title='bbox 569 3904 812 3976; x_wconf 74' lang='grc' dir='ltr'>ἑκάστης</span> <span class='ocrx_word' id='word_1_423' title='bbox 842 3906 1041 3977; x_wconf 78' lang='grc' dir='ltr'>σχολῆς</span> <span class='ocrx_word' id='word_1_424' title='bbox 1068 3906 1310 3977; x_wconf 86' lang='grc' dir='ltr'>όμόσωσι</span> <span class='ocrx_word' id='word_1_425' title='bbox 1340 3907 1532 3962; x_wconf 79' lang='grc' dir='ltr'>τοῦτο·</span> <span class='ocrx_word' id='word_1_426' title='bbox 1565 3909 1660 3962; x_wconf 64' lang='grc' dir='ltr'><strong>καλ⁹</strong></span> <span class='ocrx_word' id='word_1_427' title='bbox 1698 3911 1815 3965; x_wconf 81' lang='grc' dir='ltr'><strong>Μα-</strong></span> 
     </span>
    </p>
   </div>
   <div class='ocr_carea' id='block_1_58' title="bbox 252 3995 1819 4074">
    <p class='ocr_par' dir='ltr' id='par_1_58' title="bbox 252 3995 1819 4074">
     <span class='ocr_line' id='line_1_58' title="bbox 252 3995 1819 4074; baseline 0.008 -30"><span class='ocrx_word' id='word_1_428' title='bbox 252 3995 476 4060; x_wconf 77' lang='grc' dir='ltr'>κεδόνιος</span> <span class='ocrx_word' id='word_1_429' title='bbox 494 3996 595 4051; x_wconf 76' lang='grc' dir='ltr'>καὶ</span> <span class='ocrx_word' id='word_1_430' title='bbox 618 3998 918 4065; x_wconf 73' lang='grc' dir='ltr'>Φλαϐιανὺς</span> <span class='ocrx_word' id='word_1_431' title='bbox 951 4002 1000 4054; x_wconf 74' lang='grc' dir='ltr'>οἱ</span> <span class='ocrx_word' id='word_1_432' title='bbox 1038 4001 1243 4071; x_wconf 75' lang='grc' dir='ltr'>ἀδίκως</span> <span class='ocrx_word' id='word_1_433' title='bbox 1287 4001 1647 4074; x_wconf 81' lang='grc' dir='ltr'>ἐκϐληθέντες</span> <span class='ocrx_word' id='word_1_434' title='bbox 1678 4003 1819 4057; x_wconf 79' lang='grc' dir='ltr'>ἀπο-</span> 
     </span>
    </p>
   </div>
   <div class='ocr_carea' id='block_1_59' title="bbox 252 4082 1821 4165">
    <p class='ocr_par' dir='ltr' id='par_1_59' title="bbox 252 4082 1821 4165">
     <span class='ocr_line' id='line_1_59' title="bbox 252 4082 1821 4165; baseline 0.004 -23"><span class='ocrx_word' id='word_1_435' title='bbox 252 4082 439 4142; x_wconf 73' lang='grc' dir='ltr'>λάϐωσι</span> <span class='ocrx_word' id='word_1_436' title='bbox 456 4091 497 4123; x_wconf 85' lang='grc'><strong>⁷¹</strong></span> <span class='ocrx_word' id='word_1_437' title='bbox 522 4091 652 4157; x_wconf 78' lang='grc' dir='ltr'>τοὺς</span> <span class='ocrx_word' id='word_1_438' title='bbox 667 4093 829 4157; x_wconf 77' lang='grc' dir='ltr'>ἰδίους</span> <span class='ocrx_word' id='word_1_439' title='bbox 848 4093 1088 4165; x_wconf 83' lang='grc' dir='ltr'>θρόνους,</span> <span class='ocrx_word' id='word_1_440' title='bbox 1103 4094 1303 4165; x_wconf 78' lang='grc' dir='ltr'>ὁμοίως</span> <span class='ocrx_word' id='word_1_441' title='bbox 1319 4094 1413 4149; x_wconf 76' lang='grc' dir='ltr'>καὶ</span> <span class='ocrx_word' id='word_1_442' title='bbox 1429 4095 1630 4159; x_wconf 80' lang='grc' dir='ltr'>πάντες</span> <span class='ocrx_word' id='word_1_443' title='bbox 1645 4097 1695 4149; x_wconf 88' lang='grc' dir='ltr'>οἱ</span> <span class='ocrx_word' id='word_1_444' title='bbox 1713 4096 1821 4150; x_wconf 79' lang='grc' dir='ltr'>λοι·</span> 
     </span>
    </p>
   </div>
   <div class='ocr_carea' id='block_1_60' title="bbox 253 4172 1819 4261">
    <p class='ocr_par' dir='ltr' id='par_1_60' title="bbox 253 4172 1819 4261">
     <span class='ocr_line' id='line_1_60' title="bbox 253 4172 1819 4261; baseline 0.012 -28"><span class='ocrx_word' id='word_1_445' title='bbox 253 4179 335 4233; x_wconf 70' lang='grc' dir='ltr'>ποι</span> <span class='ocrx_word' id='word_1_446' title='bbox 362 4172 669 4251; x_wconf 74' lang='grc' dir='ltr'>ὲπὲσκοποι,</span> <span class='ocrx_word' id='word_1_447' title='bbox 726 4185 821 4239; x_wconf 76' lang='grc' dir='ltr'><strong>καὶ</strong></span> <span class='ocrx_word' id='word_1_448' title='bbox 850 4184 1024 4249; x_wconf 77' lang='grc' dir='ltr'>οὕτως</span> <span class='ocrx_word' id='word_1_449' title='bbox 1062 4187 1406 4261; x_wconf 78' lang='grc' dir='ltr'>συγκροτηθῇ</span> <span class='ocrx_word' id='word_1_450' title='bbox 1438 4189 1483 4220; x_wconf 73' lang='grc' dir='ltr'>ἠ</span> <span class='ocrx_word' id='word_1_451' title='bbox 1512 4189 1543 4258; x_wconf 80' lang='grc' dir='ltr'><strong>ἡ</strong></span> <span class='ocrx_word' id='word_1_452' title='bbox 1580 4188 1819 4252; x_wconf 71' lang='grc' dir='ltr'>σύνοδος.</span> 
     </span>
    </p>
   </div>
   <div class='ocr_carea' id='block_1_61' title="bbox 256 4270 1823 4351">
    <p class='ocr_par' dir='ltr' id='par_1_61' title="bbox 256 4270 1823 4351">
     <span class='ocr_line' id='line_1_61' title="bbox 256 4270 1823 4351; baseline 0.008 -27"><span class='ocrx_word' id='word_1_453' title='bbox 256 4270 534 4346; x_wconf 73' lang='grc' dir='ltr'>ἐρχομένου</span> <span class='ocrx_word' id='word_1_454' title='bbox 567 4277 769 4332; x_wconf 74' lang='grc' dir='ltr'>καὶτοῦ</span> <span class='ocrx_word' id='word_1_455' title='bbox 800 4277 1154 4351; x_wconf 73' lang='grc' dir='ltr'>Ῥώμης,ἷκαὶ</span> <span class='ocrx_word' id='word_1_456' title='bbox 1177 4281 1394 4335; x_wconf 75' lang='grc' dir='ltr'>πάντων</span> <span class='ocrx_word' id='word_1_457' title='bbox 1413 4282 1519 4335; x_wconf 87' lang='grc' dir='ltr'>τῶν</span> <span class='ocrx_word' id='word_1_458' title='bbox 1536 4282 1581 4312; x_wconf 71' lang='grc'><em>’³³</em></span> <span class='ocrx_word' id='word_1_459' title='bbox 1602 4282 1823 4336; x_wconf 86' lang='grc' dir='ltr'>ἐπισκό-</span> 
     </span>
    </p>
   </div>
   <div class='ocr_carea' id='block_1_62' title="bbox 257 4368 1821 4445">
    <p class='ocr_par' dir='ltr' id='par_1_62' title="bbox 257 4368 1821 4445">
     <span class='ocr_line' id='line_1_62' title="bbox 257 4368 1821 4445; baseline 0.004 -24"><span class='ocrx_word' id='word_1_460' title='bbox 257 4380 381 4431; x_wconf 79' lang='grc' dir='ltr'>πων,</span> <span class='ocrx_word' id='word_1_461' title='bbox 415 4372 507 4423; x_wconf 74' lang='grc' dir='ltr'><strong>καὶ</strong></span> <span class='ocrx_word' id='word_1_462' title='bbox 532 4368 679 4425; x_wconf 78' lang='grc' dir='ltr'>οὕτω</span> <span class='ocrx_word' id='word_1_463' title='bbox 705 4374 859 4444; x_wconf 85' lang='grc' dir='ltr'>κοινῇ</span> <span class='ocrx_word' id='word_1_464' title='bbox 888 4372 1068 4443; x_wconf 76' lang='grc' dir='ltr'>κρίσει</span> <span class='ocrx_word' id='word_1_465' title='bbox 1090 4372 1354 4445; x_wconf 75' lang='grc' dir='ltr'>ὲξετασθῇ</span> <span class='ocrx_word' id='word_1_466' title='bbox 1384 4373 1427 4405; x_wconf 69' lang='grc'>⁷⁸</span> <span class='ocrx_word' id='word_1_467' title='bbox 1452 4373 1522 4428; x_wconf 83' lang='grc' dir='ltr'><strong>τὰ</strong></span> <span class='ocrx_word' id='word_1_468' title='bbox 1544 4376 1687 4428; x_wconf 82' lang='grc' dir='ltr'>κατὰ</span> <span class='ocrx_word' id='word_1_469' title='bbox 1713 4374 1821 4429; x_wconf 86' lang='grc' dir='ltr'><strong>τῶν</strong></span> 
     </span>
    </p>
   </div>
   <div class='ocr_carea' id='block_1_63' title="bbox 259 4459 1823 4539">
    <p class='ocr_par' dir='ltr' id='par_1_63' title="bbox 259 4459 1823 4539">
     <span class='ocr_line' id='line_1_63' title="bbox 259 4459 1823 4539; baseline 0.008 -29"><span class='ocrx_word' id='word_1_470' title='bbox 259 4459 541 4531; x_wconf 78' lang='grc' dir='ltr'>ὀρθοδόξων</span> <span class='ocrx_word' id='word_1_471' title='bbox 590 4465 954 4536; x_wconf 82' lang='grc' dir='ltr'>τολμηθέντα.</span> <span class='ocrx_word' id='word_1_472' title='bbox 1013 4466 1118 4521; x_wconf 82' lang='grc' dir='ltr'><strong>Τοῦ</strong></span> <span class='ocrx_word' id='word_1_473' title='bbox 1171 4467 1229 4521; x_wconf 79' lang='grc' dir='ltr'>δὲ</span> <span class='ocrx_word' id='word_1_474' title='bbox 1277 4468 1541 4539; x_wconf 80' lang='grc' dir='ltr'>βασιλέως</span> <span class='ocrx_word' id='word_1_475' title='bbox 1588 4468 1682 4522; x_wconf 68' lang='grc' dir='ltr'><strong>καὶ</strong></span> <span class='ocrx_word' id='word_1_476' title='bbox 1722 4467 1823 4538; x_wconf 82' lang='grc' dir='ltr'>τῆς</span> 
     </span>
    </p>
   </div>
   <div class='ocr_carea' id='block_1_64' title="bbox 263 4555 1822 4631">
    <p class='ocr_par' dir='ltr' id='par_1_64' title="bbox 263 4555 1822 4631">
     <span class='ocr_line' id='line_1_64' title="bbox 263 4555 1822 4631; baseline 0.004 -25"><span class='ocrx_word' id='word_1_477' title='bbox 263 4555 549 4627; x_wconf 77' lang='grc' dir='ltr'>συγκλήτου</span> <span class='ocrx_word' id='word_1_478' title='bbox 585 4557 824 4612; x_wconf 77' lang='grc' dir='ltr'>καὶτῶν</span> <span class='ocrx_word' id='word_1_479' title='bbox 865 4558 1069 4613; x_wconf 82' lang='grc' dir='ltr'>λοιπῶν</span> <span class='ocrx_word' id='word_1_480' title='bbox 1109 4558 1388 4631; x_wconf 80' lang='grc' dir='ltr'>ἀρχόντων</span> <span class='ocrx_word' id='word_1_481' title='bbox 1437 4576 1496 4613; x_wconf 86' lang='grc' dir='ltr'><strong>τε</strong></span> <span class='ocrx_word' id='word_1_482' title='bbox 1538 4561 1633 4613; x_wconf 77' lang='grc' dir='ltr'><strong>καὶ</strong></span> <span class='ocrx_word' id='word_1_483' title='bbox 1677 4559 1822 4613; x_wconf 83' lang='grc' dir='ltr'>λαῶν</span> 
     </span>
    </p>
   </div>
   <div class='ocr_carea' id='block_1_65' title="bbox 262 4645 1823 4722">
    <p class='ocr_par' dir='ltr' id='par_1_65' title="bbox 262 4645 1823 4722">
     <span class='ocr_line' id='line_1_65' title="bbox 262 4645 1823 4722; baseline 0.003 -21"><span class='ocrx_word' id='word_1_484' title='bbox 262 4645 692 4717; x_wconf 75' lang='grc' dir='ltr'>ὸμοσάντων,καὶ</span> <span class='ocrx_word' id='word_1_485' title='bbox 710 4651 1127 4721; x_wconf 79' lang='grc' dir='ltr'>βεϐαιωσάντων</span> <span class='ocrx_word' id='word_1_486' title='bbox 1154 4651 1329 4707; x_wconf 83' lang='grc' dir='ltr'>ταῦτα</span> <span class='ocrx_word' id='word_1_487' title='bbox 1353 4652 1526 4715; x_wconf 78' lang='grc' dir='ltr'>οὕτως</span> <span class='ocrx_word' id='word_1_488' title='bbox 1553 4652 1823 4722; x_wconf 75' lang='grc' dir='ltr'>γίνεσθαι,</span> 
     </span>
    </p>
   </div>
   <div class='ocr_carea' id='block_1_66' title="bbox 1991 2694 3518 2767">
    <p class='ocr_par' dir='ltr' id='par_1_66' title="bbox 1991 2694 3518 2767">
     <span class='ocr_line' id='line_1_66' title="bbox 1991 2694 3518 2767; baseline 0.003 -16"><span class='ocrx_word' id='word_1_489' title='bbox 1991 2696 2059 2752; x_wconf 86' lang='grc' dir='ltr'><strong>Α.</strong></span> <span class='ocrx_word' id='word_1_490' title='bbox 2091 2696 2156 2750; x_wconf 82' lang='lat' dir='ltr'><strong>C.</strong></span> <span class='ocrx_word' id='word_1_491' title='bbox 2207 2695 2329 2751; x_wconf 53' lang='grc' dir='ltr'>ξοδ.</span> <span class='ocrx_word' id='word_1_492' title='bbox 2359 2727 2426 2739; x_wconf 86' lang='lat'><strong>--</strong></span> <span class='ocrx_word' id='word_1_493' title='bbox 2476 2694 2657 2752; x_wconf 61' lang='lat' dir='ltr'><strong>Romae</strong></span> <span class='ocrx_word' id='word_1_494' title='bbox 2700 2695 2925 2767; x_wconf 80' lang='lat' dir='ltr'><strong>episcopi</strong></span> <span class='ocrx_word' id='word_1_495' title='bbox 2959 2695 3265 2755; x_wconf 78' lang='lat' dir='ltr'><strong>Hormisdte</strong></span> <span class='ocrx_word' id='word_1_496' title='bbox 3337 2716 3518 2761; x_wconf 72' lang='lat' dir='ltr'><strong>annus</strong></span> 
     </span>
    </p>
   </div>
   <div class='ocr_carea' id='block_1_67' title="bbox 1917 2780 2143 2860">
    <p class='ocr_par' dir='ltr' id='par_1_67' title="bbox 1917 2780 2143 2860">
     <span class='ocr_line' id='line_1_67' title="bbox 1917 2780 2143 2860; baseline 0.009 -19"><span class='ocrx_word' id='word_1_497' title='bbox 1917 2780 2143 2860; x_wconf 76' lang='lat' dir='ltr'><strong>primus.</strong></span> 
     </span>
    </p>
   </div>
   <div class='ocr_carea' id='block_1_68' title="bbox 1993 2875 3510 2955">
    <p class='ocr_par' dir='ltr' id='par_1_68' title="bbox 1993 2875 3510 2955">
     <span class='ocr_line' id='line_1_68' title="bbox 1993 2875 3510 2955; baseline 0.003 -18"><span class='ocrx_word' id='word_1_498' title='bbox 1993 2880 2108 2937; x_wconf 84' lang='lat' dir='ltr'><strong>Hoc</strong></span> <span class='ocrx_word' id='word_1_499' title='bbox 2142 2898 2291 2938; x_wconf 87' lang='lat' dir='ltr'><strong>anno</strong></span> <span class='ocrx_word' id='word_1_500' title='bbox 2316 2879 2629 2938; x_wconf 78' lang='lat' dir='ltr'><strong>Vitalianus</strong></span> <span class='ocrx_word' id='word_1_501' title='bbox 2654 2888 2920 2954; x_wconf 88' lang='lat' dir='ltr'><strong>occupata</strong></span> <span class='ocrx_word' id='word_1_502' title='bbox 2951 2881 3211 2939; x_wconf 87' lang='lat' dir='ltr'><strong>universa</strong></span> <span class='ocrx_word' id='word_1_503' title='bbox 3238 2875 3475 2943; x_wconf 82' lang='lat' dir='ltr'><strong>Thracia</strong></span> <span class='ocrx_word' id='word_1_504' title='bbox 3494 2929 3510 2955; x_wconf 92' lang='lat'><strong>,</strong></span> 
     </span>
    </p>
   </div>
   <div class='ocr_carea' id='block_1_69' title="bbox 1925 2973 3514 3047">
    <p class='ocr_par' dir='ltr' id='par_1_69' title="bbox 1925 2973 3514 3047">
     <span class='ocr_line' id='line_1_69' title="bbox 1925 2973 3514 3047; baseline 0.004 -17"><span class='ocrx_word' id='word_1_505' title='bbox 1925 2974 2150 3047; x_wconf 83' lang='lat' dir='ltr'><strong>Scythia</strong></span> <span class='ocrx_word' id='word_1_506' title='bbox 2186 2984 2241 3031; x_wconf 89' lang='lat' dir='ltr'><strong>et</strong></span> <span class='ocrx_word' id='word_1_507' title='bbox 2269 2974 2460 3047; x_wconf 84' lang='lat' dir='ltr'><strong>Mysia,</strong></span> <span class='ocrx_word' id='word_1_508' title='bbox 2494 2974 2704 3031; x_wconf 87' lang='lat' dir='ltr'><strong>ducens</strong></span> <span class='ocrx_word' id='word_1_509' title='bbox 2758 2989 2944 3031; x_wconf 89' lang='lat' dir='ltr'><strong>secum</strong></span> <span class='ocrx_word' id='word_1_510' title='bbox 2984 2973 3260 3047; x_wconf 79' lang='lat' dir='ltr'><strong>ingentem</strong></span> <span class='ocrx_word' id='word_1_511' title='bbox 3292 2976 3514 3037; x_wconf 82' lang='lat' dir='ltr'><strong>Hunno-</strong></span> 
     </span>
    </p>
   </div>
   <div class='ocr_carea' id='block_1_70' title="bbox 1927 3068 3517 3140">
    <p class='ocr_par' dir='ltr' id='par_1_70' title="bbox 1927 3068 3517 3140">
     <span class='ocr_line' id='line_1_70' title="bbox 1927 3068 3517 3140; baseline 0.004 -17"><span class='ocrx_word' id='word_1_512' title='bbox 1927 3082 2050 3123; x_wconf 87' lang='lat' dir='ltr'><strong>rum</strong></span> <span class='ocrx_word' id='word_1_513' title='bbox 2080 3076 2135 3124; x_wconf 90' lang='lat' dir='ltr'><strong>et</strong></span> <span class='ocrx_word' id='word_1_514' title='bbox 2156 3068 2517 3140; x_wconf 82' lang='lat' dir='ltr'><strong>Bulgarorum</strong></span> <span class='ocrx_word' id='word_1_515' title='bbox 2571 3083 2860 3123; x_wconf 84' lang='lat' dir='ltr'><strong>numerum</strong></span> <span class='ocrx_word' id='word_1_516' title='bbox 2918 3069 3064 3140; x_wconf 87' lang='lat' dir='ltr'><strong>cepit</strong></span> <span class='ocrx_word' id='word_1_517' title='bbox 3102 3069 3429 3127; x_wconf 81' lang='lat' dir='ltr'><strong>Anchialum</strong></span> <span class='ocrx_word' id='word_1_518' title='bbox 3455 3081 3517 3130; x_wconf 77' lang='lat' dir='ltr'><strong>et</strong></span> 
     </span>
    </p>
   </div>
   <div class='ocr_carea' id='block_1_71' title="bbox 1926 3148 3513 3232">
    <p class='ocr_par' dir='ltr' id='par_1_71' title="bbox 1926 3148 3513 3232">
     <span class='ocr_line' id='line_1_71' title="bbox 1926 3148 3513 3232; baseline 0.001 -17"><span class='ocrx_word' id='word_1_519' title='bbox 1926 3159 2337 3232; x_wconf 85' lang='lat' dir='ltr'><strong>Odyssopolim,</strong></span> <span class='ocrx_word' id='word_1_520' title='bbox 2355 3159 2651 3229; x_wconf 85' lang='lat' dir='ltr'><strong>ipsumque</strong></span> <span class='ocrx_word' id='word_1_521' title='bbox 2664 3157 2949 3215; x_wconf 86' lang='lat' dir='ltr'><strong>Tbraeicae</strong></span> <span class='ocrx_word' id='word_1_522' title='bbox 2966 3159 3174 3215; x_wconf 71' lang='lat' dir='ltr'><strong>militiae</strong></span> <span class='ocrx_word' id='word_1_523' title='bbox 3191 3148 3513 3232; x_wconf 77' lang='lat' dir='ltr'><strong>magistrum</strong></span> 
     </span>
    </p>
   </div>
   <div class='ocr_carea' id='block_1_72' title="bbox 1926 3252 3517 3327">
    <p class='ocr_par' dir='ltr' id='par_1_72' title="bbox 1926 3252 3517 3327">
     <span class='ocr_line' id='line_1_72' title="bbox 1926 3252 3517 3327; baseline 0.001 -18"><span class='ocrx_word' id='word_1_524' title='bbox 1926 3253 2217 3327; x_wconf 79' lang='lat' dir='ltr'><strong>Cyrillum,</strong></span> <span class='ocrx_word' id='word_1_525' title='bbox 2257 3253 2457 3323; x_wconf 65' lang='lat' dir='ltr'><strong>praedis</strong></span> <span class='ocrx_word' id='word_1_526' title='bbox 2490 3267 2906 3324; x_wconf 88' lang='lat' dir='ltr'><strong>quaquaversus</strong></span> <span class='ocrx_word' id='word_1_527' title='bbox 2944 3254 3013 3308; x_wconf 88' lang='lat' dir='ltr'><strong>ad</strong></span> <span class='ocrx_word' id='word_1_528' title='bbox 3062 3252 3393 3326; x_wconf 70' lang='lat' dir='ltr'><strong>Byzantium</strong></span> <span class='ocrx_word' id='word_1_529' title='bbox 3419 3269 3517 3311; x_wconf 78' lang='lat' dir='ltr'><strong>us-</strong></span> 
     </span>
    </p>
   </div>
   <div class='ocr_carea' id='block_1_73' title="bbox 1928 3340 3517 3419">
    <p class='ocr_par' dir='ltr' id='par_1_73' title="bbox 1928 3340 3517 3419">
     <span class='ocr_line' id='line_1_73' title="bbox 1928 3340 3517 3419; baseline 0.002 -17"><span class='ocrx_word' id='word_1_530' title='bbox 1928 3362 2035 3417; x_wconf 85' lang='lat' dir='ltr'><strong>que</strong></span> <span class='ocrx_word' id='word_1_531' title='bbox 2084 3346 2319 3413; x_wconf 87' lang='lat' dir='ltr'><strong>abactis,</strong></span> <span class='ocrx_word' id='word_1_532' title='bbox 2362 3340 2809 3418; x_wconf 83' lang='lat' dir='ltr'><strong>comprehendit.</strong></span> <span class='ocrx_word' id='word_1_533' title='bbox 2841 3345 2910 3399; x_wconf 82' lang='lat' dir='ltr'><strong>At</strong></span> <span class='ocrx_word' id='word_1_534' title='bbox 2931 3360 3058 3401; x_wconf 90' lang='lat' dir='ltr'><strong>cum</strong></span> <span class='ocrx_word' id='word_1_535' title='bbox 3094 3347 3216 3402; x_wconf 88' lang='lat' dir='ltr'><strong>urbi</strong></span> <span class='ocrx_word' id='word_1_536' title='bbox 3243 3356 3517 3419; x_wconf 86' lang='lat' dir='ltr'><strong>parceret,</strong></span> 
     </span>
    </p>
   </div>
   <div class='ocr_carea' id='block_1_74' title="bbox 1928 3440 3518 3500">
    <p class='ocr_par' dir='ltr' id='par_1_74' title="bbox 1928 3440 3518 3500">
     <span class='ocr_line' id='line_1_74' title="bbox 1928 3440 3518 3500; baseline 0.001 -4"><span class='ocrx_word' id='word_1_537' title='bbox 1928 3440 1996 3497; x_wconf 89' lang='lat' dir='ltr'><strong>ad</strong></span> <span class='ocrx_word' id='word_1_538' title='bbox 2032 3440 2385 3497; x_wconf 87' lang='lat' dir='ltr'><strong>Sosthenium</strong></span> <span class='ocrx_word' id='word_1_539' title='bbox 2420 3449 2606 3497; x_wconf 87' lang='lat' dir='ltr'><strong>castra</strong></span> <span class='ocrx_word' id='word_1_540' title='bbox 2643 3446 2880 3495; x_wconf 87' lang='lat' dir='ltr'><strong>metatus</strong></span> <span class='ocrx_word' id='word_1_541' title='bbox 2906 3448 3014 3495; x_wconf 91' lang='lat' dir='ltr'><strong>est.</strong></span> <span class='ocrx_word' id='word_1_542' title='bbox 3078 3441 3404 3500; x_wconf 86' lang='lat' dir='ltr'><strong>Anastasius</strong></span> <span class='ocrx_word' id='word_1_543' title='bbox 3431 3457 3518 3498; x_wconf 86' lang='lat' dir='ltr'><strong>re-</strong></span> 
     </span>
    </p>
   </div>
   <div class='ocr_carea' id='block_1_75' title="bbox 1928 3532 3515 3607">
    <p class='ocr_par' dir='ltr' id='par_1_75' title="bbox 1928 3532 3515 3607">
     <span class='ocr_line' id='line_1_75' title="bbox 1928 3532 3515 3607; baseline -0.001 -16"><span class='ocrx_word' id='word_1_544' title='bbox 1928 3536 2031 3591; x_wconf 85' lang='lat' dir='ltr'><strong>bus</strong></span> <span class='ocrx_word' id='word_1_545' title='bbox 2068 3537 2124 3590; x_wconf 89' lang='lat' dir='ltr'><strong>in</strong></span> <span class='ocrx_word' id='word_1_546' title='bbox 2159 3534 2469 3606; x_wconf 86' lang='lat' dir='ltr'><strong>desperatis</strong></span> <span class='ocrx_word' id='word_1_547' title='bbox 2514 3533 2781 3591; x_wconf 88' lang='lat' dir='ltr'><strong>senatorii</strong></span> <span class='ocrx_word' id='word_1_548' title='bbox 2827 3532 3040 3589; x_wconf 88' lang='lat' dir='ltr'><strong>ordinis</strong></span> <span class='ocrx_word' id='word_1_549' title='bbox 3093 3534 3387 3598; x_wconf 77' lang='lat' dir='ltr'><strong>nonnullos</strong></span> <span class='ocrx_word' id='word_1_550' title='bbox 3418 3533 3515 3607; x_wconf 86' lang='lat' dir='ltr'><strong>qui</strong></span> 
     </span>
    </p>
   </div>
   <div class='ocr_carea' id='block_1_76' title="bbox 1927 3622 3518 3699">
    <p class='ocr_par' dir='ltr' id='par_1_76' title="bbox 1927 3622 3518 3699">
     <span class='ocr_line' id='line_1_76' title="bbox 1927 3622 3518 3699; baseline -0.004 -16"><span class='ocrx_word' id='word_1_551' title='bbox 1927 3628 1995 3684; x_wconf 91' lang='lat' dir='ltr'><strong>de</strong></span> <span class='ocrx_word' id='word_1_552' title='bbox 2026 3642 2162 3699; x_wconf 89' lang='lat' dir='ltr'><strong>pace</strong></span> <span class='ocrx_word' id='word_1_553' title='bbox 2208 3627 2419 3697; x_wconf 79' lang='lat' dir='ltr'><strong>agenda</strong></span> <span class='ocrx_word' id='word_1_554' title='bbox 2466 3641 2593 3682; x_wconf 91' lang='lat' dir='ltr'><strong>cum</strong></span> <span class='ocrx_word' id='word_1_555' title='bbox 2634 3632 2917 3696; x_wconf 78' lang='lat' dir='ltr'><strong>rogarent,</strong></span> <span class='ocrx_word' id='word_1_556' title='bbox 2963 3623 3157 3685; x_wconf 81' lang='lat' dir='ltr'><strong>misit:</strong></span> <span class='ocrx_word' id='word_1_557' title='bbox 3201 3622 3518 3696; x_wconf 75' lang='lat' dir='ltr'><strong>iuravitque</strong></span> 
     </span>
    </p>
   </div>
   <div class='ocr_carea' id='block_1_77' title="bbox 1929 3716 3516 3791">
    <p class='ocr_par' dir='ltr' id='par_1_77' title="bbox 1929 3716 3516 3791">
     <span class='ocr_line' id='line_1_77' title="bbox 1929 3716 3516 3791; baseline -0.004 -14"><span class='ocrx_word' id='word_1_558' title='bbox 1929 3738 2039 3777; x_wconf 88' lang='lat' dir='ltr'><strong>una</strong></span> <span class='ocrx_word' id='word_1_559' title='bbox 2068 3737 2190 3777; x_wconf 89' lang='lat' dir='ltr'><strong>cum</strong></span> <span class='ocrx_word' id='word_1_560' title='bbox 2224 3723 2487 3777; x_wconf 89' lang='lat' dir='ltr'><strong>universo</strong></span> <span class='ocrx_word' id='word_1_561' title='bbox 2521 3726 2717 3776; x_wconf 88' lang='lat' dir='ltr'><strong>senatu</strong></span> <span class='ocrx_word' id='word_1_562' title='bbox 2747 3719 3038 3791; x_wconf 88' lang='lat' dir='ltr'><strong>episcopos</strong></span> <span class='ocrx_word' id='word_1_563' title='bbox 3069 3716 3290 3774; x_wconf 80' lang='lat' dir='ltr'><strong>exsules</strong></span> <span class='ocrx_word' id='word_1_564' title='bbox 3341 3717 3516 3774; x_wconf 81' lang='lat' dir='ltr'><strong>11ers-</strong></span> 
     </span>
    </p>
   </div>
   <div class='ocr_carea' id='block_1_78' title="bbox 1928 3809 3519 3871">
    <p class='ocr_par' dir='ltr' id='par_1_78' title="bbox 1928 3809 3519 3871">
     <span class='ocr_line' id='line_1_78' title="bbox 1928 3809 3519 3871; baseline -0.004 0"><span class='ocrx_word' id='word_1_565' title='bbox 1928 3816 2103 3871; x_wconf 89' lang='lat' dir='ltr'><strong>cleam</strong></span> <span class='ocrx_word' id='word_1_566' title='bbox 2143 3814 2394 3871; x_wconf 84' lang='lat' dir='ltr'><strong>Thraciae</strong></span> <span class='ocrx_word' id='word_1_567' title='bbox 2428 3829 2488 3871; x_wconf 89' lang='lat' dir='ltr'><strong>se</strong></span> <span class='ocrx_word' id='word_1_568' title='bbox 2515 3818 2927 3869; x_wconf 82' lang='lat' dir='ltr'><strong>revocaturum.</strong></span> <span class='ocrx_word' id='word_1_569' title='bbox 2958 3809 3056 3865; x_wconf 86' lang='lat' dir='ltr'><strong>His</strong></span> <span class='ocrx_word' id='word_1_570' title='bbox 3083 3810 3328 3865; x_wconf 90' lang='lat' dir='ltr'><strong>additum</strong></span> <span class='ocrx_word' id='word_1_571' title='bbox 3347 3809 3519 3864; x_wconf 85' lang='lat' dir='ltr'><strong>voluit</strong></span> 
     </span>
    </p>
   </div>
   <div class='ocr_carea' id='block_1_79' title="bbox 1930 3900 3516 3976">
    <p class='ocr_par' dir='ltr' id='par_1_79' title="bbox 1930 3900 3516 3976">
     <span class='ocr_line' id='line_1_79' title="bbox 1930 3900 3516 3976; baseline -0.005 -13"><span class='ocrx_word' id='word_1_572' title='bbox 1930 3907 2264 3973; x_wconf 78' lang='lat' dir='ltr'><strong>Vitalianus,</strong></span> <span class='ocrx_word' id='word_1_573' title='bbox 2293 3915 2353 3961; x_wconf 88' lang='lat' dir='ltr'><strong>ut</strong></span> <span class='ocrx_word' id='word_1_574' title='bbox 2377 3905 2823 3976; x_wconf 84' lang='lat' dir='ltr'><strong>uniuscujusque</strong></span> <span class='ocrx_word' id='word_1_575' title='bbox 2855 3903 3057 3958; x_wconf 71' lang='lat' dir='ltr'><strong>schola:</strong></span> <span class='ocrx_word' id='word_1_576' title='bbox 3077 3900 3351 3973; x_wconf 89' lang='lat' dir='ltr'><strong>principes</strong></span> <span class='ocrx_word' id='word_1_577' title='bbox 3371 3901 3516 3958; x_wconf 89' lang='lat' dir='ltr'><strong>idem</strong></span> 
     </span>
    </p>
   </div>
   <div class='ocr_carea' id='block_1_80' title="bbox 1926 3994 3521 4074">
    <p class='ocr_par' dir='ltr' id='par_1_80' title="bbox 1926 3994 3521 4074">
     <span class='ocr_line' id='line_1_80' title="bbox 1926 3994 3521 4074; baseline -0.003 -20"><span class='ocrx_word' id='word_1_578' title='bbox 1926 4001 2286 4074; x_wconf 72' lang='lat' dir='ltr'><strong>jurejurando</strong></span> <span class='ocrx_word' id='word_1_579' title='bbox 2336 4010 2647 4057; x_wconf 88' lang='lat' dir='ltr'><strong>assererent</strong></span> <span class='ocrx_word' id='word_1_580' title='bbox 2681 4014 2696 4065; x_wconf 91' lang='lat'><strong>;</strong></span> <span class='ocrx_word' id='word_1_581' title='bbox 2733 4006 2899 4068; x_wconf 87' lang='lat' dir='ltr'><strong>atque</strong></span> <span class='ocrx_word' id='word_1_582' title='bbox 2945 4004 3005 4052; x_wconf 95' lang='lat' dir='ltr'><strong>ut</strong></span> <span class='ocrx_word' id='word_1_583' title='bbox 3056 3994 3415 4051; x_wconf 79' lang='lat' dir='ltr'><strong>Macedonius</strong></span> <span class='ocrx_word' id='word_1_584' title='bbox 3458 4000 3521 4050; x_wconf 76' lang='lat' dir='ltr'><strong>et</strong></span> 
     </span>
    </p>
   </div>
   <div class='ocr_carea' id='block_1_81' title="bbox 1930 4087 3518 4165">
    <p class='ocr_par' dir='ltr' id='par_1_81' title="bbox 1930 4087 3518 4165">
     <span class='ocr_line' id='line_1_81' title="bbox 1930 4087 3518 4165; baseline -0.007 -12"><span class='ocrx_word' id='word_1_585' title='bbox 1930 4096 2225 4153; x_wconf 82' lang='lat' dir='ltr'><strong>Flavianus</strong></span> <span class='ocrx_word' id='word_1_586' title='bbox 2262 4093 2499 4165; x_wconf 87' lang='lat' dir='ltr'><strong>propriis</strong></span> <span class='ocrx_word' id='word_1_587' title='bbox 2519 4090 2734 4148; x_wconf 75' lang='lat' dir='ltr'><strong>lhl‘OlllS</strong></span> <span class='ocrx_word' id='word_1_588' title='bbox 2765 4091 2969 4163; x_wconf 86' lang='lat' dir='ltr'><strong>injuste</strong></span> <span class='ocrx_word' id='word_1_589' title='bbox 3013 4087 3250 4161; x_wconf 82' lang='lat' dir='ltr'><strong>expulsi,</strong></span> <span class='ocrx_word' id='word_1_590' title='bbox 3278 4101 3377 4144; x_wconf 84' lang='lat' dir='ltr'><strong>eos</strong></span> <span class='ocrx_word' id='word_1_591' title='bbox 3425 4101 3518 4143; x_wconf 63' lang='lat' dir='ltr'><strong>re-</strong></span> 
     </span>
    </p>
   </div>
   <div class='ocr_carea' id='block_1_82' title="bbox 1931 4178 3518 4260">
    <p class='ocr_par' dir='ltr' id='par_1_82' title="bbox 1931 4178 3518 4260">
     <span class='ocr_line' id='line_1_82' title="bbox 1931 4178 3518 4260; baseline -0.008 -14"><span class='ocrx_word' id='word_1_592' title='bbox 1931 4194 2197 4260; x_wconf 86' lang='lat' dir='ltr'><strong>ciperent,</strong></span> <span class='ocrx_word' id='word_1_593' title='bbox 2225 4200 2291 4243; x_wconf 88' lang='lat' dir='ltr'><strong>ac</strong></span> <span class='ocrx_word' id='word_1_594' title='bbox 2314 4185 2509 4256; x_wconf 89' lang='lat' dir='ltr'><strong>reliqui</strong></span> <span class='ocrx_word' id='word_1_595' title='bbox 2573 4184 2778 4255; x_wconf 87' lang='lat' dir='ltr'><strong>pariter</strong></span> <span class='ocrx_word' id='word_1_596' title='bbox 2807 4180 3053 4253; x_wconf 89' lang='lat' dir='ltr'><strong>episcopi</strong></span> <span class='ocrx_word' id='word_1_597' title='bbox 3102 4194 3235 4237; x_wconf 84' lang='lat' dir='ltr'><strong>suos</strong></span> <span class='ocrx_word' id='word_1_598' title='bbox 3268 4196 3285 4247; x_wconf 88' lang='lat'><strong>;</strong></span> <span class='ocrx_word' id='word_1_599' title='bbox 3332 4185 3390 4236; x_wconf 85' lang='lat' dir='ltr'><strong>et</strong></span> <span class='ocrx_word' id='word_1_600' title='bbox 3442 4178 3518 4235; x_wconf 87' lang='lat' dir='ltr'><strong>ita</strong></span> 
     </span>
    </p>
   </div>
   <div class='ocr_carea' id='block_1_83' title="bbox 1932 4271 3517 4349">
    <p class='ocr_par' dir='ltr' id='par_1_83' title="bbox 1932 4271 3517 4349">
     <span class='ocr_line' id='line_1_83' title="bbox 1932 4271 3517 4349; baseline -0.007 -11"><span class='ocrx_word' id='word_1_601' title='bbox 1932 4284 2153 4338; x_wconf 89' lang='lat' dir='ltr'><strong>demum</strong></span> <span class='ocrx_word' id='word_1_602' title='bbox 2188 4288 2592 4336; x_wconf 85' lang='lat' dir='ltr'><strong>convocaretur</strong></span> <span class='ocrx_word' id='word_1_603' title='bbox 2642 4276 2912 4349; x_wconf 87' lang='lat' dir='ltr'><strong>synodus,</strong></span> <span class='ocrx_word' id='word_1_604' title='bbox 2962 4276 3031 4331; x_wconf 90' lang='lat' dir='ltr'><strong>ad</strong></span> <span class='ocrx_word' id='word_1_605' title='bbox 3063 4289 3230 4346; x_wconf 85' lang='lat' dir='ltr'><strong>quam</strong></span> <span class='ocrx_word' id='word_1_606' title='bbox 3263 4271 3517 4344; x_wconf 77' lang='lat' dir='ltr'><strong>pontifex</strong></span> 
     </span>
    </p>
   </div>
   <div class='ocr_carea' id='block_1_84' title="bbox 1934 4366 3519 4439">
    <p class='ocr_par' dir='ltr' id='par_1_84' title="bbox 1934 4366 3519 4439">
     <span class='ocr_line' id='line_1_84' title="bbox 1934 4366 3519 4439; baseline -0.008 -6"><span class='ocrx_word' id='word_1_607' title='bbox 1934 4372 2217 4433; x_wconf 80' lang='lat' dir='ltr'><strong>llmnann&#39;s</strong></span> <span class='ocrx_word' id='word_1_608' title='bbox 2259 4383 2315 4429; x_wconf 89' lang='lat' dir='ltr'><strong>et</strong></span> <span class='ocrx_word' id='word_1_609' title='bbox 2356 4371 2545 4428; x_wconf 89' lang='lat' dir='ltr'><strong>cuncti</strong></span> <span class='ocrx_word' id='word_1_610' title='bbox 2590 4371 2918 4426; x_wconf 84' lang='lat' dir='ltr'><strong>accederent</strong></span> <span class='ocrx_word' id='word_1_611' title='bbox 2974 4366 3267 4439; x_wconf 89' lang='lat' dir='ltr'><strong>episcopi;</strong></span> <span class='ocrx_word' id='word_1_612' title='bbox 3310 4373 3372 4420; x_wconf 92' lang='lat' dir='ltr'><strong>ut</strong></span> <span class='ocrx_word' id='word_1_613' title='bbox 3414 4366 3519 4421; x_wconf 88' lang='lat' dir='ltr'><strong>hoc</strong></span> 
     </span>
    </p>
   </div>
   <div class='ocr_carea' id='block_1_85' title="bbox 1932 4457 3520 4538">
    <p class='ocr_par' dir='ltr' id='par_1_85' title="bbox 1932 4457 3520 4538">
     <span class='ocr_line' id='line_1_85' title="bbox 1932 4457 3520 4538; baseline -0.008 -16"><span class='ocrx_word' id='word_1_614' title='bbox 1932 4478 2095 4538; x_wconf 83' lang='lat' dir='ltr'><strong>pacto</strong></span> <span class='ocrx_word' id='word_1_615' title='bbox 2143 4478 2266 4536; x_wconf 61' lang='lat' dir='ltr'><strong>quae</strong></span> <span class='ocrx_word' id='word_1_616' title='bbox 2302 4466 2571 4519; x_wconf 83' lang='lat' dir='ltr'><strong>adversus</strong></span> <span class='ocrx_word' id='word_1_617' title='bbox 2612 4462 2950 4518; x_wconf 77' lang='lat' dir='ltr'><strong>orthodoxos</strong></span> <span class='ocrx_word' id='word_1_618' title='bbox 2975 4474 3262 4530; x_wconf 87' lang='lat' dir='ltr'><strong>perperam</strong></span> <span class='ocrx_word' id='word_1_619' title='bbox 3295 4457 3520 4514; x_wconf 87' lang='lat' dir='ltr'><strong>decreta</strong></span> 
     </span>
    </p>
   </div>
   <div class='ocr_carea' id='block_1_86' title="bbox 1934 4552 3513 4628">
    <p class='ocr_par' dir='ltr' id='par_1_86' title="bbox 1934 4552 3513 4628">
     <span class='ocr_line' id='line_1_86' title="bbox 1934 4552 3513 4628; baseline -0.006 -13"><span class='ocrx_word' id='word_1_620' title='bbox 1934 4560 2193 4624; x_wconf 74' lang='lat' dir='ltr'><strong>fuissent,</strong></span> <span class='ocrx_word' id='word_1_621' title='bbox 2222 4557 2529 4614; x_wconf 88' lang='lat' dir='ltr'><strong>communis</strong></span> <span class='ocrx_word' id='word_1_622' title='bbox 2554 4556 2749 4628; x_wconf 88' lang='lat' dir='ltr'><strong>judicii</strong></span> <span class='ocrx_word' id='word_1_623' title='bbox 2780 4555 3190 4625; x_wconf 87' lang='lat' dir='ltr'><strong>subjicerentur</strong></span> <span class='ocrx_word' id='word_1_624' title='bbox 3245 4552 3513 4609; x_wconf 80' lang='lat' dir='ltr'><strong>examini.</strong></span> 
     </span>
    </p>
   </div>
   <div class='ocr_carea' id='block_1_87' title="bbox 1936 4646 3523 4722">
    <p class='ocr_par' dir='ltr' id='par_1_87' title="bbox 1936 4646 3523 4722">
     <span class='ocr_line' id='line_1_87' title="bbox 1936 4646 3523 4722; baseline -0.005 -15"><span class='ocrx_word' id='word_1_625' title='bbox 1936 4653 2269 4722; x_wconf 83' lang='lat' dir='ltr'><strong>Imperatore</strong></span> <span class='ocrx_word' id='word_1_626' title='bbox 2288 4666 2417 4707; x_wconf 86' lang='lat' dir='ltr'><strong>vero</strong></span> <span class='ocrx_word' id='word_1_627' title='bbox 2446 4659 2501 4706; x_wconf 90' lang='lat' dir='ltr'><strong>et</strong></span> <span class='ocrx_word' id='word_1_628' title='bbox 2529 4651 2786 4705; x_wconf 88' lang='lat' dir='ltr'><strong>universo</strong></span> <span class='ocrx_word' id='word_1_629' title='bbox 2813 4656 3005 4704; x_wconf 88' lang='lat' dir='ltr'><strong>senatu</strong></span> <span class='ocrx_word' id='word_1_630' title='bbox 3022 4646 3523 4718; x_wconf 76' lang='lat' dir='ltr'><strong>etmagistratuuut</strong></span> 
     </span>
    </p>
   </div>
   <div class='ocr_carea' id='block_1_88' title="bbox 268 4737 1819 4843">
    <p class='ocr_par' dir='ltr' id='par_1_88' title="bbox 268 4740 1819 4813">
     <span class='ocr_line' id='line_1_88' title="bbox 268 4740 1819 4813; baseline 0.004 -21"><span class='ocrx_word' id='word_1_631' title='bbox 268 4740 441 4812; x_wconf 70' lang='grc' dir='ltr'>εἰρήνη</span> <span class='ocrx_word' id='word_1_632' title='bbox 472 4743 716 4813; x_wconf 75' lang='grc' dir='ltr'>γέγονεν,</span> <span class='ocrx_word' id='word_1_633' title='bbox 751 4744 847 4797; x_wconf 81' lang='grc' dir='ltr'>καὶ</span> <span class='ocrx_word' id='word_1_634' title='bbox 890 4744 1248 4812; x_wconf 77' lang='grc' dir='ltr'>ὲπανέζευξεν</span> <span class='ocrx_word' id='word_1_635' title='bbox 1289 4745 1382 4798; x_wconf 81' lang='grc' dir='ltr'><strong>ἐπὶ</strong></span> <span class='ocrx_word' id='word_1_636' title='bbox 1439 4745 1507 4798; x_wconf 84' lang='grc' dir='ltr'>τὰ</span> <span class='ocrx_word' id='word_1_637' title='bbox 1548 4746 1677 4802; x_wconf 75' lang='grc' dir='ltr'>ἴδια..</span> <span class='ocrx_word' id='word_1_638' title='bbox 1724 4746 1819 4799; x_wconf 77' lang='grc' dir='ltr'><strong>Σε·</strong></span> 
     </span>
    </p>
   </div>
   <div class='ocr_carea' id='block_1_89' title="bbox 1928 4737 3523 4843">
    <p class='ocr_par' dir='ltr' id='par_1_89' title="bbox 1934 4737 3523 4817">
     <span class='ocr_line' id='line_1_89' title="bbox 1934 4737 3523 4817; baseline -0.006 -20"><span class='ocrx_word' id='word_1_639' title='bbox 1934 4745 2234 4817; x_wconf 85' lang='lat' dir='ltr'><strong>populique</strong></span> <span class='ocrx_word' id='word_1_640' title='bbox 2266 4745 2493 4813; x_wconf 87' lang='lat' dir='ltr'><strong>reliquis</strong></span> <span class='ocrx_word' id='word_1_641' title='bbox 2526 4741 2916 4813; x_wconf 87' lang='lat' dir='ltr'><strong>jusjurandum</strong></span> <span class='ocrx_word' id='word_1_642' title='bbox 2957 4737 3523 4808; x_wconf 83' lang='lat' dir='ltr'><strong>interponentibus,et</strong></span> 
     </span>
    </p>
   </div>
   <div class='ocr_carea' id='block_1_90' title="bbox 269 4826 1819 4911">
    <p class='ocr_par' dir='ltr' id='par_1_90' title="bbox 269 4833 1819 4911">
     <span class='ocr_line' id='line_1_90' title="bbox 269 4833 1819 4911; baseline 0.004 -26"><span class='ocrx_word' id='word_1_643' title='bbox 269 4833 559 4900; x_wconf 70' lang='grc' dir='ltr'>κουνδιανδς</span> <span class='ocrx_word' id='word_1_644' title='bbox 587 4836 702 4908; x_wconf 75' lang='grc'><strong>(54)</strong></span> <span class='ocrx_word' id='word_1_645' title='bbox 725 4835 781 4889; x_wconf 77' lang='grc' dir='ltr'>δὲ</span> <span class='ocrx_word' id='word_1_646' title='bbox 801 4839 829 4891; x_wconf 84' lang='grc' dir='ltr'><strong>ὁ</strong></span> <span class='ocrx_word' id='word_1_647' title='bbox 856 4839 1142 4909; x_wconf 77' lang='grc' dir='ltr'>πατρίκιος</span> <span class='ocrx_word' id='word_1_648' title='bbox 1167 4838 1457 4911; x_wconf 79' lang='grc' dir='ltr'>όγαμϐρὸς</span> <span class='ocrx_word' id='word_1_649' title='bbox 1474 4839 1819 4893; x_wconf 79' lang='grc' dir='ltr'>’Δναστασὶοι</span> 
     </span>
    </p>
   </div>
   <div class='ocr_carea' id='block_1_91' title="bbox 1928 4826 3521 4911">
    <p class='ocr_par' dir='ltr' id='par_1_91' title="bbox 1941 4826 3521 4905">
     <span class='ocr_line' id='line_1_91' title="bbox 1941 4826 3521 4905; baseline -0.005 -12"><span class='ocrx_word' id='word_1_650' title='bbox 1941 4837 2069 4893; x_wconf 87' lang='lat' dir='ltr'><strong>data</strong></span> <span class='ocrx_word' id='word_1_651' title='bbox 2102 4837 2206 4891; x_wconf 83' lang='lat' dir='ltr'><strong>ﬂde</strong></span> <span class='ocrx_word' id='word_1_652' title='bbox 2240 4850 2329 4892; x_wconf 87' lang='lat' dir='ltr'><strong>res</strong></span> <span class='ocrx_word' id='word_1_653' title='bbox 2359 4834 2550 4891; x_wconf 85' lang='lat' dir='ltr'><strong>ordine</strong></span> <span class='ocrx_word' id='word_1_654' title='bbox 2596 4832 2849 4905; x_wconf 77' lang='lat' dir='ltr'><strong>exposito</strong></span> <span class='ocrx_word' id='word_1_655' title='bbox 2924 4829 3195 4904; x_wconf 72' lang='lat' dir='ltr'><strong>gerendas</strong></span> <span class='ocrx_word' id='word_1_656' title='bbox 3241 4826 3521 4885; x_wconf 58' lang='lat' dir='ltr'><strong>allirmane</strong></span> 
     </span>
    </p>
   </div>
   <div class='ocr_carea' id='block_1_92' title="bbox 268 4926 1830 5002">
    <p class='ocr_par' dir='ltr' id='par_1_92' title="bbox 268 4926 1830 5002">
     <span class='ocr_line' id='line_1_92' title="bbox 268 4926 1830 5002; baseline 0.002 -22"><span class='ocrx_word' id='word_1_657' title='bbox 268 4926 346 4981; x_wconf 62' lang='grc' dir='ltr'><strong>ἐπ’</strong></span> <span class='ocrx_word' id='word_1_658' title='bbox 368 4929 594 5000; x_wconf 75' lang='grc' dir='ltr'>ἀδελφῇ,</span> <span class='ocrx_word' id='word_1_659' title='bbox 646 4933 831 5002; x_wconf 82' lang='grc' dir='ltr'>πατὴρ</span> <span class='ocrx_word' id='word_1_660' title='bbox 855 4932 911 4985; x_wconf 78' lang='grc' dir='ltr'>δὲ</span> <span class='ocrx_word' id='word_1_661' title='bbox 949 4932 1231 4993; x_wconf 77' lang='grc' dir='ltr'>Ύπατίου,</span> <span class='ocrx_word' id='word_1_662' title='bbox 1260 4933 1340 4995; x_wconf 68' lang='grc' dir='ltr'>εἰς</span> <span class='ocrx_word' id='word_1_663' title='bbox 1373 4929 1501 4995; x_wconf 82' lang='grc' dir='ltr'>τοὺς</span> <span class='ocrx_word' id='word_1_664' title='bbox 1531 4930 1699 4995; x_wconf 76' lang='grc' dir='ltr'>πόδας</span> <span class='ocrx_word' id='word_1_665' title='bbox 1735 4931 1830 4983; x_wconf 85' lang='grc' dir='ltr'><strong>Βι-</strong></span> 
     </span>
    </p>
   </div>
   <div class='ocr_carea' id='block_1_93' title="bbox 1941 4917 3523 4997">
    <p class='ocr_par' dir='ltr' id='par_1_93' title="bbox 1941 4917 3523 4997">
     <span class='ocr_line' id='line_1_93' title="bbox 1941 4917 3523 4997; baseline -0.005 -14"><span class='ocrx_word' id='word_1_666' title='bbox 1941 4930 2112 4995; x_wconf 90' lang='lat' dir='ltr'><strong>tibus,</strong></span> <span class='ocrx_word' id='word_1_667' title='bbox 2138 4942 2242 4997; x_wconf 81' lang='lat' dir='ltr'><strong>pax</strong></span> <span class='ocrx_word' id='word_1_668' title='bbox 2273 4926 2584 4990; x_wconf 86' lang='lat' dir='ltr'><strong>conciliata,</strong></span> <span class='ocrx_word' id='word_1_669' title='bbox 2620 4933 2674 4978; x_wconf 88' lang='lat' dir='ltr'><strong>ct</strong></span> <span class='ocrx_word' id='word_1_670' title='bbox 2703 4924 2820 4994; x_wconf 86' lang='lat' dir='ltr'><strong>ipse</strong></span> <span class='ocrx_word' id='word_1_671' title='bbox 2842 4922 3065 4977; x_wconf 83' lang='lat' dir='ltr'><strong>domum</strong></span> <span class='ocrx_word' id='word_1_672' title='bbox 3094 4919 3332 4992; x_wconf 87' lang='lat' dir='ltr'><strong>repetiit.</strong></span> <span class='ocrx_word' id='word_1_673' title='bbox 3347 4917 3523 4975; x_wconf 85' lang='lat' dir='ltr'><strong>Porro</strong></span> 
     </span>
    </p>
   </div>
   <div class='ocr_carea' id='block_1_94' title="bbox 271 5017 1819 5099">
    <p class='ocr_par' dir='ltr' id='par_1_94' title="bbox 271 5020 1819 5099">
     <span class='ocr_line' id='line_1_94' title="bbox 271 5020 1819 5099; baseline 0.003 -24"><span class='ocrx_word' id='word_1_674' title='bbox 271 5020 502 5080; x_wconf 79' lang='grc' dir='ltr'>ταλιανοῦ</span> <span class='ocrx_word' id='word_1_675' title='bbox 530 5025 859 5098; x_wconf 84' lang='grc' dir='ltr'>προσπεσὼν</span> <span class='ocrx_word' id='word_1_676' title='bbox 910 5025 1125 5091; x_wconf 83' lang='grc' dir='ltr'>πολλοῖς</span> <span class='ocrx_word' id='word_1_677' title='bbox 1160 5025 1445 5099; x_wconf 81' lang='grc' dir='ltr'>δάκρυσιν,</span> <span class='ocrx_word' id='word_1_678' title='bbox 1496 5026 1756 5080; x_wconf 83' lang='grc' dir='ltr'>’Υπάτιον</span> <span class='ocrx_word' id='word_1_679' title='bbox 1785 5026 1819 5057; x_wconf 88' lang='lat'>&quot;</span> 
     </span>
    </p>
   </div>
   <div class='ocr_carea' id='block_1_95' title="bbox 1928 5017 3528 5099">
    <p class='ocr_par' dir='ltr' id='par_1_95' title="bbox 1942 5017 3528 5090">
     <span class='ocr_line' id='line_1_95' title="bbox 1942 5017 3528 5090; baseline -0.006 -10"><span class='ocrx_word' id='word_1_680' title='bbox 1942 5021 2327 5079; x_wconf 84' lang='lat' dir='ltr'><strong>Secundianus</strong></span> <span class='ocrx_word' id='word_1_681' title='bbox 2352 5020 2615 5090; x_wconf 86' lang='lat' dir='ltr'><strong>patricius</strong></span> <span class='ocrx_word' id='word_1_682' title='bbox 2641 5017 2913 5074; x_wconf 84' lang='lat' dir='ltr'><strong>Anastasii</strong></span> <span class='ocrx_word' id='word_1_683' title='bbox 2932 5031 3001 5073; x_wconf 76' lang='lat' dir='ltr'><strong>es</strong></span> <span class='ocrx_word' id='word_1_684' title='bbox 3030 5029 3221 5071; x_wconf 89' lang='lat' dir='ltr'><strong>sorore</strong></span> <span class='ocrx_word' id='word_1_685' title='bbox 3250 5026 3438 5086; x_wconf 72' lang='lat' dir='ltr'><strong>gener,</strong></span> <span class='ocrx_word' id='word_1_686' title='bbox 3465 5020 3528 5070; x_wconf 74' lang='lat' dir='ltr'><strong>et</strong></span> 
     </span>
    </p>
   </div>
   <div class='ocr_carea' id='block_1_96' title="bbox 1530 5137 2209 5199">
    <p class='ocr_par' dir='ltr' id='par_1_96' title="bbox 1530 5137 2209 5199">
     <span class='ocr_line' id='line_1_96' title="bbox 1530 5137 2209 5199; baseline -0.003 -3"><span class='ocrx_word' id='word_1_687' title='bbox 1530 5140 1769 5196; x_wconf 62' lang='lat' dir='ltr'><strong>VAllllE</strong></span> <span class='ocrx_word' id='word_1_688' title='bbox 1803 5137 2209 5199; x_wconf 84' lang='lat' dir='ltr'><strong>LECTIONES.</strong></span> 
     </span>
    </p>
   </div>
   <div class='ocr_carea' id='block_1_97' title="bbox 337 5258 958 5324">
    <p class='ocr_par' dir='ltr' id='par_1_97' title="bbox 337 5258 958 5324">
     <span class='ocr_line' id='line_1_97' title="bbox 337 5258 958 5324; baseline 0 -12"><span class='ocrx_word' id='word_1_689' title='bbox 337 5259 381 5291; x_wconf 81' lang='grc'>⁸⁸</span> <span class='ocrx_word' id='word_1_690' title='bbox 406 5258 735 5324; x_wconf 77' lang='grc' dir='ltr'>ἐπισκόπους</span> <span class='ocrx_word' id='word_1_691' title='bbox 760 5274 868 5312; x_wconf 88' lang='lat' dir='ltr'><strong>om.</strong></span> <span class='ocrx_word' id='word_1_692' title='bbox 896 5260 958 5313; x_wconf 76' lang='grc' dir='ltr'><strong>Α.</strong></span> 
     </span>
    </p>
   </div>
   <div class='ocr_carea' id='block_1_98' title="bbox 278 5331 654 5402">
    <p class='ocr_par' dir='ltr' id='par_1_98' title="bbox 278 5331 654 5402">
     <span class='ocr_line' id='line_1_98' title="bbox 278 5331 654 5402; baseline 0.003 -18"><span class='ocrx_word' id='word_1_693' title='bbox 278 5332 359 5402; x_wconf 65' lang='grc' dir='ltr'>καὶ</span> <span class='ocrx_word' id='word_1_694' title='bbox 382 5332 571 5402; x_wconf 75' lang='grc' dir='ltr'>ὀμόσαι</span> <span class='ocrx_word' id='word_1_695' title='bbox 600 5331 654 5385; x_wconf 93' lang='lat' dir='ltr'><strong>b.</strong></span> 
     </span>
    </p>
   </div>
   <div class='ocr_carea' id='block_1_99' title="bbox 1067 5256 1643 5327">
    <p class='ocr_par' dir='ltr' id='par_1_99' title="bbox 1067 5256 1643 5327">
     <span class='ocr_line' id='line_1_99' title="bbox 1067 5256 1643 5327; baseline 0.005 -17"><span class='ocrx_word' id='word_1_696' title='bbox 1067 5259 1112 5291; x_wconf 79' lang='lat'><strong>&quot;</strong></span> <span class='ocrx_word' id='word_1_697' title='bbox 1138 5256 1247 5327; x_wconf 75' lang='grc' dir='ltr'><strong>γὰρ</strong></span> <span class='ocrx_word' id='word_1_698' title='bbox 1275 5256 1399 5327; x_wconf 84' lang='lat' dir='ltr'><strong>add.</strong></span> <span class='ocrx_word' id='word_1_699' title='bbox 1429 5273 1494 5312; x_wconf 80' lang='lat' dir='ltr'><strong>ex</strong></span> <span class='ocrx_word' id='word_1_700' title='bbox 1519 5259 1557 5311; x_wconf 79' lang='grc' dir='ltr'>Α</span> <span class='ocrx_word' id='word_1_701' title='bbox 1591 5274 1643 5313; x_wconf 90' lang='lat' dir='ltr'><strong>e.</strong></span> 
     </span>
    </p>
   </div>
   <div class='ocr_carea' id='block_1_100' title="bbox 755 5257 2312 5401">
    <p class='ocr_par' dir='ltr' id='par_1_100' title="bbox 755 5257 2312 5401">
     <span class='ocr_line' id='line_1_100' title="bbox 760 5257 2312 5327; baseline -0.001 -18"><span class='ocrx_word' id='word_1_702' title='bbox 760 5274 868 5312; x_wconf 88' lang='lat' dir='ltr'><strong>om.</strong></span> <span class='ocrx_word' id='word_1_703' title='bbox 896 5260 958 5313; x_wconf 75' lang='grc' dir='ltr'><strong>Α.</strong></span> <span class='ocrx_word' id='word_1_704' title='bbox 1067 5259 1112 5291; x_wconf 79' lang='grc'><strong>⁸⁷</strong></span> <span class='ocrx_word' id='word_1_705' title='bbox 1138 5257 1247 5327; x_wconf 75' lang='grc' dir='ltr'><strong>γὰρ</strong></span> <span class='ocrx_word' id='word_1_706' title='bbox 1275 5257 1399 5310; x_wconf 86' lang='lat' dir='ltr'><strong>add.</strong></span> <span class='ocrx_word' id='word_1_707' title='bbox 1429 5273 1494 5312; x_wconf 80' lang='lat' dir='ltr'><strong>ex</strong></span> <span class='ocrx_word' id='word_1_708' title='bbox 1519 5259 1557 5311; x_wconf 78' lang='grc' dir='ltr'>Α</span> <span class='ocrx_word' id='word_1_709' title='bbox 1591 5274 1643 5313; x_wconf 90' lang='lat' dir='ltr'><strong>e.</strong></span> <span class='ocrx_word' id='word_1_710' title='bbox 1743 5257 1787 5290; x_wconf 83' lang='lat'>”</span> <span class='ocrx_word' id='word_1_711' title='bbox 1812 5258 1840 5311; x_wconf 90' lang='grc' dir='ltr'><strong>ό</strong></span> <span class='ocrx_word' id='word_1_712' title='bbox 1871 5257 2213 5327; x_wconf 81' lang='grc' dir='ltr'>ἀρχάγγελος</span> <span class='ocrx_word' id='word_1_713' title='bbox 2241 5270 2312 5309; x_wconf 84' lang='grc' dir='ltr'>οη</span> 
     </span>
     <span class='ocr_line' id='line_1_101' title="bbox 755 5326 2312 5401; baseline -0.004 -16"><span class='ocrx_word' id='word_1_714' title='bbox 755 5330 799 5362; x_wconf 78' lang='grc'><strong>⁷⁸</strong></span> <span class='ocrx_word' id='word_1_715' title='bbox 832 5327 1147 5385; x_wconf 80' lang='grc' dir='ltr'>ἀπολάϐωσι</span> <span class='ocrx_word' id='word_1_716' title='bbox 1175 5346 1229 5383; x_wconf 89' lang='grc' dir='ltr'>τ.</span> <span class='ocrx_word' id='word_1_717' title='bbox 1367 5326 1455 5401; x_wconf 86' lang='grc' dir='ltr'>θρ.</span> <span class='ocrx_word' id='word_1_718' title='bbox 1495 5331 1589 5399; x_wconf 83' lang='grc' dir='ltr'><strong>ὀμ.</strong></span> <span class='ocrx_word' id='word_1_719' title='bbox 1620 5345 1730 5384; x_wconf 88' lang='lat' dir='ltr'><strong>om.</strong></span> <span class='ocrx_word' id='word_1_720' title='bbox 1760 5330 1822 5383; x_wconf 84' lang='lat' dir='ltr'><strong>A.</strong></span> <span class='ocrx_word' id='word_1_721' title='bbox 1901 5330 1946 5361; x_wconf 76' lang='grc' dir='ltr'><strong>τ’</strong></span> <span class='ocrx_word' id='word_1_722' title='bbox 1977 5328 2221 5401; x_wconf 78' lang='grc' dir='ltr'>κροτηθῇ</span> <span class='ocrx_word' id='word_1_723' title='bbox 2248 5329 2312 5380; x_wconf 81' lang='grc' dir='ltr'><strong>Α.</strong></span> 
     </span>
    </p>
   </div>
   <div class='ocr_carea' id='block_1_101' title="bbox 276 5397 1832 5476">
    <p class='ocr_par' dir='ltr' id='par_1_101' title="bbox 276 5397 1832 5476">
     <span class='ocr_line' id='line_1_102' title="bbox 276 5397 1832 5476; baseline 0 -22"><span class='ocrx_word' id='word_1_724' title='bbox 276 5397 548 5476; x_wconf 71' lang='grc' dir='ltr'>ἑτοιμασθῇ</span> <span class='ocrx_word' id='word_1_725' title='bbox 578 5419 630 5470; x_wconf 90' lang='lat' dir='ltr'><strong>e,</strong></span> <span class='ocrx_word' id='word_1_726' title='bbox 652 5400 953 5474; x_wconf 82' lang='grc' dir='ltr'>δοκιμασθῄ</span> <span class='ocrx_word' id='word_1_727' title='bbox 979 5403 1123 5474; x_wconf 78' lang='lat' dir='ltr'><strong>vulg.</strong></span> <span class='ocrx_word' id='word_1_728' title='bbox 1196 5402 1242 5434; x_wconf 87' lang='grc'><strong>⁷⁵</strong></span> <span class='ocrx_word' id='word_1_729' title='bbox 1282 5397 1540 5454; x_wconf 76' lang='grc' dir='ltr'>’Υπάτιον</span> <span class='ocrx_word' id='word_1_730' title='bbox 1565 5414 1676 5455; x_wconf 90' lang='lat' dir='ltr'><strong>om.</strong></span> <span class='ocrx_word' id='word_1_731' title='bbox 1714 5402 1750 5452; x_wconf 64' lang='grc' dir='ltr'><strong>οὶ</strong></span> <span class='ocrx_word' id='word_1_732' title='bbox 1780 5415 1832 5454; x_wconf 90' lang='lat' dir='ltr'><strong>a.</strong></span> 
     </span>
    </p>
   </div>
   <div class='ocr_carea' id='block_1_102' title="bbox 1982 5243 3585 5327">
    <p class='ocr_par' dir='ltr' id='par_1_102' title="bbox 1982 5243 3585 5327">
     <span class='ocr_line' id='line_1_103' title="bbox 1982 5243 3585 5327; baseline -0.047 3"><span class='ocrx_word' id='word_1_733' title='bbox 1982 5256 2213 5327; x_wconf 76' lang='grc' dir='ltr'>ἅγγελος</span> <span class='ocrx_word' id='word_1_734' title='bbox 2241 5270 2352 5310; x_wconf 89' lang='lat' dir='ltr'><strong>om.</strong></span> <span class='ocrx_word' id='word_1_735' title='bbox 2386 5253 2483 5327; x_wconf 77' lang='lat' dir='ltr'><strong>A__e</strong></span> <span class='ocrx_word' id='word_1_736' title='bbox 2506 5249 2559 5327; x_wconf 81' lang='lat' dir='ltr'><strong>f._</strong></span> <span class='ocrx_word' id='word_1_737' title='bbox 2619 5251 2664 5283; x_wconf 69' lang='grc' dir='ltr'><strong>θ’</strong></span> <span class='ocrx_word' id='word_1_738' title='bbox 2690 5251 2931 5327; x_wconf 37' lang='lat' dir='ltr'><strong>eampo,</strong></span> <span class='ocrx_word' id='word_1_739' title='bbox 2958 5245 3215 5327; x_wconf 38' lang='grc' dir='ltr'><strong>(κη’-ΔΛὲ</strong></span> <span class='ocrx_word' id='word_1_740' title='bbox 3292 5243 3531 5327; x_wconf 57' lang='grc' dir='ltr'><strong>τ.ἐῦῈῷ</strong></span> <span class='ocrx_word' id='word_1_741' title='bbox 3576 5310 3585 5319; x_wconf 35' lang='grc'><em>,</em></span> 
     </span>
    </p>
   </div>
   <div class='ocr_carea' id='block_1_103' title="bbox 2417 5315 3513 5389">
    <p class='ocr_par' dir='ltr' id='par_1_103' title="bbox 2417 5315 3513 5389">
     <span class='ocr_line' id='line_1_104' title="bbox 2417 5315 3513 5389; baseline -0.007 -12"><span class='ocrx_word' id='word_1_742' title='bbox 2417 5324 2462 5357; x_wconf 83' lang='grc'><strong>⁷³</strong></span> <span class='ocrx_word' id='word_1_743' title='bbox 2491 5321 2599 5377; x_wconf 85' lang='grc' dir='ltr'>τῶν</span> <span class='ocrx_word' id='word_1_744' title='bbox 2644 5315 2865 5375; x_wconf 57' lang='grc' dir='ltr'>αιῑιΙζοὶ</span> <span class='ocrx_word' id='word_1_745' title='bbox 2903 5320 2967 5373; x_wconf 82' lang='lat' dir='ltr'><strong>A.</strong></span> <span class='ocrx_word' id='word_1_746' title='bbox 3069 5317 3116 5350; x_wconf 72' lang='lat'>&quot;</span> <span class='ocrx_word' id='word_1_747' title='bbox 3149 5315 3414 5389; x_wconf 76' lang='grc' dir='ltr'>ἐξιτασθῇ</span> <span class='ocrx_word' id='word_1_748' title='bbox 3444 5315 3513 5381; x_wconf 70' lang='grc' dir='ltr'>Α,</span> 
     </span>
    </p>
   </div>
   <div class='ocr_carea' id='block_1_104' title="bbox 1559 5511 2213 5575">
    <p class='ocr_par' dir='ltr' id='par_1_104' title="bbox 1559 5511 2213 5575">
     <span class='ocr_line' id='line_1_105' title="bbox 1559 5511 2213 5575; baseline -0.011 0"><span class='ocrx_word' id='word_1_749' title='bbox 1559 5518 1699 5575; x_wconf 79' lang='lat' dir='ltr'><strong>JAC.</strong></span> <span class='ocrx_word' id='word_1_750' title='bbox 1734 5516 1949 5575; x_wconf 75' lang='lat' dir='ltr'><strong>GOARI</strong></span> <span class='ocrx_word' id='word_1_751' title='bbox 1978 5511 2213 5570; x_wconf 67' lang='lat' dir='ltr'><strong>NOTAE.</strong></span> 
     </span>
    </p>
   </div>
   <div class='ocr_carea' id='block_1_105' title="bbox 284 5644 1823 5773">
    <p class='ocr_par' dir='ltr' id='par_1_105' title="bbox 284 5644 1823 5773">
     <span class='ocr_line' id='line_1_106' title="bbox 284 5644 1823 5773; baseline -0.003 -72"><span class='ocrx_word' id='word_1_752' title='bbox 284 5716 303 5769; x_wconf 64' lang='grc' dir='ltr'><strong>Ι</strong></span> <span class='ocrx_word' id='word_1_753' title='bbox 342 5645 762 5773; x_wconf 52' lang='grc' dir='ltr'><strong>(ῗὲηῖρέεηόοω</strong></span> <span class='ocrx_word' id='word_1_754' title='bbox 792 5646 1011 5703; x_wconf 78' lang='lat' dir='ltr'><strong>exhibet</strong></span> <span class='ocrx_word' id='word_1_755' title='bbox 1033 5645 1313 5702; x_wconf 83' lang='lat' dir='ltr'><strong>historiam</strong></span> <span class='ocrx_word' id='word_1_756' title='bbox 1339 5646 1477 5701; x_wconf 84' lang='lat' dir='ltr'><strong>hanc</strong></span> <span class='ocrx_word' id='word_1_757' title='bbox 1503 5644 1823 5700; x_wconf 84' lang='lat' dir='ltr'><strong>Theodorus</strong></span> 
     </span>
     <span class='ocr_line' id='line_1_107' title="bbox 309 5733 651 5773; baseline 0.006 -2"><span class='ocrx_word' id='word_1_758' title='bbox 309 5733 377 5772; x_wconf 77' lang='lat' dir='ltr'><strong>.ec</strong></span> <span class='ocrx_word' id='word_1_759' title='bbox 399 5734 457 5773; x_wconf 90' lang='lat' dir='ltr'><strong>or</strong></span> <span class='ocrx_word' id='word_1_760' title='bbox 502 5737 513 5771; x_wconf 89' lang='grc' dir='ltr'><strong>ι</strong></span> <span class='ocrx_word' id='word_1_761' title='bbox 559 5734 651 5773; x_wconf 87' lang='grc' dir='ltr'>.ιι.</span> 
     </span>
    </p>
   </div>
   <div class='ocr_carea' id='block_1_106' title="bbox 309 5733 651 5775">
    <p class='ocr_par' dir='ltr' id='par_1_106' title="bbox 309 5733 651 5775">
     <span class='ocr_line' id='line_1_108' title="bbox 309 5733 651 5775; baseline 0.012 -4"><span class='ocrx_word' id='word_1_762' title='bbox 309 5733 457 5773; x_wconf 68' lang='grc' dir='ltr'><strong>ερρυη-</strong></span> <span class='ocrx_word' id='word_1_763' title='bbox 481 5733 572 5775; x_wconf 75' lang='grc' dir='ltr'>ιιι).</span> <span class='ocrx_word' id='word_1_764' title='bbox 594 5734 651 5775; x_wconf 78' lang='lat' dir='ltr'><strong>II.</strong></span> 
     </span>
    </p>
   </div>
   <div class='ocr_carea' id='block_1_107' title="bbox 319 5784 1824 5868">
    <p class='ocr_par' dir='ltr' id='par_1_107' title="bbox 319 5784 1824 5868">
     <span class='ocr_line' id='line_1_109' title="bbox 319 5784 1824 5868; baseline -0.013 -8"><span class='ocrx_word' id='word_1_765' title='bbox 319 5788 675 5868; x_wconf 41' lang='lat' dir='ltr'><strong>K539133de</strong></span> <span class='ocrx_word' id='word_1_766' title='bbox 722 5789 1070 5846; x_wconf 83' lang='lat' dir='ltr'><strong>Marcellinus</strong></span> <span class='ocrx_word' id='word_1_767' title='bbox 1114 5806 1301 5868; x_wconf 62' lang='lat' dir='ltr'><strong>cernes</strong></span> <span class='ocrx_word' id='word_1_768' title='bbox 1349 5784 1824 5868; x_wconf 77' lang='lat' dir='ltr'><strong>anno__Anastasii</strong></span> 
     </span>
    </p>
   </div>
   <div class='ocr_carea' id='block_1_108' title="bbox 286 5860 1828 5933">
    <p class='ocr_par' dir='ltr' id='par_1_108' title="bbox 286 5860 1828 5933">
     <span class='ocr_line' id='line_1_110' title="bbox 286 5860 1828 5933; baseline -0.005 -15"><span class='ocrx_word' id='word_1_769' title='bbox 286 5860 522 5918; x_wconf 69' lang='lat' dir='ltr'><strong>\lcssimo</strong></span> <span class='ocrx_word' id='word_1_770' title='bbox 557 5863 717 5920; x_wconf 87' lang='lat' dir='ltr'><strong>tertio</strong></span> <span class='ocrx_word' id='word_1_771' title='bbox 765 5872 820 5918; x_wconf 90' lang='lat' dir='ltr'><strong>ct</strong></span> <span class='ocrx_word' id='word_1_772' title='bbox 845 5870 1061 5933; x_wconf 85' lang='lat' dir='ltr'><strong>quarto,</strong></span> <span class='ocrx_word' id='word_1_773' title='bbox 1097 5863 1166 5919; x_wconf 91' lang='lat' dir='ltr'><strong>ab</strong></span> <span class='ocrx_word' id='word_1_774' title='bbox 1206 5861 1435 5931; x_wconf 75' lang='lat' dir='ltr'><strong>Evagrio</strong></span> <span class='ocrx_word' id='word_1_775' title='bbox 1466 5860 1561 5918; x_wconf 87' lang='lat' dir='ltr'><strong>lib.</strong></span> <span class='ocrx_word' id='word_1_776' title='bbox 1590 5876 1671 5927; x_wconf 85' lang='lat' dir='ltr'><strong>tn,</strong></span> <span class='ocrx_word' id='word_1_777' title='bbox 1704 5874 1828 5927; x_wconf 82' lang='lat' dir='ltr'><strong>cap.</strong></span> 
     </span>
    </p>
   </div>
   <div class='ocr_carea' id='block_1_109' title="bbox 1932 5631 3563 5704">
    <p class='ocr_par' dir='ltr' id='par_1_109' title="bbox 1932 5631 3563 5704">
     <span class='ocr_line' id='line_1_111' title="bbox 1932 5631 3563 5704; baseline -0.011 -10"><span class='ocrx_word' id='word_1_778' title='bbox 1932 5638 2003 5694; x_wconf 74' lang='grc'><strong>45</strong></span> <span class='ocrx_word' id='word_1_779' title='bbox 2023 5680 2039 5704; x_wconf 89' lang='grc'><strong>,</strong></span> <span class='ocrx_word' id='word_1_780' title='bbox 2068 5645 2121 5693; x_wconf 87' lang='lat' dir='ltr'><strong>et</strong></span> <span class='ocrx_word' id='word_1_781' title='bbox 2156 5632 2453 5699; x_wconf 86' lang='lat' dir='ltr'><strong>Jornande,</strong></span> <span class='ocrx_word' id='word_1_782' title='bbox 2493 5631 2565 5687; x_wconf 88' lang='lat' dir='ltr'><strong>De</strong></span> <span class='ocrx_word' id='word_1_783' title='bbox 2598 5648 2741 5703; x_wconf 69' lang='lat' dir='ltr'><strong>regis.</strong></span> <span class='ocrx_word' id='word_1_784' title='bbox 2771 5638 2819 5686; x_wconf 85' lang='lat' dir='ltr'><strong>et</strong></span> <span class='ocrx_word' id='word_1_785' title='bbox 2845 5638 3001 5699; x_wconf 82' lang='lat' dir='ltr'><strong>temp.</strong></span> <span class='ocrx_word' id='word_1_786' title='bbox 3025 5642 3279 5691; x_wconf 61' lang='grc' dir='ltr'>δυσί-σει,</span> <span class='ocrx_word' id='word_1_787' title='bbox 3309 5637 3563 5703; x_wconf 14' lang='lat' dir='ltr'><strong>memov.‘</strong></span> 
     </span>
    </p>
   </div>
   <div class='ocr_carea' id='block_1_110' title="bbox 1931 5719 3519 5850">
    <p class='ocr_par' dir='ltr' id='par_1_110' title="bbox 1931 5719 3519 5850">
     <span class='ocr_line' id='line_1_112' title="bbox 1931 5719 3519 5850; baseline -0.008 -14"><span class='ocrx_word' id='word_1_788' title='bbox 1931 5719 2118 5850; x_wconf 56' lang='grc' dir='ltr'><strong>ηῗέἰ)</strong></span> <span class='ocrx_word' id='word_1_789' title='bbox 2174 5775 2276 5850; x_wconf 80' lang='lat' dir='ltr'><strong>Qui</strong></span> <span class='ocrx_word' id='word_1_790' title='bbox 2333 5775 2584 5845; x_wconf 89' lang='lat' dir='ltr'><strong>pluribus</strong></span> <span class='ocrx_word' id='word_1_791' title='bbox 2642 5771 3025 5845; x_wconf 83' lang='lat' dir='ltr'><strong>superioribus</strong></span> <span class='ocrx_word' id='word_1_792' title='bbox 3074 5771 3211 5827; x_wconf 87' lang='lat' dir='ltr'><strong>locis</strong></span> <span class='ocrx_word' id='word_1_793' title='bbox 3274 5766 3519 5825; x_wconf 71' lang='grc' dir='ltr'>Σεκουνο</span> 
     </span>
    </p>
   </div>
   <div class='ocr_carea' id='block_1_111' title="bbox 1900 5847 2388 5915">
    <p class='ocr_par' dir='ltr' id='par_1_111' title="bbox 1900 5847 2388 5915">
     <span class='ocr_line' id='line_1_113' title="bbox 1900 5847 2388 5915; baseline -0.012 -8"><span class='ocrx_word' id='word_1_794' title='bbox 1900 5889 1906 5895; x_wconf 88' lang='grc'><strong><em>-</em></strong></span> <span class='ocrx_word' id='word_1_795' title='bbox 1935 5847 2076 5915; x_wconf 80' lang='grc' dir='ltr'>δῖνος</span> <span class='ocrx_word' id='word_1_796' title='bbox 2100 5847 2388 5906; x_wconf 82' lang='lat' dir='ltr'><strong>scribitur.</strong></span> 
     </span>
    </p>
   </div>
  </div>
