3990 6294
584 397 696 463 875

1975 399 2470 465 THEOPHANIS

3733 401 3841 466 3'16

590 507 804 583 Ilypatii
848 520 1020 581 pater,
1051 510 1116 564 ad
1148 509 1407 566 Vitaliani
1446 510 1610 582 pedes
1636 513 1946 581 procidens,
1978 510 2167 569 multis

2283 514 2362 569 τὸν
2391 515 2522 571 [διον
2544 516 2657 572 υίδν
2678 518 2744 572 ὲκ
2777 516 2884 574 τῶν
2910 517 2969 573 ἐν
2998 518 3187 592 Μυσίᾳ
3210 518 3430 591 δεσμῶν
3458 515 3842 582 ζῶπαᾶπέλα-

587 605 843 676 lacrymis
868 604 1149 676 Hypatium
1171 606 1447 677 proprium
1467 606 1636 660 lilium
1669 621 1734 661 ex
1766 605 2021 674 vinculis,
2041 607 2167 677 qui-

588 698 690 752 ltus
721 698 1005 753 tenebatur
1034 699 1088 753 in
1117 697 1308 771 Mysia,
1350 699 1581 754 liberum
1620 705 1673 753 et
1705 699 1912 755 salvum
1938 700 2165 771 recepit.

586 784 851 844 Caeterum
872 787 1192 845 Hormisdas
1205 790 1485 845 Romanus
1498 789 1789 860 episcopus
1804 804 1833 844 a
1858 787 2168 843 Theuderi-

587 885 694 937 CIIO
723 882 1072 949 sollicitatus,
1123 883 1215 952 qui
1263 881 1542 938 Vitaliano
1610 880 1848 947 favebat,
1894 879 2165 935 Euodium

588 974 905 1045 episcopum
944 982 999 1030 et
1038 972 1368 1030 Vitalianum
1423 973 1908 1042 archidiaconum,
1960 973 2169 1028 indicto

589 1067 866 1123 Heracleae
898 1066 1063 1138 138
1080 1066 1333 1134 concilio,
1357 1068 1567 1138 legatos
1599 1065 1767 1124 misit.
1801 1064 2170 1122 Accesserunt

588 1161 889 1216 etiamnum
916 1176 982 1216 ex
1011 1159 1244 1217 diversis
1259 1159 1396 1216 locis
1413 1160 1650 1232 episcopi
1672 1159 1896 1215 circiter
1913 1158 2167 1228 ducenti;

589 1254 684 1322 qui
719 1263 829 1307 tam
870 1268 901 1308 a
948 1253 1181 1309 scelesto
1230 1254 1579 1323 imperatore,
1610 1268 1772 1325 quam
1814 1267 1845 1307 a
1878 1250 2169 1308 Timotheo

588 1345 826 1414 Cpoleos
860 1346 1119 1417 episcopo
1145 1344 1416 1413 delusi,re
1437 1344 1636 1401 infecta
1666 1346 2173 1416 recessere.lmpins

591 1439 863 1510 siquidem
890 1439 1208 1510 imperator,
1241 1440 1417 1510 pactis
1434 1439 1671 1507 violatis,
1694 1440 1759 1495 ad
1779 1454 1970 1509 papam
1990 1438 2174 1495 Romae

590 1532 933 1587 ne"venirent
949 1530 1087 1585 clam
1117 1529 1478 1602 significavit;
1516 1532 1733 1587 aliunde
1751 1546 1881 1587 vero
1900 1530 2172 1586 Vitaliano

590 1638 806 1679 sacram
838 1622 1028 1679 Roma
1068 1623 1390 1679 mittendam
1442 1623 1688 1691 dederat,
1729 1639 1835 1696 qua
1867 1639 2061 1695 papam
2104 1622 2171 1679 ad

593 1716 888 1774 concilium
938 1715 1213 1772 Heraclea:
1244 1715 1628 1772 celebrandum
1663 1725 1723 1770 ut
1774 1717 2057 1771 accederet
2076 1714 2175 1770 do-

594 1809 711 1864 lose
729 1807 1017 1863 invitabat.
1041 1805 1204 1862 Plebs
1223 1817 1401 1862 autem
1427 1807 1606 1862 omnis
1619 1816 1671 1862 et
1698 1816 1922 1863 senatus
1954 1806 2175 1863 univer-

2271 610 2383 665 ὗεν.
2413 610 2706 683 Ὀρμίσδας
2721 611 2778 665 δὲ
2790 615 2817 666 ὁ
2834 611 3131 677 ἐπίσκοπος
3164 610 3383 683 Ῥώμης
3396 610 3555 680 ὁχλού
3565 627 3709 680 μενος
3739 610 3843 663 ὑπὸ

2269 704 2589 777 Θευδερίχου
2622 706 2980 778 χαριζομένου
2997 707 3045 738 ⁷⁸
3063 706 3388 776 Βιταλιανῷ,
3413 703 3526 776 (55)
3551 704 3760 757 uocato»
3779 703 3842 734 π’

2268 796 2361 851 τὸν
2384 797 2685 851 ἐπίσκοπον
2723 797 2969 869 ἐπεμψεν
2996 798 3094 853 καὶ
3121 798 3214 853 τὸν
3256 796 3579 852 Βιταλιανδν
3605 795 3847 866 άρχιδιά-

2274 908 2433 944 κονον
2465 892 2521 945 ἐν
2549 890 2628 962 τῷ
2668 892 2713 927 ⁷⁷
2744 891 3081 964 κροτηθῆναι
3133 891 3232 962 τὴν
3283 892 3341 945 ὲν
3384 888 3675 958 Ἡρακλείᾳ
3720 888 3847 941 σύν-

2269 978 2616 1038 οδον.⁷Ηλθον
2637 984 2693 1038 δὲ
2718 988 2813 1037 καὶ
2832 982 3119 1038 ἐπίσκοποι
3138 983 3214 1048 ὠς
3237 983 3284 1017 ⁷⁸
3312 982 3574 1037 διακόσιοι
3591 984 3649 1035 ὲκ
3665 979 3850 1047 διαφό-

2273 1093 2382 1146 ρων
2410 1076 2620 1132 τόπων·
2649 1078 2846 1141 οἵτινες
2866 1075 3263 1148 ὲμπαιχθέντες
3290 1075 3396 1130 ὑπὸ
3414 1073 3511 1127 τοῦ
3537 1072 3848 1144 παρανόμου

2273 1169 2539 1240 βασιλέως
2567 1170 2662 1224 καὶ
2693 1169 2957 1241 Τιμοθέου
2993 1170 3295 1225 ἐπισκόπου
3332 1164 3848 1222 Κωνσταντινουπό-

2270 1257 2407 1321 λεως
2436 1258 2793 1330 ἀνεχώρησαν
2818 1261 3110 1331 ἄπρακτοι.
3129 1260 3186 1312 ὐ
3215 1258 3325 1329 γὰρ
3368 1255 3570 1327 ἀσεϐὴς
3596 1255 3849 1326 βασιλεὺς

2272 1348 2526 1421 παραϐὰς
2553 1350 2653 1414 τὰς
2667 1351 2963 1420 συνθήκας,
2981 1349 3157 1423 λάθρα
3182 1351 3455 1420 ἐδήλωσεν
3487 1346 3565 1419 τῷ
3589 1346 3849 1415 atii-trra."

2282 1444 2505 1515 Ῥώμης
2558 1444 2634 1515 μὴ
2678 1446 3087 1518 παραγενέσθαι
3139 1447 3207 1503 ⁸⁰.
3249 1444 3342 1517 Τῷ
3395 1445 3507 1515 γὰρ
3555 1440 3854 1511 Βιταλιανῷ

2276 1540 2488 1611 σάκραν
2532 1535 2601 1611 ἦν
2655 1540 2879 1612 πέμψας
2920 1538 3014 1593 τοῦ
3054 1538 3267 1609 πέμψαι
3291 1538 3462 1611 αὐτὴν
3507 1536 3587 1600 εἰς
3627 1534 3847 1604 Ῥώμην

2276 1633 2412 1705 πρὸς
2437 1633 2498 1687 τὸ
2531 1634 2943 1706 παραγενέσθαι
2960 1632 3051 1687 τδν
3068 1634 3300 1688 πάππαν
3323 1631 3418 1686 ἐπὶ
3441 1631 3501 1685 τὸ
3521 1632 3846 1702 κρατηθῆναι

2277 1725 2495 1781 σύνοδον
2531 1727 2588 1780 ὲν
2625 1726 2947 1797 Ἡρακλείᾳ.
3015 1726 3131 1791 Πᾶς
3166 1725 3224 1779 δὲ
3251 1727 3280 1779 ό
3311 1723 3356 1757 ⁸¹
3384 1725 3512 1788 λαὸς
3545 1726 3639 1777 καὶ
3661 1724 3693 1793 ἠ
3717 1721 3847 1790 σύγ-

2278 1818 2475 1890 κλητος
2508 1819 2791 1890 παρρησίᾳ
2833 1819 3133 1891 ἐλοιδόρουν
3168 1816 3522 1874 ’Δναστάσιον
3553 1817 3628 1880 ὡς
3663 1815 3853 1886 ἐπίορ-

596 1916 694 1957 sus
726 1900 1077 1956 Anastasium
1124 1914 1225 1955 ceu
1266 1899 1547 1971 perjurum
1573 1900 2173 1972 conviciisimpelebat.

2283 1876 2398 1965 κον.
2446 1876 2503 1964 ’δ
2530 1876 2601 1965 δὲ.
2626 1876 2963 1984 ⁸παράνομος
3008 1876 3243 1978 αναιδῶς
3288 1912 3475 1981 ἔλεγεν
3512 1876 3678 1981 νόμον
3713 1876 3851 1962 εἶναι

595 1992 676 2049 Ad
709 2009 831 2065 quae
865 1991 1112 2049 nefarius
1144 1992 1235 2049 ille
1281 1991 1756 2062 impudentissime
1786 1992 2004 2048 dicebat
2027 2034 2041 2059 ,
2071 1993 2175 2047 ba-

600 2089 716 2145 beri
754 2089 947 2159 legem,
974 2100 1097 2158 quae
1143 2087 1525 2157 imperatorem
1575 2086 1630 2141 in
1669 2090 2001 2144 necessitate
2042 2103 2176 2144 con-

599 2182 853 2236 stitutum
898 2180 1144 2251 pejerare
1174 2194 1243 2235 ac
1282 2178 1733 2249 mentirijubeat.
1761 2178 1885 2237 Haec
1908 2180 2000 2237 ille
2050 2195 2175 2237 sce-

598 2278 774 2332 lestus
802 2273 1223 2329 Manicbarorum
1264 2272 1589 2343 discipulus.

667 2388 736 2444 Δ.
762 2386 825 2444 C.
871 2387 995 2444 507.
1019 2417 1094 2431 --
1124 2387 1239 2443 [loc
1269 2402 1428 2443 anno.
1450 2387 1723 2443 Anastasii
1759 2386 2019 2459 perjuriis
2048 2388 2177 2443 irrio

600 2479 1065 2538 tatusVitalianus
1098 2481 1152 2537 in
1180 2481 1300 2552 ejus
1322 2482 1660 2551 exercitusjet
1680 2481 1944 2552 reliquam
1960 2495 2177 2537 omnem

601 2574 995 2646 rempublicam
1027 2575 1193 2630 multa
1235 2575 1377 2630 mala
1414 2574 1697 2640 exercuit;
1742 2574 1985 2631 caedibus
2010 2573 2175 2641 enim,

600 2668 815 2738 rapinis
843 2676 898 2722 et
961 2667 1194 2723 militum
1241 2667 1786 2724 exanctorationibus
1819 2682 1915 2724 eos
1954 2682 2178 2736 vexaris,

604 2758 672 2813 ad
704 2757 1050 2830 irrogandam
1080 2758 1298 2814 demum
1331 2757 1592 2825 majorem
1630 2758 2178 2827 contumeliam,sin-

600 2850 745 2922 gulis
771 2848 994 2906 follibus
1025 2850 1269 2920 singulos
1297 2850 1497 2906 milites
1523 2848 1871 2905 divendebat.

674 2961 740 3015 Δ.
760 2961 823 3018 C.
840 2960 1040 3017 508.-—-
1056 2960 1170 3017 Hoc
1197 2975 1341 3017 anno
1358 2960 1522 3028 Unni,
1542 2959 1742 3032 quibus
1763 2959 2182 3031 Saberappella-

606 3057 708 3120 tio,
733 3056 1057 3126 caspiarum
1096 3064 1378 3126 portarum
1412 3054 1680 3110 limitibus
1704 3052 1961 3119 emensis,
1986 3053 2178 3108 Arme-

606 3145 751 3199 niam
780 3145 896 3199 suis
916 3143 1329 3201 incursionibus
1355 3142 1692 3199 infestarunt
1712 3161 1726 3212 ;
1746 3142 2181 3214 Cappadociam-

2283 2003 2576 2059 κελεύοντα
2648 2004 2877 2075 βασιλέα
2941 2005 3062 2060 κατ’
3112 2005 3361 2076 ἀνάγκην
3423 2003 3705 2075 ἐπιορκεῖν
3756 2002 3849 2057 καὶ

2281 2096 2593 2169 ψεύδεσθαι.
2621 2094 2808 2152 Ταῦτα
2836 2096 2865 2150 ὁ
2899 2095 3368 2171 παρανομώτατος
3402 2094 3853 2167 Μανιχαιόφρων.

2358 2393 2425 2447 Α.
2452 2389 2529 2445 Μ.
2549 2386 2715 2443 6007.
2740 2417 2813 2428 —-
2836 2386 3023 2456 Τούτῳ
3037 2385 3116 2458 τῷ
3153 2386 3266 2443 ἔτει
3295 2385 3618 2451 Βιταλιανδς
3638 2386 3857 2455 ’ἀγαναο

2286 2484 2495 2554 κτήσας
2520 2480 2664 2535 κατὰ
2689 2479 3042 2533 Ἀναστασίου
3065 2479 3153 2535 διὰ
3167 2480 3268 2553 τὴν
3295 2480 3340 2514 ⁸³
3358 2478 3669 2552 ἐπιορκίαν,
3695 2477 3859 2532 πολλὰ.
3887 2467 3891 2469 λ

2285 2574 2437 2631 κακὰ
2460 2577 2572 2639 τοῖς
2626 2575 2733 2630 ὑπὸ
2775 2573 3132 2629 Ἀναστάσιον
3171 2574 3221 2607 ⁸³
3247 2574 3634 2646 στρατοπέδοις
3665 2574 3762 2628 καὶ
3792 2574 3860 2643 τῇ

2285 2665 2445 2737 λοιπῇ
2476 2665 2722 2737 πολιτείᾳ
2766 2663 3137 2728 ἐπεδείκνυτο.
3170 2664 3414 2735 ἀναιρῶν
3458 2666 3556 2719 καὶ
3602 2661 3861 2735 ἁρπάζων

2286 2753 2384 2810 καὶ
2403 2754 2736 2824 ἀφλοπίζων,
2770 2755 2865 2809 καὶ
2892 2754 3045 2817 τέλος
3080 2755 3217 2825 πρὸς
3256 2754 3414 2827 ὕϐριν
3436 2753 3667 2809 ἕκαστον
3694 2755 3861 2823 στρα-

2287 2847 2489 2916 τιώτην
2516 2847 2643 2917 μιᾶς
2674 2845 2912 2917 φόλλεως
2941 2846 2991 2878 ⁸⁵
3027 2844 3141 2919 (56)
3177 2847 3545 2919 ἒπίπρασκεν.

2358 2964 2421 3017 Α.
2452 2963 2530 3019 Μ.
2572 2961 2731 3020 6008.
2759 2992 2829 3002 -
2866 2962 3055 3034 Τούτῳ
3079 2961 3159 3033 τῷ
3193 2962 3303 3016 ἔτει
3343 2961 3533 3017 Οὒννοι
3556 2965 3607 3016 ot
3644 2962 3694 2995 ³⁸
3716 2960 3841 3030 λεγό

2292 3072 2441 3127 μενοι
2476 3053 2662 3124 Σαὸὴρ
2692 3054 2739 3087 ⁸⁸
2771 3052 2884 3123 (57)
2909 3053 3248 3125 περάσαντες
3274 3052 3374 3118 τὰς
3412 3046 3671 3119 Κασπίας
3694 3053 3863 3115 πύλας

2285 3146 2387 3216 τὴν
2413 3144 2707 3217 Ἀρμενίαν
2739 3145 3057 3216 ἐξέδραμον,
3101 3146 3503 3200 Καππαδοκίαν
3536 3163 3599 3199 τε
3640 3147 3736 3200 καὶ
3761 3147 3863 3199 Γα-

610 3249 721 3306 qne
747 3242 801 3291 et
835 3234 1102 3290 Galatiam
1133 3245 1185 3291 et
1206 3231 1440 3289 Pontum
1470 3233 1803 3305 depopulati,
1830 3235 1894 3289 ad
1924 3234 2176 3289 Euchaita

2290 3237 2480 3291 λατίαν
2526 3236 2621 3290 καὶ
2658 3237 2856 3291 Πόντον
2907 3236 3238 3307 ληϊζόμενοι,
3289 3238 3364 3301 ὡς
3398 3239 3493 3291 καὶ
3523 3238 3796 3308 Εὐχατταν
3817 3233 3859 3267 δ’

609 3342 805 3399 traque,
824 3342 944 3398 qua:
956 3334 1168 3383 tantum
1187 3326 1327 3381 haud
1348 3326 1704 3395 subegerunt.
1729 3326 2006 3397 progressi
2026 3332 2155 3381 sunt
2176 3342 2190 3379 :

606 3439 636 3475 ιι
678 3421 883 3492 quibus
931 3419 1149 3491 fugiens
1203 3434 1361 3481 sacer
1410 3418 1790 3487 Macedonius,
1842 3428 1898 3476 et
1957 3419 2025 3475 de
2079 3420 2193 3476 vita

607 3513 817 3584 ubique
864 3527 961 3583 per
992 3511 1134 3566 viam
1170 3510 1512 3580 periclitans,
1561 3509 1749 3567 salvus
1795 3509 2015 3565 tandem
2042 3507 2193 3566 Gan-

608 3619 763 3674 gram
799 3620 858 3661 se
893 3605 1119 3674 recepit.
1154 3601 1273 3657 Viri
1314 3602 1547 3658 salutem
1592 3615 1741 3673 aegre
1788 3602 1997 3659 audivit
2047 3604 2195 3658 Ana-

609 3696 835 3760 stasius,
884 3704 940 3752 et
973 3696 1078 3751 sub
1108 3692 1439 3765 rigidissima
1485 3692 1736 3749 custodia
1787 3693 1962 3749 teneri
1991 3692 2182 3765 jussit,

612 3788 781 3845 misso
820 3788 1005 3852 etiam,
1033 3796 1094 3845 ut
1122 3787 1328 3856 ferunt,
1357 3787 1449 3859 qui
1480 3801 1606 3843 eum
1661 3786 1877 3843 tolleret
1914 3800 1946 3842 e
1978 3785 2181 3842 medio.

611 3882 687 3937 Ita
720 3888 1163 3951 consummatus,
1199 3879 1429 3953 Gangrae
1458 3879 1514 3936 in
1543 3879 1742 3949 templo
1768 3877 1941 3934 sancti
1975 3887 2182 3951 marty-

2293 3328 2491 3401 μικροῦ
2516 3330 2626 3382 δεῖν
2658 3329 3138 3400 παραστήσασθαι.
3156 3329 3319 3384 Ὅθεν
3337 3329 3432 3384 καὶ
3462 3331 3655 3401 φυγὼν
3675 3333 3704 3385 ὁ
3728 3328 3864 3399 ἱερὸς

2288 3420 2621 3486 Μακεδόνιπ
2643 3421 2970 3476 κινδυνεύων
2995 3422 3182 3493 σχεδὸν
3216 3424 3297 3487 εἰς
3325 3423 3586 3496 Γάγγραν
3609 3420 3857 3491 διεσώθη.

2292 3512 2470 3582 Ὅπερ
2490 3511 2676 3582 μαθὼν
2696 3513 3046 3578 Ἀναστάσιος
3060 3514 3274 3584 πικρῶς
3291 3514 3625 3585 προσέταξεν
3638 3513 3805 3568 αὑτὸν
3820 3512 3863 3545 ⁸³

2290 3605 2408 3659 ἐκεῖ
2446 3605 2493 3639 ⁸⁸
2540 3605 2930 3674 φυλάττεσθαι.
2986 3605 3230 3677 πέμψας,
3284 3606 3363 3671 ὥς
3414 3625 3569 3677 φασι,
3627 3606 3726 3662 καὶ
3777 3605 3861 3659 τὸν

2291 3696 2618 3769 ἀναιροῦντα
2659 3697 2843 3754 αὐτόν.
2879 3696 3199 3763 Τελειωθεὶς
3240 3699 3298 3754 δὲ
3340 3702 3399 3753 ὲν
3428 3701 3709 3770 Γάγγραις
3734 3715 3859 3753 κατ-

2301 3787 2461 3858 ετέθη
2506 3790 2562 3843 ὲν
2591 3789 2669 3862 τῷ
2700 3787 2814 3861 ναῷ
2840 3789 2935 3843 τοῦ
2972 3790 3153 3859 Ἀγίου
3209 3790 3486 3862 μάρτυρος
3541 3790 3861 3845 Καλλινίκου

2291 3878 2519 3949 ἔγγιστα
2546 3880 2655 3936 τῶν
2674 3880 2945 3951 λειψάνων
2964 3881 3130 3937 αὐτοῦ
3152 3882 3354 3948 πολλὰς
3382 3883 3552 3946 ἰάσεις
3580 3881 3859 3937 ἐπιτελῶν.

1883 4021 2114 4079 VABIIE
2153 4022 2560 4082 LECTIONES.

689 4167 735 4242 ’ζ’
768 4164 1134 4242 χαριζομένου
1160 4163 1290 4242 Ab,
1320 4164 1677 4242 χαριζόμενος
1701 4166 1848 4242 vulg.
1924 4166 1990 4197 "‘
2019 4165 2251 4242 Ὲνόδιον
2283 4167 2349 4222 Α.
2369 4238 2382 4242 _
2423 4167 2469 4201 ⁷⁷
2501 4169 2559 4242 ὲν
2580 4168 2680 4242 τῷ]
2704 4169 2784 4242 είς
2810 4168 2871 4223 τδ
2903 4184 2995 4242 κρ.
3028 4167 3111 4242 Α.⁸
3169 4167 3470 4242 ’ξἈὼς-οηι.
3489 4165 3557 4224 Α.
3605 4168 3681 4242 _"
3712 4169 3861 4242 πάπᾳ

615 4236 674 4293 lt.
700 4238 739 4292 Ι.
771 4236 851 4293 'ét
888 4237 1027 4292 infra
1053 4237 1119 4292 A.

614 4378 806 4452 Σαμὴν
835 4378 985 4451 vulg.

1222 4235 1271 4269 ⁸⁸
1297 4235 1716 4310 παραγενέσθαι⁸
1739 4235 1819 4310 pA,—
1861 4237 2259 4310 παραγίνεσθαι
2295 4238 2443 4310 vulg.

613 4309 764 4380 vulg.
839 4308 887 4343 ”
913 4309 1060 4380 ῥπὲρ
1087 4306 1458 4380 ’ᾼνα-στηΑε.
1534 4307 1601 4380 _"
1634 4306 1876 4380 φόλλεῳς
1918 4306 1984 4370 Α,
2015 4309 2227 4380 νφόλειυς
2248 4309 2395 4378 vulg.

2500 4240 2587 4340 καί
2618 4223 2799 4295 eaad.
2827 4254 2892 4294 ex
2924 4223 2989 4294 Ᾱ.
3095 4240 3144 4272 ει
3168 4239 3257 4293 διὰ
3300 4223 3401 4365 Ὗ
3444 4238 3489 4292 Α
3519 4223 3571 4306 e,
3599 4240 3671 4322 δι’
3698 4223 3861 4309 αὐτὴν

2526 4311 2547 4343 ⁸
2582 4314 2631 4365 oi
2664 4311 2789 4365 add.
2810 4326 2874 4365 ex
2904 4313 2967 4364 A.
3055 4310 3104 4344 ⁸⁸
3132 4309 3318 4365 Σαὸἡο
3422 4324 3474 4365 a.
3507 4309 3760 4365 Σαϐηοες
3806 4311 3858 4365 b;

2526 4311 2547 4382 ξ
2582 4314 2631 4365 οί
2664 4311 2789 4366 add.
2810 4326 2874 4382 ex
2904 4313 2967 4364 A.
3023 4310 3104 4382 _“
3132 4309 3318 4380 Σαὸὴρ
3346 4309 3393 4365 Α
3422 4324 3474 4377 a,
3507 4309 3760 4382 Σαϐἧρες
3806 4311 3858 4377 b;

1088 4378 1130 4411 ⁸⁷
1162 4377 1432 4449 Εὑχαῖταν
1460 4380 1504 4433 Α
1533 4378 1566 4433 b
1589 4392 1640 4443 e,
1666 4378 1907 4450 Εὐχαῖτα
1936 4379 2086 4450 vulg.
2159 4378 2207 4411 ⁸⁸
2235 4377 2398 4434 αὐτὸν
2432 4380 2560 4436 add.
2585 4397 2650 4437 ex
2680 4382 2749 4437 A.
2821 4381 2867 4417 ⁸⁸
2897 4378 3035 4443 ὲκεῖι
3068 4377 3343 4445 κακῶςὶ).

1930 4500 2071 4557 JAC.
2106 4500 2319 4559 GOABI
2356 4501 2589 4560 NOTIE.

687 4627 803 4708 (55)
827 4624 895 4682 Ut
918 4624 1187 4708 significet
1207 4641 1350 4708 aegre
1369 4624 1674 4681 Romanum
1704 4626 2014 4708 pontificem
2044 4629 2188 4708 Hor-
2220 4632 2266 4690 υ
2294 4628 2525 4708 militum
2591 4627 2787 4708 ﬁgat-,1.

616 4699 848 4761 misdam
904 4696 1099 4769 adduci
1161 4696 1443 4769 pot_uisse,_
1473 4708 1532 4752 ut
1577 4696 1844 4769 synodum
1879 4699 2188 4767 generalem

615 4769 880 4825 celebrari
921 4768 1162 4834 sineret;
1209 4767 1373 4836 idque
1406 4767 1570 4836 jure,
1611 4767 1748 4822 cum
1788 4768 2013 4824 haeresis
2053 4769 2190 4824 adeo

616 4840 672 4893 in
706 4839 928 4897 Oriente
952 4838 1157 4909 vigeret
1195 4841 1297 4892 sub
1347 4837 1603 4893 lmretico
1632 4840 1899 4909 principe.
1935 4850 2191 4909 essetque

615 4911 944 4977 periculum,
976 4907 1046 4963 ne
1072 4907 1294 4963 Patrum
1321 4909 1600 4980 suffragiis
1636 4907 1753 4964 non
1794 4907 1929 4966 satis
1966 4907 2188 4966 cautum

614 4992 757 5035 esset
784 4981 1075 5035 CONBEFIS.

690 5051 802 5122 (56)
834 5050 937 5122 A|i_i
974 5048 1162 5122 eam
1190 5048 1458 5122 scribunt,
1509 5060 1566 5122 et
1616 5050 1922 5122 masculam
1983 5050 2190 5106 faciunt

616 5117 829 5178 vocem.
894 5118 1060 5174 Follis
1090 5117 1322 5187 pretium
1355 5135 1490 5188 pene
1525 5120 1816 5177 incertum.
1847 5120 2185 5177 Vilissimum

616 5192 899 5261 exstitisse
920 5189 1196 5246 Anastasii
1231 5199 1389 5245 aetate
1408 5201 1655 5261 arguunt
1682 5192 2032 5261 Theophanis
2062 5208 2188 5247 ver-

619 5267 707 5326 ba,
745 5260 992 5342 singulos
1017 5261 1218 5342 milites
1241 5260 1473 5342 sipgulis
1500 5262 1719 5319 follibus
1745 5260 2013 5342 dempti:
2042 5265 2189 5319 aesti-

622 5344 801 5385 matos
841 5331 1133 5388 scribentis
1166 5347 1180 5384 :
1218 5331 1348 5387 mihi
1400 5339 1577 5387 tamen
1618 5348 1725 5389 non
1783 5331 2071 5389 adeo—leve
2126 5343 2189 5389 ut

619 5403 801 5467 obolo,
834 5403 916 5474 vel
947 5400 1776 5474 aeriminutiori__adaequandum
1802 5404 2065 5474 judicem.
2094 5404 2197 5460 Re-

621 5473 993 5546 centioribus_
1019 5470 1225 5527 Grazcis
1275 5471 1493 5546 φύλλις,
1518 5470 1531 5472 “
1558 5474 1642 5529 vel
1711 5483 1773 5531 ut
1803 5470 1817 5474 ’
1840 5477 2198 5546 pronuntiant

622 5543 820 5612 φύλλα,
880 5543 1092 5616 decima
1148 5544 1379 5613 septima
1433 5558 1559 5614 pars
1606 5556 1692 5601 est
1717 5543 1895 5616 asperi
1948 5545 2193 5602 Turcici.

620 5615 828 5687 Aspera
879 5612 1132 5687 Turcica,
1201 5612 1847 5672 centumcmnmutantlo
1906 5616 2198 5687 Hispanico

622 5685 819 5757 regali,
854 5685 968 5739 sive
1002 5699 1228 5757 nummo
1281 5692 1560 5757 argenteo,
1608 5703 1695 5742 me
1732 5688 1873 5755 apud
1905 5685 2016 5742 eos
2046 5704 2199 5757 pcre-

623 5756 895 5823 grinante.
936 5755 1401 5827 _nu’merabantur.
1481 5755 1680 5811 Suidas
1735 5758 1921 5826 φόλλιν
1967 5755 2189 5827 exponit

622 5827 865 5899 cbo‘lmn.
916 5824 991 5899 in
1044 5840 1323 5899 nummum
1366 5828 1549 5894 itaque
1582 5824 1830 5885 Inille'et
1860 5824 2188 5899 septingenti

628 5896 827 5953 milites
857 5911 886 5951 a
916 5894 1183 5953 Vitaliauo
1213 5894 1444 5954 fuissent
1476 5901 1671 5957 censiti
1701 5918 1713 5955 :
1742 5916 1861 5972 qua:
1887 5894 2186 5958 cette—non

2841 4626 2937 4698 sed
3002 4627 3179 4698 ipsius
3228 4625 3488 4682 Vitaliani
3555 4634 3865 4698 censeretur

2295 4698 2591 4755 stoliditas.
2633 4697 2801 4753 Follis
2830 4697 3074 4762 Petavio,
3121 4713 3223 4753 ms.
3260 4698 3546 4767 cujusdam
3572 4697 3728 4767 Regii
3755 4714 3867 4753 ver-

2296 4770 2382 4824 bis
2407 4769 2622 4836 edocto,
2665 4784 2923 4838 nummus
2956 4779 3041 4825 est
3067 4784 3133 4824 ex
3164 4767 3384 4823 duobus
3424 4771 3700 4838 argenteis
3720 4783 3866 4824 com-

2296 4840 2529 4917 positus,
2547 4854 2687 4917 quos
2707 4837 3068 4917 Miliarenses,
3092 4840 3188 4905 ait,
3218 4837 3610 4917 intelligimus:
3643 4851 3865 4917 quorum

2298 4907 2497 4981 singuli
2531 4907 2812 4972 denarios,
2849 4926 2954 4965 non
2980 4918 3192 4966 veteres
3227 4918 3284 4981 et
3316 4907 3617 4981 Romanos,
3643 4907 3743 4965 sed
3774 4908 3865 4963 mi-

2297 4979 2461 5036 nores
2490 4981 2806 5036 nummulos
2839 4982 3122 5036 continent
3147 4998 3161 5034 :
3207 4979 3275 5035 de
3302 4981 3504 5051 quibus
3528 4980 3621 5036 ille
3650 4980 3734 5034 vir
3754 4994 3866 5051 eru-

2299 5052 2447 5106 ditus
2480 5052 2544 5105 ad
2589 5052 2851 5120 integram
2904 5051 3070 5105 animi
3108 5049 3437 5114 satietatem,
3496 5052 3771 5105 luculenta
3810 5049 3869 5103 de

2298 5122 2428 5177 folle
2476 5122 2790 5179 Milliarensi
2840 5136 2904 5175 ac
2936 5137 3286 5176 nummorum
3331 5122 3581 5177 minutiis
3635 5120 3865 5175 Diatriba

2296 5193 2363 5245 ad
2389 5192 2758 5247 animadvers.
2814 5191 2871 5246 in
2914 5190 3281 5264 Epiphanium
3324 5193 3400 5246 De
3430 5209 3596 5249 mens.
3638 5203 3687 5247 et
3715 5189 3864 5262 pond.

2296 5265 2565 5331 apposita.

2330 5280 2745 5402 prgitliiunnos
2779 5333 3037 5389 Vitaliani
3067 5334 3363 5388 auxiliares
3384 5340 3619 5389 testatur
3644 5331 3869 5387 Jornan-

2294 5404 2410 5469 des,
2451 5402 2526 5476 De
2545 5422 2690 5476 regn.
2716 5415 2765 5458 et
2790 5417 2945 5474 temp.
2976 5421 3203 5476 success.
3239 5403 3481 5476 Saberos
3512 5402 3736 5476 Hunnos
3768 5417 3867 5456 nte-

2296 5484 2474 5547 [uerat
2503 5474 2805 5547 Procopius
2828 5478 2921 5532 lib.
2945 5492 2997 5539 v,
3023 5475 3116 5547 pe
3143 5475 3278 5529 bello
3306 5474 3518 5547 Persico
3548 5477 3614 5547 ad
3648 5475 3863 5547 calcem.

2298 5545 2491 5601 Varias
2510 5544 2698 5601 eorum
2734 5550 2987 5602 nationes
3018 5544 3250 5600 Maeotim
3290 5546 3537 5612 paludem
3574 5546 3863 5599 incolentes

2299 5627 2555 5671 numerat
2588 5618 2858 5686 Agathias
2894 5619 3068 5687 Iib.rv,
3105 5617 3245 5672 alios
3270 5616 3646 5687 Nepltthalitas
3673 5615 3862 5670 Proco-

2286 5690 2439 5755 pius,
2471 5689 2560 5741 lib.
2595 5704 2610 5742 ι
2647 5689 2889 5743 ineunte.
2970 5686 3159 5741 Utrum
3184 5704 3213 5740 a
3243 5688 3520 5755 Sabergan
3549 5686 3857 5740 Hunnorum

2297 5759 2436 5813 dure
2465 5758 2646 5812 ilttnni
2680 5759 2911 5814 Saberi?
2948 5760 3075 5812 mihi
3116 5758 3361 5813 dubium.
3422 5756 3746 5812 Hunnorum
3788 5756 3859 5808 in-

2298 5830 2609 5885 eursioncm
2655 5830 2822 5884 refert
2876 5829 3221 5883 Marcellinus
3256 5845 3400 5885 anno
3452 5827 3727 5886 Anastasii
3778 5824 3857 5893 ΞΑ,

2296 5901 2387 5971 qui
2430 5916 2459 5955 a
2489 5900 2793 5973 Septembri
2821 5900 2891 5956 ‘25
2919 5909 3003 5957 est
3038 5899 3374 5971 Theophani.
