3990 6294
402 5771 405 5773 ,
515 5720 649 5790 imp.

523 378 628 439 383

1883 372 2372 434 THEOPHANIS

3694 364 3796 427 381

527 507 676 548 mum
707 507 767 547 se
799 490 1056 547 omnibus
1088 490 1357 547 exhibuit.
1385 490 1512 545 Fuit
1541 499 1701 545 rectae
1740 490 1862 545 ﬁdei
1888 490 2102 546 studio-

2208 486 2513 558 ἀνεδείχθη,
2532 485 2779 559 ζηλωτὴς
2792 483 3075 557 ὀρθοδόξου
3090 484 3326 548 πίστεως
3342 483 3589 554 ἔμπυρος
3610 483 3793 554 ¹⁷(Ἶδ)ο

525 600 622 640 sus
652 595 707 639 et
734 584 864 639 belli
906 584 1083 653 gloria
1119 576 1459 655 praeclarus.
1504 582 1673 639 Uxori
1722 600 1852 638 vero
1881 583 2103 638 nomine

524 674 766 746 Lupiciae
807 676 1167 747 coniunctus,
1200 676 1378 731 eidem
1432 676 1646 747 imperii
1684 692 1945 731 coronam
2002 676 2105 731 im-

525 770 736 840 pertiit,
764 784 950 841 quam,
983 770 1107 824 dum
1144 768 1514 835 redimiretur,
1541 769 1899 841 Euphemiam
1934 787 2104 843 popu-

524 863 669 919 lares
702 862 878 919 tribus
938 870 1298 918 vocaverunt.
1342 861 1677 919 Memoratus
1715 873 1896 920 autem
1936 879 2104 935 supra

525 955 836 1010 Vitalianus
866 964 991 1025 post
1025 955 1306 1011 Anastasii
1360 964 1595 1012 mortem
1638 956 1857 1015 Justino
1906 973 2104 1027 magno

523 1047 981 1105 devinctissimus
1024 1047 1220 1116 evasit,
1274 1047 1409 1104 adeo
1463 1058 1521 1105 ut
1575 1051 1824 1119 magistri
1892 1051 2106 1106 militia:

524 1141 843 1211 dignitatem
874 1139 943 1195 ab
978 1155 1041 1195 eo
1068 1149 1518 1211 consequeretur,
1542 1153 1597 1197 et
1630 1143 1954 1214 Byzantium
1980 1159 2105 1213 pro-

524 1232 703 1289 fectus
722 1234 1074 1288 consulatum
1115 1244 1352 1306 gereret,
1388 1245 1444 1291 et
1483 1238 1677 1294 consul
1723 1238 2105 1295 declararetur

522 1335 579 1381 et
605 1325 857 1382 Prcsenti
884 1341 1090 1391 comes,
1118 1335 1379 1399 tantaque
1413 1330 1559 1400 apud
1588 1331 1976 1400 imperatore‘m
2008 1347 2106 1384 au-

522 1420 783 1474 ctoritate
834 1418 1086 1490 polleret,
1130 1428 1189 1473 ut
1236 1420 1499 1478 Severum
1541 1423 1742 1493 expelli
1793 1423 2016 1493 juberet
2048 1435 2103 1479 et

522 1511 723 1567 occidi.
759 1511 884 1570 Fuit
912 1516 1060 1571 enim
1092 1513 1403 1570 Vitalianus
1436 1522 1599 1570 recta:
1636 1515 1758 1571 ﬁdei
1797 1515 1937 1571 bene
1972 1516 2106 1572 atie-

521 1611 664 1659 ctus.
705 1603 783 1661 Eo
808 1606 1275 1677 nuntio‘accepto,
1319 1604 1457 1676 fugit
1498 1603 1761 1671 Severus,
1807 1621 1871 1660 ac
1899 1608 2104 1677 pariter

518 1694 774 1753 Julianus
804 1697 1186 1756 Halicarnassi
1220 1698 1536 1769 episcopus,
1592 1706 1647 1753 et
1678 1696 1949 1753 Dioscoro
1980 1698 2106 1753 Ale-

2206 582 2303 635 καὶ
2324 583 2382 634 ἐν
2414 580 2678 651 πολέμοις
2712 577 3048 650 εὐδοκιμῶν·
3075 575 3303 647 σύμϐιον
3326 577 3383 630 δὲ
3414 576 3557 647 ἔχων
3572 576 3797 646 ὀνόματι

2204 673 2508 728 Λουπικίαν
2566 674 2630 740 ⁸⁸,
2680 672 2905 741 ἔστεψεν
2958 670 3316 740 Δύγοῦσταν·
3379 671 3447 742 ἣν
3535 671 3584 722 oi
3634 670 3798 739 δῆμοι

2206 765 2479 820 ἐκάλεσαν
2532 765 2829 836 Εὐφημίαν
2875 766 2917 797 ¹⁹
2955 762 3035 827 εἰς
3080 761 3143 816 τὸ
3176 762 3372 832 στέψαι
3403 761 3603 830 αὐτήν.
3642 760 3801 813 Βιτα-

2204 855 2387 921 λιανδς
2418 857 2476 910 δὲ
2504 857 2532 910 6
2557 855 2856 928 πορῤηθεὶς
2889 854 3000 926 (79)
3028 854 3165 924 μετὰ
3186 852 3417 907 θάνατον
3443 851 3797 906 Ἀναστασίου

2204 949 2480 1020 ’Ῑουστίνῳ
2510 947 2589 1020 τῷ
2614 946 2835 1019 μεγάλῳ
2868 946 3076 1016 σφόδρα
3092 945 3373 1017 ᾠκειώθη,
3402 945 3547 999 ὥστε
3590 962 3797 1014 στρατ-

2204 1042 2405 1114 ηλάτου
2459 1040 2615 1106 ἀξίαν
2669 1040 2799 1111 παρ’
2859 1038 3025 1093 αὐτοῦ
3077 1038 3361 1104 δέξασθαι,
3421 1040 3517 1093 καὶ
3560 1036 3798 1091 ὑπατεῦ-

2208 1155 2299 1191 σαι
2332 1136 2445 1207 (80)
2475 1136 2701 1190 ἐλθόντα
2735 1137 2792 1188 ἐν
2818 1132 3102 1205 Βυζαντίῳ
3129 1134 3226 1188 καὶ
3257 1133 3467 1188 ὕπατον
3495 1136 3803 1205 ἀναγορευ-

2206 1231 2391 1302 θῆναι,
2421 1231 2516 1283 καὶ
2547 1231 2765 1301 κόμητα
2794 1228 3104 1299 Πρεσὲντου
3135 1228 3181 1261 ³⁸
3221 1228 3358 1300 (81),
3392 1230 3717 1301 παρρησίαν
3742 1247 3799 1283 τε

2206 1326 2353 1397 ἔχειν
2378 1324 2651 1397 τοσαύτην
2677 1324 2815 1397 πρὸς
2836 1323 2928 1377 τὸν
2972 1321 3215 1386 βασιλέα,
3250 1323 3393 1377 ὥστε
3423 1326 3518 1394 καὶ
3560 1325 3801 1395 Σευῆρον

2208 1418 2511 1491 προστάξαι
2538 1418 2650 1490 (82)
2682 1417 3019 1488 ἐκϐληθῆναι
3085 1420 3179 1472 καὶ
3232 1419 3617 1489 ἀναιρεθῆναι.
3668 1419 3803 1473 Δίαν

2206 1510 2313 1582 γὰρ
2346 1507 2415 1581 ἦν
2452 1511 2735 1582 όρθόδοξος
2782 1511 3122 1574 Βιταλιανός.
3164 1510 3224 1565 ’0
3251 1510 3308 1564 δὲ
3356 1511 3594 1583 Σευῆρος
3638 1510 3806 1566 ἀκού-

2209 1622 2329 1668 σας,
2379 1605 2604 1674 ἔφυγεν,
2640 1604 2735 1658 καὶ
2788 1604 3082 1667 Ἰουλιανὸς
3120 1602 3549 1675 Ἀλικαρνασσοῦ
3575 1604 3805 1659 ἐπίσκο-

2205 1716 2327 1765 πος,
2356 1700 2449 1752 καὶ
2483 1701 2564 1762 είς
2585 1699 2865 1768 Αἴγυπτον
2892 1698 3244 1764 ἀπελθόντες,
3266 1698 3474 1769 ταύτην
3499 1696 3803 1770 ἐτάραξαν,

520 1790 853 1847 xandrinum
885 1793 1068 1848 adhuc
1129 1792 1512 1863 episCOpatum
1565 1790 1995 1848 administrante
2046 1792 2100 1846 in

2208 1792 2299 1845 τὸν
2332 1791 2462 1864 περὶ
2493 1790 2736 1863 φθαρτοῦ
2790 1791 2887 1845 καὶ
2937 1790 3220 1860 ἀφθάρτου
3252 1791 3413 1859 λόγον
3450 1793 3805 1863 κινήσαντες,

520 1883 815 1956 Αῐεγριιιηι
868 1885 1100 1956 profecti
1155 1884 1223 1940 de
1276 1883 1630 1954 corruptibili
1668 1893 1722 1939 et
1782 1886 2102 1955 incorrupto

2214 1889 2512 1957 Διοσκόρου
2547 1884 2981 1948 ἐπισκοποῦντος
3011 1883 3446 1954 Ἀλεξανδρείας,
3473 1885 3806 1948 Ἐπίσκοποι

522 1978 685 2032 motis
715 1976 1116 2048 quaestionibus
1144 1993 1374 2049 magnos
1400 1977 1456 2033 in
1490 1993 1549 2033 ea
1577 1978 1851 2034 tumultus
1896 1980 2106 2034 excita-

518 2078 668 2125 runt.
694 2070 963 2125 Cmterum
1004 2071 1249 2142 episcopi
1279 2080 1333 2127 et
1365 2071 1554 2127 clerici
1606 2070 1777 2126 Roma
1807 2082 2100 2140 venerunt,

517 2164 613 2231 qui
677 2161 983 2219 l'lormisdae
1015 2163 1250 2218 Romani
1310 2163 1589 2234 pontiﬁcis
1618 2164 1948 2220 auctoritate
1982 2181 2103 2219 mu-

522 2256 645 2323 niti,
677 2256 805 2313 freti
842 2274 1065 2330 quoque
1115 2257 1377 2314 Vitaliani
1415 2260 1597 2314 adhuc
1620 2260 1864 2317 viventis
1910 2272 2103 2333 poten-

519 2352 595 2406 tia
629 2360 683 2407 et
704 2351 932 2408 Joannis
958 2353 1300 2423 Cappadocis
1355 2351 1593 2423 Cpoleos
1623 2354 1875 2423 episcopi
1933 2354 2099 2409 etiam

519 2439 836 2511 superstitis
890 2439 1224 2511 diligentia,
1280 2452 1528 2497 sanctam
1587 2442 2100 2500 Chalcedonensem

516 2531 789 2601 synodum
815 2531 939 2587 aliis
994 2533 1175 2588 tribus
1230 2534 1407 2590 sacris
1435 2533 1661 2606 synodis
1702 2550 2103 2592 annumerave—

515 2628 667 2686 runt,
708 2629 763 2676 et
794 2637 901 2676 una
937 2638 1060 2677 cum
1085 2624 1167 2679 eis
1196 2623 1250 2678 in
1288 2639 1478 2681 sacras
1504 2625 1725 2682 tabulas
1760 2626 2095 2682 retulerunt.

516 2711 787 2769 Caeterum
834 2716 1002 2786 impio
1034 2717 1239 2772 Severo
1270 2718 1341 2774 de
1386 2720 1566 2774 medio
1596 2720 1833 2785 sublato,
1894 2719 2099 2777 Paulus

516 2805 853 2877 recipiendis
878 2809 1182 2878 peregrinis
1222 2811 1277 2865 in
1310 2811 1651 2884 Eubulorum
1696 2813 1858 2869 domo
1887 2830 2102 2885 praepo-

517 2898 686 2963 situs,
736 2900 1041 2957 Antiochiae
1072 2904 1273 2971 praesul
1305 2904 1595 2960 ordinatus
1622 2914 1709 2962 est
1743 2924 1757 2961 :
1802 2908 1953 2964 mille
1970 2923 2100 2963 vero

515 2994 637 3047 auri
671 2994 839 3050 libras
873 2996 1232 3052 Antiochenze
1262 2998 1475 3053 civitati
1508 2999 1739 3068 largitus
1773 3000 2093 3072 imperator,

514 3087 573 3143 in
609 3090 852 3159 reliquas
884 3092 1047 3146 urbes
1087 3093 1255 3145 multa
1298 3092 1505 3163 passim
1532 3093 1791 3163 aequitate
1824 3102 1909 3149 est
1940 3111 2094 3161 usus,

512 3189 567 3236 et
585 3183 877 3253 populares
909 3183 1180 3240 tumultus
1207 3186 1411 3255 ubique
1436 3186 1799 3255 compescuit.
1828 3185 2093 3241 Xenaiam
2126 3226 2168 3284 Ο

513 3290 755 3346 quoque,
808 3276 1171 3335 Philoxcnum
1234 3280 1480 3345 nomine,
1521 3279 1679 3352 142
1739 3277 2099 3351 Hicrapoleos

512 3371 833 3441 episcopum
866 3386 991 3426 cum
1022 3370 1338 3429 Manichaeis
1370 3374 1727 3438 sentientem,
1763 3372 2102 3443 Petrumque

512 3462 791 3534 Apameae,
820 3479 948 3520 cum
981 3467 1242 3521 omnibus
1275 3466 1467 3523 eodem
1516 3467 1778 3537 contagio
1825 3467 2024 3523 aiilatis
2049 3467 2104 3522 in

512 3556 767 3611 exsilium
831 3557 961 3626 pius
1009 3558 1310 3627 imperator
1359 3559 1571 3629 expulit
1620 3568 1727 3616 :et
1788 3561 2104 3615 Amantium

514 3651 866 3721 praepositum
889 3659 943 3707 et
978 3650 1257 3707 Andream
1289 3652 1695 3708 cubicularium
1746 3659 1801 3708 et
1835 3652 2109 3709 Theocri—

514 3751 629 3798 tum
662 3744 906 3798 Amantii
938 3746 1221 3813 comitem,
1253 3761 1419 3816 quem
1474 3746 1862 3817 imperatorem
1920 3747 2108 3802 decla-

513 3851 639 3892 rare
675 3838 1042 3908 proponebat,
1069 3855 1167 3895 ceu
1199 3838 1548 3911 tyrannidem
1579 3840 1897 3907 meditatos,
1930 3840 2108 3896 inter-

514 3929 666 3987 fecit.
696 3930 1039 4005 Praepositus
1062 3936 1213 3990 enim
1248 3936 1517 4006 pecunias
1542 3934 1767 3991 Justino
1793 3936 2106 3991 donaverat

514 4023 569 4078 in
596 4025 798 4082 milites
846 4025 1287 4092 distribuendas,
1321 4042 1387 4082 ea
1434 4028 1796 4091 conditione,
1840 4036 1901 4081 ut
1925 4026 2108 4083 Theo—

510 4118 713 4174 critum
770 4121 1157 4191 imperatorem
1213 4122 1479 4178 salutaret
1539 4139 1553 4176 :
1616 4121 1900 4178 exercitus
1962 4137 2096 4178 vero

513 4213 814 4285 populique
868 4215 1049 4271 tribus
1094 4216 1452 4282 'ljheocritum
1516 4216 1791 4287 imperare
1825 4232 1934 4272 non
1968 4223 2100 4272 sunt

512 4304 685 4377 passi,
734 4306 829 4362 sed
884 4306 1167 4364 Justinum
1217 4310 1524 4382 principem
1573 4312 2093 4368 renuntiaverunt:

2210 1979 2381 2034 δὲκαὶ
2408 1978 2665 2050 κληρικοὶ
2719 1979 2828 2034 ἀπὸ
2873 1977 3095 2047 Ῥώμης
3138 1974 3303 2048 ἦλθον
3330 1980 3375 2010 ἰ
3416 1978 3683 2043 λαϐόντες
3712 1979 3807 2032 αὐ-

2210 2070 2428 2132 θεντίαν
2462 2072 2566 2125 ὑπὸ
2608 2071 2903 2141 Ὁρμίσδου
2961 2071 3266 2125 ἐπισκόπου
3309 2070 3553 2144 Ῥώμης,
3598 2074 3804 2145 σπουδῇ

2210 2161 2533 2217 Βιταλιανοῦ
2573 2161 2710 2233 (85),
2745 2161 3001 2215 Ἰωάννου
3057 2162 3103 2193 ³³
3149 2162 3244 2217 τοῦ
3301 2165 3681 2230 Καππάδοκος
3731 2165 3807 2218 ἔτι

2209 2254 2415 2317 ζῶντος
2470 2255 2773 2309 ἐπισκόπου
2839 2256 3494 2324 Κωνσταντινουπόλεως,
3561 2258 3664 2313 καὶ
3713 2258 3809 2329 τὴν

2209 2344 2371 2414 ἁγίαν
2395 2346 2453 2399 ἐν
2484 2346 2797 2413 Χαλκηδόνι
2834 2346 3054 2400 σύνοδον
3090 2348 3387 2413 συνέταξαν
3414 2351 3458 2382 ’³
3478 2353 3593 2415 τοῖς
3616 2352 3812 2405 διπτύ-

2207 2455 2323 2507 χοις
2376 2422 2490 2511 (86)
2540 2438 2680 2509 πρὸς
2727 2441 2851 2503 ταῖς
2885 2440 3075 2505 ἄλλαις
3133 2443 3308 2512 ἱεραῖς
3350 2444 3501 2514 τρισὶ
3541 2446 3807 2511 συνόδοις.

2208 2534 2448 2605 Σευήρου
2479 2532 2535 2586 δέ
2559 2534 2653 2586 τοῦ
2675 2533 2970 2599 δυσσεϐοῦς
3001 2536 3065 2590 ἐκ
3096 2537 3277 2591 ποδῶν
3302 2538 3619 2607 γεγονότος,
3663 2541 3812 2597 Παῦ-

2206 2626 2297 2691 λος
2321 2627 2703 2698 ἐχειροτονήθη
2747 2628 3048 2693 ἐπίσκοπος
3082 2629 3419 2701 ’Λντιοχείας
3456 2632 3484 2684 6
3515 2632 3801 2704 ξενοδόχος

2208 2721 2319 2774 τῶν
2352 2720 2649 2774 Εὐϐούλου.
2707 2708 2815 2774 καὶ
2864 2722 3184 2795 ἐδωρήσατο
3209 2725 3237 2778 ό
3270 2725 3523 2797 βασιλεὺς
3561 2730 3631 2799 τῇ
3661 2729 3813 2784 πόλει

2208 2816 2540 2887 Ἀντιοχείας
2572 2814 2750 2886 χιλίας
2782 2817 2973 2890 λίτρας
3014 2820 3245 2889 χρυσίου
3266 2839 3283 2856 ο
3313 2823 3411 2876 καὶ
3442 2825 3571 2886 ταῖς
3619 2823 3814 2889 ἄλλαις

2206 2908 2264 2961 δέ
2293 2908 2482 2961 πόλεσι
2510 2908 2716 2979 πολλὴν
2748 2909 3011 2980 εὐνομίαν
3058 2912 3360 2984 παρέσχεν,
3416 2913 3681 2979 κωλύσας
3715 2917 3814 2970 καὶ

2205 2996 2307 3060 τὰς
2352 2996 2626 3067 δημώδεις
2671 3001 2941 3070 ταραχάς.
2987 2999 3217 3057 Ξεναῖαν
3274 3003 3333 3058 δὲ
3384 3005 3480 3060 τὸν
3522 3006 3815 3072 Φιλόξενον

2207 3089 2511 3143 ἐπίσκοπον
2577 3090 2940 3161 Ἱεραπόλεως
2998 3095 3449 3169 Μανιχαιόφρονα
3492 3099 3651 3166 ὄντα,
3719 3103 3813 3156 καὶ

2207 3184 2415 3255 Πέτρον
2450 3184 2761 3257 Ἀπαμείας
2792 3186 3059 3259 ἐξώρισεν
3083 3190 3111 3243 6
3137 3192 3372 3264 εὐσεϐὴς
3396 3193 3659 3263 βασιλεὺς
3690 3197 3813 3252 Ἰου.

2206 3281 2381 3343 στίνος
2412 3282 2510 3334 σὺν
2568 3282 2703 3334 πᾶσι
2756 3284 2872 3345 τοῖς
2909 3282 3199 3353 μετέχουσι
3238 3284 3340 3352 τῆς
3386 3286 3573 3359 λώϐης
3603 3290 3810 3346 αὐτῶν.

2222 3372 2516 3443 Ἀμάντιόν
2573 3390 2633 3427 τε
2675 3374 2768 3428 τὸν
2800 3375 3169 3445 πραιπόσιτον
3211 3376 3349 3450 (85),
3406 3380 3502 3434 καὶ
3546 3382 3813 3455 Ἀνδρέαν

2208 3464 2304 3519 τὸν
2326 3465 2803 3538 κουϐικουλάριον,
2828 3469 2923 3521 καὶ
2939 3469 3234 3541 Θεόκριτον
3257 3473 3349 3525 τὸν
3374 3473 3811 3547 κόμηταἋμαν-

2211 3554 2353 3619 τίου,
2403 3554 2462 3608 δν
2499 3555 2753 3609 ἐϐούλετο
2812 3559 3041 3628 ποιῆσαι
3092 3558 3339 3628 βασιλέα,
3385 3562 3460 3625 ὡς
3508 3567 3812 3636 τυραννίδα

2218 3648 2630 3719 μελετήσαντας
2679 3650 2912 3705 ἀνεῖλεν.
2954 3651 3014 3705 '0
3060 3653 3171 3725 γὰρ
3206 3656 3568 3727 πραιπόσιτος
3610 3660 3812 3717 δέδωκε

2212 3742 2492 3814 ἰουστίνῳ
2525 3744 3096 3816 χρήματα“ρογεῠσαι,
3119 3748 3270 3811 ὅπως
3298 3748 3598 3823 θεόκριτος
3636 3754 3684 3786 ³⁸
3714 3753 3812 3825 βα-

2216 3835 2465 3905 σιλεύσῃ.
2512 3836 2570 3890 Ὀ
2608 3836 2663 3890 δὲ
2724 3838 2957 3907 στρατὸς
2988 3839 3033 3871 ⁸⁸
3068 3841 3161 3893 καὶ
3210 3841 3263 3894 oi
3294 3841 3458 3912 δῆμοι
3478 3845 3579 3917 οὐχ
3608 3847 3813 3903 εἴλοντο

2208 3929 2301 3983 τὸν
2335 3928 2630 4000 Θεόκριτον
2662 3930 3007 4011 βασιλεῦσαι,
3049 3933 3167 3988 ἀλλ’
3196 3933 3491 3991 Ἰουστῖνον
3530 3940 3811 4014 ἀνεκήρυ-

2211 4022 2332 4088 ξαν.
2362 4022 2530 4076 Αὐτοὶ
2559 4022 2615 4076 δὲ
2639 4022 3090 4097 δυσφορήσαντες
3115 4029 3413 4097 τυραννίδα
3443 4031 3809 4107 ἐμελέτησαν,

2213 4116 2309 4170 καὶ
2344 4116 2714 4188 ἀνῃρέθησαν.
2744 4116 3145 4172 Ἀνεκαλέσατο
3171 4119 3226 4174 δὲ
3258 4122 3286 4174 ό
3310 4122 3572 4193 βασιλεὺς
3601 4127 3811 4193 πάντας

2207 4208 2335 4272 τοὺς
2380 4207 2584 4269 ἀδίκως
2635 4210 2682 4241 ’⁸
2728 4209 3111 4281 ἐξορισθέντας
3175 4213 3281 4269 ὐπὸ
3327 4214 3689 4275 Ἀναστασίου
3718 4223 3812 4276 καὶ

2216 4301 2505 4356 Ἀππίωνα
2552 4301 2646 4356 τὸν
2693 4304 2987 4376 πατρίκιον
3019 4306 3088 4374 ⁸⁷,
3130 4306 3189 4363 δν
3221 4310 3282 4363 ἐν
3317 4311 3528 4385 Νικαίᾳ
3568 4316 3813 4385 πρεσϐύ-

1813 4446 2050 4504 VARUE
2089 4440 2495 4501 LECTIONES.

580 4563 623 4595 "
650 4562 985 4637 sympogill,
1017 4563 1279 4637 ἔμπειρος
1315 4565 1461 4637 νιιιε3
1542 4566 1587 4599 ¹⁸
1608 4565 1845 4637 Λουκίαν
1874 4564 1937 4619 Α.

508 4651 643 4688 σταν
669 4634 721 4688 b.
798 4634 843 4665 ’⁸
877 4634 1269 4707 ΠερσέντουἈ.
1344 4636 1386 4669 ²¹
1420 4634 1446 4692 ίῖ

509 4704 602 4777 νοῦ
628 4703 709 4757 ἔτι
735 4705 959 4777 ζῷντος,
986 4706 1237 4760 Ἰωάννου
1300 4707 1446 4777 vulg.

508 4776 553 4807 "
588 4775 967 4848 στρατηλάτης
995 4778 1041 4831 A
1070 4793 1123 4833 e.
1193 4778 1240 4810 ’⁸
1260 4775 1497 4842 τούςᾶδ.
1526 4780 1597 4845 Α,
1627 4778 1718 4832 τοῦ
1741 4780 1825 4833 ἀδ.
1859 4778 2006 4848 vulg.

2040 4564 2081 4596 ιο
2116 4558 2410 4641 Εὐφημίξν
2442 4558 2491 4611 οε
2530 4557 2705 4641 ιξῇμρι
2739 4552 3365 4641 ἐξάλεσμνῇςτεῖρθεῖσαν
3394 4565 3811 4641 αὐτ-ὴνΛύγου-

823 4634 843 4665 ο
877 4629 1269 4710 nspgé'vtcou‘A.
1344 4636 1387 4710 ’ξ
1413 4629 1768 4710 imave-:-
1806 4636 2027 4710 ἰτὼμης
2050 4648 2160 4688 οηι-
2191 4629 2377 4710 AC-“
2410 4629 2615 4710 σπουδῇ
2638 4629 2982 4710 “mimi”?
3024 4629 3273 4710 "md-""9"
3311 4629 3811 4710 ’δ’-ὑπδθίταλιὼ

1558 4708 1605 4741 ³³
1638 4699 1933 4771 συνέταξαν
1986 4699 2050 4770 λ,
2105 4699 2468 4765 συνετάξαντο
2522 4699 2670 4770 vulg.
2780 4700 2824 4733 “
2857 4702 2996 4755 Θεόκ

1558 4804 1597 4844 ι,
1627 4778 1718 4832 τοῦ
1741 4780 1825 4833 ἀδ.
1859 4778 2006 4844 vulg.
2082 4774 2125 4806 “
2154 4769 2468 4841 πατρίκιονῖ
2496 4770 2869 4844 πρεσϐύτερον
2901 4773 2936 4829 b
2967 4790 2997 4829 c

2780 4700 2824 4733 "
2857 4702 3149 4780 Θεόκριτος
3205 4706 3272 4774 Α,
3306 4705 3601 4779 Θεόκριτον
3661 4710 3807 4780 vulg.

1823 4893 1852 4949 J
1858 4894 1968 4950 AC.
2007 4889 2218 4950 GOARI
2254 4886 2487 4945 NOTAE.

581 5009 693 5079 (78)
739 5008 1064 5068 Theodorus
1090 5010 1309 5069 Lector.

585 5081 1102 5152 (79)‘Marrellinus
1170 5084 1276 5139 huc
1325 5084 1515 5141 eodeni
1566 5102 1731 5142 anno.
1786 5084 2101 5143 Vitalianus

512 5152 716 5225 Scytha
765 5152 965 5227 Justi_ni
998 5154 1300 5227 principis
1359 5157 1562 5227 pietate
1597 5159 1661 5210 ad
1700 5159 2095 5227 rempublicam

510 5222 825 5300 revocatus,
850 5222 955 5300 CP.
997 5222 1278 5300 ingressus
1306 5222 1389 5300 est
1416 5246 1427 5281 :
1458 5230 1802 5300 septimoque
1824 5222 2098 5300 receptio-

511 5295 597 5350 nis
626 5295 715 5364 die
739 5295 1001 5364 magiSIer
1032 5297 1217 5351 utilitas
1248 5295 1555 5353 ordinatus.

583 5363 697 5442 (89)
728 5363 884 5442 Quod
927 5381 1073 5420 anno
1110 5365 1309 5423 Justiui
1370 5370 1611 5427 secundo
1667 5371 1919 5442 contigit,
1966 5369 2095 5426 Jor-

510 5436 721 5506 nandes
760 5436 831 5490 De
867 5452 1010 5504 regn.
1037 5447 1085 5491 et
1114 5448 1269 5506 temp.
1301 5456 1527 5495 success.

586 5505 699 5577 (8i)
725 5506 983 5577 Magister
1021 5505 1232 5563 militiae
1265 5510 1320 5564 in
1352 5511 1633 5577 Prmsenti,
1690 5514 1809 5568 sive
1842 5515 2094 5572 Praesen-

513 5578 643 5631 talis
669 5577 1087 5658 dicebaturﬂui
1113 5595 1352 5658 praesens
1387 5582 1517 5658 imp.
1549 5582 1817 5658 obsequio
1863 5588 2094 5658 deputa-

513 5598 643 5631 taus
669 5598 1087 5647 ulccnatur,qul
1113 5598 1352 5649 prazsens
1387 5598 1517 5707 tmg.
1549 5598 1817 5653 onscqum
1863 5598 2094 5658 deputa-

512 5658 603 5703 tus
632 5656 773 5703 erat.
824 5647 901 5703 De
933 5648 1052 5719 ejus
1106 5654 1427 5710 muneribus
1509 5653 1808 5712 aucirollus
1864 5659 1917 5714 in
1977 5668 2094 5715 not.

584 5790 695 5871 (θῇ)
729 5792 993 5871 Evagrius
1027 5792 1119 5849 lib.
1149 5810 1222 5863 tv,
1252 5812 1372 5867 cap.
1408 5798 1457 5864 ιι,
1491 5806 1542 5853 ct
1570 5797 1856 5855 Liberatus
1888 5802 1941 5855 in
1975 5802 2097 5858 Bre-

516 5862 716 5932 viariu,
742 5862 868 5936 cap.
902 5867 985 5922 19.

2137 5019 2182 5075 ι)
2279 5010 2388 5079 (εἴ)
2432 5008 2662 5080 Factum
2686 5007 2741 5063 id
2771 5006 3078 5066 Hormisda:
3106 5008 3353 5080 episcopi
3382 5009 3614 5067 Romani
3642 5022 3806 5068 auto-

2208 5080 2389 5144 ritate,
2430 5081 2614 5153 studio
2645 5079 2922 5153 V’italiani,
2946 5097 3068 5135 cum
3092 5079 3334 5153 Joannes
3368 5083 3663 5153 Cappadox
3694 5085 3800 5141 CP.

2205 5152 2495 5227 episcopus
2516 5152 2701 5227 adhuc
2727 5151 2783 5227 in
2814 5152 3185 5227 vivisagcret.
3221 5152 3314 5207 Sic
3342 5162 3396 5208 et
3419 5151 3613 5210 Anast.
3645 5155 3799 5227 legit,

2203 5238 2314 5278 non
2339 5231 2400 5274 ut
2432 5223 2630 5277 vitiose
2654 5221 2858 5275 habent
2881 5221 3051 5277 edita.
3079 5222 3372 5280 ϐοωπις.

2262 5292 2375 5361 (84)
2396 5292 2464 5348 Ut
2481 5300 2671 5347 Sancta
2695 5292 2919 5346 Patrum
2943 5294 3163 5347 illorum
3192 5294 3486 5350 haberetur
3508 5298 3798 5362 memoria,

2198 5371 2252 5419 et
2275 5379 2464 5418 eorum
2483 5364 2696 5418 sancita
2714 5364 3097 5433 probarentur.
3133 5362 3275 5421 Hinc
3312 5365 3533 5421 Patrum
3555 5371 3799 5423 omnium

2196 5436 2263 5490 ad
2283 5433 2533 5510 diversas
2558 5437 2798 5510 synodos
2814 5435 3670 5510 mcuxnenicasconvenientium,
3706 5455 3801 5510 pro

2205 5504 2702 5581 gynmlis_s_ing}_rlis
2760 5504 2931 5561 festos
2960 5510 3127 5581 etiam
3181 5506 3301 5581 dies
3354 5509 3603 5577 singulos
3635 5504 3805 5581 agunt

2205 5576 2376 5651 Graeci
2404 5576 2468 5630 ad
2494 5577 2820 5651 hodiernum
2848 5593 3023 5647 usque
3050 5575 3194 5631 diem
3221 5596 3235 5633 :
3270 5577 3337 5634 de
3364 5575 3564 5651 quibus
3595 5575 3798 5637 consu-

2204 5645 2425 5702 lendum
2456 5663 2644 5703 eorum
2700 5645 2985 5703 Menmum.

2268 5718 2386 5784 (.85)
2420 5719 2750 5791 Jornandes.
2778 5718 2850 5771 De
2868 5736 3009 5790 rcgn.
3035 5728 3082 5772 et
3104 5729 3262 5790 temp.
3285 5738 3513 5777 success.
3537 5723 3800 5791 Evagrius

2211 5788 2308 5915 llib.
2340 5805 2412 5855 tv,
2446 5805 2564 5861 cap.
2592 5790 2660 5859 ‘2;
2690 5788 2988 5847 Chronico"
3011 5788 3460 5860 Alexandrinum,
3488 5806 3540 5849 et
3578 5788 3800 5854 Μάκρις

2237 5876 2332 5915 illi.

2237 5876 2332 5915 ιιιι.
