3990 6294
307 414 408 482 ΏΞ
1614 422 1911 487 CHRONC

2016 421 2297 484 ὶΑΡΗῙΛ.
3479 412 3586 476 4Ξ6

302 527 492 585 λιανοῦ
533 529 651 603 (98)
709 536 815 604 τῆς
856 530 1054 606 Σοφίας
1083 532 1376 608 λεγόμενον
1395 536 1439 569 ³³
1475 535 1671 608 λιμένα
1701 541 1781 602 εἰς
1812 537 1904 593 τδν

2016 545 2064 593 et
2099 534 2363 606 Augustei
2417 541 2676 590 ennatum
2721 546 2885 588 omne
2919 546 3045 603 tgne
3084 529 3397 601 depopulati
3438 537 3588 583 sunt.

312 618 462 678 οἶκον
493 624 716 696 Πρόϐου
751 626 1047 697 ζητοῦντες
1079 628 1238 692 ὅπλα,
1286 630 1382 683 καὶ
1413 629 1715 701 κράζοντες
1742 629 1904 685 ἄλλον

2016 629 2222 685 Exinde
2263 629 2478 699 dilapsa
2529 625 2715 698 p0puli
2768 625 2936 680 factio
2992 624 3058 679 ad
3118 622 3322 678 Juliani
3373 634 3592 693 portum

315 715 540 786 βασιλέα
565 722 636 790 τῇ
669 720 848 785 πόλει,
904 720 999 775 καὶ
1045 721 1239 776 ἔϐαλον
1274 721 1386 794 πῦρ
1415 724 1495 786 εἰς
1524 723 1598 777 τὰ
1650 723 1864 794 Πρόϐου
1889 740 1901 752 ·

312 809 414 862 καὶ
444 809 754 880 κατηνέχθη
785 813 812 864 ὁ
837 806 1003 875 οἶκος.
1038 812 1149 865 Καὶ
1179 807 1365 884 ἦλθον,
1423 814 1519 867 καὶ
1548 813 1787 869 ἔκαυσαν
1843 814 1906 868 τὸ

315 902 602 972 βαλανεῖον
656 905 750 958 τοῦ
793 905 1176 980 Ἀλεξάνδρου,
1240 909 1336 963 κα)⁵
1395 909 1488 962 τὸν
1548 909 1757 976 ξενῶνα
1808 908 1904 964 τοῦ

314 993 616 1067 Σαμψὼνπ
649 996 760 1069 (99)
813 999 905 1052 τὸν
955 1000 1151 1070 μέγαν,
1200 1003 1294 1057 καὶ
1324 1001 1606 1056 ἀπώλοντο
1636 1004 1683 1056 οἱ
1719 1003 1903 1075 apem-

318 1105 458 1156 στοι,
489 1090 585 1143 καὶ
617 1092 717 1161 τὴν
737 1092 998 1164 Μεγάλην
1049 1095 1345 1166 ἐκκλησίαν
1381 1096 1478 1149 σὺν
1522 1097 1633 1160 τοῖς
1662 1097 1905 1168 ἀμφοτέ-

316 1200 440 1251 ροις
467 1183 614 1237 κίοσι
637 1202 648 1214 ·
685 1186 784 1239 καὶ
814 1189 962 1240 πᾶσα
998 1189 1061 1241 ἐκ
1089 1190 1414 1260 τετραέντου
1446 1190 1522 1262 (1)
1566 1188 1903 1261 κατηνέχθη.

329 1274 390 1328 ’0
419 1275 475 1328 δὲ
509 1275 763 1346 βασιλεὺς
784 1279 1046 1350 φοϐηθεὶς
1075 1281 1309 1350 ἠθέλησε
1333 1282 1516 1352 βαλεῖν
1545 1285 1624 1348 είς
1651 1284 1908 1355 δρόμωνα

311 1368 386 1422 τὰ
429 1371 712 1442 χρήματα,
775 1374 872 1426 καὶ
929 1375 1168 1440 ἐξελθεῖν
1224 1376 1318 1429 ἐπὶ
1363 1378 1463 1441 τὴν
1521 1376 1767 1448 Θρᾴκην,
1802 1375 1906 1440 ἕως

327 1459 686 1532 Ἡρακλείας,
718 1465 1054 1537 καταλείψας
1103 1469 1398 1536 φυλάττειν
1431 1469 1493 1523 τδ
1521 1470 1784 1526 παλάτιον
1814 1470 1907 1523 τὸν

315 1557 712 1629 στρατηλάτην
773 1559 1016 1613 Μοῦνδον
1067 1562 1207 1631 μετὰ
1273 1561 1369 1616 τοῦ
1427 1562 1543 1616 υἱοῦ
1593 1561 1758 1616 αὐτοῦ
1813 1562 1909 1615 καὶ

311 1649 642 1720 τρισχιλίων
699 1652 910 1722 ἀνδρῶν
963 1655 1061 1708 καὶ
1109 1656 1580 1720 Κωνσταντιὸλου,
1643 1656 1740 1712 καὶ
1795 1658 1908 1721 τοῖς

311 1743 797 1816 κουϐικουλαρίοις
817 1747 885 1801 ⁸⁷.
917 1749 980 1802 Οἱ
1012 1747 1068 1801 δὲ
1096 1748 1258 1819 δῆμοι
1292 1750 1420 1814 τοὺς
1443 1750 1676 1821 νεκροὺς
1705 1749 1907 1822 σύραν-

308 1851 410 1900 τες
460 1835 654 1890 ἔϐαλον
696 1840 777 1902 είς
819 1840 920 1910 τὴν
960 1841 1258 1908 Θάλασσαν,
1293 1843 1657 1914 φονεύσαντες
1684 1846 1778 1898 καὶ
1805 1862 1904 1914 γυ-

2009 739 2172 794 quem
2209 722 2428 793 Sophia:
2463 721 2655 776 dicunt
2679 721 2958 786 convenit,
2995 727 3110 774 tum
3141 720 3206 774 ad
3232 717 3393 773 Probi
3420 718 3592 780 aedes,

2010 833 2196 881 arma,
2253 817 2469 881 aiebat,
2510 824 2836 886 repertura,
2886 813 3213 870 contendit:
3264 822 3318 869 et
3353 813 3406 867 in
3459 814 3596 866 urbe

2011 911 2395 977 imperatorem
2428 908 2594 961 alium
2629 906 2934 962 inclamans
2961 905 3122 960 Probi
3153 907 3376 959 domum
3406 905 3594 959 incen-

2012 999 2112 1065 dit,
2153 1014 2276 1070 quze
2316 1013 2440 1054 mox
2476 998 2531 1052 in
2576 998 2796 1052 ruinam
2830 1006 2974 1053 acta.
3021 997 3258 1068 Pergens
3291 1010 3420 1051 vero
3452 996 3594 1050 ulte-

2010 1097 2129 1152 rius
2167 1097 2221 1150 in
2255 1095 2555 1150 Alexandri
2595 1094 2853 1150 balneum
2886 1093 3135 1149 flammas
3170 1092 3397 1148 ultrices
3436 1092 3591 1146 intu-

2013 1189 2097 1252 lit,
2162 1203 2424 1259 magnum
2480 1187 2804 1258 Sampsonis
2839 1186 3161 1257 hospitium,
3208 1186 3369 1257 aagris
3426 1184 3590 1240 etiam

2011 1281 2214 1338 misere
2259 1283 2641 1353 consumptis,
2691 1281 3018 1346 devastavit,
3061 1279 3314 1352 Magnam
3372 1294 3595 1350 quoque

2010 1375 2313 1434 Ecclesiatn
2363 1392 2488 1434 cum
2531 1379 2828 1450 utriusque
2877 1377 3054 1464 partis
3102 1378 3421 1432 columnis:
3480 1381 3592 1430 tnta

2011 1487 2141 1527 vero
2171 1472 2578 1543 quadripartito
2608 1474 2664 1528 in
2707 1473 2922 1528 ruinam
2980 1470 3246 1527 concidit.
3289 1470 3385 1524 liis
3422 1470 3596 1540 impe-

2011 1573 2163 1617 rator
2224 1561 2492 1629 territus,
2540 1563 2830 1633 pecuniam
2883 1577 3102 1618 omnem
3161 1562 3219 1616 in
3267 1560 3592 1616 dromonem

2010 1667 2332 1724 congerere,
2359 1662 2415 1710 et
2445 1652 2654 1708 Mundo
2681 1652 2890 1708 militiae
2917 1651 3208 1721 magistro,
3240 1658 3294 1704 et
3312 1648 3433 1720 ejus
3456 1648 3592 1716 filio,

2009 1752 2064 1800 et
2100 1745 2343 1802 millibus
2375 1746 2661 1801 hominum
2690 1746 2870 1801 tribus
2891 1784 2906 1810 ,
2939 1759 3042 1801 nec
3075 1760 3184 1799 non
3210 1742 3595 1800 Constantiolo

2011 1845 2064 1891 et
2103 1837 2464 1894 cubiculariis
2511 1838 2576 1893 ad
2636 1837 2826 1906 palatii
2883 1837 3191 1892 custodiam
3247 1836 3496 1902 relictis,
3539 1836 3594 1890 in

310 1929 514 1990 ναίκας
541 1928 762 1992 πολλάς.
798 1931 990 2002 Φήμης
1018 1932 1074 1985 δὲ
1104 1933 1429 2005 γενομένης,
1469 1935 1555 1988 ὅτι
1594 1936 1623 1988 ὁ
1646 1933 1904 2005 βασιλεὺς

2016 1930 2302 1985 Thraciam
2344 1931 2670 1986 Heracleam
2708 1945 2885 2000 usque
2912 1929 3170 1985 secedere
3200 1929 3591 1984 meditabatur.

310 2016 500 2072 λαϐὼν
524 2017 625 2088 τὴν
649 2019 976 2088 Αὐγούσταν
1012 2020 1234 2092 ἐξῆλθεν
1262 2023 1318 2078 ὲν
1351 2025 1418 2094 τῇ
1444 2023 1656 2098 Θρᾴκῃ,
1702 2024 1904 2095 ἀνηγὸο

315 2111 588 2180 ρευσαν³⁸
619 2112 848 2182 βασιλέα
889 2114 1151 2169 ’Υπάτιον
1175 2115 1268 2168 τὸν
1301 2116 1611 2188 πατρίκιον,
1651 2117 1747 2170 κοιλ⁴
1776 2116 1907 2171 καθ-

308 2201 575 2271 εζόμενος
601 2205 660 2257 ὲν
707 2205 786 2274 τῷ
836 2206 1046 2277 ἱππικῷ
1073 2206 1378 2279 εὐφημεῖτο
1412 2207 1518 2262 ὑπὸ
1543 2209 1654 2263 τῶν
1692 2207 1903 2280 δήμων.

311 2296 429 2346 Καὶ
467 2296 703 2365 ἡκουσεν
745 2297 842 2362 τὰς
887 2298 1212 2370 ὑϐριστικὰς
1244 2301 1430 2371 φωνὰς
1459 2301 1560 2365 τὰς
1591 2302 1728 2374 πρὸς
1770 2303 1906 2356 Ίουο

309 2387 592 2441 στινιανδν
637 2392 730 2442 τὸν
781 2391 1025 2461 βασιλέα.
1056 2388 1261 2448 Ἦλθον
1291 2393 1348 2447 δὲ
1377 2394 1475 2448 καὶ
1515 2395 1623 2448 ἀπὸ
1673 2394 1909 2449 Φλαϐια-

309 2477 426 2531 νῶν
474 2478 552 2550 (2)
591 2480 851 2551 νεώτεροι
902 2482 1166 2553 Πράσινοι
1216 2485 1487 2539 διακόσιοι
1515 2485 1590 2557 (3)
1663 2486 1906 2557 λωρικά-

308 2587 400 2623 τοι
417 2572 459 2602 ³³
484 2571 584 2643 (ί),
618 2573 1097 2643 ὑπολαμϐάνοντες
1127 2576 1339 2641 ἀνοῖξαι
1363 2576 1408 2608 ιθ
1436 2576 1498 2630 τὺ
1525 2577 1627 2630 παλ
1641 2577 1793 2632 ἀτιον
1813 2578 1909 2632 καὶ

310 2667 638 2734 εἰσαγαγεῖν
670 2667 761 2720 τὸν
793 2666 1071 2722 ’Υπάτιον.
1103 2667 1163 2726 ’0
1188 2668 1245 2722 δὲ
1277 2668 1537 2740 βασιλεὺς
1567 2669 1811 2736 ἀκούσας
1837 2671 1906 2726 τὰ

312 2761 475 2830 παρὰ
504 2761 597 2814 τοῦ
633 2761 808 2832 δήμου
842 2762 1215 2818 καὶὙπατίου
1249 2763 1618 2836 τολμηθέντα,
1649 2765 1908 2836 εἰσῆλθεν

313 2858 376 2907 ὲν
411 2854 488 2926 τῷ
527 2855 798 2927 παλατίῳ,
839 2857 932 2910 καὶ
965 2847 1198 2928 ἀνῆλθεν
1234 2858 1314 2922 εἰς
1341 2858 1412 2912 τὰ
1433 2857 1706 2930 λεγόμενα
1731 2858 1908 2914 Πούλ-

313 2967 453 3001 πιτα
483 2948 583 3021 (ἐὶ),
611 2949 834 3003 δπισθεν
877 2951 972 3004 τοῦ
1022 2950 1366 3021 καθίσματος
1401 2950 1478 3024 (6)
1509 2951 1604 3006 τοῦ
1642 2953 1923 3024 ἱπποδρφ,

319 3043 451 3114 μίσυ
469 3044 536 3106 ⁸³,
557 3045 636 3106 εἰς
655 3042 747 3096 τὸν
776 3043 1050 3114 τρίκλινον
1077 3043 1168 3097 τὸν
1191 3043 1384 3115 ἔχοντα
1413 3045 1622 3117 χαλκᾶς
1642 3046 1687 3079 ⁸³
1712 3045 1906 3117 θύρας,

316 3137 466 3206 ἔχων
502 3136 622 3207 μεθ’
675 3135 871 3189 ἑαυτοῦ
905 3136 1147 3190 Μοῦνδον
1200 3138 1296 3191 καὶ
1336 3137 1783 3194 Κωνσταντίολον
1812 3140 1912 3194 καὶ

317 3228 648 3299 Βελισάριον
697 3230 791 3283 καὶ
820 3227 1013 3292 ἄλλους
1063 3229 1488 3300 συγκλητικοὺς,
1534 3231 1629 3285 καὶ
1666 3232 1911 3288 ἐνόπλων

319 3298 682 3390 στρατιωτῶν
715 3320 966 3392 βοήθειαν
1007 3323 1101 3376 καὶ
1134 3298 1628 3395 κουϐικουλαρίους
1648 3324 1744 3378 καὶ
1767 3340 1911 3376 σπα-
1942 3298 1986 3358 c

319 3413 553 3486 Θαρίους
579 3412 678 3487 (7).
727 3413 991 3479 Ἐξελθὼν
1030 3414 1088 3468 δὲ
1126 3414 1355 3487 Ναρσῆς
1383 3418 1413 3470 ὁ
1440 3417 1915 3488 κουϐικουλάριος,

316 3505 606 3578 ὑπέσυρέν
625 3507 670 3541 ⁸³
724 3521 881 3571 τινας
929 3509 995 3562 ὲκ
1019 3506 1116 3561 τοῦ
1153 3508 1382 3561 Βενέτου
1437 3500 1665 3580 μέρους,
1725 3507 1917 3580 ρογεύ·

321 3619 430 3666 σας
459 3602 537 3674 (8)
561 3604 822 3674 χρήματα
840 3620 854 3634 ’
881 3602 971 3656 καὶ
999 3603 1236 3673 ἤρξαντο
1256 3593 1502 3674 κράζειν
1527 3622 1544 3654 ι
1570 3600 1919 3657 Ἰουστινιανὲ

320 3692 624 3762 αῦγουστε,
658 3693 751 3748 τοῦ
786 3693 964 3765 βίκας.
984 3692 1182 3765 Κύριε,
1211 3694 1386 3747 σῶσον
1425 3693 1801 3748 ’1ουστινιανδν
1825 3691 1918 3747 τδν

321 3786 579 3859 βασιλέα,
611 3787 705 3840 καὶ
734 3786 1017 3859 Θεοδώραν
1044 3786 1144 3856 τὴν
1169 3786 1513 3856 Αὐγούσταν.
1556 3805 1575 3839 ι
1612 3786 1748 3845 Τότε
1778 3785 1923 3857 διχοο

321 3883 536 3952 νοῆσαν
568 3881 631 3934 τὸ
661 3878 886 3952 πλῆθος,
940 3879 1209 3951 ὥρμησαν
1235 3880 1355 3933 κατ’
1390 3877 1657 3944 ἀλλήλων.
1695 3877 1804 3931 Καὶ
1830 3874 1919 3942 ἐξ·

323 3979 582 4043 ελθόντες
616 3980 664 4032 οί
697 3977 790 4032 τοῦ
821 3975 1087 4032 παλατίου
1117 3974 1258 4043 μετὰ
1287 3974 1388 4048 τῆς
1413 3973 1584 4045 αὐτῆς
1634 3971 1914 4045 βοηθείας,

324 4075 642 4146 ἀπέσχισεὼ
671 4091 825 4138 τινας
853 4071 1033 4128 αὐτῶν
1053 4071 1162 4128 ἀπὸ
1187 4072 1283 4126 τοῦ
1313 4069 1620 4144 “memmi
1643 4067 1915 4141 ὥρμησαν

323 4172 412 4230 είς
440 4168 505 4222 τὸ
534 4167 916 4238 ίπποδρόμιον.
952 4165 1067 4219 Καὶ
1103 4166 1132 4218 ὁ
1175 4164 1275 4233 μὲν
1308 4163 1538 4236 Ναρσῆς
1568 4162 1656 4216 διὰ
1686 4161 1798 4214 τῶν
1823 4160 1919 4213 θυ-

325 4260 468 4332 ρῶν,
493 4262 521 4313 ὁ
543 4261 597 4313 δὲ
626 4260 738 4322 υίὸς
791 4259 1035 4313 Μοῦνδον
1070 4257 1157 4311 διὰ
1192 4257 1290 4327 τῆς
1320 4255 1613 4325 σφενδόνης
1645 4253 1743 4320 (9),
1770 4252 1919 4308 ἄλλοι
1958 4290 1961 4293 -

2015 2018 2304 2080 Factiones
2344 2035 2512 2094 porro
2546 2023 2812 2078 cadavera
2861 2020 3039 2094 (erant
3075 2020 3244 2077 etiam
3296 2020 3388 2081 illa
3426 2021 3599 2092 pluri-

2015 2130 2230 2170 marum
2286 2114 2357 2170 ab
2402 2114 2482 2171 eis
2520 2114 2830 2170 occisarum
2880 2113 3194 2182 mulierum)
3248 2127 3347 2184 per
3403 2115 3596 2169 urbem

2014 2213 2302 2275 raptantes
2354 2204 2412 2260 in
2467 2219 2619 2262 mare
2669 2204 3045 2276 proiecerunt.
3103 2204 3174 2259 At
3228 2221 3354 2263 cum
3412 2221 3604 2262 rumor

2015 2315 2245 2372 sparsus
2270 2308 2418 2357 esset
2451 2300 2836 2372 imperatorem
2869 2300 3104 2357 abducta
3133 2316 3318 2358 secum
3350 2299 3602 2372 Augusta

2015 2392 2073 2449 in
2106 2394 2398 2450 Thraciam
2420 2394 2754 2465 profugisse,
2782 2394 3077 2466 Hypatium
3103 2395 3395 2466 patricium
3427 2396 3605 2464 impe-

2016 2495 2259 2546 ratorem
2291 2488 2674 2545 salutaverunt
2706 2505 2722 2544 :
2754 2504 2882 2546 mox
2919 2489 3118 2546 sedens
3153 2489 3208 2545 in
3241 2490 3390 2546 circo
3413 2489 3600 2561 populi

2017 2575 2320 2634 factionum
2362 2578 2574 2636 faustas
2601 2593 2766 2635 voces
2798 2579 3044 2650 excepit,
3081 2589 3136 2636 et
3174 2581 3604 2636 contumeliosa-

2017 2687 2140 2727 rum
2174 2672 2231 2727 in
2274 2670 2650 2727 Justinianum
2693 2673 3076 2744 conjectarum
3109 2673 3326 2729 exstitit
3355 2673 3601 2728 auditor.

2015 2761 2390 2820 Convolarunt
2422 2763 2647 2833 insuper
2679 2776 2709 2816 a
2756 2759 3037 2818 Flavianis
3082 2761 3334 2832 juniores
3385 2761 3604 2817 Prasini

2016 2854 2236 2912 ducenti
2259 2853 2498 2919 loricati,
2520 2852 2614 2925 qui
2639 2852 2903 2924 palatium
2926 2867 3198 2920 reserare,
3217 2859 3271 2906 et
3303 2851 3603 2924 Hypatium

2018 2945 2369 3002 introducere
2387 2945 2442 3000 in
2467 2947 2653 3000 animo
2683 2943 2980 3000 habebant.
3003 2943 3330 3015 Imperator,
3356 2944 3607 2999 intellec-

2019 3039 2092 3093 tis
2142 3037 2400 3094 factionis
2440 3047 2496 3094 et
2546 3035 2772 3110 Hypatii
2823 3036 3131 3092 temerariis
3166 3036 3482 3104 conatibus,
3519 3037 3609 3093 in-

2019 3145 2248 3204 gressus
2296 3131 2563 3201 palatium
2614 3127 2850 3196 Mundo,
2886 3128 3304 3196 Constantiolo,
3339 3129 3609 3187 Belisario

2021 3223 2256 3295 aliisque
2277 3223 2541 3281 senatorii
2566 3222 2779 3279 ordinis
2800 3221 2955 3289 viris,
2982 3236 3084 3278 nec
3113 3236 3223 3278 non
3264 3231 3609 3278 armatorum

2021 3319 2261 3374 militum
2289 3317 2550 3391 praesidio
2579 3318 3056 3389 cubiculariisque
3092 3327 3147 3374 et
3189 3317 3490 3388 spathariis
3517 3332 3610 3375 se-

2022 3428 2149 3470 cum
2192 3413 2399 3477 ductis.
2431 3414 2614 3468 locum
2649 3410 2871 3484 Pulpita
2897 3411 3105 3468 dictum
3129 3427 3275 3483 pone
3303 3411 3434 3468 circi
3459 3411 3609 3468 tbro-

2022 3522 2156 3562 num
2189 3505 2257 3561 ad
2294 3504 2618 3571 triclinium,
2657 3505 2835 3574 portis
2867 3502 3037 3560 aeneis
3076 3503 3314 3576 insigne,
3345 3513 3603 3576 occupat.

2021 3597 2290 3668 Egressus
2347 3613 2478 3655 vero
2530 3595 2738 3655 Narses
2791 3596 3188 3665 cubicularius,
3242 3596 3604 3668 pecuniarum

2023 3694 2316 3766 largitione
2354 3691 2624 3764 quosdam
2671 3707 2738 3748 ex
2768 3691 2976 3748 Veneta
3031 3689 3273 3747 factione
3305 3689 3373 3745 ad
3414 3699 3603 3762 partes

2029 3803 2160 3846 suas
2195 3787 2384 3852 traxit,
2437 3785 2532 3858 qui
2585 3783 2877 3842 vociferari
2918 3793 3249 3855 coeperunt:
3290 3781 3607 3841 Justiniane

2028 3888 2285 3953 auguste,
2345 3887 2404 3934 tu
2449 3879 2663 3934 vincas.
2720 3877 2970 3941 Domine,
3015 3890 3176 3933 serva
3225 3875 3606 3933 Justinianutn

2026 3975 2422 4046 imperatorem
2457 3980 2512 4027 et
2562 3968 2910 4027 Theodoram
2942 3969 3275 4041 Augustam.
3311 3969 3452 4024 Tum
3485 3967 3605 4025 fae-

2024 4069 2205 4124 tiones
2236 4067 2289 4121 in
2324 4065 2655 4122 discordiam
2687 4063 2936 4120 adductae
2984 4062 3040 4117 in
3081 4063 3317 4119 invicem
3353 4062 3606 4121 fecerunt

2027 4163 2293 4234 impetum
2327 4176 2340 4213 :
2370 4169 2424 4215 at
2448 4160 2542 4229 qui
2578 4157 2840 4226 palatium
2877 4157 3139 4213 tenebant
3169 4169 3292 4212 cum
3323 4154 3612 4227 praesidia-

2029 4253 2128 4308 riis
2178 4259 2553 4321 erumpentes,
2598 4248 2854 4303 factionis
2906 4246 3217 4303 desertores
3262 4246 3330 4300 ad
3364 4260 3423 4301 se
3470 4262 3609 4301 non-

1608 4393 1844 4449 νΑιιιΑῑ
1889 4388 2292 4449 LECTIONES.

393 4489 439 4523 ³³
470 4487 790 4560 λεγόμενον]
814 4488 957 4557 λέγω
979 4491 1041 4543 Α.
1127 4489 1173 4520 ³⁸
1206 4485 1299 4541 τοῦ
1329 4485 1570 4555 Σαμψὼν
1608 4487 1673 4548 A,
1720 4486 1812 4539 τὸν
1850 4483 2061 4556 Σαμψὼ
2093 4485 2240 4554 vulg.
2321 4483 2365 4512 ³⁷
2397 4483 2502 4532 τῶν
2552 4497 2556 4532 :

410 4559 796 4609 ἀνηγόρευσαν
847 4561 915 4609 Α.
969 4560 1063 4609 καὶ
1123 4560 1210 4609 ἀν.
1261 4558 1410 4609 vulsz.
1515 4558 1559 4589 "
1605 4557 1899 4609 λωοικέιτοι
1954 4558 2042 4609 Α.
2109 4551 2419 4609 λουοικάτοι
2472 4550 2556 4603 vul

1515 4566 1559 4589 "
1608 4566 1899 4627 λωρικὲιτοι
1954 4566 1999 4609 Α
2026 4596 2042 4620 ,
2110 4566 2419 4627 λουρικατοι
2472 4566 2615 4619 vutg.
2720 4566 2766 4580 ’ν
2799 4566 3004 4611 ανοιςαι
3039 4566 3104 4611 Α,

1421 4627 1468 4658 ⁸³
1496 4627 1708 4698 χαλκᾶς
1737 4629 1778 4681 Α
1810 4645 1862 4692 e,
1888 4627 1989 4690 τὰς
2025 4644 2080 4697 χ.
2110 4627 2256 4695 vulg.
2311 4621 2358 4652 "
2391 4619 2666 4692 ὑπέσυρέν
2701 4619 2768 4686 Α,
2801 4618 2958 4672 ὲπέσ.
2990 4617 3139 4685 vulg.

324 4561 379 4594 ³⁸
410 4558 796 4630 ἀνηγόρευσαν
847 4561 935 4630 Α,
969 4560 1063 4630 καὶ
1123 4558 1410 4630 ὰνηνυιε.

326 4632 378 4664 δι
421 4628 818 4700 ἱπποδρομείου
855 4630 896 4684 Α
927 4628 984 4686 II.
1011 4629 1048 4684 Ι.
1081 4638 1135 4685 et
1159 4629 1326 4683 infra.

2321 4481 2365 4512 ³⁷
2397 4481 2502 4532 τῶν
2552 4475 3018 4548 κουϐικουλαρὶων
3047 4474 3237 4548 ascribi,
3293 4474 3605 4548 oportebat.

2720 4547 2766 4580 ⁸ο
2799 4544 3004 4611 ἀνοῖξαι
3039 4547 3104 4611 Α,
3160 4547 3252 4599 καὶ
3306 4544 3390 4598 ἀν.
3457 4545 3606 4618 vulg.

1653 4762 1795 4820 JAC.
1836 4760 2049 4819 GOARI
2083 4761 2317 4819 NOTAE.

413 4863 818 4937 (98)Julia_num
844 4876 967 4917 cum
982 4861 1292 4937 coniuratis
1313 4868 1579 4937 memorat
1619 4858 1925 4937 Ch_r_onico_n
1951 4856 2006 4917 D
2033 4858 2170 4937 lata,
2203 4857 2508 4937 ῌευιιειοε.

328 4928 607 4994 Αίὲποήά.
629 4950 648 4998 ;
675 4928 1199 5004 Ρτοδιιηιιιῐῃὶιιιὶἰ
1237 4931 1663 5004 consobrinum,
1697 4928 1927 4985 Marcel-

332 5010 491 5064 linus
524 5017 578 5060 et
601 5004 904 5073 Procopius
939 5000 1083 5058 Ιίι).’ῐ
1117 5004 1189 5057 De
1230 5001 1367 5057 bello
1398 5000 1634 5073 Persico.

409 5078 592 5147 (99);
622 5071 988 5147 Constantino
1015 5073 1369 5147 aedificatum.
1398 5071 1822 5147 Eucltolngium.

411 5133 856 5219 (U'Chronicnn
923 5144 1356 5219 Alexandrinum
1430 5143 1582 5219 legit,
1643 5133 1743 5195 (Ξὺν
1819 5144 1932 5219 τοῖς

334 5213 601 5292 φοϐεροῖς
645 5217 741 5270 καὶ
785 5218 1124 5292 θαῦμαστοῖς
1184 5215 1330 5268 κίοσι
1379 5215 1517 5292 πᾶσι
1569 5215 1632 5266 ὲκ
1674 5213 1934 5292 τετραέν-

2101 4930 2180 4999 (5)
2213 4928 2418 4983 Locum
2441 4932 2584 4983 hunc
2605 4936 2748 4983 tacet
2771 4925 3097 4999 Procopius,
3133 4921 3208 4999 D_e
3229 4923 3364 4999 bello
3394 4922 3614 4999 Persico

2030 4992 2128 5057 lib'.
2160 4992 2200 5063 ἱ.
2232 5009 2429 5054 caetera
2452 4999 2715 5054 describit
2750 4992 3112 5054 enucleatius.
3148 4992 3348 5049 Eadem
3381 4993 3616 5051 Chroni-

2030 5087 2131 5125 con
2161 5070 2610 5124 Alexandrinum.

2106 5141 2182 5212 (6)
2218 5141 2522 5209 Procopius
2553 5159 2565 5195 :
2603 5139 2703 5194 Ubi
2735 5139 3031 5207 imperator
3075 5135 3365 5212 consistere
3395 5152 3620 5191 consue-

2034 5207 2128 5276 vit,
2165 5207 2229 5266 ac
2279 5207 2518 5283 equestre
2573 5212 2981 5283 gymnicumque
3040 5207 3230 5263 solitus
3257 5216 3333 5260 est
3380 5218 3620 5274 spectare

333 5281 436 5347 τοῦ
458 5281 757 5358 "adeoque
789 5281 1172 5358 columnarum
1205 5286 1513 5358 materiam,
1546 5292 1600 5338 et
1640 5281 1933 5341 marmoris
2034 5281 2329 5358 certamen.
2352 5282 2497 5337 Infra
2529 5281 2854 5358 Augusfettm
2889 5281 3138 5358 thronum
3176 5287 3480 5358 nuncupat.

337 5377 522 5435 genus
544 5375 652 5435 vox
671 5356 772 5435 illa
807 5357 1099 5435 peregrina
1127 5356 1360 5435 indicat.

416 5433 497 5502 (Ξ)
535 5424 863 5486 Cbronicoh'
899 5428 1332 5502 Alexandrinum
1394 5427 1568 5502 habet
1622 5424 1937 5502 exegim-

339 5494 678 5558 σταντινῶνο
706 5508 760 5554 at
794 5508 900 5553 tam
928 5496 1301 5561 Constantini,
1326 5513 1490 5565 quam
1513 5496 1758 5550 Flaviani
1782 5494 1937 5552 fuere

2109 5355 2188 5426 (7)
2223 5354 2506 5426 chrcnus
2541 5371 2553 5406 :
2585 5347 2919 5426 Σπαθάριος,
2955 5347 3432 5426 ῥσωματοφύλαξ.

2110 5419 2188 5496 (8)
2221 5424 2419 5496 Erogo,
2455 5424 2754 5496 distrituo;
2783 5419 3050 5496 superius
3072 5419 3138 5496 de
3161 5434 3308 5496 roga.

2110 5487 2291 5578 An
2335 5487 2606 5564 ’σφενδόνη
2647 5487 3034 5578 ‘fuerit'circi‘
3077 5487 3374 5571 ἀιερετὴρίοι⁸
3429 5504 3622 5578 σπῖρα,

339 5572 638 5644 legionarii
675 5570 1070 5644 co_n_iita_ten_ses
1105 5570 1208 5623 sub
1255 5560 1790 5644 magistromilitunt
1839 5582 1936 5644 per
2039 5560 2299 5644 nimirum
2327 5560 2553 5644 σχήυο,
2579 5560 2791 5644 velute
2822 5563 2991 5633 [unda
3022 5561 3184 5630 lapis,
3217 5560 3623 5644 procurrebant

339 5636 643 5707 Thracias,
667 5657 696 5694 a
731 5639 920 5695 Flavio
952 5636 1463 5709 Constantinofqui
1491 5636 1750 5706 Magnus,
1779 5637 1937 5692 insti-

340 5715 476 5770 tuti.
515 5713 721 5769 Notitia
779 5712 910 5780 imp.
953 5709 1166 5767 Orient.
1218 5719 1272 5766 et
1324 5709 1664 5766 Pancirollus
1714 5709 1767 5761 in
1815 5723 1934 5762 eam

515 5785 580 5814 ea:

337 5800 845 5926 dghronicon
877 5853 1020 5908 idem
1049 5852 1708 5926 διακόσιοι-πεντήκοντα.

417 5920 501 6002 (4)
527 5926 671 5984 ldent
710 5925 1005 5996 φοροῦντες
1057 5922 1249 5987 ζαϐἁς.
1307 5921 1476 5988 Zaba,
1505 5920 1514 5923 ⁷
1544 5923 1710 5978 lorica
1750 5920 1934 5978 cucul-

713 6023 982 6089 ΡΔτιιοι.
1027 6023 1143 6084 Gtt.
1189 6019 1402 6082 CVIII.

2039 5637 2262 5708 aurigm,
2285 5638 2366 5691 vel
2397 5631 2579 5691 utrum
2615 5631 2908 5708 ci_rci_pars
2961 5641 3226 5708 curetum.
3264 5638 3318 5682 et
3348 5631 3621 5708 opposita,

2082 5699 2353 5773 um'meta,
2375 5717 2430 5762 et
2454 5705 2706 5774 καμπτός
2736 5699 2921 5760 Sitidae
2959 5720 3013 5758 ν.
3046 5699 3256 5774 same,
3288 5699 3432 5774 quod
3467 5715 3531 5754 ex
3555 5719 3624 5774 ica

2082 5725 2162 5762 uae
2191 5725 2353 5773 meta,
2375 5725 2430 5762 et
2454 5725 2706 5774 καμπτος
2737 5725 2921 5760 butum
2960 5725 3013 5758 v.
3046 5725 3256 5773 ραΛυις,
3288 5725 3432 5769 ιμιυυ
3467 5725 3531 5754 ex
3561 5725 3624 5755 t'a

2039 5725 2150 5834 guo
2182 5780 2315 5833 circr
2349 5779 2626 5832 curricula
2660 5785 2712 5832 et
2749 5776 2924 5847 spatia
2953 5780 3205 5846 spectata
3228 5771 3452 5826 fundam
3483 5773 3628 5825 refe-

2045 5857 2190 5918 rant,
2219 5848 2429 5905 divinet
2463 5849 2626 5906 alius.

3199 6004 3269 6068 14
