3972 6290
292 373 391 441 431

1664 365 2073 426 ΤΠΕΟΡΗΑΝ
2088 367 2153 426 [S

3446 370 3562 438 432

295 487 369 539 tia
399 481 750 554 conspicuus.
785 480 879 552 qui
908 495 1009 537 nec
1036 480 1090 536 in
1123 479 1466 539 Christianos
1487 481 1853 536 carniﬁcinam

1972 483 2066 536 τοῦ
2099 484 2244 537 θείου
2287 484 2475 551 αὑτοῦ,
2527 486 2619 540 καὶ
2681 482 3153 560 mxumam
3204 487 3341 562 πρὸς
3390 489 3559 544 αὐτὸν

293 588 386 632 aut
423 576 590 633 animi
631 577 979 632 severitatem
1001 576 1166 630 ullam
1199 576 1473 639 ostendit;
1505 585 1560 629 at
1593 575 1744 630 circa
1781 591 1866 631 res

290 669 515 724 bellicas
555 667 736 722 mollis
765 665 1059 722 admodum
1099 677 1153 723 et
1192 666 1436 734 dejectus
1460 706 1474 729 ,
1513 666 1646 721 adeo
1675 675 1733 719 ut
1768 680 1867 720 nec

292 761 420 817 belli
465 776 649 816 vocem
701 760 895 815 audire
950 760 1268 815 sustineret.
1322 759 1483 813 Amer
1526 766 1706 813 autem
1748 758 1866 827 ejus

291 852 677 916 consobrinus,
709 852 792 906 vir
827 852 1002 906 bonus
1046 867 1110 906 ac
1156 859 1461 921 praestans,
1510 867 1595 906 rcs
1644 851 1867 905 bellicas

288 958 482 999 omnes
524 944 664 1013 apud
708 942 983 1000 Vandalos
1026 944 1480 1007 administrabat,
1513 959 1674 1014 quem
1705 959 1766 996 ea
1801 943 1868 997 de

288 1049 455 1089 causa
477 1035 868 1107 nuncupabant
883 1036 1168 1091 Achillem.
1189 1035 1359 1090 Porro
1385 1035 1684 1091 lldericlius
1710 1037 1868 1106 160

291 1131 503 1186 amicus
517 1127 968 1195 fuitJustiniano,
989 1145 1111 1185 cum
1132 1130 1377 1201 privatus
1403 1130 1585 1184 adhuc
1612 1130 1716 1185 sub
1768 1127 1865 1183 ,ιυ-

289 1224 440 1278 stino
467 1223 740 1278 avunculo
793 1231 1116 1288 mereretur,
1175 1231 1230 1277 et
1256 1222 1509 1276 amicitia:
1534 1222 1600 1276 ad
1631 1222 1865 1277 invicem

288 1314 676 1371 confirmandae
712 1314 897 1371 missis
919 1322 972 1370 et
999 1315 1236 1385 acceptis
1269 1314 1590 1369 muneribus
1612 1314 1863 1384 plurimis

216 1394 218 1397 ’
287 1423 409 1464 sese
436 1406 780 1478 fi‘equentius
809 1409 1206 1479 provocabant.
1248 1407 1376 1463 Fuit
1408 1418 1587 1464 autem
1613 1425 1678 1464 ex
1703 1409 1863 1465 Gize-

286 1500 424 1555 richi
460 1516 657 1571 genere
685 1502 906 1572 quidam
945 1501 1209 1573 originem
1242 1501 1470 1567 ducens,
1506 1504 1598 1557 cui
1622 1501 1861 1559 Gelimer

284 1608 504 1660 nomen,
546 1595 629 1649 vir
659 1608 892 1665 nequam
933 1604 987 1650 et
1022 1595 1204 1666 pravis
1249 1596 1496 1650 moribus
1529 1597 1858 1661 instructus,

285 1701 466 1740 rerum
495 1687 928 1742 innovandarum
948 1686 1249 1754 studiosus,
1271 1694 1326 1742 et
1349 1685 1702 1742 facultatibus
1731 1677 1865 1744 alie?

285 1779 373 1832 nis
393 1778 603 1834 inhiare
625 1780 840 1835 solitus.
863 1778 962 1834 llic
979 1779 1242 1834 adversus
1263 1779 1551 1834 lldericum
1570 1780 1856 1850 septennio

1968 576 2182 647 ἔπεμπέ
2217 595 2277 629 τε
2304 579 2397 631 καὶ
2425 578 2637 649 ἐδέχετο
2659 579 2790 648 παρ’
2811 579 2975 634 αὐτοῦ
3003 581 3101 651 τὴν
3124 581 3170 613 ⁷³
3201 581 3383 650 φιλίαν
3415 599 3555 655 κρι-

1966 668 2164 724 τύνων.
2202 664 2308 722 Ἦν
2332 672 2387 725 δέ
2417 689 2500 733 τις
2530 671 2716 726 τούτου
2751 673 3016 744 συγγενὴς
3033 675 3095 727 ὲκ
3131 673 3222 727 τοῦ
3247 674 3438 742 γένους
3463 676 3563 729 Γι-

1969 759 2206 831 ζερίχου,
2231 762 2461 832 Γελίμερ
2491 763 2738 833 ὀνόματι,
2794 764 2933 834 ἀνὴρ
2967 766 3138 830 δεινὸς
3175 765 3221 797 ⁷³
3251 769 3344 820 καὶ
3382 785 3555 820 κακο-

1968 852 2124 921 ήθης,
2157 853 2249 906 καὶ
2305 855 2594 925 πράγμασι
2625 855 2911 926 νεωτέροις
2963 857 3056 910 καὶ
3087 859 3366 928 χρήμασιν
3399 859 3559 913 ἀλλο·-

1967 946 2138 1015 τρίοις
2170 947 2506 1002 ἐπιτίθεσθαι
2553 948 2936 1018 ἐπιστάμενος.
2989 943 3157 1014 Οὗτος
3208 955 3558 1023 τυραννήσαξ

1964 1038 2105 1090 κατὰ
2141 1038 2235 1091 τοῦ
2268 1039 2399 1092 ἰδίου
2428 1039 2686 1094 δεσπότου
2717 1042 3011 1114 Ἰλδερίχου
3062 1045 3358 1098 ἑπταετίαν
3388 1044 3555 1116 βασι-

1965 1128 2254 1194 λεύσαντος
2277 1131 2343 1196 τι,
2370 1131 2556 1185 τοῦτον
2587 1137 2886 1205 κρατήσας,
2925 1137 3005 1198 είς
3032 1135 3278 1206 φυλακὴν
3318 1136 3555 1190 ἀπέθετο

1965 1222 2061 1274 σὺν
2087 1224 2153 1293 τῇ
2182 1223 2402 1290 γυναικὶ
2432 1224 2812 1298 Ἀμαλαφρίδῃ
2835 1266 2850 1292 ,
2897 1227 2992 1279 καὶ
3042 1227 3169 1290 τοὺς
3207 1226 3437 1290 Γότθους
3466 1227 3554 1279 δι-

1963 1313 2216 1384 έφθειρεν
2239 1314 2505 1383 ἅπαντας,
2533 1317 2626 1370 καὶ
2654 1319 2874 1388 Ἀμερα
2896 1319 2989 1373 καὶ
3015 1320 3105 1380 τὸν
3135 1319 3297 1372 αὑτοῦ
3323 1321 3557 1390 ἀδελφὸν

1963 1406 2244 1479 Εὐαγέτην
2276 1407 2319 1440 ⁷⁸
2350 1409 2407 1460 ὲν
2463 1409 2676 1481 φυλακῇ
2723 1410 2901 1481 ἔσχεν.
2931 1409 3227 1483 Ἐπαρθεὶς
3254 1413 3310 1465 δὲ
3341 1416 3403 1483 τῇ
3455 1432 3555 1467 τυ-

1963 1499 2192 1571 ραννίδι,
2241 1501 2343 1554 οὐκ
2393 1499 2624 1571 ἠδύνατο
2679 1505 2736 1556 ὲν
2779 1501 2857 1574 τῷ
2914 1504 3215 1558 καθεστῶτι
3259 1505 3550 1576 βιοτεύειν.

1961 1589 2170 1662 Γράφει
2210 1590 2388 1645 τοίνυν
2418 1592 2553 1664 πρὸς
2585 1592 2806 1661 βασιλέα
2843 1593 3221 1649 Ἰουστινιανὸν
3250 1597 3553 1665 ἀπολογού-

1963 1699 2143 1753 μενος,
2169 1682 2244 1746 di;
2273 1683 2317 1714 ⁷⁸
2344 1683 2543 1755 αὑτῷὴ
2572 1683 2816 1754 βασιλεία
2843 1686 3081 1757 ἐννόμως
3112 1688 3410 1758 προσῆκεν,
3441 1689 3551 1741 Ἱλ-

1959 1773 2177 1844 δερίχου
2211 1775 2287 1847 μὴ
2342 1776 2626 1847 ἰσχύοντος
2658 1776 2827 1850 αὐτὴν
2858 1778 2900 1811 ’⁷⁷
2930 1781 3215 1851 διοικῆσαι.
3255 1782 3438 1836 Ταῦτα
3487 1783 3550 1835 δὲ

289 1869 404 1938 jam
451 1886 618 1942 regno
657 1872 884 1942 potitum
929 1887 999 1927 ac
1043 1872 1324 1943 proprium
1371 1885 1531 1926 suum
1574 1872 1853 1927 dominum

1974 1866 2349 1931 Ἶονστινιανὸς
2387 1867 2593 1936 μαθὼν,
2658 1867 2897 1939 ἔγραψεν
2950 1871 3085 1940 πρὸς
3119 1872 3302 1937 αὑτὸν,
3365 1871 3439 1936 ὡς
3481 1875 3547 1926 οὔ

281 1964 566 2032 tyrannide
593 1965 847 2029 excitata,
877 1979 1002 2037 rege
1050 1973 1210 2033 capto
1239 1972 1292 2019 et
1322 1965 1376 2018 in
1413 1978 1692 2021 carcerem
1731 1979 1855 2020 cum

282 2071 450 2111 uxore
499 2054 883 2125 Amalaphrida
923 2055 1211 2125 conjecto,
1254 2053 1488 2112 Gottbos
1527 2072 1719 2112 omnes
1775 2057 1857 2110 in-

280 2146 515 2212 terfecit,
547 2158 598 2203 et
645 2147 896 2204 Amerem
923 2156 980 2203 et
1012 2149 1238 2204 fratrem
1270 2149 1392 2218 ejus
1423 2149 1717 2219 Euagetem
1752 2152 1855 2205 sub

278 2237 528 2296 custodia
570 2240 829 2296 servavit.
858 2238 1128 2295 Caeterum
1176 2255 1318 2296 nova
1360 2241 1648 2312 tyrannide
1676 2241 1854 2298 elatus

278 2349 388 2389 non
419 2333 598 2404 potuit
639 2333 893 2404 prasenti
930 2347 1114 2389 rerum
1148 2341 1297 2389 statu
1325 2341 1619 2390 contentus
1646 2323 1855 2392 diutius

278 2427 482 2483 vivere.
515 2425 884 2493 Quamobrem
928 2425 1306 2481 defensionem
1340 2442 1441 2496 pro
1479 2443 1539 2483 se
1564 2427 1632 2482 ad
1678 2427 1853 2496 impe-

279 2527 516 2574 ratorem
545 2515 918 2574 Iustinianum
950 2517 1198 2588 scripsit,
1249 2518 1511 2573 nimirum
1538 2519 1607 2573 ad
1648 2534 1706 2574 se
1730 2534 1855 2588 reg-

277 2624 406 2663 num
434 2607 557 2679 jure
577 2608 884 2677 pertinere,
914 2623 1038 2664 cum
1072 2606 1374 2664 lldericbus
1401 2608 1578 2679 ipsum
1611 2608 1851 2663 admini-

277 2709 451 2756 strare
501 2699 724 2756 minime
782 2708 986 2770 posset.
1047 2700 1123 2754 Ea
1179 2701 1248 2755 de
1308 2715 1366 2755 re
1421 2701 1623 2756 certior
1672 2700 1850 2755 factus

275 2792 617 2848 Justinianus
638 2792 908 2849 Gelimero
931 2793 1234 2863 rescripsit,
1250 2808 1311 2849 se
1332 2792 1491 2848 istam
1521 2791 1641 2862 ejus
1664 2799 1852 2864 tyran-

277 2884 458 2941 nidem
498 2885 812 2941 nullatenus
862 2885 1113 2958 probare.
1145 2886 1216 2939 At
1265 2886 1354 2940 illc
1390 2886 1653 2956 neglectis
1700 2887 1851 2942 hisce

276 2979 557 3050 responsis
576 3019 590 3045 ,
619 2981 869 3035 Amerem
909 2979 1233 3047 excmcavit,
1279 2976 1607 3032 lidericbum
1637 2993 1766 3034 vero
1796 2987 1850 3035 et

275 3070 569 3144 Euagetem
596 3072 909 3142 diligentius
941 3071 1247 3127 custoditos
1283 3072 1336 3128 in
1361 3085 1637 3126 carcerem
1670 3070 1848 3125 inclu—

274 3163 366 3219 sit.
401 3161 554 3230 Quod
586 3163 677 3219 ubi
706 3163 930 3218 rescivit
972 3161 1292 3228 Justianus,
1326 3162 1592 3216 continuo
1625 3162 1849 3232 expedi-

275 3257 479 3312 tionem
512 3256 566 3312 in
607 3257 829 3328 Libyam
864 3257 1142 3322 decrevit,
1193 3255 1369 3320 bello,
1406 3254 1552 3325 quod
1593 3256 1646 3309 in
1673 3253 1847 3310 Media

277 3359 391 3403 tum
435 3347 690 3418 gerebat,
741 3347 1034 3416 dirempto,
1087 3354 1162 3414 et,
1213 3356 1467 3400 revocato
1509 3361 1578 3399 ex
1625 3344 1850 3402 Oriente

275 3436 558 3503 Bclisario,
585 3447 834 3492 senatum
866 3453 928 3493 ea
956 3437 1023 3493 de
1054 3451 1113 3492 re
1144 3438 1440 3492 consuluit.
1474 3435 1707 3493 Senatus
1734 3453 1846 3492 rem

274 3529 544 3588 diﬂicilem
579 3539 634 3586 et
665 3531 1028 3602 periculosam
1077 3530 1318 3594 censuit,
1354 3545 1616 3586 revocans
1644 3531 1700 3585 in
1738 3547 1847 3586 me—

276 3626 505 3680 moriam
548 3624 980 3680 infelicissimam
1030 3622 1230 3701 Leonis
1261 3623 1612 3694 imperatoris
1651 3624 1848 3679 adver-

274 3733 370 3774 sus
403 3717 672 3775 Vandaios
707 3719 949 3773 navalem
971 3718 1396 3789 expeditionem,
1421 3726 1769 3789 quantusque
1792 3718 1846 3773 in

274 3826 338 3866 ea
387 3809 648 3866 Basilisco
678 3809 817 3866 duce
861 3811 1096 3864 militum
1134 3823 1395 3865 numerus
1447 3809 1740 3880 periisset,
1793 3821 1846 3866 et

274 3910 479 3970 quanta
537 3902 893 3972 pecuniarum
943 3902 1027 3958 vis
1077 3902 1134 3958 iu
1182 3918 1248 3958 ea
1291 3902 1497 3959 frustra
1528 3903 1840 3976 insumpta.

275 3993 458 4060 Quare
507 4009 772 4066 perpensa
822 3994 1050 4065 periculi
1099 3994 1500 4067 magnitudine,
1553 4012 1622 4053 ne
1665 3997 1846 4067 ipsum

276 4086 598 4144 Belisarium
632 4087 841 4145 navalis
876 4089 1040 4158 hujus
1066 4089 1431 4161 expeditionis
1459 4091 1649 4147 ducem
1677 4092 1846 4163 elige-

276 4190 359 4236 ret
388 4182 702 4251 imperator,
737 4182 1070 4239 metuebant.
1095 4181 1334 4239 Joannes
1366 4195 1546 4240 autem
1580 4187 1847 4256 patricius

276 4275 331 4328 in
357 4273 592 4328 medium
618 4275 952 4329 descendens
973 4277 1274 4332 orationem
1297 4276 1612 4348 bujusmodi
1634 4279 1844 4337 habuit:

275 4369 382 4423 Nos
414 4366 642 4438 quidem,
693 4384 721 4420 ο
747 4368 980 4431 domine,
1008 4368 1174 4438 jussis
1199 4370 1302 4424 tuis
1324 4369 1622 4438 parebimus
1644 4415 1657 4438 ,
1686 4389 1849 4441 neque

274 4463 406 4529 ipsis
442 4461 688 4517 obsistere
722 4462 1000 4516 consilium
1049 4478 1283 4532 unquam
1325 4465 1423 4534 fuit
1455 4479 1475 4517 :
1512 4479 1720 4534 equum
1760 4475 1848 4519 ta-

1959 1957 2312 2024 καταδέξεται
2368 1959 2574 2031 ταύτην
2619 1962 2718 2030 τὴν
2771 1961 3082 2032 τυραννίδα.
3143 1963 3314 2026 Αὐτὸς
3367 1964 3421 2017 δὲ
3468 1965 3551 2036 μὴ

1958 2049 2217 2121 προσχὼν
2268 2053 2381 2116 τοῖς
2423 2052 2851 2123 γεγραμμένοις,
2902 2053 2995 2106 τόν
3023 2070 3083 2107 τε
3117 2054 3333 2126 Ἀμερα
3359 2057 3550 2122 ἐξετύ-

1958 2141 2171 2211 φλωσεν
2193 2184 2205 2208 ,
2235 2143 2326 2197 τόν
2365 2161 2424 2197 τε
2455 2144 2745 2216 Ἰλδέριχον
2785 2145 2884 2198 σὺν
2940 2145 3208 2214 Εὐαγέτει
3253 2150 3311 2201 ἐν
3335 2148 3548 2219 μείζονι

1957 2235 2171 2306 φυλακῇ
2199 2234 2542 2290 ἀπέκλεισεν.
2572 2237 2760 2291 Ταῦτα
2781 2237 2969 2309 μαθὼν
2998 2238 3370 2305 ’1ουστινιανὸς
3398 2243 3551 2297 κατὰ

1956 2326 2162 2396 Λιϐύης
2197 2329 2576 2399 ἐστράτευσεν,
2608 2330 2921 2396 καταλύσας
2968 2333 3058 2385 τὸν
3105 2333 3349 2404 Μηδικὸν
3382 2336 3548 2388 πόλει

1957 2435 2077 2489 μον,
2135 2420 2229 2473 καὶ
2284 2420 2782 2492 μεταπεμψάμενος
2837 2422 2884 2454 ⁷⁸
2944 2423 3261 2496 Βελισάριον
3319 2425 3384 2478 ἐκ
3441 2427 3546 2496 τῆς

1967 2510 2160 2583 Ἐῴας,
2192 2512 2507 2567 ἐδουλεύετο
2531 2514 2889 2585 περὶτούτου.
2909 2515 2972 2568 Ἦ
2987 2515 3040 2569 δὲ
3064 2516 3361 2588 σύγκλητος
3382 2518 3546 2573 ἐδυσο

1951 2603 2204 2673 χέραινεν
2263 2605 2762 2679 ἀναμιμνήσκουσα
2787 2607 2882 2660 τοῦ
2913 2626 2972 2663 τε
3002 2608 3232 2673 Λέοντος
3268 2610 3364 2664 τοῦ
3388 2611 3547 2680 βασι-

1952 2693 2087 2758 λέως
2127 2693 2312 2749 στόλον
2342 2697 2434 2748 τὸν
2469 2697 2611 2750 κατὰ
2640 2697 2963 2770 υῦανδὴλων
3004 2701 3407 2770 στρατεύσαντα
3439 2703 3544 2754 σὺν

1949 2784 2028 2857 τῷ
2059 2787 2367 2858 Βασιλίσκῳ
2405 2789 2499 2843 καὶ
2550 2789 2893 2857 ἀπολωλότα,
2951 2791 3068 2844 ὅσοι
3098 2808 3158 2844 τε
3208 2794 3542 2865 στρατιῶται

1951 2880 2240 2946 ἀπέθανον,
2282 2883 2375 2935 καὶ
2397 2883 2498 2936 ὅσα
2528 2883 2790 2956 χρήματα
2811 2882 3198 2955 ἀνηλώθησαν·
3231 2883 3462 2949 δεδιότες
3480 2887 3545 2940 δὲ

1949 2971 2044 3024 τοῦ
2068 2972 2312 3025 κινδύνου
2356 2974 2415 3027 τὸ
2465 2973 2695 3043 μέγεθος
2742 2973 2876 3046 (9.2),
2914 2975 2990 3046 μὴ
3025 2976 3189 3029 αὐτὸν
3235 2979 3545 3048 στρατηγὸν

1950 3064 2152 3136 ταύτης
2179 3066 2278 3136 τῆς
2314 3066 2603 3138 στρατείας
2637 3065 2910 3132 ἐκλέξοιτο
2938 3068 2982 3098 ⁷³
3015 3069 3042 3119 ὁ
3077 3069 3352 3138 βασιλεύς.
3392 3073 3546 3140 Παρ-

1953 3154 2122 3208 ελθὼν
2151 3155 2207 3208 δὲ
2236 3155 2486 3228 Ἰωάννης
2507 3158 2796 3228 πατρίκιος
2823 3160 2904 3220 είς
2934 3159 2994 3210 τὺ
3018 3159 3182 3227 μέσον
3206 3159 3351 3225 ἔλεξε
3377 3162 3534 3217 τάδε·

1963 3246 2152 3316 Ἡμεῖς
2186 3247 2317 3316 μὲν,
2370 3243 2415 3303 ὦ
2461 3248 2749 3314 δέσποτα,
2783 3249 2907 3316 τοῖς
2934 3249 3070 3313 σοῖς
3107 3251 3535 3322 προστάγμασι

1949 3340 2288 3410 πειθόμεθα,
2313 3342 2411 3395 καὶ
2441 3343 2552 3396 οὐκ
2571 3341 2984 3412 ἀντιτείνομεν
3000 3344 3067 3399 ⁸⁸.
3099 3342 3283 3400 Ἀλλὰ
3298 3345 3542 3401 δίκαιόν

1949 3437 2081 3490 ἐστι
2113 3434 2478 3502 λογίσασθαί
2504 3451 2578 3488 σε
2606 3435 2674 3487 τό
2700 3451 2765 3488 τε
2792 3433 2898 3504 τῆς
2922 3434 3067 3490 ὀδοῦ
3091 3437 3287 3506 μῆκος
3333 3439 3430 3493 καὶ
3457 3440 3538 3495 τὰ

1948 3527 2058 3598 τῆς
2081 3525 2400 3596 θαλάσσης
2426 3527 2678 3597 πελάγη,
2714 3527 2813 3581 καὶ
2857 3528 2922 3581 τὸ
2969 3528 3068 3583 διὰ
3096 3529 3284 3599 ξηρᾶς
3317 3532 3541 3587 ἑκατὸν

1948 3620 2407 3689 τεσσαράκοντα
2455 3619 2692 3690 ἡμερῶν
2727 3620 2871 3674 ὀδοῦ
2914 3620 2960 3652 ⁸¹
3009 3621 3310 3692 διάστημα
3361 3624 3535 3695 ἔχον,

1947 3712 2047 3767 καὶ
2081 3711 2191 3781 τῆς
2239 3712 2417 3780 νίκης
2446 3710 2510 3764 τὸ
2536 3710 2788 3779 ἄδηλον,
2823 3710 2922 3765 καὶ
2969 3712 3077 3780 τῆς
3115 3712 3301 3781 ἣττης
3331 3716 3396 3767 τὸ
3436 3716 3540 3768 ἐπα

1945 3806 2199 3871 ὠδυνον,
2215 3803 2437 3874 καὶτῆς
2465 3805 2852 3874 μεταμελείας
2877 3804 2944 3858 τὸ
2968 3805 3342 3875 ἁνόνητον⁸²,
3373 3809 3540 3865 Ἀπο-

1948 3899 2239 3970 δεξάμενος
2265 3897 2322 3951 δὲ
2341 3899 2368 3951 ό
2400 3898 2772 3973 βασιλεὺςὶτδν
2793 3897 2974 3969 λόγον,
3007 3898 3106 3972 τὴν
3132 3901 3212 3965 είς
3243 3901 3335 3954 τὸν
3369 3903 3537 3955 πόλε-

1951 4010 2049 4065 μον
2107 3991 2417 4066 προθυμίαν
2468 3991 2831 4046 κατέπαυσεν.
2871 3990 3205 4056 Ἐπίσκοπος
3233 3993 3288 4048 δέ
3316 4012 3400 4058 τις
3431 3997 3538 4066 τῆς

1958 4084 2131 4159 Ἐᾠας
2151 4086 2246 4141 τὸν
2272 4085 2494 4155 βασιλέα
2523 4085 2926 4158 ἁνεπτέρωσεν,
2954 4085 3130 4154 λέγων
3160 4086 3225 4139 ὲκ
3243 4085 3379 4138 Θεοῦ
3414 4087 3537 4140 ὲπιο

1949 4182 2154 4254 σκῆψαι
2185 4179 2335 4254 αὐτῷ
2379 4180 2512 4250 ὄναρ
2545 4178 2770 4233 κελεῦον
2793 4178 2957 4233 αὑτὸν
3008 4177 3146 4249 πρὸς
3178 4178 3268 4232 τὸν
3306 4178 3532 4250 βασιλέα

1948 4277 2226 4346 γενέσθαι,
2252 4276 2346 4329 καὶ
2374 4274 2700 4347 αἰτήσασθαι
2732 4273 2894 4329 αὐτὸν
2935 4275 3064 4336 τοὺς
3092 4273 3151 4328 ἐν
3181 4273 3359 4346 Λιϐύῃ
3389 4276 3533 4347 Χρι-

1951 4370 2199 4432 στιανοὺς
2230 4367 2501 4442 ῥύσασθαι
2545 4368 2610 4422 ὲκ
2641 4369 2751 4422 τῶν
2808 4367 3110 4438 τυράννωνσ
3146 4366 3319 4437 Κάγὼ
3369 4369 3536 4434 αὐτῷ

1948 4460 2367 4531 συλλήψομαι,
2392 4460 2492 4514 καὶ
2528 4461 2753 4528 Λιϐύης
2793 4462 3001 4529 κύριον
3028 4458 3306 4529 θήσομαι.
3341 4461 3533 4515 Ταῦτα

275 4570 396 4607 men
430 4563 528 4616 est,
574 4555 885 4608 immensam
938 4554 1034 4607 vite
1077 4553 1472 4622 longitudinem,
1517 4564 1718 4623 quanta
1757 4557 1843 4610 nis

1956 4554 2256 4624 ὁβασι-λεὺς
2303 4552 2542 4616 ἀκούσας
2595 4553 2848 4624 κατέχειν
2892 4553 2991 4625 τὴν
3022 4554 3261 4608 διάνοιαν
3301 4555 3400 4607 ούκ
3448 4555 3532 4608 ἔτι

275 4653 466 4700 mirum
523 4648 686 4701 maris
731 4645 927 4712 spatia,
979 4656 1028 4700 et
1071 4662 1227 4716 quam
1272 4663 1522 4718 magnum
1576 4650 1842 4706 terrestris

274 4738 478 4790 itineris
510 4737 864 4803 intervallum,
904 4737 1043 4806 quod
1063 4753 1155 4804 per
1177 4748 1383 4792 centum
1404 4749 1454 4794 et
1485 4739 1842 4811 quadraginta

275 4830 384 4882 dies
427 4831 514 4883 vix
556 4829 742 4897 conﬁci
786 4829 974 4896 possit,
1013 4837 1267 4898 prwterea
1315 4845 1475 4898 quam
1517 4831 1584 4884 sit
1637 4832 1840 4887 incerta

277 4918 399 4972 belli
438 4919 651 4973 ineundi
697 4918 955 4982 victoria,
998 4919 1137 4972 vinci
1180 4930 1354 4973 autem
1395 4936 1552 4989 quam
1591 4923 1842 4977 miserum

1951 4647 2203 4718 ἠδύνατο,
2233 4644 2367 4701 ἀλλὰ
2397 4646 2496 4717 τήν
2525 4663 2584 4700 τε
2611 4643 2871 4717 στρατιὰν
2901 4646 2993 4698 καὶ
3017 4645 3112 4708 τὰς
3145 4644 3275 4708 ναῦς
3301 4645 3533 4710 ἐξώπλι-

1951 4740 2062 4806 ζεν,
2086 4739 2223 4792 ὅπλα
2249 4755 2310 4791 τε
2341 4739 2436 4792 καὶ
2461 4736 2604 4791 σιτία
2630 4738 2677 4770 ⁸³
2707 4736 3020 4809 ήτοίμαζεν.
3071 4737 3180 4790 Καὶ
3213 4737 3532 4810 Βελισάριον

1947 4830 2367 4899 ὲμπαράσκευον
2401 4829 2684 4882 ἐκέλευσεν
2716 4824 2875 4892 εἶναι,
2916 4827 2993 4891 ὡς
3039 4829 3098 4881 ἐν
3133 4829 3306 4901 Λιϐύῃ
3331 4846 3533 4900 cepa:-

1950 4923 2250 4993 ηγήσοντα.
2313 4921 2633 4982 Πουδέντιος
2668 4919 2726 4975 δὲ
2758 4921 2920 4985 εὐθὺς
2940 4921 3298 4993 τυραννήσας,
3323 4922 3530 4992 Τρίπο-

1528 5055 1613 5109 VA
1625 5057 1763 5113 BHE
1791 5057 2201 5116 LECTIONBS.

370 5197 418 5228 ⁷⁸
441 5195 541 5266 τὴν
574 5195 696 5250 add.
729 5212 792 5250 ex
829 5197 894 5248 A.

1005 5195 1049 5225 ⁷³
1075 5193 1241 5270 Semo;
1271 5192 1552 5270 A,_?.a_x_b;_
1604 5195 1750 5270 vulg.

1956 5196 2342 5270 ασιλεύσαντος
2371 5199 2438 5261 Α,
2473 5197 2874 5268 βασιλεύσαντα
2906 5200 3052 5270 vulg.

276 5268 344 5332 A,
395 5262 606 5336 Εὑγὶέην
639 5268 783 5337 vulg.
811 5268 882 5337 II.
907 5266 961 5337 li.”
984 5273 1039 5318 et
1096 5262 1258 5337 infra.
1346 5263 1390 5294 ⁷⁸
1519 5265 1591 5337 _A,
1620 5262 1739 5337 πῶς
1768 5265 1895 5334 vulg

281 5353 331 5389 ιι.
421 5339 466 5369 ⁷⁹
491 5333 782 5407 στρατείας
810 5336 1080 5399 ὲκλέξοιτο
1106 5336 1168 5407 Α,
1200 5337 1460 5407 στρατιᾶς
1483 5333 1776 5407 ὲξελέξοιτο
1795 5333 1941 5407 vulg.

279 5409 325 5440 "
353 5403 606 5477 ἀνόνητον
632 5424 683 5472 e,
719 5408 942 5475 ἀνόητον
979 5421 1030 5470 a,
1072 5403 1344 5474 ἀνώνητον
1378 5403 1518 5471 vulg.
1590 5406 1636 5436 ³³
1666 5406 1853 5460 σιτίαλ

1956 5410 2115 5461 ιιτεῖα
2144 5409 2288 5477 vulg.

3163 5201 3209 5233 ⁷⁵
3243 5201 3524 5273 Εὐαγέτην

2877 5272 2920 5302 ⁷⁸
2949 5270 3430 5341 προκαλεσάμενος
3477 5270 3529 5328 ’Β

2007 5268 2248 5340 τῖ-αύτὴν
2297 5269 2362 5340 Α,
2392 5270 2596 5340 ταύτην
2642 5270 2788 5337 vulg.

2026 5337 2078 5414 ⁸⁸1
2102 5339 2473 5414 ἀντιτείνομεν
2504 5337 2570 5403 Α,
2603 5339 2957 5411 ἁνατείνομεν
2986 5337 3132 5412 vulg.
3210 5337 3423 5414 ’νομοῦ
3453 5347 3521 5402 Δ.

1563 5525 1703 5580 JAC.
1739 5525 1952 5585 GOARI
1981 5530 2213 5587 NOTAE.

354 5623 463 5691 ΘΞ)
496 5621 671 5680 Locus
728 5620 988 5691 injuriose
1051 5619 1311 5675 Belisario
1356 5619 1621 5685 redditus,
1688 5621 1844 5689 quasi

280 5713 404 5747 cum
434 5694 626 5747 (lucem
662 5692 861 5762 praetici
906 5693 1234 5761 peculiarius
1275 5692 1552 5762 timerent,
1594 5706 1657 5744 ac
1691 5691 1845 5744 velut

284 5767 460 5834 ipsum
495 5761 711 5832 negotio
752 5765 1055 5832 imparem;
1107 5778 1213 5815 non
1273 5761 1507 5828 quisque
1552 5771 1841 5834 metueret,

285 5829 350 5888 nc
381 5835 486 5891 sibi
513 5829 711 5889 munus
749 5829 850 5887 hoc
900 5834 1335 5887 connnitteretur
1362 5841 1523 5885 tantae
1575 5836 1723 5887 atem.
1748 5829 1840 5887 Sic

1945 5627 2427 5703 clar-ius_Procop.,
2459 5629 2690 5703 δεδιότες
2720 5631 2777 5685 δὲ
2816 5633 3068 5698 ἕκαστος,
3133 5649 3252 5686 cum
3306 5633 3528 5703 quisque

1940 5700 2166 5775 periculi
2196 5700 2612 5775 magnitudinem
2650 5703 2878 5775 timeret,
2914 5720 2978 5755 ne
3005 5703 3144 5772 forte
3170 5720 3290 5758 eum
3319 5700 3523 5775 imper.

1939 5771 2206 5823 exercitus
2230 5771 2414 5826 ducem
2438 5773 2756 5841 prreﬁceret.
2795 5771 3087 5830 Constans.
