  <div class='ocr_page' id='page_1' title='image "/cluster/home/n/w/nwhite01/storage/ocr_20150623/108/mdp.39015037042556/232.png"; bbox 0 0 3972 6290; ppageno 0'>
   <div class='ocr_carea' id='block_1_1' title="bbox 143 351 1716 419">
    <p class='ocr_par' dir='ltr' id='par_1_1' title="bbox 143 352 1716 418">
     <span class='ocr_line' id='line_1_1' title="bbox 143 352 1716 418; baseline -0.002 -1"><span class='ocrx_word' id='word_1_1' title='bbox 143 353 219 418; x_wconf 67' lang='grc'><strong>149</strong></span> <span class='ocrx_word' id='word_1_2' title='bbox 1410 352 1716 414; x_wconf 74' lang='grc' dir='ltr'><strong>ΕΗΒΟΝΟ</strong></span> 
     </span>
    </p>
   </div>
   <div class='ocr_carea' id='block_1_2' title="bbox 1818 351 3376 419">
    <p class='ocr_par' dir='ltr' id='par_1_2' title="bbox 1818 351 3376 419">
     <span class='ocr_line' id='line_1_2' title="bbox 1818 351 3376 419; baseline 0.004 -7"><span class='ocrx_word' id='word_1_3' title='bbox 1818 352 2088 414; x_wconf 74' lang='lat' dir='ltr'><strong>lAPHIA.</strong></span> <span class='ocrx_word' id='word_1_4' title='bbox 3269 351 3376 419; x_wconf 72' lang='grc'><strong>450</strong></span> 
     </span>
    </p>
   </div>
   <div class='ocr_carea' id='block_1_3' title="bbox 141 461 1716 536">
    <p class='ocr_par' dir='ltr' id='par_1_3' title="bbox 141 463 1691 536">
     <span class='ocr_line' id='line_1_3' title="bbox 141 463 1691 536; baseline -0.005 -15"><span class='ocrx_word' id='word_1_5' title='bbox 141 469 315 534; x_wconf 69' lang='grc' dir='ltr'>νήσους.</span> <span class='ocrx_word' id='word_1_6' title='bbox 362 465 532 536; x_wconf 79' lang='grc' dir='ltr'>αἴπερ</span> <span class='ocrx_word' id='word_1_7' title='bbox 586 463 757 536; x_wconf 66' lang='grc' dir='ltr'>ἐγγύς</span> <span class='ocrx_word' id='word_1_8' title='bbox 805 466 912 519; x_wconf 72' lang='grc' dir='ltr'>εἰσι</span> <span class='ocrx_word' id='word_1_9' title='bbox 959 465 1055 536; x_wconf 80' lang='grc' dir='ltr'><strong>τῆς</strong></span> <span class='ocrx_word' id='word_1_10' title='bbox 1109 464 1366 518; x_wconf 75' lang='grc' dir='ltr'>Ὠκεανοῦ</span> <span class='ocrx_word' id='word_1_11' title='bbox 1421 465 1691 536; x_wconf 77' lang='grc' dir='ltr'>εἰσϐολῆς,</span> 
     </span>
    </p>
   </div>
   <div class='ocr_carea' id='block_1_4' title="bbox 1818 461 3378 536">
    <p class='ocr_par' dir='ltr' id='par_1_4' title="bbox 1818 461 3378 535">
     <span class='ocr_line' id='line_1_4' title="bbox 1818 461 3378 535; baseline 0.004 -17"><span class='ocrx_word' id='word_1_12' title='bbox 1818 466 2014 533; x_wconf 81' lang='lat' dir='ltr'><strong>;cneris</strong></span> <span class='ocrx_word' id='word_1_13' title='bbox 2079 461 2361 520; x_wconf 73' lang='lat' dir='ltr'><strong>molestias</strong></span> <span class='ocrx_word' id='word_1_14' title='bbox 2419 462 2620 535; x_wconf 67' lang='lat' dir='ltr'><strong>Papum</strong></span> <span class='ocrx_word' id='word_1_15' title='bbox 2675 464 2861 522; x_wconf 88' lang='lat' dir='ltr'><strong>subire</strong></span> <span class='ocrx_word' id='word_1_16' title='bbox 2915 473 3163 534; x_wconf 52' lang='lat' dir='ltr'><strong>eoa-Hs.</strong></span> <span class='ocrx_word' id='word_1_17' title='bbox 3227 483 3378 525; x_wconf 88' lang='lat' dir='ltr'><strong>nunc</strong></span> 
     </span>
    </p>
   </div>
   <div class='ocr_carea' id='block_1_5' title="bbox 139 555 1716 629">
    <p class='ocr_par' dir='ltr' id='par_1_5' title="bbox 139 555 1692 629">
     <span class='ocr_line' id='line_1_5' title="bbox 139 555 1692 629; baseline -0.003 -15"><span class='ocrx_word' id='word_1_18' title='bbox 139 555 376 629; x_wconf 70' lang='grc' dir='ltr'>Μαῐδρικά</span> <span class='ocrx_word' id='word_1_19' title='bbox 418 575 478 610; x_wconf 87' lang='grc' dir='ltr'><strong>τε</strong></span> <span class='ocrx_word' id='word_1_20' title='bbox 515 559 615 613; x_wconf 69' lang='grc' dir='ltr'><strong>καὶ</strong></span> <span class='ocrx_word' id='word_1_21' title='bbox 664 557 963 628; x_wconf 84' lang='grc' dir='ltr'>Μινόρικα,</span> <span class='ocrx_word' id='word_1_22' title='bbox 995 557 1401 628; x_wconf 74' lang='grc' dir='ltr'>Ἀπολλινάριον</span> <span class='ocrx_word' id='word_1_23' title='bbox 1443 557 1692 611; x_wconf 73' lang='grc' dir='ltr'><strong>ἔστελλεν</strong></span> 
     </span>
    </p>
   </div>
   <div class='ocr_carea' id='block_1_6' title="bbox 1818 555 3377 629">
    <p class='ocr_par' dir='ltr' id='par_1_6' title="bbox 1818 556 3377 628">
     <span class='ocr_line' id='line_1_6' title="bbox 1818 556 3377 628; baseline 0.004 -19"><span class='ocrx_word' id='word_1_24' title='bbox 1818 559 2013 611; x_wconf 88' lang='lat' dir='ltr'><strong>Iemum</strong></span> <span class='ocrx_word' id='word_1_25' title='bbox 2064 556 2262 625; x_wconf 84' lang='lat' dir='ltr'><strong>captivi</strong></span> <span class='ocrx_word' id='word_1_26' title='bbox 2304 561 2488 626; x_wconf 82' lang='lat' dir='ltr'><strong>specie</strong></span> <span class='ocrx_word' id='word_1_27' title='bbox 2511 572 2833 627; x_wconf 87' lang='lat' dir='ltr'><strong>oppressus,</strong></span> <span class='ocrx_word' id='word_1_28' title='bbox 2881 560 3087 614; x_wconf 87' lang='lat' dir='ltr'><strong>nullius</strong></span> <span class='ocrx_word' id='word_1_29' title='bbox 3127 561 3377 628; x_wconf 75' lang='lat' dir='ltr'><strong>alterius,</strong></span> 
     </span>
    </p>
   </div>
   <div class='ocr_carea' id='block_1_7' title="bbox 140 648 1716 720">
    <p class='ocr_par' dir='ltr' id='par_1_7' title="bbox 140 648 1692 719">
     <span class='ocr_line' id='line_1_7' title="bbox 140 648 1692 719; baseline -0.001 -16"><span class='ocrx_word' id='word_1_30' title='bbox 140 651 280 718; x_wconf 77' lang='grc' dir='ltr'>ἄνδρα</span> <span class='ocrx_word' id='word_1_31' title='bbox 309 648 514 719; x_wconf 68' lang='grc' dir='ltr'>ἀγαθὸν</span> <span class='ocrx_word' id='word_1_32' title='bbox 542 648 736 712; x_wconf 73' lang='grc' dir='ltr'>εἰς’τὰ</span> <span class='ocrx_word' id='word_1_33' title='bbox 771 649 1027 719; x_wconf 79' lang='grc' dir='ltr'>πολέμια.</span> <span class='ocrx_word' id='word_1_34' title='bbox 1062 649 1372 702; x_wconf 76' lang='grc' dir='ltr'>’Λπέστεελε</span> <span class='ocrx_word' id='word_1_35' title='bbox 1403 648 1460 701; x_wconf 78' lang='grc' dir='ltr'>δὲ</span> <span class='ocrx_word' id='word_1_36' title='bbox 1509 649 1600 702; x_wconf 70' lang='grc' dir='ltr'>καὶ</span> <span class='ocrx_word' id='word_1_37' title='bbox 1634 651 1692 702; x_wconf 84' lang='grc' dir='ltr'>ἐν</span> 
     </span>
    </p>
   </div>
   <div class='ocr_carea' id='block_1_8' title="bbox 1818 648 3379 720">
    <p class='ocr_par' dir='ltr' id='par_1_8' title="bbox 1818 648 3379 720">
     <span class='ocr_line' id='line_1_8' title="bbox 1818 648 3379 720; baseline 0.004 -19"><span class='ocrx_word' id='word_1_38' title='bbox 1818 664 1963 720; x_wconf 59' lang='lat' dir='ltr'><strong>gnam</strong></span> <span class='ocrx_word' id='word_1_39' title='bbox 2019 648 2230 717; x_wconf 88' lang='lat' dir='ltr'><strong>copiosi</strong></span> <span class='ocrx_word' id='word_1_40' title='bbox 2283 649 2430 704; x_wconf 84' lang='lat' dir='ltr'><strong>risus</strong></span> <span class='ocrx_word' id='word_1_41' title='bbox 2473 649 2669 719; x_wconf 78' lang='lat' dir='ltr'><strong>dignas</strong></span> <span class='ocrx_word' id='word_1_42' title='bbox 2720 665 2808 706; x_wconf 90' lang='lat' dir='ltr'><strong>res</strong></span> <span class='ocrx_word' id='word_1_43' title='bbox 2869 651 3137 706; x_wconf 89' lang='lat' dir='ltr'><strong>humanas</strong></span> <span class='ocrx_word' id='word_1_44' title='bbox 3186 668 3379 707; x_wconf 83' lang='lat' dir='ltr'><strong>omnes</strong></span> 
     </span>
    </p>
   </div>
   <div class='ocr_carea' id='block_1_9' title="bbox 141 738 1716 814">
    <p class='ocr_par' dir='ltr' id='par_1_9' title="bbox 141 742 1696 814">
     <span class='ocr_line' id='line_1_9' title="bbox 141 742 1696 814; baseline 0 -20"><span class='ocrx_word' id='word_1_45' title='bbox 141 743 329 814; x_wconf 72' lang='grc' dir='ltr'>Σ;κελὶα</span> <span class='ocrx_word' id='word_1_46' title='bbox 353 744 463 814; x_wconf 79' lang='lat'><strong>(39)</strong></span> <span class='ocrx_word' id='word_1_47' title='bbox 495 743 653 806; x_wconf 71' lang='grc' dir='ltr'>τινὰς</span> <span class='ocrx_word' id='word_1_48' title='bbox 673 742 783 795; x_wconf 82' lang='grc' dir='ltr'><strong>τῶν</strong></span> <span class='ocrx_word' id='word_1_49' title='bbox 799 742 1102 804; x_wconf 75' lang='grc' dir='ltr'>Λιϐυαίων,</span> <span class='ocrx_word' id='word_1_50' title='bbox 1123 742 1214 795; x_wconf 68' lang='grc' dir='ltr'><strong>καὶ</strong></span> <span class='ocrx_word' id='word_1_51' title='bbox 1239 743 1344 794; x_wconf 83' lang='grc' dir='ltr'><strong>τῶν</strong></span> <span class='ocrx_word' id='word_1_52' title='bbox 1371 742 1696 813; x_wconf 75' lang='grc' dir='ltr'>υὺανδήλων</span> 
     </span>
    </p>
   </div>
   <div class='ocr_carea' id='block_1_10' title="bbox 1818 738 3382 814">
    <p class='ocr_par' dir='ltr' id='par_1_10' title="bbox 1818 738 3382 814">
     <span class='ocr_line' id='line_1_10' title="bbox 1818 738 3382 814; baseline 0.001 -18"><span class='ocrx_word' id='word_1_53' title='bbox 1818 740 2167 797; x_wconf 81' lang='lat' dir='ltr'><strong>:xistimabat.</strong></span> <span class='ocrx_word' id='word_1_54' title='bbox 2214 738 2349 795; x_wconf 89' lang='lat' dir='ltr'><strong>Eum</strong></span> <span class='ocrx_word' id='word_1_55' title='bbox 2388 757 2552 811; x_wconf 90' lang='lat' dir='ltr'><strong>porro</strong></span> <span class='ocrx_word' id='word_1_56' title='bbox 2581 757 2704 796; x_wconf 92' lang='lat' dir='ltr'><strong>cum</strong></span> <span class='ocrx_word' id='word_1_57' title='bbox 2757 744 3116 814; x_wconf 90' lang='lat' dir='ltr'><strong>optimatibus</strong></span> <span class='ocrx_word' id='word_1_58' title='bbox 3160 745 3382 798; x_wconf 83' lang='lat' dir='ltr'><strong>Vanda-</strong></span> 
     </span>
    </p>
   </div>
   <div class='ocr_carea' id='block_1_11' title="bbox 138 832 1716 908">
    <p class='ocr_par' dir='ltr' id='par_1_11' title="bbox 138 833 1696 908">
     <span class='ocr_line' id='line_1_11' title="bbox 138 833 1696 908; baseline -0.004 -16"><span class='ocrx_word' id='word_1_59' title='bbox 138 837 182 892; x_wconf 73' lang='grc' dir='ltr'>ὀδ</span> <span class='ocrx_word' id='word_1_60' title='bbox 213 837 459 908; x_wconf 76' lang='grc' dir='ltr'>φρούριον</span> <span class='ocrx_word' id='word_1_61' title='bbox 488 835 678 888; x_wconf 74' lang='grc' dir='ltr'>λαϐεῖν</span> <span class='ocrx_word' id='word_1_62' title='bbox 706 835 1014 889; x_wconf 78' lang='grc' dir='ltr'>ἐκέλευσεν.</span> <span class='ocrx_word' id='word_1_63' title='bbox 1047 835 1107 888; x_wconf 89' lang='grc' dir='ltr'><strong>Οἱ</strong></span> <span class='ocrx_word' id='word_1_64' title='bbox 1139 834 1193 887; x_wconf 83' lang='grc' dir='ltr'>δὲ</span> <span class='ocrx_word' id='word_1_65' title='bbox 1227 834 1388 887; x_wconf 79' lang='grc' dir='ltr'>τοῦτο</span> <span class='ocrx_word' id='word_1_66' title='bbox 1419 833 1461 865; x_wconf 82' lang='grc'>¹⁸</span> <span class='ocrx_word' id='word_1_67' title='bbox 1492 835 1696 902; x_wconf 67' lang='grc' dir='ltr'>φυλάτ-</span> 
     </span>
    </p>
   </div>
   <div class='ocr_carea' id='block_1_12' title="bbox 1818 832 3381 908">
    <p class='ocr_par' dir='ltr' id='par_1_12' title="bbox 1825 832 3381 908">
     <span class='ocr_line' id='line_1_12' title="bbox 1825 832 3381 908; baseline 0.001 -20"><span class='ocrx_word' id='word_1_68' title='bbox 1825 849 1982 888; x_wconf 90' lang='lat' dir='ltr'><strong>orum</strong></span> <span class='ocrx_word' id='word_1_69' title='bbox 2040 832 2297 889; x_wconf 91' lang='lat' dir='ltr'><strong>omnibus</strong></span> <span class='ocrx_word' id='word_1_70' title='bbox 2334 848 2363 887; x_wconf 92' lang='lat' dir='ltr'><strong>a</strong></span> <span class='ocrx_word' id='word_1_71' title='bbox 2399 835 2669 891; x_wconf 87' lang='lat' dir='ltr'><strong>dedecore</strong></span> <span class='ocrx_word' id='word_1_72' title='bbox 2719 837 2880 906; x_wconf 83' lang='lat' dir='ltr'><strong>longe</strong></span> <span class='ocrx_word' id='word_1_73' title='bbox 2926 846 2980 891; x_wconf 91' lang='lat' dir='ltr'><strong>et</strong></span> <span class='ocrx_word' id='word_1_74' title='bbox 3033 846 3381 908; x_wconf 84' lang='lat' dir='ltr'><strong>contemptu,</strong></span> 
     </span>
    </p>
   </div>
   <div class='ocr_carea' id='block_1_13' title="bbox 139 923 1716 999">
    <p class='ocr_par' dir='ltr' id='par_1_13' title="bbox 139 924 1697 999">
     <span class='ocr_line' id='line_1_13' title="bbox 139 924 1697 999; baseline -0.003 -15"><span class='ocrx_word' id='word_1_75' title='bbox 139 949 293 993; x_wconf 80' lang='grc' dir='ltr'>τοντες</span> <span class='ocrx_word' id='word_1_76' title='bbox 319 929 502 982; x_wconf 82' lang='grc' dir='ltr'>Γότθοι</span> <span class='ocrx_word' id='word_1_77' title='bbox 530 929 668 999; x_wconf 78' lang='grc' dir='ltr'>πρὸς</span> <span class='ocrx_word' id='word_1_78' title='bbox 695 929 738 961; x_wconf 79' lang='grc'>⁸⁸</span> <span class='ocrx_word' id='word_1_79' title='bbox 770 930 868 999; x_wconf 80' lang='grc' dir='ltr'>τὴν</span> <span class='ocrx_word' id='word_1_80' title='bbox 894 928 1108 999; x_wconf 80' lang='grc' dir='ltr'>μητέρα</span> <span class='ocrx_word' id='word_1_81' title='bbox 1138 927 1494 998; x_wconf 83' lang='grc' dir='ltr'>Ἀταλαρίχου</span> <span class='ocrx_word' id='word_1_82' title='bbox 1524 924 1697 981; x_wconf 81' lang='grc' dir='ltr'>ταῦτα</span> 
     </span>
    </p>
   </div>
   <div class='ocr_carea' id='block_1_14' title="bbox 1818 923 3385 999">
    <p class='ocr_par' dir='ltr' id='par_1_14' title="bbox 1818 923 3385 995">
     <span class='ocr_line' id='line_1_14' title="bbox 1818 923 3385 995; baseline 0.001 -15"><span class='ocrx_word' id='word_1_83' title='bbox 1818 926 1909 980; x_wconf 71' lang='lat' dir='ltr'><strong>sub</strong></span> <span class='ocrx_word' id='word_1_84' title='bbox 1955 935 2071 981; x_wconf 83' lang='lat' dir='ltr'><strong>tuta</strong></span> <span class='ocrx_word' id='word_1_85' title='bbox 2124 923 2252 980; x_wconf 89' lang='lat' dir='ltr'><strong>licet</strong></span> <span class='ocrx_word' id='word_1_86' title='bbox 2282 926 2560 991; x_wconf 85' lang='lat' dir='ltr'><strong>custodia,</strong></span> <span class='ocrx_word' id='word_1_87' title='bbox 2598 928 2774 981; x_wconf 90' lang='lat' dir='ltr'><strong>tenuit</strong></span> <span class='ocrx_word' id='word_1_88' title='bbox 2814 928 3139 995; x_wconf 86' lang='lat' dir='ltr'><strong>Belisarius,</strong></span> <span class='ocrx_word' id='word_1_89' title='bbox 3170 939 3227 984; x_wconf 93' lang='lat' dir='ltr'><strong>ut</strong></span> <span class='ocrx_word' id='word_1_90' title='bbox 3261 945 3385 983; x_wconf 89' lang='lat' dir='ltr'><strong>eum</strong></span> 
     </span>
    </p>
   </div>
   <div class='ocr_carea' id='block_1_15' title="bbox 138 1016 1716 1092">
    <p class='ocr_par' dir='ltr' id='par_1_15' title="bbox 138 1020 1697 1092">
     <span class='ocr_line' id='line_1_15' title="bbox 138 1020 1697 1092; baseline -0.001 -16"><span class='ocrx_word' id='word_1_91' title='bbox 138 1023 248 1092; x_wconf 71' lang='grc' dir='ltr'>δῆλα</span> <span class='ocrx_word' id='word_1_92' title='bbox 273 1023 554 1092; x_wconf 75' lang='grc' dir='ltr'>ἐποίησαν.</span> <span class='ocrx_word' id='word_1_93' title='bbox 601 1021 666 1075; x_wconf 85' lang='grc' dir='ltr'><strong>Ἥ</strong></span> <span class='ocrx_word' id='word_1_94' title='bbox 696 1024 752 1076; x_wconf 76' lang='grc' dir='ltr'>δὲ</span> <span class='ocrx_word' id='word_1_95' title='bbox 807 1022 1010 1090; x_wconf 77' lang='grc' dir='ltr'>γράφει</span> <span class='ocrx_word' id='word_1_96' title='bbox 1064 1020 1203 1092; x_wconf 79' lang='grc' dir='ltr'>πρὸς</span> <span class='ocrx_word' id='word_1_97' title='bbox 1251 1021 1572 1090; x_wconf 72' lang='grc' dir='ltr'>Βελισὰριον</span> <span class='ocrx_word' id='word_1_98' title='bbox 1622 1020 1697 1092; x_wconf 81' lang='grc' dir='ltr'>μὴ</span> 
     </span>
    </p>
   </div>
   <div class='ocr_carea' id='block_1_16' title="bbox 1818 1016 3384 1092">
    <p class='ocr_par' dir='ltr' id='par_1_16' title="bbox 1818 1016 3384 1092">
     <span class='ocr_line' id='line_1_16' title="bbox 1818 1016 3384 1092; baseline 0.004 -22"><span class='ocrx_word' id='word_1_99' title='bbox 1818 1017 1871 1070; x_wconf 71' lang='lat' dir='ltr'><strong>id</strong></span> <span class='ocrx_word' id='word_1_100' title='bbox 1908 1017 2293 1088; x_wconf 87' lang='lat' dir='ltr'><strong>imperatorem</strong></span> <span class='ocrx_word' id='word_1_101' title='bbox 2319 1016 2690 1073; x_wconf 80' lang='lat' dir='ltr'><strong>Justinianum</strong></span> <span class='ocrx_word' id='word_1_102' title='bbox 2714 1019 3034 1092; x_wconf 82' lang='lat' dir='ltr'><strong>Byzantium</strong></span> <span class='ocrx_word' id='word_1_103' title='bbox 3069 1022 3384 1077; x_wconf 79' lang='lat' dir='ltr'><strong>deduceret.</strong></span> 
     </span>
    </p>
   </div>
   <div class='ocr_carea' id='block_1_17' title="bbox 137 1112 1716 1186">
    <p class='ocr_par' dir='ltr' id='par_1_17' title="bbox 137 1112 1706 1185">
     <span class='ocr_line' id='line_1_17' title="bbox 137 1112 1706 1185; baseline -0.001 -19"><span class='ocrx_word' id='word_1_104' title='bbox 137 1114 272 1168; x_wconf 77' lang='grc' dir='ltr'>τοῦτο</span> <span class='ocrx_word' id='word_1_105' title='bbox 300 1114 574 1185; x_wconf 79' lang='grc' dir='ltr'>τυραννίδι</span> <span class='ocrx_word' id='word_1_106' title='bbox 608 1115 652 1147; x_wconf 81' lang='grc'><strong>¹⁷</strong></span> <span class='ocrx_word' id='word_1_107' title='bbox 691 1114 878 1167; x_wconf 81' lang='grc' dir='ltr'>λαϐεῖν</span> <span class='ocrx_word' id='word_1_108' title='bbox 928 1114 990 1166; x_wconf 79' lang='grc' dir='ltr'>τὸ</span> <span class='ocrx_word' id='word_1_109' title='bbox 1035 1113 1318 1185; x_wconf 74' lang='grc' dir='ltr'>φρούριον,</span> <span class='ocrx_word' id='word_1_110' title='bbox 1368 1113 1474 1178; x_wconf 67' lang='grc' dir='ltr'><strong>ἕως</strong></span> <span class='ocrx_word' id='word_1_111' title='bbox 1513 1112 1579 1167; x_wconf 83' lang='grc' dir='ltr'>ἂν</span> <span class='ocrx_word' id='word_1_112' title='bbox 1612 1113 1706 1184; x_wconf 87' lang='grc' dir='ltr'><strong>βα-</strong></span> 
     </span>
    </p>
   </div>
   <div class='ocr_carea' id='block_1_18' title="bbox 1818 1112 3383 1186">
    <p class='ocr_par' dir='ltr' id='par_1_18' title="bbox 1818 1113 3383 1186">
     <span class='ocr_line' id='line_1_18' title="bbox 1818 1113 3383 1186; baseline 0.001 -17"><span class='ocrx_word' id='word_1_113' title='bbox 1818 1113 2077 1169; x_wconf 72' lang='grc' dir='ltr'>]οηιὶιιυο</span> <span class='ocrx_word' id='word_1_114' title='bbox 2127 1128 2260 1170; x_wconf 88' lang='lat' dir='ltr'><strong>vero</strong></span> <span class='ocrx_word' id='word_1_115' title='bbox 2309 1113 2574 1186; x_wconf 84' lang='lat' dir='ltr'><strong>Cyrillum</strong></span> <span class='ocrx_word' id='word_1_116' title='bbox 2615 1130 2738 1170; x_wconf 92' lang='lat' dir='ltr'><strong>cum</strong></span> <span class='ocrx_word' id='word_1_117' title='bbox 2791 1115 2970 1185; x_wconf 84' lang='lat' dir='ltr'><strong>capite</strong></span> <span class='ocrx_word' id='word_1_118' title='bbox 2999 1115 3288 1171; x_wconf 85' lang='lat' dir='ltr'><strong>Tzatzouis</strong></span> <span class='ocrx_word' id='word_1_119' title='bbox 3330 1116 3383 1171; x_wconf 91' lang='lat' dir='ltr'><strong>in</strong></span> 
     </span>
    </p>
   </div>
   <div class='ocr_carea' id='block_1_19' title="bbox 139 1202 1716 1277">
    <p class='ocr_par' dir='ltr' id='par_1_19' title="bbox 139 1202 1702 1276">
     <span class='ocr_line' id='line_1_19' title="bbox 139 1202 1702 1276; baseline -0.001 -16"><span class='ocrx_word' id='word_1_120' title='bbox 139 1207 298 1272; x_wconf 80' lang='grc' dir='ltr'>σιλεὺς</span> <span class='ocrx_word' id='word_1_121' title='bbox 347 1207 730 1270; x_wconf 81' lang='grc' dir='ltr'>Ἰουστινιανὸς</span> <span class='ocrx_word' id='word_1_122' title='bbox 767 1205 902 1276; x_wconf 83' lang='grc' dir='ltr'>γνῷ,</span> <span class='ocrx_word' id='word_1_123' title='bbox 951 1206 1044 1259; x_wconf 77' lang='grc' dir='ltr'>καὶ</span> <span class='ocrx_word' id='word_1_124' title='bbox 1070 1206 1138 1262; x_wconf 75' lang='grc' dir='ltr'>τὰ</span> <span class='ocrx_word' id='word_1_125' title='bbox 1179 1205 1439 1260; x_wconf 77' lang='grc' dir='ltr'>δοκοῦντα</span> <span class='ocrx_word' id='word_1_126' title='bbox 1467 1207 1510 1236; x_wconf 84' lang='grc'><strong>¹⁸</strong></span> <span class='ocrx_word' id='word_1_127' title='bbox 1554 1202 1702 1276; x_wconf 80' lang='grc' dir='ltr'><strong>αὑτῷ</strong></span> 
     </span>
    </p>
   </div>
   <div class='ocr_carea' id='block_1_20' title="bbox 1818 1202 3391 1277">
    <p class='ocr_par' dir='ltr' id='par_1_20' title="bbox 1818 1202 3391 1277">
     <span class='ocr_line' id='line_1_20' title="bbox 1818 1202 3391 1277; baseline 0 -19"><span class='ocrx_word' id='word_1_128' title='bbox 1818 1204 2112 1259; x_wconf 74' lang='lat' dir='ltr'><strong>Sardiniam</strong></span> <span class='ocrx_word' id='word_1_129' title='bbox 2164 1205 2423 1268; x_wconf 85' lang='lat' dir='ltr'><strong>insulam,</strong></span> <span class='ocrx_word' id='word_1_130' title='bbox 2487 1202 2733 1274; x_wconf 87' lang='lat' dir='ltr'><strong>Cyrnum</strong></span> <span class='ocrx_word' id='word_1_131' title='bbox 2785 1206 2914 1259; x_wconf 90' lang='lat' dir='ltr'><strong>olim</strong></span> <span class='ocrx_word' id='word_1_132' title='bbox 2966 1206 3192 1271; x_wconf 86' lang='lat' dir='ltr'><strong>dictam,</strong></span> <span class='ocrx_word' id='word_1_133' title='bbox 3231 1206 3391 1277; x_wconf 73' lang='lat'><strong>169</strong></span> 
     </span>
    </p>
   </div>
   <div class='ocr_carea' id='block_1_21' title="bbox 137 1297 1716 1372">
    <p class='ocr_par' dir='ltr' id='par_1_21' title="bbox 137 1297 1701 1372">
     <span class='ocr_line' id='line_1_21' title="bbox 137 1297 1701 1372; baseline -0.002 -20"><span class='ocrx_word' id='word_1_134' title='bbox 137 1300 336 1372; x_wconf 75' lang='grc' dir='ltr'>ποιήσῃ,</span> <span class='ocrx_word' id='word_1_135' title='bbox 371 1298 460 1352; x_wconf 86' lang='grc' dir='ltr'>Ἐν</span> <span class='ocrx_word' id='word_1_136' title='bbox 496 1298 672 1369; x_wconf 80' lang='grc' dir='ltr'>τούτῳ</span> <span class='ocrx_word' id='word_1_137' title='bbox 724 1298 781 1351; x_wconf 83' lang='grc' dir='ltr'>δὲ</span> <span class='ocrx_word' id='word_1_138' title='bbox 829 1300 856 1352; x_wconf 88' lang='grc' dir='ltr'><strong>ό</strong></span> <span class='ocrx_word' id='word_1_139' title='bbox 889 1297 1255 1362; x_wconf 77' lang='grc' dir='ltr'>Οὑανδαλικδς</span> <span class='ocrx_word' id='word_1_140' title='bbox 1304 1297 1541 1370; x_wconf 87' lang='grc' dir='ltr'>πόλεμος</span> <span class='ocrx_word' id='word_1_141' title='bbox 1584 1299 1701 1351; x_wconf 85' lang='grc' dir='ltr'>ὲτε-</span> 
     </span>
    </p>
   </div>
   <div class='ocr_carea' id='block_1_22' title="bbox 1818 1297 3389 1372">
    <p class='ocr_par' dir='ltr' id='par_1_22' title="bbox 1818 1298 3389 1369">
     <span class='ocr_line' id='line_1_22' title="bbox 1818 1298 3389 1369; baseline 0 -16"><span class='ocrx_word' id='word_1_142' title='bbox 1818 1300 2176 1368; x_wconf 88' lang='lat' dir='ltr'><strong>nisit;quam</strong></span> <span class='ocrx_word' id='word_1_143' title='bbox 2232 1299 2320 1353; x_wconf 91' lang='lat' dir='ltr'><strong>ille</strong></span> <span class='ocrx_word' id='word_1_144' title='bbox 2370 1299 2719 1368; x_wconf 87' lang='lat' dir='ltr'><strong>postmodum</strong></span> <span class='ocrx_word' id='word_1_145' title='bbox 2764 1300 2814 1353; x_wconf 92' lang='lat' dir='ltr'><strong>in</strong></span> <span class='ocrx_word' id='word_1_146' title='bbox 2851 1298 3230 1355; x_wconf 79' lang='lat' dir='ltr'><strong>Romanorum</strong></span> <span class='ocrx_word' id='word_1_147' title='bbox 3287 1314 3389 1369; x_wconf 89' lang='lat' dir='ltr'><strong>po-</strong></span> 
     </span>
    </p>
   </div>
   <div class='ocr_carea' id='block_1_23' title="bbox 137 1388 1716 1459">
    <p class='ocr_par' dir='ltr' id='par_1_23' title="bbox 137 1392 1543 1448">
     <span class='ocr_line' id='line_1_23' title="bbox 137 1392 1543 1448; baseline 0.002 -3"><span class='ocrx_word' id='word_1_148' title='bbox 137 1392 278 1448; x_wconf 77' lang='grc' dir='ltr'>λεύτα</span> <span class='ocrx_word' id='word_1_149' title='bbox 1541 1422 1543 1424; x_wconf 90' lang='grc'>·</span> 
     </span>
    </p>
   </div>
   <div class='ocr_carea' id='block_1_24' title="bbox 1818 1388 3388 1459">
    <p class='ocr_par' dir='ltr' id='par_1_24' title="bbox 1818 1388 3388 1459">
     <span class='ocr_line' id='line_1_24' title="bbox 1818 1388 3388 1459; baseline -0.001 -15"><span class='ocrx_word' id='word_1_150' title='bbox 1818 1390 2297 1459; x_wconf 69' lang='grc' dir='ltr'>εδιειοιιιξτοοερίι.</span> <span class='ocrx_word' id='word_1_151' title='bbox 2317 1388 2581 1444; x_wconf 76' lang='lat' dir='ltr'><strong>Joannem</strong></span> <span class='ocrx_word' id='word_1_152' title='bbox 2609 1399 2789 1444; x_wconf 89' lang='lat' dir='ltr'><strong>autem</strong></span> <span class='ocrx_word' id='word_1_153' title='bbox 2809 1389 3037 1444; x_wconf 90' lang='lat' dir='ltr'><strong>alterum</strong></span> <span class='ocrx_word' id='word_1_154' title='bbox 3056 1390 3388 1456; x_wconf 63' lang='lat' dir='ltr'><strong>Caasaream,</strong></span> 
     </span>
    </p>
   </div>
   <div class='ocr_carea' id='block_1_25' title="bbox 137 1481 3390 1554">
    <p class='ocr_par' dir='ltr' id='par_1_25' title="bbox 137 1481 3390 1554">
     <span class='ocr_line' id='line_1_25' title="bbox 137 1481 3390 1554; baseline -0.001 -15"><span class='ocrx_word' id='word_1_155' title='bbox 137 1499 236 1554; x_wconf 73' lang='lat' dir='ltr'><strong>qua:</strong></span> <span class='ocrx_word' id='word_1_156' title='bbox 286 1484 624 1540; x_wconf 65' lang='lat' dir='ltr'><strong>Mauritaniae</strong></span> <span class='ocrx_word' id='word_1_157' title='bbox 658 1491 740 1539; x_wconf 90' lang='lat' dir='ltr'><strong>est</strong></span> <span class='ocrx_word' id='word_1_158' title='bbox 775 1483 1052 1554; x_wconf 71' lang='lat' dir='ltr'><strong>distatque</strong></span> <span class='ocrx_word' id='word_1_159' title='bbox 1098 1497 1128 1536; x_wconf 87' lang='lat' dir='ltr'><strong>a</strong></span> <span class='ocrx_word' id='word_1_160' title='bbox 1175 1482 1510 1553; x_wconf 82' lang='lat' dir='ltr'><strong>Carthagine</strong></span> <span class='ocrx_word' id='word_1_161' title='bbox 1577 1481 1800 1552; x_wconf 79' lang='lat' dir='ltr'><strong>triginta</strong></span> <span class='ocrx_word' id='word_1_162' title='bbox 1853 1482 2069 1536; x_wconf 87' lang='lat' dir='ltr'><strong>dierum</strong></span> <span class='ocrx_word' id='word_1_163' title='bbox 2129 1483 2345 1546; x_wconf 89' lang='lat' dir='ltr'><strong>itinere,</strong></span> <span class='ocrx_word' id='word_1_164' title='bbox 2421 1483 2487 1536; x_wconf 90' lang='lat' dir='ltr'><strong>ad</strong></span> <span class='ocrx_word' id='word_1_165' title='bbox 2566 1481 2745 1536; x_wconf 89' lang='lat' dir='ltr'><strong>Gades</strong></span> <span class='ocrx_word' id='word_1_166' title='bbox 2785 1495 2838 1537; x_wconf 89' lang='lat' dir='ltr'><strong>et</strong></span> <span class='ocrx_word' id='word_1_167' title='bbox 2909 1483 3042 1537; x_wconf 90' lang='lat' dir='ltr'><strong>solis</strong></span> <span class='ocrx_word' id='word_1_168' title='bbox 3108 1495 3390 1544; x_wconf 86' lang='lat' dir='ltr'><strong>occasum,</strong></span> 
     </span>
    </p>
   </div>
   <div class='ocr_carea' id='block_1_26' title="bbox 138 1574 3396 1648">
    <p class='ocr_par' dir='ltr' id='par_1_26' title="bbox 138 1574 3396 1648">
     <span class='ocr_line' id='line_1_26' title="bbox 138 1574 3396 1648; baseline -0.002 -14"><span class='ocrx_word' id='word_1_169' title='bbox 138 1582 243 1643; x_wconf 82' lang='lat' dir='ltr'><strong>sita,</strong></span> <span class='ocrx_word' id='word_1_170' title='bbox 277 1587 330 1633; x_wconf 90' lang='lat' dir='ltr'><strong>et</strong></span> <span class='ocrx_word' id='word_1_171' title='bbox 360 1580 588 1648; x_wconf 88' lang='lat' dir='ltr'><strong>insuper</strong></span> <span class='ocrx_word' id='word_1_172' title='bbox 632 1577 867 1632; x_wconf 87' lang='lat' dir='ltr'><strong>alterum</strong></span> <span class='ocrx_word' id='word_1_173' title='bbox 907 1576 1184 1632; x_wconf 82' lang='lat' dir='ltr'><strong>Joannem</strong></span> <span class='ocrx_word' id='word_1_174' title='bbox 1233 1591 1400 1631; x_wconf 91' lang='lat' dir='ltr'><strong>unum</strong></span> <span class='ocrx_word' id='word_1_175' title='bbox 1437 1591 1503 1630; x_wconf 82' lang='lat' dir='ltr'><strong>ex</strong></span> <span class='ocrx_word' id='word_1_176' title='bbox 1537 1574 1866 1631; x_wconf 82' lang='lat' dir='ltr'><strong>satellitibus</strong></span> <span class='ocrx_word' id='word_1_177' title='bbox 1899 1575 1968 1629; x_wconf 90' lang='lat' dir='ltr'><strong>ad</strong></span> <span class='ocrx_word' id='word_1_178' title='bbox 2003 1575 2200 1630; x_wconf 83' lang='lat' dir='ltr'><strong>fretum</strong></span> <span class='ocrx_word' id='word_1_179' title='bbox 2263 1575 2597 1630; x_wconf 86' lang='lat' dir='ltr'><strong>Gaditanum</strong></span> <span class='ocrx_word' id='word_1_180' title='bbox 2670 1585 2833 1646; x_wconf 86' lang='lat' dir='ltr'><strong>atque</strong></span> <span class='ocrx_word' id='word_1_181' title='bbox 2906 1577 3130 1630; x_wconf 87' lang='lat' dir='ltr'><strong>alteram</strong></span> <span class='ocrx_word' id='word_1_182' title='bbox 3187 1574 3396 1631; x_wconf 80' lang='lat' dir='ltr'><strong>Hercu-</strong></span> 
     </span>
    </p>
   </div>
   <div class='ocr_carea' id='block_1_27' title="bbox 136 1669 3395 1745">
    <p class='ocr_par' dir='ltr' id='par_1_27' title="bbox 136 1669 3395 1745">
     <span class='ocr_line' id='line_1_27' title="bbox 136 1669 3395 1745; baseline -0.002 -16"><span class='ocrx_word' id='word_1_183' title='bbox 136 1677 189 1729; x_wconf 81' lang='lat' dir='ltr'><strong>lis</strong></span> <span class='ocrx_word' id='word_1_184' title='bbox 229 1675 540 1730; x_wconf 87' lang='lat' dir='ltr'><strong>columnam</strong></span> <span class='ocrx_word' id='word_1_185' title='bbox 574 1673 750 1738; x_wconf 90' lang='lat' dir='ltr'><strong>misit,</strong></span> <span class='ocrx_word' id='word_1_186' title='bbox 809 1674 904 1744; x_wconf 90' lang='lat' dir='ltr'><strong>qui</strong></span> <span class='ocrx_word' id='word_1_187' title='bbox 958 1682 1224 1740; x_wconf 87' lang='lat' dir='ltr'><strong>castrum,</strong></span> <span class='ocrx_word' id='word_1_188' title='bbox 1273 1671 1417 1745; x_wconf 85' lang='lat' dir='ltr'><strong>quod</strong></span> <span class='ocrx_word' id='word_1_189' title='bbox 1463 1671 1690 1742; x_wconf 90' lang='lat' dir='ltr'><strong>Septum</strong></span> <span class='ocrx_word' id='word_1_190' title='bbox 1730 1683 1953 1744; x_wconf 80' lang='lat' dir='ltr'><strong>vocant,</strong></span> <span class='ocrx_word' id='word_1_191' title='bbox 1989 1679 2327 1741; x_wconf 89' lang='lat' dir='ltr'><strong>occuparet:</strong></span> <span class='ocrx_word' id='word_1_192' title='bbox 2357 1669 2756 1741; x_wconf 82' lang='lat' dir='ltr'><strong>Apollinarium</strong></span> <span class='ocrx_word' id='word_1_193' title='bbox 2797 1684 2930 1724; x_wconf 85' lang='lat' dir='ltr'><strong>vero</strong></span> <span class='ocrx_word' id='word_1_194' title='bbox 2998 1669 3172 1724; x_wconf 87' lang='lat' dir='ltr'><strong>virum</strong></span> <span class='ocrx_word' id='word_1_195' title='bbox 3247 1669 3395 1724; x_wconf 91' lang='lat' dir='ltr'><strong>hcllo</strong></span> 
     </span>
    </p>
   </div>
   <div class='ocr_carea' id='block_1_28' title="bbox 137 1759 3396 1842">
    <p class='ocr_par' dir='ltr' id='par_1_28' title="bbox 137 1759 3396 1842">
     <span class='ocr_line' id='line_1_28' title="bbox 137 1759 3396 1842; baseline -0.003 -20"><span class='ocrx_word' id='word_1_196' title='bbox 137 1764 392 1839; x_wconf 69' lang='lat' dir='ltr'><strong>Egregium</strong></span> <span class='ocrx_word' id='word_1_197' title='bbox 444 1767 513 1821; x_wconf 83' lang='lat' dir='ltr'><strong>ad</strong></span> <span class='ocrx_word' id='word_1_198' title='bbox 565 1768 779 1824; x_wconf 87' lang='lat' dir='ltr'><strong>insulas</strong></span> <span class='ocrx_word' id='word_1_199' title='bbox 807 1783 929 1837; x_wconf 77' lang='lat' dir='ltr'><strong>qua:</strong></span> <span class='ocrx_word' id='word_1_200' title='bbox 961 1767 1192 1838; x_wconf 88' lang='lat' dir='ltr'><strong>propius</strong></span> <span class='ocrx_word' id='word_1_201' title='bbox 1228 1767 1427 1823; x_wconf 85' lang='lat' dir='ltr'><strong>absunt</strong></span> <span class='ocrx_word' id='word_1_202' title='bbox 1461 1766 1529 1820; x_wconf 89' lang='lat' dir='ltr'><strong>ab</strong></span> <span class='ocrx_word' id='word_1_203' title='bbox 1559 1766 1762 1821; x_wconf 88' lang='lat' dir='ltr'><strong>Oceani</strong></span> <span class='ocrx_word' id='word_1_204' title='bbox 1798 1765 1852 1842; x_wconf 86' lang='lat' dir='ltr'><strong>in</strong></span> <span class='ocrx_word' id='word_1_205' title='bbox 1923 1766 2388 1821; x_wconf 80' lang='lat' dir='ltr'><strong>mediterraneum</strong></span> <span class='ocrx_word' id='word_1_206' title='bbox 2451 1761 2684 1823; x_wconf 85' lang='lat' dir='ltr'><strong>inﬂuxu,</strong></span> <span class='ocrx_word' id='word_1_207' title='bbox 2755 1759 3072 1829; x_wconf 85' lang='lat' dir='ltr'><strong>Majoricam</strong></span> <span class='ocrx_word' id='word_1_208' title='bbox 3131 1760 3396 1815; x_wconf 86' lang='lat' dir='ltr'><strong>nimirum</strong></span> 
     </span>
    </p>
   </div>
   <div class='ocr_carea' id='block_1_29' title="bbox 138 1853 3396 1933">
    <p class='ocr_par' dir='ltr' id='par_1_29' title="bbox 138 1853 3396 1933">
     <span class='ocr_line' id='line_1_29' title="bbox 138 1853 3396 1933; baseline -0.002 -19"><span class='ocrx_word' id='word_1_209' title='bbox 138 1877 280 1933; x_wconf 78' lang='lat' dir='ltr'><strong>atque</strong></span> <span class='ocrx_word' id='word_1_210' title='bbox 331 1861 656 1916; x_wconf 79' lang='lat' dir='ltr'><strong>Minoricam</strong></span> <span class='ocrx_word' id='word_1_211' title='bbox 715 1861 1032 1927; x_wconf 86' lang='lat' dir='ltr'><strong>destinavit,</strong></span> <span class='ocrx_word' id='word_1_212' title='bbox 1073 1871 1129 1916; x_wconf 83' lang='lat' dir='ltr'><strong>et</strong></span> <span class='ocrx_word' id='word_1_213' title='bbox 1174 1861 1230 1915; x_wconf 91' lang='lat' dir='ltr'><strong>in</strong></span> <span class='ocrx_word' id='word_1_214' title='bbox 1277 1859 1524 1914; x_wconf 89' lang='lat' dir='ltr'><strong>Siciliam</strong></span> <span class='ocrx_word' id='word_1_215' title='bbox 1596 1859 1898 1915; x_wconf 84' lang='lat' dir='ltr'><strong>nonnullos</strong></span> <span class='ocrx_word' id='word_1_216' title='bbox 1952 1858 2158 1912; x_wconf 90' lang='lat' dir='ltr'><strong>milites</strong></span> <span class='ocrx_word' id='word_1_217' title='bbox 2211 1873 2276 1911; x_wconf 82' lang='lat' dir='ltr'><strong>ex</strong></span> <span class='ocrx_word' id='word_1_218' title='bbox 2358 1854 2551 1926; x_wconf 87' lang='lat' dir='ltr'><strong>Lybia,</strong></span> <span class='ocrx_word' id='word_1_219' title='bbox 2602 1853 2692 1924; x_wconf 90' lang='lat' dir='ltr'><strong>qui</strong></span> <span class='ocrx_word' id='word_1_220' title='bbox 2773 1853 3142 1908; x_wconf 77' lang='lat' dir='ltr'><strong>Vandalorum</strong></span> <span class='ocrx_word' id='word_1_221' title='bbox 3214 1869 3396 1908; x_wconf 77' lang='lat' dir='ltr'><strong>arcem</strong></span> 
     </span>
    </p>
   </div>
   <div class='ocr_carea' id='block_1_30' title="bbox 139 1944 3395 2025">
    <p class='ocr_par' dir='ltr' id='par_1_30' title="bbox 139 1944 3395 2025">
     <span class='ocr_line' id='line_1_30' title="bbox 139 1944 3395 2025; baseline -0.004 -11"><span class='ocrx_word' id='word_1_222' title='bbox 139 1958 221 2014; x_wconf 89' lang='lat' dir='ltr'><strong>sub</strong></span> <span class='ocrx_word' id='word_1_223' title='bbox 250 1954 502 2025; x_wconf 73' lang='lat' dir='ltr'><strong>praesidio</strong></span> <span class='ocrx_word' id='word_1_224' title='bbox 534 1963 803 2010; x_wconf 87' lang='lat' dir='ltr'><strong>tenerent.</strong></span> <span class='ocrx_word' id='word_1_225' title='bbox 834 1953 1019 2011; x_wconf 89' lang='lat' dir='ltr'><strong>Castri</strong></span> <span class='ocrx_word' id='word_1_226' title='bbox 1078 1969 1210 2010; x_wconf 87' lang='lat' dir='ltr'><strong>vero</strong></span> <span class='ocrx_word' id='word_1_227' title='bbox 1274 1955 1529 2010; x_wconf 86' lang='lat' dir='ltr'><strong>custodes</strong></span> <span class='ocrx_word' id='word_1_228' title='bbox 1570 1952 1760 2009; x_wconf 89' lang='lat' dir='ltr'><strong>Goltbi</strong></span> <span class='ocrx_word' id='word_1_229' title='bbox 1835 1952 1984 2007; x_wconf 89' lang='lat' dir='ltr'><strong>istud</strong></span> <span class='ocrx_word' id='word_1_230' title='bbox 2037 1950 2337 2005; x_wconf 83' lang='lat' dir='ltr'><strong>Atalarichi</strong></span> <span class='ocrx_word' id='word_1_231' title='bbox 2403 1949 2566 2003; x_wconf 87' lang='lat' dir='ltr'><strong>matri</strong></span> <span class='ocrx_word' id='word_1_232' title='bbox 2626 1947 2827 2004; x_wconf 87' lang='lat' dir='ltr'><strong>litteris</strong></span> <span class='ocrx_word' id='word_1_233' title='bbox 2886 1944 3395 2002; x_wconf 81' lang='lat' dir='ltr'><strong>manifestavcrunl.</strong></span> 
     </span>
    </p>
   </div>
   <div class='ocr_carea' id='block_1_31' title="bbox 139 2041 3391 2122">
    <p class='ocr_par' dir='ltr' id='par_1_31' title="bbox 139 2041 3391 2122">
     <span class='ocr_line' id='line_1_31' title="bbox 139 2041 3391 2122; baseline -0.002 -20"><span class='ocrx_word' id='word_1_234' title='bbox 139 2050 212 2104; x_wconf 84' lang='lat' dir='ltr'><strong>Illa</strong></span> <span class='ocrx_word' id='word_1_235' title='bbox 251 2049 538 2114; x_wconf 85' lang='lat' dir='ltr'><strong>Belisario,</strong></span> <span class='ocrx_word' id='word_1_236' title='bbox 590 2065 660 2106; x_wconf 89' lang='lat' dir='ltr'><strong>ne</strong></span> <span class='ocrx_word' id='word_1_237' title='bbox 703 2061 951 2106; x_wconf 88' lang='lat' dir='ltr'><strong>castrum</strong></span> <span class='ocrx_word' id='word_1_238' title='bbox 1014 2050 1302 2122; x_wconf 86' lang='lat' dir='ltr'><strong>tyrannice</strong></span> <span class='ocrx_word' id='word_1_239' title='bbox 1333 2058 1760 2120; x_wconf 76' lang='lat' dir='ltr'><strong>expugnaretur,</strong></span> <span class='ocrx_word' id='word_1_240' title='bbox 1837 2045 2155 2117; x_wconf 87' lang='lat' dir='ltr'><strong>priusquam</strong></span> <span class='ocrx_word' id='word_1_241' title='bbox 2207 2045 2507 2114; x_wconf 89' lang='lat' dir='ltr'><strong>imperator</strong></span> <span class='ocrx_word' id='word_1_242' title='bbox 2553 2041 2898 2097; x_wconf 83' lang='lat' dir='ltr'><strong>Justinianus</strong></span> <span class='ocrx_word' id='word_1_243' title='bbox 2948 2041 3150 2096; x_wconf 90' lang='lat' dir='ltr'><strong>certior</strong></span> <span class='ocrx_word' id='word_1_244' title='bbox 3216 2042 3391 2110; x_wconf 84' lang='lat' dir='ltr'><strong>ﬁeret,</strong></span> 
     </span>
    </p>
   </div>
   <div class='ocr_carea' id='block_1_32' title="bbox 138 2134 3229 2211">
    <p class='ocr_par' dir='ltr' id='par_1_32' title="bbox 138 2134 3229 2211">
     <span class='ocr_line' id='line_1_32' title="bbox 138 2134 3229 2211; baseline -0.002 -17"><span class='ocrx_word' id='word_1_245' title='bbox 138 2155 387 2208; x_wconf 87' lang='lat' dir='ltr'><strong>suumque</strong></span> <span class='ocrx_word' id='word_1_246' title='bbox 413 2155 580 2210; x_wconf 88' lang='lat' dir='ltr'><strong>super</strong></span> <span class='ocrx_word' id='word_1_247' title='bbox 612 2154 677 2195; x_wconf 88' lang='lat' dir='ltr'><strong>ea</strong></span> <span class='ocrx_word' id='word_1_248' title='bbox 705 2155 767 2193; x_wconf 89' lang='lat' dir='ltr'><strong>re</strong></span> <span class='ocrx_word' id='word_1_249' title='bbox 797 2139 1088 2194; x_wconf 83' lang='lat' dir='ltr'><strong>consilium</strong></span> <span class='ocrx_word' id='word_1_250' title='bbox 1117 2139 1492 2211; x_wconf 86' lang='lat' dir='ltr'><strong>explicuisset,</strong></span> <span class='ocrx_word' id='word_1_251' title='bbox 1517 2139 1815 2210; x_wconf 81' lang='lat' dir='ltr'><strong>signiﬁcat.</strong></span> <span class='ocrx_word' id='word_1_252' title='bbox 1853 2134 1930 2193; x_wconf 79' lang='lat' dir='ltr'><strong>ita</strong></span> <span class='ocrx_word' id='word_1_253' title='bbox 1963 2139 2181 2192; x_wconf 90' lang='lat' dir='ltr'><strong>demum</strong></span> <span class='ocrx_word' id='word_1_254' title='bbox 2227 2134 2526 2190; x_wconf 76' lang='lat' dir='ltr'><strong>Vandalica</strong></span> <span class='ocrx_word' id='word_1_255' title='bbox 2579 2134 2719 2190; x_wconf 81' lang='lat' dir='ltr'><strong>bella</strong></span> <span class='ocrx_word' id='word_1_256' title='bbox 2769 2134 2929 2189; x_wconf 92' lang='lat' dir='ltr'><strong>ﬁnem</strong></span> <span class='ocrx_word' id='word_1_257' title='bbox 2969 2134 3229 2188; x_wconf 84' lang='lat' dir='ltr'><strong>habuere.</strong></span> 
     </span>
    </p>
   </div>
   <div class='ocr_carea' id='block_1_33' title="bbox 203 2229 1716 2307">
    <p class='ocr_par' dir='ltr' id='par_1_33' title="bbox 203 2229 1708 2307">
     <span class='ocr_line' id='line_1_33' title="bbox 203 2229 1708 2307; baseline -0.003 -17"><span class='ocrx_word' id='word_1_258' title='bbox 203 2236 256 2290; x_wconf 83' lang='lat'><strong>&#39;0</strong></span> <span class='ocrx_word' id='word_1_259' title='bbox 283 2236 340 2290; x_wconf 78' lang='grc' dir='ltr'>δὲ</span> <span class='ocrx_word' id='word_1_260' title='bbox 373 2236 589 2305; x_wconf 74' lang='grc' dir='ltr'>φθόνος,</span> <span class='ocrx_word' id='word_1_261' title='bbox 619 2229 711 2289; x_wconf 74' lang='grc' dir='ltr'>οἷα</span> <span class='ocrx_word' id='word_1_262' title='bbox 745 2237 801 2288; x_wconf 81' lang='grc' dir='ltr'>ὲν</span> <span class='ocrx_word' id='word_1_263' title='bbox 837 2229 1049 2307; x_wconf 75' lang='grc' dir='ltr'>μεγάλῃ</span> <span class='ocrx_word' id='word_1_264' title='bbox 1083 2235 1196 2306; x_wconf 65' lang='grc'><strong>(40)</strong></span> <span class='ocrx_word' id='word_1_265' title='bbox 1228 2233 1544 2306; x_wconf 76' lang='grc' dir='ltr'><strong>εὐδαιμονίᾳ</strong></span> <span class='ocrx_word' id='word_1_266' title='bbox 1566 2233 1708 2304; x_wconf 79' lang='grc' dir='ltr'>φιλεῖ</span> 
     </span>
    </p>
   </div>
   <div class='ocr_carea' id='block_1_34' title="bbox 1818 2229 2454 2307">
    <p class='ocr_par' dir='ltr' id='par_1_34' title="bbox 1884 2230 2454 2295">
     <span class='ocr_line' id='line_1_34' title="bbox 1884 2230 2454 2295; baseline -0.009 -7"><span class='ocrx_word' id='word_1_267' title='bbox 1884 2234 2157 2288; x_wconf 71' lang='lat' dir='ltr'><strong>Caeterum</strong></span> <span class='ocrx_word' id='word_1_268' title='bbox 2228 2230 2454 2295; x_wconf 88' lang='lat' dir='ltr'><strong>invidia,</strong></span> 
     </span>
    </p>
   </div>
   <div class='ocr_carea' id='block_1_35' title="bbox 138 2326 1709 2398">
    <p class='ocr_par' dir='ltr' id='par_1_35' title="bbox 138 2326 1709 2398">
     <span class='ocr_line' id='line_1_35' title="bbox 138 2326 1709 2398; baseline -0.002 -16"><span class='ocrx_word' id='word_1_269' title='bbox 138 2327 364 2396; x_wconf 78' lang='grc' dir='ltr'>γίνεσθαι</span> <span class='ocrx_word' id='word_1_270' title='bbox 395 2329 465 2394; x_wconf 74' lang='grc' dir='ltr'><strong>ι’,</strong></span> <span class='ocrx_word' id='word_1_271' title='bbox 509 2327 668 2381; x_wconf 76' lang='grc' dir='ltr'>ὢδινε</span> <span class='ocrx_word' id='word_1_272' title='bbox 723 2329 818 2380; x_wconf 76' lang='grc' dir='ltr'>καὶ</span> <span class='ocrx_word' id='word_1_273' title='bbox 867 2329 948 2391; x_wconf 83' lang='grc' dir='ltr'>είς</span> <span class='ocrx_word' id='word_1_274' title='bbox 1002 2326 1341 2398; x_wconf 85' lang='grc' dir='ltr'>Βελισάριον.</span> <span class='ocrx_word' id='word_1_275' title='bbox 1392 2326 1552 2390; x_wconf 87' lang='grc' dir='ltr'>Τινὲς</span> <span class='ocrx_word' id='word_1_276' title='bbox 1601 2327 1709 2398; x_wconf 79' lang='grc' dir='ltr'><strong>γὰρ</strong></span> 
     </span>
    </p>
   </div>
   <div class='ocr_carea' id='block_1_36' title="bbox 137 2417 1706 2490">
    <p class='ocr_par' dir='ltr' id='par_1_36' title="bbox 137 2417 1706 2490">
     <span class='ocr_line' id='line_1_36' title="bbox 137 2417 1706 2490; baseline 0 -17"><span class='ocrx_word' id='word_1_277' title='bbox 137 2420 394 2474; x_wconf 76' lang='grc' dir='ltr'>διέϐαλλον</span> <span class='ocrx_word' id='word_1_278' title='bbox 414 2418 588 2474; x_wconf 44' lang='grc' dir='ltr'>ἀὐτὸν</span> <span class='ocrx_word' id='word_1_279' title='bbox 620 2419 700 2482; x_wconf 82' lang='grc' dir='ltr'>είς</span> <span class='ocrx_word' id='word_1_280' title='bbox 731 2417 823 2471; x_wconf 74' lang='grc' dir='ltr'>τὸν</span> <span class='ocrx_word' id='word_1_281' title='bbox 855 2417 1086 2483; x_wconf 78' lang='grc' dir='ltr'><strong>βασιλέα</strong></span> <span class='ocrx_word' id='word_1_282' title='bbox 1117 2417 1409 2490; x_wconf 76' lang='grc' dir='ltr'>τυραννίδα</span> <span class='ocrx_word' id='word_1_283' title='bbox 1453 2417 1706 2490; x_wconf 83' lang='grc' dir='ltr'>μελετᾷν.</span> 
     </span>
    </p>
   </div>
   <div class='ocr_carea' id='block_1_37' title="bbox 146 2509 1711 2582">
    <p class='ocr_par' dir='ltr' id='par_1_37' title="bbox 146 2509 1711 2582">
     <span class='ocr_line' id='line_1_37' title="bbox 146 2509 1711 2582; baseline -0.004 -14"><span class='ocrx_word' id='word_1_284' title='bbox 146 2513 196 2568; x_wconf 89' lang='grc' dir='ltr'>Ὀ</span> <span class='ocrx_word' id='word_1_285' title='bbox 221 2512 274 2566; x_wconf 82' lang='grc' dir='ltr'>δὲ</span> <span class='ocrx_word' id='word_1_286' title='bbox 302 2511 562 2582; x_wconf 81' lang='grc' dir='ltr'>βασιλεὺς</span> <span class='ocrx_word' id='word_1_287' title='bbox 611 2509 840 2581; x_wconf 71' lang='grc' dir='ltr'>πέμψας</span> <span class='ocrx_word' id='word_1_288' title='bbox 874 2510 1163 2582; x_wconf 82' lang='grc' dir='ltr'>Σολομῶνα</span> <span class='ocrx_word' id='word_1_289' title='bbox 1199 2512 1566 2581; x_wconf 81' lang='grc' dir='ltr'>ἁποπειρᾶται</span> <span class='ocrx_word' id='word_1_290' title='bbox 1611 2510 1711 2576; x_wconf 74' lang='grc' dir='ltr'>τὴν</span> 
     </span>
    </p>
   </div>
   <div class='ocr_carea' id='block_1_38' title="bbox 138 2600 1711 2674">
    <p class='ocr_par' dir='ltr' id='par_1_38' title="bbox 138 2600 1711 2674">
     <span class='ocr_line' id='line_1_38' title="bbox 138 2600 1711 2674; baseline -0.001 -18"><span class='ocrx_word' id='word_1_291' title='bbox 138 2602 449 2674; x_wconf 75' lang='grc' dir='ltr'>Βελισαρίου</span> <span class='ocrx_word' id='word_1_292' title='bbox 480 2602 732 2671; x_wconf 79' lang='grc' dir='ltr'>γνώμην,</span> <span class='ocrx_word' id='word_1_293' title='bbox 781 2601 1010 2671; x_wconf 83' lang='grc' dir='ltr'>πότερον</span> <span class='ocrx_word' id='word_1_294' title='bbox 1069 2600 1167 2653; x_wconf 78' lang='grc' dir='ltr'>σὺν</span> <span class='ocrx_word' id='word_1_295' title='bbox 1211 2600 1467 2672; x_wconf 86' lang='grc' dir='ltr'>Γελίμερί</span> <span class='ocrx_word' id='word_1_296' title='bbox 1502 2607 1577 2653; x_wconf 82' lang='grc' dir='ltr'><strong>τε</strong></span> <span class='ocrx_word' id='word_1_297' title='bbox 1615 2600 1711 2654; x_wconf 72' lang='grc' dir='ltr'>καὶ</span> 
     </span>
    </p>
   </div>
   <div class='ocr_carea' id='block_1_39' title="bbox 139 2690 1706 2764">
    <p class='ocr_par' dir='ltr' id='par_1_39' title="bbox 139 2690 1706 2764">
     <span class='ocr_line' id='line_1_39' title="bbox 139 2690 1706 2764; baseline -0.001 -18"><span class='ocrx_word' id='word_1_298' title='bbox 139 2693 453 2764; x_wconf 72' lang='grc' dir='ltr'>Οὒανδήλοις</span> <span class='ocrx_word' id='word_1_299' title='bbox 489 2693 570 2756; x_wconf 81' lang='grc' dir='ltr'>είς</span> <span class='ocrx_word' id='word_1_300' title='bbox 607 2691 904 2755; x_wconf 73' lang='grc' dir='ltr'>Βυζάντιον</span> <span class='ocrx_word' id='word_1_301' title='bbox 935 2691 1111 2762; x_wconf 77' lang='grc' dir='ltr'>ἥκειν,</span> <span class='ocrx_word' id='word_1_302' title='bbox 1151 2691 1183 2763; x_wconf 81' lang='grc' dir='ltr'>ἢ</span> <span class='ocrx_word' id='word_1_303' title='bbox 1227 2690 1392 2744; x_wconf 82' lang='grc' dir='ltr'>αὑτοῦ</span> <span class='ocrx_word' id='word_1_304' title='bbox 1433 2691 1706 2759; x_wconf 80' lang='grc' dir='ltr'><strong>μένοντος,</strong></span> 
     </span>
    </p>
   </div>
   <div class='ocr_carea' id='block_1_40' title="bbox 139 2780 1710 2855">
    <p class='ocr_par' dir='ltr' id='par_1_40' title="bbox 139 2780 1710 2855">
     <span class='ocr_line' id='line_1_40' title="bbox 139 2780 1710 2855; baseline 0.001 -17"><span class='ocrx_word' id='word_1_305' title='bbox 139 2786 360 2847; x_wconf 75' lang='grc' dir='ltr'><strong>ἐκείνους</strong></span> <span class='ocrx_word' id='word_1_306' title='bbox 419 2783 627 2840; x_wconf 79' lang='grc' dir='ltr'>στεῖλαι</span> <span class='ocrx_word' id='word_1_307' title='bbox 673 2780 810 2839; x_wconf 57' lang='lat'><strong>«56$-</strong></span> <span class='ocrx_word' id='word_1_308' title='bbox 869 2784 929 2838; x_wconf 77' lang='grc' dir='ltr'>οὐ</span> <span class='ocrx_word' id='word_1_309' title='bbox 974 2784 1084 2855; x_wconf 82' lang='grc' dir='ltr'>γὰρ</span> <span class='ocrx_word' id='word_1_310' title='bbox 1135 2784 1326 2838; x_wconf 75' lang='grc' dir='ltr'>ἔλαθον</span> <span class='ocrx_word' id='word_1_311' title='bbox 1373 2785 1537 2838; x_wconf 83' lang='grc' dir='ltr'>αὐτὸν</span> <span class='ocrx_word' id='word_1_312' title='bbox 1564 2785 1612 2817; x_wconf 77' lang='grc'><strong>’⁸</strong></span> <span class='ocrx_word' id='word_1_313' title='bbox 1662 2786 1710 2840; x_wconf 79' lang='lat' dir='ltr'><strong>oi</strong></span> 
     </span>
    </p>
   </div>
   <div class='ocr_carea' id='block_1_41' title="bbox 139 2874 1710 2948">
    <p class='ocr_par' dir='ltr' id='par_1_41' title="bbox 139 2874 1710 2948">
     <span class='ocr_line' id='line_1_41' title="bbox 139 2874 1710 2948; baseline -0.001 -18"><span class='ocrx_word' id='word_1_314' title='bbox 139 2878 380 2948; x_wconf 73' lang='grc' dir='ltr'>ἄρχοντες</span> <span class='ocrx_word' id='word_1_315' title='bbox 408 2878 456 2930; x_wconf 81' lang='grc' dir='ltr'>οἱ</span> <span class='ocrx_word' id='word_1_316' title='bbox 483 2876 580 2947; x_wconf 80' lang='grc' dir='ltr'>τὴν</span> <span class='ocrx_word' id='word_1_317' title='bbox 608 2874 903 2948; x_wconf 78' lang='grc' dir='ltr'>τυραννίδα</span> <span class='ocrx_word' id='word_1_318' title='bbox 926 2875 1335 2945; x_wconf 77' lang='grc' dir='ltr'>ἐπενεγκόντες.</span> <span class='ocrx_word' id='word_1_319' title='bbox 1379 2876 1440 2929; x_wconf 85' lang='grc'><strong>’0</strong></span> <span class='ocrx_word' id='word_1_320' title='bbox 1474 2876 1530 2930; x_wconf 82' lang='grc' dir='ltr'>δὲ</span> <span class='ocrx_word' id='word_1_321' title='bbox 1554 2875 1710 2928; x_wconf 86' lang='grc' dir='ltr'>Βελι-</span> 
     </span>
    </p>
   </div>
   <div class='ocr_carea' id='block_1_42' title="bbox 141 2965 1711 3038">
    <p class='ocr_par' dir='ltr' id='par_1_42' title="bbox 141 2965 1711 3038">
     <span class='ocr_line' id='line_1_42' title="bbox 141 2965 1711 3038; baseline 0.003 -22"><span class='ocrx_word' id='word_1_322' title='bbox 141 2966 307 3035; x_wconf 59' lang='lat' dir='ltr'><strong>capto;</strong></span> <span class='ocrx_word' id='word_1_323' title='bbox 337 2966 419 3030; x_wconf 76' lang='grc' dir='ltr'><strong>εἰς</strong></span> <span class='ocrx_word' id='word_1_324' title='bbox 451 2965 755 3030; x_wconf 76' lang='grc' dir='ltr'>Βυζάντιον</span> <span class='ocrx_word' id='word_1_325' title='bbox 797 2965 1026 3034; x_wconf 80' lang='grc' dir='ltr'>ἀφίκετο</span> <span class='ocrx_word' id='word_1_326' title='bbox 1073 2965 1362 3036; x_wconf 83' lang='grc' dir='ltr'>Σολομῶνα</span> <span class='ocrx_word' id='word_1_327' title='bbox 1406 2967 1711 3038; x_wconf 77' lang='grc' dir='ltr'>στρατηγὸν</span> 
     </span>
    </p>
   </div>
   <div class='ocr_carea' id='block_1_43' title="bbox 141 3057 1712 3131">
    <p class='ocr_par' dir='ltr' id='par_1_43' title="bbox 141 3057 1712 3131">
     <span class='ocr_line' id='line_1_43' title="bbox 141 3057 1712 3131; baseline 0.002 -21"><span class='ocrx_word' id='word_1_328' title='bbox 141 3057 326 3129; x_wconf 76' lang='grc' dir='ltr'><strong>Λιϐύης</strong></span> <span class='ocrx_word' id='word_1_329' title='bbox 351 3058 696 3113; x_wconf 85' lang='grc' dir='ltr'>καταλιπών.</span> <span class='ocrx_word' id='word_1_330' title='bbox 728 3058 1069 3113; x_wconf 78' lang='grc' dir='ltr'>Καταλαδὼν</span> <span class='ocrx_word' id='word_1_331' title='bbox 1097 3059 1154 3114; x_wconf 81' lang='grc' dir='ltr'>δὲ</span> <span class='ocrx_word' id='word_1_332' title='bbox 1176 3060 1493 3131; x_wconf 81' lang='grc' dir='ltr'>Βελισάριος</span> <span class='ocrx_word' id='word_1_333' title='bbox 1522 3060 1580 3113; x_wconf 75' lang='grc' dir='ltr'><strong>τὸ</strong></span> <span class='ocrx_word' id='word_1_334' title='bbox 1607 3061 1712 3113; x_wconf 82' lang='grc' dir='ltr'><strong>Βυ-</strong></span> 
     </span>
    </p>
   </div>
   <div class='ocr_carea' id='block_1_44' title="bbox 142 3150 1712 3222">
    <p class='ocr_par' dir='ltr' id='par_1_44' title="bbox 142 3150 1712 3222">
     <span class='ocr_line' id='line_1_44' title="bbox 142 3150 1712 3222; baseline 0 -20"><span class='ocrx_word' id='word_1_335' title='bbox 142 3151 339 3214; x_wconf 71' lang='grc' dir='ltr'>ξάντιον</span> <span class='ocrx_word' id='word_1_336' title='bbox 389 3152 506 3221; x_wconf 79' lang='grc' dir='ltr'>ἅμα</span> <span class='ocrx_word' id='word_1_337' title='bbox 563 3150 821 3222; x_wconf 87' lang='grc' dir='ltr'>Γελίμερι</span> <span class='ocrx_word' id='word_1_338' title='bbox 871 3151 967 3205; x_wconf 73' lang='grc' dir='ltr'>καὶ</span> <span class='ocrx_word' id='word_1_339' title='bbox 1016 3153 1128 3215; x_wconf 85' lang='grc' dir='ltr'>τοῖς</span> <span class='ocrx_word' id='word_1_340' title='bbox 1161 3151 1489 3222; x_wconf 77' lang='grc' dir='ltr'>Οὺανδήλοις</span> <span class='ocrx_word' id='word_1_341' title='bbox 1532 3150 1712 3222; x_wconf 84' lang='grc' dir='ltr'>γερῶν</span> 
     </span>
    </p>
   </div>
   <div class='ocr_carea' id='block_1_45' title="bbox 143 3238 1715 3314">
    <p class='ocr_par' dir='ltr' id='par_1_45' title="bbox 143 3238 1715 3314">
     <span class='ocr_line' id='line_1_45' title="bbox 143 3238 1715 3314; baseline 0 -20"><span class='ocrx_word' id='word_1_342' title='bbox 143 3241 332 3314; x_wconf 77' lang='grc' dir='ltr'>ἠξιώθη</span> <span class='ocrx_word' id='word_1_343' title='bbox 364 3243 646 3312; x_wconf 81' lang='grc' dir='ltr'><strong>μεγάλων,</strong></span> <span class='ocrx_word' id='word_1_344' title='bbox 676 3238 786 3296; x_wconf 77' lang='grc' dir='ltr'>οἷον</span> <span class='ocrx_word' id='word_1_345' title='bbox 815 3243 860 3276; x_wconf 76' lang='grc'><strong>³⁸</strong></span> <span class='ocrx_word' id='word_1_346' title='bbox 889 3244 947 3296; x_wconf 78' lang='grc' dir='ltr'>ὲν</span> <span class='ocrx_word' id='word_1_347' title='bbox 972 3244 1084 3308; x_wconf 83' lang='grc' dir='ltr'>τοῖς</span> <span class='ocrx_word' id='word_1_348' title='bbox 1105 3243 1218 3298; x_wconf 77' lang='grc' dir='ltr'>ἄνω</span> <span class='ocrx_word' id='word_1_349' title='bbox 1249 3243 1463 3314; x_wconf 80' lang='grc' dir='ltr'>χρόνοις</span> <span class='ocrx_word' id='word_1_350' title='bbox 1493 3243 1543 3296; x_wconf 75' lang='grc' dir='ltr'>οἱ</span> <span class='ocrx_word' id='word_1_351' title='bbox 1581 3243 1715 3295; x_wconf 76' lang='grc' dir='ltr'><strong>Ῥωο</strong></span> 
     </span>
    </p>
   </div>
   <div class='ocr_carea' id='block_1_46' title="bbox 146 3332 1711 3405">
    <p class='ocr_par' dir='ltr' id='par_1_46' title="bbox 146 3332 1711 3405">
     <span class='ocr_line' id='line_1_46' title="bbox 146 3332 1711 3405; baseline 0.002 -19"><span class='ocrx_word' id='word_1_352' title='bbox 146 3335 308 3399; x_wconf 77' lang='grc' dir='ltr'>μαξων</span> <span class='ocrx_word' id='word_1_353' title='bbox 359 3334 661 3404; x_wconf 72' lang='grc' dir='ltr'>στρατηγοὶ</span> <span class='ocrx_word' id='word_1_354' title='bbox 697 3335 754 3386; x_wconf 84' lang='grc' dir='ltr'>ὲν</span> <span class='ocrx_word' id='word_1_355' title='bbox 803 3333 1092 3405; x_wconf 75' lang='grc' dir='ltr'>μεγίσταις</span> <span class='ocrx_word' id='word_1_356' title='bbox 1130 3334 1308 3397; x_wconf 83' lang='grc' dir='ltr'>νίκαις</span> <span class='ocrx_word' id='word_1_357' title='bbox 1358 3332 1711 3405; x_wconf 79' lang='grc' dir='ltr'>ἀνεδήσαντο.</span> 
     </span>
    </p>
   </div>
   <div class='ocr_carea' id='block_1_47' title="bbox 152 3425 1713 3501">
    <p class='ocr_par' dir='ltr' id='par_1_47' title="bbox 152 3425 1713 3501">
     <span class='ocr_line' id='line_1_47' title="bbox 152 3425 1713 3501; baseline 0.001 -21"><span class='ocrx_word' id='word_1_358' title='bbox 152 3425 466 3493; x_wconf 78' lang='grc' dir='ltr'>Ὲξακοσίων</span> <span class='ocrx_word' id='word_1_359' title='bbox 497 3445 558 3480; x_wconf 86' lang='grc' dir='ltr'><strong>τε</strong></span> <span class='ocrx_word' id='word_1_360' title='bbox 603 3429 812 3499; x_wconf 81' lang='grc' dir='ltr'>χρόνων</span> <span class='ocrx_word' id='word_1_361' title='bbox 845 3426 1256 3501; x_wconf 83' lang='grc' dir='ltr'>παρῳχηκότων</span> <span class='ocrx_word' id='word_1_362' title='bbox 1298 3428 1472 3491; x_wconf 72' lang='grc' dir='ltr'>οὐδεὶς</span> <span class='ocrx_word' id='word_1_363' title='bbox 1516 3427 1713 3500; x_wconf 75' lang='grc' dir='ltr'><strong>ἐληλύ-</strong></span> 
     </span>
    </p>
   </div>
   <div class='ocr_carea' id='block_1_48' title="bbox 144 3517 1708 3591">
    <p class='ocr_par' dir='ltr' id='par_1_48' title="bbox 144 3517 1708 3591">
     <span class='ocr_line' id='line_1_48' title="bbox 144 3517 1708 3591; baseline 0.001 -20"><span class='ocrx_word' id='word_1_364' title='bbox 144 3519 216 3571; x_wconf 72' lang='lat'><strong>65:</strong></span> <span class='ocrx_word' id='word_1_365' title='bbox 245 3522 322 3582; x_wconf 83' lang='grc' dir='ltr'>είς</span> <span class='ocrx_word' id='word_1_366' title='bbox 350 3519 521 3590; x_wconf 76' lang='grc' dir='ltr'>τιμὴν</span> <span class='ocrx_word' id='word_1_367' title='bbox 565 3518 848 3591; x_wconf 76' lang='grc' dir='ltr'>τοιαύτην,</span> <span class='ocrx_word' id='word_1_368' title='bbox 880 3520 928 3572; x_wconf 77' lang='grc' dir='ltr'><strong>εί</strong></span> <span class='ocrx_word' id='word_1_369' title='bbox 966 3517 1044 3590; x_wconf 79' lang='grc' dir='ltr'>μὴ</span> <span class='ocrx_word' id='word_1_370' title='bbox 1081 3519 1242 3586; x_wconf 87' lang='grc' dir='ltr'>Τῖτος</span> <span class='ocrx_word' id='word_1_371' title='bbox 1280 3519 1376 3573; x_wconf 69' lang='grc' dir='ltr'>καὶ</span> <span class='ocrx_word' id='word_1_372' title='bbox 1415 3519 1708 3591; x_wconf 68' lang='grc' dir='ltr'>Τραϊανὸς,</span> 
     </span>
    </p>
   </div>
   <div class='ocr_carea' id='block_1_49' title="bbox 146 3585 1784 3682">
    <p class='ocr_par' dir='ltr' id='par_1_49' title="bbox 146 3585 1784 3682">
     <span class='ocr_line' id='line_1_49' title="bbox 146 3585 1784 3682; baseline -0.001 -19"><span class='ocrx_word' id='word_1_373' title='bbox 146 3613 228 3664; x_wconf 76' lang='grc' dir='ltr'>καὶ</span> <span class='ocrx_word' id='word_1_374' title='bbox 256 3585 844 3682; x_wconf 33' lang='grc' dir='ltr'>ἄλλοι-αυτοκράτορεξ</span> <span class='ocrx_word' id='word_1_375' title='bbox 876 3585 1359 3681; x_wconf 73' lang='grc' dir='ltr'>στρατηγήσαντες</span> <span class='ocrx_word' id='word_1_376' title='bbox 1383 3585 1478 3664; x_wconf 61' lang='grc' dir='ltr'>ἐπί</span> <span class='ocrx_word' id='word_1_377' title='bbox 1496 3609 1557 3663; x_wconf 87' lang='grc' dir='ltr'><strong>τὺ</strong></span> <span class='ocrx_word' id='word_1_378' title='bbox 1580 3609 1712 3682; x_wconf 79' lang='grc' dir='ltr'>βαρ·</span> <span class='ocrx_word' id='word_1_379' title='bbox 1741 3585 1784 3646; x_wconf 78' lang='lat' dir='ltr'><strong>C</strong></span> 
     </span>
    </p>
   </div>
   <div class='ocr_carea' id='block_1_50' title="bbox 145 3701 1714 3775">
    <p class='ocr_par' dir='ltr' id='par_1_50' title="bbox 145 3701 1714 3775">
     <span class='ocr_line' id='line_1_50' title="bbox 145 3701 1714 3775; baseline -0.001 -19"><span class='ocrx_word' id='word_1_380' title='bbox 145 3702 356 3775; x_wconf 72' lang='grc' dir='ltr'>ὃαρικδν</span> <span class='ocrx_word' id='word_1_381' title='bbox 377 3702 533 3766; x_wconf 72' lang='grc' dir='ltr'>ἔθνος</span> <span class='ocrx_word' id='word_1_382' title='bbox 561 3702 842 3773; x_wconf 78' lang='grc' dir='ltr'>ἐνίκησαν.</span> <span class='ocrx_word' id='word_1_383' title='bbox 865 3702 949 3756; x_wconf 82' lang='grc' dir='ltr'>Τά</span> <span class='ocrx_word' id='word_1_384' title='bbox 975 3719 1041 3771; x_wconf 81' lang='grc' dir='ltr'><strong>γε</strong></span> <span class='ocrx_word' id='word_1_385' title='bbox 1068 3703 1177 3774; x_wconf 82' lang='grc' dir='ltr'><strong>γὰρ</strong></span> <span class='ocrx_word' id='word_1_386' title='bbox 1199 3702 1415 3773; x_wconf 74' lang='grc' dir='ltr'>λάφυρα</span> <span class='ocrx_word' id='word_1_387' title='bbox 1443 3701 1714 3756; x_wconf 74' lang='grc' dir='ltr'>ἐνδεικνύ-</span> 
     </span>
    </p>
   </div>
   <div class='ocr_carea' id='block_1_51' title="bbox 148 3792 1714 3866">
    <p class='ocr_par' dir='ltr' id='par_1_51' title="bbox 148 3792 1714 3866">
     <span class='ocr_line' id='line_1_51' title="bbox 148 3792 1714 3866; baseline 0.003 -22"><span class='ocrx_word' id='word_1_388' title='bbox 148 3809 296 3860; x_wconf 82' lang='grc' dir='ltr'>μενος</span> <span class='ocrx_word' id='word_1_389' title='bbox 327 3795 422 3846; x_wconf 80' lang='grc' dir='ltr'><strong>καὶ</strong></span> <span class='ocrx_word' id='word_1_390' title='bbox 451 3793 521 3846; x_wconf 79' lang='grc' dir='ltr'>τὰ</span> <span class='ocrx_word' id='word_1_391' title='bbox 558 3793 655 3846; x_wconf 82' lang='grc' dir='ltr'><strong>τοῦ</strong></span> <span class='ocrx_word' id='word_1_392' title='bbox 695 3792 936 3864; x_wconf 81' lang='grc' dir='ltr'>πολέμου</span> <span class='ocrx_word' id='word_1_393' title='bbox 966 3792 1277 3866; x_wconf 83' lang='grc' dir='ltr'>ἀνδράποδα</span> <span class='ocrx_word' id='word_1_394' title='bbox 1304 3794 1363 3846; x_wconf 79' lang='grc' dir='ltr'>ὲν</span> <span class='ocrx_word' id='word_1_395' title='bbox 1408 3795 1550 3866; x_wconf 84' lang='grc' dir='ltr'><strong>μέσῃ</strong></span> <span class='ocrx_word' id='word_1_396' title='bbox 1574 3794 1618 3824; x_wconf 84' lang='grc'><strong>²¹</strong></span> <span class='ocrx_word' id='word_1_397' title='bbox 1647 3796 1714 3863; x_wconf 83' lang='grc' dir='ltr'>τῇ</span> 
     </span>
    </p>
   </div>
   <div class='ocr_carea' id='block_1_52' title="bbox 149 3883 1711 3956">
    <p class='ocr_par' dir='ltr' id='par_1_52' title="bbox 149 3883 1711 3956">
     <span class='ocr_line' id='line_1_52' title="bbox 149 3883 1711 3956; baseline 0 -18"><span class='ocrx_word' id='word_1_398' title='bbox 149 3884 287 3938; x_wconf 76' lang='grc' dir='ltr'>πόλει</span> <span class='ocrx_word' id='word_1_399' title='bbox 317 3883 695 3956; x_wconf 71' lang='grc' dir='ltr'>ἐπόμπευσεν,</span> <span class='ocrx_word' id='word_1_400' title='bbox 725 3885 786 3939; x_wconf 84' lang='grc' dir='ltr'>ὃν</span> <span class='ocrx_word' id='word_1_401' title='bbox 836 3885 1104 3956; x_wconf 78' lang='grc' dir='ltr'>θρίαμϐον</span> <span class='ocrx_word' id='word_1_402' title='bbox 1148 3884 1373 3940; x_wconf 81' lang='grc' dir='ltr'>καλοῦσι</span> <span class='ocrx_word' id='word_1_403' title='bbox 1411 3885 1711 3955; x_wconf 82' lang='grc' dir='ltr'>Ῥωμαῖοι·</span> 
     </span>
    </p>
   </div>
   <div class='ocr_carea' id='block_1_53' title="bbox 145 3975 1713 4050">
    <p class='ocr_par' dir='ltr' id='par_1_53' title="bbox 145 3975 1713 4050">
     <span class='ocr_line' id='line_1_53' title="bbox 145 3975 1713 4050; baseline 0.001 -23"><span class='ocrx_word' id='word_1_404' title='bbox 145 3975 198 4028; x_wconf 70' lang='grc' dir='ltr'>οὗ</span> <span class='ocrx_word' id='word_1_405' title='bbox 221 3977 298 4046; x_wconf 80' lang='grc' dir='ltr'>τῷ</span> <span class='ocrx_word' id='word_1_406' title='bbox 322 3977 367 4009; x_wconf 81' lang='grc'>’³</span> <span class='ocrx_word' id='word_1_407' title='bbox 396 3977 616 4049; x_wconf 78' lang='grc' dir='ltr'>παλαιῷ</span> <span class='ocrx_word' id='word_1_408' title='bbox 653 3976 840 4049; x_wconf 83' lang='grc' dir='ltr'>μέντοι</span> <span class='ocrx_word' id='word_1_409' title='bbox 869 3977 1079 4050; x_wconf 83' lang='grc' dir='ltr'>τρόπῳ,</span> <span class='ocrx_word' id='word_1_410' title='bbox 1111 3977 1248 4032; x_wconf 82' lang='grc' dir='ltr'><strong>ἀλλὰ</strong></span> <span class='ocrx_word' id='word_1_411' title='bbox 1292 3977 1432 4049; x_wconf 81' lang='grc' dir='ltr'>πεζῇ</span> <span class='ocrx_word' id='word_1_412' title='bbox 1482 3977 1713 4049; x_wconf 81' lang='grc' dir='ltr'>βαδίζων</span> 
     </span>
    </p>
   </div>
   <div class='ocr_carea' id='block_1_54' title="bbox 145 4068 1715 4144">
    <p class='ocr_par' dir='ltr' id='par_1_54' title="bbox 145 4068 1715 4144">
     <span class='ocr_line' id='line_1_54' title="bbox 145 4068 1715 4144; baseline 0.006 -26"><span class='ocrx_word' id='word_1_413' title='bbox 145 4068 204 4121; x_wconf 80' lang='grc' dir='ltr'>ἐκ</span> <span class='ocrx_word' id='word_1_414' title='bbox 232 4071 326 4139; x_wconf 74' lang='grc' dir='ltr'><strong>τῆς</strong></span> <span class='ocrx_word' id='word_1_415' title='bbox 352 4071 532 4135; x_wconf 79' lang='grc' dir='ltr'>οἰκίας</span> <span class='ocrx_word' id='word_1_416' title='bbox 565 4069 669 4141; x_wconf 82' lang='grc' dir='ltr'><strong>τῆς</strong></span> <span class='ocrx_word' id='word_1_417' title='bbox 692 4070 887 4124; x_wconf 81' lang='grc' dir='ltr'>ἑαυτοῦ</span> <span class='ocrx_word' id='word_1_418' title='bbox 912 4070 1072 4141; x_wconf 72' lang='grc' dir='ltr'>ἄχρις</span> <span class='ocrx_word' id='word_1_419' title='bbox 1106 4073 1186 4133; x_wconf 84' lang='grc' dir='ltr'>εἰς</span> <span class='ocrx_word' id='word_1_420' title='bbox 1212 4073 1272 4124; x_wconf 81' lang='grc' dir='ltr'>τὸ</span> <span class='ocrx_word' id='word_1_421' title='bbox 1299 4070 1626 4144; x_wconf 81' lang='grc' dir='ltr'>ίπποδρόμιν</span> <span class='ocrx_word' id='word_1_422' title='bbox 1649 4072 1715 4128; x_wconf 72' lang='grc'><strong>’⁸.</strong></span> 
     </span>
    </p>
   </div>
   <div class='ocr_carea' id='block_1_55' title="bbox 145 4154 1716 4235">
    <p class='ocr_par' dir='ltr' id='par_1_55' title="bbox 145 4154 1716 4235">
     <span class='ocr_line' id='line_1_55' title="bbox 145 4154 1716 4235; baseline 0.003 -22"><span class='ocrx_word' id='word_1_423' title='bbox 145 4154 246 4215; x_wconf 86' lang='grc' dir='ltr'>Ἦν</span> <span class='ocrx_word' id='word_1_424' title='bbox 273 4162 328 4216; x_wconf 72' lang='grc' dir='ltr'>δὲ</span> <span class='ocrx_word' id='word_1_425' title='bbox 369 4163 436 4216; x_wconf 84' lang='grc' dir='ltr'><strong>τὰ</strong></span> <span class='ocrx_word' id='word_1_426' title='bbox 471 4163 690 4234; x_wconf 69' lang='grc' dir='ltr'>λάφυρα</span> <span class='ocrx_word' id='word_1_427' title='bbox 732 4164 833 4216; x_wconf 81' lang='grc' dir='ltr'>ὅσα</span> <span class='ocrx_word' id='word_1_428' title='bbox 862 4162 930 4235; x_wconf 80' lang='grc' dir='ltr'>δὴ</span> <span class='ocrx_word' id='word_1_429' title='bbox 971 4162 1283 4234; x_wconf 85' lang='grc' dir='ltr'>ὐπουργικὰ</span> <span class='ocrx_word' id='word_1_430' title='bbox 1322 4165 1388 4234; x_wconf 80' lang='grc' dir='ltr'><strong>τῇ</strong></span> <span class='ocrx_word' id='word_1_431' title='bbox 1446 4161 1716 4234; x_wconf 76' lang='grc' dir='ltr'>βασιλέως</span> 
     </span>
    </p>
   </div>
   <div class='ocr_carea' id='block_1_56' title="bbox 147 4253 1716 4327">
    <p class='ocr_par' dir='ltr' id='par_1_56' title="bbox 147 4253 1716 4327">
     <span class='ocr_line' id='line_1_56' title="bbox 147 4253 1716 4327; baseline 0.002 -21"><span class='ocrx_word' id='word_1_432' title='bbox 147 4253 286 4320; x_wconf 74' lang='grc' dir='ltr'>τάξει</span> <span class='ocrx_word' id='word_1_433' title='bbox 313 4256 556 4310; x_wconf 77' lang='grc' dir='ltr'>ἀνεῖσθαι</span> <span class='ocrx_word' id='word_1_434' title='bbox 579 4255 762 4310; x_wconf 77' lang='grc' dir='ltr'>εἰώθει</span> <span class='ocrx_word' id='word_1_435' title='bbox 791 4256 858 4322; x_wconf 76' lang='grc'><strong>’⁸,</strong></span> <span class='ocrx_word' id='word_1_436' title='bbox 887 4255 1068 4327; x_wconf 88' lang='grc' dir='ltr'>θρόνοι</span> <span class='ocrx_word' id='word_1_437' title='bbox 1091 4258 1306 4326; x_wconf 76' lang='grc' dir='ltr'>χρυσοῖ,</span> <span class='ocrx_word' id='word_1_438' title='bbox 1339 4255 1435 4309; x_wconf 82' lang='grc' dir='ltr'>καὶ</span> <span class='ocrx_word' id='word_1_439' title='bbox 1459 4255 1716 4326; x_wconf 81' lang='grc' dir='ltr'>ὀχήματα</span> 
     </span>
    </p>
   </div>
   <div class='ocr_carea' id='block_1_57' title="bbox 147 4341 1716 4420">
    <p class='ocr_par' dir='ltr' id='par_1_57' title="bbox 147 4341 1716 4420">
     <span class='ocr_line' id='line_1_57' title="bbox 147 4341 1716 4420; baseline 0.001 -19"><span class='ocrx_word' id='word_1_440' title='bbox 147 4341 220 4410; x_wconf 79' lang='grc' dir='ltr'><strong>οἷς</strong></span> <span class='ocrx_word' id='word_1_441' title='bbox 246 4349 353 4403; x_wconf 84' lang='grc' dir='ltr'><strong>τῶν</strong></span> <span class='ocrx_word' id='word_1_442' title='bbox 390 4349 663 4420; x_wconf 81' lang='grc' dir='ltr'>βασιλέων</span> <span class='ocrx_word' id='word_1_443' title='bbox 709 4349 766 4404; x_wconf 76' lang='grc' dir='ltr'>αἱ</span> <span class='ocrx_word' id='word_1_444' title='bbox 808 4351 1068 4419; x_wconf 81' lang='grc' dir='ltr'>γυναῖκες</span> <span class='ocrx_word' id='word_1_445' title='bbox 1113 4348 1366 4420; x_wconf 79' lang='grc' dir='ltr'>ὀχοῦνται</span> <span class='ocrx_word' id='word_1_446' title='bbox 1395 4349 1462 4413; x_wconf 81' lang='grc'><strong>³⁸,</strong></span> <span class='ocrx_word' id='word_1_447' title='bbox 1511 4349 1716 4419; x_wconf 80' lang='grc' dir='ltr'>κόσμος</span> 
     </span>
    </p>
   </div>
   <div class='ocr_carea' id='block_1_58' title="bbox 148 4441 1716 4514">
    <p class='ocr_par' dir='ltr' id='par_1_58' title="bbox 148 4441 1716 4514">
     <span class='ocr_line' id='line_1_58' title="bbox 148 4441 1716 4514; baseline 0.004 -24"><span class='ocrx_word' id='word_1_448' title='bbox 148 4455 201 4492; x_wconf 85' lang='grc' dir='ltr'><strong>τε</strong></span> <span class='ocrx_word' id='word_1_449' title='bbox 231 4441 392 4505; x_wconf 74' lang='grc' dir='ltr'>πολὺς</span> <span class='ocrx_word' id='word_1_450' title='bbox 423 4445 486 4495; x_wconf 79' lang='grc' dir='ltr'>ἐκ</span> <span class='ocrx_word' id='word_1_451' title='bbox 511 4443 681 4496; x_wconf 81' lang='grc' dir='ltr'>λίθων</span> <span class='ocrx_word' id='word_1_452' title='bbox 724 4443 962 4513; x_wconf 76' lang='grc' dir='ltr'>ἐντίμων</span> <span class='ocrx_word' id='word_1_453' title='bbox 996 4443 1379 4514; x_wconf 83' lang='grc' dir='ltr'>συγκείμενος,</span> <span class='ocrx_word' id='word_1_454' title='bbox 1425 4443 1716 4514; x_wconf 84' lang='grc' dir='ltr'>ὲκπόματα</span> 
     </span>
    </p>
   </div>
   <div class='ocr_carea' id='block_1_59' title="bbox 148 4535 1717 4608">
    <p class='ocr_par' dir='ltr' id='par_1_59' title="bbox 148 4535 1717 4608">
     <span class='ocr_line' id='line_1_59' title="bbox 148 4535 1717 4608; baseline 0.001 -22"><span class='ocrx_word' id='word_1_455' title='bbox 148 4537 334 4602; x_wconf 75' lang='grc' dir='ltr'>χρυσᾶ,</span> <span class='ocrx_word' id='word_1_456' title='bbox 364 4536 459 4590; x_wconf 77' lang='grc' dir='ltr'>καὶ</span> <span class='ocrx_word' id='word_1_457' title='bbox 485 4536 556 4590; x_wconf 81' lang='grc' dir='ltr'><strong>τὰ</strong></span> <span class='ocrx_word' id='word_1_458' title='bbox 579 4538 625 4570; x_wconf 77' lang='grc' dir='ltr'><strong>’τ</strong></span> <span class='ocrx_word' id='word_1_459' title='bbox 659 4535 795 4592; x_wconf 76' lang='grc' dir='ltr'>ἄλλα</span> <span class='ocrx_word' id='word_1_460' title='bbox 828 4535 1122 4607; x_wconf 80' lang='grc' dir='ltr'>σύμπαντα</span> <span class='ocrx_word' id='word_1_461' title='bbox 1167 4536 1268 4590; x_wconf 83' lang='grc' dir='ltr'>ὅσα</span> <span class='ocrx_word' id='word_1_462' title='bbox 1299 4538 1380 4600; x_wconf 84' lang='grc' dir='ltr'>είς</span> <span class='ocrx_word' id='word_1_463' title='bbox 1412 4537 1513 4608; x_wconf 78' lang='grc' dir='ltr'>τὴν</span> <span class='ocrx_word' id='word_1_464' title='bbox 1564 4536 1717 4606; x_wconf 84' lang='grc' dir='ltr'>βασι-</span> 
     </span>
    </p>
   </div>
   <div class='ocr_carea' id='block_1_60' title="bbox 149 4620 1721 4698">
    <p class='ocr_par' dir='ltr' id='par_1_60' title="bbox 149 4620 1721 4698">
     <span class='ocr_line' id='line_1_60' title="bbox 149 4620 1721 4698; baseline 0.002 -21"><span class='ocrx_word' id='word_1_465' title='bbox 149 4620 279 4686; x_wconf 60' lang='grc' dir='ltr'><strong>λέως</strong></span> <span class='ocrx_word' id='word_1_466' title='bbox 309 4623 489 4696; x_wconf 85' lang='grc' dir='ltr'>θοίνην</span> <span class='ocrx_word' id='word_1_467' title='bbox 513 4626 785 4697; x_wconf 81' lang='grc' dir='ltr'>χρήσιμα.</span> <span class='ocrx_word' id='word_1_468' title='bbox 813 4621 922 4678; x_wconf 87' lang='grc' dir='ltr'>Ἦν</span> <span class='ocrx_word' id='word_1_469' title='bbox 950 4626 1006 4680; x_wconf 79' lang='grc' dir='ltr'>δὲ</span> <span class='ocrx_word' id='word_1_470' title='bbox 1038 4627 1134 4680; x_wconf 70' lang='grc' dir='ltr'>καὶ</span> <span class='ocrx_word' id='word_1_471' title='bbox 1153 4627 1395 4698; x_wconf 80' lang='grc' dir='ltr'>ἄργυρος</span> <span class='ocrx_word' id='word_1_472' title='bbox 1424 4627 1597 4681; x_wconf 78' lang='grc' dir='ltr'>ἕλκων</span> <span class='ocrx_word' id='word_1_473' title='bbox 1619 4645 1721 4698; x_wconf 86' lang='grc' dir='ltr'>μυ-</span> 
     </span>
    </p>
   </div>
   <div class='ocr_carea' id='block_1_61' title="bbox 154 4713 1720 4789">
    <p class='ocr_par' dir='ltr' id='par_1_61' title="bbox 154 4713 1720 4789">
     <span class='ocr_line' id='line_1_61' title="bbox 154 4713 1720 4789; baseline 0.006 -26"><span class='ocrx_word' id='word_1_474' title='bbox 154 4713 330 4779; x_wconf 70' lang='grc' dir='ltr'>ριάδας</span> <span class='ocrx_word' id='word_1_475' title='bbox 362 4715 564 4778; x_wconf 74' lang='grc' dir='ltr'>πολλὰς</span> <span class='ocrx_word' id='word_1_476' title='bbox 596 4715 874 4771; x_wconf 81' lang='grc' dir='ltr'>ταλάντων</span> <span class='ocrx_word' id='word_1_477' title='bbox 914 4716 1008 4770; x_wconf 71' lang='grc' dir='ltr'>καὶ</span> <span class='ocrx_word' id='word_1_478' title='bbox 1037 4717 1396 4772; x_wconf 78' lang='grc' dir='ltr'>παντοδαπῶν</span> <span class='ocrx_word' id='word_1_479' title='bbox 1428 4717 1720 4789; x_wconf 81' lang='grc' dir='ltr'>βασιλικῶν</span> 
     </span>
    </p>
   </div>
   <div class='ocr_carea' id='block_1_62' title="bbox 152 4809 1722 4882">
    <p class='ocr_par' dir='ltr' id='par_1_62' title="bbox 152 4809 1722 4882">
     <span class='ocr_line' id='line_1_62' title="bbox 152 4809 1722 4882; baseline 0.005 -26"><span class='ocrx_word' id='word_1_480' title='bbox 152 4809 455 4876; x_wconf 74' lang='grc' dir='ltr'>κειμηλίων,</span> <span class='ocrx_word' id='word_1_481' title='bbox 495 4810 642 4878; x_wconf 80' lang='grc' dir='ltr'>ἆπερ</span> <span class='ocrx_word' id='word_1_482' title='bbox 676 4809 956 4882; x_wconf 76' lang='grc' dir='ltr'>Γιζέριχος</span> <span class='ocrx_word' id='word_1_483' title='bbox 989 4811 1048 4863; x_wconf 82' lang='grc' dir='ltr'>τὸ</span> <span class='ocrx_word' id='word_1_484' title='bbox 1077 4815 1122 4846; x_wconf 74' lang='grc'>⁸⁸</span> <span class='ocrx_word' id='word_1_485' title='bbox 1152 4811 1212 4863; x_wconf 78' lang='grc' dir='ltr'>ἐν</span> <span class='ocrx_word' id='word_1_486' title='bbox 1263 4809 1449 4881; x_wconf 83' lang='grc' dir='ltr'><strong>Ῥώμῃ</strong></span> <span class='ocrx_word' id='word_1_487' title='bbox 1483 4812 1722 4881; x_wconf 80' lang='grc' dir='ltr'>συλήσας</span> 
     </span>
    </p>
   </div>
   <div class='ocr_carea' id='block_1_63' title="bbox 2536 2229 3400 2300">
    <p class='ocr_par' dir='ltr' id='par_1_63' title="bbox 2536 2229 3400 2300">
     <span class='ocr_line' id='line_1_63' title="bbox 2536 2229 3400 2300; baseline 0.005 -18"><span class='ocrx_word' id='word_1_488' title='bbox 2536 2229 3002 2300; x_wconf 81' lang='lat' dir='ltr'><strong>quemadmodum</strong></span> <span class='ocrx_word' id='word_1_489' title='bbox 3078 2229 3133 2283; x_wconf 91' lang='lat' dir='ltr'><strong>in</strong></span> <span class='ocrx_word' id='word_1_490' title='bbox 3202 2244 3400 2300; x_wconf 80' lang='lat' dir='ltr'><strong>magna</strong></span> 
     </span>
    </p>
   </div>
   <div class='ocr_carea' id='block_1_64' title="bbox 1815 2320 3396 2388">
    <p class='ocr_par' dir='ltr' id='par_1_64' title="bbox 1815 2320 3396 2388">
     <span class='ocr_line' id='line_1_64' title="bbox 1815 2320 3396 2388; baseline -0.001 -9"><span class='ocrx_word' id='word_1_491' title='bbox 1815 2325 2083 2381; x_wconf 79' lang='lat' dir='ltr'><strong>felicitate</strong></span> <span class='ocrx_word' id='word_1_492' title='bbox 2116 2322 2234 2377; x_wconf 90' lang='lat' dir='ltr'><strong>ﬁeri</strong></span> <span class='ocrx_word' id='word_1_493' title='bbox 2267 2331 2438 2388; x_wconf 89' lang='lat' dir='ltr'><strong>amat,</strong></span> <span class='ocrx_word' id='word_1_494' title='bbox 2486 2323 2651 2376; x_wconf 90' lang='lat' dir='ltr'><strong>etiam</strong></span> <span class='ocrx_word' id='word_1_495' title='bbox 2701 2320 2968 2376; x_wconf 88' lang='lat' dir='ltr'><strong>Belisario</strong></span> <span class='ocrx_word' id='word_1_496' title='bbox 3021 2321 3396 2378; x_wconf 80' lang='lat' dir='ltr'><strong>calamitatem</strong></span> 
     </span>
    </p>
   </div>
   <div class='ocr_carea' id='block_1_65' title="bbox 1811 2413 3401 2489">
    <p class='ocr_par' dir='ltr' id='par_1_65' title="bbox 1811 2413 3401 2489">
     <span class='ocr_line' id='line_1_65' title="bbox 1811 2413 3401 2489; baseline -0.001 -17"><span class='ocrx_word' id='word_1_497' title='bbox 1811 2421 2043 2489; x_wconf 88' lang='lat' dir='ltr'><strong>peperit.</strong></span> <span class='ocrx_word' id='word_1_498' title='bbox 2105 2415 2341 2482; x_wconf 88' lang='lat' dir='ltr'><strong>Quidam</strong></span> <span class='ocrx_word' id='word_1_499' title='bbox 2389 2415 2536 2470; x_wconf 91' lang='lat' dir='ltr'><strong>enim</strong></span> <span class='ocrx_word' id='word_1_500' title='bbox 2585 2415 2763 2483; x_wconf 90' lang='lat' dir='ltr'><strong>ipsum</strong></span> <span class='ocrx_word' id='word_1_501' title='bbox 2797 2413 3061 2469; x_wconf 72' lang='lat' dir='ltr'><strong>aﬁectatte</strong></span> <span class='ocrx_word' id='word_1_502' title='bbox 3092 2415 3401 2485; x_wconf 87' lang='lat' dir='ltr'><strong>tyrannidis</strong></span> 
     </span>
    </p>
   </div>
   <div class='ocr_carea' id='block_1_66' title="bbox 1770 2503 3402 2578">
    <p class='ocr_par' dir='ltr' id='par_1_66' title="bbox 1770 2503 3402 2578">
     <span class='ocr_line' id='line_1_66' title="bbox 1770 2503 3402 2578; baseline -0.001 -18"><span class='ocrx_word' id='word_1_503' title='bbox 1770 2506 1959 2578; x_wconf 86' lang='lat' dir='ltr'><strong>.apud</strong></span> <span class='ocrx_word' id='word_1_504' title='bbox 2047 2507 2437 2576; x_wconf 72' lang='lat' dir='ltr'><strong>inipcratOi--,m</strong></span> <span class='ocrx_word' id='word_1_505' title='bbox 2516 2503 2788 2560; x_wconf 92' lang='lat' dir='ltr'><strong>criminati</strong></span> <span class='ocrx_word' id='word_1_506' title='bbox 2867 2512 3018 2560; x_wconf 88' lang='lat' dir='ltr'><strong>sunt.</strong></span> <span class='ocrx_word' id='word_1_507' title='bbox 3098 2504 3402 2576; x_wconf 83' lang='lat' dir='ltr'><strong>Imperator</strong></span> 
     </span>
    </p>
   </div>
   <div class='ocr_carea' id='block_1_67' title="bbox 1813 2596 3403 2670">
    <p class='ocr_par' dir='ltr' id='par_1_67' title="bbox 1813 2596 3403 2670">
     <span class='ocr_line' id='line_1_67' title="bbox 1813 2596 3403 2670; baseline -0.001 -16"><span class='ocrx_word' id='word_1_508' title='bbox 1813 2610 1997 2656; x_wconf 86' lang='lat' dir='ltr'><strong>autem</strong></span> <span class='ocrx_word' id='word_1_509' title='bbox 2040 2615 2138 2670; x_wconf 91' lang='lat' dir='ltr'><strong>per</strong></span> <span class='ocrx_word' id='word_1_510' title='bbox 2170 2597 2520 2654; x_wconf 86' lang='lat' dir='ltr'><strong>Salomonem</strong></span> <span class='ocrx_word' id='word_1_511' title='bbox 2553 2596 2806 2653; x_wconf 88' lang='lat' dir='ltr'><strong>Belisarii</strong></span> <span class='ocrx_word' id='word_1_512' title='bbox 2861 2598 3191 2653; x_wconf 89' lang='lat' dir='ltr'><strong>sententiam</strong></span> <span class='ocrx_word' id='word_1_513' title='bbox 3232 2612 3403 2670; x_wconf 79' lang='lat' dir='ltr'><strong>expe-</strong></span> 
     </span>
    </p>
   </div>
   <div class='ocr_carea' id='block_1_68' title="bbox 1816 2689 3400 2760">
    <p class='ocr_par' dir='ltr' id='par_1_68' title="bbox 1816 2689 3400 2760">
     <span class='ocr_line' id='line_1_68' title="bbox 1816 2689 3400 2760; baseline -0.001 -12"><span class='ocrx_word' id='word_1_514' title='bbox 1816 2694 1975 2758; x_wconf 88' lang='lat' dir='ltr'><strong>ritur,</strong></span> <span class='ocrx_word' id='word_1_515' title='bbox 2033 2700 2217 2745; x_wconf 88' lang='lat' dir='ltr'><strong>utrum</strong></span> <span class='ocrx_word' id='word_1_516' title='bbox 2299 2689 2418 2760; x_wconf 88' lang='lat' dir='ltr'><strong>ipse</strong></span> <span class='ocrx_word' id='word_1_517' title='bbox 2475 2704 2601 2746; x_wconf 88' lang='lat' dir='ltr'><strong>cum</strong></span> <span class='ocrx_word' id='word_1_518' title='bbox 2671 2689 2942 2746; x_wconf 85' lang='lat' dir='ltr'><strong>Gelimere</strong></span> <span class='ocrx_word' id='word_1_519' title='bbox 3017 2698 3074 2745; x_wconf 89' lang='lat' dir='ltr'><strong>et</strong></span> <span class='ocrx_word' id='word_1_520' title='bbox 3139 2689 3400 2746; x_wconf 82' lang='lat' dir='ltr'><strong>Vandalis</strong></span> 
     </span>
    </p>
   </div>
   <div class='ocr_carea' id='block_1_69' title="bbox 1813 2781 3403 2865">
    <p class='ocr_par' dir='ltr' id='par_1_69' title="bbox 1813 2781 3403 2865">
     <span class='ocr_line' id='line_1_69' title="bbox 1813 2781 3403 2865; baseline -0.001 -26"><span class='ocrx_word' id='word_1_521' title='bbox 1813 2784 2179 2865; x_wconf 62' lang='lat' dir='ltr'><strong>Byzantiunr</strong></span> <span class='ocrx_word' id='word_1_522' title='bbox 2220 2783 2521 2854; x_wconf 87' lang='lat' dir='ltr'><strong>proﬁcisci,</strong></span> <span class='ocrx_word' id='word_1_523' title='bbox 2595 2797 2664 2837; x_wconf 90' lang='lat' dir='ltr'><strong>an</strong></span> <span class='ocrx_word' id='word_1_524' title='bbox 2722 2791 2872 2840; x_wconf 87' lang='lat' dir='ltr'><strong>certe</strong></span> <span class='ocrx_word' id='word_1_525' title='bbox 2929 2782 3050 2854; x_wconf 90' lang='lat' dir='ltr'><strong>ipso</strong></span> <span class='ocrx_word' id='word_1_526' title='bbox 3115 2784 3170 2838; x_wconf 89' lang='lat' dir='ltr'><strong>in</strong></span> <span class='ocrx_word' id='word_1_527' title='bbox 3230 2781 3403 2855; x_wconf 83' lang='lat' dir='ltr'><strong>Lybia</strong></span> 
     </span>
    </p>
   </div>
   <div class='ocr_carea' id='block_1_70' title="bbox 1814 2872 3402 2945">
    <p class='ocr_par' dir='ltr' id='par_1_70' title="bbox 1814 2872 3402 2945">
     <span class='ocr_line' id='line_1_70' title="bbox 1814 2872 3402 2945; baseline -0.001 -15"><span class='ocrx_word' id='word_1_528' title='bbox 1814 2877 2218 2931; x_wconf 87' lang='lat' dir='ltr'><strong>diuturniorem</strong></span> <span class='ocrx_word' id='word_1_529' title='bbox 2272 2888 2482 2929; x_wconf 87' lang='lat' dir='ltr'><strong>moram</strong></span> <span class='ocrx_word' id='word_1_530' title='bbox 2515 2873 2790 2939; x_wconf 88' lang='lat' dir='ltr'><strong>trahente,</strong></span> <span class='ocrx_word' id='word_1_531' title='bbox 2825 2872 2977 2945; x_wconf 89' lang='lat' dir='ltr'><strong>ipsos</strong></span> <span class='ocrx_word' id='word_1_532' title='bbox 3020 2873 3151 2929; x_wconf 91' lang='lat' dir='ltr'><strong>illuc</strong></span> <span class='ocrx_word' id='word_1_533' title='bbox 3185 2874 3402 2928; x_wconf 88' lang='lat' dir='ltr'><strong>mittere</strong></span> 
     </span>
    </p>
   </div>
   <div class='ocr_carea' id='block_1_71' title="bbox 1814 2965 3402 3038">
    <p class='ocr_par' dir='ltr' id='par_1_71' title="bbox 1814 2965 3402 3038">
     <span class='ocr_line' id='line_1_71' title="bbox 1814 2965 3402 3038; baseline -0.001 -14"><span class='ocrx_word' id='word_1_534' title='bbox 1814 2975 2080 3024; x_wconf 87' lang='lat' dir='ltr'><strong>statueret</strong></span> <span class='ocrx_word' id='word_1_535' title='bbox 2105 2967 2129 3021; x_wconf 90' lang='lat'><strong>?</strong></span> <span class='ocrx_word' id='word_1_536' title='bbox 2153 2966 2324 3022; x_wconf 87' lang='lat' dir='ltr'><strong>Porro</strong></span> <span class='ocrx_word' id='word_1_537' title='bbox 2363 2966 2667 3023; x_wconf 88' lang='lat' dir='ltr'><strong>Belisarius</strong></span> <span class='ocrx_word' id='word_1_538' title='bbox 2705 2965 2999 3022; x_wconf 86' lang='lat' dir='ltr'><strong>Salomone</strong></span> <span class='ocrx_word' id='word_1_539' title='bbox 3042 2966 3230 3038; x_wconf 68' lang='lat' dir='ltr'><strong>Libyae</strong></span> <span class='ocrx_word' id='word_1_540' title='bbox 3261 2968 3402 3024; x_wconf 86' lang='lat' dir='ltr'><strong>duce</strong></span> 
     </span>
    </p>
   </div>
   <div class='ocr_carea' id='block_1_72' title="bbox 1814 3058 3403 3131">
    <p class='ocr_par' dir='ltr' id='par_1_72' title="bbox 1814 3058 3403 3131">
     <span class='ocr_line' id='line_1_72' title="bbox 1814 3058 3403 3131; baseline 0.001 -19"><span class='ocrx_word' id='word_1_541' title='bbox 1814 3059 2009 3113; x_wconf 89' lang='lat' dir='ltr'><strong>relicto</strong></span> <span class='ocrx_word' id='word_1_542' title='bbox 2038 3059 2058 3130; x_wconf 94' lang='lat'>(</span> <span class='ocrx_word' id='word_1_543' title='bbox 2077 3058 2146 3113; x_wconf 87' lang='lat' dir='ltr'><strong>ab</strong></span> <span class='ocrx_word' id='word_1_544' title='bbox 2179 3058 2538 3128; x_wconf 87' lang='lat' dir='ltr'><strong>optimatibus</strong></span> <span class='ocrx_word' id='word_1_545' title='bbox 2571 3058 2718 3114; x_wconf 89' lang='lat' dir='ltr'><strong>enim</strong></span> <span class='ocrx_word' id='word_1_546' title='bbox 2744 3074 2803 3115; x_wconf 89' lang='lat' dir='ltr'><strong>se</strong></span> <span class='ocrx_word' id='word_1_547' title='bbox 2827 3058 3403 3131; x_wconf 79' lang='lat' dir='ltr'><strong>tyrannidisinsimu-</strong></span> 
     </span>
    </p>
   </div>
   <div class='ocr_carea' id='block_1_73' title="bbox 1815 3150 3401 3224">
    <p class='ocr_par' dir='ltr' id='par_1_73' title="bbox 1815 3150 3401 3224">
     <span class='ocr_line' id='line_1_73' title="bbox 1815 3150 3401 3224; baseline 0.002 -20"><span class='ocrx_word' id='word_1_548' title='bbox 1815 3150 1984 3206; x_wconf 90' lang='lat' dir='ltr'><strong>latum</strong></span> <span class='ocrx_word' id='word_1_549' title='bbox 2034 3165 2144 3206; x_wconf 91' lang='lat' dir='ltr'><strong>non</strong></span> <span class='ocrx_word' id='word_1_550' title='bbox 2192 3160 2313 3206; x_wconf 88' lang='lat' dir='ltr'><strong>erat</strong></span> <span class='ocrx_word' id='word_1_551' title='bbox 2367 3151 2626 3223; x_wconf 80' lang='lat' dir='ltr'><strong>nescius)</strong></span> <span class='ocrx_word' id='word_1_552' title='bbox 2666 3150 2992 3224; x_wconf 83' lang='lat' dir='ltr'><strong>Byzantium</strong></span> <span class='ocrx_word' id='word_1_553' title='bbox 3053 3166 3251 3208; x_wconf 90' lang='lat' dir='ltr'><strong>versus</strong></span> <span class='ocrx_word' id='word_1_554' title='bbox 3295 3151 3401 3207; x_wconf 90' lang='lat' dir='ltr'><strong>iter</strong></span> 
     </span>
    </p>
   </div>
   <div class='ocr_carea' id='block_1_74' title="bbox 1813 3240 3403 3317">
    <p class='ocr_par' dir='ltr' id='par_1_74' title="bbox 1813 3240 3403 3317">
     <span class='ocr_line' id='line_1_74' title="bbox 1813 3240 3403 3317; baseline 0.002 -21"><span class='ocrx_word' id='word_1_555' title='bbox 1813 3242 2031 3313; x_wconf 79' lang='lat' dir='ltr'><strong>arripit.</strong></span> <span class='ocrx_word' id='word_1_556' title='bbox 2065 3240 2310 3298; x_wconf 84' lang='lat' dir='ltr'><strong>Subinde</strong></span> <span class='ocrx_word' id='word_1_557' title='bbox 2342 3258 2470 3298; x_wconf 86' lang='lat' dir='ltr'><strong>eum</strong></span> <span class='ocrx_word' id='word_1_558' title='bbox 2500 3241 2772 3300; x_wconf 81' lang='lat' dir='ltr'><strong>Gelimere</strong></span> <span class='ocrx_word' id='word_1_559' title='bbox 2797 3252 2854 3300; x_wconf 92' lang='lat' dir='ltr'><strong>et</strong></span> <span class='ocrx_word' id='word_1_560' title='bbox 2882 3242 3148 3299; x_wconf 75' lang='lat' dir='ltr'><strong>Vandalis</strong></span> <span class='ocrx_word' id='word_1_561' title='bbox 3187 3245 3403 3317; x_wconf 82' lang='lat' dir='ltr'><strong>Byzan-</strong></span> 
     </span>
    </p>
   </div>
   <div class='ocr_carea' id='block_1_75' title="bbox 1818 3335 3405 3409">
    <p class='ocr_par' dir='ltr' id='par_1_75' title="bbox 1818 3335 3405 3409">
     <span class='ocr_line' id='line_1_75' title="bbox 1818 3335 3405 3409; baseline 0.004 -21"><span class='ocrx_word' id='word_1_562' title='bbox 1818 3335 1955 3390; x_wconf 90' lang='lat' dir='ltr'><strong>tium</strong></span> <span class='ocrx_word' id='word_1_563' title='bbox 2015 3335 2320 3407; x_wconf 78' lang='lat' dir='ltr'><strong>protectus,</strong></span> <span class='ocrx_word' id='word_1_564' title='bbox 2387 3351 2452 3391; x_wconf 86' lang='lat' dir='ltr'><strong>ea</strong></span> <span class='ocrx_word' id='word_1_565' title='bbox 2517 3336 2786 3391; x_wconf 88' lang='lat' dir='ltr'><strong>honorum</strong></span> <span class='ocrx_word' id='word_1_566' title='bbox 2849 3337 3230 3406; x_wconf 89' lang='lat' dir='ltr'><strong>amplitudine,</strong></span> <span class='ocrx_word' id='word_1_567' title='bbox 3293 3354 3405 3409; x_wconf 85' lang='lat' dir='ltr'><strong>qua</strong></span> 
     </span>
    </p>
   </div>
   <div class='ocr_carea' id='block_1_76' title="bbox 1815 3427 3403 3504">
    <p class='ocr_par' dir='ltr' id='par_1_76' title="bbox 1815 3427 3403 3504">
     <span class='ocr_line' id='line_1_76' title="bbox 1815 3427 3403 3504; baseline 0.003 -22"><span class='ocrx_word' id='word_1_568' title='bbox 1815 3427 2096 3499; x_wconf 88' lang='lat' dir='ltr'><strong>prioribus</strong></span> <span class='ocrx_word' id='word_1_569' title='bbox 2143 3429 2364 3484; x_wconf 82' lang='lat' dir='ltr'><strong>saeculis</strong></span> <span class='ocrx_word' id='word_1_570' title='bbox 2416 3429 2794 3484; x_wconf 79' lang='lat' dir='ltr'><strong>Romanorum</strong></span> <span class='ocrx_word' id='word_1_571' title='bbox 2843 3430 3015 3488; x_wconf 87' lang='lat' dir='ltr'><strong>duces</strong></span> <span class='ocrx_word' id='word_1_572' title='bbox 3049 3442 3174 3502; x_wconf 90' lang='lat' dir='ltr'><strong>post</strong></span> <span class='ocrx_word' id='word_1_573' title='bbox 3228 3433 3403 3504; x_wconf 77' lang='lat' dir='ltr'><strong>magis</strong></span> 
     </span>
    </p>
   </div>
   <div class='ocr_carea' id='block_1_77' title="bbox 1819 3511 3401 3592">
    <p class='ocr_par' dir='ltr' id='par_1_77' title="bbox 1819 3511 3401 3592">
     <span class='ocr_line' id='line_1_77' title="bbox 1819 3511 3401 3592; baseline 0.003 -18"><span class='ocrx_word' id='word_1_574' title='bbox 1819 3521 2064 3592; x_wconf 77' lang='lat' dir='ltr'><strong>insignes</strong></span> <span class='ocrx_word' id='word_1_575' title='bbox 2092 3511 2353 3576; x_wconf 75' lang='lat' dir='ltr'><strong>victorias</strong></span> <span class='ocrx_word' id='word_1_576' title='bbox 2376 3522 2749 3588; x_wconf 88' lang='lat' dir='ltr'><strong>donabantur,</strong></span> <span class='ocrx_word' id='word_1_577' title='bbox 2771 3522 3087 3580; x_wconf 88' lang='lat' dir='ltr'><strong>cumulatus</strong></span> <span class='ocrx_word' id='word_1_578' title='bbox 3111 3532 3197 3579; x_wconf 80' lang='lat' dir='ltr'><strong>est</strong></span> <span class='ocrx_word' id='word_1_579' title='bbox 3225 3542 3240 3578; x_wconf 93' lang='lat'><strong>:</strong></span> <span class='ocrx_word' id='word_1_580' title='bbox 3275 3540 3401 3582; x_wconf 78' lang='lat' dir='ltr'><strong>sex-</strong></span> 
     </span>
    </p>
   </div>
   <div class='ocr_carea' id='block_1_78' title="bbox 1816 3615 3406 3681">
    <p class='ocr_par' dir='ltr' id='par_1_78' title="bbox 1816 3615 3406 3681">
     <span class='ocr_line' id='line_1_78' title="bbox 1816 3615 3406 3681; baseline 0.002 -11"><span class='ocrx_word' id='word_1_581' title='bbox 1816 3624 2008 3670; x_wconf 87' lang='lat' dir='ltr'><strong>centos</strong></span> <span class='ocrx_word' id='word_1_582' title='bbox 2034 3617 2179 3669; x_wconf 90' lang='lat' dir='ltr'><strong>enim</strong></span> <span class='ocrx_word' id='word_1_583' title='bbox 2223 3631 2402 3671; x_wconf 82' lang='lat' dir='ltr'><strong>annos</strong></span> <span class='ocrx_word' id='word_1_584' title='bbox 2418 3615 2463 3672; x_wconf 89' lang='lat' dir='ltr'><strong>si</strong></span> <span class='ocrx_word' id='word_1_585' title='bbox 2495 3615 3122 3681; x_wconf 76' lang='lat' dir='ltr'><strong>nnmerareris,nullus,</strong></span> <span class='ocrx_word' id='word_1_586' title='bbox 3140 3616 3246 3673; x_wconf 91' lang='lat' dir='ltr'><strong>nisi</strong></span> <span class='ocrx_word' id='word_1_587' title='bbox 3267 3616 3406 3673; x_wconf 83' lang='lat' dir='ltr'><strong>forte</strong></span> 
     </span>
    </p>
   </div>
   <div class='ocr_carea' id='block_1_79' title="bbox 1818 3705 3406 3779">
    <p class='ocr_par' dir='ltr' id='par_1_79' title="bbox 1818 3705 3406 3779">
     <span class='ocr_line' id='line_1_79' title="bbox 1818 3705 3406 3779; baseline 0.003 -19"><span class='ocrx_word' id='word_1_588' title='bbox 1818 3705 1999 3772; x_wconf 79' lang='lat' dir='ltr'><strong>Titus,</strong></span> <span class='ocrx_word' id='word_1_589' title='bbox 2025 3707 2336 3779; x_wconf 68' lang='lat' dir='ltr'><strong>Traianus,</strong></span> <span class='ocrx_word' id='word_1_590' title='bbox 2364 3717 2458 3762; x_wconf 88' lang='lat' dir='ltr'><strong>aut</strong></span> <span class='ocrx_word' id='word_1_591' title='bbox 2488 3709 2581 3764; x_wconf 90' lang='lat' dir='ltr'><strong>alii</strong></span> <span class='ocrx_word' id='word_1_592' title='bbox 2616 3709 2976 3779; x_wconf 89' lang='lat' dir='ltr'><strong>imperatores</strong></span> <span class='ocrx_word' id='word_1_593' title='bbox 2993 3718 3045 3765; x_wconf 92' lang='lat' dir='ltr'><strong>et</strong></span> <span class='ocrx_word' id='word_1_594' title='bbox 3063 3711 3406 3765; x_wconf 79' lang='lat' dir='ltr'><strong>exercituum</strong></span> 
     </span>
    </p>
   </div>
   <div class='ocr_carea' id='block_1_80' title="bbox 1818 3799 3402 3872">
    <p class='ocr_par' dir='ltr' id='par_1_80' title="bbox 1818 3799 3402 3872">
     <span class='ocr_line' id='line_1_80' title="bbox 1818 3799 3402 3872; baseline 0.001 -20"><span class='ocrx_word' id='word_1_595' title='bbox 1818 3799 2102 3863; x_wconf 86' lang='lat' dir='ltr'><strong>ductores,</strong></span> <span class='ocrx_word' id='word_1_596' title='bbox 2136 3802 2226 3870; x_wconf 91' lang='lat' dir='ltr'><strong>qui</strong></span> <span class='ocrx_word' id='word_1_597' title='bbox 2264 3803 2525 3856; x_wconf 86' lang='lat' dir='ltr'><strong>barbaras</strong></span> <span class='ocrx_word' id='word_1_598' title='bbox 2553 3801 2807 3856; x_wconf 83' lang='lat' dir='ltr'><strong>nationes</strong></span> <span class='ocrx_word' id='word_1_599' title='bbox 2840 3801 3184 3864; x_wconf 85' lang='lat' dir='ltr'><strong>devicerunt,</strong></span> <span class='ocrx_word' id='word_1_600' title='bbox 3212 3816 3402 3872; x_wconf 88' lang='lat' dir='ltr'><strong>parem</strong></span> 
     </span>
    </p>
   </div>
   <div class='ocr_carea' id='block_1_81' title="bbox 1820 3891 3409 3965">
    <p class='ocr_par' dir='ltr' id='par_1_81' title="bbox 1820 3891 3409 3965">
     <span class='ocr_line' id='line_1_81' title="bbox 1820 3891 3409 3965; baseline 0.001 -19"><span class='ocrx_word' id='word_1_601' title='bbox 1820 3893 2048 3948; x_wconf 88' lang='lat' dir='ltr'><strong>honoris</strong></span> <span class='ocrx_word' id='word_1_602' title='bbox 2077 3893 2303 3965; x_wconf 76' lang='lat' dir='ltr'><strong>gradum</strong></span> <span class='ocrx_word' id='word_1_603' title='bbox 2336 3894 2430 3964; x_wconf 91' lang='lat' dir='ltr'><strong>qui</strong></span> <span class='ocrx_word' id='word_1_604' title='bbox 2457 3894 2719 3965; x_wconf 80' lang='lat' dir='ltr'><strong>attigerit,</strong></span> <span class='ocrx_word' id='word_1_605' title='bbox 2754 3892 2915 3949; x_wconf 80' lang='lat' dir='ltr'><strong>facile</strong></span> <span class='ocrx_word' id='word_1_606' title='bbox 2950 3904 3234 3950; x_wconf 89' lang='lat' dir='ltr'><strong>occurret.</strong></span> <span class='ocrx_word' id='word_1_607' title='bbox 3264 3891 3409 3964; x_wconf 80' lang='lat' dir='ltr'><strong>Spo-</strong></span> 
     </span>
    </p>
   </div>
   <div class='ocr_carea' id='block_1_82' title="bbox 1820 3987 3408 4059">
    <p class='ocr_par' dir='ltr' id='par_1_82' title="bbox 1820 3987 3408 4059">
     <span class='ocr_line' id='line_1_82' title="bbox 1820 3987 3408 4059; baseline 0 -18"><span class='ocrx_word' id='word_1_608' title='bbox 1820 3987 1890 4042; x_wconf 88' lang='lat' dir='ltr'><strong>lia</strong></span> <span class='ocrx_word' id='word_1_609' title='bbox 1928 4003 2166 4059; x_wconf 88' lang='lat' dir='ltr'><strong>namque</strong></span> <span class='ocrx_word' id='word_1_610' title='bbox 2195 3996 2249 4042; x_wconf 91' lang='lat' dir='ltr'><strong>et</strong></span> <span class='ocrx_word' id='word_1_611' title='bbox 2284 3988 2533 4054; x_wconf 82' lang='lat' dir='ltr'><strong>exuvias,</strong></span> <span class='ocrx_word' id='word_1_612' title='bbox 2571 3989 2748 4046; x_wconf 80' lang='lat' dir='ltr'><strong>victos</strong></span> <span class='ocrx_word' id='word_1_613' title='bbox 2779 4003 3006 4059; x_wconf 89' lang='lat' dir='ltr'><strong>quoque</strong></span> <span class='ocrx_word' id='word_1_614' title='bbox 3044 3988 3187 4043; x_wconf 85' lang='lat' dir='ltr'><strong>bello</strong></span> <span class='ocrx_word' id='word_1_615' title='bbox 3228 3987 3408 4057; x_wconf 89' lang='lat' dir='ltr'><strong>capti-</strong></span> 
     </span>
    </p>
   </div>
   <div class='ocr_carea' id='block_1_83' title="bbox 1820 4078 3405 4151">
    <p class='ocr_par' dir='ltr' id='par_1_83' title="bbox 1820 4078 3405 4151">
     <span class='ocr_line' id='line_1_83' title="bbox 1820 4078 3405 4151; baseline -0.001 -17"><span class='ocrx_word' id='word_1_616' title='bbox 1820 4096 1938 4148; x_wconf 86' lang='lat' dir='ltr'><strong>vos,</strong></span> <span class='ocrx_word' id='word_1_617' title='bbox 1973 4097 2067 4151; x_wconf 91' lang='lat' dir='ltr'><strong>per</strong></span> <span class='ocrx_word' id='word_1_618' title='bbox 2103 4081 2334 4147; x_wconf 74' lang='lat' dir='ltr'><strong>mediam</strong></span> <span class='ocrx_word' id='word_1_619' title='bbox 2363 4082 2636 4138; x_wconf 87' lang='lat' dir='ltr'><strong>civitatem</strong></span> <span class='ocrx_word' id='word_1_620' title='bbox 2674 4080 3070 4143; x_wconf 81' lang='lat' dir='ltr'><strong>circumduxit,</strong></span> <span class='ocrx_word' id='word_1_621' title='bbox 3108 4078 3254 4151; x_wconf 90' lang='lat' dir='ltr'><strong>quod</strong></span> <span class='ocrx_word' id='word_1_622' title='bbox 3301 4079 3405 4133; x_wconf 81' lang='lat' dir='ltr'><strong>tri—</strong></span> 
     </span>
    </p>
   </div>
   <div class='ocr_carea' id='block_1_84' title="bbox 1822 4169 3405 4243">
    <p class='ocr_par' dir='ltr' id='par_1_84' title="bbox 1822 4169 3405 4243">
     <span class='ocr_line' id='line_1_84' title="bbox 1822 4169 3405 4243; baseline -0.003 -17"><span class='ocrx_word' id='word_1_623' title='bbox 1822 4173 2083 4243; x_wconf 86' lang='lat' dir='ltr'><strong>umphum</strong></span> <span class='ocrx_word' id='word_1_624' title='bbox 2109 4171 2336 4225; x_wconf 77' lang='lat' dir='ltr'><strong>Romani</strong></span> <span class='ocrx_word' id='word_1_625' title='bbox 2360 4188 2767 4243; x_wconf 76' lang='lat' dir='ltr'><strong>nuncupavere.</strong></span> <span class='ocrx_word' id='word_1_626' title='bbox 2832 4171 2910 4226; x_wconf 87' lang='lat' dir='ltr'><strong>lla</strong></span> <span class='ocrx_word' id='word_1_627' title='bbox 2931 4171 3151 4242; x_wconf 85' lang='lat' dir='ltr'><strong>quidem</strong></span> <span class='ocrx_word' id='word_1_628' title='bbox 3175 4169 3405 4240; x_wconf 85' lang='lat' dir='ltr'><strong>antiquo</strong></span> 
     </span>
    </p>
   </div>
   <div class='ocr_carea' id='block_1_85' title="bbox 1825 4260 3409 4334">
    <p class='ocr_par' dir='ltr' id='par_1_85' title="bbox 1825 4260 3409 4334">
     <span class='ocr_line' id='line_1_85' title="bbox 1825 4260 3409 4334; baseline 0 -18"><span class='ocrx_word' id='word_1_629' title='bbox 1825 4277 1979 4317; x_wconf 89' lang='lat' dir='ltr'><strong>more</strong></span> <span class='ocrx_word' id='word_1_630' title='bbox 2003 4278 2064 4317; x_wconf 80' lang='lat' dir='ltr'><strong>ex</strong></span> <span class='ocrx_word' id='word_1_631' title='bbox 2103 4262 2266 4318; x_wconf 88' lang='lat' dir='ltr'><strong>domo</strong></span> <span class='ocrx_word' id='word_1_632' title='bbox 2297 4262 2401 4317; x_wconf 91' lang='lat' dir='ltr'><strong>sibi</strong></span> <span class='ocrx_word' id='word_1_633' title='bbox 2435 4262 2656 4334; x_wconf 87' lang='lat' dir='ltr'><strong>propria</strong></span> <span class='ocrx_word' id='word_1_634' title='bbox 2687 4260 2756 4316; x_wconf 86' lang='lat' dir='ltr'><strong>ad</strong></span> <span class='ocrx_word' id='word_1_635' title='bbox 2798 4262 3008 4317; x_wconf 90' lang='lat' dir='ltr'><strong>circum</strong></span> <span class='ocrx_word' id='word_1_636' title='bbox 3039 4276 3212 4331; x_wconf 88' lang='lat' dir='ltr'><strong>usque</strong></span> <span class='ocrx_word' id='word_1_637' title='bbox 3243 4260 3409 4332; x_wconf 76' lang='lat' dir='ltr'><strong>pedes</strong></span> 
     </span>
    </p>
   </div>
   <div class='ocr_carea' id='block_1_86' title="bbox 1826 4350 3408 4422">
    <p class='ocr_par' dir='ltr' id='par_1_86' title="bbox 1826 4350 3408 4422">
     <span class='ocr_line' id='line_1_86' title="bbox 1826 4350 3408 4422; baseline -0.002 -16"><span class='ocrx_word' id='word_1_638' title='bbox 1826 4353 2075 4407; x_wconf 88' lang='lat' dir='ltr'><strong>incessit.</strong></span> <span class='ocrx_word' id='word_1_639' title='bbox 2113 4351 2288 4406; x_wconf 87' lang='lat' dir='ltr'><strong>Fuere</strong></span> <span class='ocrx_word' id='word_1_640' title='bbox 2318 4367 2450 4406; x_wconf 90' lang='lat' dir='ltr'><strong>vero</strong></span> <span class='ocrx_word' id='word_1_641' title='bbox 2481 4367 2542 4407; x_wconf 86' lang='lat' dir='ltr'><strong>ea</strong></span> <span class='ocrx_word' id='word_1_642' title='bbox 2576 4352 2773 4422; x_wconf 86' lang='lat' dir='ltr'><strong>spolia,</strong></span> <span class='ocrx_word' id='word_1_643' title='bbox 2803 4366 2925 4422; x_wconf 75' lang='lat' dir='ltr'><strong>quae</strong></span> <span class='ocrx_word' id='word_1_644' title='bbox 2954 4351 3119 4422; x_wconf 67' lang='lat' dir='ltr'><strong>regia:</strong></span> <span class='ocrx_word' id='word_1_645' title='bbox 3150 4350 3408 4421; x_wconf 85' lang='lat' dir='ltr'><strong>majesta-</strong></span> 
     </span>
    </p>
   </div>
   <div class='ocr_carea' id='block_1_87' title="bbox 1827 4444 3409 4514">
    <p class='ocr_par' dir='ltr' id='par_1_87' title="bbox 1827 4444 3409 4514">
     <span class='ocr_line' id='line_1_87' title="bbox 1827 4444 3409 4514; baseline 0.001 -17"><span class='ocrx_word' id='word_1_646' title='bbox 1827 4445 1897 4500; x_wconf 90' lang='lat' dir='ltr'><strong>tis</strong></span> <span class='ocrx_word' id='word_1_647' title='bbox 1938 4445 2248 4499; x_wconf 88' lang='lat' dir='ltr'><strong>ministerio</strong></span> <span class='ocrx_word' id='word_1_648' title='bbox 2279 4455 2333 4498; x_wconf 90' lang='lat' dir='ltr'><strong>et</strong></span> <span class='ocrx_word' id='word_1_649' title='bbox 2377 4459 2566 4514; x_wconf 74' lang='lat' dir='ltr'><strong>regum</strong></span> <span class='ocrx_word' id='word_1_650' title='bbox 2617 4444 2810 4499; x_wconf 91' lang='lat' dir='ltr'><strong>usibus</strong></span> <span class='ocrx_word' id='word_1_651' title='bbox 2840 4445 3068 4499; x_wconf 90' lang='lat' dir='ltr'><strong>concedi</strong></span> <span class='ocrx_word' id='word_1_652' title='bbox 3105 4459 3409 4500; x_wconf 82' lang='lat' dir='ltr'><strong>consueve-</strong></span> 
     </span>
    </p>
   </div>
   <div class='ocr_carea' id='block_1_88' title="bbox 1828 4535 3408 4608">
    <p class='ocr_par' dir='ltr' id='par_1_88' title="bbox 1828 4535 3408 4608">
     <span class='ocr_line' id='line_1_88' title="bbox 1828 4535 3408 4608; baseline -0.001 -16"><span class='ocrx_word' id='word_1_653' title='bbox 1828 4544 1954 4592; x_wconf 90' lang='lat' dir='ltr'><strong>runt</strong></span> <span class='ocrx_word' id='word_1_654' title='bbox 2004 4555 2017 4592; x_wconf 89' lang='lat'><strong>:</strong></span> <span class='ocrx_word' id='word_1_655' title='bbox 2068 4537 2250 4592; x_wconf 91' lang='lat' dir='ltr'><strong>throni</strong></span> <span class='ocrx_word' id='word_1_656' title='bbox 2315 4537 2489 4602; x_wconf 90' lang='lat' dir='ltr'><strong>aurei,</strong></span> <span class='ocrx_word' id='word_1_657' title='bbox 2553 4545 2607 4592; x_wconf 89' lang='lat' dir='ltr'><strong>et</strong></span> <span class='ocrx_word' id='word_1_658' title='bbox 2661 4537 2895 4602; x_wconf 63' lang='lat' dir='ltr'><strong>lecticm,</strong></span> <span class='ocrx_word' id='word_1_659' title='bbox 2957 4535 3162 4608; x_wconf 87' lang='lat' dir='ltr'><strong>quibus</strong></span> <span class='ocrx_word' id='word_1_660' title='bbox 3221 4552 3408 4608; x_wconf 81' lang='lat' dir='ltr'><strong>regum</strong></span> 
     </span>
    </p>
   </div>
   <div class='ocr_carea' id='block_1_89' title="bbox 1827 4629 3412 4699">
    <p class='ocr_par' dir='ltr' id='par_1_89' title="bbox 1827 4629 3412 4699">
     <span class='ocr_line' id='line_1_89' title="bbox 1827 4629 3412 4699; baseline 0 -15"><span class='ocrx_word' id='word_1_661' title='bbox 1827 4646 2028 4686; x_wconf 79' lang='lat' dir='ltr'><strong>uxores</strong></span> <span class='ocrx_word' id='word_1_662' title='bbox 2059 4639 2242 4684; x_wconf 89' lang='lat' dir='ltr'><strong>amant</strong></span> <span class='ocrx_word' id='word_1_663' title='bbox 2276 4631 2419 4696; x_wconf 88' lang='lat' dir='ltr'><strong>vehi,</strong></span> <span class='ocrx_word' id='word_1_664' title='bbox 2464 4629 2706 4686; x_wconf 91' lang='lat' dir='ltr'><strong>mundus</strong></span> <span class='ocrx_word' id='word_1_665' title='bbox 2762 4630 3015 4684; x_wconf 89' lang='lat' dir='ltr'><strong>inﬁnitus</strong></span> <span class='ocrx_word' id='word_1_666' title='bbox 3059 4645 3124 4684; x_wconf 81' lang='lat' dir='ltr'><strong>ex</strong></span> <span class='ocrx_word' id='word_1_667' title='bbox 3155 4629 3412 4699; x_wconf 88' lang='lat' dir='ltr'><strong>pretiosis</strong></span> 
     </span>
    </p>
   </div>
   <div class='ocr_carea' id='block_1_90' title="bbox 1827 4721 3414 4792">
    <p class='ocr_par' dir='ltr' id='par_1_90' title="bbox 1827 4721 3414 4792">
     <span class='ocr_line' id='line_1_90' title="bbox 1827 4721 3414 4792; baseline 0.001 -18"><span class='ocrx_word' id='word_1_668' title='bbox 1827 4721 2046 4791; x_wconf 89' lang='lat' dir='ltr'><strong>lapillis,</strong></span> <span class='ocrx_word' id='word_1_669' title='bbox 2075 4738 2238 4777; x_wconf 88' lang='lat' dir='ltr'><strong>attrea</strong></span> <span class='ocrx_word' id='word_1_670' title='bbox 2264 4723 2485 4792; x_wconf 89' lang='lat' dir='ltr'><strong>pocula,</strong></span> <span class='ocrx_word' id='word_1_671' title='bbox 2514 4730 2826 4792; x_wconf 68' lang='lat' dir='ltr'><strong>caeteraque</strong></span> <span class='ocrx_word' id='word_1_672' title='bbox 2851 4721 3060 4787; x_wconf 87' lang='lat' dir='ltr'><strong>omnia,</strong></span> <span class='ocrx_word' id='word_1_673' title='bbox 3093 4737 3214 4791; x_wconf 62' lang='lat' dir='ltr'><strong>qua:</strong></span> <span class='ocrx_word' id='word_1_674' title='bbox 3245 4721 3414 4792; x_wconf 76' lang='lat' dir='ltr'><strong>regiis</strong></span> 
     </span>
    </p>
   </div>
   <div class='ocr_carea' id='block_1_91' title="bbox 1829 4813 3413 4884">
    <p class='ocr_par' dir='ltr' id='par_1_91' title="bbox 1829 4813 3413 4884">
     <span class='ocr_line' id='line_1_91' title="bbox 1829 4813 3413 4884; baseline -0.003 -14"><span class='ocrx_word' id='word_1_675' title='bbox 1829 4815 2098 4870; x_wconf 83' lang='lat' dir='ltr'><strong>conviviis</strong></span> <span class='ocrx_word' id='word_1_676' title='bbox 2165 4813 2504 4868; x_wconf 75' lang='lat' dir='ltr'><strong>inferuntur.</strong></span> <span class='ocrx_word' id='word_1_677' title='bbox 2551 4815 2839 4870; x_wconf 83' lang='lat' dir='ltr'><strong>Ceusitum</strong></span> <span class='ocrx_word' id='word_1_678' title='bbox 2894 4824 2976 4869; x_wconf 91' lang='lat' dir='ltr'><strong>est</strong></span> <span class='ocrx_word' id='word_1_679' title='bbox 3021 4823 3285 4884; x_wconf 61' lang='lat' dir='ltr'><strong>praetcrea</strong></span> <span class='ocrx_word' id='word_1_680' title='bbox 3319 4828 3413 4867; x_wconf 89' lang='lat' dir='ltr'><strong>ar-</strong></span> 
     </span>
    </p>
   </div>
   <div class='ocr_carea' id='block_1_92' title="bbox 151 4895 1716 4987">
    <p class='ocr_par' dir='ltr' id='par_1_92' title="bbox 151 4895 1716 4987">
     <span class='ocr_line' id='line_1_92' title="bbox 151 4895 1716 4987; baseline 0.002 -34"><span class='ocrx_word' id='word_1_681' title='bbox 151 4898 402 4987; x_wconf 62' lang='grc' dir='ltr'>παλάτιον</span> <span class='ocrx_word' id='word_1_682' title='bbox 433 4901 628 4956; x_wconf 75' lang='grc' dir='ltr'>ἐλαϐεν</span> <span class='ocrx_word' id='word_1_683' title='bbox 651 4918 668 4934; x_wconf 76' lang='grc' dir='ltr'><strong>ο</strong></span> <span class='ocrx_word' id='word_1_684' title='bbox 710 4904 769 4955; x_wconf 80' lang='grc' dir='ltr'>ὲν</span> <span class='ocrx_word' id='word_1_685' title='bbox 798 4895 882 4966; x_wconf 78' lang='grc' dir='ltr'>οἷς</span> <span class='ocrx_word' id='word_1_686' title='bbox 911 4902 1004 4957; x_wconf 76' lang='grc' dir='ltr'>καὶ</span> <span class='ocrx_word' id='word_1_687' title='bbox 1035 4902 1102 4957; x_wconf 77' lang='grc' dir='ltr'>τὰ</span> <span class='ocrx_word' id='word_1_688' title='bbox 1149 4903 1420 4956; x_wconf 83' lang='grc' dir='ltr'>Ἰουδαίων</span> <span class='ocrx_word' id='word_1_689' title='bbox 1455 4903 1716 4975; x_wconf 80' lang='grc' dir='ltr'>κειμήλια</span> 
     </span>
    </p>
   </div>
   <div class='ocr_carea' id='block_1_93' title="bbox 1818 4895 3415 4987">
    <p class='ocr_par' dir='ltr' id='par_1_93' title="bbox 1827 4905 3415 4977">
     <span class='ocr_line' id='line_1_93' title="bbox 1827 4905 3415 4977; baseline 0 -19"><span class='ocrx_word' id='word_1_690' title='bbox 1827 4905 1970 4974; x_wconf 82' lang='lat' dir='ltr'><strong>genti</strong></span> <span class='ocrx_word' id='word_1_691' title='bbox 2028 4905 2243 4974; x_wconf 90' lang='lat' dir='ltr'><strong>pondus</strong></span> <span class='ocrx_word' id='word_1_692' title='bbox 2300 4905 2536 4974; x_wconf 90' lang='lat' dir='ltr'><strong>plurium</strong></span> <span class='ocrx_word' id='word_1_693' title='bbox 2598 4906 2906 4977; x_wconf 85' lang='lat' dir='ltr'><strong>myriadum</strong></span> <span class='ocrx_word' id='word_1_694' title='bbox 2969 4906 3305 4960; x_wconf 88' lang='lat' dir='ltr'><strong>talentorum</strong></span> <span class='ocrx_word' id='word_1_695' title='bbox 3360 4914 3415 4959; x_wconf 88' lang='lat' dir='ltr'><strong>ct</strong></span> 
     </span>
    </p>
   </div>
   <div class='ocr_carea' id='block_1_94' title="bbox 154 4982 1720 5066">
    <p class='ocr_par' dir='ltr' id='par_1_94' title="bbox 154 4982 1720 5066">
     <span class='ocr_line' id='line_1_94' title="bbox 154 4982 1720 5066; baseline 0.001 -22"><span class='ocrx_word' id='word_1_696' title='bbox 154 4982 238 5056; x_wconf 76' lang='grc' dir='ltr'>ἦν,</span> <span class='ocrx_word' id='word_1_697' title='bbox 269 4985 407 5062; x_wconf 76' lang='grc' dir='ltr'>ἅπερ</span> <span class='ocrx_word' id='word_1_698' title='bbox 447 4992 859 5057; x_wconf 80' lang='grc' dir='ltr'>Οὐεσπασιανὸς</span> <span class='ocrx_word' id='word_1_699' title='bbox 903 4992 1062 5058; x_wconf 89' lang='grc' dir='ltr'>Τῖτος</span> <span class='ocrx_word' id='word_1_700' title='bbox 1106 4995 1244 5064; x_wconf 84' lang='grc' dir='ltr'>μετὰ</span> <span class='ocrx_word' id='word_1_701' title='bbox 1279 4993 1377 5064; x_wconf 79' lang='grc' dir='ltr'>τὴν</span> <span class='ocrx_word' id='word_1_702' title='bbox 1407 4995 1516 5048; x_wconf 82' lang='grc' dir='ltr'>τῶν</span> <span class='ocrx_word' id='word_1_703' title='bbox 1559 4995 1720 5066; x_wconf 82' lang='grc' dir='ltr'>Ἱερο-</span> 
     </span>
    </p>
   </div>
   <div class='ocr_carea' id='block_1_95' title="bbox 155 5082 1720 5158">
    <p class='ocr_par' dir='ltr' id='par_1_95' title="bbox 155 5082 1720 5158">
     <span class='ocr_line' id='line_1_95' title="bbox 155 5082 1720 5158; baseline 0.004 -24"><span class='ocrx_word' id='word_1_704' title='bbox 155 5082 391 5151; x_wconf 71' lang='grc' dir='ltr'>σολύμων</span> <span class='ocrx_word' id='word_1_705' title='bbox 440 5086 644 5140; x_wconf 72' lang='grc' dir='ltr'>ἅλωσιν</span> <span class='ocrx_word' id='word_1_706' title='bbox 695 5085 776 5148; x_wconf 83' lang='grc' dir='ltr'><strong>είς</strong></span> <span class='ocrx_word' id='word_1_707' title='bbox 827 5084 1046 5158; x_wconf 83' lang='grc' dir='ltr'>Ῥώμην</span> <span class='ocrx_word' id='word_1_708' title='bbox 1078 5087 1120 5119; x_wconf 81' lang='grc'><strong>¹⁹</strong></span> <span class='ocrx_word' id='word_1_709' title='bbox 1170 5086 1422 5156; x_wconf 77' lang='grc' dir='ltr'>ἤνεγκεν.</span> <span class='ocrx_word' id='word_1_710' title='bbox 1493 5087 1720 5158; x_wconf 78' lang='grc' dir='ltr'>Ἀνδρά·</span> 
     </span>
    </p>
   </div>
   <div class='ocr_carea' id='block_1_96' title="bbox 1826 4997 3413 5069">
    <p class='ocr_par' dir='ltr' id='par_1_96' title="bbox 1826 4997 3413 5069">
     <span class='ocr_line' id='line_1_96' title="bbox 1826 4997 3413 5069; baseline -0.001 -18"><span class='ocrx_word' id='word_1_711' title='bbox 1826 4999 1973 5066; x_wconf 72' lang='lat' dir='ltr'><strong>regia</strong></span> <span class='ocrx_word' id='word_1_712' title='bbox 2030 4999 2247 5068; x_wconf 78' lang='lat' dir='ltr'><strong>generis</strong></span> <span class='ocrx_word' id='word_1_713' title='bbox 2300 4999 2480 5054; x_wconf 89' lang='lat' dir='ltr'><strong>omnis</strong></span> <span class='ocrx_word' id='word_1_714' title='bbox 2540 4999 2806 5069; x_wconf 74' lang='lat' dir='ltr'><strong>supellex,</strong></span> <span class='ocrx_word' id='word_1_715' title='bbox 2866 5013 3029 5066; x_wconf 83' lang='lat' dir='ltr'><strong>quam</strong></span> <span class='ocrx_word' id='word_1_716' title='bbox 3086 4997 3413 5054; x_wconf 80' lang='lat' dir='ltr'><strong>Gizerichus</strong></span> 
     </span>
    </p>
   </div>
   <div class='ocr_carea' id='block_1_97' title="bbox 1834 5089 3415 5162">
    <p class='ocr_par' dir='ltr' id='par_1_97' title="bbox 1834 5089 3415 5162">
     <span class='ocr_line' id='line_1_97' title="bbox 1834 5089 3415 5162; baseline 0.001 -19"><span class='ocrx_word' id='word_1_717' title='bbox 1834 5089 2066 5144; x_wconf 81' lang='lat' dir='ltr'><strong>Romam</strong></span> <span class='ocrx_word' id='word_1_718' title='bbox 2117 5091 2479 5161; x_wconf 88' lang='lat' dir='ltr'><strong>depopulatus</strong></span> <span class='ocrx_word' id='word_1_719' title='bbox 2528 5107 2595 5146; x_wconf 81' lang='lat' dir='ltr'><strong>ex</strong></span> <span class='ocrx_word' id='word_1_720' title='bbox 2655 5092 3044 5162; x_wconf 87' lang='lat' dir='ltr'><strong>imperatorum</strong></span> <span class='ocrx_word' id='word_1_721' title='bbox 3095 5090 3297 5160; x_wconf 87' lang='lat' dir='ltr'><strong>palatio</strong></span> <span class='ocrx_word' id='word_1_722' title='bbox 3326 5105 3415 5144; x_wconf 90' lang='lat' dir='ltr'><strong>se-</strong></span> 
     </span>
    </p>
   </div>
   <div class='ocr_carea' id='block_1_98' title="bbox 1451 5199 2122 5262">
    <p class='ocr_par' dir='ltr' id='par_1_98' title="bbox 1451 5199 2122 5262">
     <span class='ocr_line' id='line_1_98' title="bbox 1451 5199 2122 5262; baseline 0.013 -9"><span class='ocrx_word' id='word_1_723' title='bbox 1451 5199 1689 5256; x_wconf 67' lang='lat' dir='ltr'><strong>VARIE</strong></span> <span class='ocrx_word' id='word_1_724' title='bbox 1715 5202 2122 5262; x_wconf 85' lang='lat' dir='ltr'><strong>LECTIONES.</strong></span> 
     </span>
    </p>
   </div>
   <div class='ocr_carea' id='block_1_99' title="bbox 251 5285 1256 5360">
    <p class='ocr_par' dir='ltr' id='par_1_99' title="bbox 251 5285 1256 5360">
     <span class='ocr_line' id='line_1_99' title="bbox 251 5285 1256 5360; baseline 0.005 -21"><span class='ocrx_word' id='word_1_725' title='bbox 251 5287 298 5318; x_wconf 77' lang='lat'><strong>&quot;</strong></span> <span class='ocrx_word' id='word_1_726' title='bbox 323 5285 478 5360; x_wconf 19' lang='lat'><strong>710,910</strong></span> <span class='ocrx_word' id='word_1_727' title='bbox 505 5289 630 5358; x_wconf 73' lang='grc' dir='ltr'>φυλ.</span> <span class='ocrx_word' id='word_1_728' title='bbox 667 5290 732 5353; x_wconf 81' lang='grc' dir='ltr'><strong>Α,</strong></span> <span class='ocrx_word' id='word_1_729' title='bbox 759 5290 883 5358; x_wconf 83' lang='grc' dir='ltr'><strong>φυλ.</strong></span> <span class='ocrx_word' id='word_1_730' title='bbox 919 5290 1078 5343; x_wconf 77' lang='grc' dir='ltr'>τοῦτο</span> <span class='ocrx_word' id='word_1_731' title='bbox 1108 5291 1256 5360; x_wconf 66' lang='lat' dir='ltr'><strong>vulg.</strong></span> 
     </span>
    </p>
   </div>
   <div class='ocr_carea' id='block_1_100' title="bbox 156 5426 724 5498">
    <p class='ocr_par' dir='ltr' id='par_1_100' title="bbox 156 5426 724 5498">
     <span class='ocr_line' id='line_1_100' title="bbox 156 5426 724 5498; baseline 0.009 -19"><span class='ocrx_word' id='word_1_732' title='bbox 156 5429 202 5459; x_wconf 77' lang='lat'>”</span> <span class='ocrx_word' id='word_1_733' title='bbox 234 5426 528 5498; x_wconf 74' lang='lat' dir='ltr'><strong>Legebatur</strong></span> <span class='ocrx_word' id='word_1_734' title='bbox 560 5431 724 5485; x_wconf 80' lang='grc' dir='ltr'>οὓτω.</span> 
     </span>
    </p>
   </div>
   <div class='ocr_carea' id='block_1_101' title="bbox 160 5499 855 5568">
    <p class='ocr_par' dir='ltr' id='par_1_101' title="bbox 160 5499 855 5568">
     <span class='ocr_line' id='line_1_101' title="bbox 160 5499 855 5568; baseline 0.013 -21"><span class='ocrx_word' id='word_1_735' title='bbox 160 5499 305 5568; x_wconf 72' lang='lat' dir='ltr'><strong>vulg.</strong></span> <span class='ocrx_word' id='word_1_736' title='bbox 379 5500 416 5529; x_wconf 80' lang='lat'><strong>&quot;</strong></span> <span class='ocrx_word' id='word_1_737' title='bbox 442 5501 508 5553; x_wconf 80' lang='grc' dir='ltr'><strong>τὰ</strong></span> <span class='ocrx_word' id='word_1_738' title='bbox 537 5501 664 5556; x_wconf 84' lang='lat' dir='ltr'><strong>add.</strong></span> <span class='ocrx_word' id='word_1_739' title='bbox 701 5517 769 5556; x_wconf 76' lang='lat' dir='ltr'><strong>ex</strong></span> <span class='ocrx_word' id='word_1_740' title='bbox 791 5503 855 5556; x_wconf 77' lang='grc' dir='ltr'><strong>Α.</strong></span> 
     </span>
    </p>
   </div>
   <div class='ocr_carea' id='block_1_102' title="bbox 1344 5293 2988 5369">
    <p class='ocr_par' dir='ltr' id='par_1_102' title="bbox 1344 5293 2988 5369">
     <span class='ocr_line' id='line_1_102' title="bbox 1344 5293 2988 5369; baseline 0.006 -25"><span class='ocrx_word' id='word_1_741' title='bbox 1344 5293 1558 5369; x_wconf 29' lang='lat' dir='ltr'><strong>fingo;</strong></span> <span class='ocrx_word' id='word_1_742' title='bbox 1588 5295 1719 5369; x_wconf 68' lang='lat' dir='ltr'><strong>add1</strong></span> <span class='ocrx_word' id='word_1_743' title='bbox 1743 5310 1806 5350; x_wconf 83' lang='lat' dir='ltr'><strong>ex</strong></span> <span class='ocrx_word' id='word_1_744' title='bbox 1835 5299 1902 5369; x_wconf 62' lang='grc' dir='ltr'><strong>Α.</strong></span> <span class='ocrx_word' id='word_1_745' title='bbox 1977 5298 2018 5330; x_wconf 83' lang='grc'><strong>¹⁷</strong></span> <span class='ocrx_word' id='word_1_746' title='bbox 2043 5299 2322 5369; x_wconf 79' lang='grc' dir='ltr'>τυραννίδι</span> <span class='ocrx_word' id='word_1_747' title='bbox 2356 5299 2400 5353; x_wconf 87' lang='grc' dir='ltr'>Α</span> <span class='ocrx_word' id='word_1_748' title='bbox 2429 5314 2479 5360; x_wconf 89' lang='lat' dir='ltr'><strong>a,</strong></span> <span class='ocrx_word' id='word_1_749' title='bbox 2516 5300 2807 5365; x_wconf 83' lang='grc' dir='ltr'>τυραννίδα</span> <span class='ocrx_word' id='word_1_750' title='bbox 2843 5300 2988 5369; x_wconf 80' lang='lat' dir='ltr'><strong>vulg.</strong></span> 
     </span>
    </p>
   </div>
   <div class='ocr_carea' id='block_1_103' title="bbox 157 5357 1904 5438">
    <p class='ocr_par' dir='ltr' id='par_1_103' title="bbox 157 5357 1904 5438">
     <span class='ocr_line' id='line_1_103' title="bbox 157 5357 1904 5438; baseline 0.006 -28"><span class='ocrx_word' id='word_1_751' title='bbox 157 5357 252 5438; x_wconf 51' lang='grc' dir='ltr'><strong>ἑ..</strong></span> <span class='ocrx_word' id='word_1_752' title='bbox 297 5359 338 5390; x_wconf 72' lang='grc' dir='ltr'><strong>ι’</strong></span> <span class='ocrx_word' id='word_1_753' title='bbox 363 5357 690 5438; x_wconf 42' lang='lat' dir='ltr'><strong>{Martia-1A,</strong></span> <span class='ocrx_word' id='word_1_754' title='bbox 720 5357 972 5438; x_wconf 56' lang='lat' dir='ltr'><strong>vei/sedas</strong></span> <span class='ocrx_word' id='word_1_755' title='bbox 1009 5363 1153 5438; x_wconf 68' lang='lat' dir='ltr'><strong>vulg.</strong></span> <span class='ocrx_word' id='word_1_756' title='bbox 1199 5357 1261 5438; x_wconf 52' lang='grc' dir='ltr'><strong>ξ’</strong></span> <span class='ocrx_word' id='word_1_757' title='bbox 1294 5357 1548 5438; x_wconf 61' lang='grc' dir='ltr'>αὺτὸνᾈ,</span> <span class='ocrx_word' id='word_1_758' title='bbox 1581 5365 1730 5438; x_wconf 61' lang='grc' dir='ltr'>αυτῷ</span> <span class='ocrx_word' id='word_1_759' title='bbox 1759 5367 1904 5438; x_wconf 78' lang='lat' dir='ltr'><strong>vulg.</strong></span> 
     </span>
    </p>
   </div>
   <div class='ocr_carea' id='block_1_104' title="bbox 819 5432 1913 5506">
    <p class='ocr_par' dir='ltr' id='par_1_104' title="bbox 819 5432 1913 5506">
     <span class='ocr_line' id='line_1_104' title="bbox 819 5432 1913 5506; baseline 0.019 -34"><span class='ocrx_word' id='word_1_760' title='bbox 819 5432 864 5467; x_wconf 66' lang='grc' dir='ltr'>ιι</span> <span class='ocrx_word' id='word_1_761' title='bbox 892 5432 1278 5506; x_wconf 16' lang='grc' dir='ltr'>ἱπᾼττοδᾼρομγεξον</span> <span class='ocrx_word' id='word_1_762' title='bbox 1324 5436 1368 5487; x_wconf 77' lang='grc' dir='ltr'>Α</span> <span class='ocrx_word' id='word_1_763' title='bbox 1401 5450 1452 5498; x_wconf 88' lang='lat' dir='ltr'><strong>a,</strong></span> <span class='ocrx_word' id='word_1_764' title='bbox 1490 5432 1913 5506; x_wconf 73' lang='grc' dir='ltr'>ίπποδρόμιονΤ.</span> 
     </span>
    </p>
   </div>
   <div class='ocr_carea' id='block_1_105' title="bbox 3076 5298 3416 5353">
    <p class='ocr_par' dir='ltr' id='par_1_105' title="bbox 3076 5298 3416 5353">
     <span class='ocr_line' id='line_1_105' title="bbox 3076 5298 3416 5353; baseline 0 -1"><span class='ocrx_word' id='word_1_765' title='bbox 3076 5300 3117 5330; x_wconf 81' lang='grc'><strong>¹⁸</strong></span> <span class='ocrx_word' id='word_1_766' title='bbox 3139 5300 3198 5352; x_wconf 71' lang='grc' dir='ltr'>τὸ</span> <span class='ocrx_word' id='word_1_767' title='bbox 3223 5298 3416 5353; x_wconf 78' lang='grc' dir='ltr'>δοκοῦν</span> 
     </span>
    </p>
   </div>
   <div class='ocr_carea' id='block_1_106' title="bbox 2002 5368 3416 5441">
    <p class='ocr_par' dir='ltr' id='par_1_106' title="bbox 2002 5368 3416 5441">
     <span class='ocr_line' id='line_1_106' title="bbox 2002 5368 3416 5441; baseline 0 -18"><span class='ocrx_word' id='word_1_768' title='bbox 2002 5369 2046 5400; x_wconf 70' lang='grc'><strong>³³</strong></span> <span class='ocrx_word' id='word_1_769' title='bbox 2072 5368 2185 5441; x_wconf 78' lang='grc' dir='ltr'>οἷον</span> <span class='ocrx_word' id='word_1_770' title='bbox 2203 5371 2254 5441; x_wconf 13' lang='lat' dir='ltr'><strong>7A</strong></span> <span class='ocrx_word' id='word_1_771' title='bbox 2286 5369 2328 5434; x_wconf 77' lang='lat' dir='ltr'><strong>l&#39;,</strong></span> <span class='ocrx_word' id='word_1_772' title='bbox 2370 5370 2498 5422; x_wconf 77' lang='grc' dir='ltr'>οἴων</span> <span class='ocrx_word' id='word_1_773' title='bbox 2526 5371 2674 5441; x_wconf 81' lang='lat' dir='ltr'><strong>vulg.</strong></span> <span class='ocrx_word' id='word_1_774' title='bbox 2735 5373 2780 5402; x_wconf 84' lang='lat'>“</span> <span class='ocrx_word' id='word_1_775' title='bbox 2816 5368 2956 5440; x_wconf 68' lang='grc' dir='ltr'>μέση</span> <span class='ocrx_word' id='word_1_776' title='bbox 2989 5371 3056 5432; x_wconf 82' lang='grc' dir='ltr'>Α,</span> <span class='ocrx_word' id='word_1_777' title='bbox 3097 5370 3246 5441; x_wconf 78' lang='grc' dir='ltr'>μέσῳ</span> <span class='ocrx_word' id='word_1_778' title='bbox 3270 5369 3416 5441; x_wconf 68' lang='lat' dir='ltr'><strong>vulgo</strong></span> 
     </span>
    </p>
   </div>
   <div class='ocr_carea' id='block_1_107' title="bbox 2020 5439 3420 5513">
    <p class='ocr_par' dir='ltr' id='par_1_107' title="bbox 2020 5439 3420 5513">
     <span class='ocr_line' id='line_1_107' title="bbox 2020 5439 3420 5513; baseline -0.001 -19"><span class='ocrx_word' id='word_1_779' title='bbox 2020 5441 2066 5472; x_wconf 82' lang='lat'>&quot;</span> <span class='ocrx_word' id='word_1_780' title='bbox 2092 5440 2273 5513; x_wconf 64' lang='grc' dir='ltr'>είῴρει</span> <span class='ocrx_word' id='word_1_781' title='bbox 2319 5441 2363 5493; x_wconf 93' lang='grc' dir='ltr'><strong>Λ</strong></span> <span class='ocrx_word' id='word_1_782' title='bbox 2411 5457 2471 5513; x_wconf 77' lang='lat' dir='ltr'><strong>a,_</strong></span> <span class='ocrx_word' id='word_1_783' title='bbox 2508 5439 2765 5495; x_wconf 75' lang='grc' dir='ltr'>εἰώθασιν</span> <span class='ocrx_word' id='word_1_784' title='bbox 2820 5439 2965 5512; x_wconf 72' lang='lat' dir='ltr'><strong>vulg.</strong></span> <span class='ocrx_word' id='word_1_785' title='bbox 3054 5439 3108 5480; x_wconf 48' lang='grc'><strong>³⁸⁷</strong></span> <span class='ocrx_word' id='word_1_786' title='bbox 3148 5439 3420 5513; x_wconf 75' lang='grc' dir='ltr'>ᾠχοῦνται</span> 
     </span>
    </p>
   </div>
   <div class='ocr_carea' id='block_1_108' title="bbox 949 5502 2532 5584">
    <p class='ocr_par' dir='ltr' id='par_1_108' title="bbox 949 5502 2532 5584">
     <span class='ocr_line' id='line_1_108' title="bbox 949 5502 2532 5584; baseline 0.008 -31"><span class='ocrx_word' id='word_1_787' title='bbox 949 5502 994 5534; x_wconf 79' lang='grc'><strong>³⁸</strong></span> <span class='ocrx_word' id='word_1_788' title='bbox 1020 5503 1078 5554; x_wconf 79' lang='grc' dir='ltr'>τὸ</span> <span class='ocrx_word' id='word_1_789' title='bbox 1110 5504 1234 5557; x_wconf 75' lang='lat' dir='ltr'><strong>add.</strong></span> <span class='ocrx_word' id='word_1_790' title='bbox 1276 5520 1341 5559; x_wconf 74' lang='lat' dir='ltr'><strong>ex</strong></span> <span class='ocrx_word' id='word_1_791' title='bbox 1366 5506 1432 5558; x_wconf 79' lang='grc' dir='ltr'><strong>Δ.</strong></span> <span class='ocrx_word' id='word_1_792' title='bbox 1506 5506 1550 5536; x_wconf 85' lang='grc'><strong>²⁹</strong></span> <span class='ocrx_word' id='word_1_793' title='bbox 1579 5502 1674 5568; x_wconf 67' lang='grc' dir='ltr'><strong>εἰς’</strong></span> <span class='ocrx_word' id='word_1_794' title='bbox 1701 5502 1919 5579; x_wconf 80' lang='grc' dir='ltr'>Ῥώμην</span> <span class='ocrx_word' id='word_1_795' title='bbox 1951 5508 2021 5573; x_wconf 83' lang='grc' dir='ltr'>Α,</span> <span class='ocrx_word' id='word_1_796' title='bbox 2069 5514 2128 5564; x_wconf 85' lang='grc' dir='ltr'>ὲν</span> <span class='ocrx_word' id='word_1_797' title='bbox 2170 5510 2360 5584; x_wconf 83' lang='grc' dir='ltr'><strong>Ῥώμῃ</strong></span> <span class='ocrx_word' id='word_1_798' title='bbox 2388 5502 2532 5582; x_wconf 79' lang='lat' dir='ltr'><strong>vulg.</strong></span> 
     </span>
    </p>
   </div>
   <div class='ocr_carea' id='block_1_109' title="bbox 1444 5623 2111 5685">
    <p class='ocr_par' dir='ltr' id='par_1_109' title="bbox 1444 5623 2111 5685">
     <span class='ocr_line' id='line_1_109' title="bbox 1444 5623 2111 5685; baseline 0.01 -7"><span class='ocrx_word' id='word_1_799' title='bbox 1444 5623 1589 5682; x_wconf 78' lang='lat' dir='ltr'><strong>JAC.</strong></span> <span class='ocrx_word' id='word_1_800' title='bbox 1629 5624 1842 5682; x_wconf 72' lang='lat' dir='ltr'><strong>GOMll</strong></span> <span class='ocrx_word' id='word_1_801' title='bbox 1876 5627 2111 5685; x_wconf 57' lang='lat' dir='ltr'><strong>NOTAE.</strong></span> 
     </span>
    </p>
   </div>
   <div class='ocr_carea' id='block_1_110' title="bbox 230 5731 1546 5806">
    <p class='ocr_par' dir='ltr' id='par_1_110' title="bbox 230 5731 1546 5806">
     <span class='ocr_line' id='line_1_110' title="bbox 230 5731 1546 5806; baseline 0.007 -18"><span class='ocrx_word' id='word_1_802' title='bbox 375 5731 678 5806; x_wconf 42' lang='lat' dir='ltr'><strong>{ornandeg</strong></span> <span class='ocrx_word' id='word_1_803' title='bbox 710 5739 793 5795; x_wconf 77' lang='lat' dir='ltr'><strong>De</strong></span> <span class='ocrx_word' id='word_1_804' title='bbox 825 5742 981 5794; x_wconf 82' lang='lat' dir='ltr'><strong>rebus</strong></span> <span class='ocrx_word' id='word_1_805' title='bbox 1010 5738 1226 5805; x_wconf 82' lang='lat' dir='ltr'><strong>Geticis,</strong></span> <span class='ocrx_word' id='word_1_806' title='bbox 1265 5741 1331 5796; x_wconf 87' lang='lat' dir='ltr'><strong>ad</strong></span> <span class='ocrx_word' id='word_1_807' title='bbox 1363 5742 1546 5797; x_wconf 79' lang='lat' dir='ltr'><strong>tinctu.</strong></span> 
     </span>
    </p>
   </div>
   <div class='ocr_carea' id='block_1_111' title="bbox 232 5805 2120 5883">
    <p class='ocr_par' dir='ltr' id='par_1_111' title="bbox 232 5805 2120 5883">
     <span class='ocr_line' id='line_1_111' title="bbox 232 5805 2120 5883; baseline -0.001 -16"><span class='ocrx_word' id='word_1_808' title='bbox 232 5805 356 5867; x_wconf 68' lang='grc' dir='ltr'><strong>(ω)</strong></span> <span class='ocrx_word' id='word_1_809' title='bbox 378 5805 760 5882; x_wconf 82' lang='lat' dir='ltr'><strong>Excerptorum</strong></span> <span class='ocrx_word' id='word_1_810' title='bbox 785 5809 1040 5883; x_wconf 84' lang='lat' dir='ltr'><strong>Procopii</strong></span> <span class='ocrx_word' id='word_1_811' title='bbox 1070 5812 1147 5868; x_wconf 89' lang='lat' dir='ltr'><strong>De</strong></span> <span class='ocrx_word' id='word_1_812' title='bbox 1182 5812 1317 5868; x_wconf 79' lang='lat' dir='ltr'><strong>bello</strong></span> <span class='ocrx_word' id='word_1_813' title='bbox 1359 5812 1529 5868; x_wconf 78' lang='lat' dir='ltr'><strong>l&#39;aml.</strong></span> <span class='ocrx_word' id='word_1_814' title='bbox 1561 5814 1654 5870; x_wconf 88' lang='lat' dir='ltr'><strong>lib.</strong></span> <span class='ocrx_word' id='word_1_815' title='bbox 1689 5830 1724 5868; x_wconf 91' lang='lat' dir='ltr'><strong>tt</strong></span> <span class='ocrx_word' id='word_1_816' title='bbox 1767 5811 2120 5870; x_wconf 86' lang='lat' dir='ltr'><strong>continuatio.</strong></span> 
     </span>
    </p>
   </div>
  </div>
