3972 6290
416 380 525 449 455

1808 378 2303 444 THEOPHANIS
3590 362 3693 426 erit

420 516 601 561 anuus
630 491 846 567 ἰωρθτὶί
892 501 1191 559 Iustiniani
1252 499 1523 559 decimus.
1568 499 1768 556 Eodem
1812 500 2022 570 pariter

2127 500 2351 562 δέκατος
2397 496 2498 565 τῆς
2530 492 2573 526 ⁸⁸
2630 486 2911 563 βασιλείας
2956 477 3360 540 ’1ουστινιανοῦ.
3404 478 3495 532 Ἐν
3529 475 3716 545 τούτῳ

422 609 570 651 anno
612 613 789 670 neque
824 598 1050 662 bellum,
1092 611 1273 666 neque
1330 596 1448 650 lues
1500 591 1755 650 lethifera
1790 593 2009 648 miseris

428 693 758 748 mortalibus
826 690 1021 745 inferri
1070 687 1307 744 destitit.
1356 687 1583 742 Ineunte
1640 685 1842 756 quippe
1891 698 2017 739 vere

429 784 675 841 Siciliam
707 782 977 838 Romanis
1022 781 1246 837 tributis
1277 779 1613 835 subacturus
1644 793 1674 831 a
1702 776 2019 831 Justiniano

425 877 723 933 Belisarius
782 875 987 932 missus
1036 882 1140 930 est.
1231 874 1366 928 Cum
1415 887 1546 926 vero
1605 871 1658 925 in
1719 886 1783 926 ea
1840 869 2017 925 insula

428 970 588 1040 172
633 970 956 1031 hiemasset,
1005 965 1325 1020 imminente
1364 964 1478 1034 jam
1523 962 1869 1019 solemnitate
1917 977 2019 1030 pa-

425 1064 622 1129 schali,
665 1062 921 1125 Romani,
953 1062 1046 1131 qui
1084 1061 1138 1115 in
1182 1058 1353 1129 Libya
1401 1056 1779 1118 morabantur,
1821 1054 1875 1109 in
1913 1052 2019 1108 Sa-

425 1159 702 1214 lomonem
739 1156 1055 1212 tumultuati
1094 1169 1242 1215 sunt.
1289 1154 1393 1209 bac
1419 1153 1731 1207 occasione.
1777 1148 2024 1205 Mortuo-

424 1264 548 1304 rum
582 1248 636 1302 in
673 1247 815 1302 bello
865 1244 1242 1308 Vandalorqm
1287 1255 1486 1297 uxores
1533 1240 1727 1295 viduas
1758 1238 2020 1294 ducentes

424 1340 503 1397 illi
525 1355 687 1412 agros
721 1353 913 1394 eorum
959 1353 1058 1392 ceu
1090 1335 1342 1407 proprios
1390 1332 1775 1404 possederunt,
1828 1344 2023 1386 eorum

422 1443 606 1489 tamen
628 1430 839 1485 ratione
868 1429 1184 1500 imperatori
1207 1427 1409 1481 tributa
1442 1426 1677 1495 pendere
1706 1423 2022 1477 noluerunt.

427 1523 690 1581 Salomon
713 1533 896 1579 autem
929 1538 999 1577 ne
1029 1522 1381 1590 imperatoris
1413 1520 1701 1574 sententia}
1731 1516 2022 1572 adversum

424 1624 591 1687 irent,
628 1623 761 1693 quin
798 1621 979 1690 potius
1013 1636 1135 1690 qua:
1170 1618 1492 1673 decerneret
1538 1615 1676 1685 ipse,
1728 1623 1787 1669 ut
1832 1608 2030 1669 redde-

423 1725 577 1779 rent,
596 1712 897 1770 exhortari.
928 1712 1007 1766 Ex
1040 1712 1174 1782 ipsis
1194 1726 1345 1776 vero,
1365 1720 1419 1765 et
1448 1726 1511 1764 ex
1539 1708 1733 1764 Gothis
1766 1708 2023 1773 maxime,

423 1809 676 1865 nonnulli
718 1807 771 1861 iu
794 1807 1052 1860 Arianam
1088 1804 1338 1859 hmresim
1368 1801 1708 1865 deiecerunt,
1765 1815 1907 1871 quos
1934 1815 2028 1855 ec~

423 1902 607 1960 clcsize
644 1900 959 1956 sacerdotes
1007 1898 1076 1953 ab
1105 1897 1352 1953 ecclesiae
1378 1897 1768 1952 communione
1798 1903 2027 1949 tenuere

421 2006 696 2060 extorres,
748 2009 850 2049 nec
879 2008 1072 2048 eorum
1107 1992 1310 2046 liberos
1336 1990 1610 2060 baptismo
1638 1988 1859 2043 initiare
1888 1986 2027 2042 fere-

424 2090 554 2146 bant
592 2109 606 2145 :
649 2104 821 2159 quare
852 2087 1085 2144 solemni
1121 2087 1430 2156 peragenda
1478 2083 1757 2154 baptismo
1814 2081 1902 2136 die
1936 2095 2025 2136 se-

426 2181 565 2237 ditio
596 2189 810 2245 exorta,
849 2180 1159 2249 iuitutnque
1189 2193 1217 2233 a
1251 2176 1517 2232 militibus
1551 2174 1619 2230 de
1649 2173 1941 2229 Salomone
1971 2172 2023 2226 in

422 2273 656 2330 ecclesia
682 2270 1065 2327 interficiendo
1091 2268 1408 2325 consilium.
1466 2266 1689 2338 Egressi
1752 2263 2025 2335 siquidem

422 2368 643 2423 civitate
674 2365 829 2421 villas
852 2373 908 2420 et
932 2363 1248 2435 adjacentes
1277 2377 1438 2433 agros
1455 2360 1795 2432 depopulati,
1831 2358 2025 2430 Libyas

423 2461 480 2514 in
510 2474 715 2514 morem
746 2457 992 2513 hostium
1024 2456 1296 2513 hostiliter
1334 2464 1692 2526 exceperunt.
1715 2454 1918 2509 Nuntio
1957 2454 2027 2509 de

425 2553 514 2609 his
548 2562 800 2622 accepto.
858 2567 1057 2621 magna
1090 2549 1261 2605 animi
1312 2548 1730 2620 perturbatione
1781 2549 2025 2617 jacmtus

426 2646 711 2710 Salomon,
752 2652 873 2700 uta
932 2644 1201 2701 seditione
1227 2643 1589 2706 abstinerent,
1643 2642 2026 2698 blandioribus

425 2740 609 2796 verbis
636 2739 905 2794 militibus
942 2738 1276 2809 persuadere
1303 2737 1554 2793 tentavit.
1613 2735 1695 2792 llli
1746 2736 1800 2791 iu
1833 2737 2027 2791 adver-

425 2846 552 2890 sum
589 2830 804 2885 collecti
824 2830 1177 2884 Salomonem
1209 2837 1262 2884 et
1288 2829 1578 2899 optimates"
1602 2843 1853 2898 quosque
1889 2843 2025 2884 con-

347 2995 349 2998 γ
424 2923 667 2979 tumeliis
681 2922 1025 2995 impudenter
1038 2921 1526 2994 respergere.‘Tum
1546 2937 1673 2979 vero
1692 2923 1744 2978 in
1764 2921 2024 2994 palatium

427 3015 664 3087 profecti
698 3013 1052 3071 Theodorum
1077 3012 1455 3086 Cappadocem
1498 3017 1883 3072 communibus
1910 3015 2027 3071 suf-

425 3104 619 3177 fragiis
658 3105 855 3160 ducem
891 3106 1319 3173 constituerunt,
1360 3116 1415 3162 et
1470 3106 1617 3163 ferro
1651 3108 1878 3164 accincti
1928 3108 2027 3162 ob-

2122 597 2180 650 δὲ
2199 594 2277 667 τῷ
2316 592 2496 665 χρόνῳ
2522 587 2649 643 οὕτε
2682 582 2942 654 πόλεμος,
2964 577 3089 633 οὔτε
3120 577 3349 637 θάνατος
3371 568 3718 667 ἐπιφερόμε-

2120 663 2366 754 νοςντοίς
2396 683 2704 755 ἀνθρώποις
2737 677 3042 732 ,ἐπέλειπεν
3075 672 3120 704 ⁶¹
3153 685 3169 701 ο
3208 669 3331 740 ἔαρι
3389 666 3501 736 γὰρ
3541 663 3716 733 ἀρχο-

2126 783 2271 854 μένῳ
2312 777 2630 848 Βελισάριος
2653 769 2855 843 ἐστάλη
2890 768 3003 843 (Η)
3048 763 3202 836 παρὰ
3249 759 3345 817 τοῦ
3391 760 3718 854 Ἰουσηςιχιιι⁴

2123 850 2214 929 νοῦ
2244 850 2339 945 τὴν
2365 870 2615 925 Σικελίαν
2638 867 2913 937 ύπόιρορον
2946 861 3176 931 ποιῆσαι
3230 852 3551 926 Ῥωμαίοις.
3580 850 3720 902 Χει-

2127 970 2397 1041 μὰσαντος
2428 965 2486 1020 δὲ
2514 962 2681 1019 αὑτοῦ
2708 964 2765 1015 ὲν
2795 957 3035 1029 Σικελίᾳ,
3057 955 3158 1026 τῆς
3184 951 3379 1024 ἑορτῆς
3395 946 3492 1041 τοῦ
3520 945 3722 1041 Πάσχα

2123 1039 2562 1128 καταλαϐούσης,
2626 1053 2960 1109 ἐστασίασαν
3004 1050 3055 1102 οἱ
3109 1048 3166 1103 ὲν
3220 1042 3400 1116 Λιϐύῃ
3451 1039 3722 1109 Ῥωμαῖοι

2125 1154 2269 1210 κατὰ
2324 1152 2639 1223 Σολομῶνος
2674 1148 2864 1220 τρόπῳ
2903 1143 3094 1215 τοιῷδε
3116 1156 3130 1174 ⁸
3153 1140 3413 1202 λαϐόντες
3458 1134 3569 1206 γὰρ
3605 1131 3723 1184 τῶν

2127 1230 2903 1318 ἀναιρεθέντων’ούανδήλων
2952 1237 3221 1306 γυναῖκας
3269 1229 3537 1301 κατέσχον
3586 1224 3737 1288 τοὺς.

2125 1342 2332 1414 ἀγροὺς
2362 1338 2542 1394 αὐτῶν
2573 1336 2649 1402 ὡς
2701 1335 2890 1397 ἰδίους,
2920 1331 3017 1387 xui
3051 1330 3227 1385 τελεῖν
3280 1327 3359 1398 τῷ
3386 1324 3597 1398 βασιλεῖ
3648 1320 3727 1375 τὰ

2129 1435 2272 1505 ὑπὲρ
2298 1433 2480 1486 αὐτῶν
2500 1430 2629 1501 τέλη
2657 1429 2759 1482 οὐκ
2788 1425 2981 1498 ἤθελον
3016 1440 3030 1454 °
3060 1425 3087 1478 ὁ
3119 1422 3177 1476 δὲ
3200 1417 3456 1492 Σολομὼν
3483 1414 3727 1488 παρῄνει

2128 1527 2314 1590 αὐτοῖς
2346 1524 2422 1596 μὴ
2466 1522 2744 1593 ἀνταίρειν
2773 1520 2816 1553 ⁸⁸
2847 1516 2991 1572 κατὰ
3034 1513 3128 1568 τοῦ
3161 1510 3449 1585 βασιλέως,
3480 1508 3617 1562 ἀλλὰ
3651 1506 3727 1560 τὰ

2127 1619 2340 1693 δρῶντα
2362 1615 2537 1687 τούτῳ
2558 1612 2891 1669 ἀποδιδόναι.
2917 1608 3234 1665 Μετὲπεσον
3262 1605 3321 1660 δέ
3349 1621 3495 1693 τινες
3512 1599 3726 1668 αὐτῶν,

2128 1712 2228 1768 καὶ
2262 1711 2500 1782 μάλιστα
2548 1708 2657 1762 τῶν
2706 1705 2941 1770 Γότθων,
2970 1703 3107 1773 πρδς
3143 1701 3243 1771 τὴν
3284 1697 3497 1769 Ἀρείου
3534 1694 3723 1760 δόξαν.

2130 1804 2223 1869 οὓς
2250 1807 2300 1857 oi
2342 1805 2508 1875 ἱερεῖς
2539 1802 2639 1873 τῆς
2690 1796 3019 1869 Ἐκκλησίας
3043 1792 3324 1866 ἀφώριζον
3355 1790 3423 1857 ⁸⁵,
3458 1791 3553 1843 καὶ
3596 1786 3728 1841 οὐδὲ

2128 1903 2199 1957 τὰ
2232 1903 2397 1957 τέκνα
2421 1899 2601 1955 αὐτῶν
2637 1896 2919 1969 βαπτίζειν
2949 1892 3162 1964 ἡθελον.
3188 1889 3353 1945 Ὅθεν
3378 1888 3437 1942 ὲν
3459 1889 3526 1959 τῇ
3554 1888 3726 1957 ἑορτῇ

2129 1996 2357 2065 γέγονεν
2405 1995 2441 2064 ή
2477 1993 2687 2056 στάσις,
2726 1986 3196 2043 ἐπεϐουλεύσαντο
3227 1983 3284 2038 δὲ
3308 1984 3355 2037 οἱ
3383 1980 3727 2051 στρατιῶται

2129 2085 2422 2159 Σολομῶνα
2473 2087 2530 2139 ὲν
2574 2083 2651 2155 τῷ
2695 2081 2828 2154 ἱερῷ
2860 2083 3089 2135 κτεῖναι.
3143 2076 3485 2144 Ἐξελθόντες
3517 2074 3575 2128 δὲ
3619 2072 3729 2143 τῆς

2131 2182 2340 2245 πόλεως
2384 2178 2660 2251 ἐληΐζοντο
2704 2175 2775 2229 τά
2812 2174 3032 2243 ἐκείνης
3075 2171 3271 2244 χωρία,
3301 2167 3400 2221 καὶ
3442 2167 3571 2229 τοὺς
3620 2163 3730 2218 Λί-

2131 2274 2265 2338 ϐυας
2296 2272 2371 2336 ὼς
2406 2270 2701 2341 πολεμίους
2730 2265 2972 2339 ἐχρῶντο
3006 2267 3073 2321 ⁸⁸.
3106 2261 3363 2333 Σολομὼν
3394 2259 3450 2314 δὲ
3473 2256 3729 2320 ἀκούσας

2130 2371 2304 2423 ταῦτα
2358 2367 2439 2429 εἰς
2494 2363 2722 2435 θόρυϐον
2775 2361 2946 2415 πολὺν
2997 2350 3731 2430 ὲμπεσὼν,πιθανολογίαις

2132 2463 2341 2517 πείθειν
2386 2461 2476 2515 τὸν
2511 2458 2743 2530 στρατὸν
2791 2455 3059 2527 ἐπειρᾶτο
3092 2449 3410 2505 παύσασθαι
3450 2447 3552 2518 τῆς
3589 2442 3734 2499 στά-

2134 2574 2291 2621 σεως.
2329 2553 2691 2623 Συλλεγέντες
2720 2552 2778 2605 δὲ
2802 2550 2895 2604 τόν
2917 2566 2977 2602 τε
3002 2545 3296 2619 Σολομῶνα
3338 2545 3434 2599 καὶ
3464 2542 3593 2607 τοὺς
3616 2543 3731 2614 άρο

2132 2667 2325 2723 χοντας
2351 2646 2584 2712 ἀναιδῶς
2608 2644 2852 2717 ὖϐριζον.
2874 2642 3155 2713 Θεόδωρον
3180 2639 3238 2693 δὲ
3254 2638 3347 2693 τὸν
3369 2637 3730 2692 Καππάδοκι-ι.

2131 2747 2211 2808 είς
2233 2741 2295 2797 τὸ
2342 2742 2605 2804 παλάτιον
2652 2738 2900 2800 ἐλθόντες
2949 2733 3259 2807 στρατηγόν
3300 2730 3490 2787 τοῦτον
3515 2730 3732 2802 ἐψηφί-

2132 2855 2317 2903 σαντο,
2346 2836 2443 2891 καὶ
2471 2831 2961 2906 σιδηροφοροῦντες
2988 2830 3207 2884 ἅπαντα
3234 2828 3326 2881 τὸν
3369 2824 3731 2898 προστυγχά-

2129 2946 2291 2985 νοντα
2316 2928 2566 2989 ἔκτανον,
2608 2926 2717 2979 εἴτε
2748 2923 2939 2991 Λίϐυν,
2964 2922 3074 2975 εῐτε
3110 2921 3405 2992 Ῥωμαῖον,
3441 2917 3732 2989 Σολομῶνι

2128 3020 2427 3093 γνώριμον,
2452 3018 2523 3074 τά
2550 3035 2610 3072 τε
2652 3017 2917 3090 χρήματα
2963 3014 3272 3083 ὲληῖσαντο,
3308 3014 3405 3067 καὶ
3432 3010 3512 3073 εἰς
3545 3010 3592 3043 ⁸⁸
3620 3008 3734 3072 τὰς

2130 3114 2309 3179 οἰκίας
2346 3112 2722 3184 εἰσερχόμενοι
2751 3110 2973 3165 ᾶπαντα
3007 3108 3077 3162 τὰ
3108 3107 3267 3179 τίμια
3307 3102 3584 3178 ἥρπαζον.
3619 3105 3730 3158 Σο-

427 3196 582 3255 vium
638 3213 915 3268 quemque
970 3201 1088 3256 sive
1135 3197 1350 3271 Libym,
1411 3199 1527 3256 sive
1585 3199 1919 3266 Romanum,
1976 3201 2022 3256 si

2127 3208 2312 3278 λομὼν
2352 3206 2410 3260 δὲ
2460 3207 2540 3270 εἰς
2589 3204 2649 3259 τὸ
2700 3203 2845 3276 ἱερὸν
2889 3202 2986 3256 τοῦ
3033 3201 3298 3256 παλατίου
3363 3196 3731 3271 προσφυγὼν,

429 3286 593 3342 modo
624 3285 906 3342 Salomoni
949 3287 1258 3356 familiaris,
1298 3300 1562 3355 mactare,
1624 3289 1915 3346 facultates
1943 3292 2031 3347 de-

426 3380 689 3451 praedari,
740 3388 795 3435 et
828 3381 883 3435 in
912 3381 1111 3436 domos
1145 3381 1387 3453 ingressi
1414 3384 1657 3452 pretiosa
1687 3400 1917 3457 quaeque
1945 3385 2030 3440 di-

425 3469 626 3541 ripere.
661 3470 922 3528 Salomon
953 3472 1009 3528 iu
1040 3487 1254 3529 sacram
1280 3474 1465 3544 palatii
1490 3474 1663 3531 aedem
1688 3475 2027 3548 profugiens,

426 3563 666 3620 delituit.
722 3564 1081 3621 Succedentis
1140 3565 1319 3622 noctis
1375 3567 1594 3622 silentio
1644 3568 1847 3638 palatio
1900 3584 2026 3624 cum

425 3656 697 3727 Procopio
770 3658 1041 3730 scriptore
1109 3667 1165 3714 et
1222 3658 1461 3715 Martino
1523 3676 1805 3732 egressus,
1895 3678 2029 3718 con-

434 3763 632 3805 scensa
691 3750 842 3815 navi,
908 3750 1235 3823 Syracusas,
1290 3767 1417 3822 quae
1470 3753 1601 3809 urbs
1654 3762 1741 3810 est
1804 3754 2024 3823 Siciliae,

428 3842 498 3897 ad
538 3842 865 3899 Belisarium
926 3845 1212 3914 perrexit,
1264 3855 1320 3901 et
1368 3843 1661 3901 Theudoro
1733 3846 2028 3919 Carthagi-

425 3934 518 3990 nis
576 3950 764 3990 curam
823 3952 1125 4004 assumere,
1187 3952 1411 4008 remque
1468 3954 1686 3995 omnem
1721 3941 2025 4011 imperato.

427 4024 508 4080 ris
566 4027 789 4082 nomine
852 4028 1276 4094 administrare,
1328 4029 1528 4086 litteris
1599 4033 2023 4089 commendavit.

426 4113 603 4171 Porro
634 4119 835 4174 milites
863 4119 933 4174 ad
956 4119 1118 4175 Bules
1148 4121 1410 4192 (consilii)
1443 4137 1700 4193 campum
1749 4135 2022 4182 conventu

431 4214 620 4269 habito
659 4213 919 4270 Tzotzam
973 4232 1005 4273 e
1052 4216 1271 4273 Martini
1315 4220 1650 4277 satellitibus
1686 4226 2021 4294 quempiam,

427 4307 610 4364 virum
667 4308 913 4379 alioquin
971 4308 1041 4364 ad
1083 4311 1222 4365 iram
1266 4311 1627 4382 praecipitem,
1669 4324 1724 4369 et
1761 4315 1827 4370 ad
1859 4330 2023 4372 omne

428 4400 642 4457 facinus
697 4410 1011 4472 promptum
1033 4443 1050 4468 ,
1099 4411 1394 4473 tyrannum
1429 4405 1737 4475 elegerunt,
1774 4409 1881 4464 sub
1910 4423 2019 4479 quo

427 4492 674 4565 depulsis
694 4494 1046 4564 imperatoris
1071 4497 1486 4568 magistratibus
1510 4498 1614 4569 ipsi
1637 4500 1860 4572 Libyam
1884 4503 2021 4557 obti-

2122 3300 2347 3355 ~€).uOsv.
2380 3298 2597 3361 Νυκτὸς
2629 3297 2685 3351 δὲ
2716 3295 3114 3366 ἐπιγενομένης
3141 3294 3184 3326 ⁸⁷
3214 3292 3448 3361 ἐξελθὼν
3479 3290 3575 3345 τοῦ
3609 3310 3729 3345 πα-

2133 3395 2317 3449 λατίου
2353 3393 2451 3448 σὺν
2496 3392 2575 3464 τῷ
2621 3390 2918 3464 Προκοπίῳ
2956 3391 3036 3459 τῷ
3068 3389 3381 3459 συγγραφεί
3414 3385 3511 3440 καὶ
3561 3386 3732 3455 Μαρ-

2131 3486 2283 3557 τίνῳ,
2324 3487 2421 3540 καὶ
2450 3486 2531 3550 είς
2557 3484 2692 3539 ναῦν
2722 3482 3064 3545 εἰσελθόντες
3092 3481 3136 3513 ⁸⁸
3163 3482 3301 3551 πρὸς
3321 3477 3642 3548 Βελισάριον
3667 3479 3728 3530 ὲν

2131 3580 2456 3652 Συρακούσῃ
2504 3582 2598 3653 τῆς
2638 3576 2890 3641 Σικελίας
2922 3576 3173 3647 ἀφίκετο.
3210 3574 3429 3645 γράψας
3458 3570 3726 3642 Θεοδώρῳ

2131 3674 2443 3745 φροντίζειν
2462 3675 2564 3744 τῆς
2593 3669 2970 3743 Καρχηδόνος,
3005 3670 3101 3723 καὶ
3126 3667 3237 3721 τῶν
3256 3666 3551 3739 βασιλικῶν
3584 3682 3726 3735 πρα-

2128 3767 2380 3838 γμάτων.
2423 3766 2487 3821 Οί
2522 3765 2579 3819 δὲ
2603 3762 2940 3836 στρατιῶται
2960 3760 3315 3829 συλλεγέντες
3339 3761 3419 3821 είς
3441 3758 3503 3812 τὸ
3527 3757 3727 3828 βουλῆς

2128 3855 2317 3911 πεδίον
2342 3856 2387 3888 ⁸⁸
2414 3851 2722 3921 Τζότζαννθ
2756 3850 2895 3923 (45),
2920 3852 3011 3906 τὸν
3034 3848 3317 3921 Μαρτίνω
3347 3847 3650 3921 δορυφόρον
3678 3847 3722 3878 τί

2128 3947 2393 4020 τύραννον
2450 3946 2666 4001 εἵλαντο
2698 3946 2768 4013 ⁷³,
2806 3944 2976 4016 ἄνδρα
3018 3941 3284 4015 θυμοειδῆ
3325 3940 3423 3996 καὶ
3476 3940 3725 4012 δραστή-

2133 4058 2268 4113 ριον,
2301 4032 2458 4110 ὐφἰἶ)
2490 4040 2537 4073 ⁷³
2584 4037 2680 4093 τοῦ
2717 4022 3303 4110 βασιλέωξάρχοντας
3332 4032 3721 4099 ἐξελάσαντες.

2126 4133 2335 4197 Λιϐύης
2384 4133 2726 4205 κρατήσωσι.
2781 4130 3025 4197 Τζότζας
3087 4129 3147 4183 δὲ
3226 4126 3402 4182 ἐλθὼν
3478 4125 3719 4197 πλησίον

2126 4225 2477 4297 Καρχηδόνος
2510 4264 2525 4289 ,
2578 4223 2794 4295 ἔπεμψε
2849 4221 3092 4277 κελεύων
3139 4220 3377 4291 τάχιστα
3430 4216 3713 4289 παραδοῦ-

2125 4331 2216 4368 ναι
2267 4313 2417 4384 αὐτῷ
2462 4313 2737 4383 Θεόδωρον
2778 4312 2880 4384 τὴν
2916 4312 3093 4374 πόλιν,
3150 4312 3300 4375 ὅπως
3345 4309 3532 4365 κακῶν
3576 4310 3724 4364 ἀπα-

2125 4405 2238 4470 θεῖς
2298 4407 2556 4475 μείνωσιν
2593 4421 2608 4438 ·
2651 4407 2699 4460 οἱ
2750 4405 2809 4460 δὲ
2866 4405 3237 4476 Καρχηδόνιοι
3285 4402 3378 4458 καὶ
3438 4403 3723 4475 Θεόδωρος

2123 4499 2202 4570 τῷ
2235 4499 2452 4572 βασιλεῖ
2478 4498 2793 4570 ὡμολόγουν
2821 4497 2923 4570 τὴν
2953 4498 3112 4551 πόλιν
3147 4496 3191 4529 ⁷⁸
3223 4496 3543 4568 φυλάττειν.
3587 4497 3724 4561 Τζό-

429 4593 642 4639 nercnt.
676 4583 907 4642 Tzotzas
937 4587 1122 4656 itaque
1150 4591 1216 4643 ad
1246 4588 1439 4644 urbem
1465 4568 1855 4664 Carthaginem
1891 4609 2019 4665 pro-

2127 4568 2259 4657 τξας
2282 4592 2340 4646 δὲ
2364 4568 2609 4646 ταῦτατν
2636 4568 2982 4655 ἀκούσαςείς
3012 4590 3335 4662 πολιορκίαν
3368 4590 3469 4661 τῆς
3507 4589 3723 4655 πόλεως

426 4677 553 4748 pius
598 4678 898 4744 accedens,
945 4678 1295 4735 Theodorum
1343 4682 1627 4739 civitatem
1668 4700 1846 4755 quam
1904 4688 2019 4757 pri-

427 4786 578 4828 mum
602 4774 705 4827 sibi
740 4773 957 4830 tradere
986 4789 1085 4845 per
1135 4777 1534 4832 internuntium
1565 4776 1757 4849 jussit,
1788 4779 1833 4835 si
1858 4779 2020 4834 modo

428 4880 491 4923 se
517 4881 758 4937 suosque
794 4881 841 4925 a.
876 4868 1036 4924 malis
1088 4868 1363 4925 immunes
1416 4872 1582 4927 vellet
1618 4887 1929 4943 superesse.
1951 4873 2020 4928 At

427 4957 917 5031 Carthaginienses
960 4970 1015 5015 et
1051 4977 1161 5017 una
1188 4962 1517 5019 Theodorus
1546 4964 1739 5022 urbem
1780 4968 2021 5037 impera-

430 5051 571 5106 toris
613 5052 837 5107 nomine
878 5067 938 5108 se
989 5062 1309 5111 servaturos
1352 5057 1587 5126 professi
1633 5067 1764 5114 sunt
1810 5060 2015 5131 palam.

2124 4685 2445 4743 καθίστατο.
2478 4684 2799 4758 Βελισάριος
2829 4685 2886 4739 δὲ
2910 4683 3320 4756 ἀπολεξάμενος
3346 4683 3550 4755 ἄνδρας
3580 4684 3721 4737 ἑκα-

2125 4779 2217 4833 τδν
2243 4778 2353 4833 τῶν
2385 4778 2551 4834 αὑτοῦ
2580 4778 2898 4851 δορυφόρων
2923 4795 2984 4831 τε
3017 4778 3115 4831 καὶ
3142 4775 3542 4851 ὑπασπιστῶν,
3563 4774 3662 4840 οὓς
3690 4776 3722 4830 ό

2127 4872 2383 4946 Σολομὼν
2402 4871 2451 4904 ⁷⁸
2483 4871 2828 4941 ἑπαγόμενος
2862 4870 2962 4942 μιᾷ
2986 4868 3076 4941 νηῒ
3106 4870 3188 4933 είς
3220 4869 3547 4940 Καρχηδόνα
3600 4868 3722 4923 ’ἀπ-

2126 4966 2391 5020 έπλευσεν
2415 4983 2483 5019 πε
2492 4966 2547 5037 pi
2564 4963 2775 5036 λύχνων
2794 4964 2962 5036 ἁφάς.
2994 4963 3149 5017 Ἐπεὶ
3165 4964 3221 5018 δὲ
3241 4964 3427 5037 ἡμέρα
3446 4963 3720 5035 ἐγεγόνει,

2133 5056 2321 5129 μαθὼν
2350 5058 2379 5113 ό
2400 5056 2667 5129 τύραννος
2694 5056 2791 5112 καὶ
2825 5059 2875 5110 oi
2909 5057 3243 5127 στρατιῶται
3276 5057 3366 5111 τὸν
3394 5057 3720 5130 Βελισάριον

1694 5191 1934 5249 VARLE
1966 5192 2376 5251 LECTIONES.

512 5298 555 5381 ξι
606 5300 722 5383 τῆς.
766 5301 906 5383 ειρἀ
951 5319 1017 5358 ex
1228 5305 1627 5383 έξᾼὲπέλεῌιπεν
1686 5310 1754 5377 Α,
1817 5312 2083 5367 ἐπέλιπεν
2134 5311 2283 5383 vulg.

2393 5311 2464 5383 “7
2501 5311 2787 5381 ἀνταίρειν
2839 5310 2906 5377 Α,
2951 5312 3203 5383 ἀντερεῖν
3259 5312 3404 5382 vulg.
3492 5312 3540 5344 “
3564 5312 3720 5381 ἀφώ-

432 5367 677 5459 ξξζεξγρῷ
704 5372 1156 5459 ὴφόεζιιξονλνυιε..
1191 5376 1608 5459 έὶὲχᾳροῦᾼντο
1641 5397 1691 5459 a_.
1846 5385 1926 5447 εἰς
1959 5383 2148 5459 omLA‘
2170 5367 2335 5459 af“?
2358 5367 2763 5459 ἐπιλαϐομένης
2892 5367 2905 5377 ’
2945 5383 2990 5415 ⁸⁸
3020 5367 3149 5459 fort.
3187 5367 3471 5459 εἰσελθὼν.
3513 5454 3524 5459 _
3556 5367 3716 5459 ⁸³ἐίς

424 5439 942 5529 «emancasse»;
964 5444 1027 5499 Α.
1091 5439 1156 5478 ’⁷⁸
1191 5439 1458 5511 Τζόνὲζὸν
1492 5452 1534 5503 Δ
1564 5467 1615 5513 e,
1653 5439 1974 5516 Στότζανε,
2048 5455 2093 5485 ⁷⁸
2124 5454 2428 5523 δορυφόρον
2468 5454 2515 5505 Α
2551 5439 2936 5524 [ξδορυ-φόρων
2964 5455 3112 5525 vulg.
3186 5455 3233 5485 "
3264 5455 3471 5508 εἴλοντο
3498 5454 3564 5509 Α.
3640 5456 3690 5488 ⁷⁸

425 5510 497 5564 to
533 5528 578 5562 ω
606 5511 669 5564 Α.
760 5514 806 5545 τι
831 5531 930 5564 την
949 5514 1127 5564 πόλινΙ
1157 5519 1487 5564 Kammsdm
1522 5520 1556 5564 Α
1590 5538 1618 5564 τι
1717 5523 1782 5555 τι·
1815 5525 1988 5564 ent-ma,
2022 5526 2054 5564 Δ
2116 5527 2144 5564 Α
2174 5524 2343 5564 nam
2370 5523 2498 5564 νιιισ
2601 5524 2647 5556 η
2680 5524 2773 5564 niir
2803 5527 2831 5564 Α
2862 5525 2957 5564 m
2988 5523 3008 5564 1
3042 5527 3069 5564 δ.
3092 5526 3147 5564 ss
3185 5526 3353 5564 mm.
3423 5527 3454 5564 Α
3496 5544 3526 5564 ρ
3582 5526 3683 5564 rm.

459 5514 674 5599 «ELA‘:
708 5581 725 5599 η
760 5514 806 5545 ⁷⁸
831 5514 930 5585 τὴν
949 5514 1128 5590 πόλιν]
1157 5519 1487 5593 Καρχηδόνα
1517 5520 1561 5574 Α
1590 5538 1639 5578 e.
1692 5523 1782 5582 7’"
1801 5514 1989 5578 ταῦτα
2016 5526 2085 5592 Α,
2116 5527 2144 5578 ὁ
2174 5514 2348 5579 ταῦτοί
2370 5523 2518 5595 vulg.
2576 5514 2647 5556 ’⁷⁸
2680 5514 2777 5590 οὓς
2803 5514 2839 5579 δ’
2861 5523 3009 5599 Σολ.]
3042 5514 3149 5579 {se
3185 5526 3382 5597 Σολομ.
3416 5527 3463 5581 Α
3496 5544 3549 5593 e,
3581 5526 3714 5583 fort.

427 5581 522 5635 τὸν
550 5581 609 5635 δὲ
638 5581 757 5636 Σολ.

1726 5684 1867 5741 JAC.
1893 5684 2110 5742 GOARI
2148 5684 2389 5743 ΝυΤιλΕ.

428 5818 445 5878 .-
498 5792 610 5879 (fit)
645 5792 969 5879 ProcOpius,
1015 5796 1091 5852 De
1142 5798 1275 5856 bello
1328 5798 1621 5857 Gothorum
1676 5802 1836 5874 longe
1877 5811 2001 5876 post

428 5866 672 5921 initium.
706 5866 1076 5926 Marcellinus.

2116 5876 2240 5932 cod.

2186 5802 2509 5931 3i5$:::.tu,
2551 5805 2625 5863 De
2647 5806 2783 5863 bello
2824 5807 3139 5875 Vandalic‘o,
3171 5806 3398 5875 Στόζας.
3432 5805 3515 5865 lla
3544 5806 3715 5868 lectio
