3972 6290
236 302 452 371 κιεει

1712 309 2131 375 *ΓΗΕΟΡΗΑΝ
2138 313 2208 375 IS

3520 326 3627 393 £60

345 421 651 492 Artaia,.iis
680 437 741 479 se
790 421 1114 495 adiunxisse
1149 424 1373 496 reperit.
1412 422 1585 497 Igitur
1617 425 1930 497 congressi,

2042 429 2200 492 ταΐας
2255 428 2366 501 (47)
2400 424 2592 503 ἦρχον.
2621 431 3005 505 Συμϐαλόντες
3054 433 3103 472 ⁸⁸
3144 436 3200 495 δὲ
3240 432 3501 513 πόλεμον,
3533 444 3627 498 καὶ

346 529 400 577 et
433 518 548 577 acri
586 518 888 576 certamine
923 517 1091 583 inito,
1116 534 1345 589 equum,
1377 521 1469 575 cui
1502 519 1814 576 Germanus
1846 523 1935 575 in-

345 614 582 683 sidebat,
626 613 900 686 quispiam
936 612 1236 669 interfecit.
1268 613 1579 670 Germanus
1622 613 1677 669 in
1736 624 1935 670 terram

344 726 589 783 praeceps
640 718 798 765 actus
849 708 1101 763 ultimum
1146 706 1453 779 periculum
1508 708 1793 771 subiisset,
1827 708 1935 763 nisi

344 805 608 862 satellites
638 802 811 858 armis
846 800 1214 873 undequaque
1266 801 1554 865 vallantes,
1580 816 1721 871 equo
1759 816 1939 871 quan-

335 899 528 955 .tocius
558 896 817 962 adducto,
842 908 967 950 eum
1000 909 1194 950 rursus
1224 892 1605 949 sustulissent.
1635 892 1937 949 Vertuntur

346 996 535 1066 itaque
566 992 621 1047 in
651 988 838 1061 fugam
868 987 1088 1045 adversi
1120 987 1349 1055 milites,
1384 987 1585 1057 vixque
1625 986 1856 1042 Tzotzas
1882 987 1936 1042 in

348 1097 502 1145 tanto
530 1084 771 1159 tumultu
801 1096 924 1138 cum
958 1081 1148 1153 paucis
1181 1096 1240 1137 se
1264 1080 1393 1153 fuga
1427 1081 1708 1150 surripere
1746 1080 1935 1138 valuit.

344 1187 522 1244 Porro
570 1182 879 1241 Germanus
921 1180 1009 1248 iis,
1047 1179 1200 1250 quia
1232 1193 1292 1235 se
1335 1178 1564 1249 propius
1595 1178 1845 1245 aberant,
1877 1186 1963 1234 ut-

348 1290 499 1339 recta
545 1278 600 1334 in
638 1275 880 1332 hostium
913 1280 1100 1329 castra
1135 1271 1432 1335 irruerent,
1460 1271 1737 1342 praecepit,
1763 1285 1938 1342 eaque

347 1384 469 1447 post
497 1377 808 1442 reparatam
840 1379 1078 1438 pugnam
1111 1364 1370 1419 obtinuit.
1398 1362 1536 1418 Tum
1576 1378 1706 1419 vero
1734 1363 1938 1419 milites

347 1476 595 1540 repertas
618 1463 837 1521 obviam
865 1462 1080 1531 absque
1104 1458 1320 1514 delectu
1349 1456 1433 1512 vel
1470 1457 1681 1513 ratione
1712 1456 1937 1512 divitias

347 1559 668 1632 diripientes
721 1555 930 1627 nullam
969 1551 1128 1608 ducis
1174 1566 1363 1607 curam
1402 1564 1613 1621 gerere,
1643 1550 1850 1605 nullam
1876 1550 1937 1606 in

347 1665 475 1708 eum
520 1644 929 1705 observantiam
979 1642 1239 1698 retinere.
1277 1637 1499 1696 Veritus
1544 1639 1713 1710 igitur
1749 1656 1817 1696 ne
1849 1655 1937 1699 re-

339 1743 584 1815 sumptis
614 1739 810 1795 animis
841 1737 1030 1793 hostes
1064 1734 1437 1800 adorirentur,
1458 1733 1702 1790 substitit
1732 1734 1799 1789 de
1825 1742 1934 1789 tam

346 1804 576 1910 indigno
636 1833 884 1889 facinore
941 1837 1302 1898 conquestus,
1352 1825 1514 1897 ipsos
1580 1827 1636 1883 in
1683 1804 2008 1883 ordinemB

347 1930 583 1989 subinde
621 1939 911 1983 revocans.
951 1919 1221 1975 Maurusii
1252 1933 1385 1976 vero
1420 1918 1513 1974 ubi
1545 1916 1729 1990 fugam
1768 1919 1931 1974 istam

338 2038 720 2095 conspexere,
771 2019 913 2073 facto
964 2017 1019 2071 in
1064 2016 1335 2087 ipsosmet
1379 2012 1582 2069 milites
1626 2013 1935 2085 perduelles

347 2121 570 2188 impetu,
594 2130 701 2169 una
733 2128 857 2169 cum
885 2110 1235 2183 imperatoris
1266 2107 1382 2163 acie
1400 2122 1496 2163 eos
1525 2106 1759 2163 insecuti
1785 2116 1931 2165 sunt.

347 2208 717 2279 Quamobrem
772 2204 1027 2269 Tzotzas,
1060 2202 1155 2273 qui
1210 2200 1465 2257 ﬁduciam
1512 2215 1731 2257 omnem
1764 2201 1819 2256 in
1853 2201 1933 2257 eis

347 2312 689 2374 reposuerat,
729 2316 853 2357 cum
906 2298 1068 2353 istam
1112 2296 1337 2352 illorum
1380 2295 1668 2351 adversum
1706 2309 1767 2352 se
1801 2309 1935 2349 con-

345 2402 654 2456 versionem
692 2391 1102 2457 animadvertit,
1152 2405 1212 2446 se
1260 2404 1386 2444 cum
1440 2396 1658 2443 centum
1703 2388 1830 2443 aliis
1878 2386 1934 2442 in

346 2496 527 2566 fugam
575 2489 845 2561 coniecit,
883 2496 937 2542 et
973 2486 1028 2541 in
1059 2481 1442 2540 Mauritaniam
1482 2479 1798 2536 interiorem
1847 2495 1935 2535 re—

344 2587 515 2645 cessit
545 2606 557 2641 :
586 2593 751 2657 atque
774 2583 847 2637 ita
876 2579 1098 2636 domum
1122 2576 1323 2634 seditio
1347 2574 1611 2631 cessavit.
1636 2573 1937 2643 Imperator

345 2694 528 2741 autem
568 2681 902 2739 Germanum
936 2692 1045 2733 una
1073 2689 1202 2730 cum
1230 2671 1498 2729 Domnico
1525 2679 1579 2727 et
1602 2669 1935 2744 Symmacho

345 2776 668 2849 Byzantium
701 2785 993 2836 revocans,
1034 2766 1262 2839 Libyam
1301 2763 1503 2818 iterum
1540 2763 1937 2818 administran-

345 2870 470 2927 dam
517 2864 794 2923 Salomoni
828 2857 1381 2919 commisit..'l‘ertius
1411 2850 1542 2912 tunc
1574 2871 1738 2927 supra
1787 2854 1937 2911 deci-

321 2981 492 3025 'mum
518 2961 732 3034 imperii
770 2956 1073 3015 Justiniaui
1101 2953 1495 3010 numerabatur
1524 2966 1704 3007 annus
1726 2970 1744 3006 τ
1771 2951 1938 3007 alios-

344 3074 452 3131 que
477 3056 662 3128 Libyze
691 3060 929 3110 rectores
957 3048 1243 3113 Ruﬁnum,
1267 3046 1564 3103 Leontium
1588 3055 1647 3102 et
1663 3044 1933 3101 Joannem

2040 523 2140 592 τῆς
2190 522 2372 594 μάχης
2411 531 2688 597 κραταιᾶς
2736 531 3060 602 γενομένης,
3112 532 3205 587 τὸν
3251 534 3295 567 ’ν
3341 532 3627 607 Γερμανοῦ

2045 614 2209 668 ἵππον
2237 634 2320 682 τις
2350 620 2458 672 τῶν
2490 621 2768 692 πολεμίων
2796 623 3061 679 ἔκτεινεν.
3090 625 3281 680 Πεσὼν
3309 626 3367 681 δέ
3397 628 3491 682 ἐπὶ
3521 626 3629 698 γῆς

2043 708 2323 779 Γερμανὸς
2380 713 2460 774 είς
2517 715 2764 769 κίνδυνον
2815 713 3002 789 ἦλθεν,
3035 721 3083 772 εί
3116 720 3191 790 μὴ
3249 722 3311 774 τὸ
3369 721 3534 792 τάχος
3577 719 3628 775 οἱ

2043 800 2344 876 δορυφόροι
2400 806 2742 879 φραξάμενοι
2789 811 2987 883 ἔφερον
3047 814 3248 881 ῐππον,
3306 815 3402 868 καὶ
3440 814 3635 869 τοῦτον

2040 897 2365 953 ἐνεϐίϐασαν
2396 900 2464 955 ⁸⁸.
2503 902 2813 974 Τρέπονται
2845 908 3023 961 τοίνυν
3057 909 3107 961 οί
3147 909 3501 979 στρατιῶται,
3536 908 3636 963 καὶ

2040 987 2068 1039 ὁ
2094 986 2340 1054 Τζὸτξας
2365 992 2423 1045 ἐν
2457 993 2535 1061 τῷ
2567 993 2782 1067 θορύϐῳ
2810 997 2989 1067 τούτῳ
3009 999 3106 1051 σὺν
3140 998 3343 1068 ὀλίγοις
3370 999 3416 1031 ⁸³
3440 1000 3637 1070 διαφυ-

2040 1081 2161 1149 γεῖν
2212 1080 2431 1152 ἴσχυσεν
2470 1084 2537 1138 ⁹⁰.
2584 1084 2643 1139 Ὀ
2689 1086 2745 1140 δὲ
2788 1087 3072 1159 Γερμανὸς
3114 1090 3230 1152 τοῖς
3285 1090 3424 1163 ἀμφ’
3465 1091 3637 1145 αὑτὸν

2039 1172 2532 1246 ἐγκελευσάμενος,
2564 1178 2727 1241 εὐθὺς
2761 1180 2854 1233 ἐττί
2885 1180 2945 1233 τὸ
2976 1183 3343 1252 στρατόπεδον
3385 1183 3495 1237 τῶν
3525 1200 3632 1236 πο·

2038 1264 2246 1335 λεμίων
2312 1267 2608 1340 ὥρμησεν,
2659 1272 2957 1327 καὶτοῦτο
3010 1274 3324 1343 παρέλαϐεν
3377 1275 3627 1348 πολέμῳ.

2052 1358 2321 1414 Ἐνταῦθα
2345 1360 2401 1417 δὲ
2431 1362 2499 1415 τὰ
2539 1364 2799 1435 χρήματα
2832 1366 2882 1419 oi
2914 1367 3249 1437 στρατιῶται
3277 1367 3456 1422 οὐδενὶ
3488 1370 3636 1441 λόγῳ

2038 1454 2378 1526 ἁρπάζοντες
2405 1497 2421 1523 ,
2463 1457 2558 1512 τοῦ
2616 1461 2926 1532 στρατηγοῦ
2966 1462 3127 1532 λόγον
3167 1464 3269 1517 οὐκ
3325 1463 3630 1519 ἐποιοῦντο.

2038 1547 2252 1621 Νοήσας
2279 1550 2336 1604 δὲ
2366 1553 2393 1605 ό
2426 1552 2731 1624 Γερμανὸς,
2765 1555 2839 1626 μὴ
2876 1557 3364 1628 συμφρονήσαντες
3390 1559 3439 1609 oi.
3473 1554 3633 1610 πολέ-

2044 1642 2155 1713 μιοι
2198 1643 2286 1697 ἐπ’
2317 1644 2483 1700 αὑτὸν
2521 1643 2696 1711 ἴωσιν,
2740 1648 2929 1703 ἵστατο
2962 1650 3311 1721 ὀδυρόμενος,
3348 1649 3440 1703 καὶ
3492 1648 3636 1720 πρὸς

2040 1739 2343 1810 εὐκοσμίαν
2395 1740 2621 1804 τούτους
2660 1743 3022 1813 παρακαλῶν.
3055 1746 3117 1797 Oi
3173 1745 3231 1798 δέ
3282 1745 3635 1816 Μαυρούσιοι

2036 1833 2134 1904 τὴν
2193 1835 2403 1905 τροπὴν
2462 1834 2794 1905 θεασάμενοι
2834 1838 2979 1891 κατὰ
3027 1837 3135 1892 τῶν
3186 1838 3527 1892 στασιαστῶν
3584 1838 3633 1870 ⁹¹

2036 1923 2324 1995 ὥρμησαν,
2359 1925 2454 1980 καὶ
2478 1924 2703 1989 τούτους
2726 1926 2951 1981 ἐδίωκον
2987 1928 3084 1981 σὺν
3120 1927 3196 1999 τῷ
3229 1928 3322 1981 τοῦ
3353 1926 3633 1994 βασιλέως

2037 2017 2276 2088 στρατῷ.
2328 2017 2572 2083 Τζότζας
2617 2019 2677 2073 δὲ
2736 2020 2797 2073 τὸ
2863 2020 3065 2093 θάρσος
3098 2022 3178 2084 εἰς
3220 2021 3419 2084 αὐτοὺς
3464 2019 3632 2089 ἔχων,

2036 2110 2299 2183 ἑωρακὼς
2333 2112 2400 2165 τὰ
2438 2111 2530 2166 ὑπ’
2576 2111 2755 2167 αὐτῶν
2805 2113 3075 2186 γενόμενα
3118 2114 3255 2185 μετά
3309 2112 3505 2167 ἑκατὸν
3549 2115 3635 2175 είς

2041 2203 2222 2277 φυγὴν
2247 2207 2485 2278 ἐτράπη,
2518 2208 2610 2259 καὶ
2644 2207 2726 2271 είς
2756 2207 3140 2279 Μαυριτανίαν
3183 2207 3281 2279 τὴν
3341 2206 3636 2277 ἐνδοτέραν

2039 2299 2344 2371 ἐχώρησεν,
2378 2300 2475 2354 καὶ
2505 2301 2537 2372 ή
2564 2300 2752 2365 στάσις
2784 2303 2841 2355 ἐν
2868 2301 3076 2365 τούτοις
3101 2300 3377 2354 ἐτελεύτα.
3405 2301 3635 2372 Γερμαω

2038 2392 2126 2447 νὸν
2149 2392 2205 2447 δὲ
2237 2394 2335 2448 σὺν
2365 2394 2619 2465 Δομνίκῳ
2656 2395 2751 2449 καὶ
2787 2395 3073 2471 Συμμὰχῳ
3115 2395 3638 2466 μεταπεμψάμενος

2035 2488 2065 2541 ό
2092 2486 2348 2560 βασιλεὺς
2396 2491 2477 2553 είς
2550 2488 2867 2557 Βυζάντιον,
2897 2489 3173 2559 Σολομῶνι
3213 2489 3377 2543 πάλιν
3416 2490 3486 2544 τὰ
3526 2490 3637 2556 τῆς

2036 2578 2247 2651 Λιϐύης
2278 2579 2582 2652 πράγματα
2612 2582 2916 2654 ἐνεχείρισε
2972 2582 3451 2653 (τρισκαιδέκατον
3484 2582 3544 2635 δὲ
3580 2583 3632 2614 ’⁸

2036 2670 2159 2736 ἔτος
2207 2666 2275 2744 ἦν
2307 2673 2471 2728 τοῦτο
2503 2673 2605 2744 τῆς
2678 2674 3058 2729 Ἰουστινια-νοῦ
3097 2673 3416 2744 βασιλείας),
3444 2690 3633 2744 παρα-

2039 2766 2303 2838 σχόμενος
2333 2766 2481 2837 αύτῷ
2525 2764 2571 2800 ⁸³
2602 2766 2883 2838 ἄρχοντάς
2941 2784 2999 2821 τε
3031 2766 3223 2830 ἄλλους
3259 2768 3352 2820 καὶ
3415 2768 3640 2837 Ῥουφῖ-

2038 2877 2128 2915 νον
2161 2859 2256 2914 καὶ
2299 2860 2553 2914 Λεόντιον
2600 2860 2695 2915 καὶ
2745 2860 2999 2933 Ἰωάννην
3034 2861 3128 2916 τὸν
3175 2862 3443 2916 Σισιννίου
3490 2862 3635 2915 υἱόν.

2038 2951 2293 3024 Σολομὼν
2345 2952 2403 3007 δὲ
2458 2954 2848 3019 καταπλεύσας
2902 2958 2981 3019 είς
3030 2955 3640 3029 Καρχηδόνα’μετρίως

2039 3050 2130 3103 τὸν
2164 3048 2292 3102 λαὸν
2327 3048 2596 3119 ἐξηγεῖτο,
2623 3049 2717 3104 καὶ
2738 3050 2946 3122 Λιϐύην
2967 3051 3225 3121 ἀσφαλῶς
3253 3050 3637 3121 διεφύλαττεν,

348 3148 579 3206 Sisinnii
628 3146 797 3201 ﬁlium
845 3142 1078 3199 addidit.
1116 3139 1292 3195 Porro
1339 3137 1603 3194 Salomon
1637 3138 1932 3209 Carthagi-

2042 3141 2352 3213 διακοσμῶν
2381 3160 2441 3196 τε
2489 3141 2580 3197 τὸν
2617 3144 2867 3217 στρατὸν,
2901 3146 2995 3199 καὶ
3048 3144 3102 3198 εἴ
3152 3162 3274 3199 τινα
3304 3144 3545 3199 ὕποπτον
3576 3146 3640 3200 ἐν

349 3257 470 3299 nem
522 3240 803 3312 trajiciens
833 3235 938 3293 levi
975 3234 1365 3304 moderatoque
1399 3231 1629 3302 imperio
1661 3232 1922 3303 populum

2033 3233 2183 3305 αὐτῷ
2218 3232 2497 3307 εὕρισκεν,
2522 3228 2602 3299 είς
2633 3231 2927 3302 Βυζάντιον
2962 3236 3316 3307 ἀπέπεμπεν.

345 3339 522 3403 rexit,
583 3345 638 3393 et
687 3335 914 3408 Libyam
968 3331 1164 3389 sedulo
1222 3338 1456 3396 tutatus,
1513 3329 1819 3386 exercitum
1868 3344 1934 3386 eo
1966 3330 2165 3390 ordine
2215 3331 2545 3403 composuit,
2596 3339 2676 3399 ut,
2708 3333 2943 3403 siquem
2974 3347 3041 3389 ex
3099 3333 3366 3388 militibus
3433 3345 3653 3408 suspes

345 3442 497 3491 ctum
534 3431 747 3495 habuit,
776 3425 1099 3501 Byzantium
1138 3423 1325 3482 statim
1350 3422 1744 3501 transmiserit.

415 3526 719 3584 Belisarius
756 3531 939 3579 autem
984 3520 1196 3587 Sicilia,
1230 3518 1427 3586 Roma,
1459 3518 1772 3590 vicinisque
1808 3520 1945 3577 civi»

347 3622 555 3681 tatibus
579 3637 608 3676 a
638 3619 823 3691 Jutgio
883 3616 1125 3673 detentis
1153 3616 1211 3671 in
1248 3613 1553 3671 Romanam
1607 3624 1938 3686 potestatem

345 3712 865 3789 receptis,.lutgium
893 3726 1019 3766 cum
1052 3724 1229 3766 uxore
1260 3717 1315 3765 et
1347 3708 1545 3764 liberis
1576 3708 1645 3764 ad
1677 3707 1917 3765 Justinia

345 3825 480 3866 num
534 3806 859 3879 Byzantium
900 3801 1149 3859 adduxit.
1190 3800 1499 3872 Imperator
1538 3816 1669 3856 vero
1704 3798 1934 3856 Narsem

346 3900 748 3958 cubicularium
779 3898 944 3953 rebus
975 3895 1090 3951 illic
1123 3894 1580 3951 administrandis
1602 3910 1729 3949 cum
1757 3893 1937 3949 classe

349 3994 531 4049 valida
585 3989 817 4046 Romam
882 3988 1209 4045 transmisit.
1263 3987 1523 4042 Salomon
1583 3988 1745 4042 etiam
1805 4001 1935 4041 cum

345 4084 696 4156 Carthagine,
745 4090 861 4138 tum
896 4083 950 4137 in
987 4080 1161 4153 Libya
1213 4081 1452 4153 regenda
1491 4095 1704 4136 summa
1741 4080 1934 4135 mode-

344 4174 558 4228 ratione
625 4186 788 4237 usus,
847 4170 1114 4227 adversus
1162 4169 1476 4225 Maurusios
1549 4171 1797 4242 praelium
1851 4170 1936 4225 in~

345 4265 584 4331 struxit,
616 4272 672 4320 et
704 4263 879 4336 primo
910 4262 1136 4334 quidem
1168 4262 1504 4335 Gogdarium
1546 4279 1577 4317 e
1607 4263 1937 4319 satellitibus

344 4375 540 4424 unum,
565 4360 744 4415 virum
770 4357 1048 4428 probitate
1077 4363 1129 4411 et
1161 4356 1385 4411 militari
1424 4356 1617 4426 peritia
1653 4371 1934 4412 commen-

344 4453 559 4518 datum,
585 4466 707 4506 cum
745 4450 992 4506 exercitu
1028 4448 1293 4519 praemisit
1330 4466 1345 4504 :
1383 4448 1477 4518 qui
1514 4446 1581 4502 ad
1611 4448 1797 4520 Bigam
1832 4447 1934 4502 ilu-

335 4546 493 4601 -vium
517 4544 861 4600 descendens
900 4542 967 4598 ad
999 4542 1270 4613 Baugaem
1301 4542 1580 4597 civitatem
1626 4542 1931 4597 desolatam

2113 3516 2440 3589 Βελισάριος
2484 3515 2541 3571 δὲ
2589 3517 2691 3589 τήν
2730 3535 2789 3571 τε
2847 3516 3236 3592 Σικελίανκαὶ
3276 3514 3498 3587 Ῥώμην
3522 3515 3638 3570 ὑπὸ

2051 3609 2310 3679 Ἰουτγίου
2339 3609 2389 3643 ⁵⁸
2419 3608 2534 3681 (48)
2571 3608 2968 3680 κατεχομένην,
2997 3610 3093 3664 καὶ
3121 3610 3219 3674 τὰς
3250 3609 3411 3681 πέριξ
3441 3609 3639 3676 πόλεις

2039 3702 2396 3777 παραλαϐὼν,
2436 3702 2691 3772 Ἰούτγιον
2748 3697 2841 3767 εἰς’
2866 3694 3161 3768 Βυζάντιον
3215 3705 3353 3777 πρὸς
3399 3705 3638 3759 Ἰουστι-

2043 3798 2229 3852 νιανὸν
2258 3798 2468 3868 ἤγαγεν
2520 3797 2657 3867 μετὰ
2695 3797 2793 3868 τῆς
2838 3796 3097 3867 γυναικὸς
3147 3798 3241 3851 καὶ
3289 3796 3397 3851 τῶν
3421 3798 3641 3851 τέκνοιν

2043 3890 2231 3946 αὐτοῦ.
2272 3891 2383 3944 Καὶ
2413 3889 2731 3945 ἀπέστειλεν
2769 3892 2798 3943 ὁ
2840 3889 3094 3961 βασιλεὺς
3122 3890 3348 3963 Ναρσῆν
3378 3891 3468 3944 τὸν
3499 3908 3641 3944 κου-

2042 3984 2388 4054 ϐικουλάριον
2413 3985 2551 4055 μετὰ
2585 3983 2870 4038 στόλου’ἐν
2892 3987 2959 4054 τῇ
3008 3983 3195 4058 Ῥώμῃ
3239 3984 3372 4055 πρὸς
3405 3984 3463 4038 τὸ
3511 3983 3641 4044 δια-

2054 4080 2331 4150 κρατῆσαι
2359 4077 2430 4130 τὰ
2447 4078 2647 4132 ἐκεῖσε.
2675 4076 2927 4149 Σολομὼν
2947 4079 3004 4132 δὲ
3034 4080 3100 4133 τὰ
3127 4080 3183 4131 ἐν
3203 4079 3508 4152 Καρχηδόνι
3534 4081 3642 4135 καὶ

2042 4169 2219 4241 Λιϐύῃ
2250 4169 2430 4234 καλῶς
2477 4170 2781 4241 διοικήσας,
2837 4170 2984 4225 κατὰ
3036 4173 3400 4243 Μαυρουσίων
3428 4177 3643 4244 ἐστρά-

2043 4280 2255 4317 τευσεν.
2288 4264 2397 4316 Καὶ
2428 4262 2642 4333 πρῶτον
2684 4264 2782 4335 μὲν
2813 4265 3106 4338 Γογδάριον
3129 4268 3175 4300 ³⁵
3198 4266 3312 4339 (49)
3341 4270 3431 4322 τὸν
3458 4270 3635 4324 αὐτοῦ

2042 4356 2365 4429 δορυφόρον,
2414 4357 2587 4427 ἄνδρα
2639 4358 2845 4426 ἀγαθὸν
2906 4360 2986 4423 είς
3015 4360 3083 4413 τὰ
3125 4362 3172 4394 ⁹⁶
3203 4361 3462 4432 πολέμια,
3526 4366 3637 4418 σὺν

2044 4449 2416 4521 στρατεύματι
2450 4449 2718 4521 ἐπεμψεν,
2752 4452 2900 4517 ὅστις
2931 4454 3010 4517 είς
3034 4453 3202 4523 Βίγαν
3378 4457 3636 4525 ποταμὸν

2040 4541 2394 4612 ἀφικόμενος,
2431 4544 2508 4606 είς
2533 4543 2759 4616 Βαυγαῆ
2791 4546 2902 4618 (5|)
2942 4546 3099 4600 πόλιν
3127 4546 3335 4619 ἔρημον
3362 4549 3637 4620 ἐστρατο-

339 4645 530 4696 castra
561 4645 798 4693 metatus
831 4645 939 4692 est.
967 4633 1043 4691 lbi
1084 4633 1386 4689 commisso
1433 4634 1735 4689 certamine
1767 4649 1930 4704 supe-

2042 4633 2381 4694 nsosdcato.‘
2404 4636 2668 4692 Ἐνταῦθα
2696 4640 2754 4693 δὲ
2791 4642 2968 4712 μάχης
3022 4643 3346 4714 γενομένης,
3367 4644 3634 4715 ἡττηθεὶς

340 4741 523 4791 ratus.
553 4730 607 4784 in
646 4726 848 4783 vallum
884 4742 945 4782 se
983 4726 1211 4796 recepit,
1237 4726 1290 4779 in
1332 4739 1445 4795 quo
1486 4726 1749 4779 continua
1780 4722 1935 4779 Mau-

2044 4726 2140 4781 καὶ
2193 4729 2272 4790 είς
2329 4728 2389 4781 τὸ
2443 4732 2753 4803 χαράκωμα
2822 4735 3184 4805 ἀναχωρήσας
3222 4736 3305 4802 .⁹⁷,
3368 4737 3473 4791 ὑπὸ
3528 4738 3637 4809 τῆς

346 4821 622 4876 rusiorum
661 4816 953 4874 obsidione
984 4815 1359 4887 premebatur.
1392 4814 1490 4871 His
1523 4832 1553 4871 e
1589 4816 1772 4871 vicino
1816 4816 1935 4872 loco

2046 4820 2153 4874 τῶν
2207 4822 2576 4894 Μαυρουσίων
2638 4826 2969 4898 προσεδρίας
3030 4829 3300 4893 ἐπιέζετο.
3368 4831 3635 4903 Σολομὼν

344 4911 578 4981 auditis,
632 4912 899 4968 Salomon
957 4910 1290 4982 quantocius
1358 4909 1651 4967 advolavit.
1709 4909 1935 4967 Barbari

2045 4912 2104 4966 δὲ
2138 4912 2364 4986 πλησίον
2392 4916 2683 4988 γενόμενος
2710 4921 2811 4975 καὶ
2836 4920 3007 4979 ταῦτα
3049 4923 3259 4995 μαθὼν,
3298 4924 3439 4980 κατά
3459 4924 3634 4997 τάχος

1670 5070 1907 5127 VARUE
1944 5070 2350 5131 LECTIONES.

403 5188 453 5269 ξ’
481 5190 944 5269 συμϐαλόντεςμΑ,
978 5188 1377 5269 συμϐάλλοντες
1420 5187 1568 5258 vulg.
1598 5258 1610 5269 ι
1715 5187 1807 5269 τὸν
1838 5190 1905 5251 Δ,
1935 5190 2044 5269 τῶν
2086 5192 2232 5269 vulg.
2305 5194 2350 5226 ⁸⁸
2374 5194 2696 5269 ἐνεϐίϐασαν
2733 5196 2797 5262 Α,
2829 5196 2979 5254 ἁνεϐ.
3011 5197 3158 5267 vuig.
3224 5197 3271 5230 ”
3300 5198 3475 5269 τούτῳ
3524 5200 3629 5254 σὺν

344 5258 766 5341 ὀλίχοιςέησὺν
787 5258 1167 5341 ρλίγωνμνιιιὲ.
1223 5332 1236 5341 _
1261 5260 1317 5341 ’ξ
1339 5258 1649 5341 ἴσχυσενιΑ,
1684 5258 1913 5341 ἰσχύσας
1948 5264 2096 5341 vulg.
2184 5258 2227 5296 δι
2268 5266 2612 5341 στασιαστῶν
2655 5269 2719 5333 Α,
2744 5258 3165 5341 ,σ’τασιασάντῶν
3189 5285 3239 5334 e,
3269 5258 3628 5341 στρατῖωτὼν

344 5334 491 5413 vulg.
567 5336 621 5413 ξ’
644 5335 706 5413 δὲ
741 5333 870 5413 add.
894 5345 962 5387 ex
985 5332 1090 5413 A._
1106 5331 1327 5413 Pythi?)
1354 5332 1420 5397 A,
1450 5331 1614 5413 αρτὸς
1647 5331 1793 5413 vulg.
1860 5332 1916 5413 ⁸⁸.
1942 5331 2166 5413 Otii/iob,
2196 5350 2320 5413 ιιι.οχ
2348 5337 2599 5413 Ούῒτγιον
2638 5331 2981 5413 ΑΑ,’ούἲττίου
3007 5356 3058 5409 e,
3084 5331 3287 5409 .Ούγίου
3314 5331 3353 5396 [ξ
3408 5341 3453 5375 ³³
3486 5342 3628 5413 Γορ-

344 5348 491 5404 vulg.
574 5348 621 5368 "
649 5348 706 5389 σε
741 5348 870 5387 add.
894 5348 962 5387 ex
985 5348 1053 5385 Α.
1113 5348 1156 5364 ’⁸
1178 5348 1327 5399 αυτῳ
1354 5348 1420 5397 A,
1450 5348 1614 5393 αυτος
1647 5348 1793 5457 νιιιὲ.
1862 5348 1905 5364 ’ν
1942 5348 2166 5401 υυγιου,
2196 5350 2320 5391 mox
2348 5348 2599 5404 υύῖτγιον
2638 5348 2701 5402 Α,
2731 5348 2981 5394 υύϊττιου
3007 5356 3058 5409 ε,

343 5402 528 5476 δάριον
553 5405 619 5475 Α,
644 5404 932 5476 Γονδάριον
955 5417 1015 5473 .e,
1050 5401 1314 5475 Γότϐαριν
1340 5416 1393 5458 a.
1451 5401 1498 5435 ⁸⁸
1524 5403 1604 5466 είς
1636 5401 1703 5455 τὰ
1786 5448 1795 5468 ,
1831 5403 1927 5457 καὶ
1953 5406 2032 5468 είς
2067 5407 2137 5460 τὰ
2164 5407 2307 5479 vulg.
2360 5409 2403 5440 ⁸⁷
2436 5410 2807 5481 ἀποχωρήσας
2844 5414 2907 5465 Α,

1674 5522 1817 5582 JAC.
1848 5524 2060 5582 GOARI
2096 5528 2331 5589 ΝΟΤᾹΞ.

2035 5648 2579 5777 ma(iriiiizli’rocopius,
2615 5652 2712 5708 lib.
2765 5670 2802 5709 ιι
2848 5654 2921 5709 De
2974 5654 3109 5709 bello
3154 5652 3447 5711 i’andalico
3471 5653 3639 5721 Gon—_

2108 5792 2221 5866 (ξο)
2258 5793 2426 5859 idem,
2457 5796 2708 5866 Abigam.

2102 5863 2212 5937 (Si)
2250 5866 2394 5923 idem
2433 5863 2709 5927 Fabiisim.

411 5642 525 5714 (Π)
547 5641 755 5699 laudas
789 5653 842 5699 et
867 5642 1117 5701 Arthias.

410 5714 525 5788 (48)
561 5714 820 5769 Butinum
863 5718 1028 5788 vertit
1055 5716 1405 5773 Anastasius.
1444 5716 1517 5772 De
1563 5716 1784 5775 Bullino
1814 5718 1922 5775 Ro—

339 5803 485 5864 mani}
517 5795 823 5864 occupante
846 5787 1039 5843 scribit
1068 5788 1333 5864 Agathias
1371 5788 1466 5845 lib.
1520 5803 1583 5859 ιι,
1617 5792 1795 5864 deque
1831 5791 1925 5847 illo

336 5874 371 5917 at
408 5856 743 5928 Theophane
773 5857 989 5917 diversa
1021 5856 1209 5916 tradit.
