3972 6290
285 385 375 451 ιιι

1565 377 2244 442 CHRONOGRAPHIA.

3411 378 3528 445 4⁷1οί

286 501 517 571 Γόγθαρις
544 498 633 553 τὸν
665 498 862 553 ἑαυτοῦ
900 496 1167 566 μάγειρον
1197 495 1259 547 ὲκ
1294 490 1661 564 Μαυρουσίων
1698 492 1829 546 ὄντα

1947 507 2074 547 aane
2097 504 2151 547 et
2177 491 2455 547 Armeniis
2483 506 2608 548 cum
2629 491 2883 548 hostibus
2911 491 3302 549 dimicaturum
3326 494 3515 554 mittit.

288 590 401 663 eoo:
449 589 568 651 τοὺς
612 585 921 657 βαρϐάρους
979 584 1305 640 ἀπέστειλεν
1362 584 1500 655 πρὸς
1567 582 1830 636 Ἀνταλᾶν

286 685 464 748 εἰπεῖν,
499 680 571 745 ὡς
600 680 751 751 αύτῷ
796 679 1064 750 Γόγθαρις
1118 676 1367 748 βούλεται
1417 677 1517 748 τῆς
1559 674 1830 747 Λιϐύηςιι

286 780 433 851 ἀρχῆς
470 776 720 832 κοινωνὸν
763 773 971 830 λαϐεῖν.
1022 773 1080 827 '0
1133 772 1192 833 δὲ
1240 770 1500 834 Ἀνταλᾶς
1532 769 1622 823 τὸν
1664 768 1765 839 μὲν
1782 769 1830 802 ἰτ

284 872 417 940 λόγον
442 868 685 940 ἀσμένως
718 868 977 937 ἦκουσεν·
1012 862 1286 935 ἀπεκρίθη
1315 861 1394 927 δὲ,
1421 862 1495 923 ὡς
1526 861 1625 915 ούκ
1653 861 1832 930 ἀσφαι-

283 963 371 1027 id»;
414 961 496 1015 διὰ
543 960 813 1032 μαγείρου
868 957 938 1011 τὰ
984 956 1211 1010 τοιαῦτα
1252 953 1593 1009 διοικεῖσθαι.
1645 954 1830 1008 Ταῦτα

282 1055 516 1126 Γό·;θαρις
542 1052 802 1117 ἀκούσας,
828 1050 1117 1106 Οὐλίσθεον
1134 1048 1177 1082 ⁸⁸
1205 1048 1295 1101 τὸν
1313 1044 1479 1101 αὐτοῦ
1509 1046 1828 1118 δορυφόρον,

279 1150 340 1211 ὡς
361 1148 551 1214 πιστὸν,
571 1147 723 1217 πρὸς,
736 1144 999 1201 Ἀνταλᾶν
1022 1143 1119 1198 ἐπε
1128 1143 1288 1215 μψεν,
1316 1139 1652 1212 παρακαλῶν
1668 1138 1830 1194 αὐτὸν

279 1242 546 1312 πλησιάσαι
569 1245 636 1313 τῇ
673 1239 1010 1312 Καρχηδόνι,
1041 1239 1191 1301 ὅπως
1222 1234 1386 1291 αὑτὸν
1414 1234 1506 1286 τὸν
1553 1231 1830 1303 Ἀρεόϐιν-

277 1335 351 1389 δον
387 1333 557 1406 ἀνέλῃ.
607 1332 901 1393 causam;
941 1330 998 1385 δὲ
1043 1329 1119 1401 τῷ
1159 1328 1390 1399 Ἀνταλᾴ
1405 1326 1448 1360 ’⁵9
1490 1326 1671 1396 κρυφῆ
1706 1342 1830 1379 συν-

278 1430 461 1498 ίτυχενί
500 1427 592 1482 καὶ
649 1425 1062 1495 συνεφώνησαν,
1112 1424 1201 1476 ἵνα
1228 1422 1257 1475 ό
1300 1420 1400 1492 μὲν
1438 1418 1699 1478 Ἀνταλᾶς
1735 1414 1829 1470 τοῦ

278 1520 516 1585 Βυζακίου
546 1518 714 1593 ἄρχῃ,
750 1520 846 1573 καὶ
877 1518 939 1572 τὸ
963 1517 1139 1588 ἥμισυ
1169 1514 1281 1570 τῶν
1320 1511 1660 1584 Ἀρεοϐίνδου
1693 1527 1828 1582 χρη-

278 1613 440 1683 μάτων
461 1610 593 1684 λάϐῃ
612 1613 683 1680 ⁸ο,
725 1613 813 1665 καὶ
840 1610 1046 1681 χιλίους
1079 1607 1465 1670 πεντακοσίους
1493 1602 1831 1674 στρατιώτας

298 1704 557 1773 Ρωμαίους
626 1704 726 1759 σὺν
791 1701 988 1781 αὐτῷ’,
1028 1702 1064 1755 Γ
1068 1699 1293 1772 όγθαρις
1349 1699 1405 1752 δὲ
1453 1697 1515 1751 τὸ
1568 1695 1831 1769 βασιλέως

275 1796 465 1868 ἀξίωμα
513 1796 673 1852 λάϐοι
711 1797 807 1851 καὶ
861 1794 1211 1867 Καρχηδόνος
1255 1792 1314 1846 τὺ
1371 1792 1590 1863 κράτος.
1643 1789 1830 1845 Ταῦτα

1938 583 2227 639 Gottharis
2260 598 2326 639 ex
2360 583 2634 639 famulitio
2677 598 2915 655 coquum
2954 584 3295 642 Maurusium
3320 603 3522 658 genere

1938 677 2007 733 ad
2056 677 2308 733 Antalam
2366 684 2421 733 et
2466 674 2741 748 Barbaros
2790 676 3051 744 destinat,
3106 682 3203 750 qui
3261 679 3515 746 referret,

1939 769 2192 825 Gotthari
2228 771 2282 825 in
2317 770 2502 826 animo
2535 786 2681 840 esse,
2715 789 2831 830 sure
2863 775 2918 830 in
2973 773 3199 848 Libyam
3233 777 3523 847 potestatis

1940 866 2208 937 collegam
2240 881 2364 921 eum
2392 881 2700 925 assumere.
2745 870 2973 941 Antalas
3013 871 3265 927 nuntium
3304 872 3523 941 excepit

1941 957 2143 1013 lactus:
2186 957 2348 1029 179
2385 960 2673 1031 respondit
2721 972 2926 1030 autem,
2984 964 3130 1019 haud
3191 972 3310 1019 tuto
3359 963 3530 1034 coqui

1940 1050 2197 1107 manibus
2222 1052 2536 1123 huiusmodi
2569 1054 2846 1125 negotium
2871 1056 3121 1111 tractari.
3155 1055 3252 1111 His
3278 1058 3523 1128 acceptis

1944 1143 2253 1200 Ulistheum
2286 1161 2317 1200 e
2345 1146 2640 1202 satellitum
2681 1163 2913 1214 numero
2947 1148 3277 1207 ﬁdissimqu
3312 1152 3378 1206 ad
3405 1152 3522 1205 An-

1940 1239 2107 1293 talam
2155 1237 2437 1294 Gottharis
2464 1241 2718 1307 remittit,
2766 1243 3026 1313 precibus
3077 1243 3179 1300 hoc
3213 1262 3404 1317 agens,
3462 1254 3524 1301 ut

1940 1330 2267 1405 Carthagini
2320 1334 2559 1390 vicinior
2608 1335 2812 1403 factus,
2864 1338 3238 1395 Areobindum
3278 1355 3309 1395 ο
3338 1340 3535 1396 medio

1940 1428 2133 1482 tollere
2162 1438 2481 1485 conaretur.
2516 1428 2804 1487 Ulisthcus
2861 1433 3098 1488 subinde
3152 1447 3279 1487 cum
3323 1433 3522 1489 Antala

1940 1518 2180 1574 latenter
2196 1534 2530 1589 congressus
2564 1538 2670 1576 una
2697 1523 3021 1591 paciscitur,
3062 1533 3117 1580 ut
3150 1527 3382 1581 Antalas
3412 1525 3520 1598 By-

1942 1613 2080 1669 zacii
2133 1616 2445 1685 principatu
2493 1626 2789 1687 occupato,
2840 1616 3164 1673 facultatum
3223 1619 3523 1678 Areobindi

1941 1706 2177 1762 mediam
2209 1717 2453 1765 sumeret
2496 1719 2728 1780 partem.
2766 1726 2831 1767 ac
2864 1712 3097 1783 insuper
3141 1728 3207 1768 ex
3258 1712 3523 1769 Romanis

1942 1801 2209 1857 militibus
2242 1802 2389 1858 mille
2416 1803 2748 1874 quingentos
2778 1819 2966 1860 secum
2994 1805 3223 1861 haberet
3249 1804 3526 1861 :‘Gottha-

274 1891 686 1964 διαπραξάμενος
712 1890 1025 1958 Οὐλίσθεος,
1056 1887 1302 1958 ὲπανῆκε
1338 1887 1475 1959 πρὸς
1506 1884 1833 1957 Γογθάριδα.

1947 1896 2022 1952 ris
2056 1903 2264 1965 autem,
2307 1898 2663 1967 imperatoris
2700 1899 3000 1969 assumptis
3030 1899 3362 1971 insignibus,
3391 1898 3526 1955 Car-

276 1987 327 2041 Ol
371 1986 422 2041 δὲ
452 1971 742 2059 ’βάρϐαροι
791 1984 933 2040 κατὰ
984 1981 1357 2054 Καρχηδόνος
1404 1979 1609 2050 σπουδῇ
1664 1978 1833 2050 πολλῇ

273 2080 439 2153 ᾔεσαν.
485 2078 910 2142 Καταλαϐό,ντες
944 2077 1000 2131 δὲ
1045 2075 1108 2129 τὸ
1144 2075 1377 2147 Δόκιμον
1405 2074 1500 2129 καὶ
1531 2089 1834 2143 στρατοπε.-

273 2173 568 2245 δευσάμενοι
617 2176 679 2228 ὲν
721 2171 872 2244 αὐτῷ
921 2173 987 2243 τῇ
1028 2168 1295 2241 ὑστεραίᾳ
1346 2167 1439 2223 ἐπὶ
1489 2166 1837 2238 Καρχηδόνος

274 2270 510 2342 ἐχώρουν.
553 2267 1030 2330 ’Υπαντεύσαντες
1048 2268 1090 2300 ⁵¹
1123 2265 1181 2319 δὲ
1212 2263 1307 2319 τοῦ
1352 2262 1646 2333 Ῥωμαίων
1676 2277 1840 2332 στρα-

273 2362 544 2434 τεύματος,
608 2362 1039 2434 ἀπροσδοκήτως
1088 2360 1274 2424 αὐτοῖς
1322 2356 1612 2412 συνέϐαλον
1629 2355 1696 2419 ⁸²,
1747 2354 1841 2409 καὶ

272 2453 473 2519 πολλοὺς
510 2454 623 2508 τῶν
658 2453 1023 2524 Μαυρουσίων
1050 2450 1317 2516 εκτειναν,
1344 2447 1438 2514 οὓς
1470 2448 1536 2520 δὴ
1568 2450 1595 2502 ό
1626 2448 1664 2500 Γ
1666 2445 1840 2516 όγθαο

274 2564 345 2617 ρις
379 2547 624 2613 κακίζων
654 2546 1035 2613 ἐπέσκωπτεν,
1066 2544 1142 2610 ὡς
1187 2542 1624 2616 Θρασυνομένους
1644 2535 1713 2607 ⁸³,
1746 2540 1842 2595 καὶ

272 2641 330 2691 τὰ
359 2639 462 2694 τῶν
518 2638 816 2707 Ῥωμαίων
865 2638 1171 2711 πράγματα
1205 2638 1286 2699 εἰς
1334 2633 1575 2689 κίνδυνον
1627 2633 1837 2704 φέρειν.

281 2728 331 2784 '0
356 2731 409 2785 δὲ
458 2730 802 2802 ’Δρεόϐινδος
838 2728 1063 2801 πέμψας
1110 2727 1248 2799 πρὸς
1294 2724 1650 2790 Κουντζίναν,
1698 2739 1841 2797 παρ·

273 2824 432 2879 εκάλει
459 2824 731 2898 προδότην
760 2823 921 2879 αὐτὸν
939 2822 984 2855 ⁸⁸
1015 2819 1272 2891 γενέσθαι
1296 2819 1695 2890 Μαυρουσίων⁶
1726 2819 1754 2871 ὁ
1783 2816 1843 2873 δὲ

272 2918 606 2991 ὡμολόγησεν
628 2919 789 2973 τοῦτο
816 2916 1014 2971 ποιεῖν.
1044 2916 1309 2968 Ἀπιστον
1334 2913 1443 2984 γὰρ
1473 2912 1536 2966 τὸ
1558 2911 1668 2966 τῶν
1689 2913 1844 2966 Μαυ-

277 3012 483 3079 ρουσίων
531 3010 692 3079 γένος
720 3008 857 3080 πρός
903 3024 965 3062 τε
1001 3005 1196 3071 ἄλλους
1239 3006 1337 3060 καὶ
1388 3003 1526 3076 πρὸς
1572 3003 1840 3066 ἅπαντας.

273 3105 443 3161 Ταῦτα
502 3103 845 3177 Ἀρεόϐινδος
893 3101 972 3173 τῷ
1022 3100 1264 3173 Γόγθαρι
1308 3098 1642 3169 ἐθάρρησεν.
1692 3097 1750 3151 '0
1786 3095 1844 3150 δὲ

275 3200 490 3272 παρῄνει
523 3202 603 3271 τῷ
644 3195 971 3271 ’Δρεοϐίνδῳ
995 3193 1075 3267 τῷ
1097 3191 1407 3266 Κουντζίνᾳ
1433 3190 1510 3264 μὴ
1544 3189 1841 3247 πιστεύειν.

274 3264 643 3349 ούλίσθεονδὲ
695 3264 1057 3355 άποστείλας.
1100 3286 1181 3360 τῷ
1231 3264 1461 3358 ’Δνταλᾷ
1494 3285 1668 3340 ταῦτα
1700 3286 1845 3357 ἐμή-ι
1873 3264 1916 3324 C

275 3404 436 3443 νυσεν.
488 3388 762 3459 Γόγθαρις
808 3384 866 3439 δὲ
911 3385 1122 3438 κτεῖναι
1170 3382 1260 3435 τὸν
1306 3379 1641 3451 Ἀρεόϐινδον
1673 3378 1850 3451 λάθρα

274 3479 537 3543 διενοεῖτο,
582 3481 677 3534 καὶ
725 3477 905 3531 πείθει
959 3474 1149 3529 τοῦτον
1201 3475 1441 3541 ἐξελθεῖν
1472 3474 1572 3545 τῆς
1621 3475 1850 3545 Καρχη-

274 3573 427 3639 δόνος,
458 3575 548 3629 καὶ
570 3572 723 3643 ἐντῷ
746 3571 968 3642 πολέμῳ
1001 3567 1313 3639 εὑρεθῆναι.
1342 3564 1399 3621 '0
1430 3566 1487 3621 δὲ
1515 3565 1851 3638 Ἀρεόϐινδος

276 3672 487 3744 ἄπειρος
529 3670 628 3725 τοῦ
661 3671 899 3740 πολέμου
947 3667 1044 3731 ὢν,
1078 3666 1147 3721 τὰ
1174 3667 1314 3721 ὅπλα
1349 3665 1743 3737 περιϐαλέσθαι
1776 3664 1852 3738 μὴ

275 3763 560 3837 δυνάμενος
582 3806 597 3831 ,
637 3762 986 3819 ἀνεϐάλλετο.
1022 3761 1129 3815 Καὶ
1163 3756 1339 3824 οὕτως
1366 3762 1393 3814 ό
1427 3759 1619 3831 χρόνος
1650 3759 1855 3831 προῆλ-

278 3856 359 3911 θεν
388 3858 488 3929 τῆς
526 3847 747 3930 ἡμέρας
769 3874 782 3888 ·
820 3854 994 3927 sta/541
1033 3854 1131 3926 τὴν
1176 3853 1486 3925 παράταξιν
1520 3854 1602 3917 εἰς
1631 3853 1732 3924 τὴν
1761 3850 1857 3906 αύ-

282 3968 383 4022 ριον
442 3954 814 4024 ἀποθέμενος,
881 3950 1187 4022 ἡσύχασεν.
1244 3948 1515 4022 Γόγθαρις
1576 3948 1634 4001 δὲ
1693 3947 1856 4001 αὑτὸν

280 4047 587 4122 ἐξεπίτηδες
632 4051 732 4122 τὴν
762 4048 1024 4121 μέλλησιν
1056 4045 1329 4102 ποιεῖσθαι
1359 4042 1731 4109 ὑποπτεύσας,
1761 4044 1855 4098 ἅτε

281 4142 380 4196 τῶν
402 4144 798 4214 πραττομένων
830 4140 1171 4209 αἰσθόμενος,
1208 4140 1274 4193 ὲκ
1301 4136 1396 4192 τοῦ
1425 4136 1702 4209 ἐμφανοῦς
1736 4137 1857 4191 κατ’

282 4235 437 4291 αὐτοῦ
469 4238 860 4309 ἐτυράννησεν.
921 4233 1263 4307 ’Δρεόϐινδος
1296 4233 1352 4287 δὲ
1387 4233 1527 4288 κατὰ
1560 4231 1727 4304 τάχος
1757 4231 1860 4302 τὴν

283 4330 590 4402 Καρχηδόνα
626 4327 970 4394 καταλιπὼν,
1026 4327 1119 4381 καὶ
1160 4329 1309 4398 φυγῇ
1360 4324 1728 4397 χρησάμενος,
1779 4325 1862 4387 εἰς

285 4425 409 4477 ναῦν
449 4442 504 4479 τε
560 4423 844 4491 εἰσελθὼν,
906 4422 999 4477 ἐπὶ
1051 4422 1113 4476 τὸ
1170 4419 1468 4485 Βυζάντιον
1534 4417 1860 4489 πορεύεσθαι

288 4518 527 4589 ᾕμελλεν,
561 4521 608 4573 εἰ
639 4520 716 4590 μὴ
752 4517 962 4591 χειμὼν
1003 4516 1208 4587 μεταξὺ
1243 4513 1635 4585 ἐπιγενόμενος
1667 4510 1864 4565 διεκὼ-

1941 1990 2163 2060 thagine
2192 1992 2392 2047 solium
2422 1992 2640 2061 imperii
2676 1992 2907 2047 locaret.
2957 1990 3146 2064 Baetis
3207 1990 3524 2062 hujusmodi

1938 2082 2194 2149 ﬁrmatis,
2227 2083 2293 2137 ad
2325 2080 2634 2138 Gottharim
2677 2082 2959 2139 Ulisthcus
3013 2085 3329 2139 revertitur.
3380 2083 3525 2140 Hinc

1940 2174 2170 2230 Barbari
2234 2177 2537 2232 accelerata
2584 2176 2959 2247 expeditione,
3020 2177 3075 2233 in
3115 2176 3521 2249 Carthaginem

1942 2269 2163 2324 irruunt
2205 2285 2219 2322 :
2256 2278 2310 2324 et
2343 2270 2520 2339 primo
2547 2270 2768 2340 quidem
2804 2268 3088 2326 Decimum
3130 2270 3385 2341 profecti,
3433 2284 3528 2325 ca-

1943 2370 2056 2418 stra
2085 2361 2273 2417 metati
2311 2369 2463 2427 sunt,
2509 2361 2780 2432 postridie
2827 2361 2893 2415 ad
2925 2360 3101 2432 ipsam
3133 2360 3523 2434 Carthaginem

1944 2455 2245 2524 applicant.
2282 2453 2326 2507 Α
2350 2451 2729 2509 Romanorum
2784 2461 2967 2510 autem
3007 2454 3256 2510 exercitu
3306 2453 3525 2510 obviam

1945 2545 2091 2603 facto
2120 2548 2357 2618 excepti,
2402 2535 2469 2601 a'd
2517 2548 2957 2617 inexspectatum
3008 2546 3352 2604 descendunt
3384 2562 3527 2619 pra-

1945 2641 2100 2706 llum,
2137 2657 2248 2712 quo
2288 2641 2509 2713 plurimi
2571 2641 2985 2697 Maurusiorum
3043 2644 3195 2698 (τωδὶ.
3249 2642 3539 2698 Romanos-

1944 2736 2165 2793 demum
2203 2738 2419 2808 probris
2450 2737 2917 2808 contumeliisque
2954 2737 3201 2808 alfectqs,
3262 2745 3535 2809 tanquam

1946 2833 2041 2903 qui
2066 2834 2235 2888 nimia
2262 2832 2383 2887 freti
2413 2831 2643 2887 audacia
2674 2830 2977 2887 Romanam
3000 2847 3115 2889 rem
3140 2832 3196 2887 in
3221 2831 3529 2888 discrimen

1947 2924 2303 2988 adducerent,
2334 2924 2619 2981 Gottharis
2642 2925 2783 2981 male
2807 2912 3040 2997 accepit.
3069 2925 3338 2981 Caeterum
3360 2924 3531 2982 Areo-

1948 3017 2149 3073 bindus
2206 3014 2536 3084 Cnnzinam,
2603 3024 2665 3071 ut
2723 3015 3032 3073 Maurusios
3090 3016 3369 3087 proderet,
3427 3032 3529 3088 per

1950 3109 2207 3163 nuntium
2237 3109 2487 3164 hortatus
2515 3116 2603 3164 est
2634 3126 2649 3163 :
2689 3109 2735 3164 is
2759 3117 2939 3164 autem
2975 3125 3035 3165 se
3069 3109 3339 3166 facturum
3375 3124 3530 3166 rece-

1951 3203 2054 3274 pit.
2080 3201 2483 3259 Maurusiorum
2507 3203 2705 3274 quippe
2730 3220 2883 3275 gens,
2915 3219 3024 3259 non
3049 3205 3100 3258 in
3123 3218 3316 3260 omnes
3346 3205 3539 3273 modo,

1950 3295 2044 3351 sed
2089 3304 2145 3351 et
2196 3295 2249 3350 in
2296 3312 2427 3352 suos
2481 3296 2831 3352 inﬁdissima.
2873 3296 3001 3353 Haec
3029 3296 3376 3353 Areobindus
3400 3296 3533 3353 Got-

1953 3386 2095 3441 thari
2130 3385 2365 3442 ﬁdenter
2394 3388 2627 3459 aperuit.
2656 3388 2751 3443 Ille
2781 3402 2848 3444 ne
2877 3385 3138 3444 Cunzinae
3166 3388 3322 3445 ﬁdem
3354 3389 3530 3455 daret,

1952 3480 2325 3537 Arcobindum
2365 3483 2581 3553 precari
2614 3504 2627 3539 :
2659 3493 2776 3540 tum
2821 3481 3069 3540 Ulistheo
3113 3485 3285 3539 misso
3323 3483 3536 3540 Antala:

1956 3587 2158 3632 cuncta
2201 3578 2497 3649 signiﬁcat.
2544 3578 2825 3636 Gottharis
2858 3580 3172 3637 Areobindo
3208 3596 3272 3634 ex
3316 3579 3536 3636 insidiis

1955 3671 2124 3725 vitam
2158 3671 2372 3742 eripere
2396 3671 2581 3727 animo
2610 3674 2856 3737 volvens,
2877 3673 3210 3745 Carthagine
3235 3674 3533 3728 exercitum

1957 3760 2192 3816 educere
2232 3762 2451 3830 suadet,
2498 3771 2552 3818 et
2586 3779 2821 3835 pugnam
2849 3779 2976 3820 eum
3005 3764 3255 3821 hostibus
3280 3779 3567 3820 consere-.

1958 3871 2038 3911 re.
2070 3855 2437 3919 Areobindus,
2477 3872 2577 3913 ceu
2627 3858 2753 3912 belli
2786 3854 3128 3928 inexpertus,
3160 3867 3214 3913 et
3246 3858 3415 3913 armis
3456 3857 3539 3912 fe-

1959 3947 2145 4003 rendis
2198 3964 2309 4003 non
2359 3959 2634 4017 assuetus,
2696 3950 2989 4005 consilium
3044 3949 3268 4006 differt:
3311 3950 3384 4005 ita
3430 3949 3539 4004 diei

1963 4049 2178 4113 tempus
2202 4042 2478 4097 elabitur:
2522 4056 2694 4113 quare
2727 4057 2909 4114 pugna
2945 4041 3001 4097 in
3038 4051 3357 4112 sequentem
3393 4039 3537 4095 diem

1963 4136 2285 4200 retardata;
2329 4136 2473 4192 intra
2537 4152 2724 4192 muros
2778 4152 2838 4193 se
2896 4136 3186 4193 continuit.
3258 4134 3543 4191 Gottharis

1962 4228 2332 4284 Areobindum
2384 4232 2572 4300 quasi,
2631 4245 2752 4301 quae
2806 4230 3208 4285 instruerentur
3264 4228 3493 4285 adversa
3516 4256 3541 4295 -,

1963 4320 2381 4387 subodoratum,
2412 4328 2467 4377 et
2500 4321 2707 4377 idcirco
2739 4337 2921 4378 moras
2951 4338 3017 4379 ex
3060 4322 3227 4378 animi
3262 4322 3559 4394 proposito

1964 4422 2273 4471 nectentem
2300 4413 2636 4485 suspicatus,
2665 4415 2722 4469 in
2753 4414 3097 4473 manifestam
3124 4416 3391 4478 adversus
3417 4431 3549 4471 eum
3605 4474 3615 4484 ,

1966 4508 2205 4580 erumpit
2231 4507 2626 4564 'rebellionem.
2675 4507 2859 4577 Quare
2901 4510 3233 4581 Carthagine
3274 4511 3546 4581 extemplo

289 4613 458 4667 λυσεν.
517 4611 878 4675 Ἀποστείλας
918 4611 976 4664 δὲ
1037 4608 1357 4664 Ἀθανάσιον
1411 4608 1469 4661 ὲν
1519 4604 1828 4677 Καρχηδόνι

1970 4603 2182 4668 relicta,
2227 4601 2356 4673 fuga
2406 4603 2639 4657 salutem
2688 4602 2792 4659 sibi
2834 4610 2993 4673 parat
3038 4602 3429 4670 Areobindus,
3494 4613 3549 4661 et

298 4708 666 4779 μετεπέμψατό
710 4724 886 4773 τινας,
928 4706 985 4758 ὲν
1036 4698 1118 4767 οἷς
1163 4703 1259 4757 καὶ
1296 4698 1658 4772 ’Δρταϐάνην,
1712 4698 1843 4760 ὅστις

1969 4712 2273 4754 conscensa
2314 4697 2463 4774 navi,
2494 4695 2840 4770 Byzantium,
2880 4696 2987 4755 nisi
3028 4703 3275 4771 tempore
3315 4699 3553 4757 interce-

296 4801 455 4855 πολλὰ
483 4801 713 4874 παρῄνει
742 4800 821 4873 τῷ
860 4797 1203 4873 Ἀρεοϐίνδῳ,
1238 4796 1376 4867 μήτε
1403 4792 1841 4849 ἀναπεπτωκένα

1969 4790 2136 4846 dente
2174 4790 2575 4863 navigationem
2626 4790 3005 4862 prohibuisset
3043 4791 3241 4854 hiems.
3294 4792 3549 4864 trajicere

304 4894 430 4964 μήτε
459 4894 761 4948 δειλιαίνειν
780 4893 826 4926 ⁵⁵
871 4892 957 4946 καὶ
985 4889 1217 4944 δεδιέναι
1251 4886 1344 4940 τὸν
1370 4883 1678 4956 Γογθάριδα
1698 4900 1712 4915 ·
1748 4881 1843 4937 ἀλλ

1971 4884 2264 4956 disposuit.
2314 4883 2537 4939 Interim
2570 4882 2880 4940 Athanasio
2925 4882 3313 4956 Carthaginem
3354 4886 3547 4954 misso,

304 4985 479 5039 ἑαυτὸν
503 4985 635 5057 ὁμοῦ
667 4986 767 5040 σὺν
807 4985 945 5039 πᾶσι
974 4985 1087 5047 τοῖς
1119 4981 1295 5050 ὲαυτῷ
1329 4978 1615 5050 ἑπομένοις
1633 4974 1678 5009 ⁸⁸
1704 4976 1840 5031 ἱέναι

1972 4992 2037 5033 ex
2079 4990 2141 5030 ea
2172 4976 2439 5046 quosdam
2459 4977 2896 5041 cvocalamicos,
2925 4976 2981 5031 in
3011 4977 3212 5048 quibus
3240 4976 3549 5034 Artabanes

304 5079 427 5148 πρίν
453 5096 502 5133 τι
536 5078 848 5151 περαιτέρω
892 5076 1147 5147 γενέσθαι
1182 5072 1352 5128 κακόν
1367 5071 1436 5125 ⁵⁷.
1478 5071 1538 5123 '0
1568 5069 1624 5121 δὲ
1655 5067 1843 5137 Γόγθα·

1975 5067 2432 5139 spectatissimus.
2490 5066 2543 5124 ls
2590 5067 3079 5133 Areobindum,ne
3127 5070 3315 5125 animo
3365 5069 3557 5125 conci-

312 5187 394 5237 ρις
419 5171 500 5225 τὸν
542 5171 879 5241 Ἀρεόϐινδον
908 5171 989 5233 είς
1027 5169 1155 5232 τοὺς
1191 5163 1532 5237 στρατιώτας
1564 5161 1843 5217 διέϐαλλεν

1976 5162 2161 5227 deret,
2201 5168 2298 5216 aut
2350 5161 2548 5215 timore
2597 5169 3069 5228 censterneretur,
3112 5162 3196 5219 vel
3247 5162 3555 5219 Gottharim

312 5263 383 5326 ὡς
408 5245 651 5336 άνανδρόν
678 5282 739 5318 τε
768 5264 863 5318 καὶ
892 5262 1067 5316 δειλὸν
1095 5261 1188 5314 καὶ
1216 5261 1314 5323 τὰς
1344 5258 1511 5329 ῥόγας
1554 5255 1763 5319 τούτοις
1795 5255 1843 5325 μθ

1978 5253 2323 5321 formidaret,
2364 5254 2459 5310 sed
2508 5255 2691 5324 potius
2721 5253 2838 5327 ipse
2878 5271 2985 5310 una
3023 5270 3145 5310 eum
3188 5256 3425 5321 caeteris,
3459 5256 3566 5327 qui»

329 5356 584 5425 βούλεσθαι
610 5358 835 5414 διδόναι.
883 5356 939 5411 ’0
965 5355 1023 5409 δὲ
1060 5350 1527 5425 Ἀρεόϐινδοςισὺν
1555 5347 1635 5417 τῷ
1681 5348 1843 5420 Ἀρτα

1981 5358 2166 5423 partes
2207 5348 2327 5420 ejus
2368 5349 2686 5412 tuebantur,
2728 5351 3041 5406 contrarius
3092 5351 3217 5417 iret,
3261 5360 3554 5420 antequam

324 5449 440 5524 θάνῃ
472 5455 559 5507 καὶ
586 5456 698 5516 τοῖς
723 5451 1014 5522 ἑπομένοις
1049 5448 1192 5502 κατὰ
1223 5444 1550 5515 Γογθὰριδος
1569 5439 1786 5512 διῆλθεν
1803 5440 1843 5473 ⁸⁸

1982 5441 2186 5496 malum
2245 5440 2413 5496 latius
2467 5450 2729 5511 serperet,
2779 5441 3125 5497 hortabatur.
3196 5440 3276 5497 Ex
3325 5441 3561 5497 adverso

1585 5580 1812 5636 VARUS
1852 5577 2255 5636 LECTIONES.

415 5683 456 5715 “
483 5683 675 5748 Λιϐύος
710 5683 859 5755 vulg.
948 5682 993 5716 ⁸⁷
1021 5682 1273 5755 μὲνίειὰιί.
1306 5698 1373 5737 ex
1395 5642 1459 5735 Af.
1514 5678 1884 5755 λξθμούλίθερν
1927 5678 2027 5755 ΑἱΔ
2060 5677 2113 5755 *⁸³
2144 5676 2235 5729 σὺν
2277 5676 2546 5755 ξΛνταλᾷν
2575 5675 2641 5755 -Α
2691 5692 2741 5732 e.
2792 5676 2864 5755 _‘°
2889 5674 3027 5746 λάϐῃ
3076 5674 3143 5755 ᾼ,
3202 5673 3360 5755 λάϐοι
3409 5674 3563 5755 vulg.

330 5744 744 5823 ἰύπανήσαντες
778 5744 843 5809 AV.
910 5757 957 5788 ⁵⁸
983 5744 1277 5808 συνέϐαλον
1302 5755 1365 5817 Α,
1402 5750 1723 5823 συνέϐαλλον
1747 5750 1893 5823 vnlg.
1940 5821 1947 5823 _
1983 5747 2449 5823 "hensuvdusam
2473 5747 2972 5823 A.__flpaapvépevo;
3003 5744 3155 5823 vulg.
3192 5744 3282 5823 ,⁸⁸
3304 5746 3560 5823 αύ-τρν-ᾷ,

332 5824 469 5878 αὑτοῦ
493 5821 634 5895 vulg.
699 5826 748 5858 ⁸⁸
775 5826 1086 5882 δειλιαίνειν
1113 5828 1205 5881 καὶ
1233 5842 1343 5883 om.
1381 5823 1445 5880 Α.
1535 5823 1581 5856 ⁸³
1613 5821 1897 5894 ἑπομένοις
1926 5821 1990 5887 Α,
2020 5821 2285 5891 ἑπόμενον
2314 5821 2459 5891 Vulg.

2537 5820 2583 5852 ⁸⁷
2609 5815 2780 5875 sca-4m
2805 5815 2870 5888 Α,
2903 5817 3091 5874 κακῶν
3109 5815 3260 5892 νυῖίς-
3333 5818 3381 5853 ⁵⁸
3410 5815 3565 5889 διῆλ“

332 5894 407 5949 θεν
425 5897 485 5965 Δ,
507 5894 668 5973 ἦλθεν
691 5898 839 5971 vulg.
