3990 6294
169 323 269 388 ιδδ

1477 320 2133 386 CHRONOGRAPHIA

3354 324 3464 389 486

166 438 409 512 Χοσρόην
429 437 694 510 ἔφασκεν,
720 439 801 494 δτι
830 436 894 512 δὴ
920 439 1045 494 καθ’
1074 438 1111 496 ἃ
1144 436 1422 517 συνέθετο,
1456 439 1556 492 οὐκ
1582 438 1747 509 έπεμ-

1858 436 1960 509 rati
2014 444 2070 492 et
2119 443 2406 506 vagantes,
2453 444 2781 492 venatorum
2832 446 2985 495 more
3038 437 3459 508 discurrebant;

165 534 257 604 ψεν
309 532 694 596 Ἰουστινιανὺς
764 534 1028 602 πρέσϐεις
1064 534 1202 605 πρὸς
1242 533 1406 587 αὑτὸν
1469 532 1599 604 περὶ
1652 532 1750 603 τῆς

173 626 412 696 εἰρήνης,
446 624 542 677 καὶ
574 624 892 691 ἠνάγκασεν
947 626 1200 698 Χοσρόην
1256 625 1399 680 κατὰ
1460 624 1752 695 Ῥωμαίων

168 715 622 786 στρατεύσασθαι.
652 716 973 788 Βελισάριος
1004 716 1062 771 δὲ
1101 717 1217 771 ἀντ’
1269 718 1484 781 οὐδενὸς
1526 718 1752 782 τούτους

165 813 281 883 τοὺς
309 810 509 880 λόγους
534 811 799 875 ἐποιεῖτο,
834 812 925 864 τὸν
955 811 1205 883 Χοσρόην
1234 812 1410 881 λέγων
1440 815 1613 866 αἴτιον
1655 811 1751 865 τοῦ

166 902 417 973 πολέμου.
450 901 517 961 Εἰ
548 904 658 973 γὰρ
681 903 907 975 εἰρήνης
951 904 1158 975 ἐφίετο,
1195 906 1295 958 οὐκ
1320 904 1385 958 ἂν
1413 906 1492 967 εἰς
1519 906 1618 975 τὴν
1641 904 1752 960 τῶν

176 995 463 1065 Ῥωμαίων
492 995 601 1065 γῆν
632 996 987 1066 ἀφικόμενος,
1033 996 1241 1065 ταύτην
1269 996 1451 1068 ἐζήτει
1471 1012 1485 1027 ⁸
1528 998 1642 1052 ἀλλ’
1672 1000 1752 1063 εἰς

163 1089 251 1161 τὴν
284 1089 422 1142 ἰδίαν
478 1089 667 1161 χώραν
710 1090 910 1161 μένων,
966 1092 1095 1157 τοὺς
1150 1090 1411 1161 πρέσϐεις
1452 1092 1746 1163 ἐξεδέχετο.

163 1180 264 1233 Καὶ
283 1181 458 1237 ταῦτα
478 1182 671 1249 εἰπὼν,
690 1182 784 1236 τὸν
802 1183 1042 1256 πρέσϐυν
1059 1183 1445 1253 ἀπεπέμψατο.
1466 1184 1525 1237 Ὀ
1538 1184 1592 1237 δὲ
1615 1184 1752 1256 πρὸς

162 1275 398 1346 Χοσρόην
429 1275 789 1346 ἀφικόμενος,
824 1276 929 1347 ἔφη
969 1277 1278 1349 στρατηγὸν
1309 1277 1615 1347 ἑωρακέναι
1654 1277 1752 1335 Βε-

162 1367 394 1441 λισάριον
427 1368 657 1422 συνετόν
710 1386 771 1422 τε
823 1370 917 1427 καὶ
958 1370 1204 1442 ἀνδρεῖον
1233 1372 1543 1442 ὑπεράγαν,
1581 1366 1751 1442 στραέ

162 1456 349 1522 τιώτας
383 1458 444 1511 δὲ
470 1459 622 1521 οἴους
655 1459 821 1524 αὐτὸς
847 1460 1044 1525 ἄλλους
1074 1463 1136 1518 οὐ
1159 1463 1378 1518 πώποτε
1409 1464 1456 1495 ⁸⁵
1484 1459 1646 1528 εἶδεν,
1674 1464 1751 1527 ὡς

162 1552 251 1622 τὴν
287 1552 592 1623 εὐκοσμίαν
622 1554 914 1626 ἐθαύμασα
944 1558 1009 1611 ὲκ
1050 1556 1331 1629 διαφόρων
1359 1557 1533 1611 ἐθνῶν
1566 1575 1749 1612 συνειο

163 1646 470 1717 λεγμένους,
510 1650 605 1703 καὶ
634 1650 1023 1706 συνεϐούλευσε
1072 1652 1295 1727 Χοσρόῃ
1327 1651 1403 1725 μὴ
1438 1651 1750 1723 συμπλέκε-

167 1739 275 1792 σθαι
302 1742 379 1804 είς
416 1743 604 1814 μάχην
642 1745 763 1815 μετ’
791 1744 995 1809 αὐτῶν,
1027 1746 1175 1810 ὅπως
1194 1747 1273 1822 μὴ
1310 1744 1630 1817 ἡττηθέντος
1652 1746 1750 1798 αύ-

165 1832 247 1887 τού
275 1834 334 1886 τὸ
360 1836 474 1891 πᾶν
502 1836 742 1912 διαπέσῃ
775 1838 871 1907 τῆς
902 1838 1012 1893 τῶν
1045 1820 1271 1911 Περσῶν
1302 1840 1349 1872 ’⁸
1382 1840 1659 1909 βασιλείας
1690 1844 1748 1893 ὲν
1778 1820 1825 1879 Β

166 1926 227 1996 γῇ
250 1924 544 1995 Ῥωμαίων
585 1929 892 2000 ὑπάρχοντι
913 1929 1008 1984 καὶ
1030 1930 1210 2001 φυγῆς
1246 1930 1416 1985 τόπον
1441 1933 1514 2003 μὴ
1550 1932 1747 2003 ἔχοντι.

166 2018 263 2077 Καὶ
285 2020 442 2090 νικᾷν
472 2020 640 2075 αὑτὸν
674 2022 734 2074 ού
770 2021 935 2091 μέγα.
975 2024 1292 2095 Στρατηγὸν
1325 2026 1436 2095 γὰρ
1467 2025 1576 2079 τῶν
1618 2026 1748 2080 Ῥω-

169 2111 327 2181 μαίων
348 2115 446 2167 καὶ
474 2114 642 2184 μόνον
673 2118 976 2189 νικήσειεν.
1019 2117 1079 2171 '0
1112 2119 1169 2172 δὲ
1196 2120 1448 2190 Χοσρόης
1465 2122 1530 2195 τῇ
1555 2119 1748 2175 τούτου

170 2206 473 2275 παραινέσει
506 2208 875 2282 ἀναστρέφειν
911 2210 1073 2274 εὐθὺς
1100 2212 1206 2265 ἐπὶ,
1237 2213 1305 2267 τὰ
1331 2211 1437 2265 ῐδια
1467 2214 1746 2267 διενοεῖτο.

180 2295 443 2365 Ἑφοϐεῖτο
482 2299 595 2371 γὰρ
645 2303 744 2371 τὴν
776 2301 1028 2357 διάϐασιν
1074 2302 1168 2357 τοῦ
1231 2303 1479 2375 ποταμοῦ
1516 2305 1748 2378 ποιήσα-

174 2390 303 2458 σθαι,
325 2392 397 2457 ὡς
437 2395 554 2449 τῶν
602 2394 1154 2470 Ῥωμαίων·ταύτην
1207 2400 1574 2470 κατεχόντων.
1640 2401 1750 2455 Καὶ

174 2484 322 2541 πολλὰ
352 2488 837 2561 διαλογισάμενος,
902 2490 1194 2547 ἀπέστειλε
1243 2494 1380 2565 πρὸς
1429 2494 1750 2564 Βελισάριον

174 2579 492 2649 παρακαλῶν
523 2581 691 2635 αὑτὸν
719 2584 813 2637 τοῦ
845 2584 935 2637 τὸν
956 2586 1003 2617 ²⁶
1022 2586 1269 2654 ποταμὸν
1295 2586 1588 2649 διαϐάντας
1615 2589 1750 2641 ἀνα-

176 2672 383 2739 στεῖλαι,
416 2674 517 2727 καὶ
539 2674 717 2745 τούτῳ
746 2677 845 2747 τὴν
871 2677 1103 2748 πάροδον
1126 2679 1422 2743 ἀκωλύτως
1460 2681 1746 2751 παρέχειν,

176 2762 467 2835 Βελισάριος
497 2765 555 2820 δὲ
590 2769 754 2831 εὐθὺς
790 2769 927 2839 πρὸς
975 2770 1139 2824 αὐτόν
1170 2771 1429 2841 πρέσϐεις
1477 2771 1745 2841 ἔπεμψεν,

178 2860 257 2910 καὶ
280 2859 462 2916 τοῦτον
487 2863 590 2933 τῆς
619 2864 1021 2933 ἀναχωρήσεως
1055 2864 1342 2936 ἐπῄνεσεν,
1373 2866 1466 2917 καὶ
1488 2864 1750 2932 πρέσϐεις

178 2953 232 3008 ἐκ
267 2952 357 3009 τοῦ
399 2952 672 3024 βασιλέως
727 2957 1006 3027 συντόμως
1044 2956 1470 3012 διεϐεϐαιώσατο
1502 2957 1568 3022 ’⁷,
1600 2958 1750 3020 ὅπως

178 3044 259 3115 τὴν
290 3047 511 3119 εἰρήνην
570 3047 970 3119 βραϐεύσωσιν.
1025 3050 1209 3116 Ἦξίου
1256 3050 1315 3104 δὲ
1364 3048 1611 3119 Χοσρόης
1656 3051 1750 3102 τὸν

1866 529 2048 583 obiter
2099 543 2253 593 vero,
2292 536 2347 583 et
2389 531 2549 599 quasi
2586 530 2730 584 aliud
2764 538 2987 602 agentes
3015 529 3282 586 Cliosrois
3309 532 3459 601 lega-

1862 630 1976 677 tum
2008 639 2068 678 se
2114 622 2303 678 videre
2340 623 2715 680 simulabant:
2759 634 2814 678 et
2856 625 3141 694 praecincti
3190 625 3458 695 alioquin,

1859 730 1914 777 et
1941 722 2094 776 vultu
2149 722 2310 776 hilari
2364 720 2881 793 progrediebantur,
2933 720 3332 791 gestabantque
3374 735 3461 775 se-

1860 830 2026 871 cures
2061 823 2117 871 et
2157 815 2449 887 bipennes.
2504 814 2836 869 Abandanes
2882 815 3063 884 itaque
3116 813 3170 867 in
3205 812 3459 867 Belisarii

1860 918 2215 980 conspectum
2250 908 2476 975 ductus,
2530 896 2832 963 Cliosroem
2884 908 3074 962 dolere
3123 906 3284 971 dixit,
3315 906 3460 977 quod

1860 1004 2128 1074 neglectis
2177 1002 2355 1073 pactis
2406 1003 2617 1071 legatos
2670 1003 2737 1056 de
2793 1016 2927 1071 pace
2968 1001 3347 1055 collocuturos
3392 1000 3458 1054 ad

1859 1112 1920 1152 se
1952 1112 2059 1152 non
2099 1098 2343 1152 misisset
2381 1094 2752 1159 Justinianus,
2790 1110 2855 1151 ac
2894 1095 3129 1165 proinde
3156 1093 3222 1147 ad
3246 1093 3459 1148 bellum

1860 1188 2123 1245 Romanis
2164 1188 2507 1245 inferendum
2556 1188 2856 1242 Chosroem
2901 1187 3193 1257 coegisset.
3257 1185 3463 1241 Belisa-

1859 1284 1999 1350 rius,
2047 1284 2203 1355 quasi
2256 1283 2466 1337 minimi
2524 1297 2811 1340 sermones
2864 1280 2985 1351 ejus
3041 1281 3285 1346 haberet,
3331 1269 3461 1334 belli

1857 1390 2081 1435 causam
2133 1388 2352 1429 omnem
2395 1374 2449 1427 in
2478 1371 2783 1428 Clrosroem
2816 1372 2966 1428 velut
3014 1374 3068 1425 in
3108 1372 3227 1442 ejus
3265 1385 3460 1427 aucto-

1858 1485 1973 1525 rem
2010 1468 2237 1525 referre.
2276 1467 2332 1521 Si
2377 1468 2531 1538 pacis
2575 1466 2778 1522 etenim
2834 1466 3096 1537 cupidine
3148 1466 3458 1527 tenebatur,

1857 1576 2135 1634 nusquam
2171 1570 2323 1616 certe
2351 1562 2406 1616 in
2438 1560 2814 1617 Romanorum
2846 1561 3115 1616 ditionem
3152 1559 3458 1628 ingressus,

1862 1671 1983 1711 eam
2037 1656 2427 1727 exquisiisset:
2481 1655 2615 1726 quin
2656 1656 2839 1726 potius
2890 1656 3112 1726 propria
3174 1664 3330 1711 stans
3372 1669 3459 1710 re-

1859 1752 2021 1821 gione
2055 1751 2360 1821 legatorum
2393 1752 2686 1806 adventum
2722 1749 2918 1806 fuisset
2954 1750 3327 1822 praestolatus.
3362 1746 3458 1805 His

1853 1844 2018 1903 dictis
2065 1844 2303 1914 legatum
2357 1843 2588 1899 dimisit.
2630 1841 2866 1914 Legatus
2904 1842 2971 1896 ad
3024 1842 3326 1898 Chosroem
3366 1856 3456 1895 re-

1857 1952 2052 1992 versus
2121 1935 2447 1991 Belisarium
2503 1936 2698 1991 ducem
2756 1937 2933 1990 virum
2990 1934 3280 2006 prudentia
3338 1934 3460 1990 exi-

1824 2032 2048 2092 .mium,
2087 2038 2141 2084 et
2172 2030 2341 2085 animi
2389 2030 2715 2086 fortitudine
2756 2030 3120 2099 conspicuum
3150 2044 3209 2084 se
3254 2027 3460 2084 vidisse

1853 2124 2071 2179 retulit:
2115 2124 2319 2181 milites
2350 2140 2485 2179 vero
2516 2140 2581 2181 ex
2620 2124 2859 2180 diversis
2893 2125 3153 2195 gentibus
3208 2132 3454 2185 coactos,

1852 2229 2116 2287 quantum
2170 2218 2392 2289 quidem
2442 2231 2509 2272 ex
2571 2232 2853 2271 armorum
2916 2227 3117 2271 ornati.
3181 2216 3459 2287 conjicere

1853 2312 2029 2375 licuit,
2076 2312 2268 2388 quales
2304 2312 2441 2367 alios
2494 2326 2582 2366 me
2625 2311 2832 2367 vidisse
2878 2325 3154 2382 nusquam
3204 2309 3453 2366 memini.

1851 2407 1989 2464 Cum
2043 2405 2360 2475 lmjusmodi
2420 2404 2588 2476 igitur
2640 2403 2786 2459 bello
2842 2404 3127 2459 decertare
3181 2416 3454 2474 nusquam

1852 2510 2046 2556 auctor
2087 2500 2261 2563 ﬁeret,
2303 2514 2373 2558 ne
2420 2498 2541 2568 ipso
2575 2507 2855 2567 superato,
2886 2512 3062 2568 genus
3113 2511 3278 2552 omne
3325 2492 3455 2552 Per-

1852 2608 2035 2677 sarqm
2095 2591 2358 2661 regnique
2414 2604 2628 2646 summa
2693 2588 2748 2647 in
2816 2587 3189 2648 Romanorum
3245 2586 3457 2643 ditiOne

1852 2684 2161 2755 periculum
2199 2682 2569 2751 esperiretur,
2608 2696 2710 2737 nec
2760 2692 2942 2735 tamen
3000 2682 3246 2751 receptui
3294 2697 3451 2736 com-

1852 2776 2075 2833 modum
2133 2778 2401 2847 reperiret
2447 2776 2626 2831 locum
2654 2794 2669 2842 ;
2699 2776 2745 2831 si
2798 2776 3065 2843 vinceret,
3114 2791 3225 2831 non
3270 2780 3451 2846 mag-ni

1850 2872 2068 2938 quidem
2138 2870 2555 2925 aestimandum:
2624 2869 2793 2924 unius
2871 2872 3075 2924 etenim
3158 2869 3445 2938 soliusque

1851 2964 2227 3019 Romanorum
2257 2963 2417 3019 ducis
2470 2964 2788 3033 superiores
2821 2963 3153 3018 evaderent:
3177 2960 3454 3017 Cbosroes

1860 3054 1983 3124 ejus
2016 3059 2231 3112 monitu
2278 3056 2557 3124 propriam
2594 3054 2779 3109 sedem
2832 3060 3083 3123 repetere
3135 3052 3455 3124 cngitabau

179 3136 473 3211 Βελισάριον
506 3141 600 3195 διὰ
624 3140 724 3211 τῆς
755 3141 866 3193 τῶν
910 3140 1202 3211 Ῥωμαίων
1249 3142 1353 3210 γῆς
1385 3140 1485 3212 τὴν
1515 3140 1747 3212 πάροδον

1860 3145 2106 3205 ﬂuminis
2139 3146 2285 3200 enim
2314 3146 2540 3206 vadum,
2573 3143 2837 3200 Romanis
2864 3143 2995 3199 illud
3028 3145 3452 3210 occupantibus,

180 3232 487 3301 ποιήσασθαι
547 3233 869 3297 ἀκινδύνως.
922 3233 983 3288 '0
1023 3234 1079 3293 δὲ
1133 3233 1451 3305 Βελισάριος
1486 3234 1742 3303 Ἰωάννην

180 3328 256 3381 τὸν
296 3328 637 3400 Ἐδεσσηνὸν,
688 3329 859 3401 ἄνδρα
913 3329 1360 3398 διαφανέστατον,
1408 3330 1617 3400 ὅμηρον
1664 3328 1743 3398 τῷ

181 3418 370 3494 Χοσρόῃ
400 3419 727 3476 ἀπέστειλεν
756 3420 891 3491 πρὸς
919 3420 979 3473 τὸ
1005 3420 1304 3485 ἀκινδύνως
1333 3420 1625 3491 παρελθεῖν
1649 3420 1745 3475 αὑ-

181 3510 256 3564 τὸν
293 3514 388 3584 τὴν
434 3514 545 3566 τῶν
594 3513 883 3585 Ῥωμαίων
914 3514 1119 3586 χώραν.
1172 3515 1232 3568 Οἱ
1259 3514 1315 3575 δὲ
1353 3515 1619 3584 Ῥωμαῖοι
1651 3515 1745 3575 τὸν

184 3602 473 3676 ἣλισὰριον
519 3606 583 3660 ἐν
611 3606 914 3677 εὐφημίαις
944 3603 1108 3676 εἶχον,
1142 3606 1345 3677 μᾶλλον
1381 3606 1457 3679 [δὲ
1485 3606 1553 3679 "j
1587 3609 1743 3661 ἐνευ-

184 3696 531 3770 δοκιμήσαντα
565 3702 624 3753 ἐν
652 3701 826 3771 τούτῳ
857 3699 935 3770 τῷ
972 3700 1139 3771 ἔργῳ,
1171 3701 1203 3772 ἢ
1245 3701 1332 3754 ὅτε
1362 3701 1634 3771 Γελίμερά
1681 3719 1743 3755 τε

185 3791 494 3862 δορυαλωτον
522 3794 619 3855 καὶ
662 3794 953 3864 Ούῖττίγην
991 3794 1036 3825 ¹⁹
1073 3794 1184 3866 (81)
1216 3795 1341 3858 τοὺς
1366 3794 1459 3848 δύο
1502 3794 1744 3865 βασιλεῖς

188 3886 253 3951 είς
276 3888 563 3953 Βυζάντιον
616 3888 844 3959 ἤγαγεν.
871 3882 979 3943 Ἦν
1010 3887 1119 3958 γὰρ
1149 3887 1223 3951 ὡς
1254 3886 1468 3956 ἀληθῶς
1491 3888 1651 3957 λόγου
1684 3906 1744 3941 τε

188 3982 265 4035 καὶ
286 3983 502 4037 ἐπαίνου
524 3982 698 4048 ἄξιον,
733 3981 1128 4052 πεφοϐημένων
1158 3979 1265 4034 τῶν
1319 3979 1602 4050 Ῥωμαίων
1649 3981 1747 4037 καὶ

188 4076 234 4127 ὲν
251 4078 350 4139 τοῖς
369 4075 694 4148 ὀχυρώμασι
719 4074 1114 4148 κρυπτομένων
1145 4073 1385 4136 πάντων,
1422 4073 1662 4144 Χοσρόου
1690 4074 1743 4128 δὲ

191 4170 379 4243 στρατῷ
422 4171 647 4243 μεγάλῳ
679 4172 736 4229 έν
786 4170 937 4240 μέσῳ
979 4168 1265 4238 γεγονότος
1313 4167 1414 4239 τῆς
1448 4168 1557 4221 τῶν
1608 4168 1746 4221 Ῥω-

192 4263 342 4332 μαίων
364 4265 557 4336 ἀρχῆς,
582 4264 754 4335 ἄνδρα
783 4263 880 4317 ἕνα
905 4263 960 4315 ὲν
989 4260 1100 4327 ὀξεῖ
1125 4260 1311 4333 δρόμῳ
1350 4263 1414 4313 ἐκ
1448 4259 1746 4325 Βυζαντίου

191 4359 364 4427 ἡκοντα
390 4360 480 4413 ἀπ’
506 4359 761 4419 ἐναντίας
781 4355 875 4411 τοῦ
898 4355 1006 4409 τῶν
1039 4355 1264 4426 Περσῶν
1289 4354 1558 4425 βασιλέως
1583 4372 1749 4425 στραο

190 4450 613 4514 τοπεδεύσασθαι,
646 4450 895 4519 Χοσρόην
922 4447 978 4501 δὲ
1010 4449 1073 4501 ἐκ
1100 4444 1194 4501 τοῦ
1242 4446 1652 4518 ἀπροσδοκήτου
1680 4448 1744 4518 τῇ

1859 3245 2076 3292 tentare
2135 3237 2449 3292 verebatur.
2492 3235 2663 3291 Multa
2715 3251 2901 3292 secum
2952 3234 3139 3289 animo
3173 3244 3454 3307 reputans,

1851 3331 2074 3385 tandem
2113 3330 2179 3383 ad
2214 3328 2540 3384 Belisarium
2574 3328 2723 3384 misit
2762 3328 3071 3400 postulans,
3103 3337 3174 3400 ιιι
3203 3344 3324 3396 eos,
3357 3327 3457 3398 qui

1851 3435 2068 3481 amnem
2110 3419 2468 3489 trajecerant,
2501 3397 2808 3485 revocaret,
2842 3420 3059 3492 sibique
3091 3397 3263 3475 tantum
3298 3397 3459 3490 para-

1852 3524 1936 3568 ret
1987 3514 2321 3568 discessum.
2376 3511 2665 3583 Extemplo
2713 3512 2908 3584 legatis
2953 3512 3020 3567 ad
3070 3526 3197 3569 eum
3262 3514 3459 3568 missis

1851 3621 2127 3662 secessum
2172 3606 2419 3660 laudavit
2455 3605 2779 3671 Belisarius,
2812 3605 3075 3676 brevique
3121 3605 3455 3675 delegandos

1853 3703 1923 3756 ab
1948 3701 2287 3769 imperatore
2317 3696 2631 3765 aﬂirmavit,
2652 3698 2745 3768 qui
2775 3697 2987 3753 ﬁrmam
3018 3713 3144 3752 cum
3168 3714 3235 3752 eo
3264 3713 3454 3768 pacem

1852 3796 2276 3849 constituerent.
2332 3792 2606 3849 Chosroes
2666 3799 2848 3849 autem
2920 3805 3018 3862 per
3081 3788 3452 3846 Romanorum

1855 3898 2032 3942 terras
2052 3886 2352 3941 transitum
2385 3901 2414 3939 a
2442 3880 2688 3955 periculo
2714 3885 3013 3942 immunem
3045 3883 3246 3940 habere
3270 3893 3456 3955 postu-

1853 3980 2018 4034 labat.
2074 3977 2378 4049 Eapropter
2430 3976 2703 4034 Joannem
2758 3977 3105 4033 Edessenum
3161 3978 3337 4033 virum
3390 3978 3456 4032 il-

1854 4074 2251 4129 lustrissimum
2292 4074 2357 4127 ad
2402 4072 2730 4137 Cliosroem,
2762 4087 2874 4141 quo
2919 4070 3089 4127 tutius
3123 4086 3221 4141 per
3249 4069 3454 4124 Roma-

1856 4182 2055 4221 norum
2120 4175 2300 4222 terras
2374 4165 2629 4220 incedere
2690 4171 2899 4235 posset.
2962 4163 3214 4220 obsidem
3278 4163 3451 4218 misit.

1854 4256 2079 4314 Interim
2132 4256 2366 4312 Romani
2438 4256 2768 4313 Belisarium
2825 4256 3077 4312 lclicibus
3128 4255 3274 4311 votis
3329 4253 3455 4309 fau-

1855 4352 2069 4422 stisque
2099 4352 2599 4407 acclamationibus
2633 4349 3133 4422 prosequebantur,
3184 4348 3453 4418 majorem

1855 4446 2122 4500 nimirum
2150 4461 2215 4500 ex
2261 4460 2325 4500 eo
2356 4443 2501 4499 facto
2551 4444 2782 4515 gloriam
2815 4444 3095 4513 adeptum,
3123 4457 3287 4512 quam
3326 4455 3453 4496 cum

192 4542 353 4596 τούτου
388 4542 549 4615 σοφίᾳ
580 4540 992 4611 ἐξαπατηθέντα
1015 4540 1297 4611 ἄπρακτον
1314 4540 1395 4603 εἰς
1413 4540 1513 4609 τὴν
1541 4538 1747 4595 οἰκείαν

1856 4541 2185 4603 Gelimerem
2220 4540 2364 4596 bello
2396 4546 2616 4609 captum
2643 4548 2805 4607 atque
2828 4535 3099 4607 Vettigem
3125 4536 3266 4591 duos
3295 4550 3450 4604 reges

195 4634 516 4707 ἀναχωρῆσαι
550 4635 757 4708 χώραν.

1861 4632 2076 4704 Cpolim
2107 4633 2387 4705 perduxit.
2422 4632 2489 4686 Et
2510 4631 2611 4687 fuit
2639 4647 2697 4687 re
2728 4645 2857 4685 vcra
2890 4640 3193 4684 memoratu
3220 4636 3275 4683 et
3298 4626 3458 4682 laude

197 4723 392 4799 dignum
445 4730 587 4787 illud
621 4731 858 4793 facinus,
905 4728 1050 4798 quod
1085 4742 1208 4781 cum
1242 4724 1472 4781 Romani
1510 4724 1753 4781 universi
1795 4727 1992 4782 timore
2040 4727 2281 4798 perculsi
2322 4727 2377 4780 in
2454 4726 2753 4780 munitiora
2796 4725 2917 4780 loca
2981 4738 3041 4779 se
3086 4722 3455 4790 abdidissent,

199 4828 243 4873 et
267 4819 525 4877 Chosroes
559 4822 617 4877 in
669 4821 879 4877 medias
912 4820 1145 4876 Romani
1183 4819 1396 4888 imperii
1432 4817 1750 4887 provincias
1790 4826 2155 4889 penetrasset,
2190 4819 2353 4891 188
2381 4835 2523 4874 unus
2572 4820 2736 4873 homo
2800 4815 2967 4872 celeri
3036 4831 3201 4871 cursu
3241 4814 3457 4885 Byzan-

202 4913 266 4968 tio
294 4914 543 4971 advectus
565 4923 749 4970 castra
786 4912 1078 4981 Persarum
1110 4912 1254 4981 regis
1277 4910 1545 4969 exercitui
1576 4924 1855 4978 opponere
1887 4924 2061 4965 ausus
2110 4920 2233 4966 est:
2292 4924 2508 4979 suaque
2574 4908 2846 4978 sapientia
2914 4904 3114 4971 eﬂecit,
3150 4912 3209 4959 ut
3276 4901 3454 4956 Choa-

203 5023 306 5064 roes
334 5025 385 5064 re
412 5010 694 5080 in0pinata
725 5007 1011 5075 deceptus,
1049 5006 1271 5059 domum
1306 5002 1509 5059 infecto
1544 5001 1761 5073 negotio
1785 5012 2074 5075 repeteret.

261 5105 297 5158 Τ
300 5107 338 5177 ᾧ
359 5107 400 5161 δ’
419 5106 565 5178 αὐτῷ
588 5106 697 5161 ἔτει
726 5103 993 5174 Τιμοθέου
1026 5101 1331 5156 ἐπισκόπου
1362 5097 1476 5173 (8‘2)
1497 5099 1755 5165 Ἀλεξαν-

1936 5096 2142 5158 Eodem
2190 5099 2352 5156 etiam
2400 5114 2549 5155 anno
2588 5094 2879 5156 TMGO
2920 5096 3266 5157 Alexandriae
3338 5094 3454 5167 epi-

1450 5263 1683 5320 γΑιιιΑς
1716 5263 2125 5321 LECTIONES.

291 5386 408 5462 f‘pb
439 5385 679 5462 πώποτε]
711 5389 768 5441 ἐν
798 5385 1020 5462 πῴποτε
1043 5385 1187 5462 vulg.
1263 5384 1308 5462 ’ξ
1332 5382 1910 5462 βερσῶνλᾘῳμαίων
1938 5397 1989 5437 a.
2148 5377 2242 5462 τοῦ
2302 5379 2421 5462 τὸν]
2474 5380 2665 5462 τουτον
2716 5394 2766 5435 c.

2871 5379 2914 5410 ¹’
2944 5373 3371 5431 διεϐεϐαιὼσατο
3395 5387 3445 5438 e,

208 5451 537 5518 διεϐεϐαιοῦτο
563 5446 711 5531 vulg.
789 5458 833 5489 ⁸⁸
857 5458 911 5511 δὲ
938 5446 1229 5513 delendum
1260 5446 1496 5513 videtur.
1568 5446 1617 5485 ’⁵³
1644 5446 1936 5526 Οὑίττίγην
1956 5471 2006 5518 e,
2041 5451 2310 5521 Ούττίγην
2336 5446 2484 5524 vulg.
2510 5450 2735 5507 Οὖττιον
2769 5465 2823 5505 a.

1479 5568 1623 5625 JAC.
1656 5567 1871 5626 GOARI
1907 5568 2144 5627 ΝΟΤιΕ.

274 5694 370 5769 l3!)
406 5696 681 5769 Ἰούτγιον,
719 5693 945 5769 scripsit
996 5692 1271 5769 superius_
1308 5696 1502 5769 auctor
1538 5704 1591 5758 p.
1623 5689 1751 5744 174.

276 5760 371 5838 (89.)
414 5760 681 5824 Nonnulla
740 5782 805 5823 ex
832 5760 959 5838 'his,
1011 5760 1271 5838 necpari
1319 5760 1481 5815 modo
1522 5772 1757 5838 narrata

222 5832 466 5911 Er'ngr'ius,
496 5841 587 5897 lib.
620 5854 708 5906 tv,
729 5852 852 5911 cap.
892 5837 953 5892 tl
984 5844 1043 5893 et
1072 5832 1161 5890 36.
1222 5835 1485 5890 Severum
1522 5832 1667 5888 inter
1696 5847 1760 5890 ac

1864 5689 2149 5747 lulianum
2183 5699 2361 5745 ortam
2401 5689 2861 5751 controversiam,
2912 5701 2975 5741 ae
3003 5682 3125 5753 ejus
3157 5681 3445 5743 materiam

1867 5764 2137 5821 describit
2168 5761 2483 5829 Liberatus,
2515 5774 2638 5834 cap.
2683 5759 2747 5818 l9
2783 5760 2850 5815 ad
2886 5757 3069 5814 tinem.
