4004 6290
490 326 607 421 οἵη

1850 360 2337 425 THEOPHANIS

3645 357 3742 423 511

490 468 814 538 sagittarum
857 465 1031 536 jactu,
1073 468 1139 521 ad
1178 482 1411 537 pugnam
1456 465 1709 522 cominus
1767 468 2064 523 iucundam

2180 475 2289 537 ταῖς
2316 472 2511 526 ἀσπίσι
2537 472 2637 536 τὰς
2665 474 2727 525 ἐκ
2754 471 2864 525 τῶν
2893 470 3062 536 τόξων
3094 468 3256 540 βολὰς
3283 468 3740 541 άπορῤιψάμενοι,

490 569 899 628 procvsserunt.
948 560 1027 614 Ad
1070 561 1183 614 lucc
1223 560 1597 614 Romanorum
1649 560 1884 629 phalanx
1930 575 2065 614 cono

490 658 627 707 ferta
681 668 804 705 cum
839 661 1004 715 esset,
1042 663 1095 707 et
1129 669 1226 723 p-r
1255 670 1446 706 omnes
1493 661 1675 720 partes
1728 651 1793 705 ad
1828 653 2063 707 invicem

488 750 627 801 bene
693 758 1016 814 compacta.
1080 762 1200 800 eatn
1276 750 1551 801 sustinete
1606 762 1713 799 non
1775 746 2067 800 valuerunt

490 840 701 908 Persas;
730 845 802 896 ita
830 842 1251 913 Babyloniorum
1273 844 1444 913 copia:
1462 852 1755 897 vertuntur
1779 844 1831 897 in
1861 843 2064 913 fugam,

490 943 545 988 et
575 949 639 988 ex
695 936 775 989 eis
830 948 1093 987 numerus
1139 950 1305 1004 prope
1360 934 1661 989 immensus
1692 935 1961 989 concidit.
1988 937 2068 989 ita

490 1027 710 1079 demum
744 1026 1038 1082 Persarum
1103 1037 1398 1097 apparatus
1433 1028 1887 1097 sarcinarumque
1944 1046 2068 1082 οιιι-

493 1118 643 1172 ιιῖιιιη
680 1120 918 1188 potiores
948 1118 1079 1172 ﬁunt
1108 1119 1357 1183 Romani,
1386 1120 1677 1189 ipsumque
1714 1120 1922 1189 regium
1953 1132 2070 1174 ten-

494 1208 695 1262 torium
729 1208 1017 1274 invadunt,
1050 1218 1103 1264 et
1137 1226 1353 1264 omnem
1413 1210 1811 1280 supellectilem
1864 1214 2071 1281 pretio-

493 1314 611 1354 sam
644 1309 792 1355 certe
820 1309 874 1353 et
915 1301 1249 1355 luculentam
1280 1301 1578 1371 diripiunt;
1615 1303 1939 1373 elephantos
1973 1303 2065 1359 de-

495 1391 681 1461 niqne,
711 1401 850 1462 'qna:
882 1392 1182 1461 insigniora
1208 1402 1263 1445 et
1294 1395 1439 1462 regia
1492 1394 1654 1464 plane
1684 1394 1859 1465 spolia
1880 1435 1894 1458 ,
1926 1394 2071 1450 bello

493 1484 592 1540 illo
626 1494 816 1554 captos
854 1484 1081 1539 Romani
1112 1485 1177 1539 ad
1210 1484 1489 1539 Tiberium
1522 1486 2068 1557 Constantinopolim

497 1577 879 1629 transmittunt
942 1577 1016 1630 Ex
1044 1592 1150 1645 quo
1175 1575 1464 1631 Persarum
1502 1594 1591 1632 rex
1626 1578 1761 1632 tanti
1789 1577 2073 1633 dedecoris

498 1670 790 1738 impatiens
822 1670 936 1738 lege
965 1671 1171 1725 sancita
1198 1670 1365 1738 cavit,
1395 1686 1463 1725 ne
1494 1672 1787 1724 Persartfm
1818 1672 2073 1742 princeps

496 1759 711 1830 uspiam
742 1761 808 1814 ad
835 1761 1032 1815 bellum
1078 1762 1132 1815 in
1165 1769 1441 1831 posterum
1493 1764 1933 1835 progrederetur.
1964 1763 2073 1819 Ro-

498 1868 698 1908 manus
725 1860 908 1907 autem
938 1853 1211 1908 exercitus
1242 1852 1479 1908 Persicis
1508 1856 1914 1911 calamitatibus
1941 1856 2074 1911 ulte-

2104 1823 2233 1909 Βέν

2166 563 2267 631 τῆς
2296 564 2438 616 κατὰ
2493 563 2765 631 συστάδην
2808 562 2988 633 μάχης
3035 562 3349 631 ἀπήρχοντο
3376 576 3390 591 ·
3422 558 3646 629 βαθείας
3688 559 3745 614 δὲ

2146 654 2524 726 ⁴καθεστώσης
2544 659 2643 724 τῆς
2677 656 2785 710 τῶν
2828 654 3118 724 Ῥωμαίων
3154 652 3428 718 ἐκτάξεως
3458 654 3524 714 ⁵³.
3557 652 3744 723 φέρειν

2167 748 2265 800 οὐκ
2294 742 2438 815 εἶχον
2462 747 2511 799 οἱ
2558 746 2600 777 ⁸³
2636 746 2844 813 Πέρσαι
2870 762 2884 777 ’
2912 745 3006 799 κα).
3060 744 3325 814 τρέπεται
3366 747 3397 816 ὴ
3431 742 3541 797 τῶν
3574 743 3744 797 Βαϐυ-

2167 836 2374 890 λωνίων
2411 837 2641 907 πληθὺς,
2672 840 2767 890 καὶ
2791 838 3140 908 ἀναιροῦνται
3182 838 3364 907 πλήθη
3412 838 3601 891 πολλά.
3636 839 3743 891 Πα-

2172 932 2584 1002 ραλαμϐάνουσι
2621 931 2678 984 δέ
2706 930 2801 984 κα).
2832 930 2891 982 τὸ
2923 930 3031 982 τῶν
3061 931 3283 1000 Περσῶν
3320 930 3534 984 τοῦλδον
3564 932 3659 984 καὶ
3688 932 3745 984 τὸ

2171 1020 2449 1091 βασιλικὸν
2501 1023 2893 1091 σκηνοπήγιον,
2946 1022 3041 1075 καὶ
3087 1024 3267 1075 πᾶσαν
3300 1023 3399 1092 τὴν
3431 1024 3743 1093 ἀποσκευὴν

2168 1114 2413 1181 ἐπίδοξον
2443 1114 2630 1169 οὖσαν.
2678 1114 2959 1185 Κρατοῦσι
2995 1114 3050 1167 δὲ
3081 1114 3175 1167 κα).
3206 1114 3313 1166 τῶν
3356 1114 3671 1184 ἐλεφάντων
3695 1116 3744 1168 oi

2183 1206 2464 1275 Ῥωμαῖοι,
2498 1207 2591 1259 καὶ
2628 1207 2762 1275 πρὸς
2799 1205 3050 1276 Τιϐέριον
3099 1206 3378 1275 πέμπουσι
3405 1208 3473 1260 τὰ
3499 1208 3745 1277 ἐπίσημα

2173 1301 2359 1353 ἐκεῖνα
2395 1300 2506 1368 (Si)
2540 1300 2633 1353 καὶ
2670 1299 2928 1368 βασιλικὰ
2955 1300 3191 1369 λάφυρα.
3222 1298 3526 1368 Νομοθετεῖ
3568 1301 3746 1353 τοίνυν

2170 1391 2198 1444 ὁ
2227 1390 2337 1444 τῶν
2382 1391 2610 1459 Περσῶν
2662 1390 2917 1462 βασιλεὺς
2961 1391 3059 1461 τὴν
3109 1392 3370 1462 αἰσχύνην
3418 1390 3495 1463 μὴ
3541 1392 3744 1462 φέρων,

2176 1488 2372 1557 μηκέτι
2407 1484 2633 1556 βασιλέα
2660 1485 2769 1539 τῶν
2789 1485 3016 1558 Περσῶν
3042 1486 3121 1550 είς
3147 1485 3382 1553 πόλεμον
3406 1484 3745 1555 ἐξὲρχεσθαι.

2186 1579 2243 1631 ’1)
2273 1578 2330 1631 δὲ
2377 1579 2687 1648 Ῥωμαϊκὸς
2725 1578 2957 1649 στρατὸς
3004 1577 3287 1632 ἐπετίθετο
3313 1579 3357 1610 ⁶⁰
3387 1581 3507 1641 ταῖς
3547 1577 3749 1647 Περσι-

2174 1674 2298 1736 καῖς
2331 1675 2661 1742 συμφοραῖς,
2714 1672 2809 1725 καὶ
2839 1671 2977 1743 πρὸς
3012 1672 3079 1725 τὰ
3111 1672 3365 1741 ἐνδότερα
3397 1672 3437 1703 ⁸⁸
3475 1673 3577 1740 τῆς
3605 1670 3751 1741 Περ-

2177 1764 2322 1827 σίδος
2355 1764 2628 1837 ἐχώρησε,
2660 1765 2754 1818 καὶ
2792 1764 2995 1835 πολλὴν
3026 1763 3405 1833 αἰχμαλωσίαν
3430 1764 3523 1816 καὶ
3550 1762 3752 1816 ἅλωσιν

2264 1856 2485 1928 Περσίδι
2510 1855 2835 1926 πεποίηκεν,
2862 1855 3075 1925 φθάσας
3108 1860 3200 1910 καὶ
3229 1858 3397 1924 μέσον
3423 1858 3524 1926 τῆς
3556 1855 3755 1926 ’Υρκα-

498 1947 616 2002 rius
644 1946 807 2001 dabat
840 1962 1084 2017 operam,
1117 1955 1171 2001 et
1210 1947 1276 2001 ad
1316 1948 1628 2003 interiorem
1667 1948 1909 2004 Persiam
1943 1966 2071 2021 pro-

2180 1952 2335 2018 νικῆς
2390 1948 2687 2020 θαλάσσης.
2723 1947 3007 2019 Χειμῶνος
3054 1948 3111 2001 δέ
3160 1950 3463 2019 γενομένου
3504 1948 3607 2001 οὐκ
3656 1952 3758 2001 ἐπε

494 2037 692 2105 l'ectus,
741 2046 796 2093 et
845 2040 909 2093 ad
965 2040 1205 2093 medium
1268 2055 1443 2108 usque
1492 2040 1868 2112 Hyrcanicnm
1922 2058 2071 2099 mare

2180 2040 2471 2107 ανέξευξαν
2500 2043 2547 2094 oi
2593 2042 2856 2112 Ῥωμαῖοι
2890 2042 2969 2101 είς
3014 2041 3082 2094 τά
3114 2042 3240 2104 ἴδια,
3270 2040 3386 2095 ἀλλ’
3430 2043 3487 2095 ἐν
3515 2039 3757 2110 Περσίδι

495 2139 830 2201 penetrans,
889 2130 1237 2201 captivorum
1307 2132 1611 2201 praedaeque
1664 2135 2071 2190 multitudinem

2180 2134 2598 2205 παρεχείμασαν
2639 2134 2772 2204 (52).
2803 2131 2893 2204 Τῷ
2915 2132 2959 2185 δ’
3010 2132 3157 2203 αὐτῷ
3180 2132 3288 2185 ἔτει
3316 2132 3518 2204 ἤρξατο
3547 2130 3761 2195 κτίζειν

495 2237 668 2293 prope
712 2222 986 2276 inﬁnitam
1021 2223 1224 2294 abegit.
1274 2221 1460 2292 Neque
1516 2226 1846 2281 adventante
1894 2226 2075 2282 hieme

495 2315 690 2369 domos
725 2315 1061 2385 repetierant
1092 2313 1323 2368 Romani
1366 2330 1379 2366 :
1420 2316 1552 2386 quin
1591 2317 1703 2371 imo
1739 2326 1913 2373 totum
1945 2317 2069 2387 ejus

497 2409 738 2477 spatium
802 2423 899 2479 per
955 2422 1173 2462 omnem
1238 2407 1479 2462 Persiam
1522 2410 1758 2480 dispersi
1815 2419 2069 2480 egerunt.

496 2499 767 2554 Caeterum
828 2499 1019 2555 eodem
1077 2511 1221 2554 anno
1300 2499 1582 2569 publicum
1645 2502 2072 2560 Blachernarum

2179 2227 2433 2299 Τιϐέριος
2466 2226 2526 2281 τὸ
2574 2226 2835 2297 δημόσιον
2886 2225 3208 2297 Βλαχερνῶν
3253 2225 3476 2295 λουτρὸν
3525 2226 3610 2290 ⁸³,
3663 2226 3764 2277 καὶ

2177 2317 2479 2371 ἀνενέωσεν
2552 2316 2757 2381 πολλάς
2836 2316 3135 2387 ἐκκλησίας
3188 2316 3282 2369 καὶ
3353 2315 3588 2381 ξενῶνας
3660 2318 3764 2367 καὶ

2178 2412 2523 2482 γηροκομεῖα
2547 2428 2561 2442 ·
2600 2412 2695 2464 καὶ
2724 2410 2979 2464 ἐκέλευσε
3022 2407 3331 2480 γράφεσθαι
3379 2408 3572 2462 ἐαυτὸν
3613 2408 3660 2440 ⁸⁸
3700 2410 3765 2461 ἐν

2180 2507 2291 2569 τοῖς
2320 2503 2670 2576 συμϐολαίοις
2690 2520 2705 2535 ο
2740 2501 2992 2571 Τιϐέριος
3021 2499 3478 2566 Κωνσταντῒνος
3507 2499 3646 2569 (55).

497 2593 751 2647 balneum
790 2592 955 2661 cmpit
988 2590 1247 2646 Tiberius
1274 2592 1546 2647 aediﬁcare
1581 2610 1594 2647 :
1631 2596 1897 2665 plurimas
1969 2611 2190 2667 quoque
2255 2597 2523 2653 ecclesias
2591 2596 2893 2664 domosque
2949 2592 3278 2663 recipiendis
3328 2592 3638 2662 peregrinis
3707 2600 3765 2645 et

496 2685 722 2740 senibus
759 2685 969 2740 alendis
1013 2684 1319 2739 destinatas
1366 2700 1625 2756 reparare
1658 2703 1671 2740 :
1700 2686 1867 2755 jussit
1897 2689 2062 2744 etiam
2104 2704 2300 2744 nomen
2337 2704 2498 2744 suum
2542 2687 2769 2744 inscribi
2824 2686 3058 2757 publicis
3127 2683 3514 2739 instrumentis
3549 2696 3564 2732 :
3611 2678 3768 2734 Tibe-

496 2776 607 2832 rius
644 2776 1047 2834 Constantinus.

564 2875 630 2931 A.
662 2873 725 2933 C.
764 2875 888 2932 574.
934 2906 1007 2919 -
1051 2874 1267 2945 Οροίροε
1318 2878 1547 2948 episcopi
1603 2877 1831 2934 Joannis
1894 2896 2069 2934 annus

494 2969 579 3037 pri
585 2984 715 3023 mus.

574 3059 686 3113 Hoc
715 3073 883 3125 anno,
917 3058 1005 3113 die
1038 3068 1193 3115 sexto
1213 3061 1441 3132 Aprilis,
1468 3061 1768 3117 indictione
1793 3063 1953 3135 213
1982 3063 2073 3119 de-

497 3150 639 3203 cima
686 3151 899 3219 quinta,
936 3151 1236 3222 Eutycltins
1287 3154 1599 3223 patriarcha
1637 3155 1779 3208 diem
1817 3157 2070 3210 ultimum

496 3242 671 3295 ohiit:
707 3251 762 3297 et
802 3250 924 3312 post
962 3242 1080 3298 dies
1152 3259 1246 3299 ses
1297 3242 1537 3302 Joannes
1578 3245 1783 3319 Magnae
1825 3249 2073 3304 ecclesia:

496 3332 800 3399 diaconus,
840 3334 930 3405 qui
960 3332 1249 3403 Jejunator
1283 3335 1503 3403 dictus,
1540 3348 1902 3394 consecratus
1962 3348 2070 3397 est.

495 3428 667 3484 Porro
684 3428 939 3486 Tiberius
965 3432 1279 3500 imperator,
1305 3434 1505 3500 emptis
1526 3435 1767 3490 robustis
1790 3435 2061 3503 barbaris,

500 3520 773 3591 privatam
816 3521 992 3576 aciem
1023 3536 1085 3575 es
1126 3536 1317 3578 eorum
1363 3523 1607 3579 millibus
1631 3525 1945 3594 quindecim
1974 3542 2075 3581 suo

502 3611 572 3667 de
630 3613 852 3667 nomine
907 3612 1327 3681 nuncupandam
1375 3613 1640 3669 instruxit
1683 3634 1697 3670 :
1742 3616 2077 3685 privatisque

495 3706 729 3757 vestium
748 3711 801 3757 et
824 3718 1105 3758 armorum
1134 3702 1443 3774 insignibus
1460 3706 1731 3761 distinctis
1757 3705 2075 3762 Mauriciunt

497 3792 894 3849 federatorum
962 3795 1221 3851 comitem
1275 3798 1573 3866 praeposuit
1627 3796 1845 3864 ducem,
1912 3808 2077 3869 atque

496 3884 735 3955 legatum
790 3885 1075 3942 Narsetem
1132 3887 1409 3957 adiunxit,
1454 3901 1504 3944 et
1563 3890 1827 3945 adversus
1878 3890 2077 3947 Persas

499 3980 673 4034 misit.
710 3978 849 4033 Inito
880 3979 1184 4035 certamine
1217 3981 1500 4036 victoriam
1529 3989 1678 4034 certa
1720 3983 1917 4036 virtute
1951 3996 2079 4050 par-

498 4080 612 4126 tam
649 4072 889 4127 retulere
934 4069 1190 4135 Bomani,
1226 4088 1432 4141 easque
1463 4074 1628 4127 urbes
1662 4082 1716 4127 et
1763 4072 2076 4142 provincias

498 4159 779 4214 abstulere
829 4158 1036 4223 Persis,
1082 4176 1221 4230 quas
1266 4160 1371 4215 sub
1416 4160 1728 4216 Iustiniano
1771 4171 1825 4215 et
1857 4159 2076 4216 Justino

494 4257 779 4318 ceperant.
833 4248 1159 4307 Mauricinm
1218 4250 1430 4321 Cpolim
1488 4267 1779 4325 reversum
1841 4251 2078 4308 summis

2246 2875 2311 2928 A.
2348 2874 2419 2928 Μ.
2463 2872 2624 2928 6074.
2655 2901 2725 2912 -
2770 2867 3470 2932 Κωνσταντινουπόλεως
3506 2860 3768 2918 ἐπισκό-
3813 2926 3817 2927 ί

2172 2981 2290 3022 που
2319 2965 2593 3019 Ἰωάννου
2630 2966 2765 3028 ἔτος
2794 2960 2871 3020 α’.

2243 3053 2432 3124 Τούτῳ
2461 3052 2543 3123 τῷ
2576 3052 2685 3106 ἔτει
2720 3054 2851 3123 μηνὶ
2893 3049 3189 3121 Ἀπριλλίῳ
3220 3046 3296 3114 ς’,
3340 3046 3638 3101 ινδικτιῶνι
3678 3042 3763 3109 ιε’,

2173 3143 2526 3215 ἐτελεύτησεν
2561 3142 2822 3213 Εὐτύχιος
2847 3139 2959 3214 (54)
3003 3144 3031 3195 ὁ
3071 3140 3441 3211 πατριάρχης,
3484 3138 3581 3191 καὶ
3612 3139 3770 3209 ἐχει-

2177 3233 2437 3306 ροτονήθη
2488 3234 2629 3303 μετὰ
2675 3234 2735 3299 ἐξ
2780 3233 2998 3306 ἡμέρας
3051 3232 3305 3302 Ἰωάννης
3354 3232 3605 3294 διάκονος
3660 3232 3768 3300 τῆς

2177 3328 2438 3399 Μεγάλης
2474 3326 2827 3398 Ἐκκλησίας,
2848 3328 2876 3380 ὁ
2901 3326 3223 3398 Νηστευτής
3245 3325 3313 3378 ⁸⁸,
3331 3324 3389 3378 '0
3410 3322 3466 3377 δέ
3499 3323 3768 3395 βασιλεὺς

2181 3420 2434 3491 Τιϐέριος
2480 3421 2763 3491 ἀγοράσας
2811 3420 3041 3490 σώματα
3088 3416 3344 3480 ἐθνικῶν,
3411 3416 3767 3487 κατέστησεν

2180 3514 2495 3585 στράτευμα
2527 3515 2606 3577 είς
2631 3512 2805 3583 ὄνομα
2840 3513 2970 3566 ῐδιον
3005 3510 3140 3583 (55),
3166 3512 3455 3580 ἀμφιάσας
3487 3511 3585 3564 καὶ
3615 3509 3765 3563 καθ-

2178 3606 2408 3670 οπλίσας
2455 3607 2654 3665 αὐτοὺς
2685 3605 2931 3677 χιλιάδας
2969 3605 3134 3659 πέντε
3162 3605 3226 3670 ⁸⁸,
3276 3600 3525 3666 δεδωκὼς
3574 3602 3767 3667 αὐτοῖς

2182 3698 2492 3769 στρατηγὸν
2505 3698 2814 3770 Μαυρίκιον
2836 3698 2927 3751 τὸν
2940 3697 3154 3767 κόμητα
3177 3697 3284 3750 τῶν
3305 3696 3437 3749 Φυδε
3450 3695 3631 3767 ράτων
3647 3693 3767 3765 (56)

2180 3793 2277 3845 καὶ
2311 3792 2732 3862 ὑποστράτηγον
2761 3791 2925 3846 αὑτοῦ
2946 3791 3171 3861 Ναρσῆν
3195 3790 3241 3822 ⁸⁸
3261 3806 3275 3820 ο
3309 3791 3402 3843 καὶ
3433 3789 3767 3843 ἀπέστειλεν

2180 3883 2379 3947 αὐτοὺς
2426 3885 2569 3938 κατὰ
2614 3883 2840 3956 Περσῶν
2870 3884 2936 3938 ⁸⁷.
3002 3881 3246 3953 Πολέμου
3286 3881 3344 3935 δὲ
3398 3880 3770 3953 κροτηθέντος

2185 3974 2449 4043 μεγάλου,
2503 3974 2696 4029 νικῶσι
2732 3974 2998 4045 Ῥωμαῖοι
3049 3976 3193 4029 κατὰ
3235 3976 3457 4045 κράτος,
3508 3976 3607 4029 κα).
3665 3978 3769 4045 ἁφ-

2183 4064 2401 4120 είλαντο
2422 4067 2487 4120 ἐκ
2519 4066 2629 4119 τῶν
2659 4068 2886 4136 Περσῶν
2918 4068 3101 4132 πόλεις
3121 4067 3166 4101 ⁸⁸
3210 4086 3271 4121 τε
3316 4068 3412 4121 κα).
3444 4067 3653 4139 χώρας,
3702 4067 3769 4131 ἃς

2184 4158 2281 4210 ἐπὶ
2314 4158 2701 4211 Ἰουστινιανοῦ
2732 4157 2828 4212 κα).
2862 4159 3151 4213 Ἰουστίνου
3170 4160 3215 4193 ⁸⁸
3267 4159 3602 4230 παρέλαϐον.
3637 4159 3767 4214 Ἀν-

2182 4251 2354 4305 ελθὼν
2381 4252 2439 4305 δὲ
2484 4252 2795 4323 Μαυρίκιος
2840 4253 2899 4307 ἐν
2943 4252 3519 4307 Κωνσταντινουπόλει
3564 4252 3767 4325 ἐδέχθη

1766 4388 2003 4446 VARIE
2054 4387 2460 4444 LECTIONES.

565 4499 614 4534 ⁸⁸
647 4500 919 4575 inﬂato;
948 4503 994 4558 Α
1034 4503 1089 4569 ι),
1118 4464 1397 4575 φάλαγγος
1434 4506 1583 4575 vulg.
1686 4508 1729 4539 "
1759 4508 1806 4561 oi
1850 4507 1973 4563 add.
2004 4522 2068 4561 ex
2101 4506 2166 4562 Α.
2274 4507 2319 4537 ⁸⁸
2354 4505 2599 4558 ἐπείθετο
2636 4505 2695 4575 Α.

1748 4578 1794 4608 ⁸³
1832 4578 2137 4646 Νιστευτὴς
2168 4576 2314 4646 vuig.
2385 4578 2429 4609 ⁸³
2466 4574 2649 4646 πέντε]
2687 4581 2748 4628 ιε’
2768 4576 2835 4630 Α.
2908 4577 2954 4609 ⁸⁸
2987 4574 3190 4646 ’Δρσῆν
3222 4573 3289 4629 Δ.

462 4570 674 4643 .om._A
711 4572 748 4626 ί.
827 4574 870 4604 ⁸³
901 4575 1091 4627 ἑαυτὸν
1130 4570 1180 4629 Ἀ
1203 4592 1230 4628 a
1279 4570 1503 4637 ἰ.ἀύτδν
1526 4570 1670 4643 vnlg.

2799 4505 2840 4537 ⁶¹
2874 4504 2943 4558 τά
2976 4502 3234 4556 ἐνδότατα
3274 4501 3341 4560 Δ.
3459 4503 3503 4534 ⁶¹
3529 4503 3762 4573 λουτρὸν

3365 4574 3410 4605 ⁸⁷
3445 4573 3677 4645 Περσῶν
3699 4604 3767 4616 --

496 4640 634 4695 κατὰ
665 4644 860 4698 om.A.
937 4643 984 4677 ⁸⁸
1016 4645 1200 4709 πόλεις
1231 4648 1273 4698 Α
1300 4662 1326 4699 a
1352 4645 1393 4713 ί,
1424 4640 1700 4712 πολιτείας
1731 4647 1875 4718 vulg.
1950 4648 1994 4679 ”
2022 4640 2115 4701 καὶ
2136 4640 2428 4700 Ἰουᾶτίνου
2457 4662 2567 4702 οιιι.
2594 4640 2693 4700 υτ.

1780 4785 1922 4843 JAC.
1957 4786 2169 4843 COARI
2207 4784 2438 4843 NOTAE.

566 4900 859 4969 (51)(3ιιι1ιν.
893 4903 990 4969 ιὲξ
1011 4900 1085 4958 ὧν
1115 4906 1181 4958 τὰ
1212 4904 1458 4973 ἐπίσημα
1484 4923 1499 4937 ο
1521 4918 1587 4957 ea:
1612 4904 1820 4973 quibus,
1847 4921 1908 4958 ea
1959 4921 2075 4975 qua:
2110 4909 2150 4965 υ
2182 4904 2246 4975 ad
2287 4902 2521 4957 Manritii
2542 4917 2746 4975 _anno_s
2789 4900 2920 4975 eius;
2966 4901 3170 4975 obitum
3233 4901 3512 4959 distulisse
3569 4904 3763 4961 miror.

492 4985 644 5028 erant
671 4975 981 5044 insigniora,
1015 4986 1145 5040 etc.,
1191 4991 1296 5028 non
1327 4977 1471 5028 solus
1500 4977 1839 5044 elephantos.
1879 4986 1937 5028 ιιι
1984 4993 2074 5030 so-

498 5056 625 5096 nant
663 5046 973 5115 interpretis
999 5048 1185 5100 verba.
1245 5046 1532 5099 COIBEPIS.

565 5115 679 5185 ('52)
712 5114 813 5169 Sic
834 5123 887 5168 et
916 5117 1101 5171 Cedr..
1143 5116 1360 5168 hiberna
1390 5116 1681 5167 habuerunt
1717 5116 1771 5167 in
1812 5114 2027 5169 Perside.
2056 5129 2074 5168 :

494 5200 626 5247 non,
648 5201 741 5257 per
780 5202 986 5239 omnem
1014 5186 1237 5253 dispersi
1261 5187 1535 5257 }Persiam.
1569 5195 1626 5237 ιιι
1652 5196 1732 5239 est
1780 5186 2084 5240 redditum:

494 5256 773 5377 :ncautius
804 5258 926 5320 hoc,
959 5271 1061 5310 nec
1104 5257 1389 5310 minimum
1439 5260 1653 5310 auctori
1705 5257 2073 5310 insinuatum.

515 5341 569 5377 ι)-

515 5341 569 5383 ι).

568 5395 677 5467 (55)
723 5397 1007 5467 Ἰουστϊνος
1047 5395 1269 5467 ἐποίησε
1321 5394 1574 5467 Τιϐέριον
1628 5395 1889 5467 Καίσαρα
1949 5411 2073 5463 μετ-

496 5465 775 5537 ονομάσας
808 5466 970 5519 αὑτὸν
1014 5465 1425 5537 Κωνσταντῖνον
1450 5465 1470 5499 ’⁷
1512 5465 1760 5519 Justinus
1812 5465 2075 5537 Tilgerium

497 5534 763 5596 Cursarem
785 5538 1001 5598 creavit.
1024 5550 1074 5590 et
1097 5536 1511 5591 Constantinum
1532 5538 1842 5590 nominavit.
1880 5534 2075 5605 Evagr.

570 5606 683 5678 (31)
718 5606 1040 5678 Eutychium
1065 5608 1172 5663 CP.
1202 5610 1506 5663 antistitem
1533 5606 1754 5678 Tiberio
1775 5607 2078 5678 imperante

496 5675 1036 5748 deiunctttnt’apertc
1074 5680 1321 5734 scribunt
1368 5678 1685 5748 Eustathius
1721 5677 1773 5731 in
1813 5678 1932 5748 ejus
1956 5675 2078 5729 Vita

498 5751 641 5820 apud
661 5745 898 5820 _Sutiuui
925 5748 958 5797 ϐ
989 5750 1188 5820 April.,
1211 5759 1263 5803 et
1291 5748 1587 5820 Gregorius
1620 5746 1849 5820 Magnus
1878 5745 2075 5820 Horat.

494 5817 550 5876 iu
579 5817 701 5875 Job.
759 5820 851 5877 lib.
884 5835 992 5888 xtr,
1022 5817 1175 5891 capp.
1206 5821 1265 5875 5i
1313 5829 1363 5876 et
1399 5818 1488 5876 3‘2.
1540 5819 1720 5885 Quare
1782 5818 2075 5873 Barouium

2186 4974 2485 5027 Videndum
2542 4971 2836 5041 Nicephori
2863 4973 3195 5027 Chronicon.

2250 5044 2362 5114 (35)
2382 5043 2727 5106 Tiberianos,
2754 5044 2867 5098 sive
2892 5042 3388 5111 Constantinianos
3413 5043 3549 5099 istos
3575 5058 3765 5111 praeto-

2178 5117 2350 5169 rianis
2376 5114 2684 5169 accensitos
2715 5130 2780 5168 ex
2810 5115 3043 5169 vestium
3076 5122 3130 5168 et
3168 5128 3445 5168 annorum
3501 5116 3765 5171 distincto

2179 5200 2379 5250 genere
2410 5200 2672 5239 concesso
2703 5184 3271 5239 arbitror.Simocatta
3297 5185 3393 5239 lib.
3419 5201 3497 5243 tn.
3517 5202 3640 5254 cap.
3659 5186 3761 5241 15:

2179 5255 2429 5326 Τιϐέριος
2459 5254 2767 5322 Μαυρίκιον
2781 5254 3605 5326 Αστρατηγὸνίπροστησάμενος,
3636 5257 3761 5309 τότε

2178 5325 2243 5393 δὴ
2296 5326 2403 5396 τῶν
2480 5323 2999 5396 σωματοφυλὰιιων
3042 5325 3136 5377 τοῦ
3178 5323 3467 5393 βασιλέως
3526 5326 3763 5396 ἡγούμε-

2176 5388 2286 5448 νονο
2314 5388 2577 5456 Tiberius,
2611 5388 2936 5449 Mauricium
2972 5405 3084 5448 tum
3111 5388 3559 5464 praetorianorum
3574 5388 3757 5463 pntife-

2179 5475 2319 5519 ctum
2347 5464 2530 5518 ducent
2565 5464 2863 5530 constituit,
2896 5476 2999 5521 etc.
3020 5465 3152 5537 Qua;
3178 5466 3592 5537 subjunguntur
3622 5464 3762 5537 apud

2178 5537 2427 5590 etnndem
2453 5537 2698 5606 reperire
2726 5537 2853 5593 licet
2892 5552 3048 5605 capp.
3088 5536 3156 5590 15
3178 5546 3232 5591 et
3260 5537 3347 5601 16,
3382 5545 3435 5590 et
3473 5535 3760 5605 Evagriunt

2184 5606 2282 5660 lib.
2316 5622 2367 5669 v,
2392 5622 2548 5676 capp.
2578 5607 2646 5661 19
2677 5614 2731 5661 et
2759 5607 3140 5676 sequentibus.

2252 5676 2364 5746 (se)
2392 5677 2466 5731 tta
2498 5678 2681 5731 cuncti
2710 5676 2868 5735 codd.
2900 5678 3211 5734 Corrcctior
3263 5677 3531 5741 Codinus,
3583 5676 3758 5732 dio-.6:-

2182 5748 2377 5820 ράτους
2410 5746 2619 5801 scribit.
