3996 6292
515 347 626 421 563

1897 346 2393 409 THEOPHANIS

3694 337 3804 403 564

515 462 715 518 Praelio
747 475 878 517 vero
918 460 1199 517 Romanos
1237 458 1382 515 inter
1422 470 1476 515 et
1507 459 1702 518 Persas
1736 473 1951 526 exorto,
1979 464 2100 516 vin-

2216 462 2461 517 tmmxbv
2515 461 2672 531 μόλις
2728 457 3041 533 στρατηγὸν
3095 456 3125 510 6
3174 454 3406 529 στρατὸς
3451 454 3798 519 κατεδέξατο.

516 565 718 613 cuntur
748 554 979 612 Romani
1021 572 1033 608 :
1072 553 1435 625 Philippicum
1489 569 1621 609 vero
1649 555 1867 627 regendi
1904 555 2134 626 exercig

515 660 608 707 tus
633 663 862 705 munere
911 647 1251 714 abdicatum,
1297 648 1641 705 Comentiolo
1688 648 1918 705 orientis
1969 649 2110 704 duce

516 744 712 807 misso,
761 742 1061 813 imperator
1103 743 1399 797 revocavit.
1439 741 1544 810 Qui
1582 758 1705 797 cum
1740 742 1970 798 Nisibim
2012 758 2107 798 ac-

518 836 805 903 cessisset,
858 834 1039 892 Persre
1074 852 1202 891 vero
1236 838 1303 891 ad
1338 834 1670 901 _Sarbanum
1715 837 2105 912 subsisterent,

520 945 721 986 manus
755 930 988 986 invicem
1028 944 1381 985 conseruere.
1403 930 1481 985 Eo
1521 929 1777 987 conﬂictu
1803 929 2108 999 lleraclius,

523 1020 759 1078 lleraelii
815 1028 992 1093 pater,
1054 1020 1269 1075 fortiter
1314 1022 1367 1075 in
1427 1022 1613 1092 pratlio
1650 1037 1707 1077 se
1742 1037 1938 1092 gerens
1971 1020 2107 1076 Per-

520 1128 706 1167 sarum
759 1111 955 1166 ducem
1017 1111 1220 1166 occidit
1258 1126 1407 1180 :quo
1468 1111 1686 1166 sublato
1731 1118 2023 1167 vertuntur
2052 1112 2108 1168 in

521 1203 703 1277 fugam
735 1203 953 1259 Persa}:
986 1220 1127 1275 quos
1158 1219 1281 1259 cum
1310 1203 1545 1259 Romani
1578 1206 1811 1259 insecuti
1850 1205 2107 1272 fuissent,

522 1299 761 1371 pracdam
803 1300 1103 1371 abegerunt
1152 1299 1497 1354 innumeram
1533 1317 1546 1353 :
1583 1299 1948 1371 bellicumque
1992 1315 2110 1354 om-

521 1407 644 1445 nem
675 1399 1000 1461 apparatum
1049 1390 1332 1460 multaque
1373 1390 1547 1460 spolia
1575 1389 1878 1461 capientes,
1909 1400 2109 1444 cuncta

520 1482 845 1556 Byzantium
870 1485 1251 1540 transmisere.
1284 1483 1586 1555 Imperator
1608 1498 1738 1537 vero
1757 1482 2110 1555 equestribus

523 1580 851 1652 Spectaculis
885 1592 937 1636 et
972 1578 1205 1652 publicis
1242 1578 1604 1635 conventibus
1631 1584 1683 1631 et
1716 1574 2111 1632 festivitatibus

522 1676 716 1731 urbem
742 1673 1091 1737 exhilaravit,
1149 1681 1204 1728 ct
1232 1672 1304 1728 ob
1346 1681 1557 1743 partam
1599 1672 1881 1725 victoriam
1914 1669 2111 1724 trium-

521 1768 695 1839 phum
734 1766 911 1821 duxit.
956 1764 1278 1822 llormisdas
1314 1779 1477 1835 porro
1508 1750 1928 1817 Baramiducem
1966 1760 2111 1816 desi-

523 1876 702 1935 gnans
732 1876 856 1916 cum
890 1860 1208 1932 ingentibus
1232 1859 1408 1929 copiis
1437 1859 1490 1913 in
1525 1856 1788 1912 Suaniam
1822 1855 2109 1911 transmit-

524 1956 613 2010 tit.
651 1953 770 2018 ilic,
798 1952 1161 2026 impressione
1184 1952 1239 2007 in
1268 1968 1390 2008 eam
1439 1950 1606 2017 facta,
1638 1948 1851 2005 Turcos
1881 1948 2115 2005 Persicae

528 2048 781 2119 potestati
809 2062 1085 2103 armorum
1120 2047 1171 2101 vi
1198 2046 1424 2101 omnino
1456 2045 1695 2115 subjicit,
1725 2045 1860 2099 adeo
1888 2053 1948 2099 ut
1976 2029 2115 2098 Hor-

526 2142 717 2198 misda:
750 2156 837 2198 res
892 2150 1104 2197 tantum
1150 2141 1278 2197 inde
1331 2141 1576 2211 ceperint
1604 2138 2018 2203 incrementum,
2055 2145 2115 2193 ut

526 2233 887 2313 quadraginta
922 2232 1041 2287 auri
1073 2232 1247 2286 millia
1294 2232 1347 2286 in
1383 2230 1615 2301 vectigal
1641 2246 1885 2285 annuum
1918 2229 2113 2299 Turcis

525 2326 848 2397 imperaret,
880 2340 1003 2382 cum
1036 2325 1156 2397 ipse
1187 2322 1383 2380 Turcis
1417 2332 1574 2379 antea
1606 2322 1946 2379 tantumdem
1982 2338 2115 2395 pen-

525 2421 702 2477 deret.
734 2417 931 2474 Baram
955 2432 1019 2476 ea
1043 2410 1271 2474 victoria
1297 2418 1444 2473 circa
1470 2433 1562 2472 rex
1595 2415 1823 2473 bellicas
1855 2430 2113 2487 magnum

525 2528 727 2570 nomen
792 2512 1013 2585 adepto,
1055 2521 1111 2569 et
1140 2512 1208 2567 ad
1247 2511 1487 2568 Araxem
1538 2510 1763 2566 ﬂuvium
1791 2510 1903 2577 jam
1931 2516 2114 2566 castra

525 2613 789 2686 metante,
825 2605 1025 2663 certior
1044 2605 1221 2662 factus
1248 2603 1549 2661 Mauricius
1579 2603 1887 2659 Romanum
1918 2602 2112 2659 ducem

525 2700 843 2757 institutum
900 2714 1026 2755 cum
1087 2698 1333 2755 exercitu
1400 2698 1455 2753 in
1506 2696 1767 2753 Suaniam
1813 2697 2020 2769 dirigit.
2061 2694 2115 2754 Is

525 2792 623 2849 ubi
690 2790 946 2847 Lazicam
1002 2790 1245 2858 devenit,
1287 2798 1343 2847 et
1394 2789 1464 2845 ad
1533 2790 1825 2846 Phasidem
1893 2804 2113 2845 amnem

524 2884 761 2956 appulit,
793 2885 849 2939 in
889 2884 1180 2939 Albaniam
1228 2893 1411 2939 castra
1452 2890 1659 2938 movet.
1694 2880 1890 2937 Baram
1919 2880 2118 2938 Roma-

524 2964 724 3034 norum
765 2978 938 3034 aciem
978 2978 1174 3035 adesse
1222 2977 1555 3048 intelligens,
1597 2976 1799 3032 factum
1840 2976 2057 3033 ridebat
2097 2993 2111 3031 :

522 3081 580 3129 et
633 3070 878 3128 nondum
904 3070 1039 3125 inito
1073 3069 1149 3125 illi
1181 3084 1305 3125 cum
1347 3067 1611 3124 Romanis
1642 3067 1962 3135 certamine,
2002 3066 2115 3122 Ro-

525 3180 745 3220 manam
784 3162 1023 3221 bellandi
1053 3172 1227 3219 artem
1272 3163 1509 3235 experiri
1542 3161 1816 3234 cupiebat.
1851 3159 2110 3231 Trajecto
2136 3201 2180 3259 Ο

526 3257 715 3326 itaque
738 3255 921 3312 vicino
952 3256 1057 3312 sibi
1104 3254 1350 3323 ﬂumine,
1402 3254 1471 3310 ad
1532 3254 1822 3309 interiores
1862 3252 2111 3309 Persidis

525 3348 841 3418 provincias
872 3346 1153 3403 Romanos
1181 3354 1583 3419 pertracturus,
1636 3345 2110 3418 progrediebatur.

524 3440 811 3499 Romanus
861 3440 1127 3513 bipertito
1178 3441 1425 3497 exercitu
1484 3440 1627 3496 bello
1686 3439 2001 3511 inexpertos
2046 3438 2113 3494 ad

525 3534 915 3609 impedimenta
943 3535 1186 3602 reliquit,
1227 3546 1283 3591 et
1319 3550 1444 3591 cum
1495 3533 1725 3606 reliquis
1761 3534 1949 3591 decem
1989 3534 2117 3590 mil-

522 3631 671 3687 libus
712 3628 931 3688 selectis
986 3629 1263 3687 Barbaros
1306 3628 1594 3685 insecutus
1636 3636 1739 3685 est.
1788 3626 1867 3683 Ex
1900 3627 1989 3684 his
2029 3627 2116 3685 bis

523 3723 675 3779 mille
704 3735 935 3781 caeteros
956 3724 1289 3795 praecedere,
1313 3732 1367 3779 et
1395 3739 1561 3780 cursu
1593 3723 1804 3778 anteire
1826 3723 2112 3794 iubentur,

524 3817 618 3889 qui
650 3817 942 3875 Persarum
971 3818 1200 3890 paribus
1248 3818 1683 3889 przecursoribus
1722 3817 1940 3873 obviam
1980 3817 2111 3874 facti

523 3920 743 3968 vertunt
772 3926 868 3968 eos
904 3910 959 3966 in
995 3909 1201 3981 fugam,
1235 3916 1289 3963 et
1317 3908 1784 3964 cunctostandem
1814 3909 2111 3964 trucidant.

523 4004 674 4077 Fuga
707 4005 907 4076 quippe
934 4013 1152 4073 arrepta
1184 4002 1237 4057 in
1276 4000 1548 4072 objectum
1583 4000 1943 4071 praecipitium
1977 4002 2114 4072 lapsi

524 4107 579 4176 et
630 4100 903 4169 angustiis
965 4096 1208 4167 undique
1273 4092 1522 4148 conclusi
1579 4092 1764 4147 cuncti
1806 4092 2113 4163 perierunt.

525 4190 795 4248 Romanis
847 4190 974 4247 inde
1037 4190 1105 4246 ad
1159 4189 1362 4243 vallum
1403 4201 1582 4258 usque
1632 4184 1924 4241 Persarum
1963 4201 2119 4257 pene-

526 4284 822 4357 trantibus,
880 4282 1073 4338 Baram
1119 4280 1188 4337 de
1222 4286 1372 4335 tanta
1410 4280 1612 4333 virtute
1656 4278 1966 4349 obstupuit.
2001 4277 2113 4334 Ro-

2211 557 2459 628 Πολὲμου
2492 556 2549 610 δὲ
2588 553 2881 624 Ῥωμαίων
2909 552 3005 624 καὶ
3033 551 3260 622 Περσῶν
3288 552 3345 603 ὲν
3377 546 3805 620 Μαρτυροπόλει

2210 649 2501 719 γεγονότος
2550 647 2825 720 ἡττῶνται
2888 647 3187 717 Ῥωμαῖοιο
3256 643 3285 698 6
3331 643 3389 697 δὲ
3441 642 3807 709 αὐτοκράτωρ

2210 743 2376 797 πάλιν
2403 743 2499 813 τῆς
2525 739 2864 812 στρατηγίας
2888 738 2909 769 δ
2932 739 3026 791 τὸν
3048 735 3377 790 Φιλιππικὸν
3394 734 3803 805 διαδεξάμενος.

2212 835 2574 907 Κομεντίολον
2596 831 2900 906 στρατηγὸν
2920 830 3019 899 τῆς
3046 830 3340 899 ’Λνατολῆς
3368 826 3709 885 ἀπέστειλεν.
3744 825 3805 877 ’0

2209 929 2265 983 δὲ
2308 928 2673 1001 Κομεντίολος
2710 927 2841 998 περὶ
2878 924 2977 997 τὴν
3018 923 3237 977 Νίσιϐιν
3267 922 3586 990 γενόμενος,
3623 918 3723 972 καὶ
3756 918 3806 971 οἱ

2211 1023 2425 1097 Πέρσαι
2457 1020 2601 1089 κατὰ
2634 1020 2728 1074 τὸν
2761 1018 3039 1091 Σαρϐανὸν
3065 1017 3085 1049 ⁵
3122 1015 3237 1088 (84)
3274 1014 3528 1089 ἀλληλοις
3574 1011 3807 1067 συνέϐαο

2210 1117 2321 1172 λον.
2365 1116 2689 1189 Ἡράκλειος
2715 1116 2772 1170 δὲ
2805 1114 2833 1167 6
2860 1112 2955 1167 τοῦ
3004 1112 3334 1184 Ἡρακλείου
3368 1110 3553 1182 πατὴρ
3588 1108 3807 1163 ἐνευδο-

2210 1211 2457 1283 κιμήσας
2513 1211 2573 1264 ὲν
2620 1208 2699 1281 τῷ
2738 1207 2963 1279 πολέμῳ
3012 1206 3222 1260 ἀνεῖλεν
3273 1205 3365 1259 τὸν
3420 1204 3530 1258 τῶν
3578 1201 3809 1274 Περσῶν

2213 1301 2519 1374 στρατηγόν
2544 1317 2557 1330 ·
2591 1299 2686 1355 τοῦ
2720 1300 2777 1353 δὲ
2807 1298 3197 1370 ἀναιρεθέντος
3226 1297 3522 1368 τρέπονται
3557 1294 3807 1364 Πέρσαι·

2214 1394 2311 1447 καὶ
2338 1394 2595 1447 διώκουσι
2631 1393 2921 1462 Ῥωμαῖοι.
2955 1388 3164 1459 Πολλῆς
3187 1388 3246 1441 δὲ
3277 1388 3535 1449 ἁλώσεως
3562 1385 3582 1416 ⁸
3617 1385 3678 1437 ὲν
3707 1382 3810 1437 αὐ-

2211 1489 2324 1551 τοῖς
2347 1485 2673 1556 γενομένης,
2699 1482 3197 1556 παραλαμϐάνουσι
3218 1480 3314 1534 καὶ
3333 1479 3395 1533 τὸ
3414 1478 3631 1533 τοῦλδον
3646 1477 3688 1541 τ,
3714 1476 3811 1529 καὶ

2212 1577 2383 1633 πολλὰ
2413 1577 2635 1651 λάφυρα
2668 1578 2726 1630 ὲν
2760 1575 3045 1648 Βυζαντίῳ
3074 1574 3478 1647 ἐκπέμπουσιν.
3522 1568 3582 1624 '0
3614 1570 3673 1625 δὲ
3708 1572 3808 1623 αὐ-

2212 1675 2501 1748 τοκράτωρ
2546 1678 2802 1738 ἱππικαῖς
2848 1673 3105 1745 θεωρίαις
3154 1672 3251 1727 καὶ
3288 1669 3635 1743 πανηγύρεσι
3689 1669 3806 1741 (85)

2211 1768 2309 1839 τὴν
2341 1768 2495 1823 πόλιν
2513 1767 2856 1839 ὲφαίδρυνεν,
2876 1768 2971 1820 καὶ
2993 1766 3090 1830 τὰς
3119 1764 3279 1829 νίκας
3296 1761 3723 1833 ἐθριάμϐευσεν.
3752 1761 3810 1815 '0

2213 1863 2269 1917 δὲ
2287 1863 2583 1937 Ὀρμίσδας
2611 1864 2917 1934 στρατηγὸν
2942 1860 3056 1931 (86)
3079 1861 3467 1931 χειροτονήσας
3485 1857 3577 1911 τὸν
3609 1854 3812 1926 Βαρὲμ

2215 1956 2330 2028 ἅμα
2358 1955 2456 2010 καὶ
2478 1956 2501 1987 ⁸
2529 1955 2795 2027 δυνάμεσι
2825 1953 3048 2017 πολλαῖς
3081 1953 3229 2007 κατὰ
3255 1951 3522 2013 Σουανίας
3548 1951 3568 1983 ⁹
3593 1950 3811 2018 ἐκπέμ-

2214 2068 2329 2105 πει.
2362 2050 2669 2121 Ἀδοκήτως
2697 2048 2752 2104 δὲ
2773 2048 2947 2119 ταύτῃ
2969 2047 3221 2113 ἐπιστάς,
3245 2043 3813 2115 καταπολεμηθέντων

2214 2142 2322 2197 τῶν
2350 2141 2613 2214 Τούρκων
2636 2142 2741 2196 ὑπὸ
2784 2141 2892 2196 τῶν
2928 2140 3183 2213 Περσῶν,
3214 2141 3470 2195 τοσοῦτον
3512 2136 3818 2209 Ὀρμίσδας

2215 2235 2451 2309 ηὐξήθη,
2473 2236 2550 2301 ὡς
2573 2235 2669 2290 καὶ
2698 2234 2897 2308 φόρους
2924 2233 2979 2307 μ’
3007 2235 3256 2308 χιλιάδας
3286 2233 3492 2305 χρυσοῦ
3528 2233 3685 2305 παρὰ.
3708 2231 3816 2285 τῶν

2215 2329 2478 2403 Τούρκων
2508 2328 2720 2396 λαϐεῖν,
2754 2329 3025 2401 πρότερον
3048 2328 3243 2383 τούτου
3277 2326 3345 2382 τὰ
3376 2328 3471 2382 ἶσα
3490 2330 3603 2390 τοῖς
3635 2322 3817 2396 Τούρ-

2216 2440 2337 2488 κοις
2373 2422 2682 2488 τελοίυτος.
2718 2422 2827 2478 Τοῦ
2879 2423 2937 2477 δὲ
2978 2422 3180 2497 Βαράμ
3209 2423 3498 2494 περιδὸξου
3534 2422 3684 2476 κατὰ
3720 2416 3815 2474 τὸν

2216 2518 2458 2589 πόλεμον
2506 2516 2699 2572 τοῦτον
2749 2516 3061 2587 γεγονότος,
3090 2514 3189 2585 καὶ
3232 2516 3313 2579 είς
3366 2515 3461 2589 τὸν
3500 2513 3743 2585 ’Δράξην
3774 2513 3816 2545 ³⁸

2217 2609 2467 2681 ποταμὸν
2498 2608 3095 2681 στρατοπεδευομένου,
3125 2606 3478 2679 ὁΜαυρίκιος
3502 2604 3670 2659 τοῦτο
3704 2622 3817 2674 μα-

2217 2700 2328 2756 θὼν
2361 2700 2646 2772 Ῥωμανδν
2676 2700 2978 2773 χειροτονεῖ
3009 2698 3337 2771 στρατηγὸν,
3364 2697 3461 2753 καὶ
3493 2697 3552 2751 ὲν
3576 2696 3818 2770 Σουανίᾳ

2219 2792 2360 2867 μετὰ
2390 2792 2676 2865 δυνάμεως
2714 2793 2948 2863 πέμπει.
2982 2790 3326 2846 Καταλαϐὼν
3367 2790 3427 2845 δὲ
3469 2792 3499 2845 ὁ
3530 2788 3819 2862 Ῥωμανὺς

2214 2888 2314 2965 τὴν
2346 2884 2617 2958 Λαζικὴν,
2644 2887 2739 2941 καὶ
2772 2886 2852 2950 εἰς
2883 2885 2974 2940 τὸν
2998 2885 3203 2943 Φάσιδα
3237 2883 3535 2956 λεγόμενον
3564 2884 3609 2915 ³⁸
3639 2900 3817 2938 ποτα-

2219 2981 2341 3052 μὸν,
2390 2980 2485 3051 επὶ
2526 2978 2626 3051 τὴν
2656 2978 2952 3033 Ἀλϐανίαν
2985 2979 3028 3009 ¹²
3077 2976 3594 3049 στρατοπεδεύεται.
3652 2974 3717 3031 ’0
3758 2973 3818 3031 δὲ

2216 3073 2416 3142 Βαρὲιμ
2464 3070 2555 3129 τὸν
2600 3070 2713 3125 τῶν
2771 3069 3065 3141 Ῥωμαίων
3114 3068 3344 3141 στρατὸν
3392 3068 3822 3140 ἐπιδημήσαντα

2216 3162 2510 3239 ἀκηκοὼς,
2562 3162 2781 3233 διεγέλα
2838 3162 2899 3215 τὸ
2950 3163 3224 3233 πρᾶγμα·
3280 3158 3549 3235 ἐπεθύμει
3596 3160 3659 3214 δὲ
3724 3159 3821 3214 καὶ

2236 3256 2553 3329 Ῥωμαῖκῆς
2593 3254 2957 3328 παρατάξεως
2991 3256 3192 3327 πεῖραν
3229 3252 3448 3308 λαϐεῖν’
3492 3253 3554 3329 οὐ
3590 3251 3708 3325 γάρ
3752 3248 3820 3325 ἧν

2221 3370 2354 3409 ποτε
2389 3352 2695 3429 Ῥωμαίους
2733 3353 3075 3424 πολεμήσας.
3122 3351 3329 3417 Διαϐὰς
3372 3352 3552 3406 τοίνυν
3583 3353 3680 3406 τὸν
3708 3352 3822 3421 γεί-

2220 3464 2351 3502 τονα
2386 3446 2654 3517 ποταμὸν,
2687 3447 2764 3512 ὡς
2812 3446 2908 3500 ἐπὶ
2952 3445 3025 3500 τὰ
3068 3446 3324 3518 ἑνδάτερα
3357 3446 3501 3517 μέρη
3533 3446 3637 3513 τῆς
3680 3446 3822 3517 Περ-

2225 3540 2368 3604 σίδος
2392 3540 2519 3604 τοὺς
2544 3540 2853 3612 Ῥωμαίους
2883 3538 3248 3610 ἐφελκόμενος
3266 3539 3381 3610 ⁴ἔδει·
3398 3540 3427 3593 6
3448 3539 3504 3593 δὲ
3533 3532 3822 3610 Ῥωμανδς

2222 3635 2323 3706 τὴν
2366 3631 2681 3704 Ῥωμαϊκὴν
2712 3631 2925 3703 πληθὺν
2956 3630 3225 3704 ἐχώρισεν
3258 3631 3323 3694 ¹⁸,
3354 3631 3481 3705 τοὺς
3519 3631 3822 3703 ἀδοκίμους

2222 3727 2303 3792 εἰς
2356 3726 2418 3781 τὸ
2451 3726 2673 3797 τοῦλδον
2702 3725 3045 3791 καταλιπὼν,
3075 3726 3173 3781 καὶ
3230 3725 3363 3780 δέκα
3410 3724 3667 3797 χιλιάδας
3697 3728 3820 3780 ὲπι-

2218 3820 2443 3884 λέκτους
2495 3818 2827 3891 παραλαϐὼν
2860 3821 2905 3851 ³⁸
2958 3822 3101 3874 κατὰ
3149 3818 3257 3875 τῶν
3310 3818 3618 3892 Βαρϐάρων
3682 3817 3823 3891 ὲχώο

2219 3929 2333 3989 ρειο
2372 3912 2466 3966 δύο
2516 3912 2572 3967 δὲ
2617 3912 2866 3984 χιλιάδας
2911 3913 3241 3985 προτρέχειν
3290 3911 3384 3967 τοῦ
3438 3914 3681 3986 στρατοῦ
3710 3932 3820 3968 πα-

2219 4006 2609 4081 ρακελεύεταν
2692 4007 2889 4072 οἵτινες
2959 4009 3394 4076 συναντήσαντες
3468 4010 3599 4073 τοὺς
3684 4026 3819 4080 προ-

2217 4101 2512 4175 στρέχοντας
2544 4100 2654 4154 τῶν
2680 4100 2929 4179 Περσῶν,
2960 4101 3186 4165 τούτους
3232 4102 3515 4173 τρέπουσι,
3553 4104 3658 4158 καὶ
3680 4104 3815 4158 πάν-

2218 4213 2318 4259 τας
2375 4195 2683 4265 ἁνίῼωσαν.
2747 4195 2859 4265 Τῆς
2914 4195 3024 4267 γάρ
3091 4196 3274 4266 φυγῆς
3328 4197 3666 4269 γεναμένης,
3725 4197 3817 4254 καὶ

2224 4286 2474 4358 κρημνοῦ
2504 4285 2937 4358 συναντήσαντος
2962 4289 3167 4351 αὐτοῖς,
3194 4288 3657 4353 ἀποκλεισθέντες
3682 4290 3817 4343 πάν-

526 4393 723 4433 manus
751 4377 837 4433 bis
873 4376 1087 4431 nuntiis
1149 4374 1385 4429 militum
1449 4374 1663 4429 animos
1713 4374 1937 4437 excitat,
1974 4382 2029 4429 et
2059 4374 2111 4429 in

2223 4396 2312 4441 τες
2344 4378 2689 4450 ἀνῃρέθησαν
2728 4379 2790 4434 ¹⁸.
2828 4382 2890 4447 Οί
2919 4380 2977 4432 δὲ
3018 4380 3282 4451 Ῥωμαῖοι
3316 4382 3477 4453 μέχρι
3498 4380 3595 4435 τοῖ’)
3640 4383 3815 4453 χάρα-

525 4473 777 4529 Albanice
799 4472 1009 4543 campis
1044 4477 1225 4527 castra
1261 4478 1518 4525 metatur.
1548 4466 1739 4523 Baram
1762 4468 1906 4523 dolis
1931 4469 2113 4538 potius

523 4581 689 4637 quam
732 4574 922 4637 aperto
974 4562 1148 4619 Marte
1177 4562 1462 4619 victoriam
1517 4560 1781 4618 sulfurari
1813 4561 2111 4618 meditatus

526 4659 777 4715 consiliis
832 4657 1077 4713 excidit:
1111 4670 1330 4725 summa
1365 4655 1565 4728 quippe
1625 4654 1866 4731 bellandi
1915 4655 2107 4726 peritia

524 4752 831 4808 excellebat
868 4734 1171 4807 Romanus.
1203 4748 1488 4820 Consertis
1520 4748 1742 4809 tandem
1796 4748 1863 4805 ad
1894 4757 2111 4805 utram-

524 4862 632 4917 que
662 4855 873 4919 partem
910 4847 1187 4913 manibus,
1225 4844 1521 4913 multisque
1558 4842 1927 4898 Barbarorum
1961 4845 2110 4899 occi-

2222 4488 2316 4531 κος
2352 4472 2460 4524 τῶν
2499 4470 2803 4543 Βαρϐάρων
2838 4472 3112 4539 ἐγένοντο,
3148 4473 3224 4536 ὼς
3266 4473 3692 4543 καταπλαγῆναι
3726 4472 3813 4527 τὸν

2222 4564 2420 4634 Βαρὰμ
2456 4564 2549 4617 ἐπὶ
2578 4563 2778 4634 τούτῳ.
2808 4564 2979 4619 Τοῦτο
3007 4565 3263 4637 ἀκηκοὼς
3304 4564 3587 4636 Ῥωμανὸς
3632 4582 3816 4635 παραο

2220 4658 2480 4730 Οαῤῥύνει
2526 4659 2587 4711 τὸ
2640 4657 3029 4731 στρατᾴπεδον,
3092 4658 3186 4722 καὶ
3242 4656 3692 4728 παρατάσσονται
3754 4657 3811 4709 ὲν

2219 4753 2390 4824 πεδίῳ
2415 4753 2519 4821 τῆς
2545 4737 2855 4814 Ἄλϐανίας.
2891 4752 2950 4805 '0
3073 4751 3273 4824 Βαράμ
3301 4752 3646 4822 ᾁπεπειρᾶτο
3685 4749 3811 4803 κλέ-

2216 4846 2313 4917 ψαι
2334 4847 2426 4899 τὸν
2451 4846 2711 4917 πόλεμον.
2737 4846 3104 4923 Διηστόχησεν
3129 4848 3251 4903 ¹⁶υδὲ
3276 4847 3371 4921 τοῦ
3404 4845 3775 4921 βουλεύματος
3791 4860 3807 4876 ⁶

1808 4938 1896 4994 VA
1909 4938 2047 4993 ΝΛΞ
2100 4939 2511 4999 LECTIONES.

596 5035 618 5066 ⁸
642 5036 671 5088 6
700 5036 755 5089 δὲ
781 5053 968 5107 στρατ,
1014 5035 1203 5107 Lini.
1226 5036 1253 5089 6
1280 5052 1397 5106 στρ.
1434 5032 1581 5101 vulg.

526 5107 619 5178 τὸν
650 5124 701 5161 τ.
730 5108 878 5178 vuig.

1674 5032 1696 5064 ⁸
1720 5032 1861 5086 κατὰ
1891 5030 2187 5103 Σαρϐανῶν
2227 5032 2291 5088 Α.
2373 5035 2394 5066 ⁸
2428 5033 2485 5087 δὲ
2510 5033 2680 5088 άλὼσ.
2721 5035 2863 5096 Α,δὲ
2896 5036 2995 5103 τῆς
3036 5034 3121 5089 ἁλ.
3156 5034 3301 5105 vulg.

954 5108 976 5139 ⁸
1016 5106 1110 5160 καὶ
1136 5106 1264 5161 add.
1296 5104 1360 5161 cit
1392 5106 1455 5175 A_.
1529 5107 1549 5134 ’
1576 5104 1969 5176 SouuaviacﬂA.
2046 5105 2088 5135 ¹⁰
2126 5105 2357 5176 Ἀραξιν
2387 5105 2453 5171 Α,
2530 5108 2569 5137 ¹¹
2603 5107 2893 5175 γενόμενον
2917 5109 2984 5161 Α.
3064 5107 3106 5137 ¹²
3149 5104 3438 5159 Ἀλκανέαν
3489 5111 3530 5172 Α
3585 5110 3639 5163 It.
3692 5108 3726 5160 Ι.
3762 5118 3811 5158 νῑ

3381 5036 3402 5066 ⁷
3419 5037 3476 5090 τὸ
3499 5037 3721 5090 τοῦλδον
3748 5036 3807 5099 Α,

523 5177 689 5251 infra.
768 5179 812 5211 ’³
827 5168 1106 5250 νὲχὼρισεν
1133 5168 1479 5249 Α,ὲχιτ)ριξεν
1502 5177 1648 5246 vulg.
1684 5168 1695 5174 ’
1727 5176 1770 5208 υ
1794 5173 1975 5230 λαϐὼν
2003 5177 2067 5230 Α.
2151 5168 2568 5251 η’άνῂρέθησαν
2597 5168 2664 5244 Α,
2696 5168 3059 5249 ἀνηλώθησαν
3079 5180 3225 5250 vulg.
3292 5179 3336 5211 ¹⁸
3362 5168 3718 5248 διηστέχησεν
3750 5179 3810 5243 Α,

522 5249 851 5321 διητύχησεν
875 5249 1028 5321 vulg.

1820 5344 1963 5401 JAC.
2000 5345 2215 5403 COAIH
2254 5346 2490 5403 ΝΟΤᾹΞ.

609 5439 713 5511 Μ)
749 5441 895 5511 idem
928 5454 1047 5505 cap.
1080 5439 1134 5503 6,
1165 5438 1227 5492 τὸ
1269 5438 1645 5509 Σισαρϐἁνων.

614 5510 712 5580 ’85)
757 5510 1103 5567 Cummerciis
1170 5511 1565 5579 interpretatus
1625 5517 1708 5566 est
1768 5511 2118 5567 Anastasius.

528 5578 660 5637 Vﬁie
687 5578 847 5638 notas
886 5583 941 5637 in
976 5598 1100 5653 pag.
1135 5582 1263 5637 221i.

597 5654 712 5731 (86)
745 5650 1031 5731 __0ctavus,
1054 5650 1068 5653 ⁷
1089 5654 1268 5731 inquit
1299 5650 1605 5731 Simocatta
1626 5658 1700 5712 lib
1731 5676 1837 5731 tua
1871 5664 1992 5731 cap.
2043 5652 2111 5729 '6,

527 5724 779 5780 Mauricii
809 5740 985 5781 annus
1046 5725 1393 5790 volvebatur,
1423 5741 1548 5781 cum
1576 5728 1767 5785 Baram
1816 5724 2109 5790 Persarum

525 5797 637 5851 dux
666 5797 738 5852 ab
766 5795 1059 5852 llormisda
1102 5811 1229 5866 rege
1280 5805 1472 5852 contra
1524 5797 1783 5857 Suaniam
1819 5805 2056 5859 mittitur
2088 5826 2103 5863 :

524 5884 716 5924 verum
748 5884 857 5923 non
893 5868 960 5921 ab
1002 5868 1377 5938 imperatoria,
1441 5873 1533 5925 sed
1565 5886 1595 5926 a
1628 5874 1875 5931 Caesarea
1926 5878 2104 5949 (ligni-

2224 5449 2337 5497 tate
2357 5440 2623 5496 Mauricio
2644 5441 2842 5497 collata
2875 5440 2996 5511 ejus
3026 5457 3203 5498 annos
3237 5442 3592 5501 Simocattam
3619 5458 3811 5500 nume.

2222 5529 2360 5586 rare~
2389 5528 2681 5569 necessum
2737 5514 2977 5569 videtur.
3032 5512 3395 5586 Reliquorum
3452 5531 3618 5584 porro
3670 5522 3807 5574 Hor-

2219 5584 2413 5640 misdae
2483 5593 2761 5653 gestorum
2800 5584 3199 5646 narrationem
3228 5627 3243 5650 ,
3282 5602 3347 5641 ex
3408 5604 3512 5655 qua
3567 5603 3810 5654 praesens

2217 5669 2455 5738 epitomc
2491 5659 2830 5723 deprompta.
2876 5675 3013 5727 texi;
3076 5667 3383 5737 Simmatta
3420 5660 3515 5714 lib.
3552 5679 3635 5727 tu,
3686 5678 3803 5738 gap,

2215 5735 2268 5820 β,
2308 5739 2356 5804 7,
2383 5741 2416 5797 8
2448 5746 2733 5820 etuultimo
2760 5746 3023 5820 totisque'
3056 5735 3347 5812 duodecim
3380 5762 3479 5817 lib.
3519 5748 3567 5789 IV
3620 5735 3809 5807 priori-

2214 5812 2319 5869 bus
2347 5816 2643 5885 capitibus.
2674 5812 2942 5892 Evagrius
2978 5821 3071 5878 lilv.
3106 5828 3206 5885 ult.
3238 5868 3252 5894 ,
3284 5812 3512 5902 capiatis.
