  <div class='ocr_page' id='page_1' title='image "/cluster/home/n/w/nwhite01/storage/ocr_20150623/108/mdp.39015037042556/291.png"; bbox 0 0 4004 6290; ppageno 0'>
   <div class='ocr_carea' id='block_1_1' title="bbox 438 300 542 365">
    <p class='ocr_par' dir='ltr' id='par_1_1' title="bbox 438 300 542 365">
     <span class='ocr_line' id='line_1_1' title="bbox 438 300 542 365; baseline -0.019 0"><span class='ocrx_word' id='word_1_1' title='bbox 438 300 542 365; x_wconf 66' lang='lat'><strong>567</strong></span> 
     </span>
    </p>
   </div>
   <div class='ocr_carea' id='block_1_2' title="bbox 1815 294 2314 360">
    <p class='ocr_par' dir='ltr' id='par_1_2' title="bbox 1815 294 2314 360">
     <span class='ocr_line' id='line_1_2' title="bbox 1815 294 2314 360; baseline -0.008 0"><span class='ocrx_word' id='word_1_2' title='bbox 1815 294 2233 360; x_wconf 77' lang='grc' dir='ltr'><strong>ΤΗΕΟΡΗΑΝ</strong></span> <span class='ocrx_word' id='word_1_3' title='bbox 2240 296 2314 357; x_wconf 89' lang='lat' dir='ltr'><strong>IS</strong></span> 
     </span>
    </p>
   </div>
   <div class='ocr_carea' id='block_1_3' title="bbox 3617 289 3719 351">
    <p class='ocr_par' dir='ltr' id='par_1_3' title="bbox 3617 289 3719 351">
     <span class='ocr_line' id='line_1_3' title="bbox 3617 289 3719 351; baseline -0.01 0"><span class='ocrx_word' id='word_1_4' title='bbox 3617 289 3719 351; x_wconf 68' lang='lat'><strong>563</strong></span> 
     </span>
    </p>
   </div>
   <div class='ocr_carea' id='block_1_4' title="bbox 434 404 2032 493">
    <p class='ocr_par' dir='ltr' id='par_1_4' title="bbox 434 417 2023 493">
     <span class='ocr_line' id='line_1_4' title="bbox 434 417 2023 493; baseline -0.006 -15"><span class='ocrx_word' id='word_1_5' title='bbox 434 420 613 478; x_wconf 78' lang='lat' dir='ltr'><strong>mellis</strong></span> <span class='ocrx_word' id='word_1_6' title='bbox 644 420 922 493; x_wconf 82' lang='lat' dir='ltr'><strong>variisque</strong></span> <span class='ocrx_word' id='word_1_7' title='bbox 972 427 1235 493; x_wconf 83' lang='lat' dir='ltr'><strong>appetunt</strong></span> <span class='ocrx_word' id='word_1_8' title='bbox 1281 418 1521 491; x_wconf 79' lang='lat' dir='ltr'><strong>injuriis.</strong></span> <span class='ocrx_word' id='word_1_9' title='bbox 1554 417 1793 473; x_wconf 74' lang='lat' dir='ltr'><strong>Bindoes</strong></span> <span class='ocrx_word' id='word_1_10' title='bbox 1840 426 2023 473; x_wconf 87' lang='lat' dir='ltr'><strong>autem</strong></span> 
     </span>
    </p>
   </div>
   <div class='ocr_carea' id='block_1_5' title="bbox 2134 404 3723 493">
    <p class='ocr_par' dir='ltr' id='par_1_5' title="bbox 2135 404 3723 480">
     <span class='ocr_line' id='line_1_5' title="bbox 2135 404 3723 480; baseline -0.008 -12"><span class='ocrx_word' id='word_1_11' title='bbox 2135 414 2321 478; x_wconf 77' lang='grc' dir='ltr'>αὐτοῦ,</span> <span class='ocrx_word' id='word_1_12' title='bbox 2355 412 2448 465; x_wconf 73' lang='grc' dir='ltr'><strong>καὶ</strong></span> <span class='ocrx_word' id='word_1_13' title='bbox 2473 412 2549 473; x_wconf 80' lang='grc' dir='ltr'>εἰς</span> <span class='ocrx_word' id='word_1_14' title='bbox 2588 406 2833 480; x_wconf 79' lang='grc' dir='ltr'>φρουρὰν</span> <span class='ocrx_word' id='word_1_15' title='bbox 2860 407 3051 462; x_wconf 79' lang='grc' dir='ltr'>τοῦτον</span> <span class='ocrx_word' id='word_1_16' title='bbox 3095 404 3413 478; x_wconf 82' lang='grc' dir='ltr'>παρέδωκεν</span> <span class='ocrx_word' id='word_1_17' title='bbox 3435 421 3449 433; x_wconf 76' lang='grc' dir='ltr'><strong>ο</strong></span> <span class='ocrx_word' id='word_1_18' title='bbox 3479 404 3723 468; x_wconf 75' lang='grc' dir='ltr'>παρεκά-</span> 
     </span>
    </p>
   </div>
   <div class='ocr_carea' id='block_1_6' title="bbox 434 497 2032 586">
    <p class='ocr_par' dir='ltr' id='par_1_6' title="bbox 434 511 2022 586">
     <span class='ocr_line' id='line_1_6' title="bbox 434 511 2022 586; baseline -0.004 -15"><span class='ocrx_word' id='word_1_19' title='bbox 434 513 780 571; x_wconf 77' lang='lat' dir='ltr'><strong>Hormisdam</strong></span> <span class='ocrx_word' id='word_1_20' title='bbox 812 513 1233 586; x_wconf 83' lang='lat' dir='ltr'><strong>apprehendens</strong></span> <span class='ocrx_word' id='word_1_21' title='bbox 1288 512 1541 567; x_wconf 84' lang='lat' dir='ltr'><strong>diadema</strong></span> <span class='ocrx_word' id='word_1_22' title='bbox 1577 511 1647 566; x_wconf 87' lang='lat' dir='ltr'><strong>ab</strong></span> <span class='ocrx_word' id='word_1_23' title='bbox 1692 511 1812 580; x_wconf 88' lang='lat' dir='ltr'><strong>ejus</strong></span> <span class='ocrx_word' id='word_1_24' title='bbox 1841 511 2022 579; x_wconf 90' lang='lat' dir='ltr'><strong>capite</strong></span> 
     </span>
    </p>
   </div>
   <div class='ocr_carea' id='block_1_7' title="bbox 2134 497 3720 586">
    <p class='ocr_par' dir='ltr' id='par_1_7' title="bbox 2134 497 3720 575">
     <span class='ocr_line' id='line_1_7' title="bbox 2134 497 3720 575; baseline -0.004 -15"><span class='ocrx_word' id='word_1_25' title='bbox 2134 512 2209 561; x_wconf 77' lang='grc' dir='ltr'><strong>λει</strong></span> <span class='ocrx_word' id='word_1_26' title='bbox 2256 506 2313 560; x_wconf 77' lang='grc' dir='ltr'>δὲ</span> <span class='ocrx_word' id='word_1_27' title='bbox 2360 505 2609 575; x_wconf 80' lang='grc' dir='ltr'>Χοσρόην</span> <span class='ocrx_word' id='word_1_28' title='bbox 2635 503 2731 557; x_wconf 84' lang='grc' dir='ltr'>τοῦ</span> <span class='ocrx_word' id='word_1_29' title='bbox 2765 500 3024 573; x_wconf 75' lang='grc' dir='ltr'><strong>πατρῴου</strong></span> <span class='ocrx_word' id='word_1_30' title='bbox 3059 500 3251 571; x_wconf 83' lang='grc' dir='ltr'>θρόνου</span> <span class='ocrx_word' id='word_1_31' title='bbox 3300 498 3623 563; x_wconf 79' lang='grc' dir='ltr'>ἀνθέξεσθαι</span> <span class='ocrx_word' id='word_1_32' title='bbox 3655 497 3720 554; x_wconf 80' lang='grc'><strong>³³.</strong></span> 
     </span>
    </p>
   </div>
   <div class='ocr_carea' id='block_1_8' title="bbox 432 604 2020 678">
    <p class='ocr_par' dir='ltr' id='par_1_8' title="bbox 432 604 2020 678">
     <span class='ocr_line' id='line_1_8' title="bbox 432 604 2020 678; baseline -0.003 -18"><span class='ocrx_word' id='word_1_33' title='bbox 432 605 653 673; x_wconf 74' lang='lat' dir='ltr'><strong>avulsit,</strong></span> <span class='ocrx_word' id='word_1_34' title='bbox 688 605 979 678; x_wconf 89' lang='lat' dir='ltr'><strong>ipsumque</strong></span> <span class='ocrx_word' id='word_1_35' title='bbox 1004 605 1060 661; x_wconf 92' lang='lat' dir='ltr'><strong>in</strong></span> <span class='ocrx_word' id='word_1_36' title='bbox 1092 620 1370 661; x_wconf 85' lang='lat' dir='ltr'><strong>carcerem</strong></span> <span class='ocrx_word' id='word_1_37' title='bbox 1414 604 1682 671; x_wconf 85' lang='lat' dir='ltr'><strong>detrusit;</strong></span> <span class='ocrx_word' id='word_1_38' title='bbox 1719 604 2020 660; x_wconf 77' lang='lat' dir='ltr'><strong>Cliosroem</strong></span> 
     </span>
    </p>
   </div>
   <div class='ocr_carea' id='block_1_9' title="bbox 433 696 2023 770">
    <p class='ocr_par' dir='ltr' id='par_1_9' title="bbox 433 696 2023 770">
     <span class='ocr_line' id='line_1_9' title="bbox 433 696 2023 770; baseline 0 -19"><span class='ocrx_word' id='word_1_39' title='bbox 433 714 564 754; x_wconf 81' lang='lat' dir='ltr'><strong>vero</strong></span> <span class='ocrx_word' id='word_1_40' title='bbox 595 707 656 753; x_wconf 87' lang='lat' dir='ltr'><strong>ut</strong></span> <span class='ocrx_word' id='word_1_41' title='bbox 687 704 974 769; x_wconf 88' lang='lat' dir='ltr'><strong>paternum</strong></span> <span class='ocrx_word' id='word_1_42' title='bbox 1030 698 1231 754; x_wconf 85' lang='lat' dir='ltr'><strong>solium</strong></span> <span class='ocrx_word' id='word_1_43' title='bbox 1263 698 1425 770; x_wconf 75' lang='lat'><strong>223</strong></span> <span class='ocrx_word' id='word_1_44' title='bbox 1458 698 1726 769; x_wconf 86' lang='lat' dir='ltr'><strong>reciperet</strong></span> <span class='ocrx_word' id='word_1_45' title='bbox 1768 696 2023 752; x_wconf 81' lang='lat' dir='ltr'><strong>hortatus</strong></span> 
     </span>
    </p>
   </div>
   <div class='ocr_carea' id='block_1_10' title="bbox 431 790 2022 847">
    <p class='ocr_par' dir='ltr' id='par_1_10' title="bbox 431 790 2022 847">
     <span class='ocr_line' id='line_1_10' title="bbox 431 790 2022 847; baseline 0 -2"><span class='ocrx_word' id='word_1_46' title='bbox 431 798 541 846; x_wconf 88' lang='lat' dir='ltr'><strong>est.</strong></span> <span class='ocrx_word' id='word_1_47' title='bbox 608 790 930 846; x_wconf 82' lang='lat' dir='ltr'><strong>llormisdas</strong></span> <span class='ocrx_word' id='word_1_48' title='bbox 982 798 1162 847; x_wconf 88' lang='lat' dir='ltr'><strong>autem</strong></span> <span class='ocrx_word' id='word_1_49' title='bbox 1226 792 1527 847; x_wconf 89' lang='lat' dir='ltr'><strong>summisso</strong></span> <span class='ocrx_word' id='word_1_50' title='bbox 1586 806 1651 846; x_wconf 75' lang='lat' dir='ltr'><strong>ex</strong></span> <span class='ocrx_word' id='word_1_51' title='bbox 1695 806 1917 847; x_wconf 85' lang='lat' dir='ltr'><strong>carcere</strong></span> <span class='ocrx_word' id='word_1_52' title='bbox 1957 791 2022 845; x_wconf 89' lang='lat' dir='ltr'><strong>ad</strong></span> 
     </span>
    </p>
   </div>
   <div class='ocr_carea' id='block_1_11' title="bbox 434 884 2021 956">
    <p class='ocr_par' dir='ltr' id='par_1_11' title="bbox 434 884 2021 956">
     <span class='ocr_line' id='line_1_11' title="bbox 434 884 2021 956; baseline 0.001 -19"><span class='ocrx_word' id='word_1_53' title='bbox 434 884 636 941; x_wconf 80' lang='lat' dir='ltr'><strong>Persas</strong></span> <span class='ocrx_word' id='word_1_54' title='bbox 672 885 889 948; x_wconf 90' lang='lat' dir='ltr'><strong>nuntio,</strong></span> <span class='ocrx_word' id='word_1_55' title='bbox 926 895 982 939; x_wconf 88' lang='lat' dir='ltr'><strong>ut</strong></span> <span class='ocrx_word' id='word_1_56' title='bbox 1017 884 1147 952; x_wconf 88' lang='lat' dir='ltr'><strong>sibi,</strong></span> <span class='ocrx_word' id='word_1_57' title='bbox 1183 899 1305 956; x_wconf 61' lang='lat' dir='ltr'><strong>quae</strong></span> <span class='ocrx_word' id='word_1_58' title='bbox 1338 899 1367 939; x_wconf 92' lang='lat' dir='ltr'><strong>e</strong></span> <span class='ocrx_word' id='word_1_59' title='bbox 1393 884 1686 940; x_wconf 87' lang='lat' dir='ltr'><strong>Persarum</strong></span> <span class='ocrx_word' id='word_1_60' title='bbox 1719 901 1778 939; x_wconf 87' lang='lat' dir='ltr'><strong>re</strong></span> <span class='ocrx_word' id='word_1_61' title='bbox 1818 884 2021 951; x_wconf 87' lang='lat' dir='ltr'><strong>forent,</strong></span> 
     </span>
    </p>
   </div>
   <div class='ocr_carea' id='block_1_12' title="bbox 433 978 2026 1050">
    <p class='ocr_par' dir='ltr' id='par_1_12' title="bbox 433 978 2026 1050">
     <span class='ocr_line' id='line_1_12' title="bbox 433 978 2026 1050; baseline 0.002 -17"><span class='ocrx_word' id='word_1_62' title='bbox 433 978 651 1034; x_wconf 86' lang='lat' dir='ltr'><strong>dicendi</strong></span> <span class='ocrx_word' id='word_1_63' title='bbox 678 979 892 1049; x_wconf 89' lang='lat' dir='ltr'><strong>copiam</strong></span> <span class='ocrx_word' id='word_1_64' title='bbox 948 978 1215 1047; x_wconf 83' lang='lat' dir='ltr'><strong>facerent,</strong></span> <span class='ocrx_word' id='word_1_65' title='bbox 1251 980 1580 1050; x_wconf 84' lang='lat' dir='ltr'><strong>deprecatus</strong></span> <span class='ocrx_word' id='word_1_66' title='bbox 1632 990 1738 1037; x_wconf 89' lang='lat' dir='ltr'><strong>est.</strong></span> <span class='ocrx_word' id='word_1_67' title='bbox 1780 978 2026 1037; x_wconf 86' lang='lat' dir='ltr'><strong>lndictus</strong></span> 
     </span>
    </p>
   </div>
   <div class='ocr_carea' id='block_1_13' title="bbox 434 1071 2027 1144">
    <p class='ocr_par' dir='ltr' id='par_1_13' title="bbox 434 1071 2027 1144">
     <span class='ocr_line' id='line_1_13' title="bbox 434 1071 2027 1144; baseline 0.001 -17"><span class='ocrx_word' id='word_1_68' title='bbox 434 1089 571 1144; x_wconf 85' lang='lat' dir='ltr'><strong>ergo</strong></span> <span class='ocrx_word' id='word_1_69' title='bbox 609 1073 663 1128; x_wconf 90' lang='lat' dir='ltr'><strong>in</strong></span> <span class='ocrx_word' id='word_1_70' title='bbox 699 1081 1018 1143; x_wconf 89' lang='lat' dir='ltr'><strong>sequentem</strong></span> <span class='ocrx_word' id='word_1_71' title='bbox 1050 1072 1197 1128; x_wconf 90' lang='lat' dir='ltr'><strong>diem</strong></span> <span class='ocrx_word' id='word_1_72' title='bbox 1255 1071 1518 1144; x_wconf 80' lang='lat' dir='ltr'><strong>frequens</strong></span> <span class='ocrx_word' id='word_1_73' title='bbox 1562 1073 1855 1130; x_wconf 85' lang='lat' dir='ltr'><strong>Persarum</strong></span> <span class='ocrx_word' id='word_1_74' title='bbox 1898 1090 2027 1129; x_wconf 88' lang='lat' dir='ltr'><strong>con-</strong></span> 
     </span>
    </p>
   </div>
   <div class='ocr_carea' id='block_1_14' title="bbox 433 1164 2026 1237">
    <p class='ocr_par' dir='ltr' id='par_1_14' title="bbox 433 1164 2026 1237">
     <span class='ocr_line' id='line_1_14' title="bbox 433 1164 2026 1237; baseline 0.004 -22"><span class='ocrx_word' id='word_1_75' title='bbox 433 1172 632 1221; x_wconf 82' lang='lat' dir='ltr'><strong>ventus</strong></span> <span class='ocrx_word' id='word_1_76' title='bbox 670 1179 682 1213; x_wconf 90' lang='lat'><strong>:</strong></span> <span class='ocrx_word' id='word_1_77' title='bbox 728 1164 929 1233; x_wconf 85' lang='lat' dir='ltr'><strong>quiubi</strong></span> <span class='ocrx_word' id='word_1_78' title='bbox 965 1179 1074 1219; x_wconf 88' lang='lat' dir='ltr'><strong>una</strong></span> <span class='ocrx_word' id='word_1_79' title='bbox 1101 1179 1227 1221; x_wconf 90' lang='lat' dir='ltr'><strong>cum</strong></span> <span class='ocrx_word' id='word_1_80' title='bbox 1260 1164 1417 1233; x_wconf 84' lang='lat' dir='ltr'><strong>plebe</strong></span> <span class='ocrx_word' id='word_1_81' title='bbox 1443 1165 1496 1219; x_wconf 92' lang='lat' dir='ltr'><strong>in</strong></span> <span class='ocrx_word' id='word_1_82' title='bbox 1529 1167 1675 1236; x_wconf 87' lang='lat' dir='ltr'><strong>regia</strong></span> <span class='ocrx_word' id='word_1_83' title='bbox 1716 1181 2026 1237; x_wconf 81' lang='lat' dir='ltr'><strong>congrega-</strong></span> 
     </span>
    </p>
   </div>
   <div class='ocr_carea' id='block_1_15' title="bbox 438 1255 2025 1329">
    <p class='ocr_par' dir='ltr' id='par_1_15' title="bbox 438 1255 2025 1329">
     <span class='ocr_line' id='line_1_15' title="bbox 438 1255 2025 1329; baseline 0.003 -18"><span class='ocrx_word' id='word_1_84' title='bbox 438 1267 526 1313; x_wconf 90' lang='lat' dir='ltr'><strong>tus</strong></span> <span class='ocrx_word' id='word_1_85' title='bbox 573 1256 698 1324; x_wconf 87' lang='lat' dir='ltr'><strong>fuit,</strong></span> <span class='ocrx_word' id='word_1_86' title='bbox 725 1255 1077 1314; x_wconf 79' lang='lat' dir='ltr'><strong>Hormisdam</strong></span> <span class='ocrx_word' id='word_1_87' title='bbox 1110 1258 1353 1313; x_wconf 86' lang='lat' dir='ltr'><strong>vinctum</strong></span> <span class='ocrx_word' id='word_1_88' title='bbox 1383 1272 1571 1313; x_wconf 89' lang='lat' dir='ltr'><strong>coram</strong></span> <span class='ocrx_word' id='word_1_89' title='bbox 1599 1256 1798 1313; x_wconf 85' lang='lat' dir='ltr'><strong>adduci</strong></span> <span class='ocrx_word' id='word_1_90' title='bbox 1838 1260 2025 1329; x_wconf 86' lang='lat' dir='ltr'><strong>jussit.</strong></span> 
     </span>
    </p>
   </div>
   <div class='ocr_carea' id='block_1_16' title="bbox 440 1350 2029 1424">
    <p class='ocr_par' dir='ltr' id='par_1_16' title="bbox 440 1350 2029 1424">
     <span class='ocr_line' id='line_1_16' title="bbox 440 1350 2029 1424; baseline 0.002 -18"><span class='ocrx_word' id='word_1_91' title='bbox 440 1350 763 1408; x_wconf 82' lang='lat' dir='ltr'><strong>Hormisdas</strong></span> <span class='ocrx_word' id='word_1_92' title='bbox 804 1352 1040 1422; x_wconf 87' lang='lat' dir='ltr'><strong>primum</strong></span> <span class='ocrx_word' id='word_1_93' title='bbox 1094 1351 1150 1407; x_wconf 93' lang='lat' dir='ltr'><strong>in</strong></span> <span class='ocrx_word' id='word_1_94' title='bbox 1204 1366 1386 1424; x_wconf 85' lang='lat' dir='ltr'><strong>reges,</strong></span> <span class='ocrx_word' id='word_1_95' title='bbox 1412 1367 1534 1424; x_wconf 74' lang='lat' dir='ltr'><strong>qua:</strong></span> <span class='ocrx_word' id='word_1_96' title='bbox 1576 1361 1880 1423; x_wconf 90' lang='lat' dir='ltr'><strong>pateretur,</strong></span> <span class='ocrx_word' id='word_1_97' title='bbox 1918 1368 2029 1409; x_wconf 91' lang='lat' dir='ltr'><strong>non</strong></span> 
     </span>
    </p>
   </div>
   <div class='ocr_carea' id='block_1_17' title="bbox 437 1443 2031 1518">
    <p class='ocr_par' dir='ltr' id='par_1_17' title="bbox 437 1443 2031 1518">
     <span class='ocr_line' id='line_1_17' title="bbox 437 1443 2031 1518; baseline 0.004 -20"><span class='ocrx_word' id='word_1_98' title='bbox 437 1444 848 1509; x_wconf 86' lang='lat' dir='ltr'><strong>committenda,</strong></span> <span class='ocrx_word' id='word_1_99' title='bbox 882 1443 1077 1501; x_wconf 83' lang='lat' dir='ltr'><strong>Persas</strong></span> <span class='ocrx_word' id='word_1_100' title='bbox 1099 1460 1321 1502; x_wconf 91' lang='lat' dir='ltr'><strong>monere</strong></span> <span class='ocrx_word' id='word_1_101' title='bbox 1352 1463 1367 1500; x_wconf 89' lang='lat'><strong>:</strong></span> <span class='ocrx_word' id='word_1_102' title='bbox 1400 1454 1515 1501; x_wconf 90' lang='lat' dir='ltr'><strong>tum</strong></span> <span class='ocrx_word' id='word_1_103' title='bbox 1547 1461 1700 1513; x_wconf 90' lang='lat' dir='ltr'><strong>vero,</strong></span> <span class='ocrx_word' id='word_1_104' title='bbox 1722 1463 1843 1518; x_wconf 81' lang='lat' dir='ltr'><strong>quae</strong></span> <span class='ocrx_word' id='word_1_105' title='bbox 1870 1449 2031 1505; x_wconf 90' lang='lat' dir='ltr'><strong>tulis-</strong></span> 
     </span>
    </p>
   </div>
   <div class='ocr_carea' id='block_1_18' title="bbox 439 1537 2031 1609">
    <p class='ocr_par' dir='ltr' id='par_1_18' title="bbox 439 1537 2031 1609">
     <span class='ocr_line' id='line_1_18' title="bbox 439 1537 2031 1609; baseline 0.003 -16"><span class='ocrx_word' id='word_1_106' title='bbox 439 1546 522 1593; x_wconf 89' lang='lat' dir='ltr'><strong>set</strong></span> <span class='ocrx_word' id='word_1_107' title='bbox 553 1546 784 1609; x_wconf 65' lang='lat' dir='ltr'><strong>tropma,</strong></span> <span class='ocrx_word' id='word_1_108' title='bbox 809 1552 931 1607; x_wconf 65' lang='lat' dir='ltr'><strong>quae</strong></span> <span class='ocrx_word' id='word_1_109' title='bbox 962 1537 1106 1593; x_wconf 87' lang='lat' dir='ltr'><strong>bona</strong></span> <span class='ocrx_word' id='word_1_110' title='bbox 1131 1538 1481 1603; x_wconf 82' lang='lat' dir='ltr'><strong>contulisset,</strong></span> <span class='ocrx_word' id='word_1_111' title='bbox 1512 1539 1733 1608; x_wconf 83' lang='lat' dir='ltr'><strong>quantis</strong></span> <span class='ocrx_word' id='word_1_112' title='bbox 1758 1540 1977 1597; x_wconf 84' lang='lat' dir='ltr'><strong>tributis</strong></span> <span class='ocrx_word' id='word_1_113' title='bbox 2001 1556 2031 1597; x_wconf 89' lang='lat' dir='ltr'><strong>a</strong></span> 
     </span>
    </p>
   </div>
   <div class='ocr_carea' id='block_1_19' title="bbox 439 1630 2033 1704">
    <p class='ocr_par' dir='ltr' id='par_1_19' title="bbox 439 1630 2033 1704">
     <span class='ocr_line' id='line_1_19' title="bbox 439 1630 2033 1704; baseline 0.003 -18"><span class='ocrx_word' id='word_1_114' title='bbox 439 1631 639 1689; x_wconf 85' lang='lat' dir='ltr'><strong>Turcis</strong></span> <span class='ocrx_word' id='word_1_115' title='bbox 671 1631 932 1702; x_wconf 88' lang='lat' dir='ltr'><strong>deinceps</strong></span> <span class='ocrx_word' id='word_1_116' title='bbox 980 1631 1287 1704; x_wconf 84' lang='lat' dir='ltr'><strong>pcndendis</strong></span> <span class='ocrx_word' id='word_1_117' title='bbox 1341 1630 1596 1688; x_wconf 82' lang='lat' dir='ltr'><strong>Persicas</strong></span> <span class='ocrx_word' id='word_1_118' title='bbox 1636 1648 1725 1689; x_wconf 92' lang='lat' dir='ltr'><strong>res</strong></span> <span class='ocrx_word' id='word_1_119' title='bbox 1763 1634 2033 1700; x_wconf 73' lang='lat' dir='ltr'><strong>auxisset,</strong></span> 
     </span>
    </p>
   </div>
   <div class='ocr_carea' id='block_1_20' title="bbox 438 1727 2033 1797">
    <p class='ocr_par' dir='ltr' id='par_1_20' title="bbox 438 1727 2033 1797">
     <span class='ocr_line' id='line_1_20' title="bbox 438 1727 2033 1797; baseline 0 -14"><span class='ocrx_word' id='word_1_120' title='bbox 438 1741 874 1783; x_wconf 86' lang='lat' dir='ltr'><strong>commemorare</strong></span> <span class='ocrx_word' id='word_1_121' title='bbox 903 1746 916 1782; x_wconf 91' lang='lat'><strong>:</strong></span> <span class='ocrx_word' id='word_1_122' title='bbox 947 1736 1007 1781; x_wconf 93' lang='lat' dir='ltr'><strong>ut</strong></span> <span class='ocrx_word' id='word_1_123' title='bbox 1030 1741 1218 1797; x_wconf 88' lang='lat' dir='ltr'><strong>pacem</strong></span> <span class='ocrx_word' id='word_1_124' title='bbox 1245 1741 1495 1797; x_wconf 77' lang='lat' dir='ltr'><strong>quaerere</strong></span> <span class='ocrx_word' id='word_1_125' title='bbox 1528 1728 1796 1796; x_wconf 71' lang='lat' dir='ltr'><strong>coegisset</strong></span> <span class='ocrx_word' id='word_1_126' title='bbox 1828 1727 2033 1783; x_wconf 82' lang='lat' dir='ltr'><strong>Roma—</strong></span> 
     </span>
    </p>
   </div>
   <div class='ocr_carea' id='block_1_21' title="bbox 441 1819 2032 1891">
    <p class='ocr_par' dir='ltr' id='par_1_21' title="bbox 441 1819 2032 1891">
     <span class='ocr_line' id='line_1_21' title="bbox 441 1819 2032 1891; baseline 0.001 -18"><span class='ocrx_word' id='word_1_127' title='bbox 441 1836 561 1885; x_wconf 88' lang='lat' dir='ltr'><strong>nos,</strong></span> <span class='ocrx_word' id='word_1_128' title='bbox 610 1830 667 1873; x_wconf 94' lang='lat' dir='ltr'><strong>ut</strong></span> <span class='ocrx_word' id='word_1_129' title='bbox 721 1819 1137 1891; x_wconf 87' lang='lat' dir='ltr'><strong>Martyropolim</strong></span> <span class='ocrx_word' id='word_1_130' title='bbox 1190 1820 1539 1891; x_wconf 76' lang='lat' dir='ltr'><strong>subegisset,</strong></span> <span class='ocrx_word' id='word_1_131' title='bbox 1594 1821 1820 1890; x_wconf 86' lang='lat' dir='ltr'><strong>quantis</strong></span> <span class='ocrx_word' id='word_1_132' title='bbox 1867 1821 2032 1876; x_wconf 86' lang='lat' dir='ltr'><strong>etiam</strong></span> 
     </span>
    </p>
   </div>
   <div class='ocr_carea' id='block_1_22' title="bbox 440 1912 2035 1985">
    <p class='ocr_par' dir='ltr' id='par_1_22' title="bbox 440 1912 2035 1985">
     <span class='ocr_line' id='line_1_22' title="bbox 440 1912 2035 1985; baseline 0.001 -18"><span class='ocrx_word' id='word_1_133' title='bbox 440 1914 583 1985; x_wconf 81' lang='lat' dir='ltr'><strong>apud</strong></span> <span class='ocrx_word' id='word_1_134' title='bbox 621 1912 811 1971; x_wconf 77' lang='lat' dir='ltr'><strong>Persas</strong></span> <span class='ocrx_word' id='word_1_135' title='bbox 854 1920 1011 1985; x_wconf 78' lang='lat' dir='ltr'><strong>pater</strong></span> <span class='ocrx_word' id='word_1_136' title='bbox 1069 1913 1422 1970; x_wconf 79' lang='lat' dir='ltr'><strong>excelluisset</strong></span> <span class='ocrx_word' id='word_1_137' title='bbox 1468 1913 1749 1984; x_wconf 70' lang='lat' dir='ltr'><strong>praeclaris</strong></span> <span class='ocrx_word' id='word_1_138' title='bbox 1774 1913 2035 1969; x_wconf 83' lang='lat' dir='ltr'><strong>facinori-</strong></span> 
     </span>
    </p>
   </div>
   <div class='ocr_carea' id='block_1_23' title="bbox 440 2006 2031 2077">
    <p class='ocr_par' dir='ltr' id='par_1_23' title="bbox 440 2006 2031 2077">
     <span class='ocr_line' id='line_1_23' title="bbox 440 2006 2031 2077; baseline 0.001 -17"><span class='ocrx_word' id='word_1_139' title='bbox 440 2006 566 2070; x_wconf 80' lang='lat' dir='ltr'><strong>bus,</strong></span> <span class='ocrx_word' id='word_1_140' title='bbox 603 2020 863 2061; x_wconf 84' lang='lat' dir='ltr'><strong>enarrare</strong></span> <span class='ocrx_word' id='word_1_141' title='bbox 897 2024 910 2059; x_wconf 91' lang='lat'><strong>:</strong></span> <span class='ocrx_word' id='word_1_142' title='bbox 942 2021 1115 2077; x_wconf 88' lang='lat' dir='ltr'><strong>quare</strong></span> <span class='ocrx_word' id='word_1_143' title='bbox 1160 2006 1461 2062; x_wconf 76' lang='lat' dir='ltr'><strong>Cliosroem</strong></span> <span class='ocrx_word' id='word_1_144' title='bbox 1518 2020 1618 2062; x_wconf 91' lang='lat' dir='ltr'><strong>ceu</strong></span> <span class='ocrx_word' id='word_1_145' title='bbox 1672 2006 2031 2063; x_wconf 89' lang='lat' dir='ltr'><strong>dissidiorum</strong></span> 
     </span>
    </p>
   </div>
   <div class='ocr_carea' id='block_1_24' title="bbox 440 2099 2032 2170">
    <p class='ocr_par' dir='ltr' id='par_1_24' title="bbox 440 2099 2032 2170">
     <span class='ocr_line' id='line_1_24' title="bbox 440 2099 2032 2170; baseline 0.001 -17"><span class='ocrx_word' id='word_1_146' title='bbox 440 2100 725 2170; x_wconf 86' lang='lat' dir='ltr'><strong>cupidum,</strong></span> <span class='ocrx_word' id='word_1_147' title='bbox 756 2099 1002 2155; x_wconf 67' lang='lat' dir='ltr'><strong>avaritiae</strong></span> <span class='ocrx_word' id='word_1_148' title='bbox 1049 2100 1387 2169; x_wconf 80' lang='lat' dir='ltr'><strong>voraginem,</strong></span> <span class='ocrx_word' id='word_1_149' title='bbox 1437 2101 1684 2157; x_wconf 68' lang='lat' dir='ltr'><strong>caedibus</strong></span> <span class='ocrx_word' id='word_1_150' title='bbox 1725 2110 2032 2162; x_wconf 90' lang='lat' dir='ltr'><strong>assuetum,</strong></span> 
     </span>
    </p>
   </div>
   <div class='ocr_carea' id='block_1_25' title="bbox 442 2181 2036 2264">
    <p class='ocr_par' dir='ltr' id='par_1_25' title="bbox 442 2181 2036 2264">
     <span class='ocr_line' id='line_1_25' title="bbox 442 2181 2036 2264; baseline 0.001 -18"><span class='ocrx_word' id='word_1_151' title='bbox 442 2181 966 2261; x_wconf 66' lang='lat' dir='ltr'><strong>prriesumptuosum,</strong></span> <span class='ocrx_word' id='word_1_152' title='bbox 1028 2192 1249 2262; x_wconf 87' lang='lat' dir='ltr'><strong>injuriis</strong></span> <span class='ocrx_word' id='word_1_153' title='bbox 1284 2191 1588 2249; x_wconf 83' lang='lat' dir='ltr'><strong>inferendis</strong></span> <span class='ocrx_word' id='word_1_154' title='bbox 1628 2209 1880 2264; x_wconf 90' lang='lat' dir='ltr'><strong>pronum,</strong></span> <span class='ocrx_word' id='word_1_155' title='bbox 1920 2195 2036 2250; x_wconf 83' lang='lat' dir='ltr'><strong>be!-</strong></span> 
     </span>
    </p>
   </div>
   <div class='ocr_carea' id='block_1_26' title="bbox 442 2281 2030 2357">
    <p class='ocr_par' dir='ltr' id='par_1_26' title="bbox 442 2281 2030 2357">
     <span class='ocr_line' id='line_1_26' title="bbox 442 2281 2030 2357; baseline 0.003 -22"><span class='ocrx_word' id='word_1_156' title='bbox 442 2282 735 2354; x_wconf 88' lang='lat' dir='ltr'><strong>lormnque</strong></span> <span class='ocrx_word' id='word_1_157' title='bbox 753 2281 1078 2338; x_wconf 87' lang='lat' dir='ltr'><strong>tumultibus</strong></span> <span class='ocrx_word' id='word_1_158' title='bbox 1102 2282 1457 2353; x_wconf 80' lang='lat' dir='ltr'><strong>gaudentem,</strong></span> <span class='ocrx_word' id='word_1_159' title='bbox 1482 2300 1651 2357; x_wconf 87' lang='lat' dir='ltr'><strong>regno</strong></span> <span class='ocrx_word' id='word_1_160' title='bbox 1670 2285 2030 2356; x_wconf 83' lang='lat' dir='ltr'><strong>privandum:</strong></span> 
     </span>
    </p>
   </div>
   <div class='ocr_carea' id='block_1_27' title="bbox 443 2376 2034 2450">
    <p class='ocr_par' dir='ltr' id='par_1_27' title="bbox 443 2376 2034 2450">
     <span class='ocr_line' id='line_1_27' title="bbox 443 2376 2034 2450; baseline 0.002 -20"><span class='ocrx_word' id='word_1_161' title='bbox 443 2379 713 2433; x_wconf 90' lang='lat' dir='ltr'><strong>minorem</strong></span> <span class='ocrx_word' id='word_1_162' title='bbox 746 2376 851 2433; x_wconf 85' lang='lat' dir='ltr'><strong>sibi</strong></span> <span class='ocrx_word' id='word_1_163' title='bbox 887 2377 1239 2442; x_wconf 45' lang='lat' dir='ltr'><strong>esse‘lilium,</strong></span> <span class='ocrx_word' id='word_1_164' title='bbox 1274 2393 1437 2448; x_wconf 89' lang='lat' dir='ltr'><strong>quem</strong></span> <span class='ocrx_word' id='word_1_165' title='bbox 1472 2379 1659 2449; x_wconf 89' lang='lat' dir='ltr'><strong>potius</strong></span> <span class='ocrx_word' id='word_1_166' title='bbox 1688 2395 1868 2450; x_wconf 81' lang='lat' dir='ltr'><strong>regem</strong></span> <span class='ocrx_word' id='word_1_167' title='bbox 1904 2395 2034 2449; x_wconf 90' lang='lat' dir='ltr'><strong>pro-</strong></span> 
     </span>
    </p>
   </div>
   <div class='ocr_carea' id='block_1_28' title="bbox 443 2469 2035 2541">
    <p class='ocr_par' dir='ltr' id='par_1_28' title="bbox 443 2469 2035 2541">
     <span class='ocr_line' id='line_1_28' title="bbox 443 2469 2035 2541; baseline 0.002 -18"><span class='ocrx_word' id='word_1_168' title='bbox 443 2470 775 2525; x_wconf 86' lang='lat' dir='ltr'><strong>movendum</strong></span> <span class='ocrx_word' id='word_1_169' title='bbox 805 2469 1188 2541; x_wconf 60' lang='lat' dir='ltr'><strong>persuadeliat.</strong></span> <span class='ocrx_word' id='word_1_170' title='bbox 1224 2472 1293 2524; x_wconf 82' lang='lat' dir='ltr'><strong>At</strong></span> <span class='ocrx_word' id='word_1_171' title='bbox 1331 2470 1567 2528; x_wconf 87' lang='lat' dir='ltr'><strong>Bindoes</strong></span> <span class='ocrx_word' id='word_1_172' title='bbox 1604 2472 1869 2529; x_wconf 86' lang='lat' dir='ltr'><strong>adversus</strong></span> <span class='ocrx_word' id='word_1_173' title='bbox 1897 2471 2035 2526; x_wconf 80' lang='lat' dir='ltr'><strong>lior-</strong></span> 
     </span>
    </p>
   </div>
   <div class='ocr_carea' id='block_1_29' title="bbox 443 2563 2034 2637">
    <p class='ocr_par' dir='ltr' id='par_1_29' title="bbox 443 2563 2034 2637">
     <span class='ocr_line' id='line_1_29' title="bbox 443 2563 2034 2637; baseline 0.001 -19"><span class='ocrx_word' id='word_1_174' title='bbox 443 2563 677 2620; x_wconf 85' lang='lat' dir='ltr'><strong>misdam</strong></span> <span class='ocrx_word' id='word_1_175' title='bbox 700 2578 989 2636; x_wconf 90' lang='lat' dir='ltr'><strong>perorans,</strong></span> <span class='ocrx_word' id='word_1_176' title='bbox 1012 2572 1065 2620; x_wconf 90' lang='lat' dir='ltr'><strong>et</strong></span> <span class='ocrx_word' id='word_1_177' title='bbox 1092 2579 1227 2635; x_wconf 68' lang='lat' dir='ltr'><strong>quos</strong></span> <span class='ocrx_word' id='word_1_178' title='bbox 1252 2565 1486 2636; x_wconf 86' lang='lat' dir='ltr'><strong>turpiter</strong></span> <span class='ocrx_word' id='word_1_179' title='bbox 1506 2567 1692 2637; x_wconf 91' lang='lat' dir='ltr'><strong>lapsus</strong></span> <span class='ocrx_word' id='word_1_180' title='bbox 1719 2566 2034 2622; x_wconf 81' lang='lat' dir='ltr'><strong>admisisset</strong></span> 
     </span>
    </p>
   </div>
   <div class='ocr_carea' id='block_1_30' title="bbox 443 2656 2035 2713">
    <p class='ocr_par' dir='ltr' id='par_1_30' title="bbox 443 2656 2035 2713">
     <span class='ocr_line' id='line_1_30' title="bbox 443 2656 2035 2713; baseline 0.001 -2"><span class='ocrx_word' id='word_1_181' title='bbox 443 2670 631 2711; x_wconf 86' lang='lat' dir='ltr'><strong>coram</strong></span> <span class='ocrx_word' id='word_1_182' title='bbox 656 2671 991 2713; x_wconf 86' lang='lat' dir='ltr'><strong>enumerans</strong></span> <span class='ocrx_word' id='word_1_183' title='bbox 1010 2671 1333 2713; x_wconf 80' lang='lat' dir='ltr'><strong>consessum</strong></span> <span class='ocrx_word' id='word_1_184' title='bbox 1361 2658 1679 2713; x_wconf 89' lang='lat' dir='ltr'><strong>universum</strong></span> <span class='ocrx_word' id='word_1_185' title='bbox 1711 2658 1763 2713; x_wconf 91' lang='lat' dir='ltr'><strong>in</strong></span> <span class='ocrx_word' id='word_1_186' title='bbox 1787 2656 2035 2713; x_wconf 85' lang='lat' dir='ltr'><strong>Hormis-</strong></span> 
     </span>
    </p>
   </div>
   <div class='ocr_carea' id='block_1_31' title="bbox 441 2748 2084 2831">
    <p class='ocr_par' dir='ltr' id='par_1_31' title="bbox 441 2748 2084 2831">
     <span class='ocr_line' id='line_1_31' title="bbox 441 2748 2084 2831; baseline 0.002 -27"><span class='ocrx_word' id='word_1_187' title='bbox 441 2749 567 2805; x_wconf 86' lang='lat' dir='ltr'><strong>dam</strong></span> <span class='ocrx_word' id='word_1_188' title='bbox 604 2749 867 2807; x_wconf 88' lang='lat' dir='ltr'><strong>incendit.</strong></span> <span class='ocrx_word' id='word_1_189' title='bbox 906 2748 1143 2807; x_wconf 75' lang='lat' dir='ltr'><strong>Uxorem</strong></span> <span class='ocrx_word' id='word_1_190' title='bbox 1186 2749 1404 2805; x_wconf 88' lang='lat' dir='ltr'><strong>tandem</strong></span> <span class='ocrx_word' id='word_1_191' title='bbox 1436 2758 1490 2806; x_wconf 85' lang='lat' dir='ltr'><strong>et</strong></span> <span class='ocrx_word' id='word_1_192' title='bbox 1524 2750 1695 2807; x_wconf 77' lang='lat' dir='ltr'><strong>illium</strong></span> <span class='ocrx_word' id='word_1_193' title='bbox 1726 2751 2035 2809; x_wconf 69' lang='lat' dir='ltr'><strong>Hormisdae</strong></span> <span class='ocrx_word' id='word_1_194' title='bbox 2074 2823 2084 2831; x_wconf 39' lang='lat'>.</span> 
     </span>
    </p>
   </div>
   <div class='ocr_carea' id='block_1_32' title="bbox 441 2837 2034 2913">
    <p class='ocr_par' dir='ltr' id='par_1_32' title="bbox 441 2837 2034 2913">
     <span class='ocr_line' id='line_1_32' title="bbox 441 2837 2034 2913; baseline 0.004 -20"><span class='ocrx_word' id='word_1_195' title='bbox 441 2837 755 2910; x_wconf 70' lang='lat' dir='ltr'><strong>producunt</strong></span> <span class='ocrx_word' id='word_1_196' title='bbox 786 2839 839 2894; x_wconf 89' lang='lat' dir='ltr'><strong>in</strong></span> <span class='ocrx_word' id='word_1_197' title='bbox 866 2839 1126 2904; x_wconf 88' lang='lat' dir='ltr'><strong>medium,</strong></span> <span class='ocrx_word' id='word_1_198' title='bbox 1160 2849 1212 2895; x_wconf 89' lang='lat' dir='ltr'><strong>et</strong></span> <span class='ocrx_word' id='word_1_199' title='bbox 1246 2841 1351 2896; x_wconf 92' lang='lat' dir='ltr'><strong>sub</strong></span> <span class='ocrx_word' id='word_1_200' title='bbox 1379 2839 1552 2913; x_wconf 90' lang='lat' dir='ltr'><strong>ipsius</strong></span> <span class='ocrx_word' id='word_1_201' title='bbox 1566 2840 1873 2899; x_wconf 70' lang='lat' dir='ltr'><strong>Hormisdaa</strong></span> <span class='ocrx_word' id='word_1_202' title='bbox 1898 2858 2034 2899; x_wconf 91' lang='lat' dir='ltr'><strong>con-</strong></span> 
     </span>
    </p>
   </div>
   <div class='ocr_carea' id='block_1_33' title="bbox 445 2932 2033 3002">
    <p class='ocr_par' dir='ltr' id='par_1_33' title="bbox 445 2932 2033 3002">
     <span class='ocr_line' id='line_1_33' title="bbox 445 2932 2033 3002; baseline 0.004 -14"><span class='ocrx_word' id='word_1_203' title='bbox 445 2940 640 3002; x_wconf 85' lang='lat' dir='ltr'><strong>spectu</strong></span> <span class='ocrx_word' id='word_1_204' title='bbox 688 2948 841 2990; x_wconf 89' lang='lat' dir='ltr'><strong>serra</strong></span> <span class='ocrx_word' id='word_1_205' title='bbox 896 2933 1108 2988; x_wconf 87' lang='lat' dir='ltr'><strong>medios</strong></span> <span class='ocrx_word' id='word_1_206' title='bbox 1152 2932 1409 2989; x_wconf 86' lang='lat' dir='ltr'><strong>dividunt</strong></span> <span class='ocrx_word' id='word_1_207' title='bbox 1446 2952 1461 2990; x_wconf 94' lang='lat'><strong>:</strong></span> <span class='ocrx_word' id='word_1_208' title='bbox 1504 2950 1629 2989; x_wconf 91' lang='lat' dir='ltr'><strong>eum</strong></span> <span class='ocrx_word' id='word_1_209' title='bbox 1681 2950 1813 2991; x_wconf 88' lang='lat' dir='ltr'><strong>vero</strong></span> <span class='ocrx_word' id='word_1_210' title='bbox 1855 2937 2033 2995; x_wconf 87' lang='lat' dir='ltr'><strong>oculis</strong></span> 
     </span>
    </p>
   </div>
   <div class='ocr_carea' id='block_1_34' title="bbox 444 3022 2033 3093">
    <p class='ocr_par' dir='ltr' id='par_1_34' title="bbox 444 3022 2033 3093">
     <span class='ocr_line' id='line_1_34' title="bbox 444 3022 2033 3093; baseline 0.006 -18"><span class='ocrx_word' id='word_1_211' title='bbox 444 3022 718 3093; x_wconf 87' lang='lat' dir='ltr'><strong>privatum</strong></span> <span class='ocrx_word' id='word_1_212' title='bbox 785 3022 1143 3091; x_wconf 75' lang='lat' dir='ltr'><strong>coniecerunt</strong></span> <span class='ocrx_word' id='word_1_213' title='bbox 1198 3024 1253 3079; x_wconf 92' lang='lat' dir='ltr'><strong>in</strong></span> <span class='ocrx_word' id='word_1_214' title='bbox 1303 3039 1608 3081; x_wconf 89' lang='lat' dir='ltr'><strong>carcerem.</strong></span> <span class='ocrx_word' id='word_1_215' title='bbox 1639 3026 1719 3081; x_wconf 84' lang='lat' dir='ltr'><strong>Ac</strong></span> <span class='ocrx_word' id='word_1_216' title='bbox 1762 3028 2033 3084; x_wconf 91' lang='lat' dir='ltr'><strong>nonnullo</strong></span> 
     </span>
    </p>
   </div>
   <div class='ocr_carea' id='block_1_35' title="bbox 445 3116 2103 3198">
    <p class='ocr_par' dir='ltr' id='par_1_35' title="bbox 445 3116 2103 3198">
     <span class='ocr_line' id='line_1_35' title="bbox 445 3116 2103 3198; baseline 0.005 -28"><span class='ocrx_word' id='word_1_217' title='bbox 445 3117 667 3186; x_wconf 83' lang='lat' dir='ltr'><strong>quidem</strong></span> <span class='ocrx_word' id='word_1_218' title='bbox 724 3116 936 3173; x_wconf 88' lang='lat' dir='ltr'><strong>dierum</strong></span> <span class='ocrx_word' id='word_1_219' title='bbox 977 3117 1269 3172; x_wconf 81' lang='lat' dir='ltr'><strong>intervallo</strong></span> <span class='ocrx_word' id='word_1_220' title='bbox 1318 3125 1531 3188; x_wconf 89' lang='lat' dir='ltr'><strong>patrem</strong></span> <span class='ocrx_word' id='word_1_221' title='bbox 1571 3119 1627 3173; x_wconf 92' lang='lat' dir='ltr'><strong>in</strong></span> <span class='ocrx_word' id='word_1_222' title='bbox 1658 3121 1907 3176; x_wconf 90' lang='lat' dir='ltr'><strong>custodia</strong></span> <span class='ocrx_word' id='word_1_223' title='bbox 1938 3123 2033 3179; x_wconf 90' lang='lat' dir='ltr'><strong>be-</strong></span> <span class='ocrx_word' id='word_1_224' title='bbox 2059 3139 2103 3198; x_wconf 74' lang='grc' dir='ltr'>ο</span> 
     </span>
    </p>
   </div>
   <div class='ocr_carea' id='block_1_36' title="bbox 448 3207 2034 3290">
    <p class='ocr_par' dir='ltr' id='par_1_36' title="bbox 448 3207 2034 3290">
     <span class='ocr_line' id='line_1_36' title="bbox 448 3207 2034 3290; baseline 0.004 -25"><span class='ocrx_word' id='word_1_225' title='bbox 448 3207 611 3279; x_wconf 79' lang='lat' dir='ltr'><strong>nigne</strong></span> <span class='ocrx_word' id='word_1_226' title='bbox 672 3208 883 3290; x_wconf 79' lang='lat' dir='ltr'><strong>excepit</strong></span> <span class='ocrx_word' id='word_1_227' title='bbox 935 3207 1231 3274; x_wconf 82' lang='lat' dir='ltr'><strong>Cbosroes,</strong></span> <span class='ocrx_word' id='word_1_228' title='bbox 1285 3211 1652 3283; x_wconf 82' lang='lat' dir='ltr'><strong>suppeditatis</strong></span> <span class='ocrx_word' id='word_1_229' title='bbox 1693 3212 1878 3279; x_wconf 83' lang='lat' dir='ltr'><strong>etiam,</strong></span> <span class='ocrx_word' id='word_1_230' title='bbox 1910 3230 2034 3285; x_wconf 62' lang='lat' dir='ltr'><strong>qua;</strong></span> 
     </span>
    </p>
   </div>
   <div class='ocr_carea' id='block_1_37' title="bbox 447 3301 2033 3380">
    <p class='ocr_par' dir='ltr' id='par_1_37' title="bbox 447 3301 2033 3380">
     <span class='ocr_line' id='line_1_37' title="bbox 447 3301 2033 3380; baseline 0.009 -31"><span class='ocrx_word' id='word_1_231' title='bbox 447 3301 644 3372; x_wconf 67' lang='lat' dir='ltr'><strong>volupe</strong></span> <span class='ocrx_word' id='word_1_232' title='bbox 667 3301 869 3367; x_wconf 80' lang='lat' dir='ltr'><strong>forent,</strong></span> <span class='ocrx_word' id='word_1_233' title='bbox 905 3301 1152 3359; x_wconf 89' lang='lat' dir='ltr'><strong>deliciis:</strong></span> <span class='ocrx_word' id='word_1_234' title='bbox 1175 3301 1464 3361; x_wconf 88' lang='lat' dir='ltr'><strong>Hormisda</strong></span> <span class='ocrx_word' id='word_1_235' title='bbox 1487 3320 1618 3361; x_wconf 90' lang='lat' dir='ltr'><strong>vero</strong></span> <span class='ocrx_word' id='word_1_236' title='bbox 1652 3307 1821 3363; x_wconf 89' lang='lat' dir='ltr'><strong>missa</strong></span> <span class='ocrx_word' id='word_1_237' title='bbox 1851 3323 1881 3362; x_wconf 89' lang='lat' dir='ltr'><strong>a</strong></span> <span class='ocrx_word' id='word_1_238' title='bbox 1904 3323 2033 3380; x_wconf 86' lang='lat' dir='ltr'><strong>rege</strong></span> 
     </span>
    </p>
   </div>
   <div class='ocr_carea' id='block_1_38' title="bbox 447 3395 2033 3469">
    <p class='ocr_par' dir='ltr' id='par_1_38' title="bbox 447 3395 2033 3469">
     <span class='ocr_line' id='line_1_38' title="bbox 447 3395 2033 3469; baseline 0.008 -24"><span class='ocrx_word' id='word_1_239' title='bbox 447 3409 675 3449; x_wconf 85' lang='lat' dir='ltr'><strong>munera</strong></span> <span class='ocrx_word' id='word_1_240' title='bbox 721 3395 958 3466; x_wconf 88' lang='lat' dir='ltr'><strong>pedibus</strong></span> <span class='ocrx_word' id='word_1_241' title='bbox 992 3395 1373 3465; x_wconf 79' lang='lat' dir='ltr'><strong>conculcante,</strong></span> <span class='ocrx_word' id='word_1_242' title='bbox 1405 3407 1458 3454; x_wconf 90' lang='lat' dir='ltr'><strong>et</strong></span> <span class='ocrx_word' id='word_1_243' title='bbox 1485 3398 1721 3469; x_wconf 89' lang='lat' dir='ltr'><strong>injurias</strong></span> <span class='ocrx_word' id='word_1_244' title='bbox 1751 3401 2033 3457; x_wconf 88' lang='lat' dir='ltr'><strong>convicia-</strong></span> 
     </span>
    </p>
   </div>
   <div class='ocr_carea' id='block_1_39' title="bbox 446 3488 2033 3564">
    <p class='ocr_par' dir='ltr' id='par_1_39' title="bbox 446 3488 2033 3564">
     <span class='ocr_line' id='line_1_39' title="bbox 446 3488 2033 3564; baseline 0.01 -27"><span class='ocrx_word' id='word_1_245' title='bbox 446 3503 553 3557; x_wconf 86' lang='lat' dir='ltr'><strong>que</strong></span> <span class='ocrx_word' id='word_1_246' title='bbox 609 3488 961 3559; x_wconf 85' lang='lat' dir='ltr'><strong>rependente.</strong></span> <span class='ocrx_word' id='word_1_247' title='bbox 1008 3489 1286 3547; x_wconf 89' lang='lat' dir='ltr'><strong>Cbosroes</strong></span> <span class='ocrx_word' id='word_1_248' title='bbox 1338 3491 1419 3547; x_wconf 92' lang='lat' dir='ltr'><strong>ira</strong></span> <span class='ocrx_word' id='word_1_249' title='bbox 1478 3492 1743 3564; x_wconf 84' lang='lat' dir='ltr'><strong>percitus,</strong></span> <span class='ocrx_word' id='word_1_250' title='bbox 1793 3492 2033 3553; x_wconf 83' lang='lat' dir='ltr'><strong>fustibus</strong></span> 
     </span>
    </p>
   </div>
   <div class='ocr_carea' id='block_1_40' title="bbox 446 3581 2028 3659">
    <p class='ocr_par' dir='ltr' id='par_1_40' title="bbox 446 3581 2028 3659">
     <span class='ocr_line' id='line_1_40' title="bbox 446 3581 2028 3659; baseline 0.008 -26"><span class='ocrx_word' id='word_1_251' title='bbox 446 3581 757 3651; x_wconf 82' lang='lat' dir='ltr'><strong>agrestibus</strong></span> <span class='ocrx_word' id='word_1_252' title='bbox 805 3598 905 3654; x_wconf 89' lang='lat' dir='ltr'><strong>per</strong></span> <span class='ocrx_word' id='word_1_253' title='bbox 953 3584 1045 3639; x_wconf 88' lang='lat' dir='ltr'><strong>ilia</strong></span> <span class='ocrx_word' id='word_1_254' title='bbox 1110 3600 1288 3655; x_wconf 88' lang='lat' dir='ltr'><strong>usque</strong></span> <span class='ocrx_word' id='word_1_255' title='bbox 1330 3586 1396 3641; x_wconf 86' lang='lat' dir='ltr'><strong>ad</strong></span> <span class='ocrx_word' id='word_1_256' title='bbox 1448 3601 1634 3643; x_wconf 91' lang='lat' dir='ltr'><strong>necem</strong></span> <span class='ocrx_word' id='word_1_257' title='bbox 1679 3587 1812 3642; x_wconf 67' lang='lat' dir='ltr'><strong>credi</strong></span> <span class='ocrx_word' id='word_1_258' title='bbox 1840 3587 2028 3659; x_wconf 87' lang='lat' dir='ltr'><strong>jussit.</strong></span> 
     </span>
    </p>
   </div>
   <div class='ocr_carea' id='block_1_41' title="bbox 445 3663 2029 3746">
    <p class='ocr_par' dir='ltr' id='par_1_41' title="bbox 445 3663 2029 3746">
     <span class='ocr_line' id='line_1_41' title="bbox 445 3663 2029 3746; baseline 0.006 -17"><span class='ocrx_word' id='word_1_259' title='bbox 445 3674 577 3730; x_wconf 77' lang='lat' dir='ltr'><strong>Tam</strong></span> <span class='ocrx_word' id='word_1_260' title='bbox 636 3676 876 3733; x_wconf 86' lang='lat' dir='ltr'><strong>immane</strong></span> <span class='ocrx_word' id='word_1_261' title='bbox 924 3663 1141 3735; x_wconf 77' lang='lat' dir='ltr'><strong>facinus</strong></span> <span class='ocrx_word' id='word_1_262' title='bbox 1196 3677 1396 3734; x_wconf 85' lang='lat' dir='ltr'><strong>Persas</strong></span> <span class='ocrx_word' id='word_1_263' title='bbox 1447 3679 1663 3746; x_wconf 79' lang='lat' dir='ltr'><strong>alllixit,</strong></span> <span class='ocrx_word' id='word_1_264' title='bbox 1692 3688 1746 3734; x_wconf 86' lang='lat' dir='ltr'><strong>et</strong></span> <span class='ocrx_word' id='word_1_265' title='bbox 1784 3682 2029 3737; x_wconf 91' lang='lat' dir='ltr'><strong>omnium</strong></span> 
     </span>
    </p>
   </div>
   <div class='ocr_carea' id='block_1_42' title="bbox 444 3768 2033 3842">
    <p class='ocr_par' dir='ltr' id='par_1_42' title="bbox 444 3768 2033 3842">
     <span class='ocr_line' id='line_1_42' title="bbox 444 3768 2033 3842; baseline 0.007 -21"><span class='ocrx_word' id='word_1_266' title='bbox 444 3768 633 3823; x_wconf 86' lang='lat' dir='ltr'><strong>odium</strong></span> <span class='ocrx_word' id='word_1_267' title='bbox 690 3768 958 3827; x_wconf 86' lang='lat' dir='ltr'><strong>adversus</strong></span> <span class='ocrx_word' id='word_1_268' title='bbox 1008 3769 1311 3827; x_wconf 79' lang='lat' dir='ltr'><strong>Cliosroem</strong></span> <span class='ocrx_word' id='word_1_269' title='bbox 1372 3772 1713 3842; x_wconf 82' lang='lat' dir='ltr'><strong>provocavit.</strong></span> <span class='ocrx_word' id='word_1_270' title='bbox 1758 3772 2033 3831; x_wconf 80' lang='lat' dir='ltr'><strong>Cbosroes</strong></span> 
     </span>
    </p>
   </div>
   <div class='ocr_carea' id='block_1_43' title="bbox 443 3862 2032 3936">
    <p class='ocr_par' dir='ltr' id='par_1_43' title="bbox 443 3862 2032 3936">
     <span class='ocr_line' id='line_1_43' title="bbox 443 3862 2032 3936; baseline 0.003 -19"><span class='ocrx_word' id='word_1_271' title='bbox 443 3862 690 3919; x_wconf 87' lang='lat' dir='ltr'><strong>collectis</strong></span> <span class='ocrx_word' id='word_1_272' title='bbox 734 3872 1072 3919; x_wconf 86' lang='lat' dir='ltr'><strong>armatorum</strong></span> <span class='ocrx_word' id='word_1_273' title='bbox 1110 3866 1291 3935; x_wconf 81' lang='lat' dir='ltr'><strong>copiis</strong></span> <span class='ocrx_word' id='word_1_274' title='bbox 1339 3865 1487 3936; x_wconf 81' lang='lat' dir='ltr'><strong>regia</strong></span> <span class='ocrx_word' id='word_1_275' title='bbox 1545 3881 1605 3921; x_wconf 84' lang='lat' dir='ltr'><strong>se</strong></span> <span class='ocrx_word' id='word_1_276' title='bbox 1654 3865 1936 3930; x_wconf 77' lang='lat' dir='ltr'><strong>subduxit,</strong></span> <span class='ocrx_word' id='word_1_277' title='bbox 1978 3875 2032 3922; x_wconf 90' lang='lat' dir='ltr'><strong>et</strong></span> 
     </span>
    </p>
   </div>
   <div class='ocr_carea' id='block_1_44' title="bbox 444 3952 2031 4026">
    <p class='ocr_par' dir='ltr' id='par_1_44' title="bbox 444 3952 2031 4026">
     <span class='ocr_line' id='line_1_44' title="bbox 444 3952 2031 4026; baseline 0.001 -18"><span class='ocrx_word' id='word_1_278' title='bbox 444 3954 792 4011; x_wconf 70' lang='lat' dir='ltr'><strong>adversussin</strong></span> <span class='ocrx_word' id='word_1_279' title='bbox 820 3953 980 4010; x_wconf 73' lang='lat' dir='ltr'><strong>Zabze</strong></span> <span class='ocrx_word' id='word_1_280' title='bbox 1037 3952 1285 4010; x_wconf 83' lang='lat' dir='ltr'><strong>ﬂuminis</strong></span> <span class='ocrx_word' id='word_1_281' title='bbox 1331 3956 1635 4026; x_wconf 84' lang='lat' dir='ltr'><strong>planitiem,</strong></span> <span class='ocrx_word' id='word_1_282' title='bbox 1678 3971 1784 4026; x_wconf 88' lang='lat' dir='ltr'><strong>qua</strong></span> <span class='ocrx_word' id='word_1_283' title='bbox 1834 3954 2031 4010; x_wconf 85' lang='lat' dir='ltr'><strong>Baram</strong></span> 
     </span>
    </p>
   </div>
   <div class='ocr_carea' id='block_1_45' title="bbox 444 4048 2032 4121">
    <p class='ocr_par' dir='ltr' id='par_1_45' title="bbox 444 4048 2032 4121">
     <span class='ocr_line' id='line_1_45' title="bbox 444 4048 2032 4121; baseline 0.001 -18"><span class='ocrx_word' id='word_1_284' title='bbox 444 4063 567 4103; x_wconf 81' lang='lat' dir='ltr'><strong>eum</strong></span> <span class='ocrx_word' id='word_1_285' title='bbox 598 4048 800 4105; x_wconf 89' lang='lat' dir='ltr'><strong>castris</strong></span> <span class='ocrx_word' id='word_1_286' title='bbox 834 4048 1188 4113; x_wconf 88' lang='lat' dir='ltr'><strong>consederat,</strong></span> <span class='ocrx_word' id='word_1_287' title='bbox 1236 4050 1495 4121; x_wconf 79' lang='lat' dir='ltr'><strong>perrexit.</strong></span> <span class='ocrx_word' id='word_1_288' title='bbox 1534 4048 1870 4119; x_wconf 81' lang='lat' dir='ltr'><strong>Optimatum</strong></span> <span class='ocrx_word' id='word_1_289' title='bbox 1900 4063 2032 4105; x_wconf 87' lang='lat' dir='ltr'><strong>vero</strong></span> 
     </span>
    </p>
   </div>
   <div class='ocr_carea' id='block_1_46' title="bbox 444 4141 2032 4217">
    <p class='ocr_par' dir='ltr' id='par_1_46' title="bbox 444 4141 2032 4217">
     <span class='ocr_line' id='line_1_46' title="bbox 444 4141 2032 4217; baseline 0.001 -20"><span class='ocrx_word' id='word_1_290' title='bbox 444 4156 667 4217; x_wconf 86' lang='lat' dir='ltr'><strong>suorum</strong></span> <span class='ocrx_word' id='word_1_291' title='bbox 702 4141 971 4213; x_wconf 88' lang='lat' dir='ltr'><strong>quosdam</strong></span> <span class='ocrx_word' id='word_1_292' title='bbox 987 4141 1040 4197; x_wconf 89' lang='lat' dir='ltr'><strong>in</strong></span> <span class='ocrx_word' id='word_1_293' title='bbox 1058 4141 1250 4197; x_wconf 85' lang='lat' dir='ltr'><strong>Baram</strong></span> <span class='ocrx_word' id='word_1_294' title='bbox 1267 4152 1450 4213; x_wconf 86' lang='lat' dir='ltr'><strong>partes</strong></span> <span class='ocrx_word' id='word_1_295' title='bbox 1467 4142 1733 4198; x_wconf 87' lang='lat' dir='ltr'><strong>inclinare</strong></span> <span class='ocrx_word' id='word_1_296' title='bbox 1754 4141 2032 4198; x_wconf 82' lang='lat' dir='ltr'><strong>Cbosroes</strong></span> 
     </span>
    </p>
   </div>
   <div class='ocr_carea' id='block_1_47' title="bbox 444 4234 2030 4306">
    <p class='ocr_par' dir='ltr' id='par_1_47' title="bbox 444 4234 2030 4306">
     <span class='ocr_line' id='line_1_47' title="bbox 444 4234 2030 4306; baseline 0.001 -16"><span class='ocrx_word' id='word_1_297' title='bbox 444 4234 779 4306; x_wconf 87' lang='lat' dir='ltr'><strong>suspicatus,</strong></span> <span class='ocrx_word' id='word_1_298' title='bbox 799 4249 895 4291; x_wconf 89' lang='lat' dir='ltr'><strong>eos</strong></span> <span class='ocrx_word' id='word_1_299' title='bbox 908 4236 1071 4291; x_wconf 89' lang='lat' dir='ltr'><strong>morti</strong></span> <span class='ocrx_word' id='word_1_300' title='bbox 1086 4234 1340 4291; x_wconf 85' lang='lat' dir='ltr'><strong>tradidit:</strong></span> <span class='ocrx_word' id='word_1_301' title='bbox 1357 4251 1419 4291; x_wconf 78' lang='lat' dir='ltr'><strong>ex</strong></span> <span class='ocrx_word' id='word_1_302' title='bbox 1440 4251 1548 4306; x_wconf 91' lang='lat' dir='ltr'><strong>quo</strong></span> <span class='ocrx_word' id='word_1_303' title='bbox 1567 4235 2030 4292; x_wconf 87' lang='lat' dir='ltr'><strong>tumultuantibus</strong></span> 
     </span>
    </p>
   </div>
   <div class='ocr_carea' id='block_1_48' title="bbox 442 4324 2037 4399">
    <p class='ocr_par' dir='ltr' id='par_1_48' title="bbox 442 4324 2037 4399">
     <span class='ocr_line' id='line_1_48' title="bbox 442 4324 2037 4399; baseline -0.001 -16"><span class='ocrx_word' id='word_1_304' title='bbox 442 4325 620 4397; x_wconf 83' lang='lat' dir='ltr'><strong>copiis</strong></span> <span class='ocrx_word' id='word_1_305' title='bbox 650 4324 926 4383; x_wconf 78' lang='lat' dir='ltr'><strong>Cbosroes</strong></span> <span class='ocrx_word' id='word_1_306' title='bbox 977 4342 1103 4383; x_wconf 90' lang='lat' dir='ltr'><strong>cum</strong></span> <span class='ocrx_word' id='word_1_307' title='bbox 1143 4327 1341 4398; x_wconf 87' lang='lat' dir='ltr'><strong>paucis</strong></span> <span class='ocrx_word' id='word_1_308' title='bbox 1372 4325 1555 4398; x_wconf 90' lang='lat' dir='ltr'><strong>fugam</strong></span> <span class='ocrx_word' id='word_1_309' title='bbox 1600 4327 1743 4383; x_wconf 90' lang='lat' dir='ltr'><strong>inire</strong></span> <span class='ocrx_word' id='word_1_310' title='bbox 1771 4328 1988 4399; x_wconf 86' lang='lat' dir='ltr'><strong>cogitur</strong></span> <span class='ocrx_word' id='word_1_311' title='bbox 2009 4342 2037 4381; x_wconf 56' lang='grc' dir='ltr'><strong>ει</strong></span> 
     </span>
    </p>
   </div>
   <div class='ocr_carea' id='block_1_49' title="bbox 445 4408 2026 4491">
    <p class='ocr_par' dir='ltr' id='par_1_49' title="bbox 445 4408 2026 4491">
     <span class='ocr_line' id='line_1_49' title="bbox 445 4408 2026 4491; baseline -0.001 -16"><span class='ocrx_word' id='word_1_312' title='bbox 445 4420 691 4491; x_wconf 88' lang='lat' dir='ltr'><strong>reliquus</strong></span> <span class='ocrx_word' id='word_1_313' title='bbox 722 4408 906 4475; x_wconf 82' lang='lat' dir='ltr'><strong>autem</strong></span> <span class='ocrx_word' id='word_1_314' title='bbox 946 4420 1223 4476; x_wconf 83' lang='lat' dir='ltr'><strong>exercitus</strong></span> <span class='ocrx_word' id='word_1_315' title='bbox 1272 4429 1422 4475; x_wconf 84' lang='lat' dir='ltr'><strong>totus</strong></span> <span class='ocrx_word' id='word_1_316' title='bbox 1454 4418 1521 4473; x_wconf 86' lang='lat' dir='ltr'><strong>ad</strong></span> <span class='ocrx_word' id='word_1_317' title='bbox 1566 4419 1762 4473; x_wconf 88' lang='lat' dir='ltr'><strong>Baram</strong></span> <span class='ocrx_word' id='word_1_318' title='bbox 1799 4418 2026 4475; x_wconf 80' lang='lat' dir='ltr'><strong>defecit.</strong></span> 
     </span>
    </p>
   </div>
   <div class='ocr_carea' id='block_1_50' title="bbox 2139 588 3721 668">
    <p class='ocr_par' dir='ltr' id='par_1_50' title="bbox 2139 588 3721 668">
     <span class='ocr_line' id='line_1_50' title="bbox 2139 588 3721 668; baseline -0.009 -13"><span class='ocrx_word' id='word_1_319' title='bbox 2139 600 2201 655; x_wconf 86' lang='lat'><strong>&#39;0</strong></span> <span class='ocrx_word' id='word_1_320' title='bbox 2227 600 2284 654; x_wconf 77' lang='grc' dir='ltr'>δὲ</span> <span class='ocrx_word' id='word_1_321' title='bbox 2330 598 2625 668; x_wconf 87' lang='grc' dir='ltr'>Ὀρμίσδας</span> <span class='ocrx_word' id='word_1_322' title='bbox 2653 598 2718 651; x_wconf 82' lang='grc' dir='ltr'>ὲκ</span> <span class='ocrx_word' id='word_1_323' title='bbox 2746 596 2847 666; x_wconf 81' lang='grc' dir='ltr'>τῆς</span> <span class='ocrx_word' id='word_1_324' title='bbox 2878 594 3121 666; x_wconf 81' lang='grc' dir='ltr'>φρουρᾶς</span> <span class='ocrx_word' id='word_1_325' title='bbox 3150 592 3381 661; x_wconf 79' lang='grc' dir='ltr'>ἄγγελον</span> <span class='ocrx_word' id='word_1_326' title='bbox 3410 588 3721 659; x_wconf 63' lang='grc' dir='ltr'>ἐξέπεμψεν</span> 
     </span>
    </p>
   </div>
   <div class='ocr_carea' id='block_1_51' title="bbox 2126 685 3721 766">
    <p class='ocr_par' dir='ltr' id='par_1_51' title="bbox 2126 685 3721 766">
     <span class='ocr_line' id='line_1_51' title="bbox 2126 685 3721 766; baseline -0.01 -16"><span class='ocrx_word' id='word_1_327' title='bbox 2126 699 2239 759; x_wconf 89' lang='grc' dir='ltr'>τοῖς</span> <span class='ocrx_word' id='word_1_328' title='bbox 2267 694 2526 766; x_wconf 79' lang='grc' dir='ltr'><strong>Πέρσαις,</strong></span> <span class='ocrx_word' id='word_1_329' title='bbox 2558 690 2882 762; x_wconf 84' lang='grc' dir='ltr'>αἰτούμενος</span> <span class='ocrx_word' id='word_1_330' title='bbox 2915 689 3150 759; x_wconf 80' lang='grc' dir='ltr'>λαλῆσαι</span> <span class='ocrx_word' id='word_1_331' title='bbox 3181 686 3249 741; x_wconf 85' lang='grc' dir='ltr'>τὰ</span> <span class='ocrx_word' id='word_1_332' title='bbox 3279 685 3631 757; x_wconf 74' lang='grc' dir='ltr'>συμφέροντα</span> <span class='ocrx_word' id='word_1_333' title='bbox 3653 686 3721 753; x_wconf 82' lang='grc' dir='ltr'>τῇ</span> 
     </span>
    </p>
   </div>
   <div class='ocr_carea' id='block_1_52' title="bbox 2128 775 3726 859">
    <p class='ocr_par' dir='ltr' id='par_1_52' title="bbox 2128 775 3726 859">
     <span class='ocr_line' id='line_1_52' title="bbox 2128 775 3726 859; baseline -0.011 -16"><span class='ocrx_word' id='word_1_334' title='bbox 2128 789 2373 859; x_wconf 82' lang='grc' dir='ltr'><strong>Περσίδι.</strong></span> <span class='ocrx_word' id='word_1_335' title='bbox 2415 787 2630 840; x_wconf 79' lang='grc' dir='ltr'><strong>Γίνεται</strong></span> <span class='ocrx_word' id='word_1_336' title='bbox 2657 784 2840 838; x_wconf 90' lang='grc' dir='ltr'>τοίνυν</span> <span class='ocrx_word' id='word_1_337' title='bbox 2877 785 2945 854; x_wconf 73' lang='grc' dir='ltr'>τῇ</span> <span class='ocrx_word' id='word_1_338' title='bbox 2983 780 3268 853; x_wconf 70' lang='grc' dir='ltr'>ἐπαύριον,</span> <span class='ocrx_word' id='word_1_339' title='bbox 3301 782 3396 833; x_wconf 73' lang='grc' dir='ltr'>καὶ</span> <span class='ocrx_word' id='word_1_340' title='bbox 3438 775 3726 847; x_wconf 78' lang='grc' dir='ltr'>συνηθροί-</span> 
     </span>
    </p>
   </div>
   <div class='ocr_carea' id='block_1_53' title="bbox 2130 867 3723 952">
    <p class='ocr_par' dir='ltr' id='par_1_53' title="bbox 2130 867 3723 952">
     <span class='ocr_line' id='line_1_53' title="bbox 2130 867 3723 952; baseline -0.01 -18"><span class='ocrx_word' id='word_1_341' title='bbox 2130 881 2231 952; x_wconf 76' lang='grc' dir='ltr'><strong>σθη</strong></span> <span class='ocrx_word' id='word_1_342' title='bbox 2267 881 2300 950; x_wconf 82' lang='grc' dir='ltr'>ἡ</span> <span class='ocrx_word' id='word_1_343' title='bbox 2340 876 2644 948; x_wconf 77' lang='grc' dir='ltr'>σύγκλητος</span> <span class='ocrx_word' id='word_1_344' title='bbox 2673 874 2783 928; x_wconf 85' lang='grc' dir='ltr'><strong>τῶν</strong></span> <span class='ocrx_word' id='word_1_345' title='bbox 2806 872 3036 944; x_wconf 84' lang='grc' dir='ltr'>Περσῶν</span> <span class='ocrx_word' id='word_1_346' title='bbox 3062 876 3118 926; x_wconf 85' lang='grc' dir='ltr'><strong>έν</strong></span> <span class='ocrx_word' id='word_1_347' title='bbox 3153 873 3265 934; x_wconf 88' lang='grc' dir='ltr'>τοῖς</span> <span class='ocrx_word' id='word_1_348' title='bbox 3298 867 3593 939; x_wconf 73' lang='grc' dir='ltr'><strong>βασιλείοις</strong></span> <span class='ocrx_word' id='word_1_349' title='bbox 3626 868 3723 919; x_wconf 72' lang='grc' dir='ltr'><strong>σὺν</strong></span> 
     </span>
    </p>
   </div>
   <div class='ocr_carea' id='block_1_54' title="bbox 2127 957 3725 1040">
    <p class='ocr_par' dir='ltr' id='par_1_54' title="bbox 2127 957 3725 1040">
     <span class='ocr_line' id='line_1_54' title="bbox 2127 957 3725 1040; baseline -0.007 -19"><span class='ocrx_word' id='word_1_350' title='bbox 2127 969 2207 1040; x_wconf 83' lang='grc' dir='ltr'><strong>τῷ</strong></span> <span class='ocrx_word' id='word_1_351' title='bbox 2238 967 2455 1038; x_wconf 78' lang='grc' dir='ltr'>πλήθει,</span> <span class='ocrx_word' id='word_1_352' title='bbox 2485 967 2583 1021; x_wconf 75' lang='grc' dir='ltr'>καὶ</span> <span class='ocrx_word' id='word_1_353' title='bbox 2614 966 2805 1035; x_wconf 81' lang='grc' dir='ltr'>ἄγουσι</span> <span class='ocrx_word' id='word_1_354' title='bbox 2832 965 2924 1018; x_wconf 81' lang='grc' dir='ltr'><strong>τὸν</strong></span> <span class='ocrx_word' id='word_1_355' title='bbox 2966 963 3263 1035; x_wconf 89' lang='grc' dir='ltr'>Ὀρμίσδαν</span> <span class='ocrx_word' id='word_1_356' title='bbox 3282 962 3530 1032; x_wconf 78' lang='grc' dir='ltr'><strong>δέσμιον.</strong></span> <span class='ocrx_word' id='word_1_357' title='bbox 3576 959 3638 1012; x_wconf 87' lang='grc' dir='ltr'><strong>Ὀ</strong></span> <span class='ocrx_word' id='word_1_358' title='bbox 3668 957 3725 1010; x_wconf 70' lang='grc' dir='ltr'>δὲ</span> 
     </span>
    </p>
   </div>
   <div class='ocr_carea' id='block_1_55' title="bbox 2140 1050 3725 1134">
    <p class='ocr_par' dir='ltr' id='par_1_55' title="bbox 2140 1050 3725 1134">
     <span class='ocr_line' id='line_1_55' title="bbox 2140 1050 3725 1134; baseline -0.008 -19"><span class='ocrx_word' id='word_1_359' title='bbox 2140 1060 2436 1134; x_wconf 84' lang='grc' dir='ltr'>Ὀρμίσδας</span> <span class='ocrx_word' id='word_1_360' title='bbox 2492 1058 2908 1130; x_wconf 85' lang='grc' dir='ltr'><strong>ἀνεμίμνησκεν</strong></span> <span class='ocrx_word' id='word_1_361' title='bbox 2959 1056 3199 1126; x_wconf 83' lang='grc' dir='ltr'><strong>Πέρσας,</strong></span> <span class='ocrx_word' id='word_1_362' title='bbox 3247 1054 3323 1119; x_wconf 82' lang='grc' dir='ltr'><strong>ὡς</strong></span> <span class='ocrx_word' id='word_1_363' title='bbox 3357 1054 3418 1107; x_wconf 79' lang='grc' dir='ltr'>οὐ</span> <span class='ocrx_word' id='word_1_364' title='bbox 3454 1053 3539 1106; x_wconf 86' lang='grc' dir='ltr'><strong>δεῖ</strong></span> <span class='ocrx_word' id='word_1_365' title='bbox 3593 1050 3725 1122; x_wconf 81' lang='grc' dir='ltr'>περὶ</span> 
     </span>
    </p>
   </div>
   <div class='ocr_carea' id='block_1_56' title="bbox 2128 1137 3725 1225">
    <p class='ocr_par' dir='ltr' id='par_1_56' title="bbox 2128 1137 3725 1225">
     <span class='ocr_line' id='line_1_56' title="bbox 2128 1137 3725 1225; baseline -0.007 -15"><span class='ocrx_word' id='word_1_366' title='bbox 2128 1156 2254 1219; x_wconf 79' lang='grc' dir='ltr'>τοὺς</span> <span class='ocrx_word' id='word_1_367' title='bbox 2284 1153 2523 1225; x_wconf 79' lang='grc' dir='ltr'>βασιλεῖς</span> <span class='ocrx_word' id='word_1_368' title='bbox 2570 1150 2745 1206; x_wconf 81' lang='grc' dir='ltr'>ταῦτα</span> <span class='ocrx_word' id='word_1_369' title='bbox 2784 1149 3206 1222; x_wconf 76' lang='grc' dir='ltr'>ἐξαμαρτάνειν,</span> <span class='ocrx_word' id='word_1_370' title='bbox 3238 1149 3334 1203; x_wconf 80' lang='grc' dir='ltr'>καὶ</span> <span class='ocrx_word' id='word_1_371' title='bbox 3367 1148 3488 1212; x_wconf 82' lang='grc' dir='ltr'>ὅσα,</span> <span class='ocrx_word' id='word_1_372' title='bbox 3532 1146 3623 1214; x_wconf 67' lang='grc' dir='ltr'><strong>ἀφ’</strong></span> <span class='ocrx_word' id='word_1_373' title='bbox 3662 1137 3725 1199; x_wconf 74' lang='grc' dir='ltr'>οὗ</span> 
     </span>
    </p>
   </div>
   <div class='ocr_carea' id='block_1_57' title="bbox 2131 1238 3725 1316">
    <p class='ocr_par' dir='ltr' id='par_1_57' title="bbox 2131 1238 3725 1316">
     <span class='ocr_line' id='line_1_57' title="bbox 2131 1238 3725 1316; baseline -0.008 -15"><span class='ocrx_word' id='word_1_374' title='bbox 2131 1246 2508 1308; x_wconf 77' lang='grc' dir='ltr'>ἐϐασίλευσεν,</span> <span class='ocrx_word' id='word_1_375' title='bbox 2538 1244 2781 1316; x_wconf 85' lang='grc' dir='ltr'>τρόπαια</span> <span class='ocrx_word' id='word_1_376' title='bbox 2814 1242 3139 1313; x_wconf 82' lang='grc' dir='ltr'>πεποίηκεν,</span> <span class='ocrx_word' id='word_1_377' title='bbox 3176 1240 3271 1295; x_wconf 76' lang='grc' dir='ltr'>καὶ</span> <span class='ocrx_word' id='word_1_378' title='bbox 3297 1240 3395 1293; x_wconf 86' lang='grc' dir='ltr'>ὅσα</span> <span class='ocrx_word' id='word_1_379' title='bbox 3421 1238 3725 1310; x_wconf 79' lang='grc' dir='ltr'>εὐεργέτη-</span> 
     </span>
    </p>
   </div>
   <div class='ocr_carea' id='block_1_58' title="bbox 2134 1332 3725 1411">
    <p class='ocr_par' dir='ltr' id='par_1_58' title="bbox 2134 1332 3725 1411">
     <span class='ocr_line' id='line_1_58' title="bbox 2134 1332 3725 1411; baseline -0.008 -17"><span class='ocrx_word' id='word_1_380' title='bbox 2134 1358 2225 1394; x_wconf 90' lang='grc' dir='ltr'><strong>σεν</strong></span> <span class='ocrx_word' id='word_1_381' title='bbox 2247 1340 2486 1411; x_wconf 81' lang='grc' dir='ltr'><strong>Πέρσας,</strong></span> <span class='ocrx_word' id='word_1_382' title='bbox 2520 1339 2615 1392; x_wconf 80' lang='grc' dir='ltr'>καὶ</span> <span class='ocrx_word' id='word_1_383' title='bbox 2635 1338 2781 1400; x_wconf 84' lang='grc' dir='ltr'>ὅπως</span> <span class='ocrx_word' id='word_1_384' title='bbox 2803 1336 3081 1407; x_wconf 82' lang='grc' dir='ltr'>Τούρκους</span> <span class='ocrx_word' id='word_1_385' title='bbox 3106 1337 3148 1367; x_wconf 85' lang='grc'><strong>³⁹</strong></span> <span class='ocrx_word' id='word_1_386' title='bbox 3172 1336 3238 1404; x_wconf 77' lang='grc' dir='ltr'>τῇ</span> <span class='ocrx_word' id='word_1_387' title='bbox 3266 1333 3489 1404; x_wconf 83' lang='grc' dir='ltr'>Περσίδι</span> <span class='ocrx_word' id='word_1_388' title='bbox 3522 1332 3725 1403; x_wconf 78' lang='grc' dir='ltr'>φόρους</span> 
     </span>
    </p>
   </div>
   <div class='ocr_carea' id='block_1_59' title="bbox 2132 1424 3725 1503">
    <p class='ocr_par' dir='ltr' id='par_1_59' title="bbox 2132 1424 3725 1503">
     <span class='ocr_line' id='line_1_59' title="bbox 2132 1424 3725 1503; baseline -0.008 -16"><span class='ocrx_word' id='word_1_389' title='bbox 2132 1432 2308 1487; x_wconf 80' lang='grc' dir='ltr'>τελεῖν</span> <span class='ocrx_word' id='word_1_390' title='bbox 2354 1431 2677 1503; x_wconf 86' lang='grc' dir='ltr'>πεποίηκεν,</span> <span class='ocrx_word' id='word_1_391' title='bbox 2724 1429 3030 1493; x_wconf 82' lang='grc' dir='ltr'>Ῥωμαίους</span> <span class='ocrx_word' id='word_1_392' title='bbox 3078 1427 3134 1480; x_wconf 79' lang='grc' dir='ltr'><strong>δὲ</strong></span> <span class='ocrx_word' id='word_1_393' title='bbox 3167 1427 3393 1499; x_wconf 73' lang='grc' dir='ltr'>εἰρήνης</span> <span class='ocrx_word' id='word_1_394' title='bbox 3438 1426 3591 1497; x_wconf 82' lang='grc' dir='ltr'>έρᾷν,</span> <span class='ocrx_word' id='word_1_395' title='bbox 3629 1424 3725 1476; x_wconf 76' lang='grc' dir='ltr'>καὶ</span> 
     </span>
    </p>
   </div>
   <div class='ocr_carea' id='block_1_60' title="bbox 2132 1516 3725 1598">
    <p class='ocr_par' dir='ltr' id='par_1_60' title="bbox 2132 1516 3725 1598">
     <span class='ocr_line' id='line_1_60' title="bbox 2132 1516 3725 1598; baseline -0.008 -17"><span class='ocrx_word' id='word_1_396' title='bbox 2132 1528 2280 1592; x_wconf 83' lang='grc' dir='ltr'>ὅπως</span> <span class='ocrx_word' id='word_1_397' title='bbox 2301 1528 2401 1598; x_wconf 79' lang='grc' dir='ltr'>τὴν</span> <span class='ocrx_word' id='word_1_398' title='bbox 2425 1522 2850 1596; x_wconf 88' lang='grc' dir='ltr'>Μαρτυρόπολιν</span> <span class='ocrx_word' id='word_1_399' title='bbox 2870 1522 3205 1593; x_wconf 79' lang='grc' dir='ltr'>παρέλαϐεν,</span> <span class='ocrx_word' id='word_1_400' title='bbox 3229 1520 3441 1584; x_wconf 79' lang='grc' dir='ltr'>καὶτὰς</span> <span class='ocrx_word' id='word_1_401' title='bbox 3462 1516 3725 1591; x_wconf 81' lang='grc' dir='ltr'>πατρῴας</span> 
     </span>
    </p>
   </div>
   <div class='ocr_carea' id='block_1_61' title="bbox 2134 1611 3725 1691">
    <p class='ocr_par' dir='ltr' id='par_1_61' title="bbox 2134 1611 3725 1691">
     <span class='ocr_line' id='line_1_61' title="bbox 2134 1611 3725 1691; baseline -0.007 -16"><span class='ocrx_word' id='word_1_402' title='bbox 2134 1619 2420 1691; x_wconf 80' lang='grc' dir='ltr'>ἀριστείας</span> <span class='ocrx_word' id='word_1_403' title='bbox 2452 1616 2789 1689; x_wconf 74' lang='grc' dir='ltr'>ἐξήγγειλεν.</span> <span class='ocrx_word' id='word_1_404' title='bbox 2839 1615 3022 1681; x_wconf 79' lang='grc' dir='ltr'>’Πξίου</span> <span class='ocrx_word' id='word_1_405' title='bbox 3060 1614 3116 1668; x_wconf 81' lang='grc' dir='ltr'>δὲ</span> <span class='ocrx_word' id='word_1_406' title='bbox 3162 1611 3725 1685; x_wconf 77' lang='grc' dir='ltr'>ἀποχειροτονηθῆναι</span> 
     </span>
    </p>
   </div>
   <div class='ocr_carea' id='block_1_62' title="bbox 2136 1706 3723 1785">
    <p class='ocr_par' dir='ltr' id='par_1_62' title="bbox 2136 1706 3723 1785">
     <span class='ocr_line' id='line_1_62' title="bbox 2136 1706 3723 1785; baseline -0.006 -18"><span class='ocrx_word' id='word_1_407' title='bbox 2136 1712 2388 1785; x_wconf 83' lang='grc' dir='ltr'>Χοσρόην</span> <span class='ocrx_word' id='word_1_408' title='bbox 2418 1712 2517 1782; x_wconf 84' lang='grc' dir='ltr'>τῆς</span> <span class='ocrx_word' id='word_1_409' title='bbox 2550 1710 2851 1782; x_wconf 81' lang='grc' dir='ltr'>βασιλείας,</span> <span class='ocrx_word' id='word_1_410' title='bbox 2882 1709 2957 1772; x_wconf 87' lang='grc' dir='ltr'>ὠς</span> <span class='ocrx_word' id='word_1_411' title='bbox 2984 1707 3266 1778; x_wconf 85' lang='grc' dir='ltr'>φιλάδικον</span> <span class='ocrx_word' id='word_1_412' title='bbox 3296 1708 3389 1761; x_wconf 80' lang='grc' dir='ltr'>καὶ</span> <span class='ocrx_word' id='word_1_413' title='bbox 3416 1706 3723 1776; x_wconf 77' lang='grc' dir='ltr'>ἄπληστον,</span> 
     </span>
    </p>
   </div>
   <div class='ocr_carea' id='block_1_63' title="bbox 2137 1799 3727 1878">
    <p class='ocr_par' dir='ltr' id='par_1_63' title="bbox 2137 1799 3727 1878">
     <span class='ocr_line' id='line_1_63' title="bbox 2137 1799 3727 1878; baseline -0.007 -17"><span class='ocrx_word' id='word_1_414' title='bbox 2137 1807 2234 1861; x_wconf 70' lang='grc' dir='ltr'><strong>καὶ</strong></span> <span class='ocrx_word' id='word_1_415' title='bbox 2281 1806 2584 1878; x_wconf 77' lang='grc' dir='ltr'>αἱμοχαρῆ,</span> <span class='ocrx_word' id='word_1_416' title='bbox 2639 1802 3011 1875; x_wconf 83' lang='grc' dir='ltr'>ὑπεροπτικόν</span> <span class='ocrx_word' id='word_1_417' title='bbox 3050 1821 3110 1856; x_wconf 83' lang='grc' dir='ltr'><strong>τε</strong></span> <span class='ocrx_word' id='word_1_418' title='bbox 3166 1800 3263 1856; x_wconf 75' lang='grc' dir='ltr'>καὶ</span> <span class='ocrx_word' id='word_1_419' title='bbox 3321 1800 3588 1871; x_wconf 85' lang='grc' dir='ltr'>ὑϐριστὴν</span> <span class='ocrx_word' id='word_1_420' title='bbox 3632 1799 3727 1851; x_wconf 74' lang='grc' dir='ltr'><strong>καὶ</strong></span> 
     </span>
    </p>
   </div>
   <div class='ocr_carea' id='block_1_64' title="bbox 2139 1893 3727 1971">
    <p class='ocr_par' dir='ltr' id='par_1_64' title="bbox 2139 1893 3727 1971">
     <span class='ocr_line' id='line_1_64' title="bbox 2139 1893 3727 1971; baseline -0.008 -16"><span class='ocrx_word' id='word_1_421' title='bbox 2139 1900 2533 1971; x_wconf 71' lang='grc' dir='ltr'>φιλοπόλεμον*</span> <span class='ocrx_word' id='word_1_422' title='bbox 2583 1900 2795 1953; x_wconf 84' lang='grc' dir='ltr'>ὑπεῖναι</span> <span class='ocrx_word' id='word_1_423' title='bbox 2829 1898 2886 1950; x_wconf 85' lang='grc' dir='ltr'>δὲ</span> <span class='ocrx_word' id='word_1_424' title='bbox 2924 1895 3074 1967; x_wconf 80' lang='grc' dir='ltr'>αύτῷ</span> <span class='ocrx_word' id='word_1_425' title='bbox 3117 1894 3286 1949; x_wconf 84' lang='grc' dir='ltr'>παῖδα</span> <span class='ocrx_word' id='word_1_426' title='bbox 3317 1893 3384 1959; x_wconf 78' lang='grc'><strong>⁸⁰,</strong></span> <span class='ocrx_word' id='word_1_427' title='bbox 3414 1896 3506 1948; x_wconf 76' lang='grc' dir='ltr'><strong>καὶ</strong></span> <span class='ocrx_word' id='word_1_428' title='bbox 3534 1893 3727 1945; x_wconf 74' lang='grc' dir='ltr'>τοῦτον</span> 
     </span>
    </p>
   </div>
   <div class='ocr_carea' id='block_1_65' title="bbox 2140 1986 3728 2067">
    <p class='ocr_par' dir='ltr' id='par_1_65' title="bbox 2140 1986 3728 2067">
     <span class='ocr_line' id='line_1_65' title="bbox 2140 1986 3728 2067; baseline -0.008 -17"><span class='ocrx_word' id='word_1_429' title='bbox 2140 1995 2343 2067; x_wconf 81' lang='grc' dir='ltr'>μᾶλλον</span> <span class='ocrx_word' id='word_1_430' title='bbox 2377 1996 2455 2059; x_wconf 87' lang='grc' dir='ltr'><strong>είς</strong></span> <span class='ocrx_word' id='word_1_431' title='bbox 2491 1993 2719 2065; x_wconf 82' lang='grc' dir='ltr'>βασιλέα</span> <span class='ocrx_word' id='word_1_432' title='bbox 2746 1990 3206 2063; x_wconf 80' lang='grc' dir='ltr'>προχειρίσασθαι</span> <span class='ocrx_word' id='word_1_433' title='bbox 3248 1988 3568 2059; x_wconf 88' lang='grc' dir='ltr'>παρεκάλει.</span> <span class='ocrx_word' id='word_1_434' title='bbox 3601 1986 3728 2039; x_wconf 86' lang='grc' dir='ltr'><strong>Βιν-</strong></span> 
     </span>
    </p>
   </div>
   <div class='ocr_carea' id='block_1_66' title="bbox 2136 2079 3726 2161">
    <p class='ocr_par' dir='ltr' id='par_1_66' title="bbox 2136 2079 3726 2161">
     <span class='ocr_line' id='line_1_66' title="bbox 2136 2079 3726 2161; baseline -0.008 -17"><span class='ocrx_word' id='word_1_435' title='bbox 2136 2090 2262 2161; x_wconf 83' lang='grc' dir='ltr'>δόης</span> <span class='ocrx_word' id='word_1_436' title='bbox 2288 2090 2345 2143; x_wconf 81' lang='grc' dir='ltr'>δὲ</span> <span class='ocrx_word' id='word_1_437' title='bbox 2392 2088 2531 2161; x_wconf 75' lang='grc' dir='ltr'>πρὸς</span> <span class='ocrx_word' id='word_1_438' title='bbox 2575 2088 2874 2159; x_wconf 79' lang='grc' dir='ltr'>Ὀρμίσδαν</span> <span class='ocrx_word' id='word_1_439' title='bbox 2923 2084 3234 2154; x_wconf 83' lang='grc' dir='ltr'>ἀντέλεγεν,</span> <span class='ocrx_word' id='word_1_440' title='bbox 3291 2084 3385 2137; x_wconf 72' lang='grc' dir='ltr'><strong>καὶ</strong></span> <span class='ocrx_word' id='word_1_441' title='bbox 3431 2081 3499 2135; x_wconf 71' lang='grc' dir='ltr'>τὰ</span> <span class='ocrx_word' id='word_1_442' title='bbox 3530 2079 3726 2135; x_wconf 85' lang='grc' dir='ltr'>τούτου</span> 
     </span>
    </p>
   </div>
   <div class='ocr_carea' id='block_1_67' title="bbox 2138 2178 3727 2253">
    <p class='ocr_par' dir='ltr' id='par_1_67' title="bbox 2138 2178 3727 2253">
     <span class='ocr_line' id='line_1_67' title="bbox 2138 2178 3727 2253; baseline -0.006 -16"><span class='ocrx_word' id='word_1_443' title='bbox 2138 2183 2432 2253; x_wconf 83' lang='grc' dir='ltr'>σφάλματα</span> <span class='ocrx_word' id='word_1_444' title='bbox 2454 2183 2535 2247; x_wconf 85' lang='grc' dir='ltr'><strong>είς</strong></span> <span class='ocrx_word' id='word_1_445' title='bbox 2560 2182 2724 2252; x_wconf 85' lang='grc' dir='ltr'>μέσον</span> <span class='ocrx_word' id='word_1_446' title='bbox 2752 2180 3195 2253; x_wconf 87' lang='grc' dir='ltr'>προϐαλλόμενος</span> <span class='ocrx_word' id='word_1_447' title='bbox 3223 2180 3431 2242; x_wconf 81' lang='grc' dir='ltr'>πάντας</span> <span class='ocrx_word' id='word_1_448' title='bbox 3450 2178 3727 2249; x_wconf 82' lang='grc' dir='ltr'>διήγειρεν</span> 
     </span>
    </p>
   </div>
   <div class='ocr_carea' id='block_1_68' title="bbox 2138 2272 3730 2351">
    <p class='ocr_par' dir='ltr' id='par_1_68' title="bbox 2138 2272 3730 2351">
     <span class='ocr_line' id='line_1_68' title="bbox 2138 2272 3730 2351; baseline -0.004 -22"><span class='ocrx_word' id='word_1_449' title='bbox 2138 2276 2280 2330; x_wconf 81' lang='grc' dir='ltr'><strong>κατά</strong></span> <span class='ocrx_word' id='word_1_450' title='bbox 2328 2274 2422 2329; x_wconf 83' lang='grc' dir='ltr'>τοῦ</span> <span class='ocrx_word' id='word_1_451' title='bbox 2464 2274 2764 2345; x_wconf 85' lang='grc' dir='ltr'>Ὀρμίσδα·</span> <span class='ocrx_word' id='word_1_452' title='bbox 2799 2274 2895 2329; x_wconf 79' lang='grc' dir='ltr'>καὶ</span> <span class='ocrx_word' id='word_1_453' title='bbox 2936 2274 3160 2342; x_wconf 76' lang='grc' dir='ltr'>ἄγουσιν</span> <span class='ocrx_word' id='word_1_454' title='bbox 3212 2274 3293 2336; x_wconf 85' lang='grc' dir='ltr'><strong>είς</strong></span> <span class='ocrx_word' id='word_1_455' title='bbox 3333 2272 3497 2342; x_wconf 88' lang='grc' dir='ltr'>μέσον</span> <span class='ocrx_word' id='word_1_456' title='bbox 3526 2273 3627 2342; x_wconf 84' lang='grc' dir='ltr'>τήν</span> <span class='ocrx_word' id='word_1_457' title='bbox 3659 2286 3730 2351; x_wconf 75' lang='grc' dir='ltr'><strong>τε</strong></span> 
     </span>
    </p>
   </div>
   <div class='ocr_carea' id='block_1_69' title="bbox 2137 2363 3731 2439">
    <p class='ocr_par' dir='ltr' id='par_1_69' title="bbox 2137 2363 3731 2439">
     <span class='ocr_line' id='line_1_69' title="bbox 2137 2363 3731 2439; baseline -0.004 -16"><span class='ocrx_word' id='word_1_458' title='bbox 2137 2371 2371 2439; x_wconf 81' lang='grc' dir='ltr'>γυναῖκα</span> <span class='ocrx_word' id='word_1_459' title='bbox 2400 2369 2692 2439; x_wconf 82' lang='grc' dir='ltr'>Ὀρμίσδου</span> <span class='ocrx_word' id='word_1_460' title='bbox 2718 2368 2813 2422; x_wconf 76' lang='lat' dir='ltr'><strong>xal.</strong></span> <span class='ocrx_word' id='word_1_461' title='bbox 2838 2366 2931 2421; x_wconf 82' lang='grc' dir='ltr'><strong>τὸν</strong></span> <span class='ocrx_word' id='word_1_462' title='bbox 2955 2368 3071 2421; x_wconf 86' lang='grc' dir='ltr'>υίόν</span> <span class='ocrx_word' id='word_1_463' title='bbox 3100 2384 3112 2397; x_wconf 86' lang='grc'><strong>·</strong></span> <span class='ocrx_word' id='word_1_464' title='bbox 3142 2367 3235 2420; x_wconf 72' lang='grc' dir='ltr'>καὶ</span> <span class='ocrx_word' id='word_1_465' title='bbox 3266 2368 3378 2428; x_wconf 83' lang='grc' dir='ltr'>τοῖς</span> <span class='ocrx_word' id='word_1_466' title='bbox 3400 2363 3731 2435; x_wconf 79' lang='grc' dir='ltr'>προσειωοό-</span> 
     </span>
    </p>
   </div>
   <div class='ocr_carea' id='block_1_70' title="bbox 2139 2459 3728 2534">
    <p class='ocr_par' dir='ltr' id='par_1_70' title="bbox 2139 2459 3728 2534">
     <span class='ocr_line' id='line_1_70' title="bbox 2139 2459 3728 2534; baseline -0.004 -17"><span class='ocrx_word' id='word_1_467' title='bbox 2139 2481 2222 2517; x_wconf 85' lang='grc' dir='ltr'><strong>σιν</strong></span> <span class='ocrx_word' id='word_1_468' title='bbox 2260 2462 2301 2494; x_wconf 69' lang='grc'>⁸⁸</span> <span class='ocrx_word' id='word_1_469' title='bbox 2345 2464 2432 2518; x_wconf 76' lang='grc' dir='ltr'><strong>ἐπ’</strong></span> <span class='ocrx_word' id='word_1_470' title='bbox 2467 2462 2655 2532; x_wconf 76' lang='grc' dir='ltr'>ὄψεσιν</span> <span class='ocrx_word' id='word_1_471' title='bbox 2705 2460 2998 2534; x_wconf 79' lang='grc' dir='ltr'>Ὀρμίσδου</span> <span class='ocrx_word' id='word_1_472' title='bbox 3034 2459 3260 2522; x_wconf 82' lang='grc' dir='ltr'>τούτους</span> <span class='ocrx_word' id='word_1_473' title='bbox 3304 2459 3728 2529; x_wconf 79' lang='grc' dir='ltr'>ὲδιχοτόμησαν.</span> 
     </span>
    </p>
   </div>
   <div class='ocr_carea' id='block_1_71' title="bbox 2137 2540 3728 2629">
    <p class='ocr_par' dir='ltr' id='par_1_71' title="bbox 2137 2540 3728 2629">
     <span class='ocr_line' id='line_1_71' title="bbox 2137 2540 3728 2629; baseline -0.004 -18"><span class='ocrx_word' id='word_1_474' title='bbox 2137 2559 2241 2611; x_wconf 80' lang='grc' dir='ltr'>Τὸν</span> <span class='ocrx_word' id='word_1_475' title='bbox 2272 2559 2328 2611; x_wconf 81' lang='grc' dir='ltr'>δὲ</span> <span class='ocrx_word' id='word_1_476' title='bbox 2380 2556 2675 2629; x_wconf 78' lang='grc' dir='ltr'>’ωρμίσδαν</span> <span class='ocrx_word' id='word_1_477' title='bbox 2728 2540 3145 2627; x_wconf 70' lang='grc' dir='ltr'>τυφλώσαντες,</span> <span class='ocrx_word' id='word_1_478' title='bbox 3189 2556 3255 2627; x_wconf 83' lang='grc' dir='ltr'><strong>τῇ</strong></span> <span class='ocrx_word' id='word_1_479' title='bbox 3306 2556 3519 2626; x_wconf 82' lang='grc' dir='ltr'>φρουρᾷ</span> <span class='ocrx_word' id='word_1_480' title='bbox 3558 2555 3728 2607; x_wconf 78' lang='grc' dir='ltr'>ἐναπ-</span> 
     </span>
    </p>
   </div>
   <div class='ocr_carea' id='block_1_72' title="bbox 2137 2647 3729 2724">
    <p class='ocr_par' dir='ltr' id='par_1_72' title="bbox 2137 2647 3729 2724">
     <span class='ocr_line' id='line_1_72' title="bbox 2137 2647 3729 2724; baseline -0.003 -19"><span class='ocrx_word' id='word_1_481' title='bbox 2137 2651 2341 2705; x_wconf 85' lang='grc' dir='ltr'>έοεντο.</span> <span class='ocrx_word' id='word_1_482' title='bbox 2389 2651 2500 2704; x_wconf 68' lang='grc' dir='ltr'><strong>Καὶ</strong></span> <span class='ocrx_word' id='word_1_483' title='bbox 2527 2652 2556 2705; x_wconf 85' lang='grc' dir='ltr'>ὁ</span> <span class='ocrx_word' id='word_1_484' title='bbox 2594 2651 2692 2723; x_wconf 76' lang='grc' dir='ltr'>μὲν</span> <span class='ocrx_word' id='word_1_485' title='bbox 2738 2652 2989 2724; x_wconf 85' lang='grc' dir='ltr'>Χοσρόης</span> <span class='ocrx_word' id='word_1_486' title='bbox 3026 2651 3156 2722; x_wconf 80' lang='grc' dir='ltr'>ἄχρι</span> <span class='ocrx_word' id='word_1_487' title='bbox 3190 2650 3333 2713; x_wconf 81' lang='grc' dir='ltr'>τινὸς</span> <span class='ocrx_word' id='word_1_488' title='bbox 3371 2649 3463 2702; x_wconf 83' lang='grc' dir='ltr'><strong>τὸν</strong></span> <span class='ocrx_word' id='word_1_489' title='bbox 3513 2647 3729 2717; x_wconf 80' lang='grc' dir='ltr'>πατέρα</span> 
     </span>
    </p>
   </div>
   <div class='ocr_carea' id='block_1_73' title="bbox 2136 2740 3730 2817">
    <p class='ocr_par' dir='ltr' id='par_1_73' title="bbox 2136 2740 3730 2817">
     <span class='ocr_line' id='line_1_73' title="bbox 2136 2740 3730 2817; baseline -0.003 -20"><span class='ocrx_word' id='word_1_490' title='bbox 2136 2743 2564 2816; x_wconf 76' lang='grc' dir='ltr'>ἐφιλοφρόνησεν</span> <span class='ocrx_word' id='word_1_491' title='bbox 2616 2745 2675 2798; x_wconf 84' lang='grc' dir='ltr'>ὲν</span> <span class='ocrx_word' id='word_1_492' title='bbox 2727 2745 2793 2815; x_wconf 77' lang='grc' dir='ltr'>τῇ</span> <span class='ocrx_word' id='word_1_493' title='bbox 2844 2745 3079 2817; x_wconf 80' lang='grc' dir='ltr'>φρουρᾷ,</span> <span class='ocrx_word' id='word_1_494' title='bbox 3127 2744 3306 2809; x_wconf 84' lang='grc' dir='ltr'>πᾶσαν</span> <span class='ocrx_word' id='word_1_495' title='bbox 3344 2740 3540 2814; x_wconf 73' lang='grc' dir='ltr'>ἡδονὴν</span> <span class='ocrx_word' id='word_1_496' title='bbox 3588 2757 3730 2810; x_wconf 86' lang='grc' dir='ltr'>παρ-</span> 
     </span>
    </p>
   </div>
   <div class='ocr_carea' id='block_1_74' title="bbox 2136 2833 3730 2908">
    <p class='ocr_par' dir='ltr' id='par_1_74' title="bbox 2136 2833 3730 2908">
     <span class='ocr_line' id='line_1_74' title="bbox 2136 2833 3730 2908; baseline -0.002 -20"><span class='ocrx_word' id='word_1_497' title='bbox 2136 2834 2311 2908; x_wconf 84' lang='grc' dir='ltr'>έχων·</span> <span class='ocrx_word' id='word_1_498' title='bbox 2348 2838 2377 2890; x_wconf 87' lang='grc' dir='ltr'><strong>ό</strong></span> <span class='ocrx_word' id='word_1_499' title='bbox 2422 2835 2478 2889; x_wconf 86' lang='grc' dir='ltr'>δὲ</span> <span class='ocrx_word' id='word_1_500' title='bbox 2522 2835 2820 2908; x_wconf 88' lang='grc' dir='ltr'>Ὀρμίσδας</span> <span class='ocrx_word' id='word_1_501' title='bbox 2856 2835 3049 2907; x_wconf 76' lang='grc' dir='ltr'>ὕϐρεσι</span> <span class='ocrx_word' id='word_1_502' title='bbox 3090 2834 3277 2889; x_wconf 79' lang='grc' dir='ltr'>τοῦτον</span> <span class='ocrx_word' id='word_1_503' title='bbox 3303 2833 3584 2905; x_wconf 79' lang='grc' dir='ltr'>ἠμείϐετο,</span> <span class='ocrx_word' id='word_1_504' title='bbox 3621 2848 3730 2885; x_wconf 84' lang='grc' dir='ltr'>κα-</span> 
     </span>
    </p>
   </div>
   <div class='ocr_carea' id='block_1_75' title="bbox 2134 2925 3731 2999">
    <p class='ocr_par' dir='ltr' id='par_1_75' title="bbox 2134 2925 3731 2999">
     <span class='ocr_line' id='line_1_75' title="bbox 2134 2925 3731 2999; baseline -0.003 -19"><span class='ocrx_word' id='word_1_505' title='bbox 2134 2926 2395 2981; x_wconf 61' lang='grc' dir='ltr'>ταπατιῖω</span> <span class='ocrx_word' id='word_1_506' title='bbox 2424 2928 2471 2966; x_wconf 66' lang='grc' dir='ltr'>δ’</span> <span class='ocrx_word' id='word_1_507' title='bbox 2503 2928 2571 2981; x_wconf 91' lang='grc' dir='ltr'><strong>τά</strong></span> <span class='ocrx_word' id='word_1_508' title='bbox 2602 2926 2706 2981; x_wconf 76' lang='grc' dir='ltr'>ὑπὸ</span> <span class='ocrx_word' id='word_1_509' title='bbox 2731 2928 2827 2981; x_wconf 79' lang='grc' dir='ltr'>τοῦ</span> <span class='ocrx_word' id='word_1_510' title='bbox 2860 2927 3127 2999; x_wconf 84' lang='grc' dir='ltr'>βασιλέως</span> <span class='ocrx_word' id='word_1_511' title='bbox 3156 2926 3509 2995; x_wconf 86' lang='grc' dir='ltr'>πεμπόμενα.</span> <span class='ocrx_word' id='word_1_512' title='bbox 3546 2925 3731 2994; x_wconf 75' lang='grc' dir='ltr'>Ὀργιο</span> 
     </span>
    </p>
   </div>
   <div class='ocr_carea' id='block_1_76' title="bbox 2138 3017 3731 3091">
    <p class='ocr_par' dir='ltr' id='par_1_76' title="bbox 2138 3017 3731 3091">
     <span class='ocr_line' id='line_1_76' title="bbox 2138 3017 3731 3091; baseline -0.001 -18"><span class='ocrx_word' id='word_1_513' title='bbox 2138 3020 2288 3084; x_wconf 70' lang='grc' dir='ltr'>σοεὶς</span> <span class='ocrx_word' id='word_1_514' title='bbox 2338 3019 2470 3075; x_wconf 65' lang='lat' dir='ltr'><strong>se&quot;</strong></span> <span class='ocrx_word' id='word_1_515' title='bbox 2521 3020 2549 3072; x_wconf 89' lang='grc' dir='ltr'><strong>ό</strong></span> <span class='ocrx_word' id='word_1_516' title='bbox 2590 3020 2842 3091; x_wconf 87' lang='grc' dir='ltr'>Χοσρόης</span> <span class='ocrx_word' id='word_1_517' title='bbox 2900 3018 3157 3091; x_wconf 74' lang='grc' dir='ltr'>ῥοπάλοις</span> <span class='ocrx_word' id='word_1_518' title='bbox 3205 3019 3419 3090; x_wconf 87' lang='grc' dir='ltr'>ἀγρίοις</span> <span class='ocrx_word' id='word_1_519' title='bbox 3470 3017 3731 3071; x_wconf 73' lang='grc' dir='ltr'>ἐκέλευσε</span> 
     </span>
    </p>
   </div>
   <div class='ocr_carea' id='block_1_77' title="bbox 2136 3111 3730 3187">
    <p class='ocr_par' dir='ltr' id='par_1_77' title="bbox 2136 3111 3730 3187">
     <span class='ocr_line' id='line_1_77' title="bbox 2136 3111 3730 3187; baseline -0.001 -19"><span class='ocrx_word' id='word_1_520' title='bbox 2136 3114 2281 3169; x_wconf 84' lang='grc' dir='ltr'><strong>κατά</strong></span> <span class='ocrx_word' id='word_1_521' title='bbox 2310 3114 2421 3169; x_wconf 86' lang='grc' dir='ltr'>τῶν</span> <span class='ocrx_word' id='word_1_522' title='bbox 2462 3114 2705 3184; x_wconf 90' lang='grc' dir='ltr'>λαγόνων</span> <span class='ocrx_word' id='word_1_523' title='bbox 2742 3114 2853 3187; x_wconf 88' lang='grc'>(89)</span> <span class='ocrx_word' id='word_1_524' title='bbox 2900 3115 3240 3185; x_wconf 84' lang='grc' dir='ltr'>τυπτόμενον</span> <span class='ocrx_word' id='word_1_525' title='bbox 3269 3114 3313 3146; x_wconf 69' lang='grc'><strong>⁸⁸</strong></span> <span class='ocrx_word' id='word_1_526' title='bbox 3366 3111 3556 3167; x_wconf 79' lang='grc' dir='ltr'>τοῦτον</span> <span class='ocrx_word' id='word_1_527' title='bbox 3591 3113 3730 3166; x_wconf 85' lang='grc' dir='ltr'>ἀπο-</span> 
     </span>
    </p>
   </div>
   <div class='ocr_carea' id='block_1_78' title="bbox 2137 3206 3729 3279">
    <p class='ocr_par' dir='ltr' id='par_1_78' title="bbox 2137 3206 3729 3279">
     <span class='ocr_line' id='line_1_78' title="bbox 2137 3206 3729 3279; baseline -0.004 -17"><span class='ocrx_word' id='word_1_528' title='bbox 2137 3207 2338 3264; x_wconf 82' lang='grc' dir='ltr'>Θανεῖν.</span> <span class='ocrx_word' id='word_1_529' title='bbox 2372 3208 2547 3262; x_wconf 83' lang='grc' dir='ltr'>Τοῦτο</span> <span class='ocrx_word' id='word_1_530' title='bbox 2577 3207 2635 3261; x_wconf 81' lang='grc' dir='ltr'>δὲ</span> <span class='ocrx_word' id='word_1_531' title='bbox 2687 3207 2961 3279; x_wconf 77' lang='grc' dir='ltr'>ἐλύπησεν</span> <span class='ocrx_word' id='word_1_532' title='bbox 2988 3208 3115 3271; x_wconf 76' lang='grc' dir='ltr'>τοὺς</span> <span class='ocrx_word' id='word_1_533' title='bbox 3158 3208 3399 3274; x_wconf 85' lang='grc' dir='ltr'>Πέρσας,</span> <span class='ocrx_word' id='word_1_534' title='bbox 3428 3206 3524 3258; x_wconf 79' lang='grc' dir='ltr'>καὶ</span> <span class='ocrx_word' id='word_1_535' title='bbox 3568 3207 3729 3274; x_wconf 84' lang='grc' dir='ltr'>μῖσος</span> 
     </span>
    </p>
   </div>
   <div class='ocr_carea' id='block_1_79' title="bbox 2136 3298 3731 3372">
    <p class='ocr_par' dir='ltr' id='par_1_79' title="bbox 2136 3298 3731 3372">
     <span class='ocr_line' id='line_1_79' title="bbox 2136 3298 3731 3372; baseline -0.003 -17"><span class='ocrx_word' id='word_1_536' title='bbox 2136 3300 2279 3355; x_wconf 88' lang='grc' dir='ltr'><strong>κατά</strong></span> <span class='ocrx_word' id='word_1_537' title='bbox 2302 3301 2396 3355; x_wconf 81' lang='grc' dir='ltr'>τοῦ</span> <span class='ocrx_word' id='word_1_538' title='bbox 2423 3300 2666 3371; x_wconf 86' lang='grc' dir='ltr'>Χοσρόου</span> <span class='ocrx_word' id='word_1_539' title='bbox 2691 3301 2977 3370; x_wconf 72' lang='grc' dir='ltr'>ἐνέθηκεν.</span> <span class='ocrx_word' id='word_1_540' title='bbox 3004 3300 3254 3372; x_wconf 84' lang='grc' dir='ltr'>Χοσρόης</span> <span class='ocrx_word' id='word_1_541' title='bbox 3278 3300 3337 3354; x_wconf 76' lang='grc' dir='ltr'>δὲ</span> <span class='ocrx_word' id='word_1_542' title='bbox 3362 3298 3731 3370; x_wconf 88' lang='grc' dir='ltr'>συναθροίσας</span> 
     </span>
    </p>
   </div>
   <div class='ocr_carea' id='block_1_80' title="bbox 2134 3390 3728 3465">
    <p class='ocr_par' dir='ltr' id='par_1_80' title="bbox 2134 3390 3728 3465">
     <span class='ocr_line' id='line_1_80' title="bbox 2134 3390 3728 3465; baseline -0.001 -18"><span class='ocrx_word' id='word_1_543' title='bbox 2134 3392 2417 3465; x_wconf 86' lang='grc' dir='ltr'>δυνάμεις,</span> <span class='ocrx_word' id='word_1_544' title='bbox 2468 3394 2578 3449; x_wconf 81' lang='grc' dir='ltr'><strong>τῶν</strong></span> <span class='ocrx_word' id='word_1_545' title='bbox 2616 3394 2661 3427; x_wconf 72' lang='grc'><strong>⁸⁸</strong></span> <span class='ocrx_word' id='word_1_546' title='bbox 2718 3394 3013 3465; x_wconf 87' lang='grc' dir='ltr'>βασιλείων</span> <span class='ocrx_word' id='word_1_547' title='bbox 3069 3393 3381 3460; x_wconf 76' lang='grc' dir='ltr'>ὑπεξελθὼν</span> <span class='ocrx_word' id='word_1_548' title='bbox 3433 3392 3575 3446; x_wconf 85' lang='grc' dir='ltr'><strong>κατά</strong></span> <span class='ocrx_word' id='word_1_549' title='bbox 3630 3390 3728 3445; x_wconf 74' lang='grc' dir='ltr'>τοῦ</span> 
     </span>
    </p>
   </div>
   <div class='ocr_carea' id='block_1_81' title="bbox 2133 3484 3724 3562">
    <p class='ocr_par' dir='ltr' id='par_1_81' title="bbox 2133 3484 3724 3562">
     <span class='ocr_line' id='line_1_81' title="bbox 2133 3484 3724 3562; baseline -0.005 -18"><span class='ocrx_word' id='word_1_550' title='bbox 2133 3490 2335 3561; x_wconf 77' lang='grc' dir='ltr'>Βαράμ</span> <span class='ocrx_word' id='word_1_551' title='bbox 2387 3489 2725 3562; x_wconf 86' lang='grc' dir='ltr'>παρεγένετο</span> <span class='ocrx_word' id='word_1_552' title='bbox 2777 3490 2835 3542; x_wconf 81' lang='grc' dir='ltr'><strong>ἐν</strong></span> <span class='ocrx_word' id='word_1_553' title='bbox 2868 3488 3040 3560; x_wconf 85' lang='grc' dir='ltr'>πεδίῳ</span> <span class='ocrx_word' id='word_1_554' title='bbox 3089 3486 3182 3542; x_wconf 78' lang='grc' dir='ltr'><strong>τοῦ</strong></span> <span class='ocrx_word' id='word_1_555' title='bbox 3237 3485 3389 3542; x_wconf 84' lang='grc' dir='ltr'>Ζάϐα</span> <span class='ocrx_word' id='word_1_556' title='bbox 3448 3484 3724 3555; x_wconf 83' lang='grc' dir='ltr'>ποταμοῦ,</span> 
     </span>
    </p>
   </div>
   <div class='ocr_carea' id='block_1_82' title="bbox 2134 3579 3727 3656">
    <p class='ocr_par' dir='ltr' id='par_1_82' title="bbox 2134 3579 3727 3656">
     <span class='ocr_line' id='line_1_82' title="bbox 2134 3579 3727 3656; baseline -0.001 -20"><span class='ocrx_word' id='word_1_557' title='bbox 2134 3582 2263 3637; x_wconf 80' lang='grc' dir='ltr'>ἔνθα</span> <span class='ocrx_word' id='word_1_558' title='bbox 2290 3584 2491 3656; x_wconf 74' lang='grc' dir='ltr'>Βαρὰμ</span> <span class='ocrx_word' id='word_1_559' title='bbox 2543 3585 2638 3639; x_wconf 81' lang='grc' dir='ltr'><strong>τὸν</strong></span> <span class='ocrx_word' id='word_1_560' title='bbox 2669 3585 2890 3655; x_wconf 82' lang='grc' dir='ltr'>χάρακα</span> <span class='ocrx_word' id='word_1_561' title='bbox 2948 3579 3118 3655; x_wconf 80' lang='grc' dir='ltr'>εἶχεν.</span> <span class='ocrx_word' id='word_1_562' title='bbox 3163 3581 3483 3637; x_wconf 82' lang='grc' dir='ltr'>’Υπολαϐὼν</span> <span class='ocrx_word' id='word_1_563' title='bbox 3512 3581 3567 3635; x_wconf 82' lang='grc' dir='ltr'>δὲ</span> <span class='ocrx_word' id='word_1_564' title='bbox 3613 3582 3727 3635; x_wconf 79' lang='grc' dir='ltr'><strong>Χο-</strong></span> 
     </span>
    </p>
   </div>
   <div class='ocr_carea' id='block_1_83' title="bbox 2136 3677 3727 3751">
    <p class='ocr_par' dir='ltr' id='par_1_83' title="bbox 2136 3677 3727 3751">
     <span class='ocr_line' id='line_1_83' title="bbox 2136 3677 3727 3751; baseline -0.001 -18"><span class='ocrx_word' id='word_1_565' title='bbox 2136 3679 2325 3750; x_wconf 80' lang='grc' dir='ltr'>σρόης,</span> <span class='ocrx_word' id='word_1_566' title='bbox 2360 3679 2444 3733; x_wconf 87' lang='grc' dir='ltr'><strong>ὅτι</strong></span> <span class='ocrx_word' id='word_1_567' title='bbox 2473 3679 2620 3744; x_wconf 80' lang='grc' dir='ltr'>τινὲς</span> <span class='ocrx_word' id='word_1_568' title='bbox 2649 3680 2759 3733; x_wconf 82' lang='grc' dir='ltr'>τῶν</span> <span class='ocrx_word' id='word_1_569' title='bbox 2794 3678 3074 3751; x_wconf 85' lang='grc' dir='ltr'>ἀρχόντων</span> <span class='ocrx_word' id='word_1_570' title='bbox 3110 3679 3466 3750; x_wconf 80' lang='grc' dir='ltr'>πρόσκεινται</span> <span class='ocrx_word' id='word_1_571' title='bbox 3508 3677 3587 3746; x_wconf 78' lang='grc' dir='ltr'>τῷ</span> <span class='ocrx_word' id='word_1_572' title='bbox 3616 3678 3727 3731; x_wconf 83' lang='grc' dir='ltr'><strong>Βα-</strong></span> 
     </span>
    </p>
   </div>
   <div class='ocr_carea' id='block_1_84' title="bbox 2138 3771 3725 3843">
    <p class='ocr_par' dir='ltr' id='par_1_84' title="bbox 2138 3771 3725 3843">
     <span class='ocr_line' id='line_1_84' title="bbox 2138 3771 3725 3843; baseline 0.001 -19"><span class='ocrx_word' id='word_1_573' title='bbox 2138 3771 2274 3843; x_wconf 85' lang='grc' dir='ltr'><strong>ράμ,</strong></span> <span class='ocrx_word' id='word_1_574' title='bbox 2307 3772 2533 3836; x_wconf 83' lang='grc' dir='ltr'>τούτους</span> <span class='ocrx_word' id='word_1_575' title='bbox 2569 3772 2885 3841; x_wconf 78' lang='grc' dir='ltr'>ἐφόνευσεν.</span> <span class='ocrx_word' id='word_1_576' title='bbox 2926 3772 3309 3843; x_wconf 80' lang='grc' dir='ltr'>Ταραχθέντος</span> <span class='ocrx_word' id='word_1_577' title='bbox 3340 3772 3397 3825; x_wconf 80' lang='grc' dir='ltr'>δὲ</span> <span class='ocrx_word' id='word_1_578' title='bbox 3442 3771 3536 3825; x_wconf 80' lang='grc' dir='ltr'><strong>τοῦ</strong></span> <span class='ocrx_word' id='word_1_579' title='bbox 3566 3771 3725 3837; x_wconf 71' lang='grc' dir='ltr'>λαοῦ,</span> 
     </span>
    </p>
   </div>
   <div class='ocr_carea' id='block_1_85' title="bbox 2133 3866 3728 3939">
    <p class='ocr_par' dir='ltr' id='par_1_85' title="bbox 2133 3866 3728 3939">
     <span class='ocr_line' id='line_1_85' title="bbox 2133 3866 3728 3939; baseline 0.001 -20"><span class='ocrx_word' id='word_1_580' title='bbox 2133 3866 2523 3937; x_wconf 80' lang='grc' dir='ltr'>ἀποδιδράσκει</span> <span class='ocrx_word' id='word_1_581' title='bbox 2554 3867 2803 3939; x_wconf 88' lang='grc' dir='ltr'>Χοσρόης</span> <span class='ocrx_word' id='word_1_582' title='bbox 2840 3867 2981 3935; x_wconf 87' lang='grc' dir='ltr'>μετά</span> <span class='ocrx_word' id='word_1_583' title='bbox 3004 3885 3168 3921; x_wconf 88' lang='grc' dir='ltr'>τινων</span> <span class='ocrx_word' id='word_1_584' title='bbox 3194 3867 3395 3936; x_wconf 87' lang='grc' dir='ltr'>ὀλίγων</span> <span class='ocrx_word' id='word_1_585' title='bbox 3419 3884 3432 3898; x_wconf 90' lang='grc'><strong>·</strong></span> <span class='ocrx_word' id='word_1_586' title='bbox 3464 3867 3559 3921; x_wconf 71' lang='grc' dir='ltr'><strong>καὶ</strong></span> <span class='ocrx_word' id='word_1_587' title='bbox 3587 3866 3728 3920; x_wconf 88' lang='grc' dir='ltr'>πάν-</span> 
     </span>
    </p>
   </div>
   <div class='ocr_carea' id='block_1_86' title="bbox 2133 3958 3723 4031">
    <p class='ocr_par' dir='ltr' id='par_1_86' title="bbox 2133 3958 3723 4031">
     <span class='ocr_line' id='line_1_86' title="bbox 2133 3958 3723 4031; baseline 0.003 -21"><span class='ocrx_word' id='word_1_588' title='bbox 2133 3974 2225 4022; x_wconf 88' lang='grc' dir='ltr'><strong>τες</strong></span> <span class='ocrx_word' id='word_1_589' title='bbox 2253 3961 2301 4011; x_wconf 89' lang='grc' dir='ltr'>οἱ</span> <span class='ocrx_word' id='word_1_590' title='bbox 2332 3960 2379 3991; x_wconf 73' lang='grc'><strong>⁵⁸</strong></span> <span class='ocrx_word' id='word_1_591' title='bbox 2402 3959 2533 4030; x_wconf 75' lang='grc' dir='ltr'>περὶ</span> <span class='ocrx_word' id='word_1_592' title='bbox 2560 3959 2652 4013; x_wconf 81' lang='grc' dir='ltr'><strong>τὸν</strong></span> <span class='ocrx_word' id='word_1_593' title='bbox 2676 3959 2929 4031; x_wconf 83' lang='grc' dir='ltr'>Χοσρόην</span> <span class='ocrx_word' id='word_1_594' title='bbox 2947 3958 3024 4030; x_wconf 82' lang='grc' dir='ltr'>τῷ</span> <span class='ocrx_word' id='word_1_595' title='bbox 3045 3959 3244 4031; x_wconf 88' lang='grc' dir='ltr'>Βαράμ</span> <span class='ocrx_word' id='word_1_596' title='bbox 3266 3959 3723 4030; x_wconf 82' lang='grc' dir='ltr'>προσεχώρησαν.</span> 
     </span>
    </p>
   </div>
   <div class='ocr_carea' id='block_1_87' title="bbox 2143 4051 3726 4125">
    <p class='ocr_par' dir='ltr' id='par_1_87' title="bbox 2143 4051 3726 4125">
     <span class='ocr_line' id='line_1_87' title="bbox 2143 4051 3726 4125; baseline 0.001 -20"><span class='ocrx_word' id='word_1_597' title='bbox 2143 4051 2204 4105; x_wconf 87' lang='lat'><strong>&#39;0</strong></span> <span class='ocrx_word' id='word_1_598' title='bbox 2237 4051 2294 4105; x_wconf 65' lang='grc' dir='ltr'>δὲ</span> <span class='ocrx_word' id='word_1_599' title='bbox 2326 4051 2575 4125; x_wconf 84' lang='grc' dir='ltr'>Χοσρὸης</span> <span class='ocrx_word' id='word_1_600' title='bbox 2608 4053 2807 4124; x_wconf 80' lang='grc' dir='ltr'>ἠπόρει</span> <span class='ocrx_word' id='word_1_601' title='bbox 2839 4053 2891 4107; x_wconf 91' lang='grc' dir='ltr'><strong>τί</strong></span> <span class='ocrx_word' id='word_1_602' title='bbox 2922 4053 3112 4125; x_wconf 89' lang='grc' dir='ltr'>δράσοι</span> <span class='ocrx_word' id='word_1_603' title='bbox 3140 4054 3207 4119; x_wconf 69' lang='grc'><strong>⁸⁷,</strong></span> <span class='ocrx_word' id='word_1_604' title='bbox 3251 4053 3411 4108; x_wconf 81' lang='grc' dir='ltr'>ἐνίων</span> <span class='ocrx_word' id='word_1_605' title='bbox 3448 4055 3548 4124; x_wconf 80' lang='grc' dir='ltr'><strong>μὲν</strong></span> <span class='ocrx_word' id='word_1_606' title='bbox 3583 4070 3726 4125; x_wconf 79' lang='grc' dir='ltr'>συμο</span> 
     </span>
    </p>
   </div>
   <div class='ocr_carea' id='block_1_88' title="bbox 2133 4145 3725 4220">
    <p class='ocr_par' dir='ltr' id='par_1_88' title="bbox 2133 4145 3725 4220">
     <span class='ocr_line' id='line_1_88' title="bbox 2133 4145 3725 4220; baseline 0.001 -21"><span class='ocrx_word' id='word_1_607' title='bbox 2133 4145 2502 4202; x_wconf 88' lang='grc' dir='ltr'>ϐουλευόντων</span> <span class='ocrx_word' id='word_1_608' title='bbox 2532 4146 2682 4219; x_wconf 80' lang='grc' dir='ltr'>αύτῷ</span> <span class='ocrx_word' id='word_1_609' title='bbox 2714 4148 2852 4219; x_wconf 84' lang='grc' dir='ltr'>πρὸς</span> <span class='ocrx_word' id='word_1_610' title='bbox 2880 4148 3157 4220; x_wconf 89' lang='grc' dir='ltr'>Τούρκους</span> <span class='ocrx_word' id='word_1_611' title='bbox 3191 4151 3411 4220; x_wconf 78' lang='grc' dir='ltr'>χωρεῖν,</span> <span class='ocrx_word' id='word_1_612' title='bbox 3437 4148 3641 4219; x_wconf 79' lang='grc' dir='ltr'>ἑτέρων</span> <span class='ocrx_word' id='word_1_613' title='bbox 3669 4147 3725 4201; x_wconf 63' lang='grc' dir='ltr'>δὲ</span> 
     </span>
    </p>
   </div>
   <div class='ocr_carea' id='block_1_89' title="bbox 2132 4240 3725 4315">
    <p class='ocr_par' dir='ltr' id='par_1_89' title="bbox 2132 4240 3725 4315">
     <span class='ocr_line' id='line_1_89' title="bbox 2132 4240 3725 4315; baseline -0.001 -20"><span class='ocrx_word' id='word_1_614' title='bbox 2132 4242 2271 4311; x_wconf 75' lang='grc' dir='ltr'>πρὸς</span> <span class='ocrx_word' id='word_1_615' title='bbox 2320 4241 2647 4311; x_wconf 83' lang='grc' dir='ltr'>Ῥωμαίους.</span> <span class='ocrx_word' id='word_1_616' title='bbox 2686 4242 2745 4295; x_wconf 89' lang='lat'><strong>&#39;0</strong></span> <span class='ocrx_word' id='word_1_617' title='bbox 2766 4240 2823 4295; x_wconf 81' lang='grc' dir='ltr'>δὲ</span> <span class='ocrx_word' id='word_1_618' title='bbox 2848 4242 3098 4315; x_wconf 83' lang='grc' dir='ltr'>Χοσρόης</span> <span class='ocrx_word' id='word_1_619' title='bbox 3124 4241 3220 4295; x_wconf 82' lang='grc' dir='ltr'>τοῦ</span> <span class='ocrx_word' id='word_1_620' title='bbox 3251 4242 3419 4296; x_wconf 82' lang='grc' dir='ltr'>ἵππου</span> <span class='ocrx_word' id='word_1_621' title='bbox 3452 4241 3497 4278; x_wconf 78' lang='grc'><strong>’⁸⁸</strong></span> <span class='ocrx_word' id='word_1_622' title='bbox 3528 4241 3725 4304; x_wconf 78' lang='grc' dir='ltr'>ἐπιϐὰς</span> 
     </span>
    </p>
   </div>
   <div class='ocr_carea' id='block_1_90' title="bbox 2133 4333 3723 4407">
    <p class='ocr_par' dir='ltr' id='par_1_90' title="bbox 2133 4333 3723 4407">
     <span class='ocr_line' id='line_1_90' title="bbox 2133 4333 3723 4407; baseline 0 -19"><span class='ocrx_word' id='word_1_623' title='bbox 2133 4336 2230 4388; x_wconf 70' lang='grc' dir='ltr'><strong>καὶ</strong></span> <span class='ocrx_word' id='word_1_624' title='bbox 2283 4333 2376 4388; x_wconf 81' lang='grc' dir='ltr'><strong>τὸν</strong></span> <span class='ocrx_word' id='word_1_625' title='bbox 2410 4334 2630 4406; x_wconf 85' lang='grc' dir='ltr'>χαλινὸν</span> <span class='ocrx_word' id='word_1_626' title='bbox 2676 4334 2844 4397; x_wconf 75' lang='grc' dir='ltr'>ἐάσας</span> <span class='ocrx_word' id='word_1_627' title='bbox 2895 4334 3227 4407; x_wconf 82' lang='grc' dir='ltr'>προστάττει</span> <span class='ocrx_word' id='word_1_628' title='bbox 3276 4337 3441 4389; x_wconf 82' lang='grc' dir='ltr'>πᾶσιν</span> <span class='ocrx_word' id='word_1_629' title='bbox 3493 4334 3723 4388; x_wconf 80' lang='grc' dir='ltr'>ἕπεσθαι</span> 
     </span>
    </p>
   </div>
   <div class='ocr_carea' id='block_1_91' title="bbox 2131 4424 3721 4501">
    <p class='ocr_par' dir='ltr' id='par_1_91' title="bbox 2131 4424 3721 4501">
     <span class='ocr_line' id='line_1_91' title="bbox 2131 4424 3721 4501; baseline 0.001 -24"><span class='ocrx_word' id='word_1_630' title='bbox 2131 4427 2245 4488; x_wconf 86' lang='grc' dir='ltr'>τοῖς</span> <span class='ocrx_word' id='word_1_631' title='bbox 2278 4424 2371 4479; x_wconf 75' lang='grc' dir='ltr'>τοῦ</span> <span class='ocrx_word' id='word_1_632' title='bbox 2407 4426 2577 4480; x_wconf 75' lang='grc' dir='ltr'>ἵππου</span> <span class='ocrx_word' id='word_1_633' title='bbox 2610 4427 2931 4497; x_wconf 83' lang='grc' dir='ltr'>κινήμασιν.</span> <span class='ocrx_word' id='word_1_634' title='bbox 2980 4426 3040 4479; x_wconf 88' lang='lat'><strong>&#39;0</strong></span> <span class='ocrx_word' id='word_1_635' title='bbox 3068 4426 3125 4480; x_wconf 75' lang='grc' dir='ltr'>δὲ</span> <span class='ocrx_word' id='word_1_636' title='bbox 3146 4425 3322 4501; x_wconf 14' lang='grc' dir='ltr'>ηἴππος</span> <span class='ocrx_word' id='word_1_637' title='bbox 3354 4424 3448 4480; x_wconf 71' lang='grc' dir='ltr'>ἐπὶ</span> <span class='ocrx_word' id='word_1_638' title='bbox 3475 4425 3544 4479; x_wconf 83' lang='grc' dir='ltr'><strong>τά</strong></span> <span class='ocrx_word' id='word_1_639' title='bbox 3586 4425 3721 4479; x_wconf 82' lang='grc' dir='ltr'><strong>Ῥω-</strong></span> 
     </span>
    </p>
   </div>
   <div class='ocr_carea' id='block_1_92' title="bbox 444 4494 2032 4590">
    <p class='ocr_par' dir='ltr' id='par_1_92' title="bbox 444 4510 2027 4584">
     <span class='ocr_line' id='line_1_92' title="bbox 444 4510 2027 4584; baseline -0.001 -17"><span class='ocrx_word' id='word_1_640' title='bbox 444 4512 813 4583; x_wconf 85' lang='lat' dir='ltr'><strong>Quamobrem</strong></span> <span class='ocrx_word' id='word_1_641' title='bbox 847 4513 1121 4570; x_wconf 84' lang='lat' dir='ltr'><strong>Cbosroes</strong></span> <span class='ocrx_word' id='word_1_642' title='bbox 1155 4512 1286 4584; x_wconf 90' lang='lat' dir='ltr'><strong>quid</strong></span> <span class='ocrx_word' id='word_1_643' title='bbox 1312 4512 1414 4567; x_wconf 86' lang='lat' dir='ltr'><strong>sibi</strong></span> <span class='ocrx_word' id='word_1_644' title='bbox 1460 4512 1734 4583; x_wconf 86' lang='lat' dir='ltr'><strong>agendum</strong></span> <span class='ocrx_word' id='word_1_645' title='bbox 1770 4510 1909 4567; x_wconf 90' lang='lat' dir='ltr'><strong>foret</strong></span> <span class='ocrx_word' id='word_1_646' title='bbox 1943 4511 2027 4566; x_wconf 88' lang='lat' dir='ltr'><strong>in-</strong></span> 
     </span>
    </p>
   </div>
   <div class='ocr_carea' id='block_1_93' title="bbox 2134 4494 3721 4590">
    <p class='ocr_par' dir='ltr' id='par_1_93' title="bbox 2136 4494 3721 4590">
     <span class='ocr_line' id='line_1_93' title="bbox 2136 4494 3721 4590; baseline -0.003 -17"><span class='ocrx_word' id='word_1_647' title='bbox 2136 4516 2310 4587; x_wconf 84' lang='grc' dir='ltr'>μαῖκά</span> <span class='ocrx_word' id='word_1_648' title='bbox 2366 4517 2506 4589; x_wconf 84' lang='grc' dir='ltr'>μέρη</span> <span class='ocrx_word' id='word_1_649' title='bbox 2537 4494 2863 4590; x_wconf 80' lang='grc' dir='ltr'>ἀπεκίνησε,</span> <span class='ocrx_word' id='word_1_650' title='bbox 2917 4518 3013 4573; x_wconf 75' lang='grc' dir='ltr'><strong>καὶ</strong></span> <span class='ocrx_word' id='word_1_651' title='bbox 3060 4498 3197 4589; x_wconf 74' lang='grc' dir='ltr'>πρὸς</span> <span class='ocrx_word' id='word_1_652' title='bbox 3230 4518 3291 4571; x_wconf 78' lang='grc' dir='ltr'>τὸ</span> <span class='ocrx_word' id='word_1_653' title='bbox 3340 4518 3644 4586; x_wconf 81' lang='grc' dir='ltr'>Κερκέσιον</span> <span class='ocrx_word' id='word_1_654' title='bbox 3675 4519 3721 4550; x_wconf 71' lang='grc' dir='ltr'><strong>δ’</strong></span> 
     </span>
    </p>
   </div>
   <div class='ocr_carea' id='block_1_94' title="bbox 444 4604 2029 4673">
    <p class='ocr_par' dir='ltr' id='par_1_94' title="bbox 444 4604 2029 4673">
     <span class='ocr_line' id='line_1_94' title="bbox 444 4604 2029 4673; baseline -0.001 -10"><span class='ocrx_word' id='word_1_655' title='bbox 444 4618 654 4673; x_wconf 80' lang='lat' dir='ltr'><strong>certus,</strong></span> <span class='ocrx_word' id='word_1_656' title='bbox 683 4622 807 4664; x_wconf 89' lang='lat' dir='ltr'><strong>cum</strong></span> <span class='ocrx_word' id='word_1_657' title='bbox 849 4608 944 4662; x_wconf 87' lang='lat' dir='ltr'><strong>alii</strong></span> <span class='ocrx_word' id='word_1_658' title='bbox 972 4607 1039 4663; x_wconf 89' lang='lat' dir='ltr'><strong>ad</strong></span> <span class='ocrx_word' id='word_1_659' title='bbox 1068 4604 1301 4671; x_wconf 88' lang='lat' dir='ltr'><strong>&#39;l‘urcos,</strong></span> <span class='ocrx_word' id='word_1_660' title='bbox 1338 4607 1404 4663; x_wconf 87' lang='lat' dir='ltr'><strong>ad</strong></span> <span class='ocrx_word' id='word_1_661' title='bbox 1438 4605 1715 4662; x_wconf 82' lang='lat' dir='ltr'><strong>Romanos</strong></span> <span class='ocrx_word' id='word_1_662' title='bbox 1745 4605 1835 4661; x_wconf 90' lang='lat' dir='ltr'><strong>alii</strong></span> <span class='ocrx_word' id='word_1_663' title='bbox 1875 4620 2029 4662; x_wconf 86' lang='lat' dir='ltr'><strong>sece-</strong></span> 
     </span>
    </p>
   </div>
   <div class='ocr_carea' id='block_1_95' title="bbox 442 4696 2031 4770">
    <p class='ocr_par' dir='ltr' id='par_1_95' title="bbox 442 4696 2031 4770">
     <span class='ocr_line' id='line_1_95' title="bbox 442 4696 2031 4770; baseline -0.003 -13"><span class='ocrx_word' id='word_1_664' title='bbox 442 4700 573 4759; x_wconf 86' lang='lat' dir='ltr'><strong>dere</strong></span> <span class='ocrx_word' id='word_1_665' title='bbox 628 4702 943 4765; x_wconf 88' lang='lat' dir='ltr'><strong>suaderent,</strong></span> <span class='ocrx_word' id='word_1_666' title='bbox 979 4699 1359 4756; x_wconf 90' lang='lat' dir='ltr'><strong>conscendens</strong></span> <span class='ocrx_word' id='word_1_667' title='bbox 1410 4713 1636 4770; x_wconf 87' lang='lat' dir='ltr'><strong>equum,</strong></span> <span class='ocrx_word' id='word_1_668' title='bbox 1701 4696 2031 4767; x_wconf 89' lang='lat' dir='ltr'><strong>frenumque</strong></span> 
     </span>
    </p>
   </div>
   <div class='ocr_carea' id='block_1_96' title="bbox 442 4795 2028 4866">
    <p class='ocr_par' dir='ltr' id='par_1_96' title="bbox 442 4795 2028 4866">
     <span class='ocr_line' id='line_1_96' title="bbox 442 4795 2028 4866; baseline 0 -15"><span class='ocrx_word' id='word_1_669' title='bbox 442 4796 753 4861; x_wconf 82' lang='lat' dir='ltr'><strong>remittens,</strong></span> <span class='ocrx_word' id='word_1_670' title='bbox 811 4804 1148 4866; x_wconf 88' lang='lat' dir='ltr'><strong>spontaneos</strong></span> <span class='ocrx_word' id='word_1_671' title='bbox 1193 4795 1318 4866; x_wconf 90' lang='lat' dir='ltr'><strong>equi</strong></span> <span class='ocrx_word' id='word_1_672' title='bbox 1356 4803 1539 4849; x_wconf 89' lang='lat' dir='ltr'><strong>motus</strong></span> <span class='ocrx_word' id='word_1_673' title='bbox 1566 4803 1797 4850; x_wconf 79' lang='lat' dir='ltr'><strong>caeteros</strong></span> <span class='ocrx_word' id='word_1_674' title='bbox 1836 4808 2028 4851; x_wconf 90' lang='lat' dir='ltr'><strong>omnes</strong></span> 
     </span>
    </p>
   </div>
   <div class='ocr_carea' id='block_1_97' title="bbox 444 4885 2027 4961">
    <p class='ocr_par' dir='ltr' id='par_1_97' title="bbox 444 4885 2027 4961">
     <span class='ocr_line' id='line_1_97' title="bbox 444 4885 2027 4961; baseline -0.002 -16"><span class='ocrx_word' id='word_1_675' title='bbox 444 4891 599 4961; x_wconf 87' lang='lat' dir='ltr'><strong>sequi</strong></span> <span class='ocrx_word' id='word_1_676' title='bbox 631 4888 820 4957; x_wconf 84' lang='lat' dir='ltr'><strong>jussit.</strong></span> <span class='ocrx_word' id='word_1_677' title='bbox 874 4887 1064 4959; x_wconf 85' lang='lat' dir='ltr'><strong>Equus</strong></span> <span class='ocrx_word' id='word_1_678' title='bbox 1111 4895 1291 4943; x_wconf 86' lang='lat' dir='ltr'><strong>autem</strong></span> <span class='ocrx_word' id='word_1_679' title='bbox 1337 4887 1404 4942; x_wconf 88' lang='lat' dir='ltr'><strong>ad</strong></span> <span class='ocrx_word' id='word_1_680' title='bbox 1454 4885 1830 4943; x_wconf 82' lang='lat' dir='ltr'><strong>Romanorum</strong></span> <span class='ocrx_word' id='word_1_681' title='bbox 1888 4885 2027 4943; x_wconf 84' lang='lat' dir='ltr'><strong>lines</strong></span> 
     </span>
    </p>
   </div>
   <div class='ocr_carea' id='block_1_98' title="bbox 442 4978 2020 5056">
    <p class='ocr_par' dir='ltr' id='par_1_98' title="bbox 442 4978 2020 5056">
     <span class='ocr_line' id='line_1_98' title="bbox 442 4978 2020 5056; baseline -0.001 -18"><span class='ocrx_word' id='word_1_682' title='bbox 442 4999 790 5056; x_wconf 81' lang='lat' dir='ltr'><strong>progressus,</strong></span> <span class='ocrx_word' id='word_1_683' title='bbox 821 4982 888 5037; x_wconf 79' lang='lat' dir='ltr'><strong>ad</strong></span> <span class='ocrx_word' id='word_1_684' title='bbox 916 4981 1235 5038; x_wconf 81' lang='lat' dir='ltr'><strong>Cercesium</strong></span> <span class='ocrx_word' id='word_1_685' title='bbox 1284 4978 1433 5035; x_wconf 85' lang='lat' dir='ltr'><strong>venit</strong></span> <span class='ocrx_word' id='word_1_686' title='bbox 1465 4997 1476 5031; x_wconf 91' lang='lat'>:</span> <span class='ocrx_word' id='word_1_687' title='bbox 1514 4987 1626 5034; x_wconf 88' lang='lat' dir='ltr'><strong>tum</strong></span> <span class='ocrx_word' id='word_1_688' title='bbox 1652 4994 1781 5035; x_wconf 87' lang='lat' dir='ltr'><strong>vero</strong></span> <span class='ocrx_word' id='word_1_689' title='bbox 1813 4979 2020 5051; x_wconf 83' lang='lat' dir='ltr'><strong>legatos</strong></span> 
     </span>
    </p>
   </div>
   <div class='ocr_carea' id='block_1_99' title="bbox 2131 4607 3719 4681">
    <p class='ocr_par' dir='ltr' id='par_1_99' title="bbox 2131 4607 3719 4681">
     <span class='ocr_line' id='line_1_99' title="bbox 2131 4607 3719 4681; baseline 0.001 -21"><span class='ocrx_word' id='word_1_690' title='bbox 2131 4607 2527 4680; x_wconf 82' lang='grc' dir='ltr'>παραγίνεται·</span> <span class='ocrx_word' id='word_1_691' title='bbox 2562 4607 2659 4663; x_wconf 74' lang='grc' dir='ltr'><strong>καὶ</strong></span> <span class='ocrx_word' id='word_1_692' title='bbox 2704 4607 2962 4681; x_wconf 79' lang='grc' dir='ltr'>πρέσϐεις</span> <span class='ocrx_word' id='word_1_693' title='bbox 2994 4608 3273 4678; x_wconf 72' lang='grc' dir='ltr'>ἐκπέμπει</span> <span class='ocrx_word' id='word_1_694' title='bbox 3303 4608 3351 4640; x_wconf 84' lang='grc'><strong><em>³⁸</em></strong></span> <span class='ocrx_word' id='word_1_695' title='bbox 3385 4607 3484 4672; x_wconf 76' lang='grc' dir='ltr'>τὴν</span> <span class='ocrx_word' id='word_1_696' title='bbox 3522 4608 3719 4663; x_wconf 79' lang='grc' dir='ltr'>ἑαυτοῦ</span> 
     </span>
    </p>
   </div>
   <div class='ocr_carea' id='block_1_100' title="bbox 2129 4701 3721 4775">
    <p class='ocr_par' dir='ltr' id='par_1_100' title="bbox 2129 4701 3721 4775">
     <span class='ocr_line' id='line_1_100' title="bbox 2129 4701 3721 4775; baseline -0.001 -18"><span class='ocrx_word' id='word_1_697' title='bbox 2129 4701 2315 4773; x_wconf 75' lang='grc' dir='ltr'>ἄφιξιν</span> <span class='ocrx_word' id='word_1_698' title='bbox 2354 4702 2662 4775; x_wconf 80' lang='grc' dir='ltr'>κατάδηλον</span> <span class='ocrx_word' id='word_1_699' title='bbox 2692 4703 2999 4774; x_wconf 84' lang='grc' dir='ltr'>Ῥωμαίοις</span> <span class='ocrx_word' id='word_1_700' title='bbox 3041 4702 3387 4772; x_wconf 85' lang='grc' dir='ltr'>ποιούμενος.</span> <span class='ocrx_word' id='word_1_701' title='bbox 3425 4703 3627 4773; x_wconf 83' lang='grc' dir='ltr'>Ἔτυχε</span> <span class='ocrx_word' id='word_1_702' title='bbox 3662 4702 3721 4755; x_wconf 69' lang='grc' dir='ltr'>δὲ</span> 
     </span>
    </p>
   </div>
   <div class='ocr_carea' id='block_1_101' title="bbox 2130 4794 3716 4868">
    <p class='ocr_par' dir='ltr' id='par_1_101' title="bbox 2130 4794 3716 4868">
     <span class='ocr_line' id='line_1_101' title="bbox 2130 4794 3716 4868; baseline 0 -20"><span class='ocrx_word' id='word_1_703' title='bbox 2130 4795 2343 4866; x_wconf 88' lang='grc' dir='ltr'>Πρόϐον</span> <span class='ocrx_word' id='word_1_704' title='bbox 2376 4796 2469 4860; x_wconf 61' lang='grc' dir='ltr'><strong>τόν</strong></span> <span class='ocrx_word' id='word_1_705' title='bbox 2496 4795 2791 4868; x_wconf 86' lang='grc' dir='ltr'>πατρίκιον</span> <span class='ocrx_word' id='word_1_706' title='bbox 2818 4796 2938 4850; x_wconf 75' lang='grc' dir='ltr'>ἐκεῖ</span> <span class='ocrx_word' id='word_1_707' title='bbox 2956 4796 3087 4850; x_wconf 78' lang='grc' dir='ltr'>ὅντα</span> <span class='ocrx_word' id='word_1_708' title='bbox 3102 4794 3296 4850; x_wconf 83' lang='grc' dir='ltr'>τοῦτον</span> <span class='ocrx_word' id='word_1_709' title='bbox 3326 4795 3716 4863; x_wconf 79' lang='grc' dir='ltr'>ὐποδέξασθαι,</span> 
     </span>
    </p>
   </div>
   <div class='ocr_carea' id='block_1_102' title="bbox 2128 4886 3720 4960">
    <p class='ocr_par' dir='ltr' id='par_1_102' title="bbox 2128 4886 3720 4960">
     <span class='ocr_line' id='line_1_102' title="bbox 2128 4886 3720 4960; baseline 0.001 -20"><span class='ocrx_word' id='word_1_710' title='bbox 2128 4888 2224 4940; x_wconf 76' lang='grc' dir='ltr'><strong>καὶ</strong></span> <span class='ocrx_word' id='word_1_711' title='bbox 2267 4887 2356 4940; x_wconf 78' lang='grc' dir='ltr'>διὰ</span> <span class='ocrx_word' id='word_1_712' title='bbox 2415 4887 2766 4960; x_wconf 85' lang='grc' dir='ltr'>γραμμάτων</span> <span class='ocrx_word' id='word_1_713' title='bbox 2818 4886 2895 4959; x_wconf 79' lang='grc' dir='ltr'>τῷ</span> <span class='ocrx_word' id='word_1_714' title='bbox 2930 4887 3145 4959; x_wconf 87' lang='grc' dir='ltr'>βασιλεῖ</span> <span class='ocrx_word' id='word_1_715' title='bbox 3201 4888 3523 4960; x_wconf 84' lang='grc' dir='ltr'>μηνύσαντα</span> <span class='ocrx_word' id='word_1_716' title='bbox 3558 4888 3601 4920; x_wconf 81' lang='grc'><strong>⁵¹</strong></span> <span class='ocrx_word' id='word_1_717' title='bbox 3651 4886 3720 4942; x_wconf 86' lang='grc' dir='ltr'><strong>τά</strong></span> 
     </span>
    </p>
   </div>
   <div class='ocr_carea' id='block_1_103' title="bbox 2131 4979 3720 5055">
    <p class='ocr_par' dir='ltr' id='par_1_103' title="bbox 2131 4979 3720 5055">
     <span class='ocr_line' id='line_1_103' title="bbox 2131 4979 3720 5055; baseline 0.003 -23"><span class='ocrx_word' id='word_1_718' title='bbox 2131 4979 2252 5033; x_wconf 79' lang='grc' dir='ltr'>κατ’</span> <span class='ocrx_word' id='word_1_719' title='bbox 2282 4980 2467 5035; x_wconf 70' lang='grc' dir='ltr'>αὐτόν.</span> <span class='ocrx_word' id='word_1_720' title='bbox 2525 4983 2569 5036; x_wconf 90' lang='grc' dir='ltr'><strong>Ο</strong></span> <span class='ocrx_word' id='word_1_721' title='bbox 2599 4981 2656 5036; x_wconf 80' lang='grc' dir='ltr'>δὲ</span> <span class='ocrx_word' id='word_1_722' title='bbox 2689 4980 2891 5054; x_wconf 81' lang='grc' dir='ltr'>Βαρὰμ</span> <span class='ocrx_word' id='word_1_723' title='bbox 2926 4981 3252 5037; x_wconf 82' lang='grc' dir='ltr'>ἀπέστειλεν</span> <span class='ocrx_word' id='word_1_724' title='bbox 3292 4982 3551 5053; x_wconf 86' lang='grc' dir='ltr'>πρέσϐεις</span> <span class='ocrx_word' id='word_1_725' title='bbox 3582 4981 3720 5055; x_wconf 77' lang='grc' dir='ltr'>πρὸς</span> 
     </span>
    </p>
   </div>
   <div class='ocr_carea' id='block_1_104' title="bbox 1754 5092 2428 5153">
    <p class='ocr_par' dir='ltr' id='par_1_104' title="bbox 1754 5092 2428 5153">
     <span class='ocr_line' id='line_1_104' title="bbox 1754 5092 2428 5153; baseline 0.009 -6"><span class='ocrx_word' id='word_1_726' title='bbox 1754 5092 1984 5149; x_wconf 54' lang='grc' dir='ltr'>νΑιιιΕ</span> <span class='ocrx_word' id='word_1_727' title='bbox 2024 5092 2428 5153; x_wconf 73' lang='lat' dir='ltr'><strong>LECTIONES.</strong></span> 
     </span>
    </p>
   </div>
   <div class='ocr_carea' id='block_1_105' title="bbox 512 5190 3719 5264">
    <p class='ocr_par' dir='ltr' id='par_1_105' title="bbox 512 5190 3719 5264">
     <span class='ocr_line' id='line_1_105' title="bbox 512 5190 3719 5264; baseline -0.001 -16"><span class='ocrx_word' id='word_1_728' title='bbox 512 5196 554 5227; x_wconf 81' lang='grc'><strong>³⁸</strong></span> <span class='ocrx_word' id='word_1_729' title='bbox 582 5192 903 5260; x_wconf 77' lang='grc' dir='ltr'>ἀνθέξεσθαι</span> <span class='ocrx_word' id='word_1_730' title='bbox 939 5193 983 5264; x_wconf 71' lang='grc' dir='ltr'>Α</span> <span class='ocrx_word' id='word_1_731' title='bbox 1016 5206 1045 5245; x_wconf 90' lang='lat' dir='ltr'><strong>a</strong></span> <span class='ocrx_word' id='word_1_732' title='bbox 1078 5191 1117 5255; x_wconf 87' lang='lat' dir='ltr'><strong>f,</strong></span> <span class='ocrx_word' id='word_1_733' title='bbox 1152 5190 1513 5255; x_wconf 79' lang='grc' dir='ltr'>ἀναδέξασθαι</span> <span class='ocrx_word' id='word_1_734' title='bbox 1534 5191 1742 5264; x_wconf 19' lang='lat' dir='ltr'><strong>iulg.“</strong></span> <span class='ocrx_word' id='word_1_735' title='bbox 1774 5190 1996 5264; x_wconf 45' lang='lat' dir='ltr'><strong>&quot;ego;</strong></span> <span class='ocrx_word' id='word_1_736' title='bbox 2024 5190 2330 5264; x_wconf 4' lang='grc' dir='ltr'>,Τούρκους</span> <span class='ocrx_word' id='word_1_737' title='bbox 2361 5194 2427 5261; x_wconf 77' lang='grc' dir='ltr'>τῇ</span> <span class='ocrx_word' id='word_1_738' title='bbox 2454 5192 2677 5264; x_wconf 86' lang='grc' dir='ltr'>Περσίδι</span> <span class='ocrx_word' id='word_1_739' title='bbox 2726 5193 2928 5262; x_wconf 83' lang='grc' dir='ltr'>φόρους</span> <span class='ocrx_word' id='word_1_740' title='bbox 2958 5192 3130 5248; x_wconf 87' lang='grc' dir='ltr'>τελεῖν</span> <span class='ocrx_word' id='word_1_741' title='bbox 3155 5211 3288 5249; x_wconf 86' lang='grc' dir='ltr'>πεπ.</span> <span class='ocrx_word' id='word_1_742' title='bbox 3327 5194 3392 5254; x_wconf 78' lang='grc' dir='ltr'>Α.</span> <span class='ocrx_word' id='word_1_743' title='bbox 3430 5194 3591 5258; x_wconf 85' lang='grc' dir='ltr'>ὅσους</span> <span class='ocrx_word' id='word_1_744' title='bbox 3622 5195 3719 5262; x_wconf 71' lang='grc' dir='ltr'><strong>φό-</strong></span> 
     </span>
    </p>
   </div>
   <div class='ocr_carea' id='block_1_106' title="bbox 441 5261 1603 5338">
    <p class='ocr_par' dir='ltr' id='par_1_106' title="bbox 441 5261 1603 5338">
     <span class='ocr_line' id='line_1_106' title="bbox 441 5261 1603 5338; baseline -0.007 -17"><span class='ocrx_word' id='word_1_745' title='bbox 441 5283 571 5337; x_wconf 84' lang='grc' dir='ltr'>ρους</span> <span class='ocrx_word' id='word_1_746' title='bbox 587 5265 862 5338; x_wconf 13' lang='grc' dir='ltr'>ίΤούρκων</span> <span class='ocrx_word' id='word_1_747' title='bbox 889 5262 1063 5316; x_wconf 81' lang='grc' dir='ltr'>τελεῖν</span> <span class='ocrx_word' id='word_1_748' title='bbox 1095 5265 1162 5333; x_wconf 80' lang='grc' dir='ltr'>τῇ</span> <span class='ocrx_word' id='word_1_749' title='bbox 1198 5264 1262 5318; x_wconf 89' lang='grc' dir='ltr'><strong>Π.</strong></span> <span class='ocrx_word' id='word_1_750' title='bbox 1298 5280 1432 5338; x_wconf 34' lang='grc' dir='ltr'>πε-π.</span> <span class='ocrx_word' id='word_1_751' title='bbox 1461 5261 1603 5338; x_wconf 70' lang='lat' dir='ltr'><strong>vulg.</strong></span> 
     </span>
    </p>
   </div>
   <div class='ocr_carea' id='block_1_107' title="bbox 439 5333 1432 5402">
    <p class='ocr_par' dir='ltr' id='par_1_107' title="bbox 439 5333 1432 5402">
     <span class='ocr_line' id='line_1_107' title="bbox 439 5333 1432 5402; baseline -0.006 -10"><span class='ocrx_word' id='word_1_752' title='bbox 439 5333 930 5402; x_wconf 72' lang='grc' dir='ltr'>ειωθόσινἈ,(ιιιο</span> <span class='ocrx_word' id='word_1_753' title='bbox 994 5347 1157 5388; x_wconf 86' lang='lat' dir='ltr'><strong>sensu</strong></span> <span class='ocrx_word' id='word_1_754' title='bbox 1227 5333 1432 5387; x_wconf 67' lang='lat' dir='ltr'><strong>nescio.</strong></span> 
     </span>
    </p>
   </div>
   <div class='ocr_carea' id='block_1_108' title="bbox 1702 5259 3721 5336">
    <p class='ocr_par' dir='ltr' id='par_1_108' title="bbox 1702 5259 3721 5336">
     <span class='ocr_line' id='line_1_108' title="bbox 1702 5259 3721 5336; baseline 0.001 -21"><span class='ocrx_word' id='word_1_755' title='bbox 1702 5262 1747 5293; x_wconf 73' lang='grc' dir='ltr'><strong>⁸ο</strong></span> <span class='ocrx_word' id='word_1_756' title='bbox 1775 5259 1923 5336; x_wconf 68' lang='grc' dir='ltr'>αὑτῷ</span> <span class='ocrx_word' id='word_1_757' title='bbox 1957 5259 2172 5332; x_wconf 74' lang='grc' dir='ltr'>μᾶλλον</span> <span class='ocrx_word' id='word_1_758' title='bbox 2199 5265 2362 5336; x_wconf 83' lang='grc' dir='ltr'>παῖδα</span> <span class='ocrx_word' id='word_1_759' title='bbox 2391 5259 2458 5327; x_wconf 80' lang='grc' dir='ltr'>Ᾰ,</span> <span class='ocrx_word' id='word_1_760' title='bbox 2494 5259 2702 5321; x_wconf 83' lang='lat' dir='ltr'><strong>oinisso</strong></span> <span class='ocrx_word' id='word_1_761' title='bbox 2729 5259 2953 5336; x_wconf 72' lang='grc' dir='ltr'>μᾶλλον,</span> <span class='ocrx_word' id='word_1_762' title='bbox 2984 5269 3127 5334; x_wconf 87' lang='lat' dir='ltr'><strong>quod</strong></span> <span class='ocrx_word' id='word_1_763' title='bbox 3167 5267 3436 5336; x_wconf 86' lang='lat' dir='ltr'><strong>sequitur.</strong></span> <span class='ocrx_word' id='word_1_764' title='bbox 3517 5266 3559 5297; x_wconf 79' lang='lat'>&quot;</span> <span class='ocrx_word' id='word_1_765' title='bbox 3587 5259 3721 5335; x_wconf 84' lang='grc' dir='ltr'>προ-</span> 
     </span>
    </p>
   </div>
   <div class='ocr_carea' id='block_1_109' title="bbox 1533 5332 2671 5403">
    <p class='ocr_par' dir='ltr' id='par_1_109' title="bbox 1533 5332 2671 5403">
     <span class='ocr_line' id='line_1_109' title="bbox 1533 5332 2671 5403; baseline 0.006 -19"><span class='ocrx_word' id='word_1_766' title='bbox 1533 5334 1575 5363; x_wconf 63' lang='grc' dir='ltr'>δ’</span> <span class='ocrx_word' id='word_1_767' title='bbox 1607 5332 1937 5385; x_wconf 78' lang='grc' dir='ltr'>καταπατῶν</span> <span class='ocrx_word' id='word_1_768' title='bbox 1971 5363 2042 5373; x_wconf 93' lang='lat'><strong>—-</strong></span> <span class='ocrx_word' id='word_1_769' title='bbox 2080 5335 2408 5403; x_wconf 81' lang='grc' dir='ltr'>πεμπόμενα</span> <span class='ocrx_word' id='word_1_770' title='bbox 2443 5351 2555 5390; x_wconf 91' lang='lat' dir='ltr'><strong>om.</strong></span> <span class='ocrx_word' id='word_1_771' title='bbox 2606 5338 2671 5390; x_wconf 84' lang='lat' dir='ltr'><strong>A.</strong></span> 
     </span>
    </p>
   </div>
   <div class='ocr_carea' id='block_1_110' title="bbox 2775 5336 3717 5406">
    <p class='ocr_par' dir='ltr' id='par_1_110' title="bbox 2775 5336 3717 5406">
     <span class='ocr_line' id='line_1_110' title="bbox 2775 5336 3717 5406; baseline 0.011 -18"><span class='ocrx_word' id='word_1_772' title='bbox 2775 5337 2821 5367; x_wconf 67' lang='grc'><strong>⁸³</strong></span> <span class='ocrx_word' id='word_1_773' title='bbox 2853 5336 3130 5406; x_wconf 83' lang='grc' dir='ltr'>ὀργισθεὶς</span> <span class='ocrx_word' id='word_1_774' title='bbox 3176 5337 3231 5390; x_wconf 84' lang='grc' dir='ltr'>δὲ</span> <span class='ocrx_word' id='word_1_775' title='bbox 3284 5340 3313 5390; x_wconf 89' lang='grc' dir='ltr'>ὁ</span> <span class='ocrx_word' id='word_1_776' title='bbox 3357 5338 3423 5390; x_wconf 86' lang='grc' dir='ltr'><strong>Χ.</strong></span> <span class='ocrx_word' id='word_1_777' title='bbox 3475 5342 3602 5406; x_wconf 54' lang='lat' dir='ltr'><strong>dore.</strong></span> <span class='ocrx_word' id='word_1_778' title='bbox 3658 5338 3717 5398; x_wconf 75' lang='grc' dir='ltr'>Α.</span> 
     </span>
    </p>
   </div>
   <div class='ocr_carea' id='block_1_111' title="bbox 438 5401 3717 5482">
    <p class='ocr_par' dir='ltr' id='par_1_111' title="bbox 438 5401 3717 5482">
     <span class='ocr_line' id='line_1_111' title="bbox 438 5401 3717 5482; baseline -0.002 -20"><span class='ocrx_word' id='word_1_779' title='bbox 438 5406 688 5482; x_wconf 70' lang='grc' dir='ltr'>ᾠργίσθη</span> <span class='ocrx_word' id='word_1_780' title='bbox 719 5407 776 5482; x_wconf 77' lang='grc' dir='ltr'>δὲ</span> <span class='ocrx_word' id='word_1_781' title='bbox 796 5401 1201 5482; x_wconf 32' lang='lat' dir='ltr'><strong>exactior;</strong></span> <span class='ocrx_word' id='word_1_782' title='bbox 1230 5404 1378 5482; x_wconf 67' lang='lat' dir='ltr'><strong>vulg.</strong></span> <span class='ocrx_word' id='word_1_783' title='bbox 1456 5405 1503 5482; x_wconf 60' lang='grc' dir='ltr'><strong>δξ</strong></span> <span class='ocrx_word' id='word_1_784' title='bbox 1528 5406 1667 5482; x_wconf 41' lang='lat' dir='ltr'><strong>mal}</strong></span> <span class='ocrx_word' id='word_1_785' title='bbox 1692 5404 1823 5482; x_wconf 49' lang='lat' dir='ltr'><strong>firm</strong></span> <span class='ocrx_word' id='word_1_786' title='bbox 1873 5403 2116 5482; x_wconf 65' lang='grc' dir='ltr'>λαγόνων</span> <span class='ocrx_word' id='word_1_787' title='bbox 2144 5401 2483 5482; x_wconf 56' lang='grc' dir='ltr'>τυπτόμενον</span> <span class='ocrx_word' id='word_1_788' title='bbox 2537 5408 2604 5470; x_wconf 75' lang='grc' dir='ltr'>Α,</span> <span class='ocrx_word' id='word_1_789' title='bbox 2636 5406 2778 5482; x_wconf 81' lang='grc' dir='ltr'><strong>κατά</strong></span> <span class='ocrx_word' id='word_1_790' title='bbox 2827 5401 3154 5482; x_wconf 34' lang='grc' dir='ltr'>τῶι-λαγόνα</span> <span class='ocrx_word' id='word_1_791' title='bbox 3202 5401 3501 5482; x_wconf 68' lang='grc' dir='ltr'>τύπτεσθαι</span> <span class='ocrx_word' id='word_1_792' title='bbox 3539 5409 3717 5482; x_wconf 19' lang='lat' dir='ltr'><strong>&quot;Vulg.</strong></span> 
     </span>
    </p>
   </div>
   <div class='ocr_carea' id='block_1_112' title="bbox 436 5474 3719 5561">
    <p class='ocr_par' dir='ltr' id='par_1_112' title="bbox 436 5474 3719 5561">
     <span class='ocr_line' id='line_1_112' title="bbox 436 5474 3719 5561; baseline 0 -29"><span class='ocrx_word' id='word_1_793' title='bbox 436 5474 626 5561; x_wconf 64' lang='grc' dir='ltr'>δ”τῶν</span> <span class='ocrx_word' id='word_1_794' title='bbox 650 5474 774 5561; x_wconf 51' lang='lat' dir='ltr'><strong>alid:</strong></span> <span class='ocrx_word' id='word_1_795' title='bbox 797 5493 871 5561; x_wconf 60' lang='grc' dir='ltr'><strong>ἐκ</strong></span> <span class='ocrx_word' id='word_1_796' title='bbox 909 5479 973 5530; x_wconf 79' lang='grc' dir='ltr'>Α.</span> <span class='ocrx_word' id='word_1_797' title='bbox 1002 5549 1017 5561; x_wconf 41' lang='grc' dir='ltr'><strong><em>ι</em></strong></span> <span class='ocrx_word' id='word_1_798' title='bbox 1053 5474 1098 5506; x_wconf 71' lang='grc'>⁸⁸</span> <span class='ocrx_word' id='word_1_799' title='bbox 1132 5477 1184 5561; x_wconf 37' lang='lat' dir='ltr'><strong>oni</strong></span> <span class='ocrx_word' id='word_1_800' title='bbox 1216 5475 1349 5561; x_wconf 62' lang='lat' dir='ltr'><strong>add:</strong></span> <span class='ocrx_word' id='word_1_801' title='bbox 1383 5490 1447 5530; x_wconf 86' lang='lat' dir='ltr'><strong>ex</strong></span> <span class='ocrx_word' id='word_1_802' title='bbox 1476 5478 1549 5561; x_wconf 48' lang='grc' dir='ltr'><strong>Δ..</strong></span> <span class='ocrx_word' id='word_1_803' title='bbox 1617 5474 1872 5561; x_wconf 36' lang='grc' dir='ltr'>⁴⁷νδράσει</span> <span class='ocrx_word' id='word_1_804' title='bbox 1919 5477 1983 5561; x_wconf 48' lang='lat' dir='ltr'><strong>is.</strong></span> <span class='ocrx_word' id='word_1_805' title='bbox 2011 5476 2208 5561; x_wconf 65' lang='grc' dir='ltr'>δρξισαι</span> <span class='ocrx_word' id='word_1_806' title='bbox 2245 5477 2564 5561; x_wconf 43' lang='grc' dir='ltr'>ίηδράσοιτο</span> <span class='ocrx_word' id='word_1_807' title='bbox 2609 5478 2753 5549; x_wconf 82' lang='lat' dir='ltr'><strong>vulg.</strong></span> <span class='ocrx_word' id='word_1_808' title='bbox 2834 5479 2880 5511; x_wconf 75' lang='lat'><strong>&quot;&#39;</strong></span> <span class='ocrx_word' id='word_1_809' title='bbox 2906 5476 3002 5533; x_wconf 84' lang='grc' dir='ltr'>τοῦ</span> <span class='ocrx_word' id='word_1_810' title='bbox 3034 5474 3220 5532; x_wconf 72' lang='grc' dir='ltr'>ῖππου</span> <span class='ocrx_word' id='word_1_811' title='bbox 3267 5482 3332 5545; x_wconf 81' lang='grc' dir='ltr'>Α,</span> <span class='ocrx_word' id='word_1_812' title='bbox 3384 5481 3491 5534; x_wconf 83' lang='grc' dir='ltr'><strong>τῶν</strong></span> <span class='ocrx_word' id='word_1_813' title='bbox 3536 5474 3719 5533; x_wconf 76' lang='grc' dir='ltr'>ἵππων</span> 
     </span>
    </p>
   </div>
   <div class='ocr_carea' id='block_1_113' title="bbox 440 5546 2004 5621">
    <p class='ocr_par' dir='ltr' id='par_1_113' title="bbox 440 5546 2004 5621">
     <span class='ocr_line' id='line_1_113' title="bbox 440 5546 2004 5621; baseline -0.001 -18"><span class='ocrx_word' id='word_1_814' title='bbox 440 5550 585 5621; x_wconf 79' lang='lat' dir='ltr'><strong>vulg.</strong></span> <span class='ocrx_word' id='word_1_815' title='bbox 662 5550 708 5583; x_wconf 68' lang='grc' dir='ltr'><strong>δ’</strong></span> <span class='ocrx_word' id='word_1_816' title='bbox 732 5548 967 5617; x_wconf 82' lang='grc' dir='ltr'>Κέρσιον</span> <span class='ocrx_word' id='word_1_817' title='bbox 989 5549 1053 5601; x_wconf 81' lang='grc' dir='ltr'>Α.</span> <span class='ocrx_word' id='word_1_818' title='bbox 1131 5547 1176 5578; x_wconf 75' lang='grc'><strong>⁸⁸</strong></span> <span class='ocrx_word' id='word_1_819' title='bbox 1211 5547 1489 5617; x_wconf 80' lang='grc' dir='ltr'>ἐκπέμπει</span> <span class='ocrx_word' id='word_1_820' title='bbox 1521 5549 1584 5610; x_wconf 87' lang='grc' dir='ltr'>Λ,</span> <span class='ocrx_word' id='word_1_821' title='bbox 1618 5547 1826 5617; x_wconf 82' lang='grc' dir='ltr'>πέμπει</span> <span class='ocrx_word' id='word_1_822' title='bbox 1858 5546 2004 5616; x_wconf 79' lang='lat' dir='ltr'><strong>vulg.</strong></span> 
     </span>
    </p>
   </div>
   <div class='ocr_carea' id='block_1_114' title="bbox 2110 5550 2479 5617">
    <p class='ocr_par' dir='ltr' id='par_1_114' title="bbox 2110 5550 2479 5617">
     <span class='ocr_line' id='line_1_114' title="bbox 2110 5550 2479 5617; baseline 0.011 -19"><span class='ocrx_word' id='word_1_823' title='bbox 2110 5550 2121 5577; x_wconf 81' lang='lat'>&#39;</span> <span class='ocrx_word' id='word_1_824' title='bbox 2162 5550 2399 5617; x_wconf 69' lang='grc' dir='ltr'>μηνῦσαι</span> <span class='ocrx_word' id='word_1_825' title='bbox 2429 5565 2479 5611; x_wconf 76' lang='lat' dir='ltr'><strong>a,</strong></span> 
     </span>
    </p>
   </div>
   <div class='ocr_carea' id='block_1_115' title="bbox 1737 5639 2437 5699">
    <p class='ocr_par' dir='ltr' id='par_1_115' title="bbox 1737 5639 2437 5699">
     <span class='ocr_line' id='line_1_115' title="bbox 1737 5639 2437 5699; baseline 0.01 -7"><span class='ocrx_word' id='word_1_826' title='bbox 1737 5639 1877 5693; x_wconf 74' lang='lat' dir='ltr'><strong>JAC.</strong></span> <span class='ocrx_word' id='word_1_827' title='bbox 1910 5639 2122 5697; x_wconf 80' lang='lat' dir='ltr'><strong>GOARI</strong></span> <span class='ocrx_word' id='word_1_828' title='bbox 2176 5640 2437 5699; x_wconf 54' lang='lat' dir='ltr'><strong>NOTIE.’</strong></span> 
     </span>
    </p>
   </div>
   <div class='ocr_carea' id='block_1_116' title="bbox 511 5734 3712 5865">
    <p class='ocr_par' dir='ltr' id='par_1_116' title="bbox 511 5734 3712 5865">
     <span class='ocr_line' id='line_1_116' title="bbox 511 5734 3712 5865; baseline -0.001 -71"><span class='ocrx_word' id='word_1_829' title='bbox 511 5734 625 5865; x_wconf 57' lang='lat'><strong>(82)</strong></span> <span class='ocrx_word' id='word_1_830' title='bbox 655 5737 749 5793; x_wconf 87' lang='lat' dir='ltr'><strong>Sic</strong></span> <span class='ocrx_word' id='word_1_831' title='bbox 783 5747 839 5794; x_wconf 88' lang='lat' dir='ltr'><strong>ct</strong></span> <span class='ocrx_word' id='word_1_832' title='bbox 863 5736 1069 5795; x_wconf 76' lang='lat' dir='ltr'><strong>Simoc.</strong></span> <span class='ocrx_word' id='word_1_833' title='bbox 1106 5739 1139 5794; x_wconf 84' lang='grc' dir='ltr'>Ι.</span> <span class='ocrx_word' id='word_1_834' title='bbox 1183 5752 1252 5803; x_wconf 80' lang='grc' dir='ltr'><strong>ιν,</strong></span> <span class='ocrx_word' id='word_1_835' title='bbox 1282 5752 1332 5793; x_wconf 87' lang='lat' dir='ltr'><strong>e.</strong></span> <span class='ocrx_word' id='word_1_836' title='bbox 1362 5737 1411 5803; x_wconf 90' lang='lat'><strong>7,</strong></span> <span class='ocrx_word' id='word_1_837' title='bbox 1448 5737 1591 5792; x_wconf 74' lang='grc' dir='ltr'>κατὰ</span> <span class='ocrx_word' id='word_1_838' title='bbox 1637 5736 1744 5792; x_wconf 77' lang='grc' dir='ltr'><strong>τῶν</strong></span> <span class='ocrx_word' id='word_1_839' title='bbox 1808 5738 2052 5808; x_wconf 63' lang='grc' dir='ltr'>λαγόνων</span> <span class='ocrx_word' id='word_1_840' title='bbox 2092 5739 2416 5813; x_wconf 76' lang='grc' dir='ltr'>παιόμενος,</span> <span class='ocrx_word' id='word_1_841' title='bbox 2447 5741 2517 5797; x_wconf 83' lang='lat' dir='ltr'><strong>ad</strong></span> <span class='ocrx_word' id='word_1_842' title='bbox 2546 5741 2641 5797; x_wconf 79' lang='lat' dir='ltr'><strong>ilia</strong></span> <span class='ocrx_word' id='word_1_843' title='bbox 2666 5756 2870 5811; x_wconf 77' lang='lat' dir='ltr'><strong>cwsus,</strong></span> <span class='ocrx_word' id='word_1_844' title='bbox 2926 5738 3117 5795; x_wconf 83' lang='lat' dir='ltr'><strong>acerba</strong></span> <span class='ocrx_word' id='word_1_845' title='bbox 3185 5746 3353 5795; x_wconf 80' lang='lat' dir='ltr'><strong>morte</strong></span> <span class='ocrx_word' id='word_1_846' title='bbox 3421 5737 3712 5798; x_wconf 70' lang='lat' dir='ltr'><strong>exstinctus</strong></span> 
     </span>
     <span class='ocr_line' id='line_1_117' title="bbox 511 5821 856 5865; baseline 0 0"><span class='ocrx_word' id='word_1_847' title='bbox 511 5821 536 5865; x_wconf 78' lang='grc'>’.</span> <span class='ocrx_word' id='word_1_848' title='bbox 610 5822 856 5865; x_wconf 73' lang='lat' dir='ltr'><strong>ouams.</strong></span> 
     </span>
    </p>
   </div>
   <div class='ocr_carea' id='block_1_117' title="bbox 436 5820 856 5873">
    <p class='ocr_par' dir='ltr' id='par_1_117' title="bbox 436 5820 856 5873">
     <span class='ocr_line' id='line_1_118' title="bbox 436 5820 856 5873; baseline -0.002 -6"><span class='ocrx_word' id='word_1_849' title='bbox 436 5827 489 5869; x_wconf 64' lang='grc' dir='ltr'><strong>ἐξ</strong></span> <span class='ocrx_word' id='word_1_850' title='bbox 500 5820 536 5867; x_wconf 66' lang='grc' dir='ltr'><strong>ἴ.</strong></span> <span class='ocrx_word' id='word_1_851' title='bbox 564 5820 856 5873; x_wconf 66' lang='grc' dir='ltr'>υοιιβεγιε.</span> 
     </span>
    </p>
   </div>
  </div>
