4004 6290
426 335 537 404 575

1837 335 2336 400 THEOPHANIS

3610 336 3711 401 576

503 457 571 512 Δ.
602 451 667 510 C.
696 451 822 508 584.
863 450 982 507 Hoc
1028 463 1176 506 anno
1217 448 1513 523 Chaganus
1555 449 1624 506 ad
1657 459 1870 522 pactam
1909 451 2013 509 sibi

2189 456 2256 509 Α.
2288 452 2361 508 Μ.
2395 452 2557 510 6084.
2593 481 2665 493 --
2695 450 2885 524 Τούτῳ
2913 449 2993 523 τῷ
3031 447 3143 504 [ut
3167 451 3197 505 ὁ
3245 449 3500 520 Χαγάνος
3529 448 3711 522 ὶζήτεο

442 545 796 606 aecuniarum
828 557 1102 599 summam
1129 551 1489 616 augmentum
1525 542 1643 599 dari
1680 539 2023 615 postulabat.

437 635 743 706 Imperator
784 642 914 690 vero
955 633 1179 690 barbari
1226 650 1514 692 sermones
1550 636 1780 708 respuit.
1838 637 2022 704 Quare

434 731 639 786 bellum
678 743 943 784 renovare
990 727 1287 799 Chaganus
1342 729 1631 785 constituit
1666 747 1681 796 ;
1714 746 1839 786 mox
1896 730 2020 785 Sin-

436 823 690 894 gidoncm
722 822 954 888 obtinet,
1014 829 1068 876 et
1117 820 1186 875 ad
1228 820 1491 877 Sirmium
1547 831 1729 879 castra
1763 834 2017 878 metatur.

437 916 742 986 Imperator
776 925 957 970 autem
991 914 1242 972 Priscum
1267 913 1499 988 Europae
1531 917 1726 974 ducem
1760 919 2019 973 instituit.

435 1008 661 1063 Priscus
704 1006 1020 1062 Salvianum
1051 1007 1155 1064 sub
1188 1007 1500 1080 selegatum
1539 1010 1722 1082 elegit,
1777 1019 1832 1065 et
1879 1027 2020 1080 prte-

436 1116 664 1157 currere
700 1111 825 1156 ante
869 1100 1031 1172 227
1070 1102 1374 1158 exercitum
1412 1102 1587 1174 jubet.
1628 1104 1687 1159 In
1746 1104 2022 1161 Barbaros

438 1194 627 1266 itaque
655 1194 968 1264 irruptione
999 1193 1170 1260 facta,
1225 1196 1454 1267 aerique
1493 1203 1753 1253 conserto
1805 1198 2016 1268 praelia,

437 1303 609 1359 penes
640 1286 918 1343 ltomanos
943 1288 1096 1344 stetit
1128 1289 1362 1344 victoria
1392 1305 1407 1355 ;
1437 1289 1609 1345 cladis
1632 1300 1860 1362 accepto
1881 1307 2022 1346 nun-

439 1383 534 1444 tio,
594 1380 756 1434 alium
819 1380 1121 1436 exercitum
1190 1381 1417 1438 instruit
1493 1382 1815 1455 Cbaganus,
1866 1393 1922 1439 et
1952 1383 2020 1439 ad

443 1487 681 1542 pugnam
732 1472 1034 1544 egreditur.
1079 1472 1378 1530 Salvianus
1424 1482 1766 1531 armatorum
1811 1477 2021 1547 ingenti

437 1564 786 1620 multitudine
825 1574 1146 1636 conspecta,
1185 1565 1519 1634 deterretur,
1561 1575 1614 1624 et
1654 1567 1723 1623 ad
1769 1566 2018 1626 Priscum

437 1657 752 1713 revertitur.
809 1657 1052 1716 Recessu
1111 1657 1488 1716 Romanorum
1534 1662 1781 1732 cognito,
1827 1677 2021 1719 versus

439 1745 766 1802 Anchialum
809 1749 1100 1820 Chagauus
1149 1750 1418 1821 procedit,
1478 1751 1744 1808 Sanctum
1776 1754 2022 1810 Alexan-

437 1838 599 1894 drum
652 1840 895 1909 intellige
930 1850 1024 1897 :et
1067 1851 1222 1898 vasto
1273 1842 1529 1900 incendio
1575 1844 1758 1900 locum
1801 1861 2021 1903 onmem

438 1930 825 2002 depOpulatur.
855 1931 980 1988 Inde
1001 1930 1293 2004 Drizepera
1313 1935 1558 2002 divertit,
1582 1943 1637 1991 et
1655 1936 2024 1992 obsidionalio

439 2025 544 2080 bus
571 2024 845 2080 machinis
890 2026 1227 2096 comparatis
1253 2026 1517 2097 oppidum
1558 2043 1877 2100 expugnare
1907 2043 2026 2084 mo-

437 2117 589 2172 litur.
657 2115 1082 2188 Drizeperorum
1141 2117 1338 2173 incolae
1396 2126 1588 2189 pectus
1656 2120 2024 2176 audacissime

436 2211 1069 2283 npposuere:reseratis
1105 2211 1253 2268 enim
1306 2212 1503 2282 portis,
1566 2227 1691 2267 cum
1771 2213 2024 2270 barbaris

438 2317 499 2358 se
543 2302 757 2358 fortiter
807 2316 1227 2372 congressuros,
1282 2309 1527 2358 extrema
1565 2304 1897 2360 necessitate
1925 2319 2026 2375 op-

436 2394 614 2465 pressi
691 2393 1065 2449 minabantur.
1126 2391 1283 2448 Tunc
1357 2408 1515 2459 sane,
1567 2401 1700 2454 tunc
1759 2397 2026 2468 temporis

437 2483 627 2538 divina
659 2481 774 2540 illis
815 2481 972 2538 affuit
1023 2483 1221 2539 virtus.
1273 2481 1562 2539 Manifesta
1607 2485 1808 2555 quippe
1863 2487 2030 2542 meri-

437 2580 548 2636 diei
613 2581 734 2637 luce
784 2578 1163 2635 Romanorum
1228 2579 1422 2649 copias
1482 2579 1622 2635 urbe
1677 2579 2027 2650 egredientes

439 2691 667 2732 cernere
751 2673 977 2731 Barbari
1049 2673 1155 2732 sibi
1223 2673 1326 2730 visi
1392 2681 1544 2739 sunt,
1602 2680 1658 2728 et
1721 2673 2026 2729 ineundum

439 2782 719 2824 armorum
783 2767 1106 2823 minitantes
1158 2779 1572 2837 congressum:
1611 2782 1679 2823 ex
1725 2781 1838 2837 quo
1891 2783 2027 2824 con-

439 2861 670 2924 turbati,
727 2860 782 2917 in
836 2861 1178 2933 praecipitem
1255 2859 1442 2930 fugam
1516 2875 1576 2916 se
1645 2860 2027 2930 projieientes,

438 2952 767 3007 Perinthum
827 2967 888 3007 se
935 2952 1244 3008 contulere.
1314 2951 1538 3009 Priscus
1597 2964 1782 3008 autem
1850 2953 2027 3010 solius

447 3041 755 3097 barbarica:
806 3041 942 3097 aciei
979 3048 1334 3114 conspectum
1375 3040 1520 3098 ferre
1569 3058 1679 3098 non
1718 3045 2026 3111 sustinens,

2127 546 2448 618 προσθήκας
2477 545 2554 620 (4)
2589 545 2709 609 ταῖς
2762 543 3061 616 συνθήκαις
3084 543 3134 577 ⁸⁸
3186 543 3512 615 λαμϐάνειν.
3569 541 3624 597 '0
3656 543 3711 596 δὲ

2123 642 2482 712 αὐτοκράτωρ
2529 643 2658 704 τοὺς
2691 639 2885 706 λόγους
2930 638 3024 693 τοῦ
3058 637 3338 710 βαρϐάρου
3378 638 3439 691 οὐ
3480 636 3706 708 παρεδέ-

2125 733 2252 801 ξατο
2274 734 2342 791 ⁸⁸.
2375 735 2474 788 Διά
2506 733 2664 788 τοῦτο
2683 735 2711 788 ὁ
2743 731 3000 800 Χαγάνος
3037 732 3211 803 ἤρατο
3234 731 3396 788 πάλιν
3429 729 3524 783 τὸν
3553 729 3702 783 πόλε-

2126 845 2249 898 μον,
2310 827 2404 882 καὶ
2444 826 2728 899 πολιορκεῖ
2759 825 2859 896 τὴν
2907 824 3218 894 Σιγγιδὸνα,
3257 822 3353 877 καὶ
3407 837 3712 893 στρατοπε-

2122 920 2266 974 δεύει
2293 919 2437 974 κατὰ
2460 919 2520 974 τὸ
2552 919 2808 991 Σέρμιον.
2844 915 2904 972 '0
2933 917 2991 972 δὲ
3016 916 3374 989 αὐτοκράτωρ
3407 914 3712 986 στρατηγὸν

2123 1012 2225 1082 τῆς
2260 1012 2536 1084 Εὐρώπης
2564 1012 2866 1084 χειροτονεῖ
2892 1012 2984 1066 τὸν
3007 1010 3269 1082 Πρίσκον.
3310 1009 3366 1063 '0
3393 1009 3449 1063 δὲ
3474 1007 3712 1079 Πρίσκος

2123 1108 2215 1161 τὸν
2264 1105 2564 1160 Σαλϐιανὺν
2618 1105 3036 1176 ὑποστράτηγον
3095 1105 3333 1174 ποιήσας
3387 1101 3714 1172 προτρέχειν

2124 1197 2431 1252 ἐκέλευσεν.
2486 1195 2597 1250 Kal.
2649 1197 2793 1250 κατᾶ
2849 1196 2958 1249 τῶν
3012 1194 3308 1266 βαρϐάρων
3359 1195 3712 1265 χωρήσαντες

2126 1289 2490 1364 συγκροτοῦσι
2513 1290 2750 1358 πόλεμον
2780 1290 2875 1344 καὶ
2913 1287 3137 1344 νικῶσιν
3162 1288 3207 1320 ⁸⁷
3247 1288 3530 1356 Ῥωμαῖοι.
3576 1284 3635 1338 '0
3655 1285 3714 1338 δι

2123 1388 2378 1456 Χαγάνος
2423 1385 2586 1439 τοῦτο
2640 1380 2918 1453 ἀκηκοὼς,
2971 1378 3258 1436 ἀναλαϐὼν
3302 1379 3398 1443 τὰς
3432 1379 3714 1449 δυνάμεις,

2125 1479 2322 1550 ὲχὼρει
2363 1477 2500 1548 πρὸς
2553 1475 2790 1546 πόλεμον
2817 1474 2884 1529 ⁸⁸.
2927 1475 2987 1526 '0
3037 1471 3096 1527 δὲ
3128 1470 3424 1534 Σαλϐιανὸς
3487 1468 3612 1523 ἰδὼν
3647 1469 3718 1522 τὰ

2127 1567 2307 1640 πλήθη
2334 1567 2433 1622 καὶ
2469 1564 2867 1634 καταπλαγεὶς,
2903 1564 3040 1635 πρὸς
3089 1562 3332 1633 Πρίσκον
3379 1561 3712 1630 ἀφικνεῖται.

2123 1662 2291 1728 Γνοὺς
2320 1660 2376 1714 δὲ
2399 1661 2427 1713 ὁ
2453 1658 2708 1728 Χαγάνος
2728 1657 2828 1727 τὴν
2850 1655 2962 1709 τῶν
3007 1654 3296 1725 Ῥωμαίων
3337 1650 3714 1723 ὑποχώρησιν,

2129 1757 2203 1818 είς
2258 1753 2544 1825 Ἀγχίαλον
2581 1750 2867 1822 ἐξέρχεται
2925 1750 3044 1823 ἦτοι
3079 1751 3159 1813 είς
3188 1747 3510 1815 τὸν-’Δγιον
3569 1744 3722 1799 Ἀλέα

2131 1846 2386 1918 ξανδρον·
2452 1845 2548 1898 καὶ
2588 1841 2780 1897 τοῦτον
2840 1841 2920 1915 τῷ
2968 1841 3258 1913 παμφάγῳ
3301 1841 3434 1910 πυρὶ
3473 1839 3721 1910 παραδέ-

2126 1940 2340 1992 δωκενο
2398 1935 2643 2006 μεταϐὰς
2702 1934 2760 1990 δὲ
2821 1935 2903 2000 είς
2963 1933 3032 1988 τὰ
3087 1931 3394 2005 Δριζίπερα
3451 1930 3725 2000 ἐπιχειρεῖ

2125 2029 2470 2101 ὲκπορθῆσαι
2522 2027 2584 2082 τδ
2640 2028 2906 2098 πόλισμα,
2971 2023 3372 2098 πολιορκητικὰ
3414 2021 3722 2093 ἐξεργασά-

2129 2141 2290 2195 μενος
2327 2121 2558 2196 ὖργανα.
2607 2123 2671 2176 Οί
2712 2119 2768 2176 at
2822 2121 2892 2175 τά
2950 2117 3255 2190 Δριζίπερα
3298 2114 3580 2179 οἰκοῦντες
3626 2114 3724 2168 tut

2127 2215 2380 2270 πλεῖστόν
2410 2213 2518 2287 [τε]
2546 2211 2861 2283 παρέταξαν
2903 2210 2966 2265 τὸ
3015 2209 3216 2284 θράσος
3235 2209 3282 2242 ⁸⁸
3324 2208 3426 2281 (5).
3453 2207 3568 2272 Τάς
3611 2207 3724 2278 γάρ

2128 2306 2302 2370 πύλας
2331 2303 2798 2369 ἀναπετάσαντες,
2827 2299 3087 2373 ἠπείλουν
3124 2300 3241 2365 τοῖς
3296 2297 3598 2371 βαρϐάροις
3625 2315 3726 2354 πο·

2127 2399 2334 2469 λεμεῖν,
2365 2398 2423 2452 ὲν
2451 2395 2627 2470 δειλία
2652 2394 2876 2466 ἐξαισίῳ
2904 2392 3059 2457 ϐντες
3092 2392 3139 2425 ⁸ο
3174 2391 3275 2464 (6).
3311 2392 3448 2447 Τότε
3482 2392 3571 2464 δὴ,
3598 2393 3725 2446 τότε

2130 2489 2273 2545 θεῖαί
2295 2505 2447 2552 τινες
2476 2487 2662 2551 αὐτοῖς
2686 2486 2996 2557 ἐπέστησαν
3034 2483 3296 2555 δυνάμεις
3326 2485 3394 2538 ’⁸.
3431 2482 3726 2555 Μεσούσης

2128 2583 2238 2653 γὰρ
2275 2581 2489 2653 ἡμέρας
2521 2580 2654 2651 ὁρᾷν
2693 2576 2879 2643 ἔδοξαν
2904 2578 2953 2631 οί
2998 2575 3268 2648 βάρϐαροι
3303 2575 3596 2647 Ῥωμαίων
3627 2577 3724 2631 δυ-

2130 2677 2327 2746 νάμεις
2361 2671 2684 2739 ὲπεξιούσας
2709 2669 2805 2725 τοῦ
2831 2669 3066 2734 ἄστεως,
3090 2667 3189 2725 καὶ
3218 2668 3437 2740 μέλλειν
3473 2667 3726 2739 συμπλέ-

2131 2767 2343 2833 κεσθαι,
2396 2765 2492 2822 καὶ
2538 2763 2986 2832 καταπλαγέντες
3040 2763 3280 2834 συντόνῳ
3331 2765 3477 2834 φυγῇ
3534 2758 3728 2817 ἀπόδι-

2129 2860 2482 2930 δράσκουσιν,
2519 2859 2612 2914 καὶ
2641 2857 2733 2912 ἐπὶ
2757 2855 2858 2929 τὴν
2890 2855 3178 2929 Πείρινθον
3206 2858 3254 2890 ³³
3283 2855 3547 2926 γίνονται.
3588 2856 3645 2909 '0
3667 2855 3727 2909 ει

2133 2952 2376 3023 Πρίσκος
2427 2949 2562 3022 μηδὲ
2592 2949 2638 2983 ⁸⁸
2683 2949 2912 3021 θεωρεῖν
2961 2948 3144 3020 φέρων
3169 2949 3216 2982 θδ
3258 2948 3328 3002 τὰ
3382 2947 3562 3020 πλήθη
3614 2947 3727 3002 τῶν

2132 3044 2458 3117 Βαρϐάρων,
2493 3045 2576 3109 είς
2620 3045 2681 3098 τὸ
2715 3043 3057 3117 Τξούρουλον
3077 3044 3146 3076 ’δ’
3175 3041 3432 3097 εἰσελθὼν
3460 3041 3727 3113 φρούριον

442 3135 499 3191 ln
541 3133 844 3189 Tzurulum
890 3143 1137 3190 castrum
1171 3133 1452 3205 ingressus
1479 3134 1729 3206 diligenti
1763 3138 2019 3195 custodia

2134 3137 2483 3211 ἠσφαλίζετο.
2531 3137 2589 3192 '0
2633 3138 2691 3192 δὲ
2745 3137 3022 3210 βάρϐαρος
3075 3136 3170 3191 τὸν
3219 3136 3460 3208 Πρίσκον
3499 3135 3726 3207 πολιορ-

441 3228 615 3284 vitam
642 3229 930 3283 tutabatur
963 3244 979 3283 :
1011 3227 1212 3284 exinde
1253 3228 1324 3284 ad
1359 3228 1730 3285 obsidendum
1779 3231 2029 3288 Priscum

442 3320 664 3376 animus
725 3319 960 3375 barbaro
1025 3319 1264 3391 principi
1305 3319 1509 3376 factus.
1567 3320 1726 3388 Quod
1782 3338 1904 3379 cum
1964 3323 2034 3379 ad

441 3409 766 3466 Mauricium
818 3411 1117 3482 perlatum,
1175 3411 1309 3483 quid
1363 3421 1572 3485 ageret,
1609 3414 1813 3472 dubius
1851 3417 2031 3474 haesit.

441 3504 596 3560 Bono
632 3504 851 3560 tandem
877 3504 1110 3560 consilio
1137 3504 1408 3562 adversus
1440 3507 1796 3563 innumeram
1831 3509 2034 3565 barba-

441 3613 631 3654 rorum
679 3597 1089 3652 multitudinem
1138 3608 1410 3667 armatur,
1465 3607 1522 3656 et
1579 3602 1881 3671 prudentia
1931 3619 2030 3674 op-

442 3698 670 3762 pugnat.
723 3689 798 3746 De
851 3691 1233 3747 excubitorum
1291 3692 1458 3764 igitur
1485 3708 1717 3750 numero
1751 3711 1922 3750 unum
1961 3696 2030 3752 ad

442 3792 621 3838 castra
648 3781 954 3853 profectum
986 3784 1043 3839 in
1069 3784 1441 3840 Barbarorum
1474 3793 1806 3856 potestatem
1833 3797 2031 3859 sponte

446 3877 663 3948 prolabi
700 3877 862 3933 donis
893 3876 1207 3949 ingentibus
1256 3886 1311 3934 et
1359 3879 1623 3949 pollicitis
1668 3882 2032 3952 amplioribus

447 3969 646 4024 suadet
672 3986 686 4024 :
724 3984 785 4024 ac
823 3984 932 4026 una
975 3970 1140 4026 simul
1170 3970 1240 4026 ad
1268 3968 1522 4029 Priscum
1552 3973 1766 4029 litteras
1794 3973 1844 4029 ei
1877 3988 2032 4031 com-

445 4062 615 4116 mittit
658 4062 714 4117 in
764 4062 881 4118 haec
927 4063 1138 4120 verba:
1172 4062 1589 4122 Gloriosissimo
1642 4066 1773 4122 duci
1819 4066 2034 4124 Prisco.

442 4153 721 4212 Nefarium
751 4157 1117 4213 Barbarorum
1149 4169 1406 4214 conatum
1433 4173 1504 4216 ne
1531 4159 1866 4218 reformides
1892 4181 1906 4219 :
1929 4162 2026 4234 qui

442 4247 669 4318 quidem
719 4249 892 4304 exitio
941 4249 1079 4320 ipsis
1123 4249 1252 4305 erit.
1297 4248 1762 4323 Cbaganumcum
1802 4267 2006 4325 magno

2135 3235 2254 3286 κεῖν
2280 3231 2566 3303 ἐνεχείρει.
2595 3229 2784 3286 Ταῦτα
2815 3230 2872 3285 δὲ
2902 3229 3159 3301 ἀκηκοὼς
3189 3229 3520 3300 Μαυρίκιος,
3543 3227 3731 3298 διηπά-

2139 3342 2223 3396 ρει
2249 3321 2303 3377 τί
2340 3324 2551 3393 δράσοι,
2591 3322 2850 3395 εὐϐουλίᾳ
2878 3324 2924 3356 ’⁸
2949 3320 3025 3394 (7)
3071 3321 3129 3374 δὲ
3164 3322 3613 3393 καταστρατηγεῖ
3629 3320 3731 3391 τῆς

2133 3417 2365 3489 ἀπείρου
2395 3416 2681 3488 δυνάμεως
2702 3432 2716 3446 ’
2749 3417 2841 3469 καὶ
2862 3415 2957 3469 ἕνα
2982 3414 3092 3469 τῶν
3118 3415 3518 3485 ὲξκουϐιτὸρων
3551 3413 3728 3483 μεγά-

2133 3511 2252 3575 λαις
2291 3510 2522 3581 δωρεαῖς
2556 3510 2652 3562 καὶ
2679 3500 3011 3579 ὑποσχέσεσῖ
3051 3507 3230 3560 πείθει
3275 3507 3456 3561 ἑκοντὶ
3490 3523 3730 3576 περιπε-

2137 3606 2249 3657 σεῖν
2271 3605 2381 3666 τοῖς
2414 3602 2754 3673 Βαρϐάροιςσ
2781 3601 2876 3656 καὶ
2906 3601 3120 3656 δίδωσιν
3143 3600 3292 3671 αὐτῷ
3321 3601 3454 3666 πρὸς
3487 3599 3731 3669 Πρίσκον

2134 3695 2440 3766 γράμματα
2463 3693 2786 3765 περιέχοντα
2819 3693 2975 3748 τάδε·
3010 3693 3103 3765 Τῷ
3155 3692 3486 3762 ἐνδοξοτάτῳ
3531 3709 3733 3762 στρατ-

2134 3788 2255 3859 ηγῷ
2285 3786 2528 3859 Πρίσκῳ.
2561 3787 2673 3857 Τὴν
2703 3785 2992 3857 ἀλιτηρίαν
3031 3785 3140 3838 τῶν
3189 3783 3492 3856 Βαρϐάρων
3549 3785 3722 3854 ἔγχεε⁴

2139 3896 2300 3952 ρησιν
2354 3880 2430 3953 μὴ
2484 3879 2800 3952 δειλιάσῃς·
2858 3876 2998 3948 πρὸς
3051 3878 3162 3948 γὰρ
3213 3875 3491 3932 ἀπώλειαν
3548 3877 3731 3932 αὐτῶν

2136 3973 2296 4027 τοῦτο
2325 3974 2569 4044 γέγονεν.
2601 3972 2844 4026 Γίνωσκε
2876 3970 2985 4042 γὰρ
3014 3972 3096 4025 ὅτι
3131 3969 3268 4040 μετά
3309 3970 3512 4040 πολλῆς
3539 3970 3732 4041 αίσχύο

2140 4083 2239 4138 νης
2278 4065 2388 4137 ἔχει
2422 4067 2452 4119 ὁ
2489 4065 2742 4135 Χαγάνος
2779 4062 3124 4137 ὑποστρέψαι
3161 4062 3244 4127 είς
3266 4063 3364 4135 τὴν
3399 4064 3730 4135 ἀφιερωθεῖ-

2144 4176 2244 4214 σαν
2271 4157 2422 4231 αὐτῷ
2455 4158 2559 4212 ὐπὸ
2600 4157 2890 4228 Ῥωμαίων
2935 4155 3142 4228 χώραν.
3187 4155 3286 4210 Διὰ
3328 4153 3488 4209 τοῦτο
3526 4174 3728 4229 καρτεο

2146 4254 2292 4326 ρήσῃ
2316 4253 2363 4286 ³⁸
2387 4254 2422 4324 ἡ
2451 4251 2546 4306 σοῦ
2581 4251 2864 4324 ὲνδοξότης
2907 4252 2967 4305 ὲν
3001 4248 3329 4322 Τζουρούλῳ
3373 4250 3731 4322 περιρέμϐων

1791 4362 2032 4420 VARUE
2064 4363 2482 4422 LECTIONES.

543 4456 735 4530 "fratr:
766 4455 1095 4530 Δσυνθήκαις
1154 4470 1277 4530 ςηηζ
1321 4453 1365 4508 Α
1411 4524 1422 4530 _
1472 4454 1522 4530 ξε
1553 4457 1889 4530 παρεδέξατο
1951 4459 2018 4524 Α,
2075 4461 2260 4515 κατεδ.
2318 4461 2464 4530 vulg.

2573 4458 2618 4492 ⁸⁷
2653 4457 2747 4530 καὶ
2791 4458 3016 4530 νικῶσιν
3040 4489 3110 4530 -_—
3139 4458 3277 4530 πρὸς
3292 4528 3310 4530 Α
3335 4455 3456 4510 πόλ.
3481 4526 3491 4530 _
3517 4471 3628 4530 om.
3663 4459 3726 4511 Α.

447 4524 494 4559 ⁸³
520 4526 790 4598 πολεμικὰ
817 4528 881 4579 Α.
953 4524 1002 4560 ’⁸⁸
1035 4525 1344 4599 παρέταξαν
1375 4524 1436 4578 τὸ
1468 4524 1558 4598 θρ.
1612 4524 1679 4591 Α,
1726 4529 2106 4600 παρετάξαντο
2161 4531 2361 4602 θράσος
2411 4524 2560 4654 ὖυΙΙε.
2633 4532 2678 4565 ⁸ο
2713 4529 2773 4582 ἐν
2803 4529 2972 4600 δειλίᾳ
3027 4524 3251 4598 ἐξαισίῳ
3287 4528 3438 4589 ὅντες
3466 4526 3508 4578 Α
3539 4543 3570 4580 e
3601 4526 3638 4592 Γ,
3671 4531 3731 4584 ἐν

447 4595 744 4654 διαλέξεσιν
772 4597 922 4654 ὄντες
945 4598 1092 4654 vulg.
1165 4598 1210 4630 ⁸⁸
1244 4596 1386 4650 θεῖαί
1409 4613 1553 4654 τινες
1580 4599 1764 4654 αὐτοῖς
1789 4601 2100 4654 ἐπέστησαν
2125 4602 2384 4654 δυνάιιεις
2414 4605 2454 4654 Α
2525 4641 2540 4654 .
2573 4600 2694 4654 θεία
2744 4618 2828 4654 τις
2857 4601 3042 4654 αὐτοῖς
3075 4600 3279 4654 ἐπέστη
3313 4597 3543 4654 δύναμις
3580 4599 3716 4654 νιιιι,

443 4595 744 4673 ϐιαλέξεσιν
772 4597 922 4673 lixas;
945 4595 1128 4673 v_u|g_._'
1165 4596 1386 4673 "Adsiaf
1409 4595 1553 4673 τινες
1580 4599 1764 4673 αὐτοῖς
1789 4595 2100 4673 ἐπέστησαν
2125 4595 2384 4673 δυνάμεις
2414 4605 2454 4655 Α

2642 4600 2694 4654 ία
2744 4618 2828 4664 τις
2857 4597 3042 4664 αὐτοῖς
3075 4597 3280 4670 ἐπέστη
3313 4597 3543 4666 δύναμις
3580 4599 3716 4670 vulg.

445 4666 492 4699 ⁸⁸
517 4667 620 4730 ἓως
649 4669 748 4743 τὴν
880 4685 909 4724 e
951 4669 989 4723 Γ.
1041 4664 1298 4743 ξη-μηδὲ]
1318 4667 1404 4743 μὴ
1622 4668 1667 4743 ⁸-⁸
1690 4669 1895 4743 φέρων]
1938 4664 2109 4725 θέλων
2165 4687 2232 4743 a.
2262 4664 2274 4673 ’
2296 4672 2361 4705 ’δ’
2392 4664 2760 4742 Τζουρουλλὸν
2791 4671 2858 4727 Α.
2911 4673 2978 4743 7⁸⁸
3014 4664 3280 4743 εὐϐουλία
3306 4671 3353 4723 Α
3405 4664 3516 4724 sec.
3578 4664 3724 4725 man.

445 4741 901 4810 quemadmodum
935 4739 1078 4811 conj.

1158 4737 1534 4796 οίιτ.’άϐουλία
1565 4737 1712 4812 vulg.
1762 4737 1832 4775 ’⁸⁸
1859 4737 2176 4815 καρτερήσῃ
2210 4742 2276 4806 Α,
2313 4737 2574 4815 καρτερεῖ
2603 4744 2642 4812 f,
2685 4742 3017 4815 καρτερήσει
3048 4742 3194 4814 vulg.

1731 4859 1871 4918 JAC.
1899 4859 2111 4919 GOARI
2168 4858 2402 4918 NOTAE.

520 4978 732 5051 (“Haec
760 4978 866 5034 alia
896 4979 1086 5034 eodem
1116 4951 1282 5058 tertio
1314 4973 1495 5048 capite
1516 4977 1769 5058 ettribus
1788 4993 2028 5058 sequen-
2051 4987 2106 5047 1)
2131 4979 2680 5058 pretatii._Conasrls.

447 5049 620 5117 tibus,
669 5066 790 5120 quae
847 5061 1026 5104 tamen
1081 5051 1291 5120 absque
1348 5049 1616 5120 temporis
1681 5049 2023 5116 discriminc,

444 5122 598 5178 velut
623 5138 769 5176 anno
794 5121 1078 5190 superiore
1105 5130 1254 5190 gesta
1287 5132 1502 5174 narrat.

518 5193 594 5263 (5)
621 5193 781 5263 Barb.
812 5233 827 5257 ,
871 5191 994 5244 Ἐπὶ
1040 5193 1294 5246 πλεῖστον
1340 5190 1846 5263 ἀντιπαρετάξαντο
1893 5190 2029 5263 θάρ-

448 5277 564 5327 σος·
609 5262 802 5317 Verum
849 5277 1025 5330 neque
1051 5263 1156 5318 hoc
1189 5278 1410 5324 sanum,
1453 5263 1548 5317 sed
1592 5262 1810 5318 emend.
1845 5279 1909 5318 ex
1943 5262 2030 5317 Si—

451 5349 592 5389 moe.
622 5335 660 5388 l.
698 5349 749 5388 v1
783 5347 836 5387 c.
901 5333 955 5395 5,
991 5333 1086 5387 ubi
1130 5334 1177 5389 is
1226 5335 1300 5388 ita
1336 5333 1515 5400 effert,
1556 5335 1648 5386 ἐπὶ
1696 5335 2030 5388 ἐπίπλαστον

448 5405 667 5476 θράσοςᾷ
710 5404 1026 5474 ὲφοίτησαν,
1084 5405 1437 5476 confugerunt
1503 5405 1570 5458 ad
1633 5405 1816 5474 ﬁctam
1861 5405 2032 5459 auda-

448 5479 608 5530 ciam.
639 5474 937 5546 Scripserit
959 5490 1089 5546 ergo
1120 5474 1860 5546 Tlteoptianes,tr:trzitaeeov
1883 5480 2032 5530 ἀντι-

449 5564 616 5618 παρ..
691 5545 1351 5602 δίηιιιίαταηιίαιαίαεὶαηι
1410 5557 1802 5618 opposuerunt;
1855 5549 1906 5600 in
1967 5561 2033 5600 eo

447 5624 758 5672 commento
817 5618 1020 5687 posito,
1068 5619 1216 5687 quod
1271 5621 1476 5688 apertis
1533 5618 1739 5688 portis],
1795 5633 2032 5688 pugnam

448 5689 943 5761 comitiinarentur,
979 5690 1037 5743 ὲν
1071 5689 1245 5761 δειλίᾳ
1280 5689 1504 5759 ἐξαισίῳ
1543 5688 1732 5761 ὄντεςι
1792 5698 1851 5742 ut
1898 5691 2035 5742 bene

451 5758 564 5812 Pal.
605 5755 765 5828 Peyr.
800 5758 1040 5830 legitque
1061 5755 1255 5815 Anast.
1282 5803 1294 5826 ,
1329 5775 1448 5814 cum
1476 5755 1812 5830 gravissimo
1838 5775 2028 5824 pavore

451 5839 773 5884 tenerentur.
810 5829 1112 5888 Dolendum
1146 5831 1225 5888 sic
1275 5830 1460 5887 omnia
1517 5829 1816 5887 devorasse
1860 5830 2028 5885 inter-

2202 5053 2279 5121 (6)
2341 5052 2460 5106 Non
2539 5050 2940 5106 contemnenda
2991 5047 3382 5121 lectioiBarb.
3436 5052 3537 5106 cod
3579 5087 3593 5104 .
3623 5094 3636 5115 ,
3670 5053 3728 5105 ἐν

2127 5120 2432 5187 διαλέξεσιν
2460 5122 2650 5184 ὅντεςο
2689 5121 2806 5174 Pal.
2855 5131 3036 5193 tamen
3063 5122 3146 5176 vel
3163 5120 3398 5193 Peyrez.
3443 5123 3728 5192 exempla-

2132 5195 2208 5250 ris
2279 5193 2567 5264 przefertur
2617 5193 2725 5246 alia
2759 5209 2774 5249 :
2804 5192 3061 5263 ἐνδειλίᾳ
3124 5192 3348 5262 ἐξαισίῳ
3373 5193 3549 5258 ὄντες,
3609 5209 3728 5264 qua)

2132 5267 2431 5320 Anastasio
2481 5274 2704 5334 recepta
2735 5305 2749 5330 ,
2811 5278 2929 5315 cum
2997 5273 3168 5317 essent
3203 5266 3257 5316 in
3315 5264 3604 5332 formidine
3647 5265 3727 5319 in-

2168 5349 2294 5391 ειιιι.

2133 5353 2294 5478 θειῖἔῖιί
2334 5407 2642 5478 cheuatur
2676 5403 3028 5478 ἀϐουλίας-Δί
3068 5407 3498 5478 ηιιιιιηειιερριιεὶ
3551 5406 3725 5478 animi

2136 5475 2388 5540 dubium,
2416 5475 2478 5533 et
2519 5476 2829 5532 lttcsitantia
2859 5475 3285 5546 fclicisrconsilii
3329 5477 3566 5546 parens?
3608 5479 3725 5532 Non

2139 5550 2234 5602 ita.
2274 5549 2541 5603 Εὐϐουλέα
2576 5549 2762 5618 itaque
2807 5545 3057 5617 prosperi
3110 5545 3408 5618 successus
3458 5557 3638 5602 mater
3677 5559 3728 5602 et

2138 5620 2312 5688 origo.
2347 5617 2802 5674 Emendatio’nem
2862 5618 3153 5671 cuulirmat
3201 5617 3556 5683 Anastasius,
3604 5631 3728 5673 tunc

2140 5694 2335 5756 optimo
2409 5692 2541 5744 inito
2605 5689 2830 5744 consilio
2868 5696 3134 5752 armatur,
3180 5697 3287 5742 etc.
3335 5690 3538 5742 Sitnoc.
3581 5690 3608 5743 ί,
3653 5705 3726 5755 v',

2139 5779 2186 5819 ς.
2220 5762 2269 5825 ὃ,
2305 5761 2585 5833 ἀγχινοίας
2610 5759 2902 5815 ἀκόλουθον
2934 5759 3132 5832 βουλὴν
3164 5758 3576 5830 προηνέγκατο-
