4004 6290
253 371 346 435 577

1552 364 2247 427 CHRONOGRAPHIA.
3410 364 3512 427 578

251 481 402 539 αὐτόν
436 481 507 536 θ’.
559 476 864 549 Πέμπομεν
911 475 1017 547 γάρ
1056 473 1144 529 διὰ
1191 472 1466 542 Θαλάσσης
1521 470 1703 536 πλοῖα,
1735 470 1819 524 καὶ

1934 470 2210 529 dedecore
2251 469 2308 525 in
2339 459 2674 539 assignatam
2728 466 2829 525 sibi
2851 466 3157 524 aRomanis
3179 468 3520 540 provinciam

251 569 720 643 αίχμαλωτίζομεν
760 567 858 631 τὰς
890 565 1160 636 φαμελίας
1195 562 1376 617 αὐτῶν
1401 563 1468 616 ’⁸.
1510 561 1620 615 Καὶ
1653 563 1826 629 ἀναγ-

253 667 465 730 κάζεται
493 661 637 734 μετά
665 662 930 732 αίσχὺνης
957 660 1051 712 καὶ
1090 657 1295 728 ζημίας
1331 657 1411 719 είς
1437 654 1500 709 τά
1539 656 1644 708 ἴδια
1694 654 1826 707 ὑπο-

1931 568 2111 622 redire
2141 573 2296 622 certo
2321 565 2485 623 scias.
2517 565 2699 632 Quare
2727 566 2901 638 gloria
2933 575 3024 622 tua
3058 565 3279 622 Tzuruli
3323 569 3519 638 perdu-

1929 667 2037 721 ret,
2091 666 2145 713 et
2177 657 2497 730 Chaganum
2542 657 2955 723 circumvertet,
2993 670 3046 713 et
3081 674 3180 728 pro
3210 658 3363 714 libito
3409 659 3520 713 cir-

251 756 495 827 στρέψαι.
539 755 598 809 '0
627 754 683 807 δὲ
715 755 965 823 Χαγάνος
989 751 1273 821 κρατήσας
1306 749 1375 802 τὰ
1410 747 1714 819 γράμματα
1737 745 1819 798 καί

1932 746 2311 816 cumagitabit.
2337 744 2629 816 Copiosam
2653 746 2884 803 classem
2905 749 3042 802 mari
3064 749 3518 813 transmittimus,

248 848 530 915 ἀναγνοὺς,
563 846 771 913 γίνεται
801 844 1078 916 περιδεής.
1107 842 1218 895 Καὶ
1267 840 1541 910 συνθήκας
1574 838 1709 908 πρὸς
1737 837 1819 891 τὸν

1933 839 2424 908 captivitatemque
2474 839 2619 894 hosti
2664 842 3086 912 paramuszqui
3145 841 3346 912 alioqui
3393 858 3518 897 cum

248 941 475 1011 Πρίσκον
506 937 845 1008 διαθέμενος,
879 937 973 990 καὶ
1007 935 1334 1009 εἰρηνεύσας
1372 934 1464 987 ἐπὶ
1503 933 1697 1004 δώροις
1720 930 1830 982 ὀλί‹

231 1049 352 1103 -ίοις
388 1035 481 1086 καὶ
538 1032 907 1101 ἀναξιολόγοις
943 1032 1022 1094 είς
1076 1029 1176 1100 τὴν
1218 1026 1417 1083 ἑαυτοῦ
1464 1023 1825 1092 ἐπανέζευξεν

249 1130 339 1198 γῆν
365 1129 408 1161 ⁸³
441 1127 584 1198 μετά
624 1126 800 1197 φυγῆς
831 1125 1124 1197 κραταιᾶς.

1937 929 2207 984 dedecore
2239 939 2293 984 et
2333 929 2536 984 damno
2568 931 2790 985 domum
2836 948 3166 988 reversurus
3222 942 3327 988 est.
3380 935 3526 988 Cha-

1933 1037 2112 1093 ganus
2150 1022 2472 1092 interceptis
2503 1023 2708 1078 litteris
2738 1025 2944 1094 scripta
2972 1025 3122 1096 legit,
3146 1036 3199 1080 et
3227 1041 3334 1080 una
3366 1035 3516 1080 metu

1929 1114 2305 1169 consternitur
2343 1133 2356 1171 :
2392 1115 2679 1187 pactisque
2714 1131 2839 1173 cum
2873 1106 3061 1172 Prisco
3099 1119 3510 1173 conditionibus

246 1223 435 1279 levium
467 1233 523 1280 et
556 1225 757 1280 nullius
789 1225 948 1295 pretii
980 1239 1270 1280 munerum
1337 1223 1657 1282 accessione
1701 1224 2014 1297 contentus,
2043 1216 2351 1287 composuit
2414 1229 2626 1286 pacem,
2698 1220 2752 1267 et
2819 1213 3077 1280 maxima,
3120 1229 3225 1287 qua
3304 1216 3505 1286 potuit,

247 1318 382 1388 fuga,
424 1335 483 1374 se
517 1318 806 1389 surripuit.

308 1415 368 1467 Α.
394 1415 470 1468 Μ.
509 1412 668 1469 6085.
704 1437 774 1453 ι-
812 1413 1247 1483 Ἶεροσολύμων
1280 1412 1617 1467 ἐπισκόπου
1659 1412 1818 1479 Ἀμω

245 1510 366 1573 ἔτος
398 1515 473 1559 (ι’.

309 1601 493 1670 Τούτῳ
538 1599 613 1670 τῷ
644 1598 754 1653 ἔτει
803 1601 831 1655 ὁ
885 1601 1243 1672 αὐτοκράτωρ
1279 1599 1583 1671 Μαυρίκιος
1615 1597 1692 1669 (8)
1725 1594 1816 1648 τὸν

2001 1396 2166 1468 228
2189 1394 2250 1447 A.
2277 1393 2336 1449 C.
2366 1392 2490 1449 585.
2517 1422 2585 1433 --
2612 1390 3107 1463 Hierosolymorum
3132 1393 3361 1465 episcopi
3385 1395 3523 1452 Amo

1929 1505 2097 1546 annus
2131 1501 2354 1558 primus.

1997 1604 2112 1660 lloc
2137 1615 2281 1658 anno
2305 1599 2603 1668 imperator
2631 1597 2932 1654 Mauricius
2962 1598 3212 1655 Priscum
3247 1599 3524 1658 Romano-

245 1689 471 1760 Πρίσκον
500 1691 597 1743 σὺν
633 1691 830 1751 πάσαις
860 1693 981 1754 ταῖς
1024 1692 1359 1762 Ῥωμαϊκαῖς
1387 1690 1682 1758 δυνάμεσιν
1721 1686 1814 1741 ἐπὶ

1928 1707 2046 1746 rum
2081 1706 2206 1746 cum
2249 1688 2425 1758 copiis
2451 1688 2710 1742 omnibus
2732 1688 2797 1743 ad
2827 1687 3021 1744 lstrum
3050 1689 3251 1746 ﬂumen
3283 1693 3520 1765 ablegat,

245 1784 325 1835 τὸν
369 1785 588 1855 Ἵστρον
648 1784 891 1853 ποταμὸν
936 1783 1201 1854 ἔπεμψεν,
1240 1783 1380 1836 ὥστε
1411 1783 1479 1836 τὰ
1508 1781 1822 1836 Σκλαϐινῶν

242 1873 360 1944 εθνη
395 1875 725 1946 διαπερᾶσαι
760 1875 1002 1946 κωλύσῃ.
1034 1877 1235 1929 Τούτου
1255 1877 1309 1929 δὲ
1335 1873 1578 1939 ἐλθόντος
1605 1876 1697 1929 ἐπὶ
1727 1875 1820 1929 τὸν

243 1968 578 2036 Δορόστολον,
629 1970 657 2022 ὁ
691 1969 944 2037 Χαγάνος
979 1968 1164 2040 μαθὼν
1220 1969 1479 2042 πρέσϐεις
1515 1967 1821 2039 ἐξέπεμψεν

243 2059 368 2130 πρὸς
412 2060 616 2113 αὐτόν·
674 2061 767 2115 καὶ
813 2063 1112 2132 κατῃτιᾶτο
1157 2060 1464 2131 Ῥωμαίους
1497 2060 1715 2128 ἔναρξιν
1745 2059 1820 2131 τῷ

244 2149 452 2222 πολέμῳ
481 2151 744 2214 διδόντας.
790 2152 846 2205 Ὀ
887 2151 943 2205 δὲ
980 2152 1218 2224 Πρίσκος
1248 2151 1592 2220 ἀπελογεῖτο,
1618 2153 1700 2206 ὅτι
1745 2153 1820 2206 Οὐ

242 2244 368 2314 πρὸς
405 2247 418 2274 ³
465 2245 780 2317 βαρϐάρους
823 2244 897 2316 (9)
929 2245 1019 2298 τὸν
1072 2245 1307 2317 πόλεμον
1361 2245 1610 2316 ποιῆσαι,
1638 2263 1821 2320 παρα-

241 2336 431 2404 γέγονά
450 2352 463 2367 ’
499 2335 637 2390 ἀλλὰ
692 2337 830 2408 πρὸς
859 2338 927 2391 τὰ
954 2338 1270 2392 Σκλαὸινῶν
1305 2338 1434 2409 ἔθνη
1458 2339 1562 2392 ὑπὸ
1590 2337 1686 2392 τοῦ
1726 2339 1825 2398 aii-:9

242 2429 566 2502 τοκράτορος
598 2430 932 2500 ἀπεστάλην.
970 2429 1254 2500 Ἀκηκοὼς
1289 2431 1346 2484 δὲ
1397 2434 1424 2486 ό
1475 2432 1714 2503 Πρίσκος
1740 2432 1822 2486 ὅτι

255 2516 612 2587 Ἀρόάγαστος
638 2516 707 2570 τὰ
732 2517 909 2590 πλήθη
943 2517 1051 2571 τῶν
1069 2518 1381 2573 Σκλαὸινῶν
1412 2520 1548 2590 πρὸς
1576 2519 1636 2572 τὸ
1659 2535 1824 2592 πραι-

244 2608 407 2664 δεύειν
463 2611 870 2683 διεσκόρπισεν,
902 2612 1240 2683 διαπεράσας
1265 2613 1357 2667 τὸν
1388 2613 1600 2685 Ἴστρον
1629 2612 1824 2684 μεσού-

246 2715 335 2769 σης
390 2701 583 2765 νυκτὸς
616 2704 637 2734 ³
671 2702 948 2773 ἀδοκήτως
998 2704 1074 2773 τῷ
1108 2701 1467 2774 Ἀρδαγάστῳ
1511 2702 1817 2774 συνέμιξεν.

253 2795 306 2849 Ὅ
351 2795 405 2850 δὲ
439 2795 812 2866 Ἀρδάγαστος
857 2797 951 2850 τοῦ
988 2795 1237 2850 κινδύνου
1292 2795 1618 2865 αἰσθόμενος
1653 2795 1818 2849 ἵππου

245 2902 298 2938 τε
324 2886 536 2957 γυμνοῦ
570 2885 790 2952 ἐπιϐάς,
829 2887 982 2958 μόλις
1006 2887 1350 2951 διασώζεται.
1383 2888 1445 2941 Οί
1478 2888 1533 2941 δὲ
1562 2887 1820 2959 Ῥωμαῖοι

247 2974 515 3041 ἀνελόντες
549 2976 730 3048 πλήθη
755 2977 1092 3043 Σκλαόινῶν,
1124 2978 1218 3031 καὶ
1243 2977 1342 3050 τὴν
1376 2995 1442 3030 πε
1452 2978 1504 3048 pl
1521 2978 1610 3032 τὸν
1631 2979 1690 3031 Ἀ
1700 2979 1822 3050 ρδά-

1926 1797 1985 1842 υι
2016 1784 2396 1841 Sclavinorum
2429 1790 2617 1852 gentes
2651 1797 2866 1838 amnem
2920 1785 3173 1854 trajicere
3232 1788 3523 1845 molientes

1925 1878 2236 1948 impediret.
2295 1875 2432 1931 Cum
2493 1890 2622 1930 vero
2678 1874 3023 1930 Dorostolum
3072 1879 3332 1946 venisset,
3380 1881 3524 1936 Cha-

1925 1983 2100 2037 ganus
2131 1965 2196 2020 de
2220 1965 2340 2034 ejus
2374 1963 2609 2018 adventu
2649 1964 2850 2019 certior
2876 1962 3079 2031 factus,
3107 1965 3313 2035 legatos
3347 1969 3519 2034 misit,

1925 2059 2016 2128 qui
2048 2055 2324 2111 Romanos
2355 2054 2495 2109 bello
2547 2053 2768 2108 initium
2797 2062 2963 2124 atque
3008 2056 3354 2111 occasionem
3384 2059 3519 2114 dare

1923 2149 2102 2221 questi
2125 2156 2289 2204 'sunt.
2323 2147 2596 2216 Repondit
2627 2147 2849 2202 Priscus
2881 2166 2894 2202 :
2931 2147 3137 2202 Bellum
3177 2151 3230 2203 in
3254 2149 3523 2208 Barbaros

1926 2251 2175 2297 moturus
2206 2240 2431 2294 minime
2481 2237 2685 2294 missus
2712 2254 2834 2294 sum
2869 2254 2884 2293 :
2916 2239 3064 2295 solas
3127 2237 3511 2297 Sclavinorum

1925 2345 2114 2408 gentes
2145 2352 2174 2390 a
2205 2350 2288 2389 me
2320 2333 2660 2390 coercendas
2688 2332 2860 2404 jussit
2914 2333 3237 2403 imperator.
3292 2333 3520 2392 Priscus

1926 2438 2107 2485 autem
2149 2429 2528 2484 Sclavinorum
2583 2428 2849 2497 pupulum
2902 2433 2973 2482 ab
3024 2429 3325 2497 Ardagasto
3379 2430 3519 2486 duce

1926 2520 2161 2592 sparsim
2198 2535 2295 2591 per
2317 2520 2617 2573 llomanam
2651 2517 2994 2588 provinciam
3021 2518 3088 2573 ad
3119 2523 3354 2589 praedam
3387 2520 3520 2576 elfu.

1925 2631 2046 2670 sum
2073 2630 2200 2670 cum
2233 2613 2491 2669 rescisset
2529 2630 2543 2670 :
2577 2612 2718 2667 Istro
2750 2611 3002 2681 trajecta,
3036 2611 3214 2667 noctis
3253 2613 3360 2669 sub
3402 2627 3520 2669 me-

1925 2709 2073 2763 dium
2106 2723 2171 2762 ex
2212 2705 2514 2776 improviso
2562 2704 2929 2776 Ardagastum
2984 2704 3253 2770 adoritur,
3299 2715 3354 2760 ct
3393 2721 3516 2762 cum

1925 2815 1990 2855 eo
2033 2815 2227 2854 manus
2260 2798 2526 2855 conserit.
2587 2797 2949 2866 Ardagastus,
3007 2797 3223 2867 cegnito
3251 2798 3517 2868 periculo,

1925 2893 2073 2947 nudo
2102 2907 2244 2962 equo
2281 2891 2551 2957 insiliens
2591 2889 2680 2943 vix
2714 2889 2947 2944 salutem
2985 2889 3110 2959 fuga
3142 2891 3517 2961 consequitur.

1923 2984 2158 3041 Romani
2181 2987 2375 3040 multis
2399 2983 2783 3038 Sclavinorum
2807 2981 2983 3052 copiis
3013 2981 3190 3049 caesis,
3216 2991 3378 3053 atque
3402 2985 3499 3039 uni

247 3083 430 3135 γαστον
460 3067 813 3138 διατεμόντες
871 3068 1075 3139 χώραν,
1115 3067 1490 3139 αἰχμαλωσίας
1525 3085 1585 3120 τε
1616 3070 1819 3142 κρατή·

1928 3097 2080 3137 versa
2108 3080 2399 3152 Ardagasti
2440 3080 2660 3150 regione
2677 3079 2984 3146 devastata,
3036 3078 3329 3148 captisque
3356 3077 3518 3132 innu-

248 3175 426 3225 σαντες
456 3161 662 3226 πολλάς
690 3162 710 3193 ⁸
737 3163 817 3226 είς
873 3163 934 3216 τὺ
958 3161 1251 3226 Βυζάντιον
1305 3161 1552 3234 ἔπεμπεν
1594 3161 1681 3216 διὰ
1719 3163 1824 3216 Τα-

247 3254 474 3325 τήμερος
519 3254 562 3308 ⁸.
609 3254 668 3308 Ὀ
730 3255 785 3307 δὲ
819 3254 1078 3326 Τατήμερ
1120 3256 1141 3287 ⁸
1181 3253 1422 3319 ὲκλύτως
1467 3254 1565 3322 τὴν
1599 3253 1822 3326 πορείαν

248 3347 577 3418 ποιούμενος,
636 3348 733 3400 καὶ
766 3347 845 3411 είς
899 3347 1077 3418 μέθην
1116 3347 1209 3401 καὶ
1239 3348 1450 3419 τρυφὴν
1502 3347 1773 3410 ἐπιδιδοὺς
1800 3347 1822 3378 ⁸

247 3439 468 3507 ήμέλειο
510 3441 608 3493 καὶ
655 3441 744 3510 τῇ.
772 3438 930 3510 τρίτη
983 3439 1217 3512 ’ήμτ-Ξριι.⁷
1265 3439 1449 3511 πλήθη
1508 3437 1820 3493 Σκλαδινῶν

247 3530 567 3585 ἐπιτίθενται
587 3530 772 3603 αὐτῷ’
811 3531 906 3585 καὶ
931 3531 1105 3603 δειλίᾳ
1136 3531 1442 3602 συσχεθεὶς,
1492 3531 1708 3602 φεύγων
1741 3531 1820 3594 είς

246 3624 298 3677 si:
332 3623 628 3689 Βυζάντιον
656 3618 810 3696 ἧκεν.
845 3624 906 3678 Οἱ
934 3625 990 3678 δὲ
1022 3627 1120 3678 σὺν
1145 3623 1296 3696 αὐτῷ
1325 3624 1586 3694 Ῥωμαῖοι
1626 3626 1822 3695 ἐγκρα-

246 3720 342 3784 τῶς
370 3723 482 3784 τοῖς
512 3721 533 3751 ⁸
561 3719 880 3784 Σκλαῦινοῖς
940 3703 1341 3794 μαχησάμενοι,
1398 3719 1660 3793 κρατοῦσι
1709 3719 1818 3774 τῶν

247 3812 539 3884 Βαρϐάρων
607 3813 944 3884 παραδόξως,
990 3815 1086 3867 καὶ
1139 3814 1220 3877 είς
1267 3813 1327 3867 τὸ
1371 3813 1661 3877 Βυζάντιον
1719 3812 1818 3883 τὴν

248 3906 614 3976 αἰχμαλωσίαν
649 3905 725 3978 τῷ
774 3905 1034 3978 βασιλεῖ’
1071 3905 1451 3970 ἀποσώζουσιν
1477 3923 1492 3938 ·
1552 3908 1579 3959 ὁ
1616 3905 1674 3960 δὲ
1721 3905 1820 3958 αὺ-

246 4002 520 4072 τοκράτωρ
583 4000 943 4072 εὐφρανθεὶς,
992 3999 1449 4074 εὐχαριστηρίους
1513 3999 1556 4031 ¹⁰
1612 3996 1817 4069 ὕμνους

249 4095 374 4162 μετὰ
416 4097 598 4166 πάσης
623 4095 723 4164 τῆς
759 4094 967 4158 πόλεως
988 4094 1066 4165 τῷ
1097 4093 1217 4165 Θεῷ
1261 4091 1620 4164 προσέφερεν.
1675 4091 1732 4144 Ὀ
1757 4090 1816 4144 δὲ

249 4185 470 4257 Πρίσκος
509 4186 814 4260 θαρρήσας,
843 4187 922 4251 είς
948 4185 1015 4239 τὰ
1047 4184 1291 4257 ὲσώτερα
1325 4185 1464 4256 μέρη
1495 4183 1606 4237 τῶν
1639 4183 1814 4237 Σκλα-

251 4278 398 4332 ϐινῶν
432 4280 654 4353 ἐχώρει.
690 4281 904 4352 Γήπαις
953 4280 1010 4334 δὲ
1055 4278 1192 4351 ἀνὴρ
1227 4277 1326 4350 τῆς
1363 4277 1660 4350 θρησκείας
1705 4276 1815 4331 τῶν

249 4373 576 4443 Χριστιανῶν
607 4374 868 4446 ὑπάρχων
896 4373 1187 4444 αὐτομολεῖ
1213 4373 1351 4443 πρὸς
1381 4370 1814 4443 Ῥωμαίους,καὶ

249 4465 332 4537 τὴν
355 4468 556 4522 εἴσοδον
576 4471 688 4532 τοῖς
732 4467 1024 4538 Ῥωμαίοις
1059 4465 1359 4533 ὑπέδειξεν,
1395 4466 1489 4520 καὶ
1522 4467 1631 4520 τῶν
1667 4466 1811 4538 Βαρ-

252 4554 420 4625 εάρων
449 4559 764 4629 ἐκράτησαν
789 4573 803 4587 ·
841 4557 1008 4627 ἔφησε
1041 4557 1096 4610 δὲ
1125 4558 1217 4610 καὶ
1261 4557 1602 4611 Μουσούκιον
1648 4557 1689 4588 ¹¹
1722 4557 1812 4610 τὸν

254 4649 382 4717 ῥῆγα
426 4649 534 4704 τῶν
569 4649 874 4721 Βαρϐάρων
939 4649 1048 4704 ἀπὸ
1099 4650 1397 4721 τριάκοντα
1451 4650 1694 4722 σημείων
1736 4651 1812 4704 δι-

253 4739 390 4807 άγειν
429 4744 494 4798 ”.
524 4742 793 4814 Προδοσίᾳ
821 4741 875 4797 δὲ
907 4741 1000 4796 τοῦ
1024 4742 1293 4815 Γήπαιδος
1317 4742 1509 4806 διαϐάς
1536 4743 1628 4796 τὸν
1655 4760 1818 4797 ποταυ

1838 4433 1893 4493 D

1926 3176 2114 3240 meris,
2194 3175 2395 3230 multos
2423 3190 2490 3229 ex
2529 3172 2612 3228 eis
2662 3172 2986 3243 Byzantium
3044 3187 3141 3240 per
3177 3169 3516 3226 Tatemerem

1926 3267 2303 3323 transmisere.
2348 3264 2604 3320 Tatemer
2636 3264 2740 3319 iter
2770 3279 2941 3335 agens
2990 3264 3250 3320 incautus
3280 3271 3334 3320 et
3359 3277 3516 3320 reso-

1926 3358 2096 3423 lutus,
2127 3359 2256 3412 vino
2280 3359 2508 3427 insuper
2533 3362 2587 3412 et
2612 3355 2984 3425 voluptatibus
3024 3369 3124 3425 per
3174 3354 3290 3409 vias
3331 3353 3516 3409 indqu

1922 3465 2078 3521 gens,
2110 3450 2265 3504 tertia
2306 3448 2393 3504 die
2425 3451 2480 3503 in
2535 3447 2865 3503 irruentium
2918 3446 3298 3502 Sclavinorum
3317 3460 3514 3502 manus

1921 3543 2116 3609 incidit
2155 3562 2166 3598 :
2201 3553 2312 3597 tum
2346 3550 2490 3597 metu
2541 3549 2850 3610 correptus,
2905 3540 3030 3610 fuga
3067 3539 3385 3611 Byzantium
3431 3548 3517 3592 αι-

1921 3636 2100 3706 tingit.
2153 3636 2225 3689 At
2258 3633 2490 3689 Romani
2527 3633 2719 3703 reliqui
2752 3633 2852 3686 viae
2875 3633 3105 3687 comites
3132 3630 3514 3686 Sclavinorum

1920 3729 2183 3798 impetum
2217 3726 2434 3782 fortiter
2453 3727 2810 3790 sustinentes,
2858 3733 3056 3794 praeter
3090 3738 3242 3793 spem
3292 3737 3510 3777 omnem

1933 3819 2204 3874 Barbaros
2237 3829 2522 3888 superant,
2549 3828 2603 3874 et
2640 3819 2954 3873 universam
2987 3815 3224 3886 praedam
3271 3815 3515 3885 captivo-

1919 3929 2153 3983 rumque
2179 3926 2388 3967 turmas
2420 3911 2724 3967 incolumes
2758 3911 2829 3966 ad
2886 3911 3272 3980 imperatorem
3297 3907 3514 3980 Byzan-

1919 4005 2057 4060 tium
2084 4005 2347 4061 detulere.
2392 4005 2490 4059 His
2525 4003 2822 4075 imperator
2875 4003 3114 4069 lzetatus,
3176 4001 3510 4056 beneﬁcium

1918 4096 2158 4152 divinum
2191 4096 2450 4151 laudibus
2473 4103 2527 4149 et
2556 4095 2770 4166 hymnis
2801 4102 3142 4161 compensat,
3175 4101 3230 4147 et
3260 4101 3386 4146 cum
3421 4106 3507 4146 to-

1921 4189 2029 4244 tius
2064 4188 2216 4244 urbis
2262 4187 2462 4259 populo
2505 4198 2686 4257 grates
2727 4184 2835 4240 Deo
2864 4185 3003 4238 litat.
3063 4181 3238 4237 Porro
3292 4180 3514 4238 Priscus

1916 4293 2172 4349 successu
2196 4279 2485 4333 audentior
2507 4275 2774 4342 redditus,
2808 4275 3097 4330 interiores
3121 4271 3506 4328 Sclavinorum

1917 4379 2101 4443 partes
2148 4379 2427 4441 penetrat.
2489 4368 2628 4423 Tum
2666 4382 2794 4422 vero
2843 4366 3021 4437 Gepes
3046 4366 3133 4421 vir
3169 4364 3510 4420 Christiano-

1921 4481 2042 4521 rum
2077 4462 2331 4534 religioni
2358 4462 2633 4528 addictus,
2651 4462 2704 4516 in
2729 4457 3099 4514 Romanorum
3120 4466 3300 4529 partes
3323 4465 3509 4513 trans-

1923 4558 2061 4623 iens,
2110 4556 2418 4626 ingressum
2459 4552 2723 4608 Romanis
2773 4551 2976 4607 indicat
3023 4567 3036 4603 :
3085 4551 3180 4620 qui
3220 4549 3370 4604 nullo
3424 4548 3508 4605 la-

1919 4650 2051 4706 bore
2103 4647 2471 4704 Barbarorum
2523 4644 2800 4715 regionem
2851 4635 3118 4698 obtinent.
3198 4641 3508 4711 Musugium

1929 4753 2109 4800 autem
2138 4742 2510 4799 Barbarorum
2540 4755 2722 4813 regem
2765 4738 2832 4794 ad
2871 4737 3212 4809 trigesimum
3267 4734 3506 4808 lapidem

1588 4862 1823 4919 VABIA‘Z
1864 4861 2158 4919 LECTION
2168 4862 2269 4919 ES.

314 4979 354 5010 ”
383 4978 560 5051 αὐτὸν]
599 4980 799 5043 αὐτοὺς
829 4979 871 5034 Α
913 4979 967 5035 b.
1045 4981 1090 5014 ’³
1123 4981 1220 5044 τὰς
1261 4982 1531 5052 φαμελίας
1567 4982 1748 5036 αὐτῶν
1787 4981 1833 5035 Α
1888 4996 1917 5035 a
1971 4980 2010 5045 ί,
2041 4981 2240 5043 αὐτοὺς
2286 4979 2431 5050 vulg.

338 5051 365 5101 ὸ
388 5052 622 5104 Πρίσκος
650 5068 760 5104 om.
793 5052 835 5103 Α
873 5051 911 5104 l'.
1006 5051 1029 5082 ⁸
1064 5069 1186 5104 μεσ.
1221 5051 1279 5104 δὲ
1339 5054 1438 5104 τῆς
1491 5052 1684 5104 νυκτὸς
1718 5053 1781 5104 Λ.
1887 5053 1910 5085 ³
1941 5051 2169 5104 πολλούς
2203 5051 2267 5104 Α.
2372 5050 2431 5101 δῗ

1941 5068 2169 5115 πολλους
2203 5068 2267 5104 A.

255 5078 314 5088 —
388 5047 622 5123 ῌρίσκος
650 5052 835 5123 οιιιχΑ
1006 5051 1029 5082 ⁸
1064 5069 1186 5123 μεσ.
1221 5047 1284 5105 δὲ
1339 5047 1438 5122 τῆς
1491 5052 1684 5109 νυκτὸς
1718 5053 1781 5107 Λ.

258 5119 368 5192 μερ]
401 5121 643 5191 Τάτητος
690 5124 732 5175 Α
764 5122 799 5187 f,
846 5119 1105 5190 Τάτητώς
1131 5123 1185 5192 b.
1265 5123 1285 5154 ⁸
1315 5119 1580 5185 ἐπιδιδοὺς
1606 5124 1674 5188 Α,
1710 5123 1926 5187 ἐπιδοὺς
1949 5123 2097 5191 vulg.

259 5186 384 5264 iulg}
459 5195 479 5223 ⁸
504 5186 613 5264 τοῖς
648 5186 866 5246 add.“
923 5186 994 5245 A.
1067 5195 1086 5224 '
1111 5191 1187 5262 τῷ
1207 5192 1416 5264 βασιλεί
1438 5207 1546 5248 om.
1572 5197 1635 5246 Α.
1663 5186 1668 5188 ’
1716 5194 1758 5223 ¹⁰
1785 5186 2250 5264 εὐχαριστηρίους
2269 5195 2334 5264 Δ,
2368 5186 2919 5264 εὖχαρςιστίουςνυιε.

2514 4977 2558 5013 νο
2581 4977 2686 5046 γῆν
2735 4975 2866 5046 add.
2893 4990 2960 5029 ex
2986 4974 3046 5027 Α.
3103 4973 3143 5046 ᾲ¹
3167 4972 3500 5046 δτι-οἱπρρἷ

2372 5042 2764 5119 τΤατήμερος]
2799 5045 3048 5116 Τήμερος
3070 5044 3152 5119 _A.
3202 5113 3213 5119 _
3235 5043 3271 5074 "
3318 5042 3501 5119 [ζα-τή-

2196 5122 2217 5154 τ
2252 5121 2344 5173 καὶ
2387 5123 2452 5189 τῇ
2703 5111 2804 5188 ήμ.
2837 5111 2904 5182 A",
2951 5111 3009 5167 ἐν
3033 5117 3096 5184 τῇ
3125 5113 3283 5197 τρίτη
3315 5111 3371 5164 δὲ
3398 5111 3498 5183 ήμ.

2196 5209 2239 5240 r:
2269 5195 2334 5240 A.
2368 5188 2747 5240 εὐγαοιστίους
2772 5186 2919 5240 vuln.
2999 5186 3038 5216 ¹¹
3069 5186 3410 5240 Μουσουκιον
3456 5183 3501 5236 Δ

258 5273 302 5321 a,
328 5252 656 5331 Ξίονσούγιον
687 5279 738 5329 e,
770 5264 1105 5331 Μουσούγιον
1130 5252 1271 5333 vulg.
1308 5261 1608 5317 Musacium
1632 5264 1821 5318 Anast.
1852 5252 1938 5296 ﬂ".
1964 5252 2198 5333 διάῇὲιν]
2223 5252 2566 5332 ίύπάρχέὶνῖ.

1539 5382 1678 5438 JAC.
1711 5381 1922 5438 GOARl
1989 5380 2221 5436 NOTAE.

322 5500 390 5570 (8)
415 5499 475 5573 in
502 5500 662 5554 alium
697 5513 902 5554 annum
929 5501 1146 5571 seponit
1174 5502 1276 5558 ista
1315 5500 1618 5556 Simoeatta
1652 5518 1810 5573 capp.

259 5568 304 5691 ξ,
333 5568 382 5635 7,
406 5571 437 5624 8
474 5580 525 5652 et
548 5577 581 5637 9
618 5585 853 5636 ;verum
887 5568 1133 5627 nonnisi
1158 5573 1408 5628 decimus
1430 5574 1498 5627 ab
1533 5589 1598 5628 eo
1635 5568 1816 5643 potest

296 5655 540 5695 umeran.

322 5681 693 5783 ex
728 5709 995 5783 Simocat.
1021 5712 1060 5767 1.
1097 5727 1173 5783 v_t,
1216 5727 1267 5767 c.
1308 5713 1362 5778 6,
1409 5713 1632 5783 ipsaque
1674 5715 1818 5770 serie

261 5779 353 5856 leg.
391 5779 634 5856 ’Δῦάρεις
664 5800 678 5837 ι
713 5780 796 5837 sic
819 5783 968 5856 enim
996 5783 1087 5856 ille
1115 5781 1367 5856 Priscum
1386 5779 1654 5856 ,‘Chagani
1683 5801 1817 5856 que-

263 5853 376 5908 relis
409 5852 826 5925 respondentem
858 5852 1079 5912 inducit
1108 5871 1123 5924 ;
1165 5855 1306 5910 κατὰ
1341 5854 1448 5910 τῶν
1506 5852 1816 5911 Σ-κλαδίνων

1913 5502 2152 5575 ἄρασθαι
2184 5500 2419 5575 πόλεμον
2447 5517 2459 5531 ·
2492 5498 2740 5575 μὴ-γάρ·
2764 5496 2978 5575 οὐιταξς
3020 5491 3353 5575 Ἀθαρικαῖςὶ
3379 5507 3500 5575 συν-

1915 5562 2114 5643 θήκαις
2144 5591 2202 5625 τε
2240 5562 2334 5625 καῖ
2366 5562 2750 5643 σπονδαῖς-καὶ
2794 5566 2885 5643 τδν
2919 5562 3162 5643 Γετικρν.⁷
3189 5562 3502 5614 καταλύσα-

1917 5633 2041 5697 σθαι
2072 5633 2322 5714 πόλεμον
2341 5659 2355 5673 ο
2394 5641 2603 5714 Bellum
2632 5639 2742 5714 hoc_
2773 5637 3028 5714 adversus
3065 5633 3286 5714 §clauos
3315 5646 3496 5714 suffe-

1915 5725 2064 5785 ptum
2097 5700 2230 5768 esse:
2268 5711 2393 5786 Non
2431 5713 2570 5786 enim
2599 5711 2848 5786 pactis-et
2892 5705 3323 5786 fwderibuoefum
3350 5700 3499 5786 Δίω-

1918 5774 2037 5840 rum
2087 5792 2236 5855 gente
2265 5784 2436 5849 initis,
2468 5782 2631 5838 etiam
2663 5781 2718 5835 in
2771 5774 2928 5836 Getas
2965 5774 3353 5846 expeditionem
3394 5774 3491 5827 inr-

1916 5854 2113 5927 pediri.
2146 5854 2437 5913 Colum.
