4004 6290
501 374 606 440 533
1893 350 2386 414 Tusormms
3264 350 3273 357 ·
3683 348 3787 411 ssi

499 490 758 561 cepisset,
782 484 902 555 lege
934 482 1144 538 sancita
1177 476 1370 541 edixit,
1400 489 1466 529 ne
1500 472 1596 527 ulli
1627 470 1889 563 deinceps
1915 481 2072 563 reges

2198 463 2433 535 .αφύρων
2473 464 2565 516 τὸν
2605 462 2856 530 Χαγάνον
2892 461 3149 532 τιμῆσαι.
3195 462 3255 516 ὐ
3282 462 3342 516 δὲ
3398 462 3661 533 Πρίσκος
3692 464 3787 534 τὴν

495 553 722 635 currum
774 553 915 643 apud
956 568 1246 641 Egyptios
1293 564 1598 619 traherent.
1644 557 1885 612 Subrisit
1937 553 2073 609 Cha-

2198 555 2552 627 ιίχμαλωσῖαν
2578 555 2829 611 ἀπέδωκε
2877 554 2955 625 τῷ
2985 554 3225 627 Χαγάνῳ
3275 556 3418 625 ὑπὲρ
3447 557 3557 627 τῆς
3593 555 3788 611 διαϐά-

498 685 694 743 ganus,
739 667 822 720 his
852 663 1075 726 auditis,
1121 670 1173 715 et
1200 658 1351 729 pacis
1384 654 1589 710 hedera
1631 657 1975 707 servaturum
2017 661 2076 699 se

2198 667 2335 713 πεως.
2400 650 2481 703 Ti
2506 649 2575 703 δὲ
2613 649 2830 720 λάφυρα
2872 650 3051 703 πάντα
3099 648 3280 703 λαϐὼν
3329 649 3651 710 ἀκινδύνως
3702 650 3791 701 τὸν

498 740 753 833 promisit
784 773 799 809 :
831 758 883 812 in
911 760 1183 827 potestate
1210 765 1339 805 vero
1382 747 1556 803 Prisci
1590 754 1757 808 stare,
1788 758 1895 813 qua
1926 748 2077 811 parte

2198 744 2419 814 τοταμδν
2447 743 2793 813 διεπέρασεν.
2841 743 2901 796 Ὀ
2943 743 3000 796 δὲ
3031 742 3282 811 Χαγάνος
3318 742 3498 797 ταῦτα
3549 740 3792 811 δεξάμε-

498 856 798 926 spoliorum
832 850 1012 915 vellet,
1047 863 1109 903 se
1124 848 1388 900 donatum
1422 842 1777 911 relinqueret.
1808 838 1863 891 In
1897 846 2080 890 trans-

2198 854 2267 900 νος
2292 836 2437 907 ἥσθη
2477 836 2765 906 μεγάλωςο
2824 836 2919 890 καὶ
2973 836 3002 888 6
3055 836 3295 906 Πρίσκος
3344 836 3424 899 είς
3481 835 3794 898 Βυζάντιον

499 925 610 1002 itus
668 947 853 1015 itaque
896 939 1151 997 concessi
1204 936 1547 1001 mercedem,
1590 933 1837 1001 captivos
1886 945 2080 984 onmes

2198 925 2334 1001 ᾗκεν.
2372 930 2432 982 '0
2467 929 2522 982 δὲ
2547 930 2755 1000 Πέτρος
2785 930 2881 1001 τὴν
2908 931 3245 1000 στρατηγίαν
3276 926 3628 993 παρέλαϐεν.

493 1041 726 1096 Priscus
744 1038 1004 1106 Chagano
1040 1030 1310 1096 restituit;
1363 1029 1504 1097 ipse,
1536 1026 1772 1081 retentis
1795 1023 1901 1078 sibi
1931 1020 2144 1092 spoliis,
2189 1037 2406 1076 amnem
2438 1022 2637 1077 iterum
2662 1023 2783 1077 sine
2820 1022 3067 1092 periculo
3094 1022 3329 1093 trajecit.
3358 1021 3676 1091 Chaganus
3709 1018 3794 1073 liis

487 1135 740 1205 acceptis
767 1128 1289 1185 miruminmodum
1325 1125 1543 1178 laetatus
1613 1128 1698 1175 est
1728 1135 1742 1171 :
1772 1116 1962 1172 Prisco
2023 1129 2156 1170 vero
2186 1115 2509 1188 Byzantium
2540 1128 2799 1182 reverso,
2860 1113 3059 1170 Petrus
3105 1115 3163 1170 in
3208 1116 3489 1170 exercitus
3542 1111 3795 1168 ducendi

489 1242 703 1283 munus
743 1223 1032 1281 successit.

568 1322 635 1376 A.
661 1322 723 1377 C.
761 1317 886 1374 588.
918 1346 987 1359 -—
1010 1313 1125 1370 Hoc
1150 1327 1296 1368 anno
1322 1311 1483 1367 Petro
1504 1309 1631 1365 duci
1662 1308 1781 1364 suis
1803 1307 2077 1363 mandatis

499 1415 658 1488 231
692 1408 1021 1482 signiﬁcavit
1055 1407 1385 1476 imperator,
1423 1413 1481 1458 ut
1528 1400 1932 1473 stipendiorum
1967 1408 2078 1455 ter-

500 1512 632 1566 tiam
663 1513 871 1579 partem
906 1500 1146 1558 nummis
1177 1498 1362 1554 aureis
1393 1494 1811 1568 persolvendam
1845 1493 2079 1574 Romani

501 1603 707 1659 milites
737 1598 1050 1668 acciperent
1090 1614 1104 1649 :
1149 1602 1356 1664 partem
1399 1591 1560 1645 aliam
1592 1588 1763 1644 armis
1803 1588 1909 1644 sibi
1941 1602 2078 1642 con-

499 1695 719 1751 cessis:
750 1692 997 1746 ultimam
1040 1687 1278 1757 denique
1320 1686 1443 1739 data
1489 1683 1555 1737 ad
1595 1692 1773 1738 vestes
1806 1680 2082 1751 quaslibet

502 1786 730 1843 materia
790 1783 895 1838 sibi
936 1795 1227 1852 repensant
1286 1778 1697 1849 proﬁterentur.
1767 1774 1923 1842 Quod
1987 1774 2079 1830 ubi

2255 1310 2318 1360 Α.
2353 1307 2426 1361 Μ.
2454 1306 2613 1362 6088.
2649 1304 2929 1377 -Τούτῳ
2959 1307 3037 1378 τῷ
3078 1308 3190 1361 ἔτει
3241 1306 3536 1360 ἐκέλευσεν
3567 1304 3598 1355 6
3633 1302 3795 1373 βασι-

2184 1401 2309 1466 λεὺς
2334 1401 2523 1472 Πέτρῳ
2545 1402 2657 1470 (17)
2678 1400 2754 1472 τῷ
2788 1400 3101 1472 στρατηγῷ,
3133 1401 3275 1454 ὥστε
3306 1400 3403 1471 τὴν
3426 1400 3635 1470 τρίτην
3672 1399 3794 1468 μοῖ-

2188 1511 2288 1565 ραν
2310 1492 2408 1564 τῆς
2462 1493 2629 1565 ρόγας
2656 1491 2743 1545 διά
2776 1492 2980 1563 χρυσοῦ
3029 1494 3158 1557 τοὺς
3200 1492 3510 1562 Ῥωμαίους
3553 1491 3789 1545 λαϐεῖν·

2186 1585 2282 1638 καὶ
2310 1585 2410 1655 τὴν
2438 1585 2630 1655 τρίτην
2663 1583 2751 1638 διὰ
2780 1585 2964 1640 ὃπλων
2988 1600 3002 1615 ⁸
3031 1587 3129 1658 τὴν
3168 1586 3224 1640 δὲ
3268 1587 3459 1655 ἑτέραν
3487 1586 3699 1656 τρίτην
3724 1586 3792 1639 δι’

2186 1676 2412 1747 ἐσθῆτος
2433 1679 2711 1741 παντοίας.
2745 1679 2807 1733 Οἱ
2835 1679 2880 1711 ³⁸
2920 1680 3103 1733 τοίνυν
3157 1679 3416 1750 Ῥωμαῖοι
3446 1680 3616 1734 τοῦτο
3652 1681 3791 1751 ἀκη-

2185 1772 2375 1837 κοότες
2406 1774 2542 1844 πρὸς
2569 1773 2859 1844 τυραννίδα
2906 1774 3221 1845 ἐτρέποντο.
3271 1773 3327 1826 Ὁ
3358 1774 3415 1826 δὲ
3468 1772 3792 1845 στρατηγὸς

502 1880 870 1941 resciverunt,
902 1875 968 1930 ad
1004 1873 1357 1930 rebellionem
1383 1888 1441 1928 se
1462 1878 1868 1927 converterunt.
1895 1869 2083 1926 Deter-

2198 1866 2444 1937 1οοϐηθεὶς
2474 1869 2587 1931 τοῖς
2620 1865 3011 1937 στρατοπέδοις
3038 1868 3376 1935 ἀπελογεῖτο,
3413 1866 3489 1929 ὡς
3508 1865 3619 1919 ούκ
3649 1865 3789 1935 ἀλη-

501 1975 646 2031 ritus
686 1973 796 2027 dux
830 1970 1035 2028 factum
1072 1970 1216 2038 apud
1261 1967 1465 2022 milites
1512 1965 1834 2033 excusavit,
1874 1980 2085 2035 nequa-

501 2080 670 2139 quam
706 2063 761 2119 id
805 2076 992 2119 verum
1023 2076 1146 2116 esse
1189 2074 1514 2116 asseverans
1544 2076 1559 2111 :
1591 2059 1727 2128 quin
1756 2058 1920 2113 etiam
1949 2058 2085 2113 alias

505 2156 716 2213 litteras
744 2154 1009 2218 ostendit,
1039 2153 1240 2222 quibus
1268 2152 1498 2222 jubebat
1545 2150 1867 2221 imperator,
1901 2157 1958 2204 ut
1985 2150 2085 2203 mi-

504 2251 634 2307 lites
663 2251 753 2321 qui
783 2250 839 2305 in
866 2248 1008 2305 bello
1028 2246 1246 2301 fortiter
1275 2260 1335 2301 se
1357 2253 1662 2315 gesserant,
1691 2253 1745 2299 et
1768 2259 1799 2299 a
1826 2244 2086 2315 gravibus

507 2342 771 2416 periculis
832 2339 1136 2396 incolumes
1180 2343 1508 2401 evaserant,
1564 2335 1619 2389 in
1676 2334 1905 2389 urbibus
1961 2336 2086 2387 data

504 2434 797 2493 vacatione
824 2438 1071 2502 agerent,
1101 2436 1156 2484 et
1191 2426 1426 2498 publicis
1462 2424 1772 2495 sumptibus
1804 2424 1947 2479 inter
1982 2438 2089 2478 cat-

506 2536 658 2584 teros
679 2539 838 2581 senes
864 2523 1144 2577 alerentur
1171 2535 1185 2573 :
1221 2518 1460 2589 amplius
1492 2525 1547 2571 et
1582 2516 1811 2570 militum
1845 2515 2000 2571 liberi
2031 2515 2087 2570 in

508 2619 795 2690 prpprium
828 2624 1115 2686 parentum
1137 2613 1315 2667 locum
1341 2608 1774 2666 ascriberentur.
1803 2607 2088 2678 Ejusmodi

508 2708 805 2763 verborum
832 2703 1104 2760 lenocinio
1131 2701 1439 2757 exercitum
1472 2701 1547 2756 ita
1574 2700 1855 2766 demulsit,
1893 2708 1949 2752 ut
1976 2698 2089 2754 Ca2-

512 2814 695 2857 sarem
733 2795 978 2853 universi
1020 2794 1217 2850 faustis
1269 2791 1765 2849 acclamationibus
1813 2790 2089 2861 prosecuti

510 2892 624 2947 sint
655 2905 669 2943 :
706 2889 773 2945 de
804 2888 1007 2959 quibus
1034 2886 1293 2942 omnibus
1323 2885 1523 2941 Petrus
1562 2883 1949 2954 imperatorem
1978 2898 2093 2938 cer-

509 2983 708 3038 tiorem
744 2980 892 3038 fecit.
919 2979 1369 3050 Marcianopolim
1394 2993 1527 3034 vero
1564 2978 1857 3045 accedens,
1891 2977 2091 3032 milites

510 3076 687 3142 mille,
729 3075 823 3147 qui
862 3081 1295 3146 praecurrerent,
1331 3073 1500 3128 misit.
1552 3070 1645 3125 Isti
1677 3084 1806 3125 vero
1838 3070 1895 3124 in
1945 3067 2095 3124 Scla-

513 3171 695 3235 vinos,
732 3169 825 3240 qui
858 3182 1108 3241 magnam
1138 3182 1169 3222 e
1204 3166 1581 3221 Romanorum
1615 3164 1815 3219 ﬁnibus
1850 3162 2089 3234 praedam

2186 1955 2276 2019 θὲς
2310 1957 2469 2011 τοῦτό
2527 1958 2665 2011 ἐστι.
2702 1958 2813 2011 Καὶ⁸
2854 1957 3169 2012 ἐπεδείκνυε
3214 1958 3293 2030 τῷ
3350 1957 3574 2029 στρατῷ
3621 1958 3792 2026 ἕτερα

2183 2050 2487 2122 γράμματα
2535 2050 3027 2121 παρακελευόμενα
3088 2050 3260 2122 αὐτῷ,
3305 2050 3444 2104 ὥστε
3495 2051 3634 2114 τοὺς
3665 2052 3791 2121 ἀρι-

2186 2139 2517 2203 στεύσαντας
2547 2142 2642 2194 καὶ
2681 2142 2747 2194 ἐκ
2775 2140 2884 2194 τῶν
2931 2140 3196 2195 κινδύνων
3248 2141 3621 2205 διασωθέντας
3658 2140 3709 2173 δ’
3733 2142 3790 2194 έν

2183 2238 2306 2298 ταῖς
2329 2233 2544 2287 πόλεσιν
2576 2233 2977 2301 ἀναπαύεσθαι,
3014 2234 3111 2289 καὶ
3139 2233 3614 2307 γηροτροφεῖσθαι
3650 2234 3697 2267 ⁸⁸
3726 2235 3791 2288 ἐκ

2184 2328 2293 2382 τῶν
2321 2326 2597 2397 δημοσίων
2618 2344 2634 2359 ·
2667 2328 2795 2391 τοὺς
2824 2327 2879 2381 δὲ
2923 2328 3123 2392 παῖδας
3168 2329 3278 2383 τῶν
3311 2328 3673 2399 στρατιωτῶν
3708 2330 3790 2391 είς

2186 2419 2311 2483 τοὺς
2340 2420 2537 2483 τόπους
2563 2418 2670 2471 τῶν
2696 2418 2913 2473 οίκείων
2935 2418 2981 2451 ⁸³
3009 2421 3214 2489 γονέων
3239 2420 3623 2492 ἐγγράφεσθαι
3645 2438 3662 2454 ’
3694 2422 3791 2473 καὶ

2186 2510 2359 2583 ταύτῃ
2384 2514 2452 2583 τῇ
2480 2510 2799 2581 πιθανότητι
2829 2510 2875 2544 ⁸³
2895 2511 2985 2565 τὸν
3013 2511 3141 2566 λαδν
3176 2514 3557 2585 κατεπράϋνεν
3590 2513 3663 2581 ⁸⁸,
3692 2514 3789 2566 καὶ

2190 2603 2282 2659 τὸν
2312 2603 2570 2673 Καίσαρα
2603 2606 2999 2677 ἀνευφήμησαν
3016 2606 3082 2659 ⁸⁵.
3109 2605 3294 2660 Ταῦτα
3317 2605 3373 2659 δὲ
3405 2608 3434 2661 6
3466 2606 3684 2679 Πέτρος
3712 2606 3793 2678 τῷ

2193 2695 2403 2766 βασιλεῖ
2430 2697 2476 2729 ³⁸
2508 2713 2640 2751 κατε
2651 2698 2907 2768 μήνυσεν.
2931 2696 3136 2751 Ἐλθὼν
3164 2698 3221 2751 δὲ
3238 2699 3331 2752 ἐπὶ
3355 2700 3789 2771 Μαρκιανούπυ-

2190 2790 2275 2844 λιν
2309 2789 2627 2844 ἀποστέλλει
2652 2790 2855 2860 χιλίους
2886 2792 3234 2862 προτρέχειν.
3267 2784 3429 2845 Οὗτοι
3455 2809 3520 2845 πε
3531 2794 3794 2864 ριτυχόν-

2191 2900 2283 2947 τες
2306 2882 2624 2946 Σκλαϐινοῖς
2659 2883 3080 2955 ἐπιφερομένοις
3136 2883 3454 2957 Ῥωμαϊκὴν
3486 2885 3795 2955 λεηλασίαν

2194 2974 2418 3045 πολλὴν,
2454 2975 2677 3039 τούτους
2722 2977 3017 3048 τρέπονται
3071 2978 3147 3011 ⁸⁷⁸
3180 2979 3231 3031 οἱ
3260 2978 3318 3031 δὲ
3366 2977 3637 3049 βάρϐαροι
3694 2978 3796 3050 τὴν

2194 3071 2576 3141 αἰχμαλωσίαν
2612 3073 3033 3143 ἀποσφάξαντες
3067 3074 3201 3147 (18),
3260 3074 3358 3129 καὶ
3412 3072 3798 3145 αἰχμαλωσίας

2198 3163 2397 3235 πολλῆς
2427 3166 2824 3236 κρατήσαντες,
2862 3165 2957 3219 ἐπὶ
2986 3165 3056 3220 τὰ
3089 3166 3376 3237 Ῥωμαῖκά
3412 3165 3795 3236 ὑπέστρεψαν.

514 3274 835 3334 evexerant,
873 3265 1205 3330 incidentes,
1236 3264 1291 3317 in
1317 3262 1503 3333 fugam
1548 3261 1820 3316 Barbaros
1849 3269 2080 3316 vertere.
2115 3260 2186 3315 At
2245 3260 2493 3328 Barbari,
2560 3262 2792 3333 captivis
2845 3261 3177 3329 interfectis,
3220 3273 3473 3319 caateram
3516 3262 3797 3335 prmdam,

513 3378 637 3435 qua:
671 3363 912 3417 maxima
946 3359 1069 3425 fuit,
1104 3373 1290 3414 secum
1326 3358 1687 3421 abducentes,
1730 3358 1785 3411 in
1826 3354 2200 3411 Romanorum
2229 3357 2365 3415 lines
2398 3358 2635 3428 regressi
2666 3364 2815 3414 sunt.

587 3456 789 3512 Eodem
816 3471 963 3510 anno
993 3453 1259 3511 solarium
1291 3451 1603 3524 Magnam-a3
1629 3453 1926 3509 rotundum
1956 3467 2090 3509 con-

2271 3454 2361 3525 Τῷ
2412 3454 2456 3508 δ’
2508 3453 2659 3523 αὐτῷ
2709 3453 2821 3508 ἔτει
2872 3453 3086 3508 ἔκτισεν
3114 3456 3141 3508 6
3174 3452 3429 3525 βασιλεὺς
3462 3454 3526 3507 τὸ
3554 3452 3603 3487 ⁸⁸
3633 3453 3794 3522 ἡλια-

514 3549 655 3607 didit
709 3550 1041 3619 imperator,
1100 3560 1371 3617 suamque
1427 3553 1667 3601 statuam
1721 3545 1787 3599 ad
1850 3546 2092 3602 medium

514 3643 716 3697 atrium
758 3641 955 3706 erexit,
982 3640 1297 3710 ibidemque
1328 3638 1513 3708 posuit
1544 3648 1971 3694 armamentum.

587 3819 652 3871 Α.
683 3817 747 3871 C.
774 3816 897 3873 589.
922 3846 991 3858 —
1019 3812 1132 3871 Hoc
1154 3828 1299 3870 anno
1324 3829 1447 3869 cum
1478 3812 1674 3870 Petrus
1698 3815 1808 3870 dux
1835 3826 2094 3870 venatum

518 3911 839 3983 prodiisset,
874 3908 1107 3979 agrestis
1146 3924 1243 3964 sus
1278 3907 1495 3963 obviam
1543 3907 1721 3962 factus
1750 3906 1939 3978 pedem
1979 3908 2098 3977 ejus

520 4005 587 4058 ad
631 4003 879 4057 arborem
921 4000 1181 4056 contrivit
1214 4016 1228 4052 :
1262 4013 1328 4053 ex
1354 4015 1465 4069 quo
1486 4000 1772 4054 doloribus
1810 4000 1970 4065 plane
2016 4001 2100 4052 in-

520 4093 832 4149 tolerandis
894 4092 989 4146 ἁὶιι
1047 4091 1328 4147 cruciatus
1393 4098 1501 4147 est.
1559 4091 1862 4161 [inperator
1914 4101 2095 4145 autem

521 4187 726 4243 litteris
774 4183 1303 4250 inclementioribus,
1362 4182 1668 4253 probrosis,
1716 4184 2100 4253 conviciisque

522 4281 868 4354 gravissimis
892 4295 1016 4335 eum
1048 4278 1389 4352 perstrinxit,
1421 4294 1545 4337 cum
1575 4277 1865 4335 Sclavinos
1895 4277 2100 4350 Byzan-

528 4376 661 4429 tium
686 4388 883 4430 versus
914 4373 1209 4429 adventare
1226 4373 1564 4429 rescivisset.
1593 4371 1689 4427 llis
1722 4373 1923 4428 Petrus
1952 4388 2103 4427 eom-
2136 4357 2185 4413 υ

525 4476 712 4523 motus
761 4481 826 4521 ac
864 4481 995 4523 vere
1048 4474 1274 4523 coactus
1309 4465 1489 4520 Novas
1541 4480 1600 4522 se
1648 4465 1903 4521 contulit.
1962 4466 2100 4521 Cum

527 4575 662 4616 vero
694 4560 850 4617 urbis
898 4559 1161 4631 primates
1198 4573 1263 4614 ac
1301 4558 1504 4621 milites
1532 4574 1641 4613 una
1665 4573 1789 4613 cum
1833 4558 2097 4630 episcopo

2199 3548 2292 3603 κὸν
2320 3546 2431 3621 (19)
2462 3548 2560 3618 τῆς
2588 3546 2926 3618 Μαγναύρας
2953 3548 3014 3600 τὸ
3043 3546 3373 3618 στρογγύλον
3396 3546 3441 3579 ⁸⁸
3466 3564 3480 3579 '
3509 3549 3606 3602 καὶ
3630 3548 3796 3618 ἔστη-

2200 3657 2292 3693 σεν
2320 3641 2379 3693 ὲν
2418 3639 2495 3710 τῷ
2529 3638 2810 3711 μεσιαύλῳ
2838 3640 2938 3710 τὴν
2992 3638 3131 3695 ίδίαν
3168 3638 3392 3711 στήλην,
3431 3643 3525 3695 καὶ
3557 3640 3798 3695 ἀπέθετο

2199 3733 2317 3787 ἐκεῖ
2340 3732 2403 3787 τὸ
2420 3733 2571 3804 ἅρμα
2580 3733 2794 3804 μέντον.

2270 3826 2335 3879 Δ.
2374 3827 2449 3881 Μ.
2485 3826 2644 3882 6089.
2678 3853 2747 3867 -—
2774 3825 2961 3896 Τούτῳ
2977 3824 3055 3897 τῷ
3083 3826 3192 3879 ἔτει
3218 3826 3428 3898 Πέτρου
3458 3825 3553 3880 τοῦ
3589 3843 3795 3899 στρατ-

2202 3921 2340 3988 ηγοῦ
2394 3916 2758 3988 κυνηγοῦντος
2783 3916 3031 3991 (ΞΟ),καλ⁸
3067 3918 3158 3983 ὑὸς
3188 3918 3385 3989 ἀγρίου
3414 3919 3561 3990 αύτῷ
3595 3937 3795 3974 συναν-

2201 4015 2484 4084 τήσαντος,
2530 4015 2621 4067 τὸν
2668 4014 2803 4068 πόδα
2826 4014 3017 4068 τούτου
3049 4014 3104 4065 ἰν
3125 4013 3329 4084 δένδρῳ
3358 4010 3658 4083 ἔξέθλιψεν,
3700 4015 3798 4069 καὶ

2205 4107 2496 4177 ἀφορήτοις
2517 4107 2564 4138 ³⁸
2593 4106 2805 4171 ὀδύναις
2822 4108 2997 4179 χρόνῳ
3032 4105 3213 4177 πολλῷ
3241 4105 3614 4177 ἐνοσηλεύετο.
3648 4093 3709 4160 '0
3739 4106 3795 4159 δὲ

2207 4194 2563 4267 αὐτοκράτωρ
2613 4196 2937 4268 γράμμασιν
2970 4196 3274 4268 αἰσχίστοις
3331 4199 3427 4252 καὶ
3466 4197 3796 4268 ὀνειδισμοῖς

2207 4286 2502 4356 ἀφορήτοις
2531 4287 2694 4341 αὐτὸν
2727 4288 3050 4360 περιέϐαλεν
3081 4290 3149 4356 ⁸⁸,
3184 4288 3426 4353 ἀκούσας
3452 4290 3497 4322 ⁵⁸
3522 4290 3797 4345 Σκλαϐινά

2209 4376 2337 4449 ἔθνη
2370 4380 2510 4432 κατὰ
2543 4380 2637 4433 τοῦ
2683 4379 2980 4444 Βυζαντίου
3026 4381 3315 4437 κινεῖσθαι.
3381 4382 3440 4436 ’0
3470 4382 3529 4436 δὲ
3584 4384 3794 4455 Πέτρος

2211 4469 2539 4541 βιασάμενος
2568 4473 2648 4537 είς
2677 4472 2857 4536 Νόϐας
2890 4474 2936 4505 ⁸³
2964 4474 3295 4545 παρεγένετο
3324 4473 3463 4547 (9-1).
3508 4475 3573 4529 Οἱ
3605 4475 3661 4529 δὲ
3696 4476 3793 4557 τῆς

2208 4559 2417 4625 πόλεως
2450 4560 2709 4633 ἐπίσημοι
2741 4563 3071 4634 στρατιῶται
3122 4562 3242 4634 ἅμα
3269 4564 3349 4637 τῷ
3377 4566 3664 4637 ἔπισχόπῳ
3716 4564 3794 4639 τῷ

1810 4678 2044 4734 VARIAS
2086 4677 2491 4735 LECTIONES.

600 4775 645 4808 ³⁹
666 4776 713 4828 oi
746 4775 869 4829 add.
926 4790 991 4829 ex
1044 4773 1109 4828 Α.
1185 4772 1235 4843 ‘9
1256 4771 1621 4835 διασωθέντας
1658 4773 1703 4843 Α
1752 4786 1803 4837 e,
1852 4771 2127 4835 σωθέντας
2179 4774 2325 4843 vulg.

529 4847 577 4883 ι³
605 4844 955 4913 πειθανότητι
987 4844 1135 4913 vulg.
1201 4842 1248 4914 ιθ
1266 4844 1641 4911 κατεπράϋνεν
1669 4841 1733 4914 A_,
1760 4843 2155 4914 καταπραΰνας
2180 4841 2325 4914 vulg.

532 4918 677 4986 vulg.
753 4915 798 4949 ⁸⁷
831 4912 1123 4986 τρέπονται
1147 4914 1186 4986 ᾼ
1220 4913 1277 4975 b,
1306 4914 1600 4986 τρέπουσιν
1632 4912 1801 4986 vulg:
1843 4912 1904 4986 _"
1933 4915 1992 4986 το

530 4987 579 5023 ⁸ο
602 4983 881 5058 ἀφορήτος
901 4987 965 5049 Α,
997 4983 1278 5055 ἀφορήτας
1312 4983 1458 5054 vulg.

2058 4913 2148 4982 ήλ.
2204 4913 2398 4978 Αζτὸν
2461 4913 2725 4984 ἡλζνιιιᾴ.

1536 4983 1579 5015 ¹¹
1607 4982 1933 5049 περιέϐαλεν
1956 4984 2021 5047 A,
2056 4984 2411 5055 περιέϐαλλεν
2449 4982 2597 5056 vuig.

3091 4776 3137 4808 δ’
3177 4775 3396 4829 οἰκείων
3441 4776 3565 4831 add.
3620 4792 3686 4831 ex
3728 4777 3793 4832 A-

2401 4844 2447 4875 "
2477 4845 2804 4916 εὐφήμησαν
2832 4848 2891 4899 Α.
2967 4846 3013 4877 ⁸⁸
3037 4844 3115 4916 τῷ
3143 4845 3267 4914 βασ.
3307 4846 3376 4909 Α,
3418 4847 3513 4899 καὶ
3543 4847 3623 4918 τῷ
3674 4846 3795 4917 βασ.

2461 4914 2550 4971 ήλ.
2578 4916 2725 4971 vulg.
2801 4916 2847 4947 δ’
2873 4913 2934 4967 τὸ
2966 4916 3301 4971 στρογγύλον
3349 4917 3472 4970 add.
3503 4932 3570 4970 ex
3616 4918 3661 4970 Α
3692 4932 3721 4971 a
3758 4916 3795 4971 f.

2676 4932 2725 4984 Β.
2801 4932 2847 4947 ὐ
2873 4932 2934 4967 το
2966 4932 3301 4986 στρογγύλον
3349 4932 3472 4970 auo.
3503 4932 3570 4970 ex
3616 4932 3661 4970 Α
3692 4932 3721 4971 a
3758 4932 3795 4972 ι.

2676 4987 2721 5017 ⁵¹
2749 4984 2964 5039 ἀκούων
2992 4986 3060 5039 Α.
3140 4988 3187 5020 ⁸³
3220 4986 3415 5056 Νομάς
3446 5002 3477 5041 e
3512 4987 3543 5039 f.

2426 4774 2469 4806 “
2508 4774 2889 4845 εὐτροφεῖσθαι
2944 4790 2996 4830 e.

1814 5098 1955 5156 JAC.
1984 5101 2192 5157 GOARI
2245 5101 2477 5158 NOTAE.

606 5215 716 5287 3'17)
744 5214 1043 5287 §imocatta
1076 5214 1167 5268 lib.
1197 5213 1233 5287 fl
1262 5227 1419 5287 capp.
1446 5211 1469 5267 l
1505 5221 1558 5268 et
1595 5211 1649 5267 Ξ.

600 5282 714 5359 {18)
747 5284 1053 5359 Τιιεοριιιι.
1088 5282 1251 5359 paulo
1292 5285 1462 5359 aliter
1516 5298 1630 5359 rem
1665 5291 1879 5359 narrat,
1934 5284 2106 5339 semel

533 5353 837 5416 ac‘iterum
871 5353 1145 5410 occi'sos’a
1191 5353 1445 5409 barbaris
1479 5354 1766 5422 captivos;
1799 5355 1938 5410 alios
1979 5370 2103 5409 cum

532 5432 771 5502 primum
825 5426 1059 5502 Romani
1118 5427 1515 5502 occurrissent,
1544 5426 1712 5502 _alios
1755 5441 1879 5502 eum
1931 5440 1992 5480 se
2038 5426 2107 5479 ab

533 5495 616 5557 cis
652 5498 980 5568 expugnari,
1018 5502 1076 5548 ut
1111 5495 1259 5549 nulla
1308 5510 1437 5566 spes
1477 5496 1676 5552 salutis
1713 5496 1921 5565 reliqua
1945 5505 2109 5562 esset,

532 5564 823 5627 viderent:
862 5564 1159 5622 COIBIFIS.

607 5638 719 5708 (l9)
755 5635 1030 5693 Salarium
1092 5636 1225 5691 illud
1260 5636 1546 5708 rotundum
1582 5644 1848 5691 memorat
1876 5636 2114 5708 Anasta-

539 5712 656 5769 sius
679 5707 706 5760 ι
726 5708 817 5764 cui
844 5722 980 5763 voce
1045 5707 1374 5777 στρογγύλον
1412 5707 1590 5777 adjeCI
1620 5709 1904 5762 naonnulli
1941 5707 2105 5763 codd.

539 5776 1247 5849 consentiunt.Meaidolov
1274 5788 1457 5849 autem
1478 5776 1652 5849 basim
1671 5779 1938 5849 lapideam
1967 5794 2107 5833 areae

541 5850 627 5908 vel
655 5848 784 5908 atrii
810 5848 994 5910 medlo
1023 5857 1263 5909 erectam
1287 5848 1484 5907 lubens
1513 5847 1931 5920 interpretarcr,
1981 5864 2106 5905 cum

2215 5216 2272 5270 in
2298 5229 2376 5286 eo
2405 5222 2644 5286 statuam
2676 5214 3081 5286 superpositam
3122 5215 3362 5286 intuear.

2286 5284 2765 5357 (20)._lj3xcerptuni
2794 5303 2824 5342 e
2844 5284 3017 5357 capp.
3045 5286 3104 5350 2,
3129 5288 3182 5351 5,
3206 5288 3241 5340 4
3274 5294 3328 5341 et
3352 5285 3405 5339 5.

2284 5354 2574 5430 (21)'Nova
2618 5354 2732 5430 alia
2772 5358 2827 5430 in
2866 5354 3077 5419 Africa,
3122 5357 3239 5430 alia
3296 5357 3351 5411 in
3393 5354 3603 5430 Moesia
3635 5374 3801 5430 supe-

2213 5426 2947 5496 riore.—The0pliylactus
3012 5427 3233 5483 venisse
3280 5426 3502 5495 quidem
3572 5426 3797 5485 Petrum

2214 5496 2397 5569 Novas
2426 5505 2636 5569 narrat,
2665 5496 2803 5550 niliii
2829 5506 3028 5569 tamen
3063 5497 3339 5569 ejusmodi
3371 5500 3424 5552 in
3447 5513 3511 5553 ea
3546 5502 3683 5556 urbe
3722 5502 3801 5556 illi

2218 5566 2491 5621 accidisse
2524 5566 2715 5629 refert,
2751 5567 2846 5621 sed
2898 5568 2954 5622 in
2995 5566 3208 5633 Asiino,
3241 5569 3333 5624 ubi
3368 5579 3515 5625 esset
3561 5571 3803 5626 lectissi-

2220 5651 2436 5691 morum
2465 5636 2601 5691 illud
2625 5637 2858 5690 militum
2879 5639 3198 5707 praesidium
3227 5654 3259 5693 a
3286 5638 3504 5695 Justino
3525 5641 3641 5696 illic
3665 5657 3801 5697 ron-

2212 5708 2486 5770 stitutum,
2526 5709 2673 5777 quod
2714 5708 2761 5763 is
2808 5706 3013 5763 frustra
3042 5723 3296 5765 amovere
3312 5712 3801 5778 conatussit,coa-

2214 5779 2319 5905 céis
2348 5778 2701 5845 praesidiariis
2738 5778 2794 5835 in
2809 5792 2918 5836 sua
2940 5788 3145 5838 castra.
3182 5779 3274 5839 Sic
3297 5780 3335 5838 Ι.
3362 5796 3456 5851 vn,
3481 5797 3566 5839 cc.
3603 5782 3642 5839 2
3670 5788 3725 5842 et
3744 5781 3798 5839 ὃ.

2268 5865 2509 5905 οπως.

2268 5865 2509 5907 οιηιιηε.
