3996 6292
477 425 587 499 603
1862 436 2354 498 THEOPHANIS
3677 436 3780 499 ﬁdi

481 557 604 603 erat
636 546 687 605 ei
724 545 1068 619 Philippicus
1096 562 1163 605 et
1191 562 1382 605 sorore
1412 562 1579 620 gener
1600 550 1670 605 ob
1701 548 1799 605 Phi
1835 550 2072 606 litteram

2192 548 2641 614 Ἐσκανδαλίζετο
2669 549 2727 604 δὲ
2752 550 2845 605 καὶ
2872 550 2916 582 ⁷⁸
2945 551 3025 612 εἰς
3051 550 3380 604 Φιλιππικὸν
3404 550 3497 605 τὸν
3522 568 3591 620 γα
3601 551 3780 622 μῦρὸν

482 658 512 696 a
541 655 649 712 qua
681 655 886 697 nomen
911 635 1151 697 ducebat
1175 641 1487 697 exordium.
1522 640 1869 715 Philippicas
1894 651 2077 699 autem

2187 641 2381 707 αὐτοῦ,
2414 640 2490 707 ὡς
2518 644 2600 707 εἰς
2652 642 2715 697 τὸ
2736 645 2779 697 Φ
2812 644 3052 716 γράμμα.
3078 644 3125 676 ’⁷
3166 642 3596 715 ὀνομαζόμενον.
3633 644 3691 698 ’0
3725 645 3780 699 δὲ

484 749 594 788 non
646 748 755 788 una
803 733 1105 803 juramenti
1167 734 1382 792 ratione
1448 751 1605 801 usus,
1644 736 1739 792 sed
1786 746 1901 791 tum
1942 735 2080 793 diris

484 825 778 888 mvocatis,
816 831 930 879 tum
969 823 1133 879 etiam
1183 824 1294 879 Deo
1337 824 1391 879 in
1428 832 1624 881 testem
1677 824 1989 897 implorato,
2018 840 2080 882 se

482 919 536 973 in
571 918 693 989 ejus
736 919 1003 989 obsequio
1048 933 1245 990 purum
1300 934 1490 991 gerere
1528 919 1845 985 consilium,
1881 925 1935 972 et
1966 924 2076 971 tam

485 1013 555 1066 ab
612 1011 781 1067 animi
844 1010 1095 1078 lenitate,
1140 1026 1307 1081 quam
1369 1011 1511 1066 dolis
1570 1011 1803 1066 alienam
1862 1024 2081 1080 semper

485 1114 722 1159 mentem
796 1117 1049 1159 servasse
1114 1118 1299 1159 coram
1357 1103 1690 1174 imperatore
1748 1102 2076 1163 aﬂirmabat.

484 1196 787 1253 Mauricius
814 1212 981 1268 porro
1014 1199 1296 1253 continuis
1330 1198 1587 1269 precibus
1620 1196 1789 1253 Deum
1818 1197 2079 1268 interpel-

487 1286 611 1345 lans
646 1297 705 1344 ut
740 1303 867 1359 erga
912 1288 1151 1343 animam
1200 1288 1528 1345 clementem
1568 1304 1696 1345 eum
1727 1289 2073 1360 experiatur,

486 1380 723 1450 quadarn
766 1390 929 1437 nocte
973 1396 1167 1437 somno
1217 1383 1434 1453 sopitus
1466 1398 1563 1453 per
1596 1382 1776 1438 visum
1815 1382 2079 1453 imagina-

487 1482 578 1531 tus
607 1486 713 1541 est,
746 1490 806 1531 se
838 1482 1022 1531 astare
1067 1490 1255 1532 coram
1304 1477 1542 1548 imagine
1592 1476 1927 1540 Servatoris,
1956 1492 2077 1547 qua:

485 1569 555 1625 ad
598 1578 811 1641 portam
865 1586 1085 1637 aeream,
1131 1580 1184 1627 et
1224 1571 1439 1627 turbam
1487 1573 1781 1627 maximam
1833 1572 1980 1627 circa
2018 1588 2077 1628 se

484 1662 808 1718 collectam:
843 1678 1029 1718 vocem
1071 1679 1201 1719 vero
1229 1680 1293 1720 ex
1345 1664 1528 1736 magni
1558 1664 1650 1721 Dei
1671 1674 1725 1721 et
1764 1665 2076 1721 Serratoris

486 1756 662 1811 nostri
730 1755 862 1813 Jesu
922 1756 1128 1812 Christi
1188 1755 1365 1829 efﬁgie
1428 1759 1791 1831 prodeuntem
1859 1758 2073 1815 audiri:

493 1846 777 1905 Producite
826 1848 1189 1905 Blauricium:
1244 1867 1370 1907 mox
1432 1868 1563 1909 vero
1613 1854 2072 1925 comprehensum

485 1958 517 1998 a
557 1941 753 2014 judicii
801 1942 1082 1999 ministris
1132 1943 1199 1999 ad
1254 1944 1701 2018 porphyreticum
1759 1946 2077 2001 umbilicum
2111 1934 2153 1988 Β

487 2036 687 2093 ibidem
736 2038 973 2110 positum
1005 2038 1247 2095 stetisse.
1282 2038 1422 2094 Tum
1457 2041 1524 2095 ad
1550 2055 1673 2096 eum
1707 2040 1894 2096 divina
1934 2055 2079 2097 vox:

488 2128 592 2187 Ubi
620 2131 719 2197 vis,
754 2131 952 2202 inquit,
982 2130 1081 2186 tibi
1107 2148 1202 2201 pro
1246 2133 1490 2202 operibus
1527 2132 1793 2189 retribui?
1820 2149 1945 2188 num
1973 2134 2078 2199 hic,

488 2225 566 2281 uel
608 2226 660 2279 in
703 2227 885 2298 futuro
920 2226 1167 2280 alecula?
1199 2223 1296 2281 His
1339 2226 1567 2292 auditis,
1600 2228 1933 2298 respondet:
1968 2226 2081 2282 Hu-

462 2308 800 2372 imanissime
833 2316 1076 2382 Domine,
1106 2317 1277 2388 judea:
1308 2318 1631 2387 a’quissime,
1666 2318 1751 2373 hic
1801 2328 1937 2373 certe
1989 2336 2083 2389 po-

490 2411 616 2477 tius,
647 2427 806 2481 quam
837 2412 893 2465 in
934 2410 1116 2481 futuro
1154 2411 1370 2465 swculo.
1412 2411 1508 2465 Illa
1543 2411 1729 2483 itaque
1760 2412 1945 2467 divina
1977 2427 2080 2478 vox

491 2503 842 2572 Mauricium,
890 2516 946 2561 et
988 2506 1109 2576 ejus
1165 2520 1415 2570 uxorem,
1472 2505 1696 2569 liberos,
1750 2515 1805 2561 et
1859 2522 2079 2561 omnem

487 2599 609 2670 ejus
642 2599 955 2671 prosapiam
992 2598 1187 2654 Phoce:
1228 2599 1390 2653 militi
1426 2597 1569 2653 tradi
1619 2598 1808 2668 jussit.
1856 2598 2083 2654 Excitus

489 2709 520 2749 a
564 2707 761 2748 somno
806 2689 1107 2749 Mauricius
1160 2692 1324 2765 240
1371 2702 1623 2747 vocatum
1657 2692 1723 2746 ad
1759 2706 1819 2747 se
1850 2692 2080 2747 accubi-

438 2784 441 2787 λ
491 2795 666 2840 torem
698 2782 1063 2855 Philippicum
1109 2800 1371 2855 generum
1418 2785 1749 2852 quantocius
1791 2798 2080 2840 accersen-

491 2878 621 2931 dum
684 2877 937 2946 imperat.
989 2876 1274 2933 Profectus
1321 2878 1611 2934 accubitor
1667 2878 1846 2932 virum
1902 2884 2080 2934 vocat.

492 2971 590 3028 Ille
653 2986 849 3027 somno
899 2986 1156 3039 excusso,
1202 2971 1494 3043 conjugcm
1547 2972 1712 3028 etiam
1759 2971 1982 3038 estcitat,
2030 2979 2088 3028 et

490 3067 725 3122 salutem
786 3065 977 3122 osculo
1049 3074 1351 3136 precatus:
1408 3064 1551 3130 Vale,
1607 3065 1806 3138 inquit,
1863 3066 2081 3136 conjux,

493 3176 633 3213 nunc
669 3158 859 3213 ultimo
893 3175 973 3213 me
1003 3158 1168 3214 vides.
1209 3158 1301 3212 illa
1348 3173 1543 3229 magna
1571 3159 1812 3229 ejulatus
1858 3176 1991 3216 voce
2014 3160 2083 3217 ad

491 3254 864 3313 aceubitorem
886 3255 1235 3311 exclamans:
1269 3254 1515 3311 Obtestor
1538 3264 1606 3322 te,
1642 3257 1738 3321 ait,
1768 3272 1861 3326 per
1886 3256 2080 3322 Deum,

489 3350 746 3421 quidnam
788 3351 866 3405 rei
899 3360 998 3417 est,
1030 3348 1168 3421 quod
1203 3350 1371 3404 uirum
1398 3348 1499 3403 hac
1528 3350 1661 3404 hora
1691 3350 1883 3419 quarrit
1915 3359 2078 3421 tmpe-

491 3445 685 3499 rator?
730 3441 974 3498 Aliirmat
1023 3443 1114 3498 ille
1141 3441 1488 3513 jusjurandis
1523 3457 1583 3497 se
1618 3442 1899 3497 nescium:
1934 3442 2078 3497 Tan—

494 3549 606 3593 tum
674 3536 948 3605 derepente
1017 3554 1051 3591 a
1106 3553 1291 3591 somno
1344 3536 1474 3591 liber
1539 3537 1829 3605 imperator
1884 3553 2075 3593 exsur-

493 3632 651 3695 rexit,
678 3642 728 3684 et
774 3648 856 3685 me
908 3628 1009 3685 huc
1044 3630 1210 3686 misit.
1242 3629 1582 3700 Philippicus
1615 3631 1967 3687 cucharistia:
1999 3647 2077 3689 t‘e-

492 3726 762 3797 cipiendze
814 3726 1077 3783 facultate
1127 3726 1322 3797 petita,
1350 3741 1413 3781 ea
1452 3730 1760 3781 instructus
1796 3726 1859 3780 ad
1903 3726 2077 3797 impe-

493 3832 733 3877 ratorem
781 3821 978 3891 pergit.
1013 3822 1168 3875 Uxor
1200 3826 1383 3873 autem
1430 3820 1551 3888 ejus
1583 3818 1785 3874 Gordia
1823 3820 2073 3891 querula,

495 3914 748 3987 plorans,
804 3921 859 3970 et
907 3912 1081 3967 divini
1136 3910 1383 3967 numinis
1421 3926 1579 3980 opem
1645 3912 1762 3967 suis
1817 3912 2076 3983 precibus

494 4008 773 4063 advocans
804 4007 859 4061 in
892 4006 1119 4061 humum
1149 4005 1395 4076 projecta
1428 4005 1676 4074 jacebat.
1732 4004 2075 4077 Philippictts

496 4100 857 4173 imperatoris
885 4100 1208 4156 cubiculum
1264 4101 1576 4171 ingressus,
1627 4098 1694 4155 ad
1744 4100 1866 4168 ejus
1908 4099 2076 4170 pedes

493 4198 859 4270 provolvitur.
910 4197 992 4252 Ad
1020 4212 1184 4268 quem
1245 4196 1548 4266 imperator
1581 4214 1595 4250 :
1626 4195 1730 4251 Per
1757 4195 1929 4250 Deum
1972 4197 2076 4250 im-

496 4292 801 4357 mortalem,
849 4292 1051 4364 inquit,
1112 4292 1321 4361 ignosce
1357 4289 1497 4359 quod
1542 4291 1599 4344 in
1632 4298 1678 4345 te
1728 4290 1954 4359 peccavi.
1992 4290 2084 4351 Ad

494 4388 630 4440 hanc
661 4386 919 4456 siquidem
952 4386 1137 4439 harant
1163 4394 1211 4439 te
1232 4394 1533 4451 suspectum
1564 4394 1615 4437 et
1647 4384 1873 4438 invisum
1890 4383 2073 4440 habui.

496 4481 564 4536 Et
598 4481 918 4538 accubitore
949 4478 1209 4535 secedere
1239 4478 1424 4548 jusso,
1460 4492 1763 4548 exsurgens
1788 4493 1819 4531 e
1847 4478 1987 4533 lecto
2011 4477 2080 4533 ad

497 4574 790 4645 Philippici
810 4572 976 4643 pedes
996 4570 1313 4641 procidens,
1347 4568 1566 4641 Ignosce
1586 4570 1734 4635 milii,
1755 4570 2076 4640 subjunxit;

2186 734 2516 801 Ψιλιππικὸς
2545 735 2821 808 διαφόρως
2853 736 3149 809 ἐπώμνυτο
3179 737 3259 809 τῷ
3300 736 3534 809 βασιλεῖ,
3563 738 3643 800 ὡς
3687 754 3785 791 κα-

2188 828 2355 901 θαρός
2401 831 2552 884 ἐστιν
2604 831 2816 902 εἰςιτὴν
2865 830 3117 885 δουλείαν
3154 829 3347 897 αὐτοῦ,
3393 832 3489 885 καὶ
3517 832 3623 885 οὐκ
3663 829 3781 899 ἔχει

2187 925 2320 996 παρ’
2346 926 2497 997 αὐτῷ
2522 925 2683 996 λόγον
2720 925 2754 997 ἢ
2794 925 2838 958 ⁷⁸
2876 923 3047 980 δόλον.
3081 924 3190 980 Τοῦ
3244 924 3301 980 δὲ
3332 922 3649 996 Μαυρικῖου
3692 922 3785 976 τὸν

2185 1016 2322 1072 Θεὸν
2357 1017 2695 1082 ἱκετεύοντος
2724 1016 2838 1091 (59)
2867 1019 2962 1073 τοῦ
2994 1018 3286 1089 ἐλεηθῆναι
3338 1017 3440 1089 τὴν
3466 1015 3653 1088 ψυχὴν
3684 1013 3786 1068 αὐ-

2184 1110 2308 1175 τοῦ,
2363 1113 2422 1167 ἐν
2474 1112 2577 1183 μιᾷ
2606 1111 2653 1144 ⁷⁸
2690 1113 3040 1183 κοιμωμένου
3097 1109 3267 1165 αὐτοῦ
3319 1106 3458 1165 εἶδεν
3488 1110 3781 1174 ὀπτασίαν,

2185 1206 2265 1271 εἰς
2285 1207 2384 1277 τὴν
2416 1205 2627 1279 χαλκῆν
2665 1205 2844 1277 πύλην
2874 1206 2971 1261 τοῦ
3004 1205 3271 1260 παλατίου
3302 1206 3362 1259 ἐν
3390 1208 3457 1278 τῇ
3492 1204 3666 1259 εἰκόνι
3690 1204 3782 1259 τοῦ

2187 1300 2441 1372 Σωτῆρος
2497 1301 2693 1354 ἑαυτον
2749 1300 3102 1372 παρεστῶτα,
3138 1300 3233 1354 καῖ
3265 1298 3396 1353 λαὸν
3446 1296 3783 1369 παρεστῶτα

2184 1392 2335 1465 αὐτῷ
2357 1409 2370 1425 ·
2410 1394 2505 1449 καὶ
2524 1392 2678 1465 φωνὴ
2714 1394 2909 1462 γέγονε
2932 1394 2998 1447 ἐκ
3021 1392 3117 1448 τοῦ
3155 1390 3507 1464 χαρακτῆρος
3539 1390 3655 1463 (60)
3686 1390 3781 1445 τοῦ

2187 1485 2428 1555 μεγάλου
2486 1482 2625 1538 Θεοῦ
2660 1486 2758 1539 xal
2804 1483 3063 1554 Σωτῆρος
3095 1481 3254 1555 ἡμῶν
3298 1479 3476 1553 Ἰησοῦ
3533 1480 3779 1554 Χριστοῦ

2183 1580 2442 1648 λέγουσαι
2462 1579 2605 1633 Δότε
2627 1578 3105 1647 Μαυρίκιον.ζ1(αὶ
3131 1577 3508 1647 κρατήσαντες
3531 1574 3703 1629 αὐτὸν
3727 1574 3776 1627 οῖ

2182 1674 2342 1745 δίκης
2369 1671 2417 1705 ⁸⁰
2449 1670 2724 1741 ὑπηρέται
2745 1669 3100 1741 παρέστησαν
3129 1667 3209 1740 τῷ
3230 1667 3500 1741 πορφυρῷ
3521 1666 3784 1738 ὀμφαλίῳ

2182 1765 2261 1839 τῷ
2291 1768 2471 1821 ἐκεῖσε
2498 1764 2636 1838 (61).
2674 1764 2786 1819 Kal
2811 1763 2916 1835 ἔφη
2949 1763 3090 1834 πρὸς
3134 1762 3298 1817 αὐτὸν
3326 1764 3359 1836 ἡ
3409 1761 3531 1817 θεία
3590 1762 3779 1833 φωνή·

2183 1861 2309 1917 Ποῦ
2340 1860 2536 1928 θέλεις
2561 1856 2857 1914 ἀποδώσω
2885 1874 3024 1925 σοι;
3049 1855 3185 1920 ὧδε,
3218 1856 3258 1928 ἢ
3282 1858 3353 1912 ἐν
3386 1854 3467 1922 τῷ
3482 1855 3781 1927 μέλλοντι

2182 1954 2381 2020 alim;
2416 1954 2473 2010 Ὀ
2498 1952 2556 2008 δὲ
2588 1952 2855 2018 ἀκούσας,
2890 1951 3028 2023 ἔφη’
3049 1949 3438 2021 Φιλάνθρωπε
3481 1949 3781 2014 Δέσποτα,

2181 2048 2576 2119 δικαιοκρίτα,
2616 2042 2735 2103 ὧδε
2781 2045 3047 2118 μᾶλλον,
3103 2044 3143 2115 ἢ
3182 2044 3254 2100 ἐν
3280 2044 3323 2077 ⁸³
3359 2042 3438 2109 τῷ
3488 2042 3783 2114 μέλλοντι

2182 2145 2371 2202 αἰῶνι.
2401 2145 2513 2199 Καὶ
2545 2142 2839 2198 ἐκέλευσεν
2863 2144 2897 2213 ἡ
2935 2140 3058 2195 θεῖα
3099 2140 3254 2210 φωνὴ
3281 2137 3573 2211 ἐκδοθῆναι
3622 2137 3783 2193 Mau-

2186 2233 2363 2311 ρὶκιον
2412 2239 2509 2294 καὶ
2541 2236 2643 2311 τὴν
2696 2238 2934 2307 γυναῖκα
2986 2234 3156 2290 αὐτοῦ
3202 2233 3300 2289 καὶ
3328 2232 3398 2287 τά
3443 2232 3639 2297 τέκνα,
3685 2226 3783 2286 καὶ

2185 2336 2365 2388 πᾶσαν
2396 2334 2496 2404 τὴν
2536 2332 2868 2401 συγγένειαν
2909 2326 3078 2383 αὐτοῦ
3103 2328 3269 2398 Φωκᾷ
3309 2326 3389 2397 τῷ
3445 2322 3782 2397 στρατιώτῃ.

2184 2427 2533 2490 Διυπνισθεὶς
2569 2424 2663 2479 οὖν
2688 2424 2735 2458 ⁸⁸
2759 2421 3073 2493 Μαυρίκιος
3137 2419 3233 2474 καὶ
3285 2418 3522 2481 καλέσας
3548 2418 3645 2471 τὸν
3680 2432 3786 2471 πα-

2188 2498 2609 2594 ρακοιμώμενον
2668 2517 2862 2582 αὐτοῦ,
2912 2514 3204 2570 ἀπέστειλε
3251 2513 3390 2585 πρὸς
3449 2509 3785 2564 Φιλιππικὸν

2184 2614 2277 2667 τὸν
2324 2610 2577 2682 γαμϐρὸν
2624 2606 2792 2662 αὐτοῦ
2830 2605 2944 2680 (62)
3002 2607 3061 2660 ὲν
3094 2602 3302 2675 σπουδῇ
3335 2603 3567 2673 ἀγαγεῖν
3620 2600 3785 2655 αὐτὸν

2186 2707 2326 2780 πρὸς
2380 2706 2473 2760 τὸν
2518 2702 2769 2776 βασιλέα.
2807 2699 3089 2756 ’Λπελθὼν
3154 2698 3210 2753 δὲ
3257 2699 3286 2752 ὁ
3342 2696 3786 2769 παρακοιμώμε-

2187 2820 2278 2867 νος
2304 2799 2417 2875 (65)
2448 2799 2711 2855 ἐκάλεσεν
2736 2795 2925 2852 αὐτόν.
2962 2795 3022 2849 '0
3050 2795 3107 2849 δὲ
3132 2791 3384 2866 ἐγερθεὶς
3407 2792 3504 2845 καὶ
3534 2805 3783 2861 προσκα-

2187 2894 2485 2969 λεσάμενος
2522 2893 2623 2963 τὴν
2665 2887 2860 2946 ἑαυτοῦ
2883 2889 3123 2960 γυναῖκα
3149 2887 3441 2960 ἠσπάσατο
3462 2883 3658 2956 αὐτὴν,
3693 2882 3784 2936 λέ·-

2186 3006 2333 3062 γων·
2361 2986 2577 3055 Σώζου,
2602 2987 2783 3059 γύναι
2809 2984 2879 3051 ⁸³,
2920 2985 3033 3039 οὐκ
3083 2981 3173 3037 ἔτι
3196 2998 3277 3052 με
3329 2977 3587 3049 θεωρεῒς.
3640 2976 3709 3030 Ἦ
3729 2975 3785 3030 δι

2187 3082 2492 3156 ἀνέκραξεν
2525 3080 2663 3161 μετά
2714 3076 3007 3149 κλαυθμοῦ
3035 3076 3188 3148 φωνῇ
3250 3072 3465 3145 μεγάλῃ
3509 3069 3651 3142 πρὸς
3688 3067 3782 3161 τὸν

2190 3160 2694 3248 παρακοιμώμενον
2756 3171 3033 3239 λέγουσα*
3105 3165 3292 3237 ’Θρκῶ
3350 3179 3427 3219 σε
3481 3162 3636 3217 κατὰ
3678 3160 3785 3232 τοῦ

2192 3268 2362 3337 Θεοῦ,
2385 3270 2443 3323 τι
2466 3268 2598 3322 ἐστι
2621 3267 2689 3321 τὸ
2714 3264 2975 3337 πρᾶγμα,
2999 3262 3075 3317 δι’
3100 3261 3133 3316 ὃ
3166 3259 3322 3329 (insi
3344 3258 3535 3314 αὑτὸν
3563 3255 3642 3327 τῇ
3662 3255 3786 3324 ’ὥρᾳ

2185 3364 2407 3431 ταύτῃ
2444 3360 2504 3416 '0
2524 3361 2582 3416 δὲ
2617 3358 2947 3431 ἐπωμόσατο
2969 3358 3207 3425 ἀγνοεῖν,
3234 3354 3330 3407 καὶ
3354 3353 3436 3406 ὅτι
3471 3349 3785 3421 Αῖςρνιδιον

2185 3457 2255 3523 ἐξ
2276 3457 2476 3511 ὕπνου
2505 3452 2782 3520 ἀναστὰς
2807 3458 2839 3507 ό
2858 3449 3171 3519 ,ϐασιλεὺς
3194 3443 3519 3502 ἀπέστειλέ
3533 3460 3629 3514 με.
3649 3445 3708 3497 '0
3729 3442 3785 3495 δὲ

2184 3547 2507 3612 Φιλιππικὸς
2544 3547 2788 3619 ᾐτήσατο
2826 3542 3174 3615 μεταλαϐεῖν,
3217 3542 3314 3594 καὶ
3376 3539 3552 3601 οὕτως
3612 3535 3781 3607 ἀπῄει

2185 3644 2325 3717 πρὸς
2376 3643 2467 3697 τὸν
2498 3640 2748 3714 βασιλέα.
2790 3638 2854 3693 Ἦ
2889 3639 2947 3692 δὲ
2996 3636 3137 3708 γυνὴ
3167 3634 3333 3689 αὐτοῦ
3365 3631 3560 3704 Γορδία
3606 3631 3785 3684 ἔκειτο

2185 3734 2363 3810 χαμαὶ
2390 3733 2691 3804 ὀδυρομένη
2720 3732 2815 3786 καὶ
2846 3731 3132 3796 κλαίουσα,
3167 3728 3261 3781 καὶ
3291 3726 3382 3781 τὸν
3412 3725 3544 3779 Θεὸν
3573 3721 3784 3778 ἱκετεύ-

2187 3825 2675 3886 ουσα.Εῖσελθὼν⁸¹’
2694 3826 2749 3880 δὲ
2764 3826 3128 3887 ὁΦιλιππικὸς
3146 3825 3202 3877 ὲν
3218 3821 3295 3893 τῷ
3312 3818 3577 3890 βασιλικῷ
3593 3817 3783 3873 κοιτῶο

2182 3943 2254 3992 νι,
2284 3921 2506 3994 ἔρριψεν
2527 3920 2721 3975 ἑαυτὸν
2742 3924 2823 3983 εἰς
2843 3919 2970 3981 τοὺς
2992 3917 3164 3979 πόδας
3184 3913 3279 3968 τοῦ
3303 3912 3589 3984 βασιλέως.
3645 3912 3703 3965 '0
3727 3911 3782 3965 δὲ

2185 4016 2437 4089 βασιλεὺς
2464 4015 2613 4086 λέγει
2647 4013 2796 4085 αὐτῷ
2818 4030 2832 4045 ο
2863 4010 3376 4081 Συγχώρησόνμοι
3401 4005 3497 4060 διὰ
3513 4005 3625 4059 τὸν
3639 4004 3785 4061 Θεὸν

2183 4109 2270 4165 ὅτι
2291 4109 2561 4179 ἢμαρτόν
2596 4123 2717 4163 σοι.
2752 4109 2906 4173 Ἕως
2920 4107 3027 4177 γὰρ
3063 4104 3170 4161 τοῦ
3202 4103 3322 4158 νῦν
3357 4096 3783 4160 ἐσκανδαλιζό·

2176 4221 2303 4275 μην
2326 4206 2412 4271 εις
2430 4203 2525 4259 σέ.
2547 4204 2659 4258 Καὶ
2674 4200 2939 4265 κελεύσας
2966 4198 3206 4267 ἐξελθεῖν
3220 4197 3313 4253 τὸν
3344 4214 3420 4249 πα
3431 4196 3779 4265 ρακοιμώμε⁴

2183 4314 2272 4353 νον
2308 4296 2548 4358 ἀναστὰς
2578 4294 2775 4349 ἔπεσεν
2797 4295 2879 4358 εις
2901 4296 3029 4357 τοὺς
3061 4291 3230 4355 πόδας
3250 4288 3345 4343 τοῦ
3367 4288 3413 4322 ⁸⁵
3429 4282 3778 4349 Φιλιππικοῦ,

2182 4389 2379 4458 λέγων’
2406 4388 2816 4460 Συγχώρησόν
2825 4404 2947 4458 μοι·
2969 4383 3263 4457 ἀσφαλῶς
3279 4383 3392 4454 γὰρ
3418 4381 3551 4439 οῖδα
3571 4380 3663 4435 ὅτι
3680 4379 3781 4432 οὐ-

2188 4483 2298 4538 δὲν
2326 4484 2589 4553 ἥμαρτες
2605 4480 2825 4552 εις-ἐμέ.
2844 4478 3154 4537 Ἀλλέὶπέ
3165 4495 3287 4548 μοι,
3313 4478 3451 4532 τίνα
3464 4475 3778 4547 γινώσκεις

2186 4578 2256 4630 ἐν
2268 4574 2394 4642 τοῖς
2405 4574 2713 4645 ἡμετέροις
2729 4572 2988 4644 τάγμασι
3005 4567 3217 4626 Φωκᾶν
3231 4566 3603 4637 στρατιώτην
3620 4581 3639 4629 ;
3657 4562 3713 4617 '0
3725 4560 3781 4614 δὲ

497 4680 547 4724 te
570 4685 794 4740 namque
817 4667 950 4723 nihil
976 4668 1029 4720 in
1054 4683 1136 4721 me
1153 4682 1419 4735 peccasse,
1443 4674 1612 4719 certus
1634 4681 1773 4719 sum.
1810 4663 2021 4732 Verum,
2040 4670 2078 4720 st

2194 4666 2519 4731 Φιλιππικὸς
2576 4666 3041 4735 ἀναλογισάμενος
3087 4663 3161 4726 ⁸⁸,
3204 4661 3355 4731 λέγει
3406 4658 3591 4730 αὐτῷ·
3632 4658 3782 4712 Ἕνα

495 4765 793 4835 quempiam
820 4764 958 4818 inter
990 4761 1217 4833 legiones
1250 4770 1461 4815 nostras
1489 4759 1721 4814 Pltocant
1751 4760 1961 4815 nomine
1986 4778 2082 4815 no-

2189 4761 2482 4833 γινώσκω,
2504 4761 2675 4827 ὅστις
2704 4760 2818 4828 πρὸ
2837 4750 3051 4829 καιροῦ
3096 4758 3306 4828 ὀλίγον
3352 4752 3645 4825 πεμφθεὶς
3679 4750 3777 4805 ἐν·

1782 4873 2021 4930 νΑῐίΙᾸΞ
2068 4876 2478 4933 LECTIONES.

559 4973 607 5006 "
636 4972 733 5028 καὶ
759 4980 887 5026 ante
914 4972 994 5034 εἰς
1023 4970 1148 5027 add.
1178 4985 1243 5023 ex
1270 4968 1351 5040 A._
1410 4968 1460 5040 "7
1483 4969 1563 5030 εἰς
1583 4967 1645 5020 τὸ
1667 4968 1898 5039 φράγμα
1926 4969 1964 5023 l‘.
2041 4969 2087 5001 ⁸⁸⁸
2119 4970 2277 5037 λόγον
2306 4970 2337 5040 ἢ

495 5045 541 5102 Δ
566 5063 593 5097 ιι
621 5061 673 5100 e.
748 5043 850 5113 ⁸¹ἢ
895 5033 1063 5112 μὴίὲν
1083 5041 1148 5113 Αί.
1222 5040 1266 5113 ⁸ξ
1291 5033 1385 5093 οὖν
1436 5039 1502 5103 Α,
1531 5040 1589 5113 δὲ
1617 5040 1647 5093 ὁ
1671 5033 1835 5112 vulg:
1887 5041 1936 5075 ⁸³
1970 5040 2131 5111 γύναι
2158 5033 2268 5097 om.
2294 5033 2338 5095 A-
2363 5040 2401 5095 1.
2478 5041 2525 5073 ⁸³
2557 5038 2729 5094 ἐλθὼν
2755 5038 2820 5091 Α.
2902 5038 2951 5070 ⁸⁵
2985 5033 3080 5089 τοῦ
3140 5034 3267 5089 add.
3309 5048 3374 5088 ex
3402 5036 3468 5088 Δ.

497 5111 853 5187 λογισάμενος
890 5111 985 5168 Aa
1033 5113 1073 5167 l.
1109 5112 1224 5167 ἆιια
1251 5112 1424 5180 λογισ.
1462 5111 1604 5180 vulg.

3550 4958 3596 4991 ”
3624 4958 3778 5029 δίκην

2368 4986 2479 5025 om.
2510 4970 2548 5022 Δ
2584 4984 2610 5020 a
2650 4968 2686 5023 ἰ.
2764 4968 2811 5000 τ’
2835 4968 2892 5019 ὲν
2919 4964 3040 5036 μιᾷ]
3062 4963 3186 5019 fort.
3210 4964 3268 5015 ὲν
3290 4961 3472 5015 νυκτί.
3550 4961 3596 4991 ⁵⁸
3624 4961 3743 5029 δίκη

2368 5040 2401 5085 1⁵.
2478 5041 2525 5073 ⁸³
2557 5038 2729 5085 ἐλθὼν
2756 5038 2820 5085 Α.
2902 5038 2951 5070 ⁸⁵
2985 5034 3080 5085 τοῦ
3140 5034 3267 5085 add.
3309 5048 3374 5085 ex
3402 5036 3468 5085 Α.
3568 5030 3612 5063 ⁸⁸
3646 5032 3749 5085 ἀνα

1076 5282 1082 5289 .
1792 5226 1935 5284 JAC.
1972 5226 2182 5285 GOARI
2217 5225 2452 5285 NOTAE.

572 5328 688 5397 (59)
729 5326 773 5382 Δ
810 5325 1112 5384 Sitnocatta
1132 5324 1227 5379 lib.
1269 5340 1390 5391 \‘ltl,
1418 5338 1543 5394 cap.
1582 5324 1642 5378 ll
1684 5322 1927 5378 breviter
1952 5337 2079 5392 pcr-
2190 5322 2396 5397 medius
2433 5330 2511 5397 est
2564 5323 2700 5375 inter
2739 5330 2936 5397 septem
3006 5321 3221 5397 calles:
3257 5322 3354 5375 hoc
3384 5330 3484 5397 ese,
3516 5335 3641 5397 pars
3672 5337 3775 5375 una

500 5400 713 5457 stricta.

572 5471 686 5541 (60)
723 5469 795 5525 De
823 5469 923 5523 hac
969 5467 1175 5541 Christi
1209 5468 1445 5541 imagine
1478 5474 1662 5522 exstat
1690 5465 1921 5541 pulchra
1956 5478 2083 5541 nar-

499 5536 641 5599 ratio
668 5536 725 5595 in
766 5542 992 5594 Aut-tar.
1028 5551 1066 5595 t.
1108 5540 1172 5601 ll,
1229 5536 1424 5593 uhi'in
1456 5549 1596 5603 not.,
1637 5536 1915 5607 quomodo
1964 5537 2085 5607 ejits

500 5615 718 5669 violata!
747 5611 1027 5680 religionis
1071 5625 1204 5679 ergo
1236 5608 1621 5665 Occidentales
1649 5604 1678 5662 ξι
1719 5607 1903 5663 Leone
1933 5604 2088 5663 dele-

500 5684 707 5748 cerint,
748 5680 912 5753 Greg.
946 5681 1305 5753 llipontilice.
1336 5681 1621 5753 COMBEFIS.

574 5749 1047 5837 (6|)_0rig:-C?l
1305 5752 1642 5837 καλούμενον
1704 5749 2079 5837 μεσόμφαλον,

505 5820 962 5898 ὲστΥτῶν
987 5820 1130 5898 ἐπτά
1172 5823 1373 5891 λόφων,
1394 5822 1439 5898 ,ἦ
1460 5822 1546 5898 (ὡς
1657 5820 1755 5891 μία
1790 5826 1955 5898 μοῖρα
1988 5824 2087 5891 τῆς

503 5894 717 5954 πόλεως
746 5896 863 5965 ἔχει
885 5898 1035 5966 τρεῖς
1072 5896 1414 5966 λόφους-καὶ
1447 5896 1478 5961 ὴ
1510 5895 1674 5962 ἑτέρα
1696 5897 1845 5962 τρεῖς
1868 5894 2086 5966 λόφους,

505 5969 601 6023 καὶ
628 5964 805 6039 μέσον
830 5964 945 6022 ἐστὶ
976 5964 1157 6022 τοῦτοί
1192 5964 1396 6020 Medius
1421 5966 1508 6036 qui
1536 5975 1748 6019 vocatur
1782 5964 2087 6031 umbilicus,

2194 5387 2424 5447 civitatis
2447 5393 2569 5447 hinc
2609 5405 2737 5457 tres,
2782 5387 2903 5446 inde
2934 5393 3099 5447 colles
3135 5393 3272 5447 alios
3302 5403 3409 5446 tres
3451 5391 3609 5446 liabet
3645 5406 3664 5444 :
3690 5408 3776 5444 ea-

2194 5462 2313 5517 rum
2345 5465 2546 5518 medius
2575 5474 2673 5525 est,
2712 5463 3080 5532 μεσόμφαλος.
3111 5463 3438 5535 Ιιορφυροῦν
3466 5472 3642 5518 tat-ten
3678 5463 3775 5532 ὀμ-

2194 5536 2376 5606 φαλὸν
2397 5535 2587 5588 lubens
2619 5551 2763 5589 area:
2795 5544 2991 5588 metam
3024 5535 3078 5587 in
3110 5536 3313 5604 palatio
3340 5534 3572 5606 colloco».

2274 5604 2388 5679 (62)
2427 5606 2707 5679 Sororium
2760 5622 2950 5679 suum;
2986 5607 3068 5679 sic
3112 5602 3327 5679 passim
3353 5604 3603 5679 γαμϐρὸς
3641 5602 3773 5658 dici-

2194 5676 2307 5741 tur,
2345 5676 2455 5733 non
2484 5678 2663 5732 solum
2696 5678 2790 5748 qui
2821 5676 2989 5748 tiliam
3022 5677 3205 5742 duxit,
3236 5676 3332 5731 sed
3372 5684 3427 5731 et
3453 5676 3542 5747 qui
3578 5688 3773 5745 cogna-

2193 5760 2331 5812 tam,
2362 5749 2432 5803 ab
2458 5749 2651 5804 uxoris
2683 5746 2958 5817 cognatis.
2990 5747 3278 5801 COMBEFIS.

2268 5820 2380 5887 (65)
2419 5814 2804 5874 Excubitorunt
2826 5818 2952 5872 olim
2976 5833 3147 5871 comes
3179 5815 3382 5883 dictus,
3417 5824 3472 5872 et
3505 5815 3570 5869 ad
3605 5814 3771 5885 impe-

2196 5893 2400 5946 ratoris
2429 5892 2609 5946 cubile
2637 5889 2948 5955 accubitor;
2978 5888 3044 5947 de
3068 5904 3179 5961 quo
3209 5905 3318 5948 non
3357 5890 3544 5962 jejuna
3579 5888 3633 5944 in
3664 5888 3770 5945 Co-

2196 5965 2384 6034 dinuin
2419 5963 2807 6021 disseruimus.
