3996 6292
209 288 299 353 ωδ
1474 289 1939 354 CHRONOCRA
1951 293 2151 355 PHIA.

3321 302 3432 370 6H

202 405 378 457 Γίνεται
423 399 594 455 τοίνυν
636 400 747 456 τῶν
780 403 985 458 παίδων
1039 405 1065 457 6
1097 404 1324 469 θάνατος
1382 406 1474 459 τοῦ
1526 406 1729 476 πατρὸς

1835 410 1901 465 de
1924 408 2191 466 Mauricio
2221 412 2551 482 quantocius
2577 427 2606 468 e
2648 411 2828 467 medio
2857 412 3101 469 tollendo
3129 406 3427 473 consilium

197 496 445 566 ἐπιτάφιον
470 494 1039 567 προσεπιδειξαμένου
1075 497 1175 567 τὴν
1211 498 1416 569 ἀρετὴν
1446 501 1501 551 ἐν
1526 499 1603 568 τῷ
1640 518 1740 569 με·

197 588 318 657 γέοει
366 586 469 640 τῶν
528 588 828 660 συμφορῶν
887 589 951 642 ³⁵.
999 589 1112 661 Τῆς
1147 591 1258 663 γὰρ
1313 591 1543 663 τιθηνῆς
1576 591 1742 646 αὑτοῦ

195 681 437 751 κλεψάσης
466 679 512 713 ³⁸
535 680 636 735 ἕνα
662 681 774 735 τῶν
799 681 1096 754 βασιλικῶν
1126 685 1449 753 μειρακίων,
1486 684 1580 738 καὶ
1609 685 1744 756 πρὸς

196 773 375 844 σφαγὴν
420 772 480 826 τὸ
511 773 717 844 ἑαυτῆς
751 774 1043 847 ἐπιδούσης
1097 776 1141 807 ³⁷
1184 777 1319 849 (85),
1361 780 1389 831 6
1433 779 1740 849 Μαυρίκιος

191 867 239 931 οῤ
266 864 594 929 κατεδέξατο,
631 865 769 920 ἀλλά
802 867 864 921 τὸ
918 867 1049 921 ἴδιον
1100 869 1441 939 ἐπεζήτησεν
1467 888 1479 900 ο
1516 870 1649 938 φασί
1684 871 1741 924 δέ

191 974 329 1023 τινες,
384 956 461 1009 ὅτι
513 957 710 1011 τούτου
764 958 1085 1028 σφαγέντος,
1123 959 1266 1030 γάλα
1318 961 1519 1031 σὺντῷ
1547 962 1740 1031 αἵματι

190 1050 415 1121 εῤῥευσεν
449 1048 513 1118 ³⁸,
549 1048 691 1103 ὥστε
727 1053 939 1116 πάντας
992 1053 1120 1117 τοὺς
1172 1053 1416 1123 ὁρῶντας
1469 1054 1738 1126 θρηνῆσαι

188 1143 360 1206 δεινὼ.
391 1143 549 1197 Οὕτω
583 1146 683 1214 μὲν
720 1140 815 1201 οὖν
869 1148 897 1200 6
938 1145 1193 1217 βασιλεὺς
1241 1148 1335 1200 καὶ
1373 1147 1534 1220 μόνος
1565 1149 1608 1181 ³³
1640 1149 1740 1216 φύ-

183 1253 301 1299 σεως
326 1235 657 1308 ὑψηλότερος
707 1239 952 1308 γεγονὼς
1003 1240 1334 1294 ὑπαλλάττει
1381 1241 1428 1272 ⁸ο
1479 1240 1572 1294 τὸν
1601 1240 1735 1311 βίον.

187 1328 245 1380 οὗ
291 1327 485 1381 διέλιπε
524 1328 586 1381 δὲ
641 1327 740 1401 τὴν
781 1330 1070 1401 Ῥωμαίων
1107 1328 1386 1401 βασιλείαν
1425 1330 1485 1397 ἐξ
1526 1332 1755 1415 ἐκείνου¹

184 1419 346 1491 καιροῦ
393 1420 788 1493 δυστυχήματα
827 1422 1053 1476 ποικίλα
1084 1440 1143 1475 τε
1172 1424 1270 1477 καὶ
1312 1423 1547 1491 ἐξαίσια.
1581 1425 1648 1479 Ὅ
1679 1441 1737 1477 τε

184 1514 273 1583 γὰρ
300 1512 543 1586 Χοσρόης
571 1516 599 1568 6
652 1514 761 1568 τῶν
796 1516 1026 1585 Περσῶν
1070 1515 1331 1588 βασιλεὺς
1364 1517 1464 1589 τὴν
1510 1518 1738 1589 εἰρήνην

180 1603 406 1670 διέλυσεν,
438 1607 537 1660 καὶ
587 1608 636 1660 οἰ
680 1606 936 1680 Ἀϐόιρεις
985 1610 1026 1641 ⁸⁸
1059 1610 1158 1682 τὴν
1203 1609 1425 1681 Θρᾴκην
1450 1608 1733 1677 διώλεσαν,

179 1698 255 1752 καὶ
294 1698 454 1768 ἄμφω
482 1701 556 1752 τὰ
590 1700 977 1772 στρατεύματα
1014 1701 1124 1755 τῶν
1163 1702 1457 1771 Ῥωμαίων
1505 1700 1735 1772 διεφθᾶ-

179 1807 357 1862 ρησαν·
390 1791 561 1859 ὥστε,
597 1794 838 1865 ὁπηνίκα
886 1794 1209 1866 Ἡράκλειος
1235 1796 1611 1862 ἐϐασίλευσεν,
1643 1794 1735 1861 ἐξ·
1766 1778 1808 1834 Β

176 1884 333 1937 ἑτασιν
360 1883 452 1938 τοῦ
484 1885 776 1940 ὁπλιτικοῦ
807 1888 1107 1959 ἐποιήσατο
1140 1889 1218 1951 είς
1244 1888 1306 1941 τὸ
1351 1887 1604 1961 ἀκριϐὲς,
1640 1889 1736 1941 καὶ

174 1976 228 2032 ἑκ
271 1978 443 2050 πάσης
480 1980 584 2051 τῆς
613 1980 856 2053 πληθύος
894 1982 992 2051 τῆς
1024 1982 1342 2054 εὑρεθείσης
1380 1984 1475 2036 ἐπὶ
1514 1983 1615 2053 τῆς
1643 2000 1736 2036 τυ-

177 2071 388 2140 ραννίδος
414 2074 717 2147 Μαυρικίῳ
743 2075 882 2147 μετὰ
910 2075 1075 2128 Φωκᾶ
1103 2076 1204 2146 οὐχ
1237 2068 1394 2146 εὗρεν
1424 2074 1734 2145 περαιτέρω

172 2160 247 2215 δύο
269 2162 490 2234 ἀνδρῶν.
525 2164 719 2231 Οὕτως
762 2167 812 2219 οἱ
843 2165 936 2220 τὸν
971 2164 1240 2238 τύραννον
1281 2165 1731 2237 προστησάμενοι

171 2254 245 2306 in".
274 2255 429 2311 αὐτοῦ
467 2258 853 2333 ἀνηλώθησαν.
911 2270 917 2278 '

1847 502 1950 556 init
1985 522 1998 558 :
2034 502 2453 576 submissosque
2501 495 2907 562 Chalcedonem
2935 508 3133 567 milites
3160 512 3225 565 ad
3253 510 3425 567 Euro-

1845 594 1921 664 pii
1960 603 2176 665 portum
2209 596 2563 663 descendere,
2597 597 2780 669 ibique
2811 597 3167 655 Mauriciana:
3200 603 3423 658 familiae

1845 694 2085 756 stragem
2136 686 2300 743 edere
2357 687 2613 758 imperat.
2682 688 2798 745 Sub
2852 687 3203 760 imperatoris
3258 694 3425 764 igitur

1846 777 2021 849 ipsius
2058 781 2250 835 oculos
2279 780 2436 835 liberi
2486 781 2609 850 ejus
2664 784 2894 837 masculi
2952 786 3195 856 quinque
3246 788 3424 857 primo

1845 884 2114 927 necantur
2154 892 2167 928 :
2224 874 2574 943 imperatoris
2606 878 2807 948 quippe
2851 879 3184 951 supplicium
3218 894 3247 932 a
3286 880 3424 933 filiu-

1844 980 1965 1020 rum
1996 982 2129 1020 nece
2175 975 2447 1039 tyrannus
2495 970 2914 1040 auspicabatur.
2968 954 3267 1026 Mauricius
3301 987 3420 1027 eam

1843 1057 2204 1111 calamitatem
2265 1059 2389 1114 forti
2454 1062 2636 1114 animo
2670 1062 2974 1135 sustinens,
3036 1062 3202 1118 Deum
3239 1079 3420 1119 rerum

1842 1149 2087 1203 omnium
2118 1151 2405 1221 praesidem
2452 1151 2797 1223 frequentius
2847 1155 3133 1220 invocans,
3175 1158 3420 1226 philoso-

1841 1243 2135 1311 phabatur,
2164 1244 2467 1314 crebroque
2503 1248 2780 1315 repetebat
2816 1264 2830 1301 :
2861 1246 3048 1303 Justus
3071 1265 3143 1314 es,
3174 1250 3418 1319 Domine,

1840 1345 1889 1389 et
1923 1344 2067 1390 recta
2094 1336 2304 1406 judicia
2343 1346 2455 1392 tua.
2498 1338 2651 1394 Filiis
2704 1340 2890 1411 itaque
2919 1356 3067 1396 mors
3116 1343 3283 1407 illata,
3335 1359 3421 1397 se-
3504 1334 3505 1337 “

1842 1429 2141 1500 pulcralem
2204 1431 2469 1486 honorem
2503 1441 2657 1500 patre
2708 1414 3056 1505 auspicante,
3100 1436 3191 1506 qui
3227 1437 3419 1493 videli-

1838 1530 1927 1575 cet
1955 1520 2008 1574 in
2046 1521 2280 1577 summis
2338 1523 2601 1579 aerumnis
2648 1540 2875 1579 summae
2925 1528 3144 1581 virtutis
3178 1528 3416 1598 speciem

1838 1610 2106 1667 exhibuit.
2136 1610 2272 1666 Cum
2298 1613 2443 1667 enim
2493 1614 2677 1669 nutrix
2717 1632 2884 1671 unum
2942 1633 3008 1672 ex
3066 1608 3435 1688 imperatoris

1839 1701 1969 1757 filiis
2019 1702 2285 1759 suﬂ‘urata
2320 1706 2603 1775 proprium
2662 1706 2781 1776 ejus
2840 1708 2961 1762 ἰοί-ο
3010 1709 3413 1777 substituisset,

1840 1809 1947 1850 non
1974 1795 2181 1851 esthoc
2210 1811 2402 1867 passus
2430 1796 2753 1863 Mauricius,
2791 1799 2883 1855 sed
2915 1814 3075 1854 suum
3105 1801 3412 1870 requisivit.

1839 1886 1917 1941 Ex
1947 1888 2177 1958 jugulati
2218 1890 2371 1959 pueri
2415 1892 2746 1958 corpusculo
2802 1891 2885 1945 lac
2945 1906 3253 1959 emanasse,
3291 1895 3413 1963 qui-

1839 1981 1964 2035 dam
2004 1980 2228 2036 ferunt:
2262 1985 2408 2052 quod
2453 1985 2865 2053 spectatoribus
2890 1986 3145 2040 omnibus
3173 1987 3414 2042 acerbis-

1838 2072 2009 2128 simas
2085 2060 2360 2144 lacrymas
2423 2077 2691 2130 excussit.
2753 2075 2954 2146 Sicque
2980 2074 3141 2149 244
3194 2078 3411 2133 tandem

1838 2165 2158 2235 imperator,
2190 2182 2313 2220 cum
2336 2169 2455 2237 lege
2486 2177 2696 2223 naturae
2727 2169 3069 2238 superiorem
3101 2184 3160 2224 se
3207 2172 3403 2241 gessit,

1839 2259 2006 2315 vitam
2043 2269 2217 2315 morte
2246 2263 2625 2316 commutavit.
2662 2262 2739 2316 Ex
2785 2264 2879 2317 illo
2911 2262 3129 2318 demum
3170 2272 3413 2333 tempore

168 2352 473 2413 calamitates
501 2357 674 2413 variae
706 2358 1065 2431 ingentesque
1096 2358 1402 2414 Romanum
1430 2356 1721 2433 imperium
1761 2354 2098 2414 labefactare
2146 2372 2255 2412 inea.
2280 2357 2633 2413 destiterunt.
2677 2355 2891 2412 Etenim
2956 2354 3230 2415 Cbosroes
3276 2355 3410 2412 Per-

170 2461 328 2503 sarum
376 2465 468 2505 rex
517 2466 709 2522 pacem
753 2453 939 2519 solvit,
974 2453 1183 2508 Abares
1215 2450 1506 2507 Thraciam
1548 2452 2021 2508 devastaverunt:
2089 2459 2140 2507 et
2174 2462 2406 2523 uterque
2432 2451 2715 2507 Romanus
2782 2452 3082 2519 exercitus,
3153 2467 3276 2507 cum
3348 2452 3405 2508 in

167 2539 377 2605 Oriente.
422 2546 625 2599 tumin
657 2543 975 2610 Occidente,
1029 2544 1379 2617 dissipatus:
1418 2537 1581 2601 ita‘ut
1648 2560 1772 2602 cum
1849 2544 2133 2600 lleraclius
2196 2547 2494 2615 imperator
2540 2554 2764 2602 creatus
2808 2556 3122 2601 accuratam
3174 2547 3406 2601 militum

167 2637 511 2693 recensionem
541 2646 749 2708 ageret,
784 2638 852 2695 de
884 2640 1143 2695 universa
1172 2638 1545 2707 multitudine,
1594 2654 1716 2711 quae
1756 2640 1809 2695 in
1842 2640 1933 2694 illa
1994 2638 2191 2695 Phoce:
2241 2640 2527 2695 adversus
2576 2639 2900 2695 Mauricium
2956 2640 3254 2697 rebellione
3307 2643 3406 2696 ad-

166 2730 334 2798 fuerat,
362 2734 504 2788 duos
527 2742 744 2788 tantum
772 2734 1019 2790 homines
1050 2735 1378 2805 superstites
1409 2735 1719 2807 reperiret:
1764 2736 1903 2792 adeo
1930 2735 2007 2792 illi
2056 2737 2182 2808 ipsi,
2226 2737 2321 2808 qui
2366 2745 2662 2809 tyrannum
2738 2744 3055 2800 evexerant,
3128 2737 3234 2793 sub
3289 2737 3407 2808 ipso

166 2826 350 2881 demum
386 2825 454 2880 ad
499 2828 938 2882 internecionem
981 2828 1142 2885 deleti
1185 2836 1338 2885 sunt.

218 2920 275 2972 A.
324 2918 399 2974 Η.
472 2918 641 2975 6095.
702 2948 765 2960 —
821 2918 1127 2991 Ῥωμαίων
1170 2919 1483 2987 ,ϐασιλέως
1551 2916 1730 2976 Φωκᾶ

163 3011 273 3077 ἕως
288 3009 371 3065 a'.
836 3028 842 3041 '

218 3105 389 3177 Τούτῳ
406 3104 494 3178 τῷ
521 3105 637 3159 ἔτει
662 3106 796 3177 μηνὶ
824 3106 1118 3180 Νοεμϐρίῳ
1138 3107 1433 3162 ῑνδικτιῶνι
1464 3108 1508 3140 ⁸³
1535 3114 1589 3175 ς’
1611 3107 1726 3181 (86)

166 3196 464 3266 βασιλεύσας
494 3199 699 3263 Φωκᾶς
751 3200 780 3252 6
818 3198 1084 3269 τύραννος
1118 3199 1350 3265 ἀνεῖλεν,
1405 3199 1483 3261 ὡς
1534 3199 1730 3271 προλέ-

1897 2918 1962 2975 A.
2015 2917 2078 2973 (Σ.
2129 2918 2254 2973 595.
2301 2947 2374 2958 --
2410 2915 2769 2971 Romanorum
2817 2914 3160 2985 imperatoris
3213 2914 3407 2971 Phorm

1836 3028 2004 3066 mnus
2034 3012 2258 3079 primus.

1896 3104 2012 3159 Hoc
2038 3119 2183 3158 anno
2218 3118 2405 3159 mense
2433 3103 2749 3171 Novembri,
2783 3102 3081 3159 indictione
3109 3112 3283 3169 sexta,
3317 3110 3403 3173 ty-

1823 3211 2035 3252 rannus
2066 3193 2279 3251 Phocas
2321 3204 2592 3265 occupato
2633 3196 2883 3265 imperio,
2917 3194 3237 3249 Mauricium
3278 3208 3402 3249 cum

161 3289 338 3356 λεκται,
370 3291 692 3365 Μαυρίκιον
746 3293 845 3346 σὺν
877 3290 1043 3345 πέντε
1093 3294 1284 3346 παισὶν
1316 3293 1542 3364 ἄρρεσιν
1566 3309 1581 3324 ·
1631 3295 1725 3346 καὶ

1834 3292 2069 3360 quinque
2094 3289 2357 3345 masculis
2391 3288 2601 3353 liberis,
2639 3298 2696 3344 ut
2750 3288 3137 3359 praemisimus,
3178 3287 3400 3351 occidit,

159 3385 238 3449 τὰς
261 3384 464 3439 τούτων
496 3384 749 3455 κεφαλὰς
790 3376 1047 3439 ἐκέλευσε
1070 3386 1300 3457 τεθῆναι
1331 3387 1388 3438 ὲν
1421 3385 1643 3456 Κάμπῳ
1665 3384 1713 3417 ⁸³

160 3474 234 3529 τοῦ
266 3475 646 3547 τριϐουναλίου
700 3476 916 3547 ἡμέρας
953 3476 1147 3542 ἱκανάς
1172 3493 1186 3508 ·
1211 3478 1306 3531 καὶ
1352 3477 1647 3548 ἐξήρχοντο
1671 3477 1721 3530 oi

159 3571 235 3637 τῆς
279 3570 513 3636 πόλεως,
552 3570 653 3624 καὶ
691 3570 967 3641 ἐθεώρουν
1015 3572 1211 3637 αὐτὰς,
1249 3572 1356 3635 ἕως
1413 3568 1718 3634 ἐπώζεσαν.

168 3662 472 3734 Ἀναιρεῖται
501 3662 561 3717 δὲ
597 3663 695 3716 καὶ
725 3662 932 3734 Πέτρος
958 3662 1072 3736 (85)
1103 3663 1131 3717 6
1152 3663 1379 3733 ἀδελφὸς
1406 3661 1595 3723 αὐτοῦ,
1626 3662 1721 3715 καὶ

157 3752 282 3806 ἄλλοι
328 3746 544 3809 πολλοί.
601 3754 889 3808 Θεοδόσιον
925 3756 984 3809 δὲ
1041 3755 1134 3809 τὸν
1181 3756 1296 3809 υἱὸν
1352 3753 1516 3807 αὑτοῦ
1560 3753 1721 3823 λόγος

156 3850 321 3916 κρατεῖ
364 3848 715 3920 πεφευγέναι
752 3847 849 3903 καὶ
908 3846 1202 3902 σεσῶσθαι.
1247 3847 1465 3918 Ταύτην
1513 3846 1570 3913 δὲ
1620 3844 1719 3919 τὴν

155 3939 314 4009 φήμην
364 3941 624 4013 Χοσράης
671 3942 700 3996 6
750 3940 858 3995 τῶν
905 3940 1132 4012 Περσῶν
1180 3939 1435 4012 βασιλεὺς
1481 3937 1718 4011 ηὔξησεν

155 4029 313 4086 ἄλλοτε
337 4033 384 4065 ⁸⁵
409 4034 594 4098 ἄλλως
623 4032 978 4104 ψευδόμενος,
1008 4032 1102 4088 καὶ
1146 4031 1277 4105 παρ’
1310 4032 1490 4102 ἑαυτῷ
1521 4032 1715 4087 τοῦτον

154 4119 272 4191 ἔχειν
304 4125 503 4195 λέγων,
543 4124 925 4198 καίπρονοεῖν
953 4126 1135 4199 δῆθεν,
1170 4126 1257 4182 ἵνα
1282 4126 1381 4197 τὴν
1420 4125 1714 4195 Ῥωμαίων

156 4212 403 4283 βασιλείαν
434 4219 744 4294 παραλάϐῃ
768 4236 782 4251 ο
813 4220 1048 4291 δολερῶς
1071 4219 1126 4275 δὲ
1154 4220 1256 4291 τῆς
1274 4220 1384 4273 τῶν
1418 4220 1712 4290 Ῥωμαίων

156 4305 403 4375 βασιλείας
424 4310 672 4377 ἐλπίζων
699 4311 997 4383 κρατῆσαι,
1038 4312 1113 4376 ὡς
1150 4310 1394 4383 ἠλέγχθη
1448 4310 1715 4382 πολυτρό-

155 4414 267 4470 πως.
294 4403 537 4472 μάλιστα
565 4404 626 4458 δὲ
658 4404 725 4457 ὲκ
764 4403 860 4457 τοῦ
892 4403 1166 4474 πολέμους
1193 4403 1495 4474 αίφνιδίους
1531 4403 1576 4437 ιδ
1596 4403 1712 4474 (86)

152 4491 362 4562 κινῆσαι,
420 4495 525 4550 καὶ
576 4493 835 4566 μεγάλως
890 4493 1241 4567 λυμήνασθαι
1278 4493 1347 4549 τὰ
1405 4493 1711 4564 Ῥωμαϊκά.

154 4580 237 4637 Τοῦ
279 4584 332 4640 δὲ
379 4588 554 4641 hom!
602 4586 849 4659 πρέσϐυν
902 4587 1043 4658 πρὸς
1074 4587 1239 4642 αὐτὸν
1289 4586 1713 4650 ἀποστείλαντος

1825 3398 2128 3451 eorumque
2160 3383 2341 3452 capita
2374 3382 2427 3436 in
2463 3380 2724 3436 tribunali
2749 3396 2941 3451 campo
2965 3396 3061 3451 per
3078 3383 3259 3452 plures
3284 3380 3401 3435 dies

1823 3473 2020 3542 exponi
2047 3473 2237 3540 jussit.
2266 3472 2343 3525 Ex
2378 3471 2513 3525 urbe
2544 3486 2710 3541 porro
2742 3469 3036 3543 prodibant
3057 3472 3227 3534 cives,
3256 3480 3308 3525 et
3331 3469 3397 3524 ad

1821 3580 2012 3621 eorum
2039 3562 2373 3633 spectacula,
2417 3562 2592 3618 donec
2620 3561 2851 3616 omnino
2894 3559 3171 3628 faetercnt,
3202 3573 3401 3615 conve-

1822 3657 2064 3713 niebant.
2112 3655 2309 3710 Petrus
2355 3654 2583 3725 insuper
2628 3652 2879 3708 Mauricii
2936 3651 3108 3707 frater
3140 3667 3171 3706 e
3214 3647 3398 3705 medio

1824 3751 2039 3806 tollitur
2069 3764 2195 3805 cum
2237 3749 2361 3804 aliis
2398 3748 2675 3819 plurimis.
2725 3745 3099 3802 Theodosium
3144 3743 3394 3799 Mauricii

1822 3842 1994 3899 filium
2021 3841 2146 3912 fuga
2175 3840 2440 3905 evasisse,
2464 3848 2518 3894 et
2548 3838 2795 3910 periculo
2815 3836 3166 3909 superstitem
3196 3834 3397 3890 vixisse

1821 3951 2012 3991 rumor
2040 3943 2146 3991 est.
2192 3934 2346 3990 Hanc
2375 3948 2507 3989 vero
2536 3931 2737 3987 famam
2776 3929 3068 3985 Persarum
3105 3943 3197 3982 rex
3219 3926 3399 3982 Chos-

1819 4041 1944 4081 roes
1997 4025 2165 4079 variis
2216 4024 2521 4080 mendaciis
2572 4024 2627 4078 in
2682 4022 2735 4077 id
2790 4020 3044 4077 conﬁctis
3090 4036 3190 4091 pro
3242 4019 3399 4074 libito

1818 4119 2008 4186 auxit;
2036 4116 2406 4173 Theodosium
2430 4132 2597 4188 penes
2616 4132 2675 4172 se
2699 4114 3206 4179 habere'simulans,
3227 4128 3396 4184 seque

1819 4212 2057 4269 subinde
2114 4226 2433 4283 procurare,
2480 4222 2539 4267 ut
2584 4219 2870 4282 paternum
2908 4208 3175 4280 reciperet
3220 4206 3395 4277 impe-

1816 4307 1958 4362 rium
1992 4321 2006 4360 :
2040 4320 2165 4361 cum
2218 4319 2406 4361 revera
2442 4304 2560 4377 ipse
2588 4303 2655 4360 de
2683 4303 2998 4374 usurpando
3016 4301 3434 4358 Romanorumv

1817 4398 2048 4471 imperio
2085 4398 2359 4470 cogitaret
2407 4416 2422 4453 :
2459 4396 2919 4467 quemadmodum
2951 4397 3192 4467 seipmm
3224 4394 3390 4451 variis

1816 4490 2034 4547 demum
2069 4489 2247 4547 modis
2270 4489 2532 4561 prodidit,
2566 4489 2705 4546 bella
2738 4489 2973 4544 maxime
2999 4505 3065 4545 ex
3093 4488 3393 4559 improviso

1818 4584 1872 4640 in
1918 4583 2201 4641 Romanos
2250 4583 2562 4646 inferendo,
2610 4598 2912 4653 eorumque
2960 4582 3197 4639 ditioues
3247 4579 3395 4638 foede

152 4675 298 4733 Βίλιον
329 4680 373 4713 ’⁸⁸
426 4681 571 4754 (87),
605 4680 800 4736 τοῦτον
833 4683 1164 4753 ἐκράτησεν,
1202 4682 1297 4735 καὶ
1329 4681 1409 4745 είς
1463 4672 1713 4751 φυλακὴν

1834 4677 2145 4749 liripiendo.
2191 4677 2330 4733 Cum
2364 4691 2498 4733 vero
2547 4675 2761 4732 Phocas
2799 4677 2996 4731 Bilium
3049 4677 3285 4746 legatum
3322 4677 3392 4732 ad

152 4770 370 4840 ἀπέθετο,
429 4776 637 4847 μηκέτι
668 4776 749 4839 εἰς
799 4775 871 4830 τὰ
937 4775 1231 4846 Ῥωμαϊκὰ
1264 4774 1607 4845 ὑποστρέψαι
1639 4774 1708 4828 ⁸⁷.

152 4860 417 4937 Γρᾶμμασι
454 4867 520 4922 δὲ
573 4866 796 4937 ἀτίμοις
852 4864 945 4921 τὸν
983 4867 1180 4922 Φωκᾶν
1231 4864 1595 4937 ἀντημείϐετο
1633 4860 1702 4919 δ’.

1816 4786 1942 4827 eum
1983 4772 2248 4839 misisset,
2281 4771 2746 4842 comprehensum
2774 4770 2973 4840 dejecit
2998 4770 3053 4825 in
3088 4784 3391 4839 carcerem,

1818 4879 2089 4936 nusquam
2138 4865 2400 4936 deinceps
2448 4864 2505 4920 in
2550 4862 2857 4919 Romanam
2908 4863 3176 4921 ditionem
3210 4878 3381 4921 rever-

1446 4979 1679 5037 VARIA‘}
1715 4980 2123 5038 LECTIONES.

234 5076 274 5109 ³⁸
318 5078 421 5151 τῆς
468 5079 759 5151 συμφορᾶς
794 5078 858 5133 Α.

148 5145 201 5221 Α,
257 5145 387 5220 πρὸς
430 5145 882 5221 ξφυπξὴνίὲαυτην
930 5145 1263 5221 ἐπιδοσάσης
1290 5145 1469 5221 ivulg.

148 5220 287 5291 νόμον
311 5222 349 5291 f,
378 5220 538 5291 νόμῳ

966 5076 1012 5110 ³⁸
1058 5062 1337 5149 κλεψάσης
1389 5074 1457 5149 Α,
1518 5074 1877 5149 σκε-πασάσης
1923 5076 2073 5146 vulg.

1583 5146 1628 5186 ³⁸
1681 5145 1941 5219 ἔρῤευσεν
1987 5145 2063 5219 Α,
2103 5145 2326 5218 ἐρεῦσαι
2365 5148 2534 5219 Ανυίς,

560 5212 733 5291 vulg,
782 5212 1192 5274 ⁴’⁸⁵ἰ5παλλάττει
1216 5212 1611 5291 "incitandum
1647 5212 1840 5291 vulg.“
1867 5218 1913 5251 “
1959 5220 2009 5271 οἱ
2044 5212 2414 5291 βάρϐαροιλᾼ.
2472 5217 2536 5291 Α⁶¹
2567 5212 2908 5291 ίνδικτ.ὀιιι.Δ
3006 5216 3073 5291 f._
3119 5212 3394 5291 f'udttmp

2173 5076 2229 5147 ιζ
2270 5076 2409 5147 πρὸς
2460 5074 2675 5146 σφαγὴν
2732 5074 2815 5129 τὸ·
2842 5072 3044 5146 ἑαυτῆς
3102 5072 3394 5147 ἐπιδούσης

2670 5146 2716 5178 ⁸⁹
2771 5148 3049 5217 μόνοςνᾼ,
3112 5146 3277 5217 νόμον
3329 5158 3385 5208 a,

150 5303 173 5338 ιι
199 5283 251 5361 ίἈ
272 5290 340 5361 -δδ
367 5283 561 5344 ἄλλοτε
595 5283 816 5356 aiam
840 5306 898 5343 τε
930 5292 1077 5361 vulg.
1153 5291 1196 5322 ⁵³
1221 5283 1521 5361 αἰφνιδίους
1544 5289 1610 5353 Α,
1637 5283 1906 5361 αίφνιδίου
1930 5283 2079 5360 vulg.
2119 5283 2127 5286 ’
2155 5288 2203 5320 ⁸⁸
2225 5283 2430 5361 βιϐλίον
2455 5288 2522 5345 Α.
2598 5287 2642 5321 ⁸⁷
2671 5287 3014 5359 ὑποστρέψαι
3047 5285 3094 5343 Δ
3125 5285 3159 5341 b
3197 5286 3234 5353 f,
3264 5283 3395 5359 ὑποτ

149 5359 426 5432 στρέψαντα
456 5362 605 5433 vulg.

698 5362 745 5395 ⁸⁸
779 5359 1141 5433 ἀντημείϐετο
1196 5362 1242 5414 A
1282 5358 1380 5429 af,
1433 5358 1823 5430 ἀνταμείϐεται
1850 5363 2000 5432 vulg.

1409 5475 1551 5534 JAC.
1593 5475 1800 5532 GOABI
1828 5476 2063 5535 NOTAE.

206 5568 305 5644 (εὖ)
333 5570 733 5644 [Γίιεορίινιιιει.
768 5584 891 5644 cap.
946 5570 1033 5637 ll,
1070 5572 1165 5644 qui
1214 5586 1329 5628 rem
1370 5571 1579 5628 clarius
1608 5586 1702 5629 ex-

149 5640 297 5707 ponit.
322 5640 612 5699 Celerius.

150 5710 302 5839 niSi)
331 5713 648 5774 Cbronicon
671 5715 827 5772 Alex.
861 5713 1208 5789 etappendix
1232 5713 1300 5771 ad
1331 5712 1488 5774 Marii
1519 5714 1700 5772 Chro-

1884 5572 1994 5643 (85)
2039 5571 2341 5644 Sjmocatta
2381 5588 2504 5644 cap.
2542 5573 2630 5639 l5,
2667 5571 2881 5629 Chron.
2906 5572 3178 5629 Alexand.

1882 5642 2030 5717 (86L
2060 5642 2353 5717 Theodosii
2414 5642 2646 5700 mortem
2706 5645 3035 5717 comprobat
3085 5642 3395 5717 Theophy'.

1811 5730 1933 5781 cap.
1967 5716 2056 5769 15.
2087 5714 2373 5771 Constans.

1882 5785 1998 5858 (87)
2034 5784 2331 5843 Simocatta
2358 5801 2479 5859 cap.
2512 5787 2601 5858 15,
2626 5787 2825 5849 Δίλιον.
