4004 6290
261 342 374 407 629

1570 336 2246 406 CHRONOGBAPHIA.

3424 316 3533 381 630

261 458 541 533 μυριάδας
582 459 640 512 ὲν
687 459 828 531 αὐτῇ
864 460 1315 532 ῂχμαλώτευσαν.
1357 460 1676 532 Ἡράκλειος
1734 458 1792 512 δὲ
1824 458 1853 510 6

1966 452 2331 526 captivitatem
2394 455 2645 520 egerunt.
2703 443 2992 502 Heraclius
3042 450 3223 498 autem
3297 440 3533 511 imperio

259 552 584 623 βασιλεὺςη
614 552 940 624 βασιλεύσας
971 555 1111 625 (50),
1142 551 1270 626 εὗρε
1320 555 1749 629 παραλελυμένα
1778 554 1849 607 τὰ

256 646 362 715 τῆς
386 644 670 710 πολιτείας
696 648 740 679 ¹⁸
778 648 1066 718 Ῥωμαίων
1102 648 1426 720 πράγματα.
1453 650 1567 720 Τήν
1625 665 1684 701 τε
1739 646 1847 717 γάρ

260 736 543 809 Εὐρώπην
576 741 625 793 oi
653 740 930 810 Βάρϐαροι
954 742 995 773 ³³
1024 742 1344 812 ἐρήμωσαν,
1377 743 1473 795 καὶ
1518 741 1617 812 τὴν
1659 739 1849 795 Ἀσίαν

255 830 306 882 οἱ
342 830 559 902 Πέρσαι
589 833 775 886 πᾶσαν
806 832 1208 906 κατέστρεψαν,
1234 834 1329 890 καὶ
1369 835 1468 898 τὰς
1521 834 1707 897 πόλεις
1752 835 1850 903 ῄχ-

259 921 652 992 μαλὼτευσαν,
698 924 794 978 καὶ
844 926 937 978 τὸν
985 926 1094 981 τῶν
1151 928 1440 997 Ῥωμαίων
1502 926 1730 999 στρατὸν
1792 928 1850 979 ὲν

257 1014 380 1077 τοῖς
408 1015 675 1087 πολέμοις
702 1017 1010 1088 ἀνήλωσαν.
1046 1020 1155 1074 Καὶ
1182 1020 1355 1074 ταῦτα
1385 1020 1507 1074 ἰδὼν
1536 1022 1595 1074 ὲν
1642 1019 1852 1092 ἀπορίᾳ

254 1104 327 1179 ἧν
354 1111 478 1179 (51)
509 1113 564 1165 τί
589 1112 803 1184 δράσαι.
842 1114 1173 1183 Ἐρευνήσας
1218 1114 1327 1185 γὰρ
1358 1116 1450 1169 τὸν
1493 1114 1745 1185 στρατὸν,
1801 1115 1850 1168 εί

256 1197 373 1269 ἄρα
405 1199 682 1264 ἐσώζοντο
706 1202 769 1255 ὲκ
796 1201 906 1255 τῶν
934 1202 1073 1272 μετὰ
1118 1204 1281 1256 Φωκᾶ
1338 1202 1479 1257 κατὰ
1540 1200 1849 1274 Μαυρικίου

258 1294 787 1361 στρατευσάντων²⁹
823 1295 916 1348 ἐπὶ
971 1298 1036 1368 τῇ
1095 1294 1288 1350 τούτου
1346 1296 1704 1367 τυραννίδιυ,
1757 1294 1852 1348 δύο

257 1383 472 1452 μόνους
508 1379 666 1457 εὗρεν
699 1385 810 1458 (52)
842 1389 901 1442 ὲν
935 1389 1072 1443 πᾶσι
1101 1390 1214 1455 τοῖς
1248 1388 1447 1461 Θέμασι
1477 1391 1613 1460 (55).

326 1562 432 1633 Τῷ
464 1563 511 1618 δ’
544 1565 691 1636 αὐτῷ
716 1564 825 1620 ἔτει
851 1565 965 1639 (54)
1005 1568 1137 1639 μηνὶ
1162 1567 1333 1642 Μαΐῳ
1371 1566 1418 1639 γ’
1454 1567 1755 1627 ίνδικτιῶνι
1788 1566 1849 1623 ιε’

255 1655 473 1728 ἐτέχθη
494 1658 572 1729 τῷ
602 1657 815 1728 βασιλεῖ
842 1661 959 1727 υίὸς
984 1660 1095 1717 ἀπὸ
1120 1662 1410 1728 Εύδοκίας,
1467 1662 1791 1735 Ἡράκλειος
1820 1663 1849 1717 6

257 1750 473 1821 μικρὸς
495 1753 525 1807 6
544 1754 639 1806 καὶ
663 1753 784 1818 νέος
809 1755 855 1787 ¹¹¹
888 1757 1319 1821 Κωνσταντῖνος.
1355 1756 1445 1828 Τῷ
1475 1756 1517 1810 δ’
1552 1755 1852 1827 Αὐγούστῳ

1954 553 2259 615 assumpto,
2316 556 2431 599 rem
2493 555 2713 596 omnem
2780 537 3081 592 Romanam
3146 534 3530 590 labefactatam

1956 636 2178 707 reperit.
2219 633 2493 703 Europam
2525 632 2724 687 etenim
2758 628 2985 685 Barbari
3038 626 3393 683 reddiderant
3432 624 3532 680 de-

1958 739 2188 797 sertam,
2217 727 2531 785 universam
2572 725 2757 779 Asiam
2784 722 2967 778 Persae
2995 736 3213 792 pessum
3242 718 3529 784 dederant,

1956 834 2011 881 et
2046 825 2215 880 urbes
2241 823 2481 894 integras
2510 820 2565 875 in
2601 818 2973 890 captivitatem
3019 815 3386 885 abduxerant,
3418 814 3531 871 lto-

1958 931 2294 985 manumque
2331 913 2633 969 exercitum
2676 911 2837 967 bellis
2877 918 3341 980 consumpserant
3396 922 3533 963 con-

1957 1009 2151 1079 tinuis.
2211 1006 2316 1064 lsta
2378 1006 2725 1075 conspiciens
2780 1003 3106 1074 imperator,
3164 1001 3294 1072 quid
3344 1008 3532 1071 ageret

1954 1102 2158 1159 dubius
2204 1099 2465 1155 luerebat.
2507 1096 2766 1153 Exercitu
2820 1094 3093 1166 siquidem
3128 1094 3278 1150 omni
3351 1094 3535 1164 perlu-

1958 1204 2156 1258 strato,
2184 1210 2314 1250 num
2335 1193 2504 1264 aliqui
2536 1207 2600 1249 ex
2626 1193 2712 1257 iis,
2741 1192 2983 1262 quicum
3016 1188 3197 1245 Pboca
3220 1187 3532 1260 tyrannidis

1956 1294 2080 1361 ejus
2115 1292 2363 1345 fautores
2412 1288 2677 1344 adversus
2728 1286 3051 1343 Mauricium
3103 1283 3336 1356 praeliatl
3388 1283 3534 1339 inter

1957 1386 2112 1441 vivos
2146 1391 2522 1455 superessent,
2554 1387 2961 1452 perscrutatus,
2990 1394 3086 1450 per
3113 1379 3355 1450 legiones
3394 1390 3534 1433 cun-

1957 1486 2078 1534 ctas
2120 1476 2349 1530 rimatus
2380 1473 2521 1529 duos
2546 1472 2695 1529 solos
2720 1471 2929 1527 invenit
2955 1470 3229 1535 residuos,

2028 1571 2226 1628 Eodem
2245 1573 2405 1628 etiam
2419 1584 2562 1624 anno
2579 1567 2785 1624 mensis
2803 1565 2927 1622 Maii
2944 1565 3029 1620 die
3046 1562 3536 1629 tertio,indictione

1957 1663 2167 1719 den-ima
2197 1662 2409 1733 quinta,
2449 1676 2512 1717 ex
2569 1657 2813 1714 Eudoeia
2864 1656 3182 1728 imperatori
3235 1662 3532 1725 susceptus

1959 1750 2127 1815 tilius,
2156 1749 2440 1807 Heraclius
2471 1748 2682 1820 junior,
2716 1748 2809 1820 qui
2843 1754 2897 1802 et
2926 1761 3101 1802 novus
3131 1745 3532 1801 Constantinus

257 1844 402 1911 μηνὶ
457 1842 520 1899 ιδ’
567 1846 680 1916 (55)
728 1846 1083 1920 ἐτελεύτησεν
1127 1847 1361 1903 Εύδοκία
1415 1847 1708 1920 Αὐγοῦστα
1753 1849 1852 1922 τῆς

1966 1843 2376 1915 cognominatus
2402 1852 2502 1899 est.
2537 1842 2768 1912 Augusti
2801 1854 2930 1896 vero
2961 1839 3168 1897 mensis
3194 1839 3283 1896 die
3317 1838 3532 1896 decimo

254 1936 447 2009 αὐτῆς
471 1944 536 1991 ιε’
570 1938 927 2005 ίνόικτιῶνος.

324 2120 401 2174 Δ.
435 2120 513 2175 Μ.
546 2119 707 2178 οισι.
756 2152 825 2165 --
858 2123 1047 2197 Τούτῳ
1088 2123 1169 2197 τῷ
1202 2123 1314 2180 ἔτει
1360 2123 1494 2198 μηνὶ
1534 2124 1858 2198 ὐκτωϐρίῳ

251 2207 300 2269 ϐ’
323 2207 451 2281 (36)
481 2211 777 2269 ίνδικτιῶνι
806 2210 854 2266 α’
880 2214 1171 2287 ἐστέφθηή
1201 2216 1524 2287 Ἐπιφάνεια
1544 2217 1579 2287 ἡ
1603 2215 1853 2286 θυγάτηρ

268 2301 612 2373 Ἡρακλείου
640 2306 743 2361 ὑπὸ
771 2308 1000 2379 Σεργίου
1056 2310 1397 2384 πατριάρχου
1455 2308 1746 2380 Αὐγούστα
1792 2310 1854 2366 ὲν

252 2394 333 2466 τῷ
365 2398 657 2469 εὐκτηρίῳ
686 2400 783 2454 τοῦ
834 2401 990 2471 ἁγίου
1038 2402 1313 2475 Στεφάνου
1366 2406 1427 2458 ἑν
1460 2402 1540 2476 τῷ
1578 2401 1853 2474 παλατίῳ.

253 2485 443 2559 Τῷδὲ
468 2490 790 2564 Δεκεμϐρίῳ
821 2495 952 2565 μηνὶ
982 2493 1089 2560 xe';
1103 2496 1240 2568 (57),
1272 2499 1339 2569 τῇ
1380 2497 1517 2568 αὐτῇ
1618 2502 1669 2552 α’
1727 2495 1854 2551 ινδι-

254 2582 483 2649 κτιῶνι,
529 2584 768 2657 ὲστέφθη
808 2586 1129 2659 Ἡράκλειος
1182 2590 1211 2643 6
1254 2588 1370 2653 υίδς
1416 2586 1764 2660 Ἡρακλείου.
1822 2587 1854 2641 ὁ

252 2674 379 2745 νέος
404 2676 460 2710 ’³
488 2677 925 2747 Κωνσταντῖνος,
955 2681 1061 2737 ὑπὸ
1081 2682 1310 2755 Σεργίου
1331 2682 1695 2755 πατριάρχου.

328 2857 439 2939 Τῷ
466 2858 512 2914 δ’
540 2859 695 2933 αὐτῷ
732 2862 843 2917 ἔτει
877 2863 1323 2935 ἐπεστράτευσαν
1353 2864 1665 2938 Σαρακηνοὶ
1714 2867 1854 2921 κατὰ

252 2952 474 3025 Συρίας
507 2968 523 2985 ·
595 2955 691 3012 καὶ
770 2955 1145 3030 λυμηνάμενοι
1253 2957 1418 3015 ἱκανὰ
1497 2959 1676 3033 χωρία
1745 2958 1853 3014 ύπ-

251 3046 570 3119 ἔστρεψαν.

325 3141 400 3199 Δ.
443 3142 526 3199 Μ.
556 3141 719 3201 6105.
745 3173 821 3186 -—
855 3145 1045 3219 Τούτῳ
1071 3144 1150 3218 τῷ
1169 3146 1283 3203 ἔτει
1325 3145 1519 3204 ἔλαϐον
1546 3149 1597 3203 oi
1645 3152 1851 3225 Πέρσαι

253 3232 362 3303 τὴν
445 3234 776 3304 Δαμασκὸν,
829 3236 925 3292 καὶ
980 3238 1415 3311 ᾐχμαλώτευσαν
1465 3240 1595 3297 λαὸν
1650 3243 1855 3301 πολύν.

265 3324 613 3399 Ἡράκλειος
668 3329 725 3385 δὲ
788 3329 1043 3403 βασιλεὺς
1097 3332 1359 3405 πρέσϐεις
1413 3334 1551 3406 πρὸς
1606 3337 1859 3409 Χοσρόην

260 3420 603 3477 ἀπέστειλεν
619 3420 935 3481 παύσασθαι
948 3425 1042 3480 τοῦ
1072 3426 1287 3500 ἐκχέειν
1303 3428 1548 3501 ἀνηλεῶς
1563 3429 1632 3484 τὰ
1652 3430 1860 3501 αἵματα

256 3515 375 3569 τῶν
410 3515 766 3587 ἀνθρώπων,
798 3517 895 3573 καὶ
926 3519 1109 3591 ὁρίσαι
1164 3521 1386 3593 φόρους,
1427 3523 1523 3577 καὶ
1560 3524 1861 3595 λαμϐάνειν

259 3606 484 3663 mixta.
528 3609 590 3663 '0
632 3608 693 3664 δὲ
721 3610 851 3676 τοὺς
895 3612 1157 3685 πρέσϐεις
1203 3614 1521 3686 ἀπράκτους
1564 3616 1856 3685 ἀπέλυσεν,

266 3700 346 3773 μὴ
374 3703 759 3773 ποιησάμενος
786 3705 971 3771 αὐτοῖς
1002 3706 1178 3777 λόγον,
1222 3708 1459 3774 ἐλπίζων
1488 3710 1709 3775 τελείως
1750 3727 1862 3765 πα-

261 3794 543 3865 ραλαϐεῖν
578 3797 681 3868 τὴν
730 3797 840 3853 τῶν
880 3798 1171 3870 Ῥωμαίων
1209 3801 1407 3873 ἀρχήν.
1464 3802 1523 3855 'O
1573 3802 1629 3856 δὲ
1694 3804 1862 3875 Ἡρά-

259 3890 459 3953 κλειος
504 3892 586 3963 τῷ
627 3894 778 3963 αύτῳ
826 3894 1008 3964 χρόνῳ
1040 3894 1250 3965 ἔγημεν
1278 3894 1587 3967 Μαρτίναν,
1621 3897 1715 3950 καὶ
1761 3897 1858 3952 άν-

258 3983 579 4054 ητόρευσεν
608 3987 784 4056 αὐτὴν
822 3986 1147 4056 Λὺγοῢσταν
1196 3986 1400 4059 στέψας
1435 3988 1609 4059 αὐτὴν
1654 3989 1736 4052 είς
1764 3990 1859 4046 τὸν

258 4078 641 4149 αὖγουστέαν,
672 4079 963 4151 στεφθεῖσα
992 4080 1098 4134 ύπδ
1122 4081 1351 4154 Σεργίου
1379 4081 1745 4155 πατριάρχου.

332 4262 407 4317 Δ.
465 4262 549 4319 Μ.
608 4261 772 4320 6106.
824 4291 898 4306 -
932 4262 1123 4337 Τούτῳ
1172 4264 1253 4338 τῷ
1284 4263 1396 4320 [est
1446 4265 1756 4339 παρέλαϐον
1801 4267 1851 4320 ol

1876 3200 1924 3264 C

1953 1947 2151 2010 quarto
2201 1936 2391 1993 eadem
2451 1934 2750 1992 indictione
2804 1932 3048 1989 Eudocia
3078 1932 3327 2006 Augusta
3381 1932 3528 1989 diem

1952 2038 2259 2087 extremum
2292 2029 2451 2085 obiit.

2026 2122 2091 2177 A.
2126 2121 2341 2180 0.604.
2388 2152 2457 2165 -—
2492 2119 2609 2177 Hoc
2663 2136 2808 2177 anno
2860 2121 3069 2177 mensis
3129 2119 3385 2177 Octobris
3444 2118 3535 2176 die

1956 2227 2180 2288 quarto,
2239 2215 2541 2273 indictione
2571 2215 2769 2286 prima,
2832 2214 3135 2286 Epiphania
3183 2213 3535 2284 imperatoris

1953 2309 2192 2367 Hcraclii
2260 2307 2370 2364 lilia
2415 2308 2471 2363 in
2505 2308 2751 2363 oratorio
2789 2308 2969 2364 sancti
3042 2306 3329 2377 Stephani,
3383 2305 3533 2378 quod

1954 2401 2011 2457 in
2064 2399 2290 2471 palatio,
2339 2414 2371 2453 ι
2421 2398 2616 2471 Sergio
2676 2397 2990 2470 patriarcha
3022 2396 3284 2469 Augustae
3326 2412 3533 2453 corona

1953 2492 2204 2549 redimita
2229 2498 2333 2549 est.
2363 2490 2680 2549 Decembris
2708 2501 2887 2547 autem
2920 2491 3007 2548 die
3032 2492 3291 2564 vigesimo
3314 2493 3533 2563 quinto.

1954 2586 2273 2653 indictione,
2310 2583 2598 2642 Heraclius
2637 2584 2877 2641 Heraclii
2918 2584 3085 2651 ﬁlius,
3126 2601 3303 2642 novus
3357 2585 3534 2653 prima

1953 2676 2637 2749 Constantinus,aSergio
2683 2677 2999 2749 patriarcha
3053 2676 3269 2748 imperii
3322 2676 3534 2750 collega

1954 2780 2250 2829 coronatus
2274 2779 2382 2845 est.

2027 2861 2231 2919 Eodem
2303 2863 2470 2919 etiam
2546 2877 2693 2918 anno
2744 2861 3151 2935 expeditionem
3208 2860 3260 2917 in
3316 2859 3532 2933 Syriam

1954 2956 2158 3026 fecere,
2184 2957 2531 3030 direptisque
2563 2958 2781 3031 oppidis
2831 2971 2993 3028 quam
3033 2956 3286 3028 plurimis
3312 2961 3531 3013 domum

1956 3050 2165 3108 reversi
2200 3057 2349 3105 sunt.

2027 3141 2095 3198 Δ.
2126 3139 2191 3198 C.
2223 3140 2351 3199 605.
2386 3170 2459 3183 -—
2486 3139 2599 3196 Hoc
2634 3155 2779 3196 anno
2804 3139 3011 3207 Persae,
3037 3147 3200 3211 capta
3239 3138 3529 3208 Damasco,

1957 3235 2207 3306 captivos
2238 3234 2565 3291 innumeros
2606 3248 2793 3289 secum
2827 3231 3197 3314 abduxerunt.
3228 3232 3535 3306 Imperator

1958 3335 2142 3383 autem
2191 3326 2481 3383 Hei-actius
2517 3326 2789 3397 legatione
2830 3326 2899 3382 ad
2939 3326 3239 3383 Chosroem
3290 3328 3528 3395 decreta,

1956 3428 2011 3475 ut
2038 3418 2321 3476 fundendo
2345 3419 2643 3475 crudeliter
2664 3419 2947 3475 hominum
2979 3418 3235 3489 sanguini
3263 3431 3531 3492 parceret,

1958 3508 2266 3575 admonuit,
2290 3510 2499 3566 tributa
2527 3526 2659 3567 vero
2687 3518 2974 3576 statueret,
3010 3522 3063 3567 et
3091 3512 3244 3584 pacis
3272 3513 3535 3569 conditio-

1957 3621 2059 3662 nes
2084 3605 2484 3677 praescriberet,
2519 3606 2750 3677 rogavit.
2787 3604 2880 3662 Ille
2904 3613 3084 3663 autem
3121 3608 3274 3663 nullo
3298 3623 3421 3664 cum
3452 3609 3537 3666 le-

1961 3702 2104 3772 gatis
2144 3700 2333 3756 habito
2353 3700 2651 3770 colloquio,
2678 3701 2837 3771 quasi
2863 3702 2932 3757 de
2954 3699 3324 3757 Romanorum
3359 3700 3534 3774 impe-

1957 3796 2040 3851 rio
2065 3796 2216 3851 brevi
2255 3794 2578 3865 occupando
2602 3803 2806 3859 certus,
2839 3810 2900 3851 re
2939 3793 3140 3851 infecta
3181 3810 3276 3852 eos
3300 3794 3531 3852 dimisit.

1958 3886 2241 3944 Heraclius
2262 3903 2424 3960 porro
2448 3886 2737 3942 Martinam
2768 3887 2960 3943 eodem
2983 3902 3126 3943 anno
3149 3886 3252 3943 sibi
3278 3889 3536 3960 coniugio

1958 3983 2265 4053 copulatam
2294 3980 2628 4037 renuntiavit
2656 3980 2817 4052 252
2848 3980 3146 4052 Augustam
3185 4001 3196 4038 :
3225 3990 3280 4037 et
3325 3980 3392 4036 ad
3430 3996 3533 4037 au-

1959 4084 2213 4147 gusteum
2275 4071 2467 4145 Sergio
2528 4072 2839 4143 patriarcha
2899 4087 3162 4128 coronam
3219 4074 3534 4145 imponente

1962 4167 2231 4238 augustali
2266 4177 2551 4223 stemmate
2577 4166 2965 4224 redimiendam
3003 4166 3263 4231 decrevit,

2032 4260 2095 4314 A.
2128 4259 2188 4316 C.
2228 4260 2355 4317 606.
2383 4259 2593 4316 —Hoc
2644 4275 2792 4316 anno
2840 4259 3022 4317 Persae
3072 4258 3330 4317 Iordanis
3387 4260 3534 4334 loca,

1570 4375 1806 4434 VARUE
1842 4372 2250 4431 LECTIONES.

343 4467 388 4547 ξ’
414 4471 446 4524 6
469 4469 723 4547 βασιλεὺς
746 4483 857 4547 om.
891 4485 942 4525 a.
1017 4468 1306 4547 _"_1r6_).emq
1451 4470 1556 4547 “cl
1574 4470 1831 4547 ζΑϐάρεις
1861 4487 1926 4547 a._
1963 4471 2035 4547 3°
2054 4468 2475 4547 στρατευμάτων
2496 4470 2549 4533 b,
2574 4468 3006 4541 στρατεύσαντος
3027 4486 3077 4525 a.
3153 4471 3197 4503 "
3222 4452 3535 4547 τυραννίδος

264 4540 421 4614 vulg.
472 4540 541 4574 "’
565 4542 594 4595 6
612 4541 706 4595 καὶ
725 4540 845 4607 νέος
872 4558 924 4608 a,
947 4540 1042 4598 καὶ
1067 4541 1097 4595 6
1124 4542 1242 4606 νέος
1266 4543 1413 4614 vulg.
1489 4542 1535 4575 ³⁸
1565 4542 1594 4596 6
1622 4540 1763 4607 νέος,
1794 4544 1823 4595 6
1845 4542 1938 4597 καὶ
1963 4542 2033 4595 Κ.
2064 4543 2117 4597 b.

1571 4660 1713 4719 JAC.
1760 4660 1971 4718 GOARI
1999 4661 2231 4719 ΝΟΤΛΕ.

343 4750 625 4828 @0)_Ubi_
657 4751 912 4828 βασιλεὺς
938 4752 1284 4828 βασιλεύσας,
1320 4756 1519 4813 lubens
1556 4758 1842 4825 restituam
1879 4759 1921 4815 D
1953 4772 2151 4813 nomen
2185 4757 2505 4828 innovatum
2535 4756 2831 4828 suspicor:
2879 4756 3033 4828 Ἐπεὶ
3067 4757 3377 4828 νεὸχμωσεν
3408 4758 3525 4815 ἑτέο

266 4842 334 4897 ea
369 4823 570 4897 Cadra,
599 4823 857 4897 βασιλεὺς
902 4823 1257 4897 παραλαϐών,
1288 4828 1382 4882 ubi
1415 4823 1700 4895 imperium
1724 4830 1847 4882 iniit

1954 4846 2052 4899 ρας
2082 4830 2111 4881 6
2146 4827 2336 4899 χρόνος
2368 4828 2648 4899 δυνάμει-ς.
2686 4826 2882 4895 Copias
2923 4826 3064 4882 alia:
3122 4826 3370 4899 teritporis
3404 4848 3525 4886 suc-

269 4896 609 4967 ιιιι-ιιρςίίειε.⁸
631 4893 819 4966 Exque
847 4909 914 4950 eo
961 4893 1016 4952 et
1065 4898 1227 4953 Barb.
1285 4913 1431 4961 mox,
1468 4893 1743 4967 Εὐρώπην
1796 4900 1849 4952 οἱ
1949 4893 2441 4966 ὲεεειιεῖἱνοηιρεὶι,
2469 4893 2545 4950 ait
2574 4893 2872 4952 Simocatta
2908 4901 3187 4954 laudatus.

279 4968 567 5036 ’Δὸἀρεις.
586 4964 904 5022 Suntcerte
937 4970 992 5022 hi
1016 4969 1157 5023 inter
1181 4968 1449 5025 barbaros
1472 4971 1525 5022 in
1549 4964 1852 5026 Occidente

268 5038 519 5112 perth
552 5052 795 5112 tempora
826 5039 1277 5112 nominatissimi,
1300 5043 1503 5111 quique
1543 5056 1655 5095 rem
1688 5042 1850 5098 Rom.

266 5107 511 5181 perinde
536 5123 603 5165 ac
625 5107 807 5165 Persae
839 5109 893 5165 in
928 5108 1154 5166 Oriente
1203 5107 1681 5167 label'ac'laverint.
1704 5113 1853 5168 Cou—

267 5196 450 5237 ιειηει.

342 5248 463 5321 (51)
486 5246 620 5318 Quae
640 5267 703 5307 ex
728 5249 1038 5322 lfiicephoro
1053 5253 1120 5308 ad
1141 5266 1343 5308 annum
1366 5253 1462 5310 6H
1494 5256 1849 5312 conveniendi

268 5323 712 5394 consulendique
735 5321 985 5378 Priscum
1012 5326 1153 5378 ratio
1186 5323 1310 5379 fuit.

345 5393 468 5468 @2)
495 5393 805 5468 Attestatur
846 5395 1144 5468 Sitnocatta
1182 5396 1277 5449 lib.
1324 5412 1609 5468 vm.’cap.
1671 5396 1755 5457 1'2,
1797 5407 1851 5452 et

272 5466 330 5521 in
358 5462 636 5547 ﬂantem
664 5464 886 5547 Persam
916 5465 1316 5539 expeditionem
1353 5469 1423 5524 ab
1454 5462 1705 5524 Heraclio
1728 5484 1853 5523 sus-

270 5544 495 5606 ceptam
521 5544 782 5606 suggerit.

345 5605 467 5679 (55)
492 5605 711 5679 TWa.
756 5606 919 5679 Dicta
955 5615 1040 5664 est
1079 5608 1133 5664 in
1160 5609 1355 5679 primis
1375 5610 1535 5679 legio.
1569 5625 1690 5679 quae
1725 5626 1855 5678 pro~

272 5677 722 5753 yi_nciae_cu_ilibet
752 5678 1007 5753 imposita
1032 5696 1046 5747 ;
1080 5677 1207 5735 inde
1226 5680 1279 5735 in
1306 5677 1473 5748 gloss.
1494 5677 1843 5753 legionatatg,

277 5747 684 5821 Otumbeinde
727 5747 993 5807 translato
1021 5753 1241 5806 nomine
1288 5747 1419 5820 ipsae
1440 5747 1724 5819 procinciw
1753 5768 1849 5821 ap-

280 5819 486 5895 pellari
505 5830 787 5895 coeperunt
819 5821 1059 5895 cepam.
1088 5823 1220 5895 inde
1250 5819 1538 5895 θεματικοὶ
1564 5832 1691 5895 sum
1723 5819 1849 5895 pro-

284 5891 557 5947 einciaies.
595 5894 889 5949 [inmutata
948 5893 1143 5950 militia
1181 5891 1427 5951 Romana
1469 5894 1537 5950 ab
1601 5891 1854 5951 [lerat-lio

2026 4971 2139 5039 (54)
2163 4970 2369 5041 Chron.
2404 4968 2691 5041 Alexandq
2720 4968 3064 5040 Nicephorus
3104 4972 3420 5041 patriarcha
3455 4973 3522 5028 ad

1953 5056 2158 5097 annum
2182 5040 2307 5103 6l2,
2347 5050 2401 5093 et
2432 5039 2692 5095 Petavius
2739 5039 2883 5096 notis
2937 5043 2990 5096 in
3019 5039 3295 5097 eumdem.
3349 5040 3523 5099 Porro

1955 5113 2050 5183 qui
2074 5121 2295 5183 notatttr
2351 5111 2441 5183 hic
2480 5110 2603 5183 Maii
2641 5109 3010 5183 die§_tertiits
3049 5112 3303 5168 vitiosum
3338 5114 3523 5181 arguit

1952 5180 2204 5311 lejtrsdem
2222 5181 2432 5239 Petavii
2462 5182 2707 5237 codicem
2738 5180 3116 5252 Theophanis,
3134 5200 3242 5255 quo
3266 5186 3520 5256 quintunt

1974 5272 2058 5311 eat
2091 5295 2106 5310 .

1974 5255 2106 5312 eait.

2008 5272 2138 5398 gtgé)
2183 5325 2332 5398 Diem,
2363 5324 2432 5378 t3
2452 5324 2633 5398 signat
2671 5321 2930 5398 Chronic.
2964 5325 3230 5380 Alexand.
3256 5325 3334 5381 Ex
3357 5326 3531 5398 comi-

1955 5398 2073 5470 tiali
2107 5394 2301 5451 morbo
2325 5396 2606 5470 interiisse
2634 5394 2829 5449 scribit
2848 5394 3192 5467 Nicephorus
3214 5396 3531 5470 patriarcha

1954 5469 2020 5522 ad
2045 5483 2248 5523 annum
2282 5466 2559 5523 eumdem.

2026 5539 2138 5607 (56)
2188 5537 2315 5593 Haec
2340 5538 2530 5592 eadem
2566 5537 2878 5595 Cltronicou
2921 5538 3187 5594 Alexand.
3223 5554 3344 5606 (tua:
3375 5548 3527 5595 extra

1955 5609 2274 5665 indictionis
2322 5610 2558 5678 propriae
2599 5609 2802 5666 limites
2855 5610 3126 5664 exhibuit.
3171 5608 3427 5665 Petavius
3472 5612 3526 5663 in

1956 5681 2215 5751 notisad
2250 5680 2615 5751 Nicephorum
2675 5681 2790 5736 haec
2838 5681 3110 5737 examinat
3162 5681 3294 5735 edit.
3349 5681 3526 5751 ltegiae

1958 5750 2199 5823 pag.6l.

2030 5822 2140 5892 (37)
2180 5822 2329 5877 Diem
2359 5819 2430 5876 22
2468 5822 2651 5891 posuit
2705 5821 3015 5878 Chronicon
3046 5822 3209 5878 idem.
3246 5820 3545 5893 Baptistutr

1962 5894 2125 5950 simul
2155 5894 2385 5950 tinctum
2410 5893 2577 5950 refert
2612 5894 2972 5964 Nicephorus.
