4004 6290
456 329 528 394 63
539 332 566 391 .)

1792 325 2279 390 TIIEOI’HANIS

3610 330 3720 396 640

456 443 764 517 perdendus
786 442 1064 513 sperabat.
1108 442 1176 497 At
1208 442 1299 498 ubi
1331 442 1465 499 viles
1494 458 1684 498 eorum
1724 438 1886 513 256
1906 442 2027 495 ani-

2148 460 2329 506 παντες
2360 443 2563 497 ἐκεῖνοι
2598 442 2700 505 τὰς
2732 442 3023 513 φάλαγγας
3052 443 3309 518 ἀκρατῶς
3341 446 3563 503 διώκειν
3594 456 3721 504 τοὺ-

456 554 576 594 tuos
606 549 659 593 et
704 547 909 593 metum
960 545 1225 606 expertus
1271 544 1379 599 est,
1414 544 1539 605 post
1567 535 1711 589 diem
1753 534 2028 588 decimum

456 635 523 687 ad
544 634 927 702 imperatorem
958 642 1234 689 reversus.
1270 628 1527 683 alllictum
1561 636 1614 682 et
1641 626 2030 680 meticulosum

459 724 822 779 Barbarorum
878 704 1080 776 statum
1125 735 1344 775 omnem
1375 718 1717 774 enucleatius
1750 717 2027 786 exposuit.

457 817 726 872 Caeterum
766 814 1009 871 insolens
1036 813 1126 868 ille
1154 812 1441 869 Persarum
1489 811 1601 867 dux
1632 825 1801 865 mora:
1839 810 2032 867 tandiu

460 926 556 979 per
581 916 845 964 montana
882 907 1163 978 productae
1192 906 1506 977 impatiens,
1534 914 1591 961 et
1641 907 1695 959 in
1750 915 2029 960 certamen

458 999 797 1056 descendere
846 999 1176 1053 necessitate
1222 1004 1565 1067 compulsus.
1611 995 1787 1051 diviso
1837 996 1891 1052 in
1929 998 2034 1052 tria

460 1093 679 1166 agmina
704 1092 971 1156 exercitu,
1012 1091 1117 1148 sub
1140 1093 1374 1163 primum
1411 1106 1623 1147 aurorae
1645 1092 2032 1161 crepusculum

460 1191 518 1238 ct.
562 1182 805 1237 nondum
862 1180 1153 1237 manifesto
1188 1182 1348 1237 terris
1387 1180 1523 1247 sole,
1557 1190 1781 1253 paratus
1822 1181 1890 1236 ad
1934 1198 2034 1251 pu-

461 1289 624 1345 gnam
664 1289 730 1329 ex
758 1274 1059 1343 improviso
1087 1273 1360 1344 apparuit.
1399 1271 1700 1343 Imperator
1730 1273 2039 1344 praecogni-

462 1369 534 1423 tis
562 1367 681 1437 ejus
700 1368 972 1433 consiliis,
996 1368 1323 1437 dispositum
1349 1366 1555 1437 pariter
1579 1380 1643 1421 ac
1669 1367 2031 1422 distributum

464 1460 518 1514 in
551 1461 697 1517 acies
723 1468 837 1516 tres
857 1461 1178 1525 exercitum,
1216 1461 1283 1515 ad
1307 1474 1545 1531 pugnam
1593 1460 1805 1515 eduxit.
1861 1458 2033 1531 Impe-

410 1620 411 1623 η
465 1566 651 1608 ratore
703 1568 839 1609 vero
897 1554 965 1608 ad
1014 1552 1291 1609 Orientem
1354 1553 1679 1617 constituto,
1738 1552 2036 1608 exorientis

463 1662 681 1717 quoque
713 1646 848 1703 solis
891 1646 1052 1713 radii,
1110 1661 1271 1711 quem
1320 1643 1501 1700 Persa:
1550 1654 1810 1714 tanquam
1865 1644 2033 1699 Deum

463 1746 823 1807 venerantur,
880 1754 1071 1795 eorum
1133 1738 1324 1794 oculos
1383 1738 1567 1793 acrius
1606 1737 2031 1808 perstringebat.

2140 555 2268 600 τους
2293 536 2561 607 ἐνόμιζον.
2607 538 3067 610 Ἐπιστραφέντες
3096 536 3189 595 οὖν
3230 544 3279 595 οξ
3316 543 3584 614 Ῥωμαῖοι
3627 545 3723 599 εὐ-

2134 630 2323 702 ψύχως
2378 630 2603 694 τούτους
2654 632 2984 703 ὲστρέῲαντο
3039 633 3135 687 καὶ
3198 633 3427 698 πολλοὺς
3482 635 3722 700 ἀνεῖλον,

2134 722 2428 788 ἐλάσαντες
2446 724 2639 787 αὐτοὺς
2663 723 2769 788 ἓως
2789 725 2881 778 τοῦ
2910 726 3089 796 ὅρους,
3115 725 3194 790 εἰς
3219 728 3497 798 κρημνοὺς
3518 728 3725 791 αὐτοὺς

2136 814 2422 870 ἐνέϐαλλον
2438 816 2485 847 ⁸⁸
2516 816 2609 869 καὶ
2637 817 2837 879 τότιους
2877 816 3178 883 δυσδάτους
3199 857 3212 882 ,
3250 820 3345 873 καὶ
3372 820 3587 883 πάντας
3619 820 3721 873 αὖ-

2134 902 2287 955 τοῦ⁶¹
2319 902 2647 973 συνέτριψαν
2670 922 2681 935 ·
2713 905 2770 956 ἐν
2789 905 2845 958 δὲ
2876 909 2988 968 τοῖς
3013 910 3283 977 κρημνοῖς
3312 909 3484 977 αἰγῶν
3506 909 3726 979 ἀγρίων

2135 995 2289 1066 δίκην
2324 997 2784 1068 ὲσκηνοϐἀτουνυ
2818 999 2951 1069 (55).
2988 1000 3224 1064 Πολλοὺς
3266 1002 3322 1054 δὲ
3360 1003 3455 1056 καὶ
3503 1002 3724 1067 ζῶντα-ς

2136 1086 2480 1160 ἐζώγρησαν.
2514 1088 2830 1160 Παρὲλαόον
2872 1091 2928 1144 δὲ
2963 1091 3060 1146 καὶ
3088 1092 3150 1145 τὸ
3176 1092 3381 1147 τούτων
3410 1095 3722 1164 στρατόπε-

2137 1180 2248 1246 δον,
2278 1183 2371 1235 καὶ
2400 1183 2583 1237 πᾶσαν
2606 1183 2704 1255 τὴν
2733 1182 3049 1253 ἀποσκευὴν
3077 1183 3259 1237 αὐτῶν
3277 1186 3341 1239 ⁸³.
3375 1185 3437 1239 Oi
3466 1183 3526 1238 δὲ
3577 1185 3724 1240 Ῥωο

2141 1276 2289 1345 μαῖοι
2319 1276 2455 1347 πρδς
2474 1274 2608 1346 ὕψος
2637 1277 2737 1340 τὰς
2766 1279 2955 1347 χεῖρας
2983 1276 3324 1343 ἐκτείναντες
3358 1278 3436 1350 τῷ
3465 1279 3589 1351 Θεῷ
3616 1283 3724 1353 ηὐ-

2136 1360 2451 1436 χαρίστουν,
2494 1367 2589 1420 καὶ
2640 1366 2719 1438 τῷ
2770 1368 3213 1439 στρατηγήσαντι
3270 1370 3451 1435 καλῶς
3502 1371 3728 1443 βασιλεῖ

2140 1458 2409 1520 συντόνως
2444 1458 2838 1531 προσηύχοντο.
2872 1461 2936 1514 Οἱ
2960 1461 3070 1532 γὰρ
3100 1461 3233 1532 πρὶν
3268 1463 3403 1534 μηδὲ
3434 1464 3726 1533 Περσικὴν

2136 1548 2289 1602 κόνιν
2337 1547 2711 1619 τολμήσαντες
2750 1548 2901 1615 ἰδεῖν,
2954 1549 3052 1605 νῦν
3101 1550 3204 1615 τὰς
3258 1554 3465 1623 σκηνὰς
3504 1555 3724 1609 τούτων

2138 1641 2470 1704 ἀσαλεύτους
2499 1642 2750 1714 εὑρόντες
2775 1642 3280 1716 ἐλαφυρολόγησαν.
3301 1646 3397 1711 Τίς
3421 1649 3533 1720 γὰρ
3559 1649 3725 1719 ﬁlm-

2139 1733 2233 1798 ζεν
2263 1734 2323 1787 τὸ
2348 1732 2454 1786 τῶν
2478 1733 2704 1805 Περσῶν
2728 1734 3156 1805 δυσμαχώτατον
3180 1736 3338 1805 γένος
3363 1738 3509 1792 νῶτα
3537 1738 3728 1793 δοῦναί

462 1830 765 1901 Imperator
786 1834 970 1903 itaque
1002 1832 1185 1902 fugam
1209 1831 1467 1886 simulare
1492 1829 1658 1900 jussit
1684 1830 1989 1885 exercitum
2017 1847 2029 1883 :

2148 1841 2267 1879 ποτε
2304 1825 2633 1895 Ῥωμαίοιςς
2682 1823 2739 1877 ’0
2771 1825 2827 1878 δὲ
2855 1824 3105 1895 βασιλεὺς
3129 1827 3222 1880 τὸν
3260 1827 3491 1898 στρατὸν
3516 1828 3615 1881 σὺν
3645 1829 3729 1899 τῷ

464 1938 639 1993 quare
690 1923 869 1980 Persa:
899 1925 1227 1996 phalangium
1256 1938 1481 1979 suarum
1516 1924 1712 1979 solutis
1744 1914 2037 1979 ordinibus

463 2028 561 2070 eos
623 2014 1084 2086 intemperantius
1158 2014 1529 2085 insequendos
1582 2013 1908 2069 decernunt.
1967 2012 2037 2066 At

2146 1917 2438 1989 στρατηγῷ
2480 1918 2796 1972 καταλιπὼν
2826 1919 2905 1984 εἰς
2942 1919 3240 1991 Ἀρμενίαν
3279 1921 3724 1993 παραχειμάσαις

2143 2012 2305 2076 αὐτὸς
2334 2013 2414 2076 εἰς
2447 2011 2740 2076 Βυζάντιον
2774 2012 3139 2085 ὑπέστρεψεν.

464 2103 700 2163 Romani
746 2122 902 2162 versa
937 2107 989 2162 in
1031 2122 1127 2162 eos
1162 2106 1299 2162 facie
1366 2106 1781 2177 impressionem
1842 2120 2032 2161 eorum
2102 2104 2319 2159 fortiter
2374 2105 2667 2172 sustinent,
2714 2110 2771 2159 et
2822 2114 2973 2176 terga
3010 2106 3145 2161 dare
3207 2106 3546 2177 compellunt
3591 2124 3605 2161 :
3674 2115 3732 2161 et

465 2202 654 2259 multis
705 2218 895 2259 eorum
959 2204 1137 2271 caesis,
1202 2202 1447 2274 reliquos
1496 2203 1563 2257 ad
1615 2203 1817 2258 montis
1874 2203 2101 2274 adigunt
2137 2200 2445 2270 angustias,
2474 2210 2528 2255 et
2563 2200 2619 2256 in
2648 2208 2924 2272 praerupta
2954 2202 3072 2256 loca
3108 2201 3524 2273 praecipitiaque
3569 2216 3732 2257 com-

464 2295 678 2365 pulsos,
730 2305 1106 2368 prosternunt,
1153 2303 1209 2351 et
1258 2295 1313 2351 in
1346 2308 1652 2352 extremum
1718 2296 2023 2365 periculum
2094 2292 2398 2349 adducunt.
2464 2292 2570 2349 Per
2615 2308 2841 2363 asperas
2889 2293 3055 2349 etiam
3130 2294 3256 2348 illas
3298 2302 3353 2349 et
3408 2293 3731 2350 salebrosas

465 2401 632 2455 rupes
666 2403 960 2459 caprarum
1022 2387 1373 2460 sylvestrium
1436 2402 1588 2443 more
1651 2387 1969 2445 desilientes
2037 2384 2238 2442 Persas
2268 2395 2545 2441 venantur
2573 2394 2628 2441 et
2654 2386 2884 2454 capiunt
2912 2384 3087 2449 vivos,
3119 2387 3510 2456 occupatisque
3530 2398 3729 2439 eorum

473 2483 689 2550 castris,
722 2484 976 2540 bellicum
1016 2495 1340 2556 apparatum
1363 2500 1581 2540 omnem
1612 2484 1901 2556 diripiunt.
1949 2486 2029 2542 Ita
2067 2487 2287 2544 demum
2323 2485 2552 2541 Romani
2583 2484 2838 2541 manibus
2885 2485 2941 2540 in
2986 2486 3185 2540 coelum
3262 2484 3424 2540 elatis
3505 2483 3727 2539 debitas

467 2576 580 2632 Deo
603 2583 785 2647 grates
814 2574 1080 2641 referunt,
1111 2584 1166 2630 et
1201 2576 1267 2629 ad
1330 2590 1456 2630 eum
1522 2591 1621 2646 pro
1675 2576 2009 2648 imperatore
2036 2593 2139 2635 suo
2178 2581 2256 2634 rei
2282 2578 2537 2634 militaris
2590 2577 2729 2633 adeo
2756 2580 2936 2649 perito
2958 2586 3085 2633 vota
3114 2577 3340 2649 insuper
3373 2578 3724 2649 concipiunt.

468 2668 572 2736 Qui
602 2670 754 2740 prius
793 2669 938 2724 enim
993 2668 1075 2725 vel
1128 2676 1335 2723 motum
1370 2684 1398 2721 a
1471 2668 1655 2725 Persis
1721 2672 1999 2741 pulverem
2062 2672 2268 2728 intueri
2321 2674 2678 2739 verebantur,
2725 2673 3231 2742 impraesentiarum
3294 2670 3469 2728 deﬁxa
3516 2680 3574 2728 et
3622 2673 3732 2727 im-

468 2774 617 2820 mota
644 2779 834 2821 eorum
866 2763 1100 2818 tentoria
1125 2763 1420 2833 depraedati
1448 2773 1599 2820 sunt.
1633 2764 1791 2831 Quis,
1814 2766 2010 2821 amabo
2051 2766 2247 2825 Persas
2278 2776 2493 2841 gentem
2522 2768 2692 2824 armis
2729 2769 2991 2824 invictam
3048 2778 3204 2838 terga
3270 2764 3534 2821 Romanis
3585 2767 3732 2822 dare

468 2871 715 2929 unquam
747 2857 1066 2930 sperasset?
1103 2857 1403 2928 Imperator
1477 2866 1660 2913 autem
1725 2859 1921 2915 relicto
1986 2862 2253 2931 exercitu,
2324 2844 2573 2933 duceque
2602 2861 2652 2916 ei
2699 2858 3019 2932 praeposito,
3075 2859 3179 2916 sub
3231 2856 3394 2929 cujus
3443 2872 3579 2913 cura
3635 2858 3731 2913 bi-

467 2951 639 3007 berna
664 2950 720 3005 iu
758 2952 1014 3008 Armenia
1042 2953 1391 3024 transigeret,
1424 2952 1748 3025 Byzantium
1784 2970 2040 3012 reversus
2077 2966 2187 3013 est.

540 3041 656 3098 Hoc
682 3059 825 3101 anno
847 3043 1053 3101 Mamed
1086 3062 1301 3102 ameras
1336 3047 1511 3115 primo
1545 3047 1791 3118 conspici
1824 3049 1990 3118 coepit
2028 3065 2044 3104 :

475 3136 641 3195 annis
671 3152 866 3192 novem
900 3139 1171 3210 regnavit,
1204 3154 1233 3193 a
1271 3138 1484 3194 collata:
1520 3137 1773 3197 Heraclio
1828 3142 2044 3211 imperii

472 3231 767 3301 potestatis
796 3246 941 3287 anno
972 3231 1187 3287 decimo
1218 3232 1405 3288 tertio.

544 3322 613 3378 Α.
646 3318 710 3376 C.
742 3320 1059 3377 6H.—-Hoc
1087 3338 1232 3377 anno
1258 3322 1463 3379 mensis
1500 3322 1676 3379 Martii
1716 3324 1805 3381 die
1830 3324 2045 3383 decimo

474 3414 672 3485 quinto
698 3412 999 3470 indictione
1023 3413 1312 3471 undecima
1345 3417 1567 3472 solvens
1587 3417 1656 3472 ab
1684 3417 1821 3473 urbe
1858 3420 2046 3486 regina

475 3502 782 3576 imperator
812 3505 1028 3577 magnis
1057 3505 1348 3561 itineribus
1377 3506 1433 3561 in
1462 3506 1781 3564 Armeniam
1814 3518 2043 3567 conten-

474 3595 575 3652 dit.
612 3594 905 3652 Persarum
932 3610 1065 3653 vero
1112 3612 1207 3653 rex
1240 3595 1517 3653 Cbosroes
1549 3596 1932 3655 Sarbanazam
1976 3601 2043 3656 ad

475 3690 612 3745 ﬁnes
635 3688 796 3761 257
825 3687 1197 3746 Romanorum
1231 3689 1569 3747 invadendos
1620 3692 1908 3749 submisit.
1930 3692 2043 3750 Ile-

474 3781 679 3839 raclius
710 3793 890 3840 autem
924 3781 1124 3840 litteris
1155 3780 1485 3839 Cbrosroem
1534 3784 1748 3839 monuit
1770 3823 1785 3849 ,
1814 3792 1910 3840 aut
1946 3799 2048 3857 pa-

2215 3048 2406 3120 Τούτῳ
2421 3049 2469 3081 ⁸⁸
2497 3047 2575 3119 τῷ
2604 3046 2713 3103 [est
2743 3044 2942 3117 Μάμιδ
2968 3044 3141 3117 ἐφάνη
3165 3043 3278 3117 (56)
3295 3044 3517 3117 ἁμηρᾶς
3536 3043 3633 3116 ἔτη
3656 3044 3729 3114 θ’,

2148 3141 2216 3213 ιγ’
2240 3144 2360 3209 ἔτος
2396 3140 2719 3215 Ἡράκλειος
2748 3138 2990 3208 ἐξουσία.

2221 3323 2289 3379 Α.
2324 3322 2395 3379 II.
2426 3323 2588 3380 (illi.
2611 3321 2894 3392 -Τούτφ
2923 3316 3003 3391 τῷ
3052 3316 3165 3371 ἔτει
3197 3316 3327 3389 μηνὶ
3356 3314 3588 3386 Μαρτίῳ
3641 3313 3731 3380 ιε’,

2155 3416 2448 3473 ἱνδικτιῶνι
2482 3423 2572 3485 ια’,
2623 3416 2844 3488 ἀπάρας
2884 3415 2912 3469 ὁ
2962 3410 3219 3483 βασιλεὺς
3252 3408 3575 3481 Ἡράκλειος
3618 3407 3735 3463 ἀπὺ

2150 3512 2250 3582 τῆς
2280 3509 2551 3583 βασιλίδος
2574 3509 2714 3563 κατὰ
2742 3508 2907 3578 τάχος
2926 3503 3156 3575 ἀφίκετο
3181 3499 3571 3573 εῐςἊρμενῑαν
3587 3499 3727 3571 (57).

2154 3603 2406 3675 Χοσρόης
2430 3601 2487 3656 δὲ
2518 3603 2549 3656 ὁ
2572 3600 2677 3655 τῶν
2715 3596 2940 3670 Περσῶν
2981 3594 3233 3667 βασιλεὺς
3278 3591 3598 3648 ἀπέστειλεν
3633 3590 3732 3646 τὸν

2154 3691 2510 3766 Σαρόαναζᾶν
2538 3693 2635 3747 σὺν
2662 3690 2742 3763 τῷ
2763 3685 2959 3744 ἑαυτοῦ
2993 3684 3212 3757 στρατῷ
3235 3681 3509 3737 εἰσϐαλεῖν
3525 3682 3607 3745 εἰς
3624 3680 3731 3751 τὴν

2151 3787 2263 3842 τῶν
2322 3785 2612 3859 Ῥωμαίων
2664 3783 2789 3854 γῆν.
2820 3778 3147 3852 Ἡράκλειος
3196 3776 3254 3831 δὲ
3303 3773 3543 3847 ἔτραφεν
3591 3774 3731 3845 πρὸς

1759 3902 1988 3960 νΑΒιΕ
2024 3903 2432 3963 LECTIONES.

544 3992 909 4070 i‘iévé6anev
951 3994 1041 4070 ΔΙχ
1082 3995 1442 4070 ἐμϐάλλοντες
1481 3999 1631 4070 vnlg.

1732 3999 1775 4030 "
1798 3999 1988 4072 αὑτοῦ]
2015 4000 2214 4072 αὐτοὺς
2235 4001 2380 4071 vulg.
2456 4000 2503 4034 "
2529 3996 2938 4072 ἑσκηροόᾀτουν
2968 4011 3021 4059 a,
3051 3989 3346 4072 teqpoG._l',
3372 3988 3504 4071 fort.
3535 3986 3735 4072 ισκλῃ-

477 4063 757 4152 ροδατουν.
797 4066 877 4152 ηιξ
905 4060 1359 4152 αὐτιῖξνγαρτοῦβι
1391 4060 1433 4123 l'.
1505 4068 1554 4101 ”
1574 4060 1749 4142 ἷούτῳ
1778 4101 1932 4111 -—-—-
1954 4060 2207 4143 ἕξουσίαῖ
2248 4060 2363 4128 haec
2400 4081 2529 4128 nota
2556 4060 2894 4152 non'legitur
2925 4068 2981 4123 in
3014 4080 3046 4120 a
3074 4080 3105 4121 e
3125 4060 3169 4132 ;“’
3200 4062 3295 4120 sed
3328 4060 3550 4117 omnino
3579 4061 3735 4118 scri-

473 4135 707 4192 bendum
734 4150 751 4190 :
797 4133 1114 4208 Ἡρακλείοῦ
1144 4137 1383 4204 ἐξουσία.

1773 4230 1915 4289 JAC.
1955 4230 2167 4289 GOARI
2200 4231 2434 4288 NOTAE.

549 4324 663 4397 (55)
711 4324 1205 4403 Mereban_tur,_ai_t
1248 4327 1572 4403 Anastasius
1610 4341 1624 4381 :
1682 4332 1798 4386 vult
1840 4331 2043 4403 quippe

476 4397 760 4453 Romanos
790 4399 865 4454 ibi
891 4400 1074 4454 sedem
1108 4399 1386 4455 habuisse.

546 4467 662 4552 (5‘5)
702 4469 1063 4552 geleberima:
1090 4470 1695 4552 apndnhlahumetanos
1744 4488 1936 4552 omnes
1976 4488 2041 4526 ac

473 4534 1205 4612 Orientalisplagarincolas
1236 4539 1446 4612 Hegirae
1478 4544 1579 4598 hoc
1604 4552 1689 4599 est
1722 4544 2037 4605 exordium,

473 4626 587 4679 quo
623 4610 1103 4685 pseutloprnpheta
1156 4610 1431 4685 innovatis
1474 4614 1786 4685 religionis,
1836 4616 2041 4685 prioris

476 4685 705 4755 deserta:
734 4696 882 4755 reus,
910 4681 1089 4750 fugam
1130 4683 1421 4755 arripiens,
1452 4681 1646 4752 divini,
1677 4681 2038 4755 quod'aiunt,

476 4753 660 4805 cultus
686 4753 850 4826 positi
888 4766 1060 4826 annos
1098 4768 1161 4808 ac
1184 4753 1527 4809 durationcm
1558 4753 1772 4811 emctiri
1804 4759 2042 4826 posteris

477 4823 887 4894 superstitionis
930 4822 1169 4878 inductae
1219 4826 1547 4894 sequacibus
1598 4822 1823 4882 causam
1868 4827 2039 4883 dedit.

477 4891 615 4958 Hoc,
648 4893 889 4966 inquam,
912 4909 1057 4966 anno
1084 4891 1393 4965 portentum
1426 4896 1556 4951 illud
1585 4899 1877 4952 exitiosum
1912 4894 2044 4966 ἐφά-

476 4980 569 5039 ντλ,
612 4963 760 5039 et_in
793 4963 1311 5039 liominum'mentes
1342 4966 1611 5039 dominari
1659 4968 1861 5036 cwpit;
1898 4963 2045 5039 ἁμη-

480 5034 581 5107 ρᾶς
609 5034 755 5107 enim
786 5038 1143 5107 princepsest
1166 5045 1220 5090 et
1253 5035 1527 5107 dominus,
1558 5048 1612 5092 et
1635 5055 1699 5093 ex
1748 5034 1890 5094 falso
1934 5034 2044 5093 ritu

477 5104 840 5177 mendacique
869 5106 1119 5161 doctrina
1150 5108 1341 5161 doctor
1375 5108 1467 5162 ille
1509 5106 1765 5163 falsarius
1805 5118 2046 5177 potesta-

478 5184 591 5231 tem
624 5174 968 5249 inpsubditos
1001 5178 1233 5247 accepit,
1280 5193 1445 5248 quam
1490 5180 1607 5249 ipse
1650 5174 1841 5235 novem
1884 5181 2046 5236 annis

477 5247 745 5303 exercuit.
778 5246 914 5301 Cum
949 5263 1078 5303 vero
1110 5246 1156 5304 is
1190 5246 1337 5304 esset
1372 5246 1606 5305 Ilcraclii
1650 5250 1899 5305 decimus
1932 5260 2046 5303 ter-

478 5320 626 5380 tius,
675 5319 741 5371 ad
796 5333 998 5373 annum
1055 5330 1413 5389 sequentem,
1455 5330 1511 5377 et
1556 5322 1675 5390 ejus
1720 5322 2046 5377 laterculum

479 5396 804 5460 praesentem
830 5389 1094 5458 epocham
1124 5390 1355 5446 attinere
1386 5399 1533 5445 recta
1565 5389 1872 5460 temporum
1907 5392 2048 5446 ratio

479 5457 680 5529 arguit.
715 5457 993 5514 Videndus
1028 5461 1096 5516 de
1145 5461 1230 5516 liis
1267 5462 1519 5517 Petavius
1561 5457 1745 5518 libfn
1787 5462 1858 5516 De
1903 5464 2044 5517 doct.

481 5540 669 5596 temp.,
696 5530 965 5603 capitibus
994 5531 1202 5600 aliquot
1231 5547 1261 5586 a
1288 5534 1769 5603 quinquagesimo,
1801 5543 1855 5588 et
1886 5533 1979 5589 lib.
2006 5549 2047 5597 t,

480 5616 606 5675 cap.
632 5601 800 5675 etiam
829 5603 1298 5675 quinquagesimo.
1328 5601 1612 5675 Legendus
1635 5619 1851 5675 quoque
1880 5604 2051 5675 libra-

481 5669 610 5745 Itam
630 5669 999 5745 Eccltellensis
1020 5669 1610 5729 tic'iloslatnanicorum
1640 5669 1867 5745 imperio
1879 5673 2051 5745 Theo:

485 5740 651 5810 phani
697 5745 1067 5800 consentiens.
1095 5746 1271 5811 Quam
1304 5747 1466 5816 varie
1533 5740 1733 5816 porro'
1758 5743 2047 5803 Mahometi

483 5826 683 5869 nomen
714 5816 1005 5885 scribatur,
1028 5815 1346 5872 observabis
1372 5815 1682 5889 pagg.’:!58,
1707 5816 1833 5871 265.

2224 4332 2338 4401 (57)
2375 4332 2420 4385 A
2466 4328 2779 4401 Niceplioro
2828 4328 3073 4401 narratis
3124 4325 3574 4401 ad_annum‘625
3616 4326 3730 4381 hare

2151 4396 2510 4473 adjungenda
2547 4396 2675 4473 :_'ut
2726 4398 2985 4473 nimirum
3033 4397 3318 4473 Heraelius
3375 4396 3551 4473 primo
3610 4413 3731 4473 vere

2150 4467 2421 4545 legatione
2449 4471 2517 4527 ad
2548 4469 2763 4545 Turcos
2793 4471 3091 4545 destinata,
3120 4468 3255 4545 belli
3288 4470 3471 4523 socios
3504 4467 3725 4545 eo_sdem

2072 4518 2119 4575 Β
2464 4518 2518 4599 οἶ
2539 4543 2609 4620 ab
2630 4557 2822 4620 eorum
2854 4518 3406 4620 regione'digressus‘,
3436 4553 3533 4620 per
3558 4536 3731 4620 Laxos

2144 4625 2200 4671 et
2238 4608 2511 4669 Armenes
2568 4611 2622 4667 in
2678 4608 2956 4667 Persidem
3014 4608 3297 4679 irruperit.
3353 4608 3528 4679 Cuius
3562 4608 3731 4679 armis

2145 4688 2417 4742 Chosroes
2475 4684 2740 4746 territus,
2801 4678 3190 4749 Sarbarazam,
3248 4680 3342 4749 qui
3411 4678 3729 4749 Theophani

2145 4770 2567 4825 nonnunquam,
2586 4752 2895 4825 Nicepltoro
2914 4767 3135 4822 semper
3156 4748 3449 4825 Sarltarus,
3475 4748 3731 4825 Heraclio

2144 4821 2534 4898 opponendum
2561 4821 3326 4898 ratus_'(sua_nar_nquetueri,
3354 4837 3517 4898 quam
3551 4821 3729 4874 aliena

2146 4891 2341 4969 rapere
2362 4897 2551 4971 satius
2581 4891 2893 4971 videbatur)
2924 4891 3117 4971 missis
3150 4891 3539 4971 litteris‘adnse
3574 4906 3732 4971 revo-

2146 4959 2238 5025 ca't
2267 4988 2283 5025 :
2322 4969 2464 5023 idem
2496 4965 2846 5037 pnsttnodum
2875 4959 3034 5037 "anno
3060 4962 3305 5019 Heraclii
3343 4961 3410 5017 lli
3439 4959 3550 5037 GP.
3581 4961 3729 5016 obsi-

2147 5042 2310 5096 dione
2326 5030 2525 5102 soluta',
2538 5037 2939 5092 Clialcedonem
2959 5035 3155 5090 iterum
3181 5048 3434 5090 reversus
3446 5047 3475 5083 a
3489 5030 3731 5102 Chosroe

2150 5126 2344 5167 rursus
2397 5101 2723 5165 accersitur.
2777 5105 2984 5161 Verum
3046 5104 3354 5166 Heraclius,
3410 5101 3730 5172 interceptis

2150 5180 2410 5237 Chosrois
2442 5179 2664 5241 litteris,
2697 5176 2854 5231 ﬁctas
2899 5177 3038 5232 alias
3069 5175 3331 5246 supponit
3362 5171 3430 5226 ad
3464 5170 3730 5227 Sarbara-

2151 5268 2292 5318 zam,
2320 5266 2385 5306 ac
2409 5265 2477 5306 ne
2502 5250 2647 5306 vires
2668 5249 2959 5318 Persarum
2984 5261 3175 5300 omnes
3197 5246 3253 5318 in
3279 5260 3338 5300 se
3362 5249 3727 5318 converteret,

2149 5313 2453 5378 Chosroem
2502 5320 2675 5376 solum
2735 5317 2899 5393 facile
2950 5316 3325 5393 superandum
3369 5322 3548 5374 ratus,
3577 5313 3723 5393 Jejus

2152 5393 2375 5449 nomine
2422 5392 2772 5447 Sarbarazan
2797 5387 2954 5457 jubet
2980 5385 3264 5442 Romanos
3297 5386 3429 5457 lines
3464 5385 3729 5457 continuo

2153 5474 2328 5520 marte
2358 5461 2643 5519 infestare.
2667 5453 2838 5515 Fictis
2868 5458 3023 5514 hisce
3045 5458 3245 5512 litteris
3275 5460 3342 5512 ad
3370 5453 3727 5509 Sarbarazam

2152 5535 2369 5599 delatis,
2423 5547 2601 5604 eoque
2654 5529 2923 5604 Bithynia
2969 5525 3724 5604 _agros__bello___lacessente,

2154 5594 2800 5675 Persia'qnatiuaversus
2826 5594 3105 5675 victricem
3152 5596 3388 5675 lleraelii
3452 5594 3723 5675 [ortunam

2155 5664 2418 5740 reverita:
2445 5664 2569 5744 ejus
2616 5671 2783 5727 armis
2817 5670 3229 5744 sulijiciebatur.
3268 5668 3431 5725 Plura
3460 5664 3721 5722 Petavius

2156 5747 2211 5803 in
2239 5741 2628 5820 Nicephorum,
2664 5757 2784 5815 pag.
2814 5741 2902 5796 68.
