3996 6292
228 359 320 432 ill

1528 355 1884 419 CHRONOG
1894 357 2200 420 RAPHIA.

3390 364 3496 430 642

246 476 493 550 Χοσρόην,
528 476 564 547 ἢ
601 474 706 548 τὴν
743 476 969 548 εἰρήνην
1001 472 1379 539 ἀσπάσασθαι,
1417 472 1451 544 ἦ
1497 472 1693 526 ἑαυτὸν
1731 473 1814 535 εἰς

1927 489 2034 528 cem
2063 473 2510 545 amplecteretur.
2546 485 2642 531 aut
2684 486 2835 534 certe
2877 494 3042 551 quam
3070 482 3237 540 citius
3270 483 3324 540 in
3357 484 3491 543 Per-

247 572 325 641 τὴν
350 568 593 641 Περσίδα
621 571 723 625 σὺν
750 568 830 640 τῷ
863 567 1059 624 ἑαυτοῦ
1092 566 1311 640 στρατῷ
1335 566 1632 624 εἰσϐαλεῖν.
1676 565 1734 618 '0
1763 565 1820 618 δὲ

246 662 480 734 Χοσρόης
516 658 646 715 οὔτε
687 660 788 733 τὴν
822 660 1047 733 εἰρήνην
1078 661 1379 731 ἠσπάζετο,
1431 657 1555 712 οὔτε
1611 674 1666 711 τι
1709 656 1821 711 τῶν

247 756 408 825 λόγων
438 756 631 825 ἠγεῖτο
648 754 719 819 ⁵⁸,
768 755 852 807 ὅτι
890 752 1212 825 Ἡράκλειος
1262 751 1547 829 τολμᾷτῇ
1595 748 1819 822 Περσίδι

247 847 637 919 πλησιάσαι.ὐ
660 845 719 900 δὲ
749 845 1001 917 βασιλεὺς
1026 848 1093 918 τῇ
1125 847 1346 916 είκοστῇ
1379 842 1475 897 τοῦ
1502 842 1818 914 Ἀπριλλίου

249 939 407 1011 μηνὸς
422 940 471 971 ⁸⁸
487 938 772 991 εἰσέϐαλεν
801 939 881 1001 είς
908 937 1009 1008 τὴν
1041 935 1299 1007 Περσίδα,
1320 937 1415 990 καὶ
1448 935 1636 1006 μαθὼν
1660 933 1821 989 τοῦτο

246 1031 485 1102 Χοσρόης
520 1029 613 1083 τδν
654 1027 1016 1101 Σαρϐαραζᾶν
1058 1028 1452 1100 ὑποστρέψαι⁸⁷
1503 1026 1816 1082 ἐκέλευσεν·

248 1126 332 1178 καὶ
369 1122 713 1189 ἑπισυνάξας
764 1124 829 1177 ἐκ
856 1123 1041 1193 πάσης
1070 1123 1169 1194 τῆς
1215 1124 1479 1196 Περσίδος
1517 1124 1587 1177 τὰ
1621 1122 1816 1177 ἑαυτοῦ

248 1215 655 1285 στρατεύματα,
689 1215 783 1268 καὶ
826 1213 1103 1286 παραδοὺς
1134 1213 1274 1268 αὐτὰ
1316 1214 1395 1285 τῷ
1438 1214 1583 1285 Σάην
1598 1214 1645 1246 ⁸⁸
1680 1215 1821 1269 κατὰ

276 1310 406 1379 ﬁxo;
444 1306 718 1378 ξενωθῆναι
748 1307 891 1362 αὐτὰ
932 1308 1008 1377 τῷ
1037 1306 1401 1377 Σαρὸαραζᾶν
1448 1305 1783 1378 προσέταξεν
1804 1321 1818 1335 ·

248 1404 329 1455 καὶ
386 1400 534 1455 οὕτω
576 1402 829 1472 χωρῆσαι
861 1400 1004 1455 κατὰ
1035 1400 1130 1454 τοῦ
1165 1399 1454 1471 βασιλέως.
1499 1399 1821 1470 Ἡράκλειος

246 1495 296 1548 δὲ
340 1493 867 1565 προσκαλεσάμενος
912 1494 972 1549 τὸ
1004 1494 1200 1548 ἑαυτοῦ
1250 1494 1590 1566 στράτευμα,
1644 1494 1823 1563 λόγοις

248 1586 653 1657 παραινετικοῖς
709 1586 982 1659 διήγειρεν
1033 1586 1251 1649 αὐτοὺς,
1312 1586 1527 1655 λέγων·
1557 1587 1820 1655 Ἄνδρες,

246 1679 499 1747 ἀδελφοί
549 1696 696 1747 μου,
751 1678 1027 1748 λάϐωμεν
1058 1681 1145 1745 είς
1186 1678 1342 1734 νοῦν
1383 1680 1492 1733 τὸν
1524 1677 1633 1733 τοῦ
1673 1679 1823 1735 Θεοῦ

246 1771 453 1841 φόϐον,
477 1771 579 1825 καί
606 1770 1034 1841 ἀγωνισώμεθα
1061 1770 1177 1838 τὴν
1202 1770 1309 1827 τοῦ
1346 1773 1495 1827 Θεοῦ
1523 1772 1695 1841 ὕϐριν
1725 1772 1824 1825 ἐκ·

247 1862 577 1932 arteriam".
638 1864 880 1934 Στῶμεν
913 1864 1203 1934 γενναίως
1254 1864 1382 1919 κατ’
1418 1865 1650 1933 ἐχθρῶν
1704 1864 1823 1920 τῶν

248 1959 447 2011 πολλὰ
477 1956 648 2012 δεινὰ
664 1958 1045 2025 Χριστωνοῖς
1059 1957 1501 2028 ἐργασαμένων.
1527 1958 1823 2015 Αίδεσθῶ-

244 2065 351 2120 μεν
404 2049 472 2104 τὸ
505 2046 627 2103 τῶν
673 2050 966 2119 Ῥωμαίων
1017 2049 1362 2105 ἀδέσποτον
1417 2052 1671 2120 κράτος,
1725 2053 1822 2107 καί

248 2140 484 2211 στῶμεν
546 2140 678 2195 κατ’
736 2140 969 2212 ἐχθρῶν
1029 2139 1344 2209 δυσσεϐῶς
1402 2141 1822 2214 ὡπλισμένων.

246 2234 532 2304 Δάϐωμεν
564 2235 777 2289 πίστιν
805 2234 925 2289 τῶν
952 2235 1158 2304 φόνων
1178 2237 1222 2268 ⁶⁰
1245 2237 1625 2307 φονεύτριαν.
1653 2239 1823 2294 Ἀναο

245 2327 622 2399 λογισώμεθα
680 2328 773 2383 ὅτι
827 2328 1010 2383 ἔνδον
1038 2329 1231 2399 ἐσμὲν
1269 2330 1380 2398 τῆς
1407 2330 1529 2384 τῶν
1575 2332 1827 2397 Περσῶν

246 2420 375 2491 τῆς.
411 2422 510 2476 καί
529 2421 803 2492 μετάλον
822 2422 1114 2477 κίνδυνον
1140 2423 1179 2491 ἠ
1212 2421 1377 2494 φυγὴ
1407 2423 1592 2493 φέρει.
1635 2423 1827 2479 Ἔκδι-

249 2514 535 2583 κήσωμεν
562 2514 674 2582 τὰς
714 2515 939 2584 φθορὰς
966 2515 1086 2569 τῶν
1111 2514 1448 2584 παρθένων,
1491 2514 1565 2570 τὰ
1619 2532 1827 2586 τετμη-

243 2605 398 2675 μένα
416 2604 575 2675 μέλη
614 2604 733 2660 τῶν
759 2606 1139 2674 στρατιωτῶν
1161 2604 1437 2677 ὁρῶντες,
1466 2606 1828 2677 πονήσωμεν

248 2699 351 2765 τὰς
396 2698 673 2767 καρδίας.
739 2700 863 2753 οὐκ
907 2700 1081 2754 ἐστιν
1116 2702 1149 2755 d
1211 2699 1499 2766 κίνδυνος
1550 2698 1823 2769 ἄμισθος,

247 2791 407 2847 ἀλλὰ
436 2791 550 2862 τῆς
598 2792 843 2848 αίωνίου
871 2792 1059 2860 δόξης
1086 2792 1400 2860 πρόξενος.
1443 2791 1681 2863 Στῶμεν
1716 2795 1825 2849 ἀν-

248 2883 478 2951 δρείως,
521 2883 624 2939 καί
660 2887 872 2956 Κύριος
894 2888 926 2939 ὁ
950 2885 1093 2952 Θεὸς
1130 2886 1496 2956 συνεργήσει
1524 2886 1700 2957 ἡμᾶς,
1726 2887 1825 2941 καί

250 2975 453 3032 ὀλέσει
493 2978 641 3045 τοὺς
675 2977 929 3048 ἐχθροὺς
964 2977 1156 3047 ήμῶν.
1210 2978 1396 3033 Ταῦτα
1446 2978 1503 3033 δὲ
1548 2979 1642 3032 καὶ
1692 2978 1827 3034 ἄλλα

250 3068 341 3122 τοῦ
394 3070 669 3140 βασιλέως
723 3071 1156 3143 παραινέσαντος
1207 3071 1285 3141 τῷ
1340 3069 1476 3142 λαῷ,
1551 3072 1827 3143 ἀπεκρίθη

1921 562 2093 621 sidem
2142 566 2482 635 irrupturum
2536 582 2595 623 se
2629 569 3060 639 praestolaretur.
3094 573 3164 628 At
3213 575 3492 633 Cbosroes

1922 671 2097 728 neque
2126 659 2281 728 pacis
2320 673 2605 716 sermones
2660 662 2904 727 admisit,
2954 674 3007 719 et
3032 662 3274 722 Heraclii
3314 669 3494 727 minus

1920 763 2020 818 pro
2074 748 2249 805 nihilo
2300 748 2584 805 habendas
2634 750 2813 817 duxit,
2858 753 2951 821 qui
2998 769 3121 809 eum
3153 754 3207 809 in
3243 753 3491 812 Persium

1920 840 2150 913 propius
2226 841 2489 897 accedere
2520 858 2625 898 non
2659 857 2922 899 ausurum
2950 856 3218 916 speraret.
3252 847 3491 919 Impera-

1920 942 2008 989 tor
2034 936 2222 1005 itaque
2276 936 2480 995 mensis
2508 935 2716 1005 Aprilis
2741 936 2832 992 die
2865 937 3127 1008 vigesimo
3157 941 3211 994 in
3245 939 3489 998 Pet-siam

1920 1027 2283 1097 irruptionem
2342 1029 2695 1101 fecit:quod
2756 1032 2847 1088 ubi
2898 1034 3128 1090 rescivit
3192 1035 3491 1099 Cbosroes,

1923 1122 2283 1177 Sarbarazam
2310 1132 2552 1187 revocat,
2592 1132 2645 1180 et
2678 1124 2926 1183 collectis
2969 1142 3035 1182 ex
3068 1128 3326 1185 universa
3362 1128 3494 1184 Per-

1922 1216 2039 1273 side
2067 1218 2263 1288 cepiis,
2296 1216 2472 1288 iisque
2501 1217 2591 1272 Sai
2620 1217 2745 1274 duci
2773 1220 3110 1287 commissis,
3138 1237 3302 1292 quam
3328 1223 3493 1279 citius

1924 1310 2245 1366 Sarbarazaa
2272 1310 2594 1382 adiungeret
2628 1328 2707 1376 se,
2756 1322 2814 1367 ut
2846 1313 3053 1369 viribus
3094 1315 3265 1372 unitis
3295 1316 3351 1370 in
3391 1316 3496 1371 im-

1923 1413 2230 1476 peratorcm
2261 1404 2740 1475 progrederemur,
2775 1406 2961 1461 edixit.
2994 1406 3276 1464 lleraclius
3312 1418 3493 1465 autem

1923 1505 2118 1552 vocato
2141 1497 2208 1552 ad
2239 1497 2625 1553 allocutionem
2650 1500 2921 1563 exercitu,
2951 1500 3139 1557 verbis
3167 1500 3233 1556 ad
3259 1500 3497 1556 suaden—

1924 1587 2051 1641 dum
2089 1587 2234 1658 aptis
2287 1586 2504 1641 animos
2557 1602 2747 1643 eorum
2784 1588 3168 1645 excitaturus:
3211 1590 3343 1659 Viri,
3377 1591 3495 1661 fra-

1927 1691 2051 1742 tres.
2088 1681 2286 1751 inquit,
2322 1679 2423 1735 Dei
2455 1681 2698 1735 timorem
2736 1681 2793 1735 in
2826 1682 3063 1737 animum
3090 1682 3496 1752 inducantus,ct

1925 1775 2039 1844 ejus
2090 1773 2318 1843 injurias
2357 1772 2546 1828 ulcisci
2597 1774 2997 1831 contendamus.
3065 1774 3276 1831 Stemus
3317 1780 3496 1832 animo

1926 1866 2055 1935 farti
2088 1865 2142 1919 in
2171 1866 2368 1930 hostes,
2404 1880 2436 1918 a
2463 1863 2651 1935 quibus
2678 1864 2943 1935 hucusque
2971 1863 3266 1920 Christiani
3298 1874 3371 1920 tot
3393 1866 3496 1920 ad—

1925 1973 2075 2011 uersa
2103 1957 2358 2027 perpessi.
2386 1955 2612 2010 Romani
2647 1957 2855 2027 imperii
2881 1955 3213 2027 majestatem
3236 1957 3499 2024 hucusque

1925 2050 2239 2105 indomitam
2274 2048 2532 2104 Barburis
2563 2049 2899 2105 succumbere
2944 2052 3139 2117 pudeat
3179 2065 3296 2117 nos,
3324 2060 3373 2105 et
3399 2050 3497 2104 Ito-

1924 2142 2096 2198 stibus
2135 2159 2287 2197 arma
2319 2143 2484 2213 impia
2523 2142 2881 2198 tractantibus
2912 2142 3165 2197 inuictum
3191 2152 3372 2211 pectus
3407 2159 3500 2212 op-

1924 2250 2204 2305 ponamus.
2231 2234 2359 2290 Fide
2393 2235 2581 2290 mortis
2615 2251 2678 2289 ac
2698 2243 2869 2289 metus
2894 2235 3067 2289 omnis
3096 2234 3500 2304 triumphatrice

1926 2329 2289 2401 accingamur.
2336 2327 2403 2383 In
2457 2327 2692 2384 Persica:
2740 2328 2962 2385 ditionis
2991 2329 3289 2384 meditullio
3320 2330 3496 2384 consi-

1926 2432 2065 2478 stere
2089 2439 2183 2477 nos
2220 2422 2652 2491 contemplemur,
2679 2431 2729 2477 et
2756 2432 3011 2492 quantum
3043 2423 3340 2488 periculum
3372 2423 3499 2492 fuga

1927 2533 2105 2572 secum
2132 2517 2301 2572 vehat.
2335 2514 2626 2585 Corruptus
2651 2516 2877 2587 uirgines
2912 2524 3126 2570 nostras
3151 2514 3500 2570 ulciscamur:

1930 2611 2057 2665 uisis
2088 2610 2509 2665 commilitonum
2541 2620 2842 2665 nostrorum
2875 2608 3123 2664 membris
3171 2608 3304 2679 {inde
3344 2621 3499 2662 trun-

1928 2704 2087 2769 catis,
2120 2720 2222 2773 qua
2257 2701 2424 2770 decet,
2472 2701 2648 2757 cordis
2686 2702 3053 2770 compassione
3099 2717 3186 2755 eos
3219 2717 3504 2772 prosequa-

1930 2816 2068 2853 mur.
2112 2796 2417 2853 Periculum
2448 2796 2685 2851 mercede
2712 2793 2859 2849 Itaud
2890 2802 3064 2857 uacat,
3096 2794 3223 2864 quin
3253 2794 3501 2863 imoper—

1927 2900 2101 2961 petum
2146 2888 2332 2959 gloriae
2373 2904 2627 2943 coronam
2677 2895 3027 2958 promeretur.
3062 2882 3299 2939 Fortiter
3327 2885 3504 2954 itaque

1928 3000 2175 3055 geramus
2207 2999 2328 3045 nos,
2353 2980 2624 3052 suppetias
2647 2979 2799 3033 dabit
2821 2977 2989 3044 Deus,
3022 2986 3332 3047 nostrosque
3359 2975 3502 3031 dele—

1930 3078 2005 3131 bit
2034 3076 2300 3131 inimicos.
2320 3073 2420 3131 His
2450 3082 2507 3130 et
2535 3074 2659 3129 aliis
2692 3072 2966 3129 similibus
3002 3068 3320 3139 imperatori
3343 3084 3503 3125 exer-

250 3161 399 3232 αὗτῷ
428 3156 517 3225 εἷς
540 3161 682 3234 ὑπὲρ
712 3163 962 3217 πάντων·
994 3163 1315 3228 Ἡπλωσας
1351 3162 1522 3231 ἡμῶν
1556 3164 1665 3230 τὰς
1689 3179 1825 3232 καρ-

1931 3169 2077 3222 citus
2136 3167 2350 3221 animos
2401 3163 2747 3236 provocanti,
2790 3177 2935 3218 unus
2967 3176 2998 3218 e
3045 3160 3205 3216 turba
3250 3159 3499 3216 omnium

251 3252 404 3320 δίας,
435 3253 737 3316 Δέσποτα,
772 3254 840 3307 τὸ
882 3253 1001 3308 σὸν
1037 3254 1347 3320 πλατύνας
1378 3254 1447 3307 έν
1477 3256 1826 3323 παραινέσει

246 3349 465 3418 στόμα.
504 3346 778 3411 Ὠευναν
802 3348 859 3401 oi
885 3346 1057 3417 λόγοι
1084 3361 1202 3402 σου
1224 3345 1297 3401 τὰ
1320 3345 1466 3416 ξίφη
1497 3344 1687 3415 ἡμῶν,
1727 3348 1826 3401 καὶ

249 3442 499 3510 ἔμψυχα
536 3440 727 3495 ταῦτα
754 3439 1130 3509 εἰργάσαντο.
1150 3438 1582 3508 Ἆνεπτέρασας
1599 3437 1642 3470 ⁸⁸
1668 3438 1828 3510 ἡμᾶς

247 3532 342 3587 διὰ
363 3532 491 3587 τῶν
522 3533 743 3603 λόγων.
760 3533 1158 3602 Ἐρυθριωμεν
1184 3531 1256 3585 ἐν
1276 3530 1406 3598 ταῖς
1430 3531 1653 3601 μάχαις
1695 3548 1831 3599 atpo-

248 3621 476 3691 ἄγοντα
490 3622 536 3654 ⁸³
560 3619 735 3691 ἡμῶν
758 3637 834 3676 σε
862 3621 1137 3690 ὁρῶντες,
1168 3619 1266 3674 καί
1295 3619 1558 3689 ἑπόμεθα
1579 3621 1651 3675 έν
1677 3620 1831 3676 πᾶσι

246 3714 372 3781 τοῖς
398 3714 542 3781 σοῖς
576 3715 924 3784 κελεύμασι.
970 3713 1029 3768 Ὀ
1069 3713 1131 3767 δὲ
1175 3711 1427 3784 βασιλεὺς
1454 3711 1738 3768 ἀναλαϐὼν
1770 3711 1830 3766 τδ

250 3809 597 3880 στράτευμα,
634 3807 797 3871 εὐθὺς
824 3809 883 3861 ὲν
908 3809 973 3880 τῇ
1021 3806 1276 3879 ὲνδοτέρᾳ
1305 3807 1528 3878 Περσίδι
1558 3807 1829 3880 διεχώρη-

247 3918 363 3967 σεν,
398 3901 541 3972 πυρὶ
570 3901 934 3971 καταφλέγων
962 3900 1063 3964 τὰς
1115 3897 1303 3975 χώρας
1333 3900 1428 3954 καὶ
1469 3900 1571 3964 τὰς
1597 3898 1793 3969 κώμας
1811 3915 1827 3929 ·

247 3995 344 4047 καὶ
403 3993 626 4063 γίνεταί
658 4010 713 4046 τι
742 3991 927 4062 θαῦμα
957 3990 1204 4062 φοϐερόν.
1251 3990 1341 4045 Ἐν
1389 3990 1498 4063 γὰρ
1535 3993 1603 4062 τῇ
1640 3990 1826 4062 Θερινῇ

242 4090 428 4159 τροπῇ
473 4087 584 4158 ἀὴρ
613 4086 809 4155 γέγονε
853 4082 1147 4156 δροσώδης,
1202 4083 1548 4155 ψυχαγωγῶν
1580 4082 1672 4138 τὸν
1718 4083 1831 4137 τῶν

256 4178 554 4251 Ῥωμαίων
588 4179 840 4251 στρατὸν,
867 4178 1009 4233 ὥστε
1040 4177 1252 4246 ἀγαθὰς
1285 4177 1508 4241 ἐλπίδας
1541 4175 1832 4231 ἀναλαόεἴν

245 4272 477 4337 αὐτούς.
519 4271 787 4335 Ἀκούσας
819 4272 877 4326 δὲ
929 4270 1271 4343 Ἡράκλειος,
1325 4270 1409 4324 ὅτι
1467 4270 1717 4342 Χοσρὸης
1775 4271 1832 4323 ὲν

246 4366 488 4438 Γαζακῷ
517 4368 585 4437 τῇ
618 4364 772 4418 πόλει
802 4364 951 4419 ἐστὶν
1005 4365 1103 4418 σὺν
1133 4363 1547 4433 τεσσαράκοντα
1594 4361 1833 4434 χιλιάσιν

1925 3259 2046 3314 vice
2074 3257 2358 3328 respondit
2384 3273 2398 3310 :
2440 3255 2697 3311 Dilatasti
2724 3252 2920 3325 gaudio
2948 3251 3112 3306 corda
3145 3261 3355 3312 nostra.
3406 3251 3504 3305 do-

1924 3349 2087 3412 mine,
2127 3346 2219 3401 ubi
2265 3364 2324 3402 os
2363 3345 2433 3401 ad
2464 3346 2726 3401 orandum
2756 3353 2806 3399 et
2834 3341 3170 3398 suadendum
3210 3339 3498 3396 reclusisti.

1926 3441 2197 3495 Acuerunt
2225 3440 2434 3512 gladios
2461 3455 2727 3495 sermones
2759 3438 2859 3504 tui,
2887 3438 3122 3491 animum
3146 3436 3311 3509 etiam
3334 3435 3501 3488 armis

1928 3535 2126 3588 nostris
2151 3534 2357 3603 loquela
2384 3545 2477 3588 tua
2502 3532 2647 3601 fecit.
2691 3531 2822 3586 Alas
2853 3540 2993 3586 certe
3023 3530 3193 3586 verbis
3217 3528 3503 3583 addidisti.

1929 3622 2303 3678 Erubescimus
2335 3631 2543 3677 tantum
2572 3632 2619 3677 te
2649 3620 2937 3677 exercitum
2975 3618 3292 3689 procedere,
3337 3626 3386 3672 et
3414 3632 3504 3687 pe-

1929 3716 2120 3771 riculis
2154 3716 2317 3787 obiici
2345 3732 2364 3770 :
2401 3727 2454 3772 et
2481 3716 2543 3770 ob
2576 3717 2630 3769 id
2660 3716 2888 3770 maxime
2911 3715 3082 3785 jussis
3129 3715 3233 3767 tuis
3265 3710 3506 3767 omnibus

1928 3826 2133 3880 semper
2163 3809 2489 3880 parebimus.
2524 3808 2605 3864 lta
2633 3809 2931 3880 imperator
2977 3805 3223 3862 exercitu
3279 3801 3503 3863 educto,

1932 3905 1987 3960 in
2023 3903 2257 3960 mediam
2285 3902 2462 3973 ipsam
2488 3898 2769 3956 Persidem
2800 3898 3146 3955 velocissime
3176 3893 3504 3967 penetravit,

1930 4008 1983 4055 et
2013 3997 2204 4054 obvias
2233 4010 2482 4067 quasque
2532 3993 2699 4049 urbes
2732 3998 2786 4047 et
2821 3991 2973 4047 vicos
3019 3990 3145 4061 igne
3171 3988 3504 4046 devastavit.

1930 4090 2069 4147 Tum
2123 4103 2255 4145 vero
2310 4089 2583 4143 insuetum
2615 4088 2840 4141 omnino
2885 4092 2941 4139 et
2988 4083 3218 4139 horrore
3276 4079 3504 4151 dignum

1931 4182 2259 4238 miraculum
2292 4179 2410 4235 ﬁeri
2436 4179 2690 4247 contigit.
2711 4176 2870 4235 Circa
2901 4176 3150 4233 aestivam
3178 4176 3383 4247 quippe
3413 4190 3506 4234 50-

1932 4280 2001 4334 lis
2033 4275 2448 4351 conyersionem
2482 4273 2703 4329 roridns
2737 4287 2801 4327 ac
2832 4280 3171 4341 temperatus
3197 4284 3293 4325 aer
3321 4268 3510 4324 reddi-

1932 4379 2022 4425 tus
2050 4370 2189 4424 adeo
2214 4367 2523 4423 Romanum
2572 4364 2844 4421 recreavit
2881 4363 3213 4428 exercitum,
3245 4369 3306 4417 ut
3335 4377 3400 4418 ex
3438 4376 3506 4417 eo

243 4460 466 4531 ἀνδρῶν
496 4455 865 4529 πολεμιστῶν,
886 4455 1148 4529 ὥρμησεν
1181 4456 1304 4511 κατ’
1336 4456 1502 4511 αὐτοῦ
1526 4474 1541 4490 ο
1571 4457 1668 4511 καὶ
1701 4474 1825 4527 προ-

1936 4461 2117 4519 felicis
2164 4468 2398 4516 eventus
2451 4456 2699 4514 secuturi
2758 4455 2997 4511 faustam
3047 4469 3197 4525 spem
3248 4452 3505 4522 concipe-

242 4551 482 4621 πέμψας
527 4549 686 4614 τινάς
728 4549 840 4604 τῶν
884 4550 978 4603 ὑπ’
1012 4548 1181 4604 αὑτοῦ
1215 4548 1604 4622 Σαρακηνῶν⁶³
1639 4566 1834 4603 συνανε-

240 4645 378 4698 τῶσι
408 4646 484 4716 τῇ
520 4642 616 4698 τοῦ
654 4642 898 4712 Χοσρόου
917 4641 963 4674 ⁸⁸
1008 4641 1190 4714 βίγλᾳ,
1223 4642 1316 4697 καὶ
1342 4640 1551 4701 τούτων
1576 4642 1701 4706 τοὺς
1733 4643 1833 4712 μὲν

243 4738 467 4792 ἀνεῖλον
486 4737 557 4801 ⁸³,
585 4738 715 4801 τοὺς
752 4737 811 4791 δὲ
864 4735 1198 4808 πεδήσαντες
1257 4735 1355 4789 σὺν
1411 4733 1492 4806 τῷ
1540 4732 1834 4805 στρατηγῷ

241 4830 435 4886 αὐτῶν
470 4828 549 4903 τῷ
582 4829 796 4901 βασιλεῖ
832 4828 1238 4900 προσήνεγκαν.
1262 4818 1435 4881 Τοῦτο
1466 4824 1652 4897 μαθὼν
1684 4825 1832 4879 Χοσ-

246 4924 382 4994 ρόης
442 4921 772 4978 καταλιπὼν
800 4919 901 4992 τὴν
930 4918 1086 4974 πόλιν
1104 4919 1201 4975 καὶ
1229 4918 1292 4974 τὸ
1320 4919 1658 4992 στράτευμα,
1679 4918 1827 4990 φυγῇ

241 5019 547 5089 ἐχρήσατο.
584 5016 646 5070 '0
698 5013 756 5069 δὲ
796 5012 1118 5084 Ἡράκλειος
1167 5010 1483 5081 ἐπιδιώξας,
1538 5013 1667 5077 τοὺς
1728 5010 1831 5082 μὲν

242 5109 468 5177 φθάσας
499 5107 729 5173 ἀνεῖλεν,
768 5108 818 5160 oi
842 5106 899 5161 δὲ
929 5105 1106 5159 λοιποὶ
1135 5104 1401 5175 φυγόντες
1439 5100 1828 5173 διεσκεδάσθη-

244 5219 377 5256 σαν
421 5201 528 5257 καὶ
569 5197 896 5256 καταλαϐὼν
934 5200 964 5253 δ
998 5196 1253 5270 βασιλεὺς
1281 5193 1645 5266 τὴνΓαζακῶ
1676 5193 1830 5248 πόλιν

241 5297 299 5349 ὲν
328 5298 401 5366 τῇ
438 5293 730 5365 ’Δνατολῇ,
758 5292 817 5345 ἒν
910 5290 1155 5362 ὑπῆρχεν
1186 5291 1215 5344 δ
1246 5288 1375 5352 ναὸς
1405 5287 1498 5342 τοῦ
1530 5285 1710 5358 Πυρδς
1735 5286 1832 5339 καὶ

242 5387 307 5441 τὰ
334 5386 609 5461 χρήματα
645 5384 885 5458 Κροίσου
936 5383 1032 5438 τοῦ
1056 5438 1059 5440 ,
1080 5381 1272 5437 Λυδῶν
1304 5380 1569 5453 βασιλέως
1591 5420 1608 5447 ,
1650 5379 1744 5433 καὶ
1793 5380 1827 5451 ἠ

248 5480 423 5550 πλάνη
468 5477 581 5532 τῶν
607 5476 918 5551 ἀνθράκων,
951 5476 1128 5531 ταῦτα
1153 5473 1338 5531 λαϐὼν
1363 5474 1458 5529 ἐπὶ
1485 5471 1826 5544 Δασταγέρδι

1930 4565 2074 4614 rent.
2125 4556 2305 4625 Atque
2352 4553 2582 4609 audiens
2646 4550 2967 4613 lleraclius,
3015 4548 3082 4603 ad
3114 4546 3390 4603 Gazacum
3423 4547 3507 4601 ci-

1929 4651 2153 4705 vitatem
2190 4661 2318 4702 cum
2345 4653 2685 4701 armatorum
2716 4643 2785 4698 40
2805 4642 3047 4696 millibus
3073 4638 3377 4696 Chosroem
3407 4636 3507 4692 ad-

1928 4754 2073 4805 esse,
2112 4744 2263 4792 recta
2290 4734 2359 4789 ad
2394 4749 2521 4790 eum
2553 4731 2864 4789 contendit.
2910 4728 3181 4785 Saraceni
3219 4742 3351 4784 vero
3383 4727 3507 4799 qui-

1929 4832 2053 4887 dam
2073 4828 2178 4885 sub
2206 4842 2272 4884 eo
2302 4826 2606 4882 militantes
2636 4824 2703 4879 ad
2730 4820 3185 4892 praecurrendum
3211 4820 3504 4890 praemissi,

1937 4923 2200 4981 Chosrois
2249 4918 2670 4977 excubitoribus
2708 4915 2925 4972 obviam
2966 4913 3095 4970 facti
3121 4952 3137 4978 ,
3171 4926 3270 4968 eos
3308 4912 3504 4982 partim

1935 5013 2235 5080 trucidant,
2266 5011 2434 5083 258
2470 5010 2668 5081 partim
2698 5007 2936 5064 vinculis
2994 5005 3337 5075 mancipatos
3377 5017 3503 5060 cum

1933 5107 2073 5163 duce
2096 5104 2164 5161 ad
2182 5102 2535 5175 imperatoris
2550 5107 2907 5172 conspectum
2936 5098 3238 5155 adducunt.
3256 5094 3506 5151 Audiens

1935 5194 2043 5251 hoc
2069 5194 2369 5255 Cbosroes,
2401 5191 2619 5248 deserta
2648 5190 2783 5246 urbe
2809 5198 2865 5244 et
2889 5189 3161 5254 exercitu,
3188 5184 3356 5242 celeri
3379 5184 3505 5255 luga

1933 5290 2169 5347 salutem
2210 5285 2431 5358 quierit.
2480 5282 2798 5354 Insequitur
2822 5279 3132 5345 Heraclius,
3169 5286 3223 5333 et
3246 5275 3504 5349 fugitivo-

1928 5394 2053 5435 rum
2086 5376 2356 5448 quosdam
2411 5383 2726 5438 assecutus,
2781 5368 3259 5440 interﬁcitralios
3309 5365 3504 5438 pedum

1924 5469 2208 5525 celeritate
2264 5464 2368 5522 sibi
2412 5471 2634 5533 ereptos
2695 5461 2903 5533 passim
2935 5460 3191 5529 dissipat.
3223 5456 3498 5513 Gnaeum

1560 5565 1793 5625 VARIE
1832 5560 2243 5621 LECTIONES.

310 5669 358 5701 "
390 5666 531 5721 οὔτε
556 5666 645 5719 ἐπὶ
672 5664 766 5719 τὸν
788 5664 949 5733 λόγον
976 5666 1160 5735 ἠγεῖτο
1186 5663 1224 5719 I'.
1286 5665 1342 5735 7“
1372 5660 1541 5735 μηνὸς
1568 5675 1678 5735 orn.
1707 5675 1756 5714 a.
1783 5656 1886 5735 μή
1908 5653 2256 5735 ὑποστρέψας
2283 5653 2435 5724 vulg.
2498 5652 2555 5735 ff
2579 5652 2781 5735 Σάῖνά,
2819 5649 2980 5735 Σάκῳ
3102 5719 3126 5735 Δ
3225 5643 3508 5735 ἐκδικῆσαι

244 5757 275 5793 a
306 5738 346 5799 ἲ,
380 5715 699 5806 {iamest
715 5715 877 5805 vulg:
898 5715 1250 5803 ’λό’ἑρᾎνιζιῖε
1270 5734 1316 5806 l’,
1346 5715 1537 5806 ᾦόὸων
1555 5732 1707 5806 vulg.
1749 5727 1824 5806 _“
1861 5725 1989 5806 fort.
2015 5715 2421 5806 ἀχεπξέῳσαξ.
2497 5723 2542 5756 ⁶²
2593 5715 2964 5795 προάγονταΓ
2992 5719 3306 5791 προήγοντο.
3356 5715 3505 5787 vulg.

246 5811 291 5845 “
326 5796 692 5879 Σαρανὲηνοὺς
724 5796 870 5879 vulg.
948 5806 994 5841 “
1026 5796 1123 5861 σὺν
1152 5796 1394 5876 αὐτῷ’τῇ
1424 5800 1521 5856 τοῦ
1548 5796 1717 5872 Χοσρ.
1746 5798 1786 5854 ι.
1861 5798 1907 5882 ’ξ
1939 5796 2154 5851 ἀνεῖλεν
2182 5796 2334 5866 vulg.
