3996 6292
482 405 595 473 679

1885 400 1986 459 ΤΗ
1996 398 2299 459 EOPHAN
2314 397 2382 456 IS

3659 400 3782 466 680

491 528 667 575 torem
700 511 1293 586 interrogavit,quales
1314 525 1559 566 asserere
1590 511 1799 573 deceat,
1828 511 2076 581 geminas

2206 509 2289 562 ’ὧν
2318 508 2665 580 θελημάτων.
2692 510 2752 563 τὺ
2782 510 2897 574 πῶς
2923 511 3005 564 δεῖ
3039 510 3210 566 ταῦτα
3238 511 3418 581 λέγειν
3444 513 3504 568 ἐν
3526 511 3781 586 Χριστῷ,

488 630 559 669 an
590 610 854 667 unicam?
890 609 1195 680 Imperator
1226 606 1482 660 inusitata
1531 605 1635 660 sibi
1685 620 1880 660 vocum
1924 604 2081 659 novi-

490 714 605 762 tate
632 704 969 775 implicatus,
1001 700 1195 771 Sergio
1230 698 1463 769 Cpoleos
1497 700 1757 770 episcopo
1787 700 2005 754 scribit.
2033 697 2083 753 Is

490 798 694 871 Cyrum
743 793 1017 849 Phasidos
1056 793 1376 861 episcoinnn
1426 791 1492 845 ad
1526 807 1585 845 se
1631 791 1961 847 accersitum
1998 792 2084 845 in-

2184 603 2349 658 διπλᾶ
2373 604 2404 675 ἢ
2430 603 2713 675 μοναδικά,
2752 606 2809 658 ’0
2838 604 2893 658 δὲ
2919 604 3170 675 βασιλεὺς
3190 605 3604 677 ξενοφωνηθεὶς,
3632 608 3785 679 γράι

2186 715 2275 769 φει
2315 698 2451 769 πρὸς
2488 696 2713 769 Σέργιον
2743 698 2835 751 τὸν
2864 698 3213 770 πατριάρχην
3245 700 3289 732 ³⁸
3323 702 3783 754 Κωνσταντινου-

2187 795 2415 858 πόλεως.
2448 794 2867 865 Προσκαλεῖται.
2896 794 2953 847 δὲ
2985 793 3079 847 καὶ
3128 793 3311 864 Κῦρον
3343 794 3435 847 τὸν
3473 794 3567 847 τοῦ
3606 796 3788 849 Φάσι·

494 897 768 957 terrogat,
817 896 873 941 et
914 886 967 939 in
1020 885 1239 938 unicam
1297 884 1635 938 voluntatem
1700 892 1755 939 et
1808 886 2083 939 actionem

2206 889 2277 950 ἰος
2304 886 2628 952 ἐπίσκοπον,
2671 888 2764 941 καὶ
2808 886 2998 940 τοῦτον
3042 888 3353 958 ἐρωτήσας,
3408 882 3567 959 εὗρεν
3613 890 3789 943 αὐτον

495 982 705 1053 pariter
733 980 954 1036 unicam
989 977 1305 1032 consentire
1345 979 1571 1047 reperit.
1600 976 1825 1045 Sergius
1860 976 2084 1040 etenim,

494 1088 597 1127 cett
655 1072 830 1142 patria
884 1071 1082 1140 Syrus.
1138 1078 1193 1125 et
1244 1066 1865 1137 Jacobitisparentihus
1907 1075 2084 1133 ortus,

496 1182 664 1223 unam
706 1165 991 1237 physicam
1028 1163 1247 1219 vol'endi
1286 1164 1581 1224 actionem,
1631 1178 1907 1233 unamque
1953 1177 2087 1233 ope—

500 1260 776 1313 rationem
822 1257 874 1310 in
910 1256 1136 1311 Christo
1167 1252 1480 1319 confessus,
1525 1262 1579 1309 et
1610 1256 1819 1325 scripto
1854 1263 2089 1310 testatus

500 1363 608 1406 est.
661 1351 965 1421 Imperator
1017 1350 1308 1417 utriusque
1356 1348 1421 1400 ad
1476 1349 1709 1403 invicem
1771 1358 2087 1417 comparata

500 1445 797 1504 sententia,
822 1442 1155 1513 concordem
1192 1442 1273 1496 eis
1303 1441 1653 1510 postmodum
1687 1441 1894 1495 invenit
1924 1441 2091 1495 Atha-

502 1539 745 1593 nasium.
772 1535 852 1591 lbi
878 1550 1117 1603 namque
1151 1549 1314 1587 unam
1348 1531 1657 1601 ponendam
1692 1540 1969 1597 naturam,
1998 1530 2090 1585 ubi

503 1646 613 1685 una
659 1629 911 1699 operatio
941 1626 1233 1690 asserilur,
1284 1625 1363 1678 illi
1406 1625 1576 1695 probe
1620 1634 1833 1678 notum.
1870 1622 2091 1677 Interim

503 1723 802 1793 imperator
816 1720 1172 1791 Opinionibus
1194 1718 1507 1773 istiusmodi
1534 1717 1866 1779 instructus,
1884 1716 2096 1769 utrius—

504 1831 612 1887 que
636 1826 873 1871 mentem
893 1813 1087 1868 Joanni
1111 1827 1261 1883 papa:
1277 1809 1525 1864 Romano
1550 1808 1772 1880 scriptis
1798 1806 2091 1878 signiﬁcat.

508 1910 605 1965 Ille
620 1924 808 1965 eorum
839 1906 1090 1962 haeresim
1118 1904 1433 1975 proscribit.
1459 1900 1692 1970 Georgio
1714 1914 1843 1955 vero
1860 1899 2097 1953 Alexan-

509 2002 645 2058 driae
678 2001 933 2057 antistite
986 1998 1125 2052 rivis
1187 2004 1399 2065 erepto,
1442 1994 1619 2065 Cyrus
1669 1993 1723 2047 in
1776 1993 2094 2064 episcopatu

510 2094 799 2158 suﬂicitur,
817 2093 907 2161 qui
932 2088 1226 2145 Theodoro
1241 2088 1455 2142 Pharan
1489 2088 1754 2156 episcopo
1778 2085 2095 2155 adjunctus,

511 2201 657 2257 aqua
690 2186 831 2239 male
870 2184 1095 2237 tinctam
1138 2180 1402 2235 unionem
1438 2180 1608 2243 illam,
1640 2194 1805 2232 unam
1836 2178 2095 2232 nimirum

511 2291 567 2334 et
596 2279 846 2334 eotndem
879 2279 935 2330 in
964 2275 1186 2331 Christo
1216 2273 1592 2343 Operationem
1614 2280 1964 2326 commentus
1990 2278 2095 2333 est,

514 2385 568 2428 et
612 2371 843 2426 tradidit
886 2372 1117 2439 scripto.
1155 2366 1252 2424 liis
1288 2368 1362 2421 ita
1394 2364 1588 2420 ordine
1635 2366 1826 2436 gestis,
1866 2368 1921 2418 In
1975 2379 2100 2434 pro-

514 2468 679 2525 brum
710 2478 764 2522 et
798 2465 1040 2522 dedecus
1084 2462 1385 2519 maximum
1419 2459 1885 2515 Chalcedonensis
1935 2475 2103 2533 syno-

515 2566 642 2625 dus,
668 2562 800 2633 quin
830 2561 941 2615 imo
965 2559 1228 2613 universa
1252 2556 1499 2611 Ecclesia
1533 2554 1857 2625 prolabitur.
1888 2553 2102 2609 Cioria-

515 2656 719 2712 bantur
761 2652 1052 2722 siquidem
1110 2650 1239 2705 inde
1301 2648 1564 2704 Jacobita:
1619 2657 1673 2701 et
1734 2644 2103 2701 Theodosiani

518 2749 695 2820 palam
735 2747 1008 2817 iactantes
1035 2783 1050 2804 .
1085 2759 1141 2797 se
1194 2759 1294 2797 non
1338 2742 1545 2813 quidem
1593 2756 1709 2793 cum
1751 2738 2102 2802 Chalcedone,

521 2852 577 2897 at
606 2840 989 2895 Citalredonem
1020 2853 1193 2890 secum
1217 2835 1457 2889 doctrina
1488 2834 1895 2895 communicare,
1920 2842 1969 2886 et
1996 2848 2103 2885 una

518 2935 823 3003 operatione
852 2932 1117 2995 admissa,
1144 2930 1356 2983 unicam
1382 2943 1585 2999 quoque
1620 2926 1819 2981 Christi
1853 2936 2104 2979 naturam

519 3028 727 3082 docere.
752 3027 826 3081 Ea
851 3034 1173 3095 tempestate
1206 3021 1560 3094 Sophronias
1594 3018 2103 3091 Hierosolymorum

521 3120 816 3190 cpiscOpus
842 3118 1178 3185 instituitur,
1205 3115 1297 3177 qui
1326 3114 1700 3185 congregatis,
1732 3112 1935 3182 quibus
1967 3127 2106 3182 prte-

2190 978 2590 1050 συμφωνοῦντα
2622 979 2701 1051 τῷ
2737 980 2948 1052 Σεργίῳ
2972 981 3051 1044 είς
3078 981 3138 1033 τὸ
3161 980 3219 1034 ἐν
3248 979 3294 1012 ⁸⁸
3314 979 3528 1051 θέλημα
3557 984 3655 1036 καὶ
3680 986 3788 1051 τὴν

2193 1072 2322 1143 μίαν
2380 1072 2685 1144 ἐνέργειαν.
2722 1072 2944 1143 Σέργιος
2999 1074 3128 1145 γὰρ,
3182 1075 3280 1128 ἅτε
3333 1075 3641 1146 Συρογενῆς
3689 1078 3791 1130 καὶ

2190 1164 2394 1234 γονέων
2416 1165 2747 1219 ἰακωὸιτῶν
2806 1165 3091 1236 ὑπάρχων,
3127 1167 3259 1233 μίαν
3289 1167 3527 1237 φυσικὴν
3559 1166 3791 1236 Οέλησιν

2192 1256 2284 1309 καὶ
2316 1257 2444 1325 μίαν
2470 1257 2752 1326 ἐνέργειαν
2780 1257 2837 1308 ἐν
2865 1256 3086 1325 Χριστῷ
3116 1256 3469 1327 ὡμολόγησεν
3502 1256 3595 1309 καὶ
3618 1257 3791 1325 ἔγρα-

2190 1348 2384 1417 ψενδῆ
2434 1346 2492 1401 '0
2523 1348 2578 1400 δὲ
2635 1346 2887 1417 βασιλεὺς
2943 1348 3273 1418 ἀμφοτέρων
3336 1349 3630 1419 στοιχήσας
3684 1348 3793 1416 τὴν

2197 1441 2389 1513 βουλὴν
2428 1442 2493 1505 ⁸⁸,
2550 1435 2711 1510 εὗρεν
2748 1443 2843 1495 καὶ
2872 1441 2963 1494 τὸν
3012 1440 3339 1494 Ἀθανάσιον
3381 1438 3793 1509 συμφωνοῦντα

2194 1537 2397 1599 αὐτοῖς.
2447 1538 2775 1606 Ἐγίνωσκεν
2809 1539 2919 1605 γάρ
2945 1536 3025 1589 ὅτι
3060 1535 3188 1590 ἔνθα
3217 1534 3313 1604 μία
3350 1533 3393 1565 ⁸³
3419 1534 3671 1605 ἐνέργεια
3706 1534 3791 1585 εί-

2199 1647 2358 1702 ρηται
2384 1629 2517 1701 (18),
2553 1630 2669 1683 ἐκεῖ
2700 1630 2792 1682 καὶ
2819 1630 2915 1699 μία
2947 1630 3110 1698 φύσις
3153 1626 3499 1698 γνωρίζεται.
3535 1626 3791 1679 Βεϐαιω-

2198 1721 2311 1784 θεὶς
2341 1721 2397 1775 δὲ
2430 1720 2458 1772 ό
2502 1718 2755 1790 βασιλεὺς
2783 1721 2840 1773 ἐν
2883 1720 3060 1792 τούτῳ
3110 1721 3313 1792 γράφει
3343 1721 3479 1791 πρὸς
3528 1721 3793 1791 Ἰωάννην

2196 1815 2289 1868 τὸν
2317 1812 2505 1867 πάπαν
2546 1812 2763 1884 Ῥώμης
2802 1813 3128 1884 ἀμφοτέρων
3155 1815 3250 1880 τὴν
3286 1812 3492 1882 γνῶσιν
3522 1811 3590 1867 ⁸⁸.
3634 1813 3696 1867 '0
3731 1813 3794 1866 δὲ

2197 1908 2258 1961 οῦ
2284 1905 2603 1972 κατεδέξατο
2632 1906 2812 1960 αὐτῶν
2833 1906 2931 1978 τὴν
2968 1906 3198 1975 αἵρεσιν.
3231 1886 3508 1977 Γεωργίου
3537 1905 3592 1959 δὲ
3617 1905 3716 1959 τοῦ
3747 1906 3797 1937 ⁸⁸

2212 2002 2624 2072 Ἀλεξανδρείας
2675 2001 3099 2073 τελευτήσαντος
3146 1999 3538 2054 ἀποστέλλεται
3604 2000 3797 2073 κῦρος

2198 2094 2497 2159 ἐπίσκοπος
2538 2094 2965 2165 Ἀλεξανδρείας,
3007 2095 3101 2147 καὶ
3154 2094 3377 2156 ἐνωθεὶς
3407 2092 3671 2165 Θεοδώρῳ
3718 2093 3799 2162 τῷ

2200 2190 2486 2262 ἐπισκόπῳ
2514 2190 2615 2259 τῆς
2644 2191 2849 2260 Φαρᾶν,
2900 2188 3153 2259 ἐποίησεν
3186 2189 3284 2257 τὴν
3325 2188 3607 2260 ὐδροσαφῆ
3641 2188 3798 2240 ἐκεί-

2203 2303 2300 2355 νην
2320 2285 2535 2339 ἕνωσιν.
2571 2284 2700 2352 μίαν
2729 2282 2821 2336 καὶ
2851 2283 3021 2353 αὐτὴν
3041 2282 3086 2312 ⁸⁸
3129 2280 3441 2350 γράψαντες
3486 2283 3545 2333 ἐν
3569 2277 3801 2351 Χριστῷ

2203 2380 2440 2447 φυσικὴν
2468 2378 2770 2447 ἐνέργειαν.
2792 2376 3009 2429 Τούτων
3032 2376 3087 2429 δὲ
3115 2375 3257 2429 οὕτω
3283 2374 3802 2445 παρακολουθησάνα

2202 2488 2331 2533 των,
2364 2471 2443 2532 είς
2478 2469 2620 2539 μέγα
2656 2469 2857 2531 ὄνειδος
2907 2470 2940 2540 ἡ
2979 2469 3197 2532 σύνοδος
3239 2467 3581 2538 Χαλκηδόνος
3631 2469 3733 2519 καὶ
3765 2469 3799 2536 ἡ

2203 2562 2467 2634 καθολικὴ
2526 2563 2569 2594 ⁵⁷
2602 2560 2900 2631 Ἐκκλησία
2955 2560 3298 2631 περιέπεσεν.
3356 2560 3806 2630 Κατεκαυχῶντο

2204 2656 2313 2725 γάρ
2343 2653 2391 2706 οἱ
2420 2652 2727 2707 ’Ῑακωϐἶται
2763 2653 2856 2705 καὶ
2885 2652 2931 2705 οἱ
2959 2651 3299 2704 Θεοδοοιανοὶ
3322 2649 3431 2720 (I9)
3467 2650 3802 2720 φάσκοντες,

2204 2750 2287 2804 ὅτι
2326 2750 2449 2817 Οὐχ
2492 2747 2663 2816 ἡμεῖς
2701 2745 2776 2815 τῇ
2815 2745 3173 2813 Χαλκηδόνι,
3212 2746 3351 2799 ἀλλ’
3383 2746 3421 2813 ἠ
3458 2744 3805 2812 Χαλκηδὼν

2203 2842 2444 2913 μᾶλλον
2459 2841 2603 2911 ἡμῖν
2628 2838 3053 2907 ἐκοινώνησεν,
3070 2839 3168 2893 διὰ
3192 2838 3303 2907 τῆς
3322 2837 3466 2908 μιᾶς
3486 2837 3805 2905 ἐνεργείας

2201 2936 2350 3006 μίαν
2408 2932 2844 3005 ὁμολογήσασα
2877 2932 3067 3002 φύσιν
3098 2931 3377 3001 Χριστοῦ.
3443 2931 3531 2984 Ἐν
3581 2928 3805 2993 τούτοις

2208 3026 2516 3096 Σωφρόνιος
2573 3026 2963 3093 χειροτονεῖται
3014 3023 3311 3086 ἐπίσκοπος
3377 3020 3801 3093 Ἱεροσολύμων,

2209 3119 2303 3172 καὶ
2368 3117 2729 3187 συναθροίσας
2775 3117 2901 3180 τοὺς
2933 3116 3025 3169 ὑπ’
3079 3115 3228 3187 αὐτῷ
3256 3114 3302 3147 ⁸⁸
3346 3116 3687 3177 ἐπισκόπους
3739 3111 3807 3167 «ut

524 3223 664 3277 erat,
694 3213 992 3281 episcopis,
1029 3209 1505 3265 Monotheliticum
1545 3208 1743 3278 dogma
1772 3207 2102 3263 condemna-

2211 3209 2580 3281 Μονοθέλητον
2609 3208 2787 3278 δόγμα
2812 3207 3222 3278 ἀνεθεμάτισεν,
3252 3205 3347 3261 καὶ
3377 3207 3632 3260 συνοδικά
3658 3206 3805 3276 Σερ-

525 3305 640 3367 vit,
698 3303 1074 3375 synodicaque
1131 3298 1493 3369 acta-Sergio
1536 3296 1769 3369 Cpoleos
1807 3305 1862 3352 et
1909 3295 2107 3352 Joanni

526 3394 715 3451 Romae
749 3397 1007 3466 episcopo
1041 3408 1138 3465 per
1185 3392 1447 3463 epistolas
1492 3392 1825 3447 transmisit.
1876 3389 1973 3445 His
2013 3406 2111 3445 au-

527 3487 683 3551 ditis,
716 3486 1000 3542 Ileraclius
1031 3485 1242 3554 pudore
1267 3482 1520 3548 aIIicitur,
1552 3490 1627 3546 et,
1666 3498 1786 3553 quae
1812 3482 2111 3536 admiserat

527 3582 748 3653 quidem
782 3577 943 3650 275
989 3577 1165 3632 noluit
1215 3576 1557 3639 rescindere,
1605 3591 1705 3630 nec
1754 3590 1865 3647 quo
1910 3576 2111 3644 probro

528 3672 887 3735 onerabatur,
931 3671 1064 3742 pati.
1110 3670 1251 3725 Tum
1310 3669 1479 3739 igitur
1510 3669 1833 3739 praclarum
1888 3669 2111 3740 aliquod

530 3768 815 3823 invenisse
855 3778 1032 3827 ratus,
1064 3764 1316 3819 Edictum
1350 3765 1425 3818 ita
1462 3772 1749 3828 vocatum,
1784 3779 1894 3835 quo
1934 3780 2113 3834 neque

530 3862 718 3924 unica,
749 3876 925 3932 neque
958 3860 1212 3931 geminae,
1255 3859 1460 3915 Christi
1500 3858 1854 3927 Ope-rationes
1895 3874 2113 3912 assere-

530 3964 745 4015 rentur,
772 3952 1158 4021 promulgavit.
1214 3950 1369 4016 Quod
1428 3950 1519 4003 ubi
1562 3950 1747 4004 Severi
1809 3959 2117 4004 sectatores

530 4045 737 4117 legere,
774 4043 1074 4098 Ecclesiam
1102 4043 1429 4097 catholicam
1461 4058 1557 4113 per
1585 4042 1816 4113 popinas
1838 4050 1890 4096 et
1922 4042 2115 4097 balnea

534 4138 725 4207 impiis
786 4135 1142 4191 sermonibus
1196 4134 1609 4190 traducebant:
1652 4134 1744 4205 qui
1796 4134 1901 4188 huc
1945 4149 2117 4204 usque

536 4226 780 4284 Nestorii
810 4243 1035 4284 sensum
1077 4229 1253 4283 secuti
1300 4227 1731 4294 Cltalcedonitm,
1767 4243 1941 4297 nuper
1980 4226 2118 4283 resi-

536 4333 798 4396 puerunt,
821 4331 875 4377 et
895 4328 1181 4377 veritatem
1201 4322 1519 4393 amplexati,
1537 4337 1631 4392 per
1659 4322 1823 4375 utrius
1844 4322 2120 4391 operatio-

538 4417 625 4472 nis
658 4417 1007 4487 positionem,
1038 4416 1093 4470 in
1120 4430 1283 4469 unam
1322 4415 1609 4471 nobiscum
1634 4412 1839 4468 Christi
1868 4421 2119 4467 naturam

540 4510 895 4566 asseremlam
916 4521 1245 4568 convenere.
1262 4514 1315 4561 at
1335 4522 1481 4563 nunc
1498 4506 1719 4562 demum
1742 4522 1827 4569 eo.
1853 4522 2013 4577 quem
2036 4522 2121 4561 re-

2213 3304 2316 3375 γίῳ
2344 3302 2420 3371 τῷ
2444 3299 3062 3362 Κωνσταντινουπόλεως
3092 3302 3183 3354 καὶ
3206 3298 3426 3371 Ἰωάννῃ
3458 3297 3536 3369 τῷ
3573 3296 3805 3370 Ῥώμης

2214 3394 2553 3448 ἀπέστειλεν.
2604 3392 2871 3455 Ἀκούσας
2899 3392 3149 3446 δὲταῦτα
3182 3391 3500 3463 Ἡράκλειος
3527 3390 3803 3463 ᾐσχύνθη,

2215 3487 2309 3540 καὶ
2336 3484 2636 3540 καταλῦσαι
2665 3482 2763 3554 μὲν
2788 3483 2855 3535 τά
2882 3483 3058 3535 οίκεία
3085 3483 3186 3535 οὐκ
3208 3481 3602 3553 ὴθέλησεν,καὶ
3633 3480 3807 3534 πάλιν

2215 3580 2303 3633 τὸν
2356 3566 2664 3647 ὀνειδισμὸν
2693 3575 2790 3646 οὐχ
2817 3575 3109 3645 ὑπέφερεν,
3146 3575 3279 3627 Τότε
3458 3573 3536 3638 ὡς
3568 3573 3720 3644 μέγα
3750 3588 3808 3624 τι

2215 3675 2449 3744 νομίζων
2490 3674 2682 3735 ποιεῖν,
2716 3670 2991 3723 ἐκτίθεται
3026 3666 3088 3720 τὸ
3117 3666 3412 3736 λεγόμενον
3445 3664 3703 3719 Ἕδικτον
3734 3661 3806 3727 ⁸⁸,

2216 3766 2491 3837 περιέχον,
2528 3767 2663 3835 μήτε
2702 3764 2851 3833 μίαν,
2890 3764 3026 3835 μήτε
3055 3761 3149 3814 δύο
3181 3758 3465 3830 ἐνεργείας
3513 3756 3809 3826 ὁμολογεῖν

2217 3863 2275 3916 ὲν
2306 3859 2526 3932 Χριστῷ
2564 3859 2633 3891 ⁸ο·
2671 3858 2808 3929 ὅπερ
2847 3856 3171 3924 ἀναγνόντες
3222 3856 3270 3907 οί
3320 3854 3386 3908 τὰ
3414 3850 3509 3905 τοῦ
3555 3852 3807 3921 Σευήρου

2219 3949 2545 4023 φρονοῦντες
2589 3950 2681 4003 ἐπὶ
2714 3948 3028 4021 καπηλείων
3064 3947 3160 4001 καὶ
3201 3945 3504 4017 βαλανείων
3540 3944 3809 4014 διέσυραν

2218 4045 2317 4112 τὴν
2348 4041 2641 4113 καθολικὴν
2693 4039 3039 4111 Ἐκκλησίαν,
3093 4036 3378 4106 λέγοντες·
3418 4036 3617 4107 Πρώην
3666 4031 3812 4105 μετά

2219 4136 2514 4207 Νεστορίου
2542 4135 2584 4167 ⁸¹
2624 4133 2948 4206 φρονοῦντες
2974 4133 3024 4186 οί
3058 4130 3470 4202 Χαλκηὼνῖται,
3502 4127 3809 4199 ἀνένηψαν,

2222 4229 2650 4299 ἐπιστρέψαντες
2676 4230 2754 4291 εἰς
2774 4226 2872 4296 τὴν
2917 4224 3196 4297 ἀλήθειαν,
3233 4223 3529 4286 ἐνωθέντες
3561 4225 3697 4293 ἡμῖν
3722 4222 3813 4275 διὰ

2221 4326 2320 4394 τῆς
2352 4324 2396 4355 ⁸²
2426 4324 2555 4392 μιᾶς
2605 4320 2885 4391 ἐνεργείας
2916 4323 2995 4383 εἰς
3021 4318 3122 4387 τὴν
3153 4319 3283 4388 μίαν
3312 4317 3406 4371 τοῦ
3442 4314 3681 4388 Χριστοῦ
3711 4316 3812 4387 φύο

2226 4432 2311 4469 σιν
2339 4430 2354 4444 ⁸
2390 4412 2487 4467 νῦν
2518 4414 2572 4466 δὲ
2602 4413 2961 4481 καταγνόντες
2993 4411 3087 4465 τοῦ
3117 4411 3298 4474 καλῶς
3328 4412 3565 4481 ἔχοντος,
3590 4409 3814 4462 ἀπώλε-

2227 4526 2326 4563 σαν
2354 4508 2662 4579 ἀμφότερα,
2692 4506 2827 4577 μήτε
2855 4505 3003 4575 μίαν,
3041 4507 3178 4576 μήτε
3210 4505 3303 4559 δύο
3341 4506 3399 4557 ἐν
3430 4502 3652 4574 Χριστῷ
3674 4505 3814 4573 ὁμοο

543 4614 629 4659 cte
664 4603 940 4665 tenebant,
966 4616 1134 4657 sensu
1171 4600 1453 4665 damnato,
1473 4608 1766 4668 utrumque
1795 4601 2097 4654 amiserunt

2226 4601 2532 4670 λογοῦντες.
2585 4602 2738 4654 Μετά
2779 4600 2835 4653 δὲ
2882 4599 2980 4671 τὴν
3023 4601 3069 4637 ³³
3100 4598 3357 4668 τελευτὴν
3416 4596 3511 4651 τοῦ
3555 4596 3813 4668 Σεργίου,

543 4697 674 4751 dum
696 4710 872 4763 neque
897 4709 1082 4758 unam,
1101 4708 1278 4764 neque
1308 4694 1447 4747 duas
1474 4693 1527 4745 in
1543 4691 1766 4748 Christo
1792 4694 2124 4746 conﬁtentur

546 4797 795 4842 naturas.
825 4784 954 4841 Post
992 4785 1166 4857 Sergii
1197 4799 1324 4840 vero
1365 4785 1574 4839 obitum
1614 4783 1857 4855 Pyrrhus
1894 4784 2124 4854 Cpolcos

2232 4695 2448 4766 Πύρρος
2482 4693 2527 4725 ⁸³
2556 4695 2647 4746 τὸν
2694 4693 2882 4764 θρόνον
2919 4690 3541 4754 Κωνσταντινουπόλεως
3571 4687 3813 4755 διεδέξα-

2231 4805 2312 4851 το,
2340 4789 2488 4851 ὅστις
2516 4787 2587 4841 τὰ
2611 4787 3041 4857 δογματισθέντα
3064 4786 3169 4839 ὑπὸ
3198 4786 3424 4855 Σεργίου
3453 4785 3499 4816 ⁸⁸
3518 4785 3609 4836 καὶ
3629 4783 3815 4853 Κύρου

546 4881 734 4937 sedem
767 4881 1005 4949 excepit,
1031 4880 1120 4949 qui
1152 4878 1345 4950 Sergio
1389 4888 1443 4934 et
1472 4878 1615 4950 Cyro
1672 4889 1875 4933 temere
1919 4889 2102 4934 assert.

2233 4880 2444 4942 ἀσεϐῶς
2468 4881 2783 4951 ἐκράτυνεν.
2805 4878 2910 4932 Τοῦ
2931 4877 2989 4932 δέ
3018 4878 3341 4950 Ἡρακλείου
3368 4877 3813 4948 τελευτήσαντος,

548 4969 827 5027 mordicus
855 4979 910 5025 et
940 4972 1104 5041 impie
1139 4970 1392 5026 retinuit.
1453 4969 1708 5026 Heraclio
1751 4970 1968 5026 tandem
2006 4969 2100 5026 fati

2236 4976 2330 5027 καὶ
2357 4971 2452 5025 τοῦ
2511 4972 2624 5026 υἱοῦ
2684 4973 2852 5027 αὑτοῦ
2903 4973 3317 5027 Κωνσταντίνου
3372 4971 3815 5043 βασιλεύσαντος.

552 5063 764 5131 Iuncto,
800 5061 1230 5119 Constantinum
1284 5063 1403 5133 ejus
1452 5062 1623 5119 lilium
1657 5064 1872 5136 imperii
1917 5079 2137 5120 succes-

2239 5065 2453 5138 Πύρρος
2479 5066 2575 5117 σὺν
2619 5068 2685 5137 τῇ
2733 5067 2987 5137 Μαρτίνῃ
3039 5066 3318 5136 φαρμάκῳ
3362 5061 3550 5116 τοῦτον
3584 5062 3816 5127 ἀνεῖλεν,

1825 5174 2065 5231 νΑΒιΑε)
2117 5173 2412 5231 LECTION
2421 5177 2524 5233 ES.

624 5276 668 5308 ⁸⁹
698 5275 789 5330 τὸν
815 5271 1163 5346 πατριάρχην
1190 5272 1323 5346 add.
1349 5289 1412 5327 ex
1456 5274 1520 5329 A.

551 5348 595 5380 “
622 5346 719 5401 καὶ
753 5344 995 5417 ἔγραψεν
1021 5361 1134 5417 om.
1162 5346 1226 5399 A.
1292 5344 1357 5417 Δξ’
1385 5346 1451 5415 τῇ
1484 5344 1740 5417 βουλῇλΑ.

552 5420 600 5451 ⁸⁸
676 5414 980 5471 καιαύτοὶ
1011 5416 1056 5469 Α
1117 5431 1171 5473 a.
1289 5414 1333 5445 "
1359 5414 1453 5470 mi.

1617 5274 1662 5307 ⁸⁸)
1694 5274 2094 5346 συμφωνοῦντα
2117 5274 2198 5345 τῷ
2230 5274 2439 5346 Σεργίῳ
2465 5277 2546 5339 είς
2575 5274 2637 5329 τὸ
2684 5275 2743 5331 ἓν
2815 5278 2880 5338 Α,
2958 5272 3348 5345 όμοφωνοῦντα

1617 5347 1647 5378 α
1684 5347 1711 5378 Δ
1830 5346 1877 5378 ιο
1915 5346 2007 5378 ...ἠ
2038 5344 2138 5378 ηΑτΙ
2200 5362 2262 5378 ον
2329 5348 2355 5378 Δ
2515 5347 2563 5378 ιδ
2587 5347 2684 5378 οὲ...
2756 5345 2986 5378 νηηῖιηευ
3027 5348 3053 5378 Δ
3220 5344 3266 5378 ιι
3319 5365 3348 5378 ρ

1484 5344 1649 5417 βουλῇ
1676 5347 1740 5399 Α.
1768 5344 1779 5346 “
1830 5346 1877 5378 ⁸³
1914 5346 2010 5415 μία
2036 5344 2175 5401 add.
2199 5362 2264 5401 ex
2305 5344 2386 5400 Ἀ.

1480 5419 1513 5488 ἡ
1574 5415 1699 5471 καθ.
1762 5416 2127 5488 Α,καὶίκαθ.
2175 5418 2320 5488 vulg.

3423 5275 3506 5339 εἰς
3560 5273 3619 5328 ἓν
3666 5275 3813 5343 vulg.

3220 5344 3266 5379 “
3319 5345 3415 5401 τοῦ
3471 5346 3598 5401 add.
3658 5362 3725 5401 ex
3752 5349 3815 5399 Α.

3220 5433 3282 5471 νον
3308 5418 3455 5487 vulg.
3561 5418 3607 5449 '°
3632 5418 3814 5487 ἐνεργ.

2515 5347 2563 5389 ιδ
2587 5347 2684 5418 τὴν
2756 5345 2986 5417 γνώμην
3007 5348 3059 5418 ,Α
3072 5386 3089 5400 .

2426 5418 2471 5450 ⁸⁸
2504 5418 2596 5473 ὑπ’
2642 5416 2813 5473 αὑτὸν
2836 5421 2907 5491 Α-ἶ
2944 5416 2947 5417 ⁷
2979 5416 3048 5491 ,⁸³
3079 5416 3282 5491 ίδικτον
3308 5418 3455 5491 vulg.

552 5490 743 5561 ὑμέ-ἐν
771 5489 881 5561 x9.
907 5502 1018 5561 om.
1052 5488 1094 5540 A
1126 5485 1199 5561 f._
1241 5487 1283 5519 ⁸¹
1323 5488 1464 5559 μετά
1501 5484 1571 5541 Ν.
1602 5490 1670 5552 A,
1701 5488 1797 5558 μὲν
1830 5489 1898 5542 τὰ
1927 5487 1997 5545 Ν.
2030 5487 2178 5560 vulg.
2233 5484 2408 5560 δ”τῆς
2440 5491 2567 5546 add.
2620 5504 2685 5545 ex
2722 5493 2785 5544 A.
2864 5487 2910 5519 ³³
2938 5484 3039 5559 τὴν
3065 5487 3195 5542 add.
3231 5504 3298 5544 ex
3329 5484 3429 5549 ᾹῘ
3477 5488 3524 5520 ⁸⁸
3560 5484 3741 5561 Πύριοέ
3763 5503 3816 5552 ³ο

1890 5651 2035 5708 JAC.
2075 5650 2289 5709 GOARI
2332 5640 2562 5711 NOTAE.

551 5561 602 5595 “
630 5557 883 5631 Σεργίου]
907 5560 1144 5628 Σευήρου
1174 5559 1241 5614 A.

558 5802 563 5807 ,
630 5743 746 5814 (I8)
772 5742 1071 5801 Perstricta
1122 5743 1226 5803 hoc
1264 5761 1409 5803 anno
1443 5746 1923 5804 Monothelitarum
1955 5749 2129 5804 haere-

560 5816 641 5873 sis
665 5816 919 5890 historia,
947 5817 1133 5889 plures
1158 5820 1543 5890 complectitur
1570 5835 1745 5875 annos
1772 5860 1787 5885 ,
1825 5836 1923 5875 nec
1956 5834 2129 5874 accu-

561 5896 679 5944 rate
739 5886 965 5960 digesta'
1005 5890 1095 5943 hic
1146 5886 1329 5945 omnia
1370 5892 1603 5962 probant
1638 5901 2015 5957 monumenta,
2049 5891 2127 5945 illi

2242 5751 2549 5806 retexenda:
2573 5750 2713 5807 alias
2741 5752 2926 5808 allata.
2952 5752 3242 5812 Consens.

2310 5822 2432 5896 (19)Δ
2458 5822 2551 5896 De
2587 5823 2708 5879 istis
2768 5823 3055 5896 Evagrius,
3128 5828 3196 5882 de
3260 5825 3372 5882 illis
3438 5832 3709 5883 tractatus
3762 5825 3814 5881 in

2240 5893 2469 5951 historia
2503 5892 3000 5952 Monothelitaritm.
