3996 6292
311 439 408 507 τοι

1609 440 1708 503 CH
1717 440 1967 503 RONOG
1981 441 2288 504 RAPHIA.

3480 446 3584 511 7C2

312 547 456 620 αὕτῷ
485 547 598 603 ἔτει
628 548 1072 623 ἐπεστράτευσαν
1103 548 1416 622 Σαρακηνοὶ
1444 550 1544 623 τὴν
1588 549 1887 624 ’Δφρικήν.

2021 551 2242 610 Liricam
2271 562 2582 619 moverunt,
2610 561 2663 607 et
2689 567 2870 624 pugna
2896 569 3020 611 cum
3052 562 3287 628 tyranno
3319 555 3585 628 Gregorio

313 641 419 698 Καὶ
481 639 858 711 συμϐαλόντες
907 639 986 712 τῷ
1047 643 1294 713 τυράννῳ
1339 641 1627 715 Γρηγορίῳ
1653 686 1668 709 ,
1709 642 1898 699 τοῦτον

2021 647 2319 711 :ommissa,
2351 649 2404 702 in
2458 646 2642 718 fugam
2671 663 2797 704 eum
2841 657 3100 715 vertunt,
3131 659 3185 705 et
3213 650 3338 721 ejus
3362 651 3586 707 exerci-

311 736 591 810 τρέπουσι,
624 734 723 789 καὶ
753 736 883 800 τοὺς
936 734 1036 789 σὺν
1087 734 1238 805 αύτῷ
1273 734 1579 789 κτείνουσιο
1615 736 1710 790 καὶ
1750 753 1896 790 στοι-

313 831 578 905 χήσαντες
639 828 840 900 φόρους
898 827 1035 900 μετὰ
1087 827 1198 882 τῶν
1247 829 1475 900 Ἄφρων
1525 828 1893 900 ὑπέστρεψαν.

380 923 446 978 Δ.
480 922 578 990 Μ..
613 920 773 978 6140.
837 949 908 961 -
944 918 1133 991 Τούτῳ
1175 918 1254 987 τῷ
1316 919 1428 974 ἔτει
1461 920 1897 994 ἐπεστράτευσεν

315 1014 532 1079 Manta;
559 1014 650 1068 διὰ
679 1013 962 1083 Θαλάσσης
993 1015 1060 1084 τῇ
1097 1014 1308 1084 Κύπρῳ
1340 1029 1353 1045 ·
1383 1007 1527 1083 εἶχεν
1555 1012 1611 1066 δὲ
1643 1014 1827 1083 σκάφη
1852 1013 1897 1045 ⁸³

323 1105 449 1183 ,αψκ
467 1108 562 1161 καὶ
589 1106 896 1178 παρέλαϐεν
922 1105 1311 1159 Κωνσταντίαν
1333 1105 1430 1158 σὺν
1454 1107 1520 1176 τῇ
1553 1105 1702 1176 νήσῳ
1727 1106 1897 1177 πάσῃ,

319 1201 410 1256 καὶ
456 1199 665 1269 ταύτην
713 1199 1043 1269 ἐλυμήνατο.
1105 1196 1374 1260 Ἀκούσας
1421 1197 1479 1252 δέ
1531 1197 1842 1268 Κακόριζον
1881 1198 1898 1228 ³

319 1293 765 1363 κουϐικουλάριον
795 1294 919 1346 κατ’
943 1290 1109 1345 αὐτοῦ
1136 1290 1278 1362 μετὰ
1310 1291 1573 1361 πλείστης
1615 1291 1902 1361 δυνάμεως

331 1385 648 1456 Ῥωμαῖκῆς
671 1385 987 1455 ἐρχόμενον,
1029 1383 1364 1438 ἀνέπλευσεν
1393 1383 1688 1438 κατέναντι
1728 1383 1896 1451 Ἀρά-

317 1479 407 1533 δου
443 1481 486 1544 ',
519 1477 617 1532 atat
668 1477 1013 1548 καθορμίσας
1064 1477 1164 1546 τὴν
1206 1475 1399 1530 ἐαυτοῦ
1435 1475 1758 1529 ναυστολίαν
1805 1475 1903 1546 τὴν

321 1572 585 1644 πολίχνην
628 1571 727 1642 τῆς
751 1571 919 1643 νήσου
953 1571 1012 1625 τὸ
1031 1558 1356 1625 ’Κάστελλον
1375 1572 1398 1603 ³
1421 1572 1684 1643 ἐπειρᾶτο
1720 1587 1902 1640 ’παρα⁶

319 1665 540 1728 λαϐεῖν,
597 1664 882 1728 παντοίαις
922 1665 1194 1733 μηχαναῖς
1245 1665 1549 1735 χρώμενος.
1608 1663 1793 1735 Μηδὲν
1849 1665 1905 1717 δὲ

320 1757 650 1830 ἐξισχύσας,
707 1759 916 1828 πέμπει
979 1759 1117 1827 πρὸς
1174 1757 1373 1820 αὐτοὺς
1418 1756 1720 1811 ἐπίσκοπόν
1756 1775 1901 1821 τινα,

1999 749 2117 796 tum
2150 741 2359 807 delent,
2390 751 2446 797 et
2473 740 2839 811 vectigalibus
2875 758 2940 800 ex
2977 755 3139 814 pacto
3169 741 3370 800 Africm
3403 745 3584 816 impo-

2001 835 2123 890 sitis
2151 835 2360 890 reversi
2400 844 2549 892 sunt.
3558 909 3562 914 ι

2070 929 2137 987 A.
2176 928 2237 983 C.
2272 930 2395 984 640.
2424 962 2490 972 —
2524 929 2637 985 IIoc
2682 946 2828 986 anno
2876 938 3084 984 armata
3135 932 3314 986 classe
3362 931 3589 1003 expedi-

2003 1019 2210 1076 tionem
2245 1021 2298 1076 in
2328 1022 2564 1093 Cyprum
2596 1023 2801 1079 Mavias
2825 1025 3091 1093 suscepit.
3117 1022 3251 1092 Ejus
3282 1023 3500 1095 navigia
3517 1024 3585 1081 ad

2003 1112 2155 1168 mille
2189 1122 2243 1168 et
2272 1117 2617 1187 septingenta
2651 1125 2938 1171 numerata
2993 1124 3142 1170 sunt.
3198 1116 3581 1172 Constantiam

2004 1207 2286 1262 civitatem
2354 1210 2523 1279 cepit,
2588 1211 2902 1264 universam
2957 1209 3176 1279 subegit
3226 1209 3488 1273 insulam,
3536 1221 3589 1264 et

2004 1315 2264 1373 magnum
2300 1302 2354 1356 in
2407 1317 2526 1356 eam
2569 1302 2964 1357 detrimentum
3017 1303 3220 1358 intulit.
3278 1303 3414 1358 Cum
3459 1319 3588 1359 vero

2005 1396 2326 1451 Cacorizum
2352 1396 2758 1451 cubicularium
2789 1397 3078 1452 adversum
3109 1413 3168 1452 se
3187 1412 3310 1452 cum
3335 1397 3587 1454 maximis

2005 1489 2380 1546 Romanorum
2405 1492 2581 1563 copiis
2612 1492 2873 1547 advenire
2903 1493 3138 1554 audiret,
3177 1492 3410 1548 classem
3449 1494 3589 1546 Ara.

2005 1582 2136 1637 dum
2168 1599 2364 1639 versus
2395 1584 2656 1651 divertit,
2691 1584 2783 1639 ubi
2818 1585 3013 1641 classis
3066 1586 3325 1641 bellicum
3367 1601 3587 1641 omnem

2008 1683 2329 1744 apparatum
2369 1676 2436 1729 ad
2472 1676 2665 1732 insulae
2707 1677 2964 1746 oppidum
3012 1692 3345 1742 exonerans,
3377 1677 3588 1732 machi-

2007 1766 2095 1822 nis
2119 1767 2380 1821 omnibus
2412 1767 2682 1823 adhibitis
2709 1769 2996 1843 castellum
3026 1785 3300 1838 occupare
3323 1770 3587 1825 tentabat.

323 1853 655 1924 Θωμάριχον
702 1851 964 1923 τοῦνομα,
999 1851 1249 1921 ἐκφοϐῶν
1296 1853 1494 1915 αὐτοὺς
1551 1852 1764 1920 ἀφιέναι
1809 1852 1906 1922 τὴν

2021 1857 2312 1914 r‘onatibus
2347 1860 2476 1916 licet
2509 1861 2753 1915 strenuis
2783 1876 2974 1930 parum
3008 1870 3099 1916 aut
3127 1861 3260 1915 nihil
3293 1859 3593 1918 succeden-

321 1921 474 2002 πόλιν
503 1921 628 2001 Ῠκαὶ
689 1921 1056 2009 ὑποσπϐνδους
1105 1941 1265 2013 εἶναι,
1309 1945 1510 2011 ἐξιέναι
1557 1945 1615 2000 δέ
1669 1945 1768 2014 τῆς
1811 1921 1906 2014 νή-

2021 1953 2181 2018 libus,
2213 1952 2533 2023 episc0pum
2568 1953 2791 2009 nomine
2814 1953 3268 2018 Thomarichum,
3304 1964 3362 2010 ut
3404 1956 3592 2011 urbem

320 2058 434 2097 σου.
485 2039 573 2102 Ὠς
600 2038 690 2093 οὖν
751 2038 884 2110 πρὸς
935 2039 1133 2100 αὐτοὺς
1183 2037 1357 2108 εἰσῄει
1389 2034 1907 2102 ὀέπίσκοπος,τοῦο

319 2150 415 2189 τον
443 2134 761 2206 ἐκράτησαν
810 2132 979 2195 ἔνδον,
1006 2132 1197 2206 Math
1229 2131 1285 2184 δὲ
1331 2131 1432 2184 οὐκ
1478 2126 1648 2197 εἶξαν.
1677 2130 1788 2185 Καὶ
1843 2129 1906 2202 δὴ

324 2227 585 2298 ἀνονήτου
630 2225 932 2297 γενομένης
977 2224 1000 2256 ⁸
1043 2225 1142 2296 τῆς
1199 2224 1342 2278 κατὰ.
1392 2223 1630 2294 Ἄραδον
1685 2222 1909 2294 πολιορ-

324 2320 469 2387 κίας,
522 2318 857 2391 ἀνέστρεψεν
909 2320 991 2384 είς
1045 2318 1339 2389 Δαμασκὸν
1380 2318 1574 2386 ’,ἐπεὶ
1615 2321 1642 2374 ὁ
1700 2316 1910 2390 χειμὼν

324 2406 644 2464 κατέλαϐεν.

398 2697 462 2756 Δ.
495 2698 574 2758 Μ.
617 2697 781 2755 SILI.
804 2727 875 2740 --
915 2696 1105 2768 Τούτῳ
1135 2696 1213 2769 τῷ
1255 2696 1368 2752 ἔτει
1403 2698 1842 2768 ἐπεστράτευσεν
1881 2701 1910 2754 ὀ

319 2793 538 2855 Manta;
565 2792 706 2847 κατὰ
728 2791 828 2862 τῆς
851 2790 875 2823 ⁸
909 2791 1137 2862 ’Δράδου
1162 2789 1408 2864 σφοδρῶς
1429 2791 1908 2862 παραταξάμενος.

321 2888 414 2942 καὶ
467 2886 674 2955 ταύτην
703 2885 845 2957 λόγῳ
878 2884 1193 2955 παρέλαϐεν
1250 2887 1331 2946 είς
1377 2883 1438 2939 τὸ
1487 2887 1766 2940 κατοικεῖν
1810 2887 1912 2940 αύ-

2008 2048 2132 2117 ejus
2167 2052 2428 2118 potestati
2467 2052 2872 2120 permitterent,
2915 2052 3210 2122 vectigales
3239 2061 3488 2121 agerent,
3529 2069 3594 2108 ac

2009 2142 2230 2198 tandem
2273 2144 2455 2199 insula
2490 2146 2719 2200 omnino
2747 2146 3094 2208 decederent.
3134 2144 3302 2201 minis
3331 2154 3387 2201 et
3414 2157 3595 2202 terro-

2016 2235 2169 2291 l'lbllS
2230 2251 2526 2292 suasurum
2588 2237 2760 2293 misit.
2815 2235 2887 2293 Ut
2934 2240 3127 2294 urbem
3188 2240 3470 2310 ingressus
3512 2247 3596 2296 est

2010 2327 2330 2398 episcopus,
2379 2329 2528 2385 cives
2561 2329 2704 2384 intra
2747 2330 2952 2385 muenia
2981 2345 3167 2386 secum
3200 2331 3508 2396 detinuere,
3542 2341 3598 2386 et

2013 2417 2205 2476 Mat-ia:
2235 2422 2525 2492 imperium
2567 2423 2962 2479 detrectavere.
3024 2424 3390 2492 Quamobrem
3442 2426 3594 2480 irrita

2013 2514 2182 2569 Aradi
2206 2514 2522 2581 obsidione,
2575 2532 2700 2572 eum
2730 2516 2908 2573 hiems
2933 2523 3237 2589 appeteret,
3273 2517 3594 2575 Damascum

2010 2619 2072 2660 se
2102 2606 2333 2677 recepit.

2080 2702 2146 2755 Α.
2184 2699 2244 2756 C.
2275 2697 2404 2756 6H.
2433 2729 2501 2741 -
2537 2697 2652 2756 Hoc
2694 2717 2841 2756 anno
2889 2699 3094 2757 Mavias
3127 2702 3325 2758 educto
3358 2711 3411 2758 et
3447 2715 3599 2757 com-

2015 2792 2198 2863 posito
2232 2792 2482 2848 exercitu
2511 2793 2780 2850 adversus
2817 2793 3058 2849 Aradum
3102 2809 3254 2849 arma
3302 2794 3596 2851 convertit.

2014 2885 2168 2942 Illam
2193 2902 2328 2944 vero
2357 2902 2419 2943 ea
2452 2886 2769 2944 conditione
2794 2888 2960 2961 cepit,
2995 2899 3052 2943 ut
3084 2887 3368 2960 oppidani,
3398 2887 3489 2943 ubi
3533 2887 3600 2942 Ii-

319 2982 446 3045 τοὺς
477 2979 604 3033 ἔνθα
636 2978 954 3050 βούλονται·
999 2977 1099 3049 τὴν
1137 2977 1196 3031 δέ
1246 2976 1402 3030 πόλιν
1462 2978 1783 3052 ἐνέπρησεν,
1820 2979 1906 3034 καὶ

2021 2979 2257 3050 bnisset,
2312 2981 2565 3040 habitare
2620 2990 2866 3054 possent,
2903 2983 3094 3039 urbem
3131 2999 3258 3040 vero
3311 2982 3437 3053 igne
3472 2997 3600 3038 suc-

319 3070 690 3144 ἀπετείχισεν,
734 3072 831 3125 καὶ
877 3071 977 3142 τὴν
1028 3072 1190 3142 νῆσον
1235 3069 1492 3141 ἀοίκητον
1555 3072 1914 3144 κατέστησεν,

321 3165 424 3229 ἔως
457 3164 556 3219 τοῦ
590 3163 688 3219 νῦν
725 3165 766 3221 ’.

2016 3075 2224 3141 cendit,
2255 3076 2456 3132 nimnia
2489 3074 2706 3138 evertit,
2732 3077 2898 3148 286
2913 3084 2964 3132 ct
2989 3091 3163 3146 usque
3193 3076 3246 3132 in
3278 3075 3597 3131 hodiernum

2019 3168 2164 3224 diem
2198 3169 2376 3226 etI'ecit
2402 3171 2638 3226 insulam
2671 3170 2869 3225 incolis
2903 3170 3161 3226 omnibus
3193 3169 3488 3224 desertam.

390 3257 483 3330 Τῷ
531 3257 577 3311 δ’
625 3257 774 3330 αὐτῷ
803 3258 915 3311 ἔτει
945 3259 1172 3329 γέγονεν
1221 3263 1280 3314 ἐν
1321 3257 1510 3336 Ῥώμῃ
1548 3261 1765 3328 σύνοδος
1783 3262 1906 3334 ’(67)

2095 3259 2296 3318 Eodem
2348 3277 2493 3319 anno
2528 3263 2824 3318 concilium
2867 3263 3056 3317 Romae
3113 3278 3142 3316 a
3184 3261 3418 3318 Martino
3457 3275 3599 3334 papa

324 3354 429 3408 ὑπὸ
480 3353 762 3423 Μαρτίνου
819 3352 914 3407 τοῦ
965 3356 1122 3408 πάπα
1155 3355 1297 3410 κατὰ
1332 3357 1440 3409 τῶν
1492 3357 1907 3429 Μονοθελητῶν.

391 3451 466 3504 Α.
507 3450 586 3505 Μ.
647 3449 807 3504 61η.
838 3480 910 3490 —-
962 3449 1151 3522 Τούτῳ
1201 3451 1278 3522 τῷ
1333 3449 1444 3519 ἔτει
1502 3453 1912 3527 στρατοπεδάρ-

322 3562 426 3617 χης
487 3543 600 3614 (68)
667 3544 766 3597 σὺν
824 3546 937 3606 τοῖς
995 3542 1234 3613 ’Ἄραψιν
1287 3546 1719 3616 ἐπεστράτευσεν
1769 3546 1914 3601 κατὰ

336 3635 616 3707 Ἰσαυρίας
650 3652 664 3667 ·
705 3637 798 3688 καὶ
833 3635 1072 3700 κτείνας,
1094 3635 1327 3699 πολλοὺς
1351 3637 1744 3708 ᾐχμαλώτευσε
1773 3653 1788 3669 ’
1818 3638 1913 3692 καὶ

325 3729 466 3803 μετὰ
517 3727 980 3799 πεντακισχιλίων
1031 3728 1274 3799 δεσμίων
1335 3729 1699 3801 ὑπέστρεψεν.
1755 3731 1908 3802 Πέμ-

325 3839 416 3876 πει
451 3821 508 3877 δέ
542 3823 570 3876 ὃ
619 3821 874 3893 βασιλεὺς
925 3821 1192 3887 Κώνστας
1237 3823 1544 3892 Προκόπιόν
1598 3842 1718 3878 τινα
1775 3825 1912 3897 πρὸς

325 3915 542 3970 Μασίαν
571 3913 750 3986 ζητῶν
785 3915 1010 3985 εἰρήνην
1046 3930 1060 3945 °
1091 3915 1119 3970 ὃ
1147 3915 1240 3970 καὶ
1267 3916 1489 3984 γέγονεν
1521 3916 1632 3970 ἔτει
1674 3915 1739 3988 β’,
1771 3918 1913 3990 Γρη-

325 4007 510 4080 γόριον
563 4007 679 4062 υἱὸν
731 4005 1011 4079 Θεοδώρου
1053 4005 1231 4063 λαϐὼν
1278 4009 1499 4074 Mavis;
1552 4011 1809 4083 ἐνέχυρον
1838 4015 1912 4084 ,ἐν

328 4099 638 4171 Δαμασκῷ.·

397 4282 464 4339 Δ.
493 4282 568 4335 Μ.
606 4281 766 4336 6H5.
793 4311 863 4320 —
899 4279 1085 4351 Τούτῳ
1118 4279 1196 4351 τῷ
1233 4279 1342 4333 ἔτει
1381 4280 1401 4312 ⁸
1448 4281 1769 4335 ἐστασίασεν
1799 4283 1913 4337 Ila-

332 4373 609 4445 σαγνάθης
638 4374 665 4426 ὁ
698 4373 806 4426 τῶν
857 4372 1160 4443 Ἀρμενίων
1210 4371 1500 4441 πατρίκιος
1544 4373 1621 4444 τῷ
1657 4372 1869 4445 βασιλεῖ
1896 4390 1911 4404 ·

329 4466 420 4520 καὶ
477 4465 715 4529 σπονδὰς
777 4466 916 4535 μετά
973 4465 1185 4520 Μαυΐου
1258 4464 1562 4536 πεποίηκεν
1595 4506 1610 4531 ,
1662 4466 1911 4532 δεδωκὼς

329 4560 478 4632 αύτῷ
512 4559 720 4614 καὶτὸν
750 4559 880 4613 tam
913 4561 1049 4613 υἱόν.
1095 4557 1362 4623 Ἀκούσας
1387 4559 1444 4612 δέ
1465 4562 1494 4613 ὁ
1525 4558 1782 4629 βασιλεὺς
1818 4555 1917 4631 ἦλα

2016 3357 2349 3416 damnandis
2377 3356 2764 3412 monothcletis
2799 3357 3137 3412 celebratum
3172 3365 3277 3413 est.

2091 3453 2154 3505 Α.
2183 3452 2245 3507 C.
2277 3450 2403 3504 642.
2436 3479 2507 3490 -—
2533 3449 2648 3506 IIoc
2695 3465 2838 3504 anno
2875 3447 3240 3504 Arabicorum
3293 3459 3601 3506 castrorum

2017 3544 2316 3618 praefectus
2376 3545 2428 3598 in
2488 3543 2759 3602 Isauriam
2821 3543 3249 3615 impressionem
3316 3543 3486 3609 fecit,
3547 3551 3604 3600 et

2013 3652 2212 3706 magna
2246 3645 2434 3705 strage
2473 3634 2645 3699 edita,
2688 3635 2876 3706 plures
2909 3635 2962 3689 in
3012 3632 3385 3704 captivitatem
3430 3632 3602 3697 misit,

2014 3738 2068 3786 et
2113 3746 2238 3785 cum
2290 3731 2602 3785 vinctorum
2639 3727 2894 3783 millibus
2930 3727 3179 3797 quinque
3226 3725 3294 3780 ad
3341 3740 3473 3782 suos
3513 3742 3604 3782 re-

2015 3837 2239 3893 gressus
2288 3827 2395 3874 est.
2434 3818 2736 3890 Imperator
2771 3825 2954 3874 autem
2988 3817 3267 3874 Constans
3335 3816 3605 3888 Procopio

2016 3915 2249 3986 quodam
2304 3912 2372 3967 ad
2424 3911 2656 3967 Maviam
2712 3912 2923 3974 misso,
2979 3925 3169 3980 pacem
3228 3910 3600 3981 exposcebat:

2015 4007 2163 4080 quod
2199 4021 2344 4061 anno
2378 4005 2624 4061 secundo
2656 4004 3007 4075 postmodum
3056 4001 3265 4057 Mavias
3325 4001 3603 4081 praestitit,

2016 4098 2282 4170 Gregorio
2318 4093 2592 4150 Theodori
2640 4094 2757 4148 tilio
2789 4101 3079 4165 pactorum
3115 4091 3378 4146 initorum
3415 4090 3606 4146 obside

2017 4191 2270 4247 Damasci
2303 4198 2538 4246 retento.

2089 4285 2153 4342 A.
2185 4284 2247 4339 C.
2273 4281 2597 4339 (iii—Hoc
2629 4295 2773 4335 anno
2799 4278 3179 4350 Pasagnathes
3218 4278 3604 4334 Armeniorum

2019 4377 2292 4451 patricius
2321 4379 2377 4432 in
2416 4378 2804 4447 imperatorem
2833 4372 3130 4445 perduellis
3156 4387 3307 4426 arma
3336 4372 3606 4444 suscepit,

2015 4479 2071 4527 et
2095 4469 2206 4524 ﬁlio
2236 4467 2428 4524 Mariae
2461 4469 2516 4522 in
2563 4465 2811 4521 obsidem
2840 4464 2991 4529 dato,
3027 4463 3154 4517 belli
3185 4477 3312 4518 cum
3341 4477 3405 4517 eo
3427 4464 3608 4519 socie-

2017 4570 2183 4617 tatem
2219 4561 2367 4615 iniit.
2401 4560 2604 4614 Nuntio
2630 4555 3034 4628 perduellionis
3064 4555 3277 4618 audito,
3308 4555 3611 4625 imperator

331 4655 422 4707 θεν
465 4654 573 4719 ἱως
624 4651 964 4723 Καισαρείας
1010 4650 1428 4717 Καππαδοκίας,
1464 4652 1906 4722 καὶ,ἀπελπίσας

2021 4655 2327 4711 ϐπειιτθλιιι
2358 4669 2536 4724 usque
2559 4651 2927 4721 Cappadocia
2958 4664 3017 4704 se
3045 4648 3303 4712 contulit,
3349 4656 3403 4702 et
3443 4647 3609 4704 rebus

331 4748 430 4818 τῆς
475 4746 771 4816 Ἀρμενίας
807 4743 1172 4814 ὑπέστρεψεν.

399 4840 465 4893 Δ.
488 4836 566 4894 Μ.
603 4836 764 4891 διιι.
790 4864 856 4876 -
883 4834 1073 4908 Τούτῳ
1097 4833 1174 4910 τῷ
1203 4832 1314 4887 ἔτει
1347 4833 1652 4906 Γρηγόριος
1687 4836 1716 4888 ὁ
1758 4836 1914 4890 ἀδελ.

2022 4750 2300 4805 Armenia:
2323 4746 2635 4819 desperatis
2668 4745 2722 4798 in
2752 4746 2943 4800 urbem
2973 4757 3229 4798 reversus
3259 4749 3364 4797 est.

2097 4840 2163 4896 Α.
2183 4837 2583 4897 (1.644.-Ποο
2606 4851 2753 4892 anno
2781 4835 3137 4907 imperatoris
3169 4832 3404 4889 IIeraclii
3441 4832 3612 4889 frater

1608 4955 1849 5012 VARIIE
1881 4958 2288 5020 LECTIONES.

400 5058 444 5091 ”
465 5055 523 5109 δέ
574 5053 760 5122 σκάφη
789 5051 852 5116 Α,
885 5051 941 5106 δέ
965 5052 1057 5106 καὶ
1084 5070 1171 5107 σκ.
1204 5053 1351 5124 vulg.

1431 5052 1449 5084 ¹
1483 5051 1577 5124 καλ
1609 5052 1842 5124 Κόριζον
1871 5056 1935 5109 Α.
2014 5057 2035 5087 ⁸
2066 5054 2452 5120 κατὰιέναντία
2486 5052 2666 5106 Ῥόδου
2692 5051 2734 5105 Α
2770 5050 2872 5124 at.
2951 5049 3329 5124 '_;o_vK.\‘ttlg.

3405 5047 3426 5080 ⁸
3462 5063 3615 5116 γενε-

339 5128 500 5198 μένης
531 5127 597 5188 Α.
621 5118 916 5198 γενομένου
946 5124 1089 5195 vulg.
1167 5126 1189 5157 ⁸
1220 5125 1279 5178 ἐν
1302 5118 1589 5196 ᾎαμασκῷ
1620 5118 1704 5178 Α]
1764 5124 1784 5155 ⁸
1819 5125 1919 5197 τῆς
1950 5127 2077 5183 add.
2110 5143 2175 5182 ex
2204 5118 2270 5182 Ᾱ.
2349 5127 2368 5158 ⁷
2393 5127 2467 5190 ὡς
2493 5125 2587 5178 τοῦ
2616 5124 2709 5176 νῦν
2741 5123 2888 5194 vnlg.
2963 5121 2985 5153 ⁸
3014 5121 3100 5175 hic
3128 5118 3305 5174 annus
3341 5118 3613 5174 omittitur

339 5195 655 5253 iuAaef.

1665 5282 1812 5340 JAC.
1839 5284 2056 5343 GOARI
2111 5286 2346 5348 ΝΟΤίΕ,

338 5387 390 5442 di
423 5394 607 5458 queat.
639 5381 828 5436 Coacti
864 5395 997 5458 ergo
1023 5378 1294 5458 ejusmodi
1342 5378 1594 5458 monachi
1615 5381 1924 5458 _statio_nem
2033 5401 2193 5458 τευσε
2230 5383 2606 5458 πολλοὺς,ῗκαὶ
2657 5381 3024 5458 ὑπέστρεψεν.
3090 5378 3206 5435 Non
3229 5378 3607 5458 _plaeet_q‘uod

341 5449 625 5520 deserere;
670 5469 780 5508 non
827 5455 1100 5508 columnae
1139 5450 1412 5505 columnis
1468 5451 1742 5505 excidere.
1775 5449 1926 5506 Cox-

342 5545 507 5587 BEFIS.

431 5600 517 5669 67)
550 5599 626 5657 De
657 5596 818 5666 cuius
854 5603 1101 5669 tempore
1139 5593 1206 5648 ad
1242 5608 1367 5669 pag.
1391 5591 1499 5648 288
1529 5600 1691 5649 notae.

432 5665 658 5727 68'Ante
690 5665 1171 5738 στρατοπεδάρχης
1196 5665 1394 5719 excidit
1426 5679 1623 5738 nomen
1644 5666 1922 5738 proprium

344 5734 598 5813 Βουσούρ,
644 5734 790 5813 quod
832 5734 1420 5813 Anast.‘repraesenta_t
1455 5751 1474 5790 ε
1501 5734 1722 5813 __B_usu_r
1747 5734 1921 5813 'prin-

344 5831 458 5884 cep:
494 5804 796 5871 cfs-nitus:
827 5810 968 5879 apud
987 5804 1149 5884 quem
1163 5804 1663 5884 etia_m_siittplieit_ts
1682 5804 1915 5880 legitur:

344 5877 524 5942 occisis
561 5885 765 5940 multis.
796 5877 914 5935 cuin
945 5880 1171 5949 quinque
1206 5877 1443 5949 millibus
1470 5877 1803 5946 captivorum
1830 5895 1918 5934 rc-

348 5973 518 6013 rmus
566 5968 665 6014 est.
737 5951 829 6011 Sic
865 5968 918 6024 p.
955 5947 1061 6008 291i
1088 5947 1174 6007 'dc
1214 5947 1438 6006 Busur:
1509 5949 1616 6003 Καὶ
1657 5949 1919 6023 ᾐχμαλώ-

2035 5454 2216 5512 reddit
2257 5470 2434 5510 novus
2487 5457 2718 5519 interpr.
2775 5449 2847 5510 de
2900 5449 3031 5523 pace
3064 5466 3186 5506 cum
3227 5449 3401 5507 Mevia
3435 5449 3609 5507 intra:

2038 5528 2103 5597 Ὃ
2133 5528 2250 5597 καὶ-
2273 5528 2461 5594 γέγονε
2491 5527 2586 5594 ἔτη
2620 5525 2665 5597 β’
2692 5543 2706 5557 ·
2741 5524 2894 5592 Quod
2926 5539 3065 5580 anno
3083 5523 3320 5597 secundo
3377 5530 3615 5597 postmo-

2031 5596 2160 5651 dum
2192 5593 2403 5652 Marios
2443 5593 2726 5666 prwt’titt't;
2781 5597 2914 5662 into,
2953 5593 3093 5665 quod
3123 5595 3323 5662 factum
3345 5604 3420 5649 est
3455 5593 3613 5666 annis

2029 5671 2259 5734 duobus,
2295 5679 2353 5724 ut
2385 5664 2527 5724 idem
2565 5671 2781 5730 Auast..
2815 5669 2932 5722 sive
2967 5664 3021 5721 in
3068 5679 3243 5721 annos
3288 5666 3430 5720 duos
3471 5664 3616 5719 obti-

2032 5743 2188 5807 nuit;
2227 5743 2428 5810 quibus
2474 5741 2730 5803 evolutis,
2763 5737 3244 5810 instauratobello
3291 5751 3413 5810 tuo:
3450 5735 3614 5791 tertio

2028 5805 2183 5867 anno
2202 5805 2429 5868 Rhodus
2453 5822 2609 5882 capta
2637 5821 2744 5868 est.
2774 5810 2846 5866 De
2871 5811 3052 5867 Busur
3084 5808 3283 5866 iterum
3305 5805 3494 5865 Const.
3518 5821 3613 5863 an.

2023 5883 2094 5938 25
2126 5894 2178 5940 et
2203 5883 2292 5940 ‘25.
2335 5884 2624 5940 Consus.
