3996 6292
389 440 497 501 7‘33

1741 436 2150 499 THEOPHAN
2161 437 2233 496 IS

3556 435 3678 502 7M

387 547 690 620 Gregorius
722 547 989 619 lleliOpoli
1025 547 1167 603 diem
1196 556 1501 604 extremum
1537 550 1698 617 obiit,
1730 560 1783 606 et
1821 569 1971 623 myr-

2088 551 2174 618 ρδς
2225 553 2244 582 ο
2302 547 2626 619 Ἡρακλείου
2669 547 2726 600 ὲν
2799 547 3139 602 Ἡλιουπόλει
3199 549 3500 614 ἀπέθανεν,
3563 557 3674 608 καὶ

390 644 489 697 rha
529 642 787 698 conditus
814 641 1028 712 Cpolim
1069 642 1276 697 relatus
1317 653 1423 698 cst.
1476 641 1589 698 Hoc
1629 645 1793 700 etiam
1827 660 1974 699 anno

390 735 572 804 pulvis
613 749 643 790 e
690 734 831 788 ccelo
864 733 1059 788 imbris
1093 734 1270 789 instar
1295 735 1505 806 depluit
1529 777 1544 801 ,
1576 747 1628 792 et
1661 745 1843 793 metus
1886 737 1973 791 in-

390 844 524 895 gens
557 828 842 882 hominum
879 827 1078 881 animis
1107 827 1379 883 incubuit.

464 918 682 988 Cpaleos
764 921 1114 989 esiscopatum
1171 937 1340 974 annos
1418 908 1694 974 duodecim
1767 921 1975 977 Paulus

390 1015 649 1069 obtinuit.

465 1105 670 1162 Paulus
726 1106 838 1161 fato
897 1105 1167 1176 fungitur,
1219 1116 1272 1162 et
1322 1107 1562 1178 Pyrrhus
1612 1123 1832 1160 rursum
1882 1121 1978 1178 per

392 1217 614 1256 menses
637 1212 876 1271 quatuor
906 1207 960 1253 et
993 1198 1110 1254 dies
1143 1199 1333 1266 viginti
1367 1207 1479 1253 tres
1511 1200 1840 1253 restituitur.

463 1293 530 1349 Α.
580 1294 640 1350 C.
681 1291 806 1347 645.
837 1322 909 1332 —
939 1290 1053 1346 Hoc
1086 1307 1232 1348 anno
1261 1290 1455 1348 Rhodo
1485 1307 1513 1344 a
1549 1292 1842 1346 Saracenis
1881 1305 1979 1346 oc-

392 1397 613 1460 cupata,
649 1385 856 1442 Mavias
887 1385 1162 1442 Rhodium
1195 1386 1473 1440 colossum
1515 1385 1663 1441 mille
1719 1386 1980 1441 trecentis

392 1489 448 1537 et
481 1481 768 1551 sexaginta
794 1482 956 1534 annis
985 1489 1274 1549 postquam
1307 1480 1520 1548 positus
1553 1476 1732 1532 fuerat
1760 1477 1980 1548 dejecit.

392 1571 617 1628 Judaeus
643 1573 861 1641 quidam
901 1571 1216 1627 Edessenus
1254 1587 1377 1624 eum
1421 1579 1699 1625 mercatus
1732 1585 1982 1641 nongen-

393 1676 481 1723 tos
506 1684 569 1722 ex
609 1668 730 1738 ejus
767 1667 989 1721 metallo
1025 1665 1263 1721 camelos
1289 1665 1559 1720 oneravit.
1588 1663 1791 1719 Eodem
1835 1679 1982 1720 anno

390 1762 603 1818 Altibus
655 1761 896 1813 Arabum
952 1758 1060 1812 dux
1106 1760 1160 1812 in
1216 1759 1530 1812 Armeniam
1573 1773 1735 1811 manu
1771 1764 1982 1811 armata

391 1855 678 1922 ingressus
716 1862 824 1916 est.
864 1852 1320 1922 Maurianumque
1371 1851 1746 1906 Romanorum
1780 1851 1977 1905 ducem

2080 642 2436 715 σμυρνισθεὶς
2473 641 2513 672 ¹⁰
2541 641 2769 712 εἰσήχθη
2800 645 2856 695 ὲν
2890 643 3465 698 Κωνσταντινουπόλει
3487 645 3548 700 υ.
3571 641 3682 718 Τῷ

2076 736 2120 789 δ’
2151 735 2300 806 αύτῷ
2345 735 2455 788 ἔτει
2491 736 2640 797 κόνις
2680 735 2739 799 ἐξ
2783 735 3022 804 ούρανοῦ
3055 737 3389 809 κατηνέχθη,
3424 739 3516 792 καὶ
3550 739 3679 808 ἱρά-

2077 829 2170 892 6ος
2209 829 2382 900 μέγας
2413 829 2682 881 ἐπέπεσεν
2707 830 2818 888 τοῖς
2860 827 3193 898 ἀνθρώποις.

2149 922 2852 987 Κωνσταντινουπόλεως
2907 922 3249 989 ἐπίσκοπος
3301 923 3544 990 Παῦλος
3630 924 3680 956 ¹¹

2076 1013 2180 1080 ἐτη
2209 1011 2308 1077 ιβ’.

2152 1106 2364 1170 Παῦλος
2393 1106 2621 1178 τελευτᾷ
2647 1124 2662 1137 ο
2692 1107 2786 1160 καὶ
2811 1107 3025 1179 Πύρρος
3071 1108 3232 1162 πάλιν
3278 1111 3389 1183 (69)
3424 1114 3680 1169 ἀποκατο

2080 1198 2283 1271 εστάθη
2327 1200 2370 1232 ⁸³
2412 1204 2587 1270 μῆνας
2617 1202 2660 1233 ³⁵
2693 1200 2733 1253 δ’
2768 1202 2859 1254 καὶ
2888 1203 3100 1273 ἡμέρας
3125 1201 3226 1272 κγ’.

2053 1343 2059 1348 ,
2145 1297 2209 1348 Α.
2244 1295 2317 1347 Μ.
2357 1293 2517 1347 6145.
2541 1324 2610 1335 -
2641 1293 2829 1364 Τούτῳ
2849 1293 2926 1366 τῷ
2959 1294 3069 1349 ἔτει
3104 1297 3322 1361 Μαυῖας
3351 1295 3446 1357 τὴν
3485 1297 3681 1352 Ῥόδον

2081 1385 2406 1442 καταλαϐὼν
2451 1387 2700 1441 καθεῖλεν
2725 1388 2817 1440 τὸν
2847 1387 3105 1442 κολοσσὸν
3141 1391 3322 1445 Ῥόδου
3365 1392 3502 1461 μετὰ
3532 1388 3678 1466 ἀτξ⁹

2083 1480 2178 1551 ἔτη
2247 1481 2346 1548 τῆς
2410 1480 2576 1535 αὐτοῦ
2631 1481 2895 1553 ἱδρύσεως
2942 1482 3054 1553 (70)
3091 1524 3106 1546 ,
3168 1483 3228 1537 ὃν
3273 1484 3524 1550 Ἰουδαῖός
3580 1502 3680 1550 τις

2082 1573 2436 1644 ὠνησάμενος
2486 1572 2728 1644 ἔμπορος
2770 1575 3091 1648 Ἐδεσσηνὸς
3128 1578 3450 1640 ὲννακοσίας
3481 1579 3681 1649 καμή-

2083 1669 2208 1731 λους
2238 1667 2549 1737 ὲφόρτωσεν
2579 1668 2745 1721 αὐτοῦ
2781 1667 2874 1722 τὸν
2922 1671 3142 1740 χαλκόν.
3185 1671 3274 1742 Τῷ
3304 1671 3351 1724 δ’
3371 1672 3526 1742 αύτῷ
3557 1671 3680 1725 ἔτει

2087 1761 2308 1824 Ἀὅιὸος
2345 1761 2390 1798 ⁸⁸
2438 1761 2468 1814 ό
2501 1760 2610 1813 τῶν
2659 1761 2906 1831 Ἀράϐων
2965 1764 3277 1834 στρατηγὸς
3308 1764 3408 1835 τὴν
3439 1765 3486 1798 ¹⁶
3536 1766 3677 1836 Ἀρ-

2087 1853 2276 1925 μενίαν
2327 1854 2788 1924 ἐπεστράτευσεν.
2828 1853 2937 1908 Καὶ
2978 1855 3294 1927 περιτυχὼν
3349 1859 3679 1928 Μαυριανδν

392 1964 518 2002 cum
574 1947 748 2016 copiis
785 1945 1002 1999 obviam
1056 1945 1296 2010 factum,
1329 1945 1396 1998 ad
1450 1943 1752 1998 Cancasios
1800 1959 1977 2013 usque

2088 1945 2170 1998 τὸν
2203 1946 2314 1999 τῶν
2377 1946 2666 2017 Ῥωμαίων
2719 1947 3026 2018 στρατηγὸν
3063 1949 3390 2015 κατεδίωξεν
3435 1950 3476 1982 "
3507 1953 3680 2007 αὑτὸν

392 2051 611 2096 montes
645 2039 872 2111 fugavit,
926 2050 979 2094 et
1011 2039 1297 2110 regionem
1333 2052 1552 2109 quaqua
1587 2047 1734 2109 patet
1760 2036 1974 2108 deprae-

391 2137 556 2190 datus
583 2142 687 2189 est.

463 2237 529 2285 Α.
562 2230 624 2286 C.
659 2227 977 2283 6t6.-—Hoe
1007 2242 1155 2281 anno
1187 2225 1397 2282 Mavias
1425 2226 1726 2282 exercitum
1762 2227 1977 2282 inStauo

393 2324 557 2387 ravit,
592 2326 863 2395 ingentem
899 2338 1028 2377 vero
1063 2321 1295 2376 classem
1325 2320 1497 2375 armis
1524 2320 1766 2391 virisque
1811 2321 1976 2392 287

393 2417 688 2480 munitam,
721 2423 778 2470 ut
804 2415 1003 2471 bellum
1024 2423 1076 2470 et
1095 2413 1300 2468 caadem
1327 2412 1485 2484 Cpoli
1511 2411 1760 2479 inferret,
1795 2414 1978 2484 parari

387 2501 579 2584 jussit.
614 2510 843 2566 Omnem
883 2525 1050 2580 porro
1105 2508 1359 2563 bellicum
1395 2516 1718 2579 apparatum
1765 2508 1830 2562 ad
1857 2506 1980 2563 Tri-

393 2606 588 2676 polim,
638 2620 760 2674 qua:
812 2602 1106 2657 thnieiae
1137 2600 1336 2656 civitas
1364 2611 1473 2665 est,
1519 2600 1704 2671 colligi
1739 2601 1979 2657 curavit.

393 2699 472 2755 Eo
524 2706 818 2768 conspecto
859 2697 1058 2752 fratres
1093 2695 1206 2750 duo
1233 2694 1590 2759 Christicolae,
1642 2694 1735 2766 qui
1771 2693 1978 2764 Tripoli

395 2793 581 2848 sedem
617 2792 870 2854 lixerant,
906 2790 1000 2844 lilii
1032 2789 1436 2852 Buccinatoris,
1473 2788 1662 2843 divino
1693 2789 1862 2842 animi
1888 2802 1979 2842 ar-

393 2888 526 2941 dore
581 2884 867 2954 exagitati,
927 2884 993 2938 ad
1034 2884 1283 2954 publicos
1323 2882 1567 2938 civitatis
1613 2896 1868 2936 carceres
1907 2880 1983 2935 ir-

391 2984 560 3032 ruunt
598 2979 734 3048 (erat
782 2983 929 3030 certe
961 2975 1332 3029 Romanorum
1364 2989 1629 3029 numerus
1677 2972 1819 3028 haud
1852 2987 1984 3028 con-

393 3073 723 3129 :emnendus
751 3072 805 3125 in
833 3071 1095 3142 vinculis)
1135 3069 1490 3141 ell‘ractisque
1535 3069 1586 3126 vi
1617 3068 1828 3124 foribus
1861 3068 1984 3122 vin-

391 3168 608 3236 etisque
665 3166 929 3230 liberatis,
989 3165 1043 3220 in
1092 3163 1336 3220 civitatis
1393 3178 1638 3219 ameram
1711 3163 1979 3233 impetum

393 3262 623 3324 faciunt,
673 3274 849 3329 eoque
883 3273 1005 3312 cum
1039 3263 1155 3312 toto
1181 3258 1446 3312 comitatu
1490 3256 1701 3321 occiso,
1743 3256 1980 3326 supelle-

397 3351 581 3407 t-tilezu
634 3350 758 3420 ejus
791 3365 1008 3404 onmem
1057 3346 1294 3401 ﬂammis
1327 3348 1653 3409 absumunt,
1697 3353 1752 3400 et
1786 3345 1839 3400 in
1872 3345 1983 3400 Ro-

394 3460 613 3500 manam
699 3443 958 3498 ditionem
1047 3439 1498 3495 translretantur.
1555 3439 1792 3508 Arrepto
1851 3452 1983 3492 vero

396 3538 597 3594 bellum
657 3535 909 3591 movendi
947 3536 1226 3604 pr0posito
1284 3548 1392 3587 non
1427 3531 1700 3586 abscessit
1751 3529 1980 3595 Mavias,

394 3630 529 3698 quin
583 3630 692 3684 imo
747 3627 1048 3683 exercitum
1115 3625 1422 3680 Cassaream
1453 3623 1815 3694 Cappadocia:
1867 3623 1984 3692 ipse

393 3721 680 3787 transfert,
747 3722 1125 3776 Abulabarum
1185 3729 1366 3774 autem
1419 3719 1614 3774 classis
1664 3715 1980 3788 praelectum

394 3813 710 3866 constituit.
754 3812 802 3865 Is
855 3809 1173 3866 Phtenicetn
1209 3807 1412 3880 (Lycia:
1467 3808 1646 3863 locum
1688 3806 1980 3877 quemdam

396 3904 478 3960 sic
509 3903 742 3974 dicunt),
788 3903 877 3958 ubi
932 3903 1233 3973 imperator
1268 3900 1543 3956 Constans
1593 3909 1775 3954 castra
1838 3898 1980 3953 clas-

397 4011 624 4066 scitique
660 3997 900 4057 tenebat,
935 3996 1235 4065 appelletis.
1269 4009 1389 4048 cum
1444 4009 1509 4048 eo
1564 3990 1744 4047 navali
1791 3991 1978 4062 praelia

395 4090 661 4143 decertat.
712 4086 856 4142 Inter
899 4088 1106 4158 primos
1154 4095 1334 4141 autem
1385 4085 1642 4155 paranda
1689 4083 1979 4138 maritimae

395 4197 591 4253 pugna:
623 4180 890 4236 tumultus
923 4189 1207 4235 nocturna:
1252 4178 1457 4249 quietis
1492 4179 1709 4234 somnio
1741 4176 1979 4232 Thessa-

2079 2039 2185 2104 ἕως
2216 2040 2326 2093 τῶν
2349 2039 2688 2094 Καυκασίων
2715 2039 2912 2113 ὀρέων,
2937 2040 3028 2094 καὶ
3056 2041 3154 2112 τὴν
3182 2041 3368 2114 χώραν
3391 2045 3678 2115 ὲληῖσατο.

2152 2228 2217 2281 Α.
2253 2228 2328 2282 Μ.
2364 2224 2524 2281 6146.
2549 2255 2618 2265 -——
2642 2225 2829 2297 Τούτῳ
2867 2226 2947 2298 τῷ
3002 2226 3115 2290 ἔτει
3147 2229 3589 2300 ἐπεστράτευσεν
3647 2231 3681 2284 6

2077 2322 2320 2386 ιδίαυῖας,
2347 2323 2443 2375 καὶ
2467 2320 2709 2392 ὡρίσατο
2742 2321 2790 2352 ¹⁸
2825 2321 3080 2389 γενέσθαι
3106 2321 3384 2387 ἐξόπλισιν
3421 2323 3683 2394 μεγάλην

2079 2413 2187 2469 τῶν
2208 2414 2410 2468 πλοίων
2445 2415 2579 2487 πρὸς
2599 2417 2659 2469 τὸ
2678 2418 2720 2450 ¹⁹
2743 2404 2988 2470 ἀνελθεῖν
3017 2416 3108 2472 τὸν
3125 2419 3308 2472 στόλον
3333 2420 3500 2474 αὑτοῦ
3527 2422 3682 2475 κατὰ

2081 2507 2677 2566 Κωνσταντινούπολιν.
2721 2508 2783 2562 Ἦ
2817 2509 2873 2562 δὲ
2907 2511 3058 2564 πᾶσα
3102 2511 3394 2582 ἑτοιμασία
3451 2516 3505 2568 ὲν
3537 2517 3681 2585 Τρι-

2082 2602 2237 2656 πόλει
2270 2599 2354 2674 ιῆν
2397 2605 2463 2674 τῇ
2510 2603 2653 2657 κατὰ
2703 2604 2978 2678 Φοινίκην.
3008 2605 3183 2660 Τοῦτο
3238 2607 3294 2662 δὲ
3341 2609 3683 2679 θεασάμενοι

2081 2695 2174 2750 δύο
2214 2695 2432 2767 ἀδελφοὶ
2467 2713 2616 2760 τινες
2654 2697 2991 2770 φιλόχριστοι
3016 2701 3074 2753 ἐν
3115 2700 3375 2771 Τριπόλει
3422 2704 3683 2773 καταμέ-

2082 2805 2266 2851 νοντες
2301 2789 2404 2841 υἱοὶ
2455 2787 2867 2862 Βουκινάτωρος
2915 2791 3051 2861 (71),
3077 2791 3225 2864 ζήλῳ
3267 2793 3404 2847 Θεοῦ
3433 2795 3682 2866 τρωθέν-

2083 2895 2202 2940 τες,
2234 2878 2330 2931 ἐπὶ
2353 2876 2412 2930 τὸ
2446 2879 2826 2950 δεσμωτήριον
2856 2881 2956 2950 τῆς
2988 2881 3198 2945 πόλεως
3229 2882 3516 2954 ὥρμησαν.
3545 2883 3684 2956 Εἶχε

2082 2970 2138 3024 δὲ
2192 2971 2398 3042 πλῆθος
2427 2971 2666 3041 δεσμίων
2708 2973 3000 3042 Ῥωμαίων
3031 2975 3100 3036 ¹⁰,
3141 2975 3235 3028 καὶ
3271 2975 3683 3048 διαρρήξαντες

2085 3061 2183 3124 τὰς
2240 3059 2416 3124 πύλας
2466 3061 2561 3114 καὶ
2615 3061 2746 3125 τοὺς
2787 3063 3045 3132 δεσμίους
3094 3063 3377 3131 λύσαντες,
3436 3065 3528 3120 ἐπὶ
3583 3067 3686 3119 τὸν

2086 3153 2312 3222 ἀμηρᾶν
2340 3151 2438 3222 τῆς
2466 3150 2676 3215 πόλεως
2707 3151 3000 3224 ὥρμησαν,
3032 3156 3126 3209 καὶ
3151 3155 3464 3220 κτείναντες
3495 3157 3672 3212 αὐτόν

2088 3260 2144 3298 τε
2176 3243 2270 3296 καὶ
2295 3241 2422 3307 τοὺς
2459 3243 2555 3296 σὺν
2585 3243 2735 3314 αύτῷ
2769 3245 2839 3312 ’⁸,
2864 3247 2959 3300 καὶ
2993 3246 3092 3317 τὴν
3114 3248 3430 3320 ἀποσκευὴν
3454 3249 3686 3305 ἃπασαν

2089 3339 2227 3409 πυρὶ
2247 3336 2758 3403 καταναλώσαντες,
2783 3339 2877 3393 ἐπὶ
2913 3340 3010 3410 τὴν
3057 3341 3364 3410 Ῥωμανξαν
3397 3343 3686 3397 ἀπέπλευ-

2087 3451 2209 3489 σαν.
2235 3433 2381 3506 ῐιλὴν
2414 3434 2725 3500 οὐδ’,οὖτως
2772 3437 2873 3508 τῆς
2907 3437 3080 3508 αὑτῆς
3124 3439 3402 3494 ἐπαύσατο
3441 3440 3684 3512 ἐξαρτύ-

2087 3546 2227 3593 σεως
2272 3529 2316 3560 ¹¹
2339 3542 2352 3558 ⁸
2397 3529 2510 3582 ἀλλ’
2536 3530 2564 3582 ὁ
2599 3531 2697 3599 μὲν
2721 3529 2940 3593 Manta;
2976 3532 3265 3601 στρατεύει
3323 3534 3417 3586 ἐπὶ
3462 3535 3683 3588 Καισά-

2088 3638 2242 3694 ρειαν
2263 3620 2678 3687 Καππαδοκίας,
2706 3622 3041 3695 Ἀϐουλαεὰρ
3059 3623 3104 3656 ⁸³
3134 3625 3190 3679 δὲ
3225 3628 3528 3697 στρατηγὸν
3559 3627 3684 3698 (72)

2086 3716 2420 3784 κατέστησεν
2445 3717 2542 3786 τῆς
2567 3717 2861 3781 ναυπλοτας
2887 3718 2934 3750 ’⁸
2958 3735 2971 3750 ·
3011 3717 3068 3782 ὃς
3111 3721 3553 3790 παραγενόμενος
3595 3723 3682 3785 εἰς

2087 3805 2177 3858 τὸν
2226 3804 2519 3876 λεγόμενον
2549 3806 2773 3860 Φοίνικα
2797 3808 2895 3876 τῆς
2926 3809 3158 3876 Λυκίας,
3189 3809 3317 3862 ἔνθα
3350 3805 3418 3881 ἦν
3449 3811 3476 3863 ό
3508 3808 3678 3880 βασι-

2081 3896 2211 3962 λεὺς
2244 3899 2508 3962 Κώνστας
2535 3899 2674 3968 μετὰ
2703 3898 2794 3952 τοῦ
2847 3902 3161 3972 Ῥωμαῖκοῦ
3211 3902 3422 3966 στόλου,
3456 3919 3682 3974 ναυμα-

2084 3993 2171 4065 χεῖ
2203 3990 2319 4062 μετ’
2355 3991 2546 4046 αὐτοῦ.
2573 3991 2872 4056 Μέλλοντος
2912 3993 2968 4046 δὲ
3015 3994 3111 4047 τοῦ
3146 3994 3413 4065 βασιλέως
3459 4001 3681 4065 ναυμα-

2087 4087 2225 4156 χεῖν,
2246 4085 2443 4157 θεωρεῖ
2467 4086 2589 4139 κατ’
2625 4086 2757 4157 ὄναρ
2792 4090 2858 4157 τῇ
2886 4089 3041 4140 νυκτὶ
3067 4089 3248 4160 ἐκείνῃ
3278 4085 3415 4142 εἶναι
3435 4088 3597 4142 αὐτὸν
3621 4090 3683 4144 ὲν

2089 4177 2480 4249 Θεσσαλονίκῃ.
2515 4177 2863 4241 Διυπνισθεὶς
2891 4179 2949 4232 δὲ
2977 4180 3019 4211 ’⁵
3043 4178 3348 4250 διηγήσατό
3395 4197 3500 4232 τινι
3533 4181 3682 4234 ὀνει-

1683 4300 1919 4357 V'Allle
1955 4301 2368 4368 LECTIONES,

465 4425 486 4456 ⁹
511 4423 792 4490 ἀδελφιδὺς
815 4438 866 4476 a.
943 4423 987 4454 ¹⁶
1016 4420 1331 4493 σμυρινθεὶς
1356 4420 1399 4476 1⁸.
1479 4422 1521 4453 ¹¹
1549 4420 1777 4492 εἰσήχθη
1795 4421 1851 4472 ἐν
1874 4421 2020 4478 Κων.
2053 4420 2120 4483 Α,
2155 4421 2356 4492 ἠνέχθη
2388 4421 2500 4474 Κπ.
2539 4421 2682 4489 vulg.

483 4495 825 4523 ).-.-...._1--_
869 4496 890 4523 Α
935 4509 961 4523 η
992 4493 1017 4523 ϐ’
1111 4493 1155 4523 ιι
1197 4495 1368 4523 “an..-
1405 4495 1426 4523 Α
1482 4493 1569 4523 ...Α
1614 4497 1790 4523 ..α-.-ρ
1830 4492 1958 4523 unln-
2056 4492 2099 4523 18
2135 4491 2392 4523 Ἀκὴαλ-
2430 4491 2453 4523 I'
2549 4492 2592 4523 16
2623 4492 2682 4523 οὗ

398 4495 442 4529 ⁸³
480 4495 827 4564 ἀπεκατέστη
858 4496 900 4547 Δ
935 4509 964 4547 a
992 4491 1062 4548 ιφ
1111 4493 1155 4524 ¹⁶
1195 4495 1368 4564 μῆνας
1394 4495 1458 4556 Α,
1482 4493 1575 4545 καὶ
1613 4497 1790 4562 μῆνας
1830 4492 1980 4561 vulg.
2056 4492 2099 4523 ³⁸
2135 4491 2392 4554 ’Λσόιόος
2430 4491 2468 4546 f.
2549 4492 2592 4524 ¹⁶
2623 4492 2719 4560 τὴν
2757 4491 2878 4545 add.
2914 4507 2960 4545 et

396 4566 440 4599 ⁸⁸
476 4567 570 4619 καὶ
599 4566 837 4635 ὡρίσατο
867 4581 976 4618 om.
1006 4567 1049 4618 A
1083 4563 1121 4620 f.
1201 4565 1240 4596 "
1271 4565 1408 4634 πρὸς
1437 4563 1520 4636 τὸ]
1547 4565 1641 4616 τοῦ
1680 4565 1744 4617 Α.
1822 4563 1868 4594 ²⁹
1896 4563 2055 4631 δεσμ.
2103 4563 2274 4632 Ῥωμ.
2307 4567 2368 4625 Α,
2415 4562 2581 4630 Ῥωμ.
2618 4564 2777 4630 δεσμ.
2813 4563 2960 4632 vulg.

396 4637 522 4689 add.
554 4653 617 4689 ex
650 4639 712 4689 A.
793 4638 836 4667 “
871 4634 1214 4689 ἐξαρτύσεως
1247 4635 1309 4689 Α.
1345 4635 1691 4689 ὲεαοτήσεως
1724 4636 1870 4689 vulg.
1949 4635 1993 4666 ’³
2021 4633 2356 4689 Ἀὅουλαοὺο
2378 4638 2420 4689 Α
2454 4633 2491 4689 l.
2527 4633 2896 4689 Ἀϐουλαονὰο
2929 4649 2958 4686 a

2021 4633 2356 4706 Ἀὅουλαοὺρ
2378 4638 2420 4689 Α
2454 4633 2491 4697 Γ,
2527 4633 2896 4706 Ἀϐουλαονᾶιρ
2929 4649 2980 4687 a.

398 4495 442 4529 “
480 4495 827 4564 ἀπεκατέστη
858 4496 900 4547 Δ
935 4493 1031 4548 af.
1094 4493 1155 4564 κίε
1195 4495 1368 4564 μῆνας
1394 4493 1575 4564 Α,καὶ
1613 4497 1790 4562 μῆνας
1830 4492 1980 4564 vulg.

395 4637 522 4690 add.
554 4653 617 4690 ex
650 4634 712 4689 Α.
793 4638 836 4667 ’ί
871 4634 1214 4704 ἐξαρτύσεως
1247 4635 1309 4706 ᾼ,
1345 4634 1691 4706 ἐξαρτήσεως
1724 4636 1870 4704 vnlg.

395 4708 576 4771 ποιΐας
613 4710 655 4760 Α
691 4723 741 4773 a,
766 4708 861 4777 τῆς
893 4708 1212 4769 ὁπλοποιῖας
1244 4704 1282 4763 f.
1359 4707 1403 4737 ³⁵
1430 4705 1485 4758 δὲ
1513 4704 1637 4760 add.
1675 4721 1737 4760 ex
1772 4707 1835 4759 Α.

2771 4421 2818 4494 "_
2844 4419 3061 4494 flatile;
3091 4419 3190 4494 Aa
3221 4418 3258 4486 1³,
3282 4419 3486 4494 Πέτρος
3523 4422 3671 4494 vulg.

2549 4492 2592 4524 ¹⁶
2623 4492 2719 4547 τὴν
2757 4490 2878 4545 add.
2914 4507 2976 4545 ex
3006 4493 3069 4544 A.
3147 4491 3190 4521 ”
3244 4491 3571 4546 καταδιώκει
3609 4490 3676 4547 Ᾱ.

2678 4539 2777 4630 au.
2813 4563 2960 4634 vulg.
3039 4564 3079 4592 "
3109 4563 3205 4634 xui.
3233 4563 3358 4625 τοὺς
3389 4563 3484 4634 σὺν
3519 4566 3678 4634 αύτῷ

3085 4634 3130 4664 ’⁵
3160 4633 3258 4702 τῆς
3283 4632 3455 4701 αὐτῆς
3487 4632 3679 4690 πλοιοέ

1711 4798 1853 4855 JAC.
1891 4799 2102 4857 GOARI
2139 4800 2366 4856 NOTAE.

467 4897 578 4970 (69)
617 4895 699 4976 De
721 4894 930 4976 Pyrrho
961 4893 1365 4976 sedi__restituto
1387 4892 1981 4976 lAlnast.Collectan_ea,
2019 4898 2061 4953 Ι)
2092 4895 2230 4976 phiae
2260 4897 2508 4966 quintum
2543 4912 2606 4951 ac
2634 4896 2953 4976 vicesimum
3128 4897 3468 4976 atljunctmn.
3502 4897 3678 4976 aliter

397 4963 538 5026 nm
564 4963 931 5033 statim'justo
981 4965 1219 5035 judicico
1249 4981 1345 5019 suo
1363 4965 1554 5017 deiecit
1589 4981 1706 5018 eum
1743 4963 1807 5018 de
1837 4967 1975 5020 libro

350 5094 357 5103 ,
395 5041 697 5098 viventium.

468 5113 581 5181 (70)
614 5110 689 5164 Ex
729 5109 808 5162 his
831 5109 1050 5178 quando
1085 5110 1334 5167 colossus
1366 5110 1614 5166 Rhodius
1649 5107 1814 5181 luerit
1845 5123 1936 5162 ere
1959 5137 1978 5147 -

397 5180 798 5250 ctus,collige.
844 5186 1002 5234 Anno
1041 5195 1070 5234 a
1103 5182 1290 5236 mundi
1326 5184 1552 5237 conditu
1611 5180 1772 5241 5M5.
1835 5189 1889 5232 et
1949 5193 1978 5232 a

395 5255 598 5311 Christi
627 5262 749 5308 ortu
783 5250 908 5316 645,
955 5267 1030 5306 ωε
1061 5269 1172 5321 quo
1189 5253 1484 5309 conﬂatum
1516 5262 1632 5307 erat
1661 5253 1832 5321 pretio
1867 5251 1981 5304 dis-

397 5336 634 5381 tractum
684 5322 808 5384 fuit,
839 5323 999 5377 annis
1055 5331 1180 5391 post
1217 5327 1466 5381 eumdem
1523 5335 1763 5380 erectum
1834 5323 1981 5378 mille

395 5398 661 5453 trecentis
712 5402 766 5446 et
807 5394 1083 5462 sexaginta
1118 5412 1130 5447 :
1167 5407 1384 5452 erectus
1443 5404 1526 5451 est
1563 5398 1743 5464 itaque
1780 5407 1923 5464 anno
1952 5409 1981 5446 a

398 5470 588 5524 mundi
622 5465 846 5522 conditu
887 5465 1048 5539 47§5,
1083 5481 1192 5535 quo
1225 5483 1286 5522 ex
1319 5467 1537 5539 Georgii
1583 5463 1822 5539 Syncelli
1862 5463 1981 5539 (cu-

393 5539 486 5611 ius
520 5540 890 5611 continuator,
958 5535 1368 5611 Theophanest
1407 5535 1665 5608 computo
1713 5536 1982 5590 Ezechias

398 5608 554 5680 regni
587 5608 1303 5680 numerabat“vicesimum.
1341 5610 1578 5665 Rursum
1601 5623 1766 5680 vero:
1803 5621 1981 5680 annus

395 5677 671 5738 Abraham
725 5678 866 5731 2015
915 5678 1122 5735 Christi
1172 5681 1439 5737 natalitiis
1497 5678 1638 5750 apud
1684 5677 1978 5750 Eusebium

394 5761 794 5822 consecratur:
831 5750 915 5804 his
948 5753 1085 5806 adde
1116 5761 1239 5822 post
1261 5763 1444 5807 ortum
1479 5747 1655 5805 minos
1706 5747 1838 5822 διδ,
1863 5764 1979 5822 _tic-

395 5835 584 5880 curret
609 5824 682 5895 ah
712 5821 1019 5895 Abrahamo
1045 5823 1099 5876 in
1117 5819 1307 5878 'lucem
1337 5824 1581 5895 profecto
1615 5836 1790 5874 annus
1815 5819 1978 5884 2660,

302 5921 306 5924 -
398 5894 649 5949 retractis
696 5907 819 5945 mox
868 5892 1006 5947 1560
1063 5892 1502 5963 superest—1500
1563 5906 1774 5963 summa
1808 5907 1979 5963 :qnzn

405 5966 544 6030 apud
571 5964 861 6020 Eusebium
895 5964 1037 6019 inter
1074 5961 1368 6021 Abrahami
1420 5979 1595 6020 annos
1638 5961 1798 6016 habet
1842 5962 1977 6016 Ez-zo

2093 4968 2287 5021 iterum
2316 4985 2327 5020 :
2360 4984 2503 5020 anno
2527 4975 2651 5036 post
2697 4969 2972 5022 Christum
2995 4968 3100 5022 645
3136 4969 3332 5023 colossi
3371 4968 3566 5021 llhodii
3596 4985 3674 5025 aes

2088 5039 2236 5092 venit
2276 5039 2410 5092 1560
2439 5041 2597 5093 annis
2630 5049 2914 5110 postquam
2933 5049 3148 5110 erectus
3167 5050 3281 5094 est:
3310 5040 3468 5092 annis
3492 5039 3679 5109 itaque

2090 5118 2215 5164 ante
2242 5110 2518 5164 Christum
2554 5111 2676 5173 7l5,
2707 5113 2906 5177 quibus
2944 5111 3084 5179 apud
3119 5109 3399 5165 Petavium
3434 5110 3507 5164 De
3532 5111 3676 5168 doct.

2089 5190 2247 5250 temp.
2279 5182 2370 5234 lib.
2407 5197 2522 5242 xm,
2543 5197 2663 5251 pag.
2689 5182 2812 5245 547,
2833 5183 3142 5235 adnectitur
3171 5182 3412 5251 Ezechias
3437 5197 3676 5249 regnan-

2093 5253 2161 5305 tis
2195 5269 2376 5306 annus
2421 5253 2507 5315 15,
2541 5250 2627 5305 eui
2677 5266 2884 5322 septem
2937 5253 3056 5307 aliis
3111 5255 3271 5322 (quos
3324 5250 3676 5321 Theophanis

2093 5333 2354 5392 computo
2379 5323 2572 5378 deesse
2607 5323 2908 5387 contendit,
2941 5324 3006 5376 de
3037 5340 3146 5392 quo
3187 5324 3338 5390 alibi)
3382 5327 3674 5392 appositis,

2093 5395 2387 5449 vicesimus
2434 5393 2677 5448 Ezechiae
2749 5396 3060 5461 consurgit,
3110 5397 3204 5465 qui
3255 5395 3366 5464 jam
3418 5411 3481 5447 ex
3532 5396 3676 5463 Syn-

2089 5466 2229 5518 cello
2266 5467 2532 5520 collectus
2558 5475 2660 5519 est.
2698 5465 3025 5519 Summatim
3059 5466 3182 5520 dico
3213 5485 3226 5518 :
3257 5467 3404 5520 circa
3433 5467 3676 5521 Ezechhe

2090 5549 2293 5590 annum
2326 5537 2396 5590 20
2416 5538 2497 5590 vel
2532 5538 2841 5604 proximum
2877 5537 3110 5607 aliquem
3163 5539 3412 5593 colossus
3447 5535 3675 5604 .llhodio

2089 5608 2270 5675 portui
2319 5608 2609 5676 impositus
2632 5616 2737 5662 est.

2162 5678 2272 5747 (7t)
2301 5679 2616 5748 Spectatum
2652 5680 2798 5734 hunc
2849 5678 2968 5732 solo
3013 5679 3234 5733 nomine
3262 5677 3674 5736 Buccinatorem

2088 5751 2481 5824 existimarem,
2515 5753 2606 5817 qui
2643 5753 2827 5824 κόμης
2853 5749 3278 5821 Βουκινατώρων
3315 5753 3456 5822 apud
3493 5752 3674 5824 Rigal-

2088 5823 2222 5874 tium
2255 5836 2306 5874 V.
2345 5822 2638 5874 Βούλει-νον
2670 5823 2950 5876 scribitur.

2157 5891 2268 5966 (72.)
2304 5891 2556 5966 Decujus
2577 5893 2815 5966 nomine,
2845 5893 3195 5966 expeditione
3221 5903 3273 5949 et
3297 5893 3465 5966 gestis
3496 5891 3674 5949 Leun-

2087 5963 2293 6018 clavius
2329 5962 2472 6032 Hist.
2508 5961 2761 6019 .‘lttsulm.
2801 5964 2874 6017 lib
2934 5981 2968 6016 ι.
