3996 6292
501 333 604 394 735

1847 325 2342 385 THEOPHANIS

3651 330 3761 396 736

503 445 926 504 aliirmat,anno
961 457 990 495 a
1049 440 1238 496 mundi
1287 439 1511 495 conditu
1562 440 1739 496 sexies
1789 438 2080 494 millesimo

2190 439 2326 511 μετὰ
2382 437 2540 492 τοῦτο
2584 438 2936 493 ἐϐασίλευσεν
2970 440 2999 493 ό
3025 438 3190 502 αὐτὸς
3228 439 3637 506 Κωνσταντῐνος
3661 445 3762 512 ἐτη

503 536 802 594 centesimo
853 535 1258 604 septuagesimo
1318 533 1583 598 secundo,
1616 533 1904 602 ipsumque
1936 531 2082 587 Con-

505 630 808 685 stantinum
871 641 1046 682 annos
1132 626 1364 696 posthac
1430 627 1677 696 quinque
1735 623 2077 693 imperasse,

503 739 680 795 (mque
737 721 875 787 vivis
923 728 1132 790 erepto,
1185 718 1558 774 Justinianum
1608 719 1728 787 ejus
1760 717 1929 774 ﬁlium
1965 733 2082 771 mo-

504 815 789 872 narchiam
819 814 1064 868 tenuisse
1092 827 1267 867 annos
1296 811 1483 866 decem
1512 829 1527 872 :
1551 812 1725 880 ejecto
1746 808 2079 876 Justiniann,

505 908 793 964 Leontium
837 905 1128 978 tyrannide
1154 905 1382 975 potitum
1407 919 1580 957 annos
1615 911 1749 967 tres,
1787 911 1911 975 post
1933 901 2082 959 hunc

507 1001 786 1057 Tiberium
816 1039 831 1064 ,
896 999 989 1071 qui
1046 998 1210 1054 etiam
1253 999 1597 1066 Apsimarus,
1651 1011 1824 1052 annos
1869 1007 2078 1066 septem

505 1109 787 1166 regnasse,
813 1093 1158 1165 cjectumque
1188 1090 1339 1160 prius
1377 1087 1746 1144 Iustinianum
1784 1090 1966 1144 denuo
1990 1105 2081 1143 re-

506 1189 759 1243 stitutum
793 1185 1025 1253 imperio
1046 1200 1221 1239 annos
1256 1199 1372 1245 sex.
1413 1184 1548 1238 adeo
1572 1191 1628 1236 ut
1659 1198 1726 1237 ex
1755 1183 1892 1254 ipsis
1918 1182 2081 1238 editis

508 1281 727 1335 concilii
763 1280 906 1351 typis
937 1279 1054 1332 sive
1083 1277 1388 1332 canonibns
1417 1291 1558 1330 anno
1587 1277 1834 1330 secundo
1866 1275 2081 1346 imperii

505 1372 819 1428 Justiniano
857 1371 1083 1426 naribus
1143 1370 1394 1422 mutilato
1436 1369 1674 1423 restituti
1707 1384 1804 1424 eos
1843 1370 2081 1440 primum

509 1463 880 1534 promulgatas
918 1471 1104 1531 aperte
1135 1462 1554 1530 comperiamns.
1595 1459 1778 1514 Tertio
1810 1460 2079 1528 siquidem

508 1553 798 1613 canouein
835 1554 946 1607 haec
970 1552 1134 1606 verba
1181 1551 1410 1622 legimus
1449 1569 1461 1604 :
1492 1549 1701 1606 Matura
1727 1552 1944 1607 consilii
1965 1553 2082 1608 dis-

509 1644 765 1698 cussione
795 1643 1112 1713 praehabita,
1142 1657 1261 1706 eos,
1295 1642 1387 1712 qui
1418 1641 1633 1697 duobus
1666 1643 1938 1714 eonjugiis
1979 1642 2082 1698 im-

509 1735 694 1804 plicati
729 1735 898 1800 fuere,
927 1745 981 1791 et
1016 1736 1080 1789 ad
1132 1736 1389 1806 praeteriti
1429 1735 1636 1790 mensis
1661 1734 1906 1789 Januarii
1935 1736 2079 1791 diem

2184 531 2367 594 πέντε,
2406 531 2502 584 καὶ
2527 531 2948 601 τελευτήσαντος
2978 533 3145 587 αὑτοῦ
3167 574 3182 598 ,
3217 534 3591 605 ὲμονάρχησεν
3629 538 3765 590 ’1ουο

2185 623 2458 684 στινιανδς
2487 623 2515 676 δ
2547 624 2660 687 υίὸς
2704 623 2869 678 αὐτοῦ
2918 624 3010 696 ἔτη
3069 625 3222 681 δέκα.
3273 625 3662 697 Ἐκϐληθέντος
3706 628 3766 680 δὲ

2194 715 2569 770 Ἰουστινιανοῦ
2630 716 2937 787 ἐκράτησεν
2978 718 3229 782 Λεόντιος
3261 717 3354 789 ἔτη
3388 725 3459 786 γ’,
3498 718 3591 771 καὶ
3626 719 3768 788 μετὰ

2181 809 2434 862 Λεόντιον
2457 807 2703 878 Τιϐέριος
2735 811 2763 862 ὁ
2797 810 2887 863 καὶ
2931 809 3230 882 Ἀψίμαρος
3257 809 3351 880 ἐτη
3381 811 3447 873 ζ’.
3479 811 3571 864 καὶ
3600 811 3768 864 πάλιν

2194 901 2569 964 ἰουστινιανδς
2607 902 2628 933 ⁸
2657 905 2684 956 ό
2717 901 3004 971 ἐκϐληθεὶς
3037 903 3130 975 ἔτη
3166 910 3239 968 ς’.
3283 904 3371 965 Ὠς
3414 904 3768 970 εὑρίσκεσθαι

2182 993 2241 1062 ἐξ
2276 995 2456 1050 αὐτῶν
2510 996 2619 1049 τῶν
2679 995 2977 1066 δεδομένων
3029 996 3051 1027 ⁸
3101 997 3290 1050 τύπων
3331 997 3407 1067 τῷ
3439 996 3483 1067 β’
3523 997 3634 1051 ἔτει
3666 998 3768 1065 τῆς

2181 1089 2419 1160 ἐσχάτης
2453 1087 2728 1160 βασιλείας
2749 1086 2843 1140 τοῦ
2874 1087 3038 1142 αὑτοῦ
3060 1090 3492 1160 ρινοκοπημένου
3539 1091 3770 1142 Ἰουστι-

2182 1180 2366 1235 νιανοῦ
2397 1180 2733 1234 ἑκτεθεῖσθαι
2757 1171 2958 1243 αύτοῦς
2985 1181 3341 1252 περιέχοντας
3359 1183 3414 1234 ὲν
3437 1181 3512 1251 τῷ
3528 1188 3577 1248 γ’
3610 1179 3771 1250 τύπῳ

2178 1275 2300 1336 ταῖς
2339 1272 2548 1340 λέξεσιν
2602 1273 2774 1336 οὓτως
2798 1291 2812 1305 ⁸
2843 1273 3168 1343 Συνορῶμεν
3206 1273 3288 1327 ὃτι
3337 1274 3464 1336 τοὺς
3502 1274 3602 1342 μὲν
3644 1273 3771 1325 δυσὶ

2181 1367 2383 1438 γάμοις
2431 1367 2860 1439 περιπαρέντας,
2893 1367 2988 1420 καὶ
3021 1367 3182 1438 μέχρι
3224 1367 3324 1437 τῆς
3359 1372 3419 1419 ιε’
3451 1367 3546 1418 τοῦ
3570 1367 3591 1398 ⁷
3622 1382 3770 1434 παρ-

2182 1459 2433 1523 ελθόντος
2475 1459 2809 1531 Ἰανουαρίου
2869 1459 3036 1531 μηνὸς
3074 1461 3172 1529 τῆς
3203 1458 3581 1530 παρελθούσης
3613 1457 3656 1511 δ’
3697 1458 3774 1509 iv-

2181 1551 2463 1615 δικτιῶνος
2496 1551 2650 1614 ἔτους
2680 1548 2859 1622 ,ςριιθ⁹
2890 1549 3260 1614 δουλωθέντας
3290 1553 3357 1622 τῇ
3383 1549 3652 1621 ἁμαρτίᾳ,
3676 1549 3773 1602 καὶ

2188 1642 2264 1713 μὴ
2294 1641 2654 1712 ὲκνήῲαντας,
2706 1639 3053 1712 προελόμεθα
3079 1640 3102 1673 ⁸
3131 1640 3454 1710 καθαιρέσει
3505 1641 3771 1708 κανονικῇ

2185 1732 2475 1786 ὑποϐαλεῖν
2515 1732 2557 1787 ⁸.
2599 1730 2708 1786 Kal
2723 1732 2855 1800 μεθ’
2878 1730 3051 1800 ἔτερα
3074 1747 3086 1760 ⁸
3113 1731 3252 1794 Τοὺς
3282 1729 3338 1784 δὲ
3369 1728 3506 1799 μετὰ
3531 1729 3630 1802 τὴν
3658 1746 3775 1800 χειο

507 1826 779 1880 decimum
822 1827 1099 1897 quintum,
1149 1826 1437 1895 prwteritze
1478 1832 1689 1895 quartae
1743 1825 2080 1890 indictionis,

2190 1827 2432 1897 ροτονίαν
2459 1827 2622 1895 γάμῳ
2654 1827 2734 1879 ἑνὶ
2784 1825 3120 1897 παρανόμως
3169 1824 3284 1894 (55)
3330 1821 3777 1896 προσομιλήσαν-

510 1920 640 1974 anni
691 1920 872 1975 sexies
930 1918 1207 1973 millesimi
1251 1918 1537 1973 centesimi
1577 1917 1922 1988 nonagesimi
1951 1917 2082 1971 noni

511 2011 717 2083 peccati
748 2009 995 2066 servituti
1015 2009 1285 2064 obnoxios
1316 2024 1376 2064 se
1403 2009 1648 2074 voluere,
1675 2024 1774 2062 nec
1794 2009 1904 2062 ullo
1928 2017 2085 2079 pacto

511 2109 856 2180 resipiscere,
904 2106 1182 2161 canonica:
1215 2105 1546 2175 depositioni
1595 2104 1867 2173 subjicere
1893 2104 2084 2160 decre-

509 2205 716 2256 vimus.
775 2199 841 2256 Et
888 2200 1217 2273 quibusdam
1278 2198 1622 2269 interpositis
1657 2195 1798 2250 :Eos
1826 2212 1958 2252 vero
1993 2196 2085 2267 qui

511 2302 635 2365 pust
663 2292 885 2348 ordines
932 2302 1222 2362 susceptos
1264 2306 1373 2345 uno
1428 2291 1552 2345 licet
1597 2290 1853 2359 coniugio
1904 2305 1963 2345 se
1990 2291 2085 2344 de-

511 2388 810 2449 vinxerim,
841 2385 894 2439 id
931 2395 1012 2440 cst
1050 2385 1425 2454 presbyteros,
1459 2382 1724 2437 diaconos
1778 2389 1832 2438 et
1865 2379 2085 2437 subdia-

511 2493 707 2541 conos,
745 2476 896 2532 brevi
928 2477 1191 2547 temporis
1219 2475 1398 2546 spatio
1445 2474 1620 2528 sacris
1660 2473 1930 2530 ministris
1959 2489 2086 2544 pro-

511 2571 714 2627 hibitos
737 2579 790 2626 et
820 2569 998 2639 poenis
1043 2569 1346 2638 castigatos
1379 2568 1617 2637 propriis
1653 2567 1871 2622 demum
1906 2566 2092 2637 gradi-

512 2663 618 2718 bus
652 2661 832 2717 denuo
887 2659 1126 2724 restitui,
1170 2660 1278 2714 alio
1325 2662 1607 2729 superiore
1644 2674 1916 2728 nusquam
1956 2675 2085 2729 pro-

513 2755 831 2818 movendos,
867 2753 1128 2807 nimirum
1177 2752 1458 2821 illegitimo
1508 2751 1868 2806 contubernio
1907 2751 2085 2822 palam

510 2848 667 2917 prius
698 2845 990 2901 dissoluto.
1026 2843 1100 2898 Ex
1131 2844 1247 2914 ipsa
1277 2844 1467 2911 itaque
1496 2851 1807 2914 temporum
1839 2844 2092 2915 designa-

515 2939 662 2991 tione
695 2951 723 2988 a
757 2935 1032 2990 celebrata
1096 2943 1287 2990 sancta
1348 2934 1645 2989 universali
1693 2942 1846 2989 sexta
1876 2933 2088 3004 synodo

513 3045 692 3099 usque
708 3027 772 3083 ad
808 3028 986 3082 editos
1035 3041 1274 3081 canones
1305 3026 1426 3095 ejus
1460 3027 1682 3080 nomine
1714 3027 2090 3097 promulgatas

514 3125 701 3188 aperte
731 3116 1064 3186 colliguntur
1085 3115 1211 3169 anni
1237 3114 1425 3185 viginti
1454 3123 1684 3184 septem,
1719 3114 2088 3183 patriarcham
2117 3154 2158 3211 Ο

515 3210 775 3266 nimirum
854 3219 1052 3278 agente
1108 3207 1162 3262 in
1239 3216 1430 3264 sancta
1486 3209 1828 3263 cecumenica
1879 3207 2090 3278 synodo

517 3301 772 3374 Georgio,
813 3301 972 3372 cujus
1001 3301 1408 3371 patriarchatus
1448 3315 1624 3355 annus
1670 3301 1865 3356 tertius
1901 3315 2090 3355 numeo

516 3396 765 3460 rabatur,
795 3395 998 3466 quique
1061 3402 1184 3464 post
1230 3394 1390 3464 302
1443 3394 1712 3466 synodum
1764 3394 1854 3447 alii
1881 3401 1995 3448 tres
2035 3393 2088 3447 in

517 3487 789 3558 dignitate
819 3487 996 3542 exacti
1047 3495 1200 3543 sunt.
1233 3485 1364 3541 Post
1401 3485 1546 3540 hunc
1579 3499 1711 3540 vero
1768 3482 2093 3540 Theodorus

519 3594 696 3634 annos
726 3586 861 3641 tres,
902 3575 1106 3631 Paulus
1137 3591 1309 3631 annos
1344 3585 1575 3644 septem,
1599 3573 1898 3629 Callinicus
1919 3589 2093 3630 annos

521 3669 831 3734 duodecim,
872 3668 1049 3741 Cyrus
1101 3669 1339 3738 denique
1388 3682 1560 3722 annos
1584 3667 1724 3722 duos
1767 3666 1927 3731 sedit,
1958 3666 2092 3721 adeo

521 3772 578 3817 ut
614 3779 678 3819 ex
728 3763 864 3833 ipsis
918 3760 1354 3832 patriarcharum
1408 3759 1657 3816 aetatibus
1713 3759 1842 3812 anni
1898 3757 2090 3828 viginti

522 3867 727 3927 septem
775 3856 1014 3911 dilucide
1064 3861 1487 3924 computentur,
1558 3868 1587 3906 a
1639 3867 1911 3906 canonum
1961 3867 2093 3907 vero

521 3948 960 4020 promulgatione
981 3962 1155 4016 usque
1188 3946 1253 4000 ad
1282 3960 1486 3999 annum
1515 3952 1771 4014 quartum
1809 3944 2095 4013 Philippici

523 4043 652 4096 anni
694 4041 938 4110 quinque
996 4039 1360 4102 intercedant,
1419 4038 1596 4108 primo
1646 4029 1827 4091 autem
1879 4037 2096 4107 imperii

522 4135 698 4202 ipsius
723 4133 1012 4203 Philippici
1046 4147 1192 4186 anno
1247 4132 1503 4185 insanum
1534 4130 1964 4185 conciliabulum
1999 4130 2098 4184 ad-

521 4243 716 4283 versus
749 4238 996 4282 sanctum
1017 4225 1416 4281 meumenicum
1441 4223 1732 4279 concilium
1762 4225 2094 4278 celebratum

523 4317 617 4384 Sit,
653 4319 905 4393 Cyroque
925 4319 1154 4386 expulso
1185 4317 1286 4372 sub
1323 4325 1538 4373 sextum
1573 4317 1977 4386 patriarchatus
2008 4318 2092 4371 sui

525 4425 729 4464 annum
758 4405 1000 4464 Joannes
1055 4406 1286 4477 Cpoleos
1339 4405 1651 4476 patriarcha
1684 4403 1861 4461 factus
1893 4405 2091 4472 fuerit;

2183 1935 2302 1980 τας,
2360 1916 2509 1970 τοῦτ’
2567 1916 2682 1970 ἐστι
2737 1916 3149 1987 πρεσϐυτέρους
3202 1914 3299 1969 καὶ
3351 1914 3636 1977 διακόνους
3680 1913 3777 1968 καὶ

2186 2009 2598 2070 ὑποδιακόνους,
2626 2008 2728 2077 ἤδη
2753 2008 2844 2060 ἐπὶ
2874 2006 3080 2079 βαρχύν
3101 2022 3220 2060 τινα
3242 2007 3432 2078 χρόνον
3455 2005 3778 2080 εἱρχθέντας

2183 2107 2286 2176 τῆς
2321 2107 2472 2176 ἱερᾶς
2502 2105 2848 2176 λειτουργίας
2875 2106 2970 2161 καὶ
3002 2105 3447 2176 ἐπιτιμηθέντας,
3477 2101 3636 2167 αὖθις
3673 2090 3776 2157 αὐ-

2185 2202 2311 2263 τοὺς
2339 2205 2396 2255 ἐν
2428 2201 2596 2264 “toi;
2631 2199 2855 2264 οἰκείοις
2879 2201 3332 2270 ἀποκαταστῆναι
3373 2198 3626 2270 βαθμοῖς,
3664 2215 3776 2268 μη-

2185 2294 2373 2365 δαμῶς
2409 2294 2580 2364 ἑτέρῳ
2609 2294 2815 2365 μείζονι
2845 2294 3257 2364 προκόπτοντας
3309 2291 3524 2363 βαθμῷ,
3561 2291 3775 2363 προδή-

2186 2385 2290 2449 λως
2339 2385 2686 2449 διαλυθέντος
2725 2385 2906 2447 αὐτοῖς
2963 2383 3059 2437 τοῦ
3115 2382 3357 2453 ἀθέσμου
3404 2382 3771 2437 συνοικεσίου.

2188 2476 2352 2528 Ὥστε
2378 2477 2436 2543 ἐξ
2471 2476 2639 2545 αὐτῆς
2661 2476 2762 2544 τῆς
2790 2473 3052 2544 χρονικῆς
3091 2472 3558 2544 ἀποσημειὼσεως
3583 2473 3776 2545 ἀριδή·

2187 2568 2295 2632 λως
2320 2567 2606 2638 φαίνεσθαι
2638 2567 2982 2636 συναγόμενα
3013 2566 3119 2619 ἀπὸ
3164 2566 3265 2634 τῆς
3301 2566 3463 2634 ἁγίας
3512 2566 3774 2636 οίκουμε-

2190 2661 2350 2730 νικῆς
2398 2661 2565 2730 ἕκτης
2622 2659 2839 2714 συνόδου
2887 2658 2994 2723 ἓως
3022 2658 3131 2712 τῶν
3175 2658 3540 2730 ἐκδεδομένων
3582 2657 3780 2711 τύπων

2191 2751 2288 2822 ἔτη
2320 2749 2426 2818 κζ’,
2484 2749 2952 2822 πατριαρχοῦντος
3005 2751 3064 2804 ὲν
3118 2752 3185 2821 τῇ
3238 2749 3370 2822 ἁγίᾳ
3419 2751 3779 2820 οἰκουμενικῇ

2191 2844 2393 2912 συνόδῳ
2447 2842 3072 2907 Κωνσταντινουπόλεως
3111 2842 3410 2913 Γεωργίου,
3457 2841 3576 2906 ιτος
3607 2843 3804 2912 ἄγον--

2190 2953 2281 3000 τος
2327 2935 2426 3006 τῆς
2476 2935 2846 3006 πατριαρχίας
2889 2942 2960 3003 γ’,
2991 2936 3086 2990 καὶ
3117 2936 3256 3008 μετὰ
3296 2935 3397 3006 τὴν
3428 2934 3650 2990 σύνοδον
3676 2951 3782 2992 πα-

2190 3029 2622 3100 τριαρχήσαντος
2653 3027 2788 3082 ἄλλα
2819 3026 2912 3100 ἐτη
2940 3034 3010 3098 γ’,
3041 3025 3182 3099 μετὰ
3205 3027 3260 3082 δὲ
3276 3027 3464 3082 τοῦτον
3491 3026 3779 3098 Θεοδώρου

2191 3121 2284 3193 ἔτη
2301 3119 2349 3190 γ’
2369 3122 2432 3185 ιι,
2460 3120 2551 3173 καὶ
2571 3119 2785 3174 Παύλου
2801 3120 2893 3191 ετη
2913 3118 2982 3185 ς’,
3013 3121 3108 3174 και
3132 3120 3458 3174 Καλλινίκου
3492 3117 3588 3189 ετη
3622 3117 3694 3190 ιβ’
3716 3120 3780 3182 η,

2195 3216 2290 3269 καὶ
2332 3213 2516 3282 Κύρου
2543 3212 2638 3284 ἐτη
2671 3213 2736 3284 β’,
2775 3214 2850 3278 ὡς
2885 3212 3211 3282 συνάγεσθαι
3237 3213 3333 3266 καὶ
3362 3213 3422 3278 ἐξ
3455 3213 3637 3266 αὐτῶν
3667 3213 3778 3266 τῶν

2195 3304 2554 3377 πατριαρχῶν
2577 3305 2674 3374 ἔτη
2701 3303 2784 3368 κζ’
2806 3320 2823 3336 ο
2856 3304 2965 3358 ἀπὸ
2986 3304 3043 3358 δὲ
3064 3304 3171 3357 τῶν
3193 3303 3558 3374 ἐκδεδομένων
3583 3303 3780 3368 τύπων

2194 3393 2298 3457 ἕως
2352 3393 2447 3446 τοῦ
2488 3393 2755 3462 τετάρτου
2818 3393 2974 3458 ἔτους
3029 3393 3360 3447 Φιλιππικοῦ
3423 3394 3538 3466 (54)
3588 3394 3689 3467 ἔτη
3738 3396 3781 3428 ³³

2200 3486 2362 3540 πέντε
2381 3503 2394 3515 ·
2422 3486 2521 3540 καὶ
2547 3487 2606 3540 ιν
2635 3486 2714 3557 τῷ
2741 3485 2889 3557 αὐτῷ
2923 3487 3128 3558 πρώτῳ
3160 3486 3271 3542 ἔτει
3301 3488 3399 3558 τῆς
3433 3487 3713 3559 βασιλείας
3738 3488 3782 3522 ⁸⁸

2197 3577 2527 3633 Φιλιππικοῦ
2549 3579 2802 3648 γενέσθαι
2827 3579 3048 3651 ἐμμανῆ
3075 3579 3289 3634 σύνοδον
3316 3581 3457 3634 κατὰ
3481 3582 3579 3650 τῆς
3618 3583 3782 3652 ἁγίας

2197 3670 2579 3740 οίκουμενικῆς
2633 3671 2678 3701 ¹¹¹
2736 3669 2904 3743 ἕκτης
2975 3670 3237 3724 συνόδου·
3295 3673 3387 3725 καὶ
3453 3669 3782 3738 ὲξωσθέντος

2199 3761 2386 3831 Κύρου
2417 3760 2495 3832 τῷ
2528 3768 2582 3826 ς’
2633 3761 2741 3815 ἔτει
2775 3765 2874 3833 τῆς
2911 3764 3280 3835 πατριαρχίας
3305 3765 3490 3833 αὑτοῦ,
3521 3767 3781 3835 γενέσθαι

2213 3852 2465 3925 Ἰωάννην
2483 3856 2829 3925 πατριάρχην
2848 3857 2947 3926 τῆς
2985 3858 3628 3924 Κωνσταντινουπόλεως,
3664 3862 3782 3913 ’Λν-

2195 3946 2358 4016 δρέαν
2389 3945 2445 3998 δὲ
2471 3946 2874 4019 μητροπολίτην
2897 3947 2998 4018 τῆς
3033 3948 3258 4020 Κρήτης
3280 3951 3347 4015 ¹⁶,
3371 3952 3465 4003 καὶ
3497 3951 3779 4022 Γερμανδν

2200 4038 2600 4110 μητροπολίτην
2632 4039 2893 4106 Κυζίκου,
2919 4041 3342 4110 ὑπογράψαντας
3361 4044 3664 4115 προδήλως,
3689 4047 3780 4098 καὶ

2196 4131 2706 4200 ἀναθεματίσαντας
2726 4133 2837 4204 (55)
2861 4133 2998 4204 μετὰ
3021 4136 3238 4188 πάντων
3250 4135 3357 4189 τῶν
3379 4139 3520 4191 κατὰ
3537 4138 3662 4201 τοὺς
3692 4139 3782 4190 αύ-

2198 4223 2324 4288 τοὺς
2351 4225 2393 4256 ¹⁷
2433 4225 2657 4296 χρόνους
2679 4225 2775 4298 τὴν
2813 4226 3218 4297 προρρηθεῖσαν
3237 4229 3377 4288 κατὰ
3405 4229 3515 4281 τῶν
3543 4230 3780 4284 Μονοθε-

2201 4315 2377 4387 λητῶν
2405 4317 2566 4387 ἁγίαν
2584 4319 2966 4389 οίκουμενικην
2987 4317 3038 4383 ς’
3059 4319 3273 4379 σύνοδον
3294 4336 3307 4348 ’
3353 4321 3492 4391 μετὰ
3521 4321 3576 4374 δὲ
3606 4322 3704 4393 ἔτη
3732 4329 3780 4390 γ’

2200 4409 2622 4480 τελευτήσαντος
2668 4411 2918 4465 Ἰωάννου
2947 4413 3311 4484 μετατεθῆναι
3352 4413 3630 4485 Γερμανδν
3672 4414 3780 4467 ἀπὸ

1795 4543 2032 4600 VARle
2069 4545 2474 4604 LECTIONES.

594 4643 626 4713 '_
668 4639 829 4713 πάλιν
872 4641 1173 4713 ἸουστηΛ.
1210 4642 1376 4713 Δ’πάλιν
1408 4642 1436 4694 ὁ
1475 4642 1534 4696 ’1.
1567 4641 1707 4713 vulg.

521 4713 564 4768 Α
606 4710 644 4766 f.
717 4713 739 4744 ⁹
771 4710 1036 4765 exossis;
1072 4710 1111 4765 f.
1181 4711 1224 4744 ⁸⁸
1250 4714 1308 4764 ὲν
1328 4713 1452 4767 add.
1488 4730 1551 4768 ex
1591 4713 1654 4769 Α.

1786 4644 1807 4675 ⁸
1835 4639 2083 4715 ἐκδεδομ.
2106 4643 2174 4697 Α.
2298 4644 2550 4715 sedadd.
2582 4659 2647 4699 ex
2684 4647 2750 4699 A.
2824 4645 2847 4678 ⁸
2875 4643 3110 4712 ὲκνῆῲαι
3157 4645 3354 4707 αὐτοὺς
3382 4644 3781 4715 προελομένους

1733 4713 1773 4745 ¹¹
1807 4710 1946 4782 μετὰ
1973 4710 2118 4764 δὲ-
2149 4743 2220 4754 ·-
2243 4713 2336 4784 ἔτη

2365 4712 2412 4783 γ’
2444 4731 2555 4769 om.
2589 4716 2640 4768 b.
2720 4717 2762 4747 ¹²
2783 4716 2878 4769 καὶ
2903 4715 3116 4768 Παύλου
3141 4745 3212 4754 -
3240 4743 3310 4754 --—
3331 4712 3437 4781 ἔτη
3462 4715 3528 4785 ιβ’
3559 4733 3669 4770 om.
3713 4720 3778 4770 A.

596 4782 746 4858 ἔτους
777 4783 900 4837 add.
925 4799 990 4858 ex
1024 4783 1091 4836 A.
1166 4783 1209 4814 ¹⁵
1230 4783 1331 4853 τῆς
1361 4783 1637 4854 βασιλείας
1672 4784 1794 4840 add.
1821 4799 1888 4840 ex
1906 4784 1971 4837 Α.
2051 4785 2093 4816 ¹⁵
2121 4782 2503 4856 οἰκουμενικῆς
2532 4785 2660 4840 add.
2693 4801 2760 4841 cx
2785 4787 2852 4840 A.
2931 4787 2974 4819 ³⁸
3008 4786 3108 4856 τῆς
3140 4786 3366 4857 Κρήτης
3393 4787 3460 4853 A,
3486 4782 3597 4858 Κρ.
3631 4787 3777 4857 vulg.

523 4852 567 4886 "
587 4853 781 4918 αὐτοὺς
807 4868 916 4909 om.
940 4853 1007 4908 Δ.

1848 4968 1990 5025 JAC.
2015 4968 2224 5024 GOABI
2254 4967 2486 5024 ΝΟΤᾸΒ.

599 5090 712 5159 (55)
749 5088 1035 5162 Illcgitime
1061 5106 1083 5144 :
1115 5092 1196 5162 sic
1257 5107 1473 5162 semper
1521 5091 1707 5147 habita
1748 5093 2097 5147 sacerdotum
2133 5095 2178 5153 ι)
2206 5089 2747 5162 quentiaevinCunt.
2778 5088 2896 5162 Kal
2916 5086 2995 5154 τῷ
3030 5085 3191 5153 αὐτῷ
3219 5085 3270 5141 α’
3311 5087 3450 5154 ἔτει,
3482 5084 3779 5154 Eodemque

525 5176 590 5214 ac
638 5161 1013 5218 ministrorum
1045 5161 1296 5231 coniugia
1344 5161 1486 5230 apud
1532 5163 1774 5226 Gnecos,
1832 5175 1956 5231 post
1995 5162 2095 5215 ad-

525 5240 712 5299 eptum
746 5232 994 5286 ordinem
1052 5247 1268 5286 sacrum
1319 5233 1488 5296 inita;
1517 5243 1643 5288 ante
1694 5235 1946 5287 eumdem
1984 5233 2096 5288 illis

526 5303 819 5373 permissa.
856 5303 1069 5357 Excidit
1095 5319 1158 5356 ea
1190 5319 1293 5357 vox
1330 5304 1636 5373 interpreti.
1665 5304 1956 5359 Consens.

605 5373 718 5443 (54)
750 5372 882 5442 Reg.
904 5389 969 5428 ac
1001 5373 1225 5443 perinde
1243 5375 1356 5438 alii,
1382 5372 1604 5443 ipseque
1632 5375 1849 5440 Anast.,
1876 5375 2102 5445 antiquo

529 5457 910 5514 saneierrore,
951 5459 1075 5498 cum
1102 5445 1439 5514 Philippicus
1468 5460 1578 5498 non
1616 5446 1720 5499 nisi
1753 5447 1969 5499 duobus
2003 5461 2102 5498 an-

534 5513 621 5586 nis
671 5513 1042 5586 imperaverit.
1099 5513 1333 5586 Emend.
1387 5531 1537 5586 ergo,
1586 5517 1692 5579 ἕως
1745 5516 1839 5570 τοῦ
1880 5518 2100 5586 πρώτου

534 5535 621 5566 IIIS
671 5535 1042 5584 llllpCl‘ﬂVBl'lL.
1099 5535 1328 5570 murena.
1387 5535 1537 5586 ergo,
1587 5535 1692 5579 εως
1745 5535 1839 5570 του
1880 5535 1921 5569 π
1959 5535 2100 5570 ωτου

533 5583 690 5662 ἔτους
713 5600 728 5614 ο
763 5584 848 5638 sic
896 5587 1042 5662 enim
1074 5601 1112 5662 a_
1135 5585 1377 5662 secundo
1411 5589 1661 5662 secu‘ndi“
1685 5587 1897 5662 imperii
1926 5535 2103 5642 gusti-

535 5654 686 5727 Iiiani
741 5669 889 5710 anno
935 5657 1000 5711 ad
1034 5657 1269 5725 primum
1325 5659 1474 5712 illum
1528 5654 1815 5727 Philippici
1847 5667 2104 5712 constant

539 5726 666 5803 armi
703 5731 976 5803 quinque;
1008 5743 1117 5796 quo
1149 5743 1293 5803 anno
1339 5731 1528 5803 quinto
1580 5726 1854 5803 celebrata
1899 5728 2104 5803 dicitur

539 5795 630 5850 illa
656 5795 919 5854 adversas
949 5799 980 5853 6
1014 5795 1281 5870 Synodqu
1322 5795 1558 5858 erratica
1593 5800 1860 5872 synodus.
1907 5801 1985 5856 Ac
2017 5813 2105 5855 se-

2206 5163 2380 5232 primo
2420 5161 2512 5232 illo
2547 5176 2724 5232 anno._
2742 5169 2845 5213 etc.
2876 5159 2954 5212 In.

2284 5232 2399 5298 (55)
2434 5231 2677 5285 Conatur
2701 5229 2941 5284 Joannes
2973 5227 3078 5284 ΟΡ.
3105 5229 3353 5298 apologia
3397 5243 3496 5282 sua
3537 5226 3605 5282 ad
3635 5227 3780 5283 Con-

2209 5304 2512 5358 stantinum
2579 5317 2773 5371 papam
2820 5315 2939 5354 eam
2987 5315 3016 5352 a
3049 5314 3109 5354 se
3158 5313 3224 5371 ac
3253 5301 3486 5371 reliquis
3509 5299 3781 5369 episcopis

2211 5384 2397 5428 notam
2433 5373 2619 5426 eluere
2641 5369 2662 5435 ς’
2701 5385 2828 5425 usos
2859 5385 2916 5423 se
2961 5370 3266 5424 oeconomia
3298 5369 3617 5435 ostendens,
3652 5385 3782 5439 sup-

2214 5459 2511 5514 pressaque
2544 5443 2761 5514 unius,_
2790 5455 2854 5494 ac
2903 5440 3138 5495 duorum
3183 5456 3315 5514 voce
3367 5451 3661 5514 tyrannum
3695 5441 3780 5493 in-

2215 5509 2465 5576 duxisse,
2526 5524 2584 5567 ut
2637 5523 2690 5565 et
2751 5511 2867 5581 ipse
2928 5525 3112 5564 veram
3179 5509 3336 5565 ﬁdem
3391 5509 3781 5574 conﬁteretur;

2211 5583 2796 5656 perfectumnimirum
2827 5581 3106 5656 Christum
3139 5581 3198 5634 in
3244 5582 3433 5656 divina
3457 5591 3512 5637 et
3546 5583 3780 5637 humana

2212 5652 2428 5711 natura.
2468 5652 2650 5709 Videri
2691 5660 2871 5723 potest
2925 5653 3251 5723 prwelariiitt
3298 5653 3402 5708 hoc
3461 5667 3774 5723 monumcin

2215 5736 2352 5789 tum,
2396 5741 2423 5778 a
2477 5725 2634 5779 nobis
2684 5721 2719 5777 ‘2
2746 5725 2970 5776 Auctar.
3007 5732 3046 5774 t.
3087 5738 3117 5776 e
3149 5722 3363 5777 Tiliano
3413 5725 3537 5779 cod.
3586 5721 3780 5793 produ-

2213 5809 2384 5862 ctum,
2419 5795 2554 5851 nihil
2583 5811 2713 5853 sane
2749 5797 2873 5868 napi
2905 5793 3116 5857 νοθείας
3152 5804 3487 5867 suspectum.
3531 5794 3604 5851 In.
