4044 6300
243 374 330 437 737
1484 374 1945 434 CHRUNOGRA
1955 377 2051 436 PII
2064 379 2159 436 IA.

3372 383 3478 450 7'33

243 483 586 551 Κυζίκου,καὶ
605 472 1017 554 πατριαρχῆσαι
1048 485 1671 547 Κωνσταντινουπόλεως
1702 484 1796 554 ἔτη

1909 488 2146 542 Andreas
2196 496 2376 543 autem
2429 486 2604 542 Cretae
2664 487 3007 558 metropolita
3063 498 3118 543 et
3169 486 3480 547 Germanus

237 578 526 639 δεκαπέντε,
565 577 764 648 καὶτῷ
800 575 866 644 ιγ’
908 577 1017 629 ἔτει
1052 576 1092 608 ¹⁸
1119 576 1218 646 τῆς
1262 575 1537 646 βασιλείας
1569 576 1798 638 Λέοντος

238 667 550 739 ἐξορισθῆναι
588 665 652 732 ¹⁹,
700 666 796 719 καὶ
829 667 1083 734 γενέσθαι
1126 668 1499 728 ⁹Αναστάσιον,
1539 667 1635 718 καὶ
1687 683 1794 718 πα-

235 757 535 826 τριαρχῆσαι
563 756 658 825 ἐτη
683 757 761 810 κδ’
781 774 795 786 '
820 758 913 810 καὶ
941 759 1057 827 μετ’
1076 757 1236 810 αὑτὸν
1263 758 1673 810 Κωνσταντῖνον
1697 757 1791 826 ἔτη

233 849 434 912 δώδεκα,
474 850 567 903 καὶ
596 850 846 920 Νικήταν
888 849 1406 920 τεσσαρεσκαίδεκα,
1440 851 1530 903 καὶ
1582 849 1795 902 Παῦλον

1903 580 2086 652 Cyzici
2133 582 2341 651 pariter
2377 580 2729 650 metropolita
2755 578 2948 635 insano
2985 580 3060 634 il!i
3096 581 3334 637 concilio
3361 598 3482 636 ma-

1904 672 2106 726 nifesto
2164 671 2620 740 subscripserint,
2677 681 2888 725 etcum
2942 672 3200 728 omnibus
3231 672 3480 741 ejusdem

1902 758 2077 813 aetatis
2103 759 2376 827 episcopis
2419 758 2752 813 celebratum
2792 758 3061 815 adversus
3095 762 3483 817 monotbelitas

1904 851 2131 922 praafato
2163 867 2315 906 more
2377 859 2627 906 sanctum
2663 859 2879 908 sextum
2931 853 3228 908 concilium
3260 855 3486 910 anathe-

235 944 401 1004 πέντε,
421 944 512 994 καὶ
539 941 815 1012 Ταρὰσιον
843 949 952 1008 κα’,
987 942 1082 995 καὶ
1127 943 1442 1011 Νικηφόρον
1465 939 1514 1009 η’
1539 940 1676 1012 (56),
1707 941 1803 994 καὶ

1909 955 2050 998 male
2071 944 2538 1014 proscripserint;
2575 952 2698 1014 post
2730 960 2906 1002 annos
2959 953 3071 1001 tres
3103 962 3233 1001 vero
3265 955 3486 1000 mortuo

235 1033 464 1087 Θεόδοτον
500 1039 576 1098 ς’,
611 1034 708 1087 καὶ
739 1033 1023 1087 Ἀντώνιον
1061 1041 1158 1098 ις’,
1189 1035 1283 1086 καὶ
1318 1034 1572 1103 Ἰωάννην
1606 1033 1696 1084 τὸν
1718 1031 1804 1085 λε-

235 1128 542 1197 κανόμαντιν
572 1128 617 1158 "
646 1128 739 1198 ἐτη
777 1133 832 1191 ς’
863 1129 955 1180 καὶ
987 1128 1132 1198 μῆνα
1156 1125 1203 1180 α’
1229 1128 1296 1182 ³³.

1900 1033 2133 1101 Joanne,
2191 1034 2499 1090 Germanus
2543 1035 2743 1107 Cyzico
2798 1039 3105 1095 translatus
3148 1040 3221 1094 sit
3269 1038 3484 1109 Cpolim

1900 1134 1955 1180 et
2013 1126 2449 1196 patriarehatum
2513 1128 2753 1182 tenuerit
2787 1144 2962 1184 anros
3015 1127 3354 1201 quindecim,
3391 1142 3486 1185 eo-

234 1221 443 1295 demque
501 1220 604 1275 sub
635 1221 980 1290 imperatoris
1032 1218 1233 1274 Leonis
1279 1234 1482 1273 annum
1512 1219 1785 1275 decimum
1826 1220 2049 1273 tertium
2112 1221 2239 1274 sede
2290 1220 2472 1288 pulso,
2508 1221 2835 1276 Anastasius
2917 1222 3083 1277 fuerit
3174 1222 3486 1280 institutes.

233 1329 278 1371 et
301 1331 463 1370 annos
495 1315 940 1386 vigintiqnatuor
973 1315 1026 1370 in
1068 1317 1441 1386 patriarebatu
1493 1317 1867 1370 numeraverit
1908 1333 1921 1367 :
1966 1317 2110 1369 lnmc
2155 1317 2553 1371 Constantinus
2611 1317 2887 1386 exceperit
2948 1334 3122 1373 annos
3174 1321 3485 1377 duodecim.

233 1408 408 1464 deinde
432 1407 650 1462 Nicetas
668 1406 1104 1476 quatuordecim,
1121 1423 1242 1461 mox
1266 1406 1468 1461 Paulus
1494 1408 1762 1476 quinque,
1795 1419 1907 1461 tum
1932 1405 2196 1463 Tarasius
2218 1426 2384 1463 unum
2411 1420 2463 1464 et
2495 1410 2709 1480 viginti,
2735 1410 3067 1480 Nicephorus
3086 1421 3229 1481 octo,
3249 1411 3491 1469 Theodo-

234 1514 309 1560 tus
335 1519 447 1566 sex,
476 1503 750 1557 Antonius
773 1503 1072 1566 sexdecim,
1104 1502 1338 1571 denique
1360 1501 1600 1557 Joannes
1627 1504 2032 1556 lecanomantes
2060 1501 2234 1555 annos
2269 1519 2361 1558 sex
2389 1511 2441 1556 et
2468 1518 2710 1558 mensem
2739 1520 2930 1559 unum.

295 1597 352 1650 Δ.
383 1597 456 1650 Μ.
488 1592 650 1647 6178.
688 1624 759 1634 —
805 1593 1243 1648 Ἰουστινιανοῡ
1287 1593 1595 1659 ,βασιλέως
1655 1593 1792 1647 Ῥω-

229 1689 402 1760 μαίων
432 1688 564 1754 ἔτος
580 1684 657 1740 α’.

296 1780 472 1852 Τούτῳ
526 1778 606 1850 τῷ
655 1778 764 1833 ἔτει
817 1778 1138 1834 ἀποστέλλει
1176 1779 1466 1849 Ἀϐιμέλεχ
1515 1778 1626 1851 (⁸57)
1663 1778 1801 1850 πρὸς

246 1873 605 1931 Ἴουστινιανδν
634 1871 928 1944 βεϐαιῶσαι
958 1873 1056 1943 τὴν
1087 1873 1313 1944 εἰρήνην
1338 1887 1353 1903 ·
1383 1873 1479 1924 καὶ
1509 1870 1799 1941 ὲστοιχήθη

235 1969 263 2039 ἡ
292 1968 333 1999 ¹¹
361 1967 548 2038 εἰρήνη
575 1965 752 2029 οὕτως
777 1981 792 1996 °
829 1965 916 2019 ῐνα
946 1968 972 2019 ὁ
1015 1964 1271 2035 βασιλεὺς
1310 1961 1496 2034 παύσῃ
1524 1963 1582 2016 τὸ
1615 1963 1660 1993 ’³
1692 1961 1802 2015 τῶν

236 2057 547 2130 Μαρδαῖτῶν
575 2057 765 2127 τάγμα
800 2058 863 2110 ὲκ
911 2055 1004 2110 τοῦ
1050 2055 1308 2116 Λιϐάνου,
1350 2055 1445 2108 καὶ
1486 2052 1802 2127 διακωλύσῃ

235 2149 320 2210 τὰς
365 2148 663 2218 ἐπιδρομὰς
715 2146 896 2201 αὐτῶν
921 2164 936 2181 ο
974 2144 1069 2200 καλ⁹
1108 2145 1396 2216 Ἀϐιμέλεχ
1434 2144 1578 2216 δώσῃ
1619 2146 1665 2175 ’δ
1690 2147 1804 2207 τοῖς

247 2240 537 2310 Ῥωμαίοις
586 2239 710 2293 καθ’
759 2239 998 2309 ἑκάστην
1048 2239 1261 2311 ἡμέραν
1310 2237 1623 2307 νομίσματα
1654 2236 1804 2306 χίλια

237 2333 320 2385 καὶ
344 2333 502 2384 ἵππον
526 2333 624 2385 καὶ
655 2331 841 2386 δοῦλον
863 2347 878 2360 ⁶
906 2334 1002 2386 καὶ
1029 2332 1115 2385 ἵνα
1147 2331 1341 2401 ἔχωσιν
1367 2331 1563 2393 κοινῶς
1590 2331 1634 2360 ⁸⁵
1664 2328 1806 2382 κατὰ

237 2423 292 2477 τὸ
322 2423 426 2476 ῐσον
452 2421 579 2486 τοὺς
608 2425 812 2495 φόρους
857 2423 956 2493 τῆς
992 2423 1220 2494 Κύπρου
1251 2424 1345 2476 καὶ
1387 2422 1678 2492 Ἀρμενίας
1703 2419 1802 2472 καὶ

249 2514 487 2585 Ἰϐηρίας.
533 2515 646 2568 Καὶ
704 2514 951 2585 ἐπεμψεν
1009 2517 1040 2570 ὀ
1101 2513 1358 2585 βασιλεὺς
1400 2513 1611 2566 Παῦλον
1643 2513 1734 2563 τὸν
1761 2511 1807 2542 ’⁸

243 2608 616 2676 μαγιστριανὺν
679 2608 819 2678 πρὸς
891 2607 1181 2678 ’Δϐιμέλεχ
1251 2607 1656 2676 ἀσφαλίσασθαι
1738 2605 1807 2657 τὰ

243 2699 576 2768 στοιχηθέντα
599 2719 615 2733 ·
645 2702 741 2755 καὶ
772 2701 996 2768 γέγονεν
1040 2697 1318 2770 ἔγγραφος
1366 2698 1636 2765 ἀσφάλεια
1668 2696 1808 2766 μετὰ

244 2792 537 2864 μαρτύρων.
560 2793 674 2847 Καὶ
692 2793 1066 2864 φιλοτιμηθεὶς
1085 2794 1114 2847 ὁ
1138 2792 1528 2864 μαγιστριανὸς
1543 2790 1809 2861 ὑπέστρε-

241 2881 347 2950 ψεν.
371 2883 475 2937 Καὶ
511 2884 741 2955 πέμψας
771 2886 798 2937 ὁ
823 2883 1078 2954 βασιλεὺς
1104 2875 1475 2957 προσελάϐετο
1496 2882 1619 2945 τοὺς
1654 2882 1809 2949 Μαρ-

241 2971 407 3037 sum;
430 2975 673 3046 χιλιάδας
691 2957 777 3046 ιβ’,
804 2977 902 3048 τὴν
945 2976 1259 3047 Ῥωμαϊκὴν
1280 2975 1602 3036 δυναστείαν
1623 2975 1808 3043 ἀκρω-

242 3066 509 3135 τηριάσας.
533 3067 714 3121 Πᾶσαι
732 3069 838 3140 γὰρ
871 3067 964 3122 νῦν
990 3069 1308 3140 οἰκούμεναι
1339 3067 1490 3139 παρὰ
1507 3067 1617 3119 τῶν
1641 3069 1698 3118 ‘A
1710 3066 1806 3136 ρά-

243 3150 441 3221 ϐωνίίς
470 3158 542 3214 τὰ
568 3158 716 3230 ἄκρα
771 3159 958 3222 πόλεις
1007 3158 1116 3212 ἀπὸ
1169 3158 1547 3228 Μοψουεστίας
1581 3156 1675 3209 καὶ
1703 3156 1808 3218 ἕως

243 3248 493 3321 τετάρτης
529 3252 575 3284 ’⁷
611 3252 726 3322 (38)
766 3251 1058 3321 Ἀρμενίας
1101 3251 1388 3322 ἀνίσχυροι
1428 3254 1522 3307 καὶ
1559 3251 1808 3322 ἀοίκητοι

244 3335 518 3409 ἐτύγχανον
559 3340 652 3394 διὰ
712 3340 812 3411 τὴν
863 3340 1050 3410 ἔφοδον
1105 3341 1214 3394 τῶν
1267 3341 1615 3412 Μαρδαῖτῶν,
1663 3336 1736 3396 ὧν
1762 3341 1806 3373 ⁸⁸

247 3433 708 3503 παρασταλέντων,
731 3433 990 3488 πάνδεινα
1005 3432 1155 3488 κακὰ
1170 3434 1442 3488 πέπονθεν
1470 3435 1504 3505 ὴ
1529 3433 1806 3505 Ῥωμανία

244 3521 337 3577 ὑπὸ
364 3525 471 3578 τῶν
517 3527 767 3598 Ἀράϐων
796 3528 959 3598 μέχρι
990 3528 1084 3580 τοῦ
1117 3526 1235 3583 νῦν.

1971 1595 2036 1649 Α.
2061 1594 2124 1649 C.
2159 1595 2358 1650 678.-—
2382 1594 2741 1650 Romanarum
2794 1599 3132 1666 imperatoris
3189 1597 3491 1654 Iustiniani

1839 1672 1880 1732 Β
1913 1703 2082 1740 annus
2143 1688 2364 1755 primus.

1905 1780 2021 1834 Hoc
2074 1796 2218 1834 anno
2277 1780 2592 1835 Abimelech
2669 1781 2950 1836 ﬁrmandae
3022 1781 3176 1851 pacis
3234 1797 3363 1852 ergo
3417 1784 3484 1837 ad

1903 1873 2275 1929 Iustinianum
2347 1874 2557 1945 legatos
2633 1876 2806 1929 misit.
2881 1873 2976 1928 His
3041 1882 3223 1929 autem
3293 1876 3486 1929 condi-

1905 1967 2148 2021 tionibus
2215 1981 2318 2036 pax
2375 1966 2548 2027 inita,
2594 1975 2654 2019 ut
2723 1965 3023 2035 imperator
3096 1964 3486 2019 Mardaitarnm

1905 2072 2100 2129 agmen
2132 2074 2160 2112 e
2181 2055 2390 2111 Libano
2424 2071 2787 2126 prorumpens
2819 2058 3205 2126 comprimeret
3229 2066 3282 2109 et
3313 2057 3488 2126 ἰητρο-

1906 2151 2047 2206 diret
2072 2167 2260 2206 eorum
2294 2151 2673 2214 excorsiones,
2703 2149 3018 2204 Abimelech
3057 2164 3184 2203 vero
3221 2150 3275 2203 in
3303 2151 3492 2219 singu-

1907 2243 1989 2297 los
2017 2243 2136 2297 dies
2155 2243 2303 2297 mille
2341 2257 2593 2298 nummos
2611 2256 2834 2307 aureos,
2862 2249 2916 2296 et
2941 2257 3163 2312 equum,
3189 2250 3243 2297 et
3271 2258 3488 2297 servum

1908 2335 2228 2404 imperatori
2277 2333 2578 2404 penderet;
2624 2341 2676 2387 et
2709 2340 2936 2402 uterque
2959 2336 3216 2404 princeps
3239 2332 3390 2403 justa
3432 2341 3488 2388 et

1907 2425 2105 2496 tequali
2161 2426 2416 2495 portione
2454 2424 2641 2495 Cypri,
2682 2423 2956 2478 Armeniae
2995 2432 3049 2478 et
3108 2421 3297 2478 iberiae
3326 2426 3495 2478 vecti-

1909 2518 2052 2588 galia
2090 2517 2235 2571 inter
2269 2532 2329 2571 se
2358 2517 2688 2572 dividerent.
2723 2517 3026 2587 Imperator
3061 2516 3288 2570 Paulum
3323 2517 3496 2588 magi-

1908 2610 2175 2666 strianum
2227 2610 2616 2665 conﬁrmanda;
2655 2611 2806 2680 pacis
2858 2625 3026 2664 causa
3076 2609 3142 2663 ad
3173 2609 3496 2664 Abimelech

1909 2701 2201 2773 delegavit,
2232 2703 2528 2773 cautioque
2560 2702 2613 2782 in
2638 2703 2860 2772 scriptis
2878 2717 3059 2756 coram
3097 2702 3331 2757 testibus
3353 2701 3496 2757 facta

1908 2803 2013 2848 est.
2059 2794 2121 2847 Et
2148 2795 2540 2861 magistrianns
2578 2794 2880 2849 honoriﬁce
2913 2803 3176 2862 exceptus
3215 2793 3283 2846 ad
3323 2793 3498 2863 impe»

1911 2894 2148 2940 ratorem
2178 2888 2418 2939 revertit.
2437 2885 2500 2940 Et
2525 2885 2695 2940 misso
2719 2901 2750 2941 e
2771 2885 2918 2940 dicto
2940 2884 3236 2940 Mardaitas
3257 2884 3321 2938 ad
3354 2884 3496 2938 duo-

1911 2979 2087 3032 decim
2142 2980 2309 3033 millia
2357 2980 2676 3050 imperator,
2726 2977 3028 3033 Romanam
3091 2977 3390 3047 potentiam
3429 2992 3498 3033 eo

1912 3069 2058 3123 facto
2088 3070 2464 3132 mutilaturus,
2494 3084 2523 3124 e
2551 3070 2671 3123 loco
2695 3067 2879 3138 priore
2907 3067 3156 3122 sustulit.
3185 3066 3318 3132 Qua:
3348 3067 3496 3120 enim

1912 3161 2162 3215 civitates
2199 3160 2361 3230 303
2412 3162 2466 3215 in
2511 3161 2781 3214 montium
2828 3157 3206 3213 cacuminibus
3242 3159 3362 3212 sitae
3410 3158 3500 3210 in-

1911 3254 2170 3307 coluntur
2234 3255 2302 3307 ab
2353 3252 2636 3306 Arabibus
2683 3265 2712 3304 a
2759 3248 3110 3321 Mopsuestia:
3149 3248 3384 3302 termino
3428 3246 3499 3302 ad

1911 3356 2164 3415 quartam
2193 3361 2369 3415 usque
2391 3343 2726 3406 Armeniam,
2749 3349 2961 3397 cuncta:
2981 3341 3049 3395 ob
3081 3339 3494 3405 Mardaitarum,

1913 3437 2005 3507 qui
2039 3438 2298 3508 deinceps
2322 3436 2558 3506 repressi
2576 3443 2725 3501 sunt,
2747 3433 3108 3490 excursiones
3136 3429 3498 3504 munimentis

1914 3527 2147 3582 inﬁrma:
2169 3539 2224 3582 et
2260 3525 2665 3581 habitatoribus
2700 3539 2886 3579 vacua:
2919 3524 3277 3578 exsistebant.
3323 3519 3499 3575 Gene-

244 3631 350 3673 rum
401 3636 531 3677 sane
583 3622 831 3678 omnium
869 3623 1212 3679 calamitates
1238 3633 1293 3678 et
1325 3622 1554 3679 adversa
1595 3621 1803 3695 quaevis
1840 3623 1898 3680 in
1930 3623 2236 3678 Romanam
2261 3622 2524 3678 ditionem
2557 3619 2625 3676 ab
2653 3635 2717 3676 ea
2747 3618 2836 3675 die
2865 3618 2920 3674 in
2950 3618 3090 3677 hanc
3158 3631 3332 3686 usque
3399 3612 3499 3667 bo-

245 3724 347 3767 ram
380 3716 619 3770 Arabum
651 3729 820 3786 opera
854 3714 1290 3771 inundaverunt.

306 3807 391 3878 Τῷ
419 3807 462 3862 δ’
488 3810 641 3878 αύτῳ
668 3807 780 3860 ἔτει
833 3807 1043 3878 πέμπει
1077 3807 1368 3880 Ἀϐιμέλεχ
1395 3808 1615 3864 Ζίανδον
1636 3811 1681 3842 ’⁵
1711 3809 1803 3863 τὸν

1985 3804 2098 3860 Hoc
2147 3805 2313 3860 etiam
2372 3820 2519 3859 anno
2573 3801 2887 3859 Abimelech
2944 3801 3209 3856 Ziandmn
3272 3797 3495 3856 fratrem

245 3900 455 3971 ἀδελφὸν
498 3900 719 3956 Μαυῖου
766 3899 846 3965 εἰς
897 3898 1134 3971 Περσίδα
1175 3898 1319 3954 κατὰ
1350 3900 1610 3972 Μοοχτὰρ
1647 3900 1691 3932 ⁸⁰
1713 3899 1803 3954 τοῦ

1914 3897 2106 3953 Mevia
2135 3898 2403 3953 adversus
2434 3899 2792 3968 impostorem
2823 3904 2880 3950 et
2919 3903 3212 3966 tyrannum
3244 3890 3498 3945 Muebtar

244 3992 462 4064 ψεύστου
521 3993 620 4047 καὶ
671 3991 965 4064 τυράννου.
1000 3992 1109 4044 Καὶ
1163 3991 1406 4063 ἀνῃρέθη
1457 3992 1678 4055 Ζίανδος
1705 3991 1803 4047 {me

1912 3989 1967 4045 in
1997 3989 2283 4046 Persidem
2327 3989 2502 4055 misit,
2535 3987 2789 4044 Muehtar
2815 4000 2947 4040 vero
2977 3984 3242 4038 Ziandum
3275 3980 3498 4036 interfe-

246 4087 509 4158 Μουχτάρ.
545 4087 660 4140 Καὶ
685 4085 926 4148 ἀκούσας
945 4083 1242 4156 Ἀϐιμέλεχ
1267 4084 1491 4157 ἔρχεται
1525 4087 1605 4150 εἰς
1634 4085 1803 4140 Μεσοι

1915 4085 2014 4139 cit.
2071 4083 2314 4152 Accepto
2360 4082 2557 4137 nuntio
2586 4079 2906 4136 Abimelech
2956 4077 3012 4133 in
3045 4075 3494 4148 Mesopotamiam

249 4178 522 4250 ποταμίαν,
551 4179 650 4233 καὶ
679 4179 1028 4251 τυραννεῖται
1048 4175 1153 4230 ὑπὸ
1167 4176 1359 4231 Σαῖδου
1379 4191 1394 4206 ⁸
1416 4177 1475 4231 ὃν
1503 4176 1803 4234 ἐπανελθὼν

1915 4177 2290 4248 progreditur.
2358 4176 2570 4230 Interea
2615 4173 2820 4229 Saidus
2869 4173 3133 4226 adversus
3161 4185 3286 4225 eum
3320 4167 3497 4222 rebel-

249 4268 326 4324 διὰ
341 4270 495 4341 λόγου
519 4272 620 4344 τὴν
635 4270 927 4342 Δαμασκὸν
955 4269 1218 4325 πέπεικεν
1247 4267 1458 4336 ἀνοῖξαι
1476 4270 1576 4342 τὴν
1599 4288 1803 4340 προκα-

1918 4271 2079 4335 lavit,
2141 4267 2463 4324 Abimelech
2524 4266 2723 4324 festiue
2783 4278 3069 4336 regressus
3137 4261 3494 4324 Damascum,

250 4363 603 4433 ταληφθεῖσαν
624 4362 717 4418 ὑπ’
739 4363 929 4430 αὑτοῦ,
950 4364 1046 4418 καὶ
1070 4362 1209 4435 μετά
1231 4363 1389 4416 τοῦτο
1414 4363 1691 4433 δολοφονεῖ
1723 4363 1803 4417 atd-

1917 4379 2084 4434 quam
2120 4361 2321 4417 Saidus
2348 4360 2452 4416 sibi
2489 4364 2988 4432 praeoccupaverat,
3021 4355 3142 4410 data
3178 4351 3496 4408 securitatis

251 4455 349 4510 τόν.
365 4457 732 4520 Ἰουστινιανδς
752 4456 810 4510 δὲ
838 4455 1100 4528 νεώτερος
1128 4453 1224 4519 ὢν,
1248 4455 1325 4519 ὡς
1345 4454 1419 4520 ις’
1435 4455 1643 4527 χρόνων
1677 4455 1803 4525 (59),

1913 4456 2021 4511 ﬁde
2050 4456 2254 4526 aperiri
2289 4452 2508 4516 suadet,
2541 4455 2703 4522 cujus
2737 4451 2830 4507 ille
2851 4449 3054 4505 oblitus
3081 4445 3346 4517 perduelli
3370 4444 3497 4498 dolo

253 4553 337 4601 καὶ
390 4549 637 4614 ἀϐούλως
680 4549 750 4603 τὰ
807 4550 929 4604 κατ’
974 4549 1137 4603 αὐτὸν
1182 4548 1439 4615 διοικῶν,
1492 4548 1803 4601 ἀποστέλλει

1915 4557 2148 4603 mortem
2178 4543 2385 4600 intulit.
2425 4542 2773 4598 Justinianus
2803 4554 2968 4610 porro
3001 4553 3125 4594 eum
3153 4537 3342 4606 junior
3394 4534 3496 4589 ad-

255 4641 488 4696 Λεὸντιυν
507 4643 603 4697 τὸν
662 4641 968 4714 στρατηγὸν
1017 4641 1110 4695 ἐπὶ
1130 4641 1228 4711 τὴν
1260 4643 1301 4673 ⁸¹
1334 4641 1629 4712 Ἀρμενίαν
1673 4641 1803 4711 μετὰ

1916 4641 2046 4705 huc,
2109 4653 2382 4693 annorum
2447 4635 2704 4690 videlicet
2749 4632 3046 4695 sexdecim,
3095 4630 3410 4693 exsisteret,
3443 4639 3497 4682 et

266 4730 562 4804 Ῥωμαῖκῆς
594 4733 900 4804 δυνάμεως,
954 4734 1202 4796 καὶτοὺς
1242 4735 1422 4786 ἐκεῖσε
1458 4733 1803 4804 Σαρακηνοὺς

1918 4733 2037 4788 suis
2062 4729 2392 4786 inconsultis
2454 4727 2771 4796 reipublicae
2819 4723 3039 4794 negotia
3076 4721 3282 4792 quavis
3317 4718 3495 4774 admi-

256 4825 472 4891 κτείνας,
504 4826 803 4881 ὖτνοτάσσει
842 4825 1137 4897 Ῥωμαίοις
1164 4824 1426 4888 ὡσαύτως
1449 4826 1544 4879 καὶ
1571 4825 1803 4896 Ἰϐηρίαν

1916 4825 2203 4889 nistraret,
2230 4821 2520 4878 Leontium
2537 4819 2750 4874 'ducem
2779 4832 2904 4872 cum
2939 4813 3202 4871 Romanis
3237 4813 3413 4884 copiis
3437 4812 3495 4866 in

1507 4939 1744 4995 VARUE
1777 4938 2184 4996 LECTIONES.

322 5034 497 5106 “ttat
523 5035 652 5106 add.
695 5051 761 5091 ex
811 5037 914 5106 Δγ
980 5035 1023 5067 ⁸⁸
1047 5033 1704 5106 ἐξορισθῆναιηκαὶᾼΑ,
1756 5033 2084 5106 ὲξωσθέντος
2123 5032 2281 5106 vulg.
2378 5030 2424 5106 ’ξ’
2473 5026 2868 5106 λεκανόμαντιν
2928 5023 3322 5106 ᾼΞ-μᾲντῃν
3343 5021 3492 5106 νιιιεΓ

236 5107 295 5139 ·²¹
325 5104 586 5194 μῆνα..αἰ“
611 5107 788 5194 μῆνας
819 5110 862 5159 Α
895 5105 933 5194 τι
966 5107 1010 5137 ¹¹
1032 5093 1310 5194 ily—adduci
1330 5093 1484 5194 At”
1510 5093 1781 5194 Ξαύίςῃξὸ
1798 5093 1869 5194 Ἀ,
1900 5093 2205 5194 «camara
2228 5093 2293 5154 7:6
2310 5100 2487 5194 “vulg.I
2545 5099 2590 5131 “
2622 5093 2782 5194 δέξει
2930 5097 2995 5194 Α²⁵
3025 5093 3495 5194 κοέἔιξξλιῇωξοιινὲι

260 5162 400 5246 vuig:
461 5178 508 5209 ¹⁶
537 5162 631 5228 τ’δύ
661 5162 786 5231 add:
813 5193 876 5231 ex
902 5175 965 5230 A.
998 5246 1006 5247 ί
1043 5162 1084 5208 δ’
1117 5178 1386 5247 τετάρτης
1415 5175 1480 5239 Α,
1504 5175 1560 5226 δὲ
1582 5162 1746 5246 τῆἕδ⁴
1777 5162 1921 5247 vuig.
1997 5174 2042 5207 ”
2061 5162 2147 5230 ’ὧν
2170 5173 2237 5239 Α,
2267 5170 2376 5225 τῶν
2399 5162 2548 5238 γίιικ.
2624 5167 2669 5200 ¹⁹
2692 5165 2886 5221 Ζίαδον
2920 5165 2988 5220 Α.
3084 5164 3130 5196 ³⁸
3159 5162 3422 5234 Μουχτὰρ
3446 5162 3494 5216 Α

263 5247 464 5317 ubique,
497 5248 727 5319 Μουχὰρ
765 5248 917 5318 vulg.
992 5246 1034 5278 "
1069 5245 1163 5298 ἐπὶ
1194 5245 1291 5316 τὴν
1324 5245 1391 5311 Α,
1417 5247 1558 5298 κατὰ
1581 5247 1680 5315 τὴν
1710 5245 1892 5316 vulg.‘
3353 5254 3356 5256 ‘

1543 5363 1684 5420 JAC.
1723 5364 1935 5422 GOARI
1976 5361 2206 5420 NOTAE.

1931 5484 2076 5538 tiara
2110 5489 2258 5537 certe
2303 5475 2622 5548 huiusmodi
2666 5475 3023 5548 oppida,_nec
3052 5487 3174 5543 quae
3204 5470 3362 5548 facile
3397 5487 3494 5548 ex-

1928 5553 2280 5610 cursionibus
2318 5543 2481 5619 diripi
2511 5543 2756 5616 queanti
2800 5556 2854 5600 at
2893 5545 3100 5598 Libano
3131 5551 3197 5619 _et
3253 5543 3495 5619 elusuris

1925 5625 2126 5686 vicina,
2151 5614 2590 5692 qumiMar‘dait—a:
2625 5619 3004 5692 incursarent,
3033 5614 3223 5692 multa.
3251 5614 3490 5692 Connsr.

1993 5681 2124 5767 (59)⁷
2148 5681 2617 5767 lta_Nicepliorus,
2661 5689 2753 5758 qui
2801 5689 2961 5767 paulo
2993 5687 3233 5767 inferius
3267 5681 3492 5740 Libani-

1919 5759 2102 5824 taruui
2135 5763 2371 5820 militum
2394 5759 2736 5817 amotionem
2761 5759 2952 5831 paucis
2991 5762 3261 5813 recenset.

326 5483 427 5553 (36)
455 5483 653 5538 Novem
681 5484 888 5539 scribet
931 5481 1051 5538 loco
1081 5483 1324 5553 proprio.

328 5555 429 5621 (37)
483 5555 555 5610 De
609 5555 921 5609 Abimelech
964 5555 1279 5608 nominibus
1323 5553 1554 5623 plurima
1599 5554 1817 5610 curiose

265 5634 620 5693 exposuerunt
663 5624 1050 5690 Leunclavius,
1103 5633 1157 5680 et
1183 5625 1460 5680 Abraham
1486 5623 1812 5680 Ecchellen-

268 5697 353 5757 sis,
382 5712 522 5764 gesta
549 5700 642 5752 vix
668 5697 985 5768 attigerunt.

329 5768 430 5838 (58)
473 5768 612 5823 Bene
653 5766 843 5822 Anaét.
886 5769 938 5820 in
965 5766 1259 5835 conﬁnibus
1288 5767 1478 5836 posita:
1531 5767 1807 5832 civitates;

268 5851 362 5892 non
386 5841 522 5908 quod
561 5854 734 5896 novus
778 5839 1002 5909 interp,
1031 5840 1087 5893 in
1119 5839 1373 5894 montium
1419 5838 1802 5893 cacuminibus.
