4028 6298
451 361 561 428 759

1837 364 2326 430 TBEOPHANIS

3624 367 3737 433 760

521 477 587 530 Α.
624 474 687 529 C.
719 472 843 529 697.
881 506 941 516 --
970 470 1082 528 Hoc
1126 486 1270 527 anno
1302 473 1541 528 Arabum
1574 474 1681 527 dux
1717 474 2029 530 .lbimclech

2216 478 2273 532 Δ.
2310 478 2384 530 Μ.
2419 476 2581 533 ὕ197.
2626 509 2691 520 -—
2718 475 2906 549 Τούτῳ
2942 476 3019 549 τῷ
3054 477 3162 531 ἔτει
3206 478 3467 549 τέθνηκεν
3508 478 3737 551 Ἀϐιμέ-

449 576 704 623 mortuus
760 576 864 631 est,
899 573 953 619 et
992 562 1147 619 Valid
1198 565 1322 634 ejus
1381 565 1525 618 tilius
1558 562 1719 635 313
1756 565 2030 633 principa-

449 667 568 716 tum
595 658 859 715 obtinuit.
895 656 1101 713 Eodem
1130 658 1296 712 etiam
1327 670 1474 710 anno
1498 654 1850 712 Justinianus
1900 654 2036 711 Ter-

452 750 591 809 belis
613 758 670 806 et
698 747 1065 822 Bulgarorum
1098 748 1203 819 ipsi
1219 748 1609 820 adjunctorum
1635 748 1842 804 auxilio
1860 747 2034 807 fretus

450 846 671 902 urbium
744 844 992 918 reginam
1061 844 1231 899 armis
1293 842 1531 913 impetit,
1591 853 1645 899 et
1692 842 1759 897 ad
1817 842 2035 898 Charsii

450 947 663 1011 portant
692 938 892 995 castris
916 937 1112 993 locatis
1130 945 1305 992 totum
1338 928 1575 1007 spatium
1606 936 1672 991 ad
1696 934 2035 993 Blaehernas

455 1046 635 1104 usque
659 1038 917 1102 occupat.
946 1030 1053 1087 Per
1089 1030 1209 1086 dies
1247 1039 1429 1084 autem
1460 1038 1573 1085 tres
1605 1027 1882 1098 colloquio
1908 1042 2035 1083 cum

454 1127 673 1195 civibus
734 1126 944 1191 habito,
1003 1124 1228 1181 nonnisi
1277 1124 1646 1179 contumelias
1700 1109 1754 1176 et
1806 1120 2040 1177 dicteria

454 1220 526 1276 ab
564 1218 704 1290 ipsis
743 1220 1075 1285 retulerunt,
1103 1217 1311 1287 quibus
1347 1218 1515 1274 etiam
1570 1217 1851 1271 incassum
1884 1214 2042 1286 pacis

454 1312 805 1371 conditiones
863 1310 1201 1368 obtulerunt.
1268 1308 1442 1364 Porro
1512 1306 1861 1365 Justiuianus
1916 1321 2042 1362 cum

451 1409 647 1480 paucis
696 1405 993 1464 admodum
1062 1404 1361 1478 gentilibus
1418 1403 1535 1458 suis
1591 1401 1733 1457 citra
1804 1414 2042 1473 pugnam

2137 567 2231 638 λεχ
2258 570 2287 621 ὁ
2318 567 2429 621 τῶν
2468 567 2722 638 Ἀράϐων
2753 570 3020 640 ἀρχηγὸς,
3060 570 3155 624 καὶ
3193 571 3501 643 ἐκράτησεν
3534 572 3737 625 Ούαλὶδ

2137 662 2165 714 ό
2201 661 2314 726 υίὸς
2350 659 2541 716 αὐτοῦ.
2568 662 2662 732 Τῷ
2694 660 2740 714 δ’
2780 660 2930 731 αύτῷ
2956 660 3067 716 ἔτει
3107 662 3486 728 Ἰουστινιανδς
3508 664 3607 735 τὴν
3633 663 3736 736 βα-

2140 750 2318 806 σιλίδα
2350 752 2505 807 πόλιν
2535 751 2860 810 καταλαϐὼν
2893 754 3012 825 ἅμα
3053 753 3321 827 Τερϐἐλῃθ
3366 758 3462 809 καὶ
3492 756 3601 809 τῶν
3635 757 3738 809 σὺν

2139 844 2291 917 αύτῷ
2331 846 2661 919 Βουλγάρων
2691 845 3024 918 ἠπλίκευσεν
3054 847 3137 913 εἰς
3161 847 3263 921 τὴν
3308 848 3552 920 Χαρσίου
3592 849 3736 921 πόρ-

2137 954 2239 993 ταν
2267 938 2381 1009 (93)
2417 940 2512 994 xal
2552 940 2657 1004 ἕως
2682 940 3026 1014 Βλαχερνῶν.
3056 942 3170 996 Καὶ
3208 943 3303 997 ἐπὶ
3334 946 3487 1015 τρεῖς
3514 943 3738 1015 ἡμέρας

2144 1032 2579 1103 προσλαλοῦντες
2632 1037 2747 1101 τοῖς
2800 1036 2859 1090 ὲν
2919 1038 2989 1109 τῇ
3038 1037 3194 1091 πόλει
3255 1036 3545 1109 ὑϐρίζοντο
3601 1034 3737 1109 παρ’

2144 1125 2349 1194 αὐτῶν,
2389 1126 2487 1182 καὶ
2524 1129 2645 1183 οὐδὲ
2691 1130 2851 1199 λόγον
2883 1130 3259 1202 κατεδέχοντο.
3307 1132 3367 1186 '0
3398 1131 3456 1186 δὲ
3513 1132 3740 1185 ἰουστι-

2144 1218 2328 1286 νιανδς
2359 1219 2480 1291 μετ’
2503 1220 2702 1290 ὀλίγων
2732 1223 3025 1294 ὁμοφύλων
3057 1224 3295 1297 πολέμου
3310 1224 3495 1295 ’χωρὶς
3526 1222 3617 1278 διά
3638 1221 3739 1278 τοῦ

2148 1310 2370 1381 άγωγοῦ
2414 1312 2527 1385 (94)
2555 1313 2837 1380 εἰσελθὼν,
2865 1317 2961 1370 κα)⁵
3008 1315 3239 1388 θόρυϐον
3272 1316 3603 1387 άνασκαιρῆς
3635 1314 3739 1387 βα-

2150 1401 2283 1470 λὼν,
2315 1403 2416 1474 τὴν
2464 1406 2623 1460 πόλιν
2671 1407 3007 1481 παρέλαϐεν,
3056 1409 3152 1463 καὶ
3183 1409 3324 1480 πρὸς
3353 1409 3528 1481 βραχῦ
3572 1409 3743 1480 ὲσκήο

454 1519 557 1573 per
585 1518 824 1560 cuneum
860 1500 916 1557 in
971 1498 1164 1557 urbem
1220 1498 1467 1562 subiens,
1515 1511 1711 1568 Sparso
1765 1494 1929 1550 caedis
1990 1503 2045 1549 et

2154 1514 2327 1552 νωσεν
2357 1501 2415 1554 ὲν
2448 1500 2527 1570 τῷ
2560 1500 2809 1573 παλατίῳ
2844 1500 3188 1574 Βλαχερνῶν.

452 1601 659 1671 stragis
696 1599 963 1667 tumultu,
993 1597 1114 1669 ejus
1154 1610 1384 1666 compos
1415 1594 1664 1660 ell'ectus,
1714 1593 1879 1664 paulo
1913 1599 2036 1663 post
2074 1591 2130 1647 in
2190 1594 2625 1653 Blaehernarum
2692 1600 2894 1667 palatio
2953 1600 3139 1656 sedem
3196 1614 3261 1654 ac
3317 1599 3479 1656 simul
3556 1608 3745 1659 castra

456 1694 664 1764 posuit.

523 1812 594 1867 Α.
651 1810 714 1867 C.
766 1808 894 1865 698.
945 1837 1016 1851 -υ-
1069 1806 1435 1862 Romanorum
1475 1803 1816 1875 imperatoris
1864 1801 2039 1859 Justi-

2215 1805 2283 1860 A.
2314 1804 2390 1859 Μ.
2418 1805 2667 1862 6198.-
2696 1806 2993 1876 Ῥωμαίων
3016 1806 3326 1875 ,ϐασιλέως
3363 1808 3541 1863 πάλιν
3591 1810 3749 1866 ἰουο

456 1907 610 1964 niani
639 1906 833 1961 iterum
863 1918 1034 1958 annus
1059 1902 1288 1971 primus.

524 2001 564 2055 ,ι
576 1996 764 2053 rubum
792 1994 943 2050 ducis
980 1993 1136 2050 Valid
1163 2009 1334 2049 annus
1357 1994 1589 2066 primus.

525 2090 748 2162 Cpoleos
777 2089 1007 2159 episcopi
1028 2088 1158 2160 Cyri
1195 2104 1365 2143 annus
1394 2089 1619 2158 primus.

527 2182 1018 2256 Hierosohjntorum
1047 2181 1277 2252 episcopi
1326 2180 1557 2236 Joannis
1613 2196 1783 2236 annus
1819 2180 2044 2250 primus.

532 2298 645 2355 lloc
684 2312 833 2354 anno
885 2294 1232 2353 Justinianus
1267 2295 1322 2350 in
1372 2294 1667 2365 imperium
1707 2294 2039 2359 restitutus,

461 2393 745 2467 praclaris
779 2391 1101 2448 muneribus
1141 2398 1199 2445 et
1238 2390 1385 2461 regia
1433 2388 1772 2460 supellectile
1826 2386 2045 2443 Terbeli

458 2489 667 2555 oblata,
722 2487 864 2543 inito
917 2500 1042 2541 cum
1100 2499 1169 2540 eo
1227 2481 1457 2551 foedere,
1522 2481 1749 2554 paciﬁce
1811 2480 2046 2536 dimisit.

460 2584 790 2652 Apsituarus
849 2579 983 2635 urbe
1029 2578 1245 2645 relicta,
1296 2574 1719 2648 Apolloniadem
1786 2576 1915 2649 fuga
1987 2590 2047 2631 se

460 2673 680 2744 recipit,
728 2672 874 2728 etin
935 2671 1053 2741 ipsa
1102 2669 1230 2741 fuga
1268 2668 1701 2740 comprehensus
1755 2668 1824 2723 ad
1875 2666 2047 2724 Justi-

463 2764 689 2819 nianum
719 2761 1033 2817 adducitur.
1070 2757 1358 2816 Heraclius
1385 2773 1606 2830 quoque
1636 2757 1875 2814 vinculis
1901 2772 2047 2813 com-

463 2856 679 2927 peditus
704 2854 942 2910 Thracia
966 2861 1275 2918 extractus,
1300 2867 1425 2907 cum
1450 2853 1681 2916 caeteris,
1731 2851 1825 2922 qui
1853 2852 1955 2907 sub
1980 2866 2047 2909 eo

464 2949 839 3014 merebantur,
876 2946 1201 3019 proceribus
1252 2944 1428 3001 eidem
1474 2953 1862 3016 prmsentatur,
1907 2960 2046 3016 quos

464 3057 660 3099 omnes
686 3042 893 3113 laqueis
910 3057 940 3097 e
963 3055 1123 3095 muro
1145 3039 1453 3109 suspendit.
1481 3039 1730 3095 Dimissis
1766 3040 1930 3094 etiam
1952 3053 2048 3110 per

467 3135 867 3191 mediterranea
898 3132 1193 3198 ministris,
1228 3130 1429 3187 multos
1457 3145 1522 3185 ex
1554 3128 1830 3214 Apsimari
1855 3129 2047 3186 militi-

468 3229 571 3290 bus
599 3235 865 3299 repertos,
906 3236 1014 3281 tam
1048 3240 1168 3290 eos,
1199 3223 1293 3296 qui
1323 3238 1422 3295 pro
1446 3224 1565 3293 ipso
1600 3222 1805 3291 aliquid
1850 3223 2046 3280 molie-

468 3319 692 3387 bantur,
728 3333 892 3390 quam
936 3317 1033 3391 qui
1066 3317 1306 3389 quietem
1355 3324 1603 3386 agerent,
1641 3330 1833 3371 omnes
1879 3314 2048 3371 inter-

469 3411 625 3469 fezit.
681 3410 1034 3481 Apsimarum
1109 3414 1292 3475 autem
1363 3415 1417 3463 et
1482 3406 1770 3463 Leontium
1837 3406 2051 3463 catenis

471 3504 687 3561 vinctos
724 3519 820 3575 per
853 3502 1142 3559 universas
1187 3500 1340 3556 urbis
1387 3500 1639 3572 regiones
1684 3499 2051 3572 ignominiosa

474 3597 687 3653 traduci
723 3595 1024 3660 mandavit,
1066 3602 1122 3651 et
1152 3592 1496 3654 circensibus
1546 3592 1688 3648 ludis
1737 3592 2048 3659 celebratis,

472 3694 593 3761 ipso
625 3688 847 3760 propria
876 3686 982 3743 sibi
1023 3685 1157 3743 sede
1194 3685 1517 3755 composito,
1549 3683 1623 3738 illi
1661 3683 1880 3754 publice
1924 3700 2051 3739 cum

472 3783 744 3839 dedecore
769 3780 957 3848 tracti,
987 3780 1056 3836 ad
1092 3780 1256 3851 pedes
1282 3779 1403 3850 ejus
1434 3777 1822 3850 prosternendi
1855 3777 2051 3835 humili

474 3888 625 3930 more
658 3871 890 3945 projeeti
931 3880 1089 3930 sunt.
1126 3870 1524 3927 lnclinatorum
1564 3880 1619 3926 et
1648 3885 1953 3941 prunorum
1989 3872 2048 3926 in

473 3976 683 4023 terram
720 3965 966 4023 cervices
1002 3964 1233 4037 pedibus
1259 3963 1473 4020 terebat
1492 3972 1547 4020 et
1577 3963 1830 4020 calcabat
1874 3962 2053 4020 Justi-

475 4060 697 4126 nianus,
740 4059 918 4116 donec
962 4058 1096 4115 circi
1149 4073 1349 4115 munus
1395 4057 1635 4129 primum
1680 4057 2052 4127 exhiberetur,

474 4154 677 4228 popqu
728 4150 1107 4209 vociferante:
1135 4149 1310 4222 Super
1346 4150 1591 4222 aspidem
1637 4160 1693 4207 et
1734 4150 2053 4208 basiliscum

477 4247 797 4313 ambulasti,
851 4254 906 4303 et
949 4244 1287 4303 conculcasti
1349 4245 1563 4301 leonem
1620 4252 1676 4301 et
1728 4244 2053 4301 draconem.

476 4339 706 4395 Demum
741 4338 798 4393 in
832 4337 1119 4409 cynegium
1174 4337 1364 4392 missis
1396 4345 1558 4407 caput
1587 4336 1861 4407 amputari
1914 4353 2056 4409 prae.

475 4430 643 4502 cepit,
669 4428 995 4486 Callinicum
1028 4428 1399 4500 patriarcham
1425 4427 1597 4485 oculis
1639 4428 1894 4485 orbatum
1943 4428 2059 4485 Ro-

2149 1901 2466 1955 στινιανοῦ
2496 1901 2631 1967 ἔτος
2667 1899 2739 1956 a'.

2232 1994 2497 2062 Ἀράϐων
2528 1996 2797 2065 ἀρχηγοῦ
2843 1994 3067 2050 Οὐαλὶδ
3099 1994 3237 2062 ἔτος
3273 1992 3346 2050 α’.

2221 2089 2925 2160 Κῳνσταντινουπόλεως
2935 2087 3275 2143 ἐπισκόπου
3292 2089 3491 2157 Κύρου
3507 2088 3644 2156 ἔτος
3661 2096 3747 2146 a'.

2233 2170 2668 2254 Ἱεροσολύμων
2694 2182 3034 2238 ἐπισκόπου
3076 2182 3352 2238 Ἰωάννου
3381 2182 3515 2247 ἔτος
3553 2182 3631 2241 α’.

2217 2299 2407 2371 Τούτῳ
2463 2297 2541 2369 τῷ
2601 2297 2712 2352 ἔτει
2783 2296 3163 2362 Ἰουστινιανὸς
3220 2297 3384 2352 πάλιν
3431 2295 3532 2369 τὴν
3584 2296 3748 2367 βασι-

2144 2394 2296 2448 λείαν
2358 2390 2815 2464 παραλαμϐάνει,
2880 2392 2978 2445 καὶ
3048 2388 3222 2443 πολλά
3286 2389 3436 2461 δῶρα
3491 2389 3616 2454 δοὺς
3660 2389 3742 2459 τῷ

2147 2484 2396 2560 Τερϐἐλῃ
2459 2483 2557 2538 καὶ
2636 2482 2895 2555 βασιλικά
2966 2480 3171 2552 σκεύη,
3233 2480 3507 2536 ἀπέλυσεν
3572 2479 3743 2534 αὐτὸν

2147 2579 2206 2633 ἐν
2246 2578 2463 2651 εἰρήνῃ.
2513 2575 2817 2648 Ἀψίμαρος
2858 2575 2915 2630 δὲ
2949 2573 3265 2630 καταλιπὼν
3308 2574 3410 2646 τὴν
3455 2573 3614 2627 πόλιν
3655 2574 3744 2639 είς

2161 2670 2568 2726 ’Δπολλωνιάδα
2633 2669 2851 2740 φεύγει.
2900 2666 3314 2740 Καταδιωχθεὶς
3372 2666 3429 2721 δὲ
3495 2665 3746 2738 συλλαμ-

2149 2765 2414 2831 ϐάνεται,
2445 2768 2541 2820 καὶ
2571 2766 2653 2829 είς
2713 2763 3088 2819 ’1ουστινιανδν
3129 2762 3345 2832 ἄγεται.
3392 2762 3504 2817 Καὶ
3565 2761 3744 2833 Ἠράο

2147 2860 2329 2925 κλειος
2363 2860 2473 2932 (95)
2506 2859 2564 2913 δὲ
2598 2858 2706 2913 ἀπὸ
2735 2857 2959 2930 Θρᾴκης
2988 2856 3290 2927 δεδεμένος.
3308 2854 3450 2928 ἢχθη
3480 2855 3576 2910 σὺν
3599 2856 3745 2907 πᾶσι

2146 2956 2261 3019 τοῖς
2298 2951 2785 3023 συνασπιζομένοις
2836 2950 2984 3022 αύτῷ
3007 2950 3053 2983 ⁸⁸
3101 2950 3364 3021 ἄρχουσιν
3384 2988 3399 3012 ,
3427 2946 3523 3012 οὓς
3569 2949 3629 3001 ὲν
3656 2945 3745 3017 τῷ

2145 3046 2318 3119 τείχει
2365 3046 2577 3110 πάντας
2621 3045 2948 3116 ἑφούρκισεν
2995 3043 3130 3116 (96).
3175 3043 3530 3105 Ἀποστείλας
3566 3042 3622 3095 δὲ
3653 3041 3742 3104 εἰς

2148 3138 2219 3193 τὰ
2272 3136 2534 3209 μεσόγεια
2576 3135 2813 3199 ἅπαντα,
2849 3134 3069 3199 πλείους
3104 3134 3163 3202 ἐξ
3197 3132 3379 3188 αὐτῶν
3420 3131 3594 3202 εὑρὼν
3636 3132 3745 3201 ἐμ-

2155 3230 2439 3306 πράκτους
2464 3229 2580 3300 (97)
2602 3246 2662 3283 τε
2689 3228 2784 3282 καὶ
2816 3228 3138 3296 ἀπράκτους
3165 3226 3210 3259 ⁸⁷
3242 3225 3449 3289 πάντας
3475 3224 3745 3279 ἀπέκτει-

2148 3344 2259 3381 νεν.
2297 3325 2401 3380 Τὸν
2435 3323 2493 3378 δὲ
2543 3322 2851 3395 Ἀψίμαρον
2882 3320 2976 3375 καὶ
3023 3320 3277 3375 Λεόντιον
3318 3320 3541 3375 ἁλύσεσι
3588 3317 3745 3371 δεδε-

2154 3417 2353 3490 μένους
2381 3417 2459 3480 εἰς
2493 3417 2674 3470 πᾶσαν
2719 3414 2876 3468 πόλιν
2919 3411 3239 3485 πομπεῦσαι
3266 3411 3569 3482 πεποίηκεν
3591 3425 3607 3441 θ
3643 3411 3747 3464 καὶ

2150 3508 2246 3565 τοῦ
2276 3507 2505 3564 ἱππικοῦ
2536 3508 2807 3578 ἀγομένου
2833 3506 2930 3562 καὶ
2956 3507 3015 3562 ιν
3042 3503 3121 3578 τῷ
3148 3504 3321 3575 σένξῳ
3346 3502 3746 3573 καθεζομένω,

2150 3599 2398 3673 ἤχθησαν
2431 3598 2722 3671 συρόμενοι
2765 3597 3025 3672 δημοσίᾳ,
3056 3596 3153 3652 καὶ
3194 3594 3502 3670 ἐρρίφησαν
3535 3594 3750 3647 ὑποτα-

2152 3693 2325 3764 γάδην
2339 3692 2491 3765 αὐτῷ
2512 3708 2529 3724 ·
2552 3694 2649 3747 καὶ
2670 3691 2915 3764 ἐπάτησε
2951 3690 3046 3746 τὸν
3076 3690 3348 3762 τράχηλον
3374 3686 3556 3743 αὐτῶν
3576 3685 3747 3758 ἄχρις

2152 3786 2470 3851 ἀπολύσεως
2522 3785 2635 3858 (98)
2677 3785 2773 3841 τοῦ
2803 3785 3024 3858 πρώτου
3056 3784 3229 3856 βαῖου,
3260 3780 3357 3838 τοῦ
3397 3782 3571 3853 δήμου
3604 3780 3747 3851 .8“;-

2157 3899 2373 3947 σαντος,
2412 3883 2494 3937 ὅτι
2516 3880 2643 3935 Ἐπὶ
2669 3879 2871 3935 ἀσπίδα
2901 3879 2997 3933 καὶ
3035 3876 3345 3951 βασιλίσκον
3376 3874 3607 3945 ἐπέϐης,
3640 3872 3747 3927 καὶ

2155 3974 2443 4046 ὲπάτησας
2489 3972 2682 4028 λέοντα
2730 3974 2825 4027 καὶ
2862 3972 3153 4046 δράκοντα.
3201 3969 3316 4026 Καὶ
3350 3967 3571 4031 τούτους
3602 3966 3747 4020 ἀπο-

2159 4070 2376 4134 στείλας
2404 4070 2463 4122 ὲν
2491 4064 2570 4139 τῷ
2599 4065 2878 4138 κυνηγείῳ
2917 4063 3324 4135 ἀπεκεφάλισεν
3344 4077 3360 4093 ο
3412 4060 3746 4115 Καλλίνικον

2158 4160 2215 4216 δὲ
2250 4159 2601 4231 πατριάρχην
2652 4155 2941 4227 τυφλώσας
2974 4158 3033 4212 ἐν
3079 4159 3146 4227 τῇ
3210 4154 3400 4226 Ῥώμῃ
3434 4150 3697 4223 ἐξώρισεν
3723 4166 3741 4182 ο

2160 4252 2253 4305 καὶ
2304 4251 2422 4306 ἀντ’
2472 4248 2638 4303 αὐτοῦ
2686 4246 2873 4320 Κῦρον
2903 4249 2962 4302 ὲν
2992 4249 3059 4319 τῇ
3107 4248 3255 4318 νήσῳ
3287 4246 3595 4316 Ἀμαστρις
3622 4239 3744 4311 (99)

2161 4340 2474 4413 ἐγκλειστον
2504 4340 2658 4407 ὄντα,
2708 4339 2786 4405 ὼς
2835 4338 3270 4411 προσημὼθαντα
3313 4336 3461 4407 αὖτῷ
3510 4333 3610 4406 τὴν
3635 4330 3747 4403 τῆς

2161 4435 2425 4506 δευτέρας
2502 4432 2784 4505 βασιλείας
2854 4431 3304 4488 ἀποκατάστασιν
3382 4426 3739 4501 προεϐάλετο.

476 4540 621 4582 mam
649 4524 931 4597 relegavit,
963 4532 1019 4579 et
1061 4522 1117 4578 iu
1143 4521 1267 4593 ejus
1298 4522 1479 4577 locum
1521 4520 1724 4594 Cyrum
1757 4521 2045 4592 quemdam

2173 4527 2569 4598 Ἀναρίθμητον
2606 4525 2662 4579 δὲ
2694 4521 2899 4595 πλῆθος
2928 4522 2995 4579 ἐκ
3016 4539 3078 4577 τε
3104 4520 3150 4553 ⁸³
3184 4520 3280 4576 τοῦ
3319 4516 3598 4573 πολιτικοῦ
3641 4516 3742 4570 καὶ

478 4620 535 4673 in
593 4618 865 4674 Amastris
922 4614 1101 4672 insula
1163 4614 1493 4672 monachum
1545 4614 1847 4678 inclusum,
1902 4614 2049 4685 quod

480 4711 692 4783 imperii
763 4709 1003 4769 secundo
1069 4709 1291 4783 gerendi
1362 4705 1682 4763 vaticinium
1758 4705 2045 4773 edidisset,

2157 4619 2253 4673 τοῦ
2329 4616 2724 4689 στρατιωτικοῦ
2781 4614 3087 4685 καταλόγου
3144 4611 3448 4668 ἀπώλεσεν.
3498 4607 3743 4672 Πολλοὺς

2153 4710 2209 4763 δὲ
2240 4709 2338 4763 acati.
2366 4711 2423 4762 tv
2460 4709 2683 4772 σάκκοις
2712 4706 2972 4779 ἐμϐαλὼν
2993 4706 3038 4740 ⁸⁸
3067 4707 3126 4760 ἐν
3153 4707 3223 4778 τῇ
3254 4702 3502 4775 θαλάσσῃ
3539 4714 3742 4771 πικρο-

1776 4821 2014 4877 VARUE
2043 4820 2451 4879 LECTIONES.

566 4941 846 5088 ΓΞ
876 4944 1061 5008 αὐτοῖς
1090 4943 1236 5015 vulg.
1310 4943 1355 4977 δ’
1384 4942 1756 5016 ὲμπράκτους]
1777 4940 1938 5014 εὐπρ.
1977 4942 2017 5000 l'.
2126 4942 2174 4975 ⁸⁸
2202 4960 2262 4997 τε
2284 4953 2339 4999 et
2368 4942 2600 4999 alterum
2629 4940 2723 4997 τοῦ
2752 4940 2882 4997 add.
2912 4956 2980 4997 ex
3012 4938 3079 4995 Δ.
3176 4938 3222 4970 ⁵⁸
3245 4932 3501 5008 ἐμϐαλὼν
3533 4932 3601 4999 Α,
3634 4932 3741 5004 ιμ-

477 5016 692 5073 ϐάλλων
718 5032 787 5071 vu

1779 5106 1920 5166 ,1Αο.
1949 5106 2158 5165 GOAHI
2186 5104 2418 5162 NOTIE.

549 5231 665 5305 (93)
709 5228 838 5300 Egri
866 5227 999 5297 Capi
1026 5233 1226 5305 vocant
1247 5221 1647 5305 bodi_e__'l'urc:_e,
1680 5221 1735 5278 id
1768 5230 1874 5288 est,
1909 5223 2051 5305 obli-

480 5292 667 5373 quam,
712 5292 777 5354 ιιῐ
804 5292 1000 5369 reapse
1044 5295 1254 5352 aditum
1298 5295 1523 5350 exhibet
1559 5296 1872 5350 sinuosum.
1903 5292 2051 5365 Orig.

481 5374 622 5429 ΟΡ..
637 5375 701 5426 ἐκ
717 5370 810 5425 τοῦ
830 5367 1075 5429 Χαρσίου
1091 5364 1501 5429 δευτερεύοντος
1526 5365 1724 5429 μέρους
1747 5364 2007 5429 Βενέτων,
2023 5382 2051 5419 α

481 5376 622 5432 ΟΡ..
637 5376 701 5426 ἐκ
717 5376 810 5425 τοῦ
830 5376 1075 5440 Χαρσιου
1091 5376 1501 5435 δευτερεύοντος
1526 5376 1724 5436 μερους
1749 5376 2007 5430 Βενετων,
2023 5382 2057 5419 α

481 5444 709 5501 ϐΙιαηίο
729 5439 969 5498 secunda:
1000 5437 1316 5495 Venetorum
1344 5436 1592 5507 [actionis
1621 5437 1829 5507 tribuno
1851 5434 2054 5507 dictam

480 5516 697 5579 volunt,
742 5514 946 5583 quibus
988 5508 1235 5583 auctoris
1267 5505 1436 5583 verba
1466 5506 1868 5583 astipulantur.
1904 5505 2057 5560 Inter

481 5578 691 5655 ipsam,
712 5578 774 5640 et
799 5590 1118 5655 sequentem
1149 5578 1584 5655 Adrianopoleos
1612 5585 1830 5655 portum
1852 5591 2056 5655 yersus

483 5646 861 5714 continentem
878 5646 1330 5720 "Blaehernarunt
1348 5646 1630 5720 palatium:
1643 5649 1818 5720 situm,
1846 5646 1970 5702 fuit.

555 5724 765 5798 (94)_$.
796 5722 1050 5798 Nicepqu
1104 5718 1379 5798 xar&_'rbv
1408 5719 1511 5790 τῆς
1543 5718 1754 5798 πόλεως
1798 5718 2050 5798 ἀγωγόν

484 5788 577 5866 psr
612 5788 759 5852 urbis
790 5788 1158 5866 oquéduetuut
1176 5790 1420 5866 subiens,
1439 5788 1699 5866 tantisper
1724 5791 1781 5866 in
1806 5788 2053 5866 B_lache_r-

488 5858 679 5927 parum
716 5858 915 5935 palatio
951 5863 1230 5919 habitavit.
1275 5859 1368 5919 Sic
1394 5861 1525 5918 mihi
1556 5858 1639 5928 τδ,
1667 5859 1801 5935 πρὸς
1836 5858 2045 5934 βραχύ·

2156 5235 2278 5289 quae
2306 5219 2422 5289 ipsa
2447 5218 2531 5274 vis
2564 5217 2779 5289 estiroﬁ
2809 5216 3092 5289 ἐσκήνωσε
3114 5230 3128 5245 ·
3164 5231 3271 5272 non
3305 5215 3468 5279 paulo
3502 5223 3645 5283 post,
3672 5221 3739 5268 ut

2158 5288 2285 5346 aliis
2308 5288 2603 5345 redditum.
2640 5288 2933 5344 Constans.

2252 5361 2341 5422 95)
2378 5359 2653 5429 Apsimari
2686 5357 2877 5423 frater,
2901 5356 3572 5429 Orientaliumjcopiarum
3598 5354 3739 5410 dux.

2550 5427 2631 5500 τῷ
2664 5430 2835 5509 τείχει
2850 5430 2957 5509 ,ἐπὶ
2989 5428 3147 5509 ξύλ-ου
3186 5427 3518 5509 ἀνήρτησεν.

2230 5496 2345 5570 (97)
2378 5496 2618 5570 Actora;
2646 5496 2809 5556 vertit
2837 5500 3189 5563 Anastasius,
3216 5496 3514 5568 eu’jus'alia
3548 5496 3743 5565 lectio,

2160 5569 2425 5631 auctores.
2456 5569 2640 5625 habet.

2232 5641 2348 5713 (98)
2389 5639 2703 5713 Ἀπόλυσις,
2732 5641 2877 5712 ﬁnis,
2911 5650 2964 5713 et
2994 5637 3245 5713 demissio
3274 5652 3293 5691 :
3328 5635 3503 5707 βαῖον,
3526 5634 3737 5713 palata.

2160 5721 2216 5769 et
2240 5708 2578 5782 premium.
2607 5710 2707 5766 Adi
2733 5708 2899 5769 notas
2950 5712 3004 5767 in
3041 5709 3348 5768 Cedreuum
3373 5708 3740 5782 posteriores.

2231 5776 2342 5856 (99)
2390 5782 2471 5837 ΑιΙ
2519 5780 2793 5856 Bithyniae
2851 5790 3112 5853 pontum;
3170 5776 3511 5845 correctius,
3557 5776 3737 5849 ’Δμά-

2162 5851 2335 5927 στριδι
2375 5853 2555 5925 posuit
2589 5851 2954 5928 Nicephorus.
