4028 6298
436 333 538 399 791
1829 342 1927 401 ΤΗ
1936 340 2237 404 EOPIIAN
2251 345 2318 405 lS
3598 345 3706 408 792

430 453 579 505 viam
605 464 927 521 progressus
962 460 1385 524 quingentarum
1412 456 1595 513 ovium
1637 460 1704 513 ad
1739 476 1865 514 eum
1898 475 2016 514 mu—

2128 457 2268 527 ιὺτῷ
2294 456 2433 529 μετὰ
2452 458 2643 528 δώρων
2671 459 2965 532 προϐάτων
2992 458 3390 514 πεντακοσίων.
3419 456 3706 527 Θεραπευ-

436 557 540 597 nus
571 542 721 597 misit
758 561 771 598 :
804 558 917 614 quo
962 542 1306 601 Justinianus
1354 548 1639 613 deliuitus,
1668 553 2010 622 Spatharium

2128 552 2234 618 θεὶς
2251 553 2305 607 δὲ
2319 553 2347 606 ό
2361 551 2737 616 ’1ουστινιανδς
2758 553 3058 625 σπαθάριον
3076 551 3278 615 εὐθέως
3298 551 3461 605 αὑτὸν
3484 568 3549 603 πε
3559 550 3708 617 ποίηο

434 649 557 688 mox
591 644 836 690 creatum
876 635 931 690 in
972 638 1334 693 sinceriorum
1384 641 1686 697 amicorum
1722 626 2013 699 numerum

2128 662 2237 709 κεν,
2269 647 2366 699 καὶ
2394 639 2541 716 εῖχεν
2563 644 2611 677 ⁵⁸
2638 644 2822 699 ,αὐτὸν
2856 645 2931 708 ὡς
2974 644 3198 715 γνήσιον
3233 642 3409 712 φίλον.
3441 641 3623 712 Φθόνῳ
3650 641 3707 694 δὲ

435 729 654 800 adlegit.
676 727 812 785 Hinc
840 730 1041 786 invidia
1060 734 1262 787 conciti
1288 736 1535 790 nonnulli
1559 738 1733 807 ipsum
1752 737 2014 793 aﬂ‘ectatae

2128 738 2415 810 φερόμενοί
2441 756 2587 803 τινες
2617 738 2753 810 πρὸς
2784 737 2946 791 αὐτὸν
2981 735 3262 792 διέϐαλλον
3294 735 3480 799 αὐτὸν,
3506 735 3581 797 ὡς
3607 736 3708 801 τῆς

435 823 743 895 tyrannidis
777 825 920 893 apud
966 824 1335 880 Iustinianum
1378 840 1799 895 accusaverunt,
1826 845 2015 885 verum

2128 831 2405 904 βασιλείας
2430 832 2779 904 ὀρεγόμενον.
2806 832 3099 902 Ζητήσεως
3135 830 3196 886 δὲ
3238 830 3545 899 γενομένης
3577 829 3712 899 περὶ

435 913 688 971 instituta
733 916 813 971 rei
866 915 1230 979 discussione,
1266 919 1354 972 isti
1408 920 1554 974 velut
1594 921 2024 979 calumniatores

2128 926 2334 992 τούτου,
2359 926 2436 991 ὡς
2468 927 2805 997 συκοφάνται
2837 924 3322 1003 κατῃσχύνθησαν.
3359 922 3423 978 Ὀ
3448 922 3507 976 δὲ
3530 920 3710 975 τοιοῦ-

435 1023 561 1062 cum
595 1009 796 1064 rubore
829 1018 975 1062 retro
1009 1010 1282 1063 amandati
1314 1021 1461 1066 sunt.
1496 1012 1545 1067 ls
1574 1029 1706 1069 sane
1728 1029 1915 1069 rumor
1950 1028 2016 1069 ex

434 1117 503 1155 eo
532 1112 773 1172 tempore
802 1119 829 1155 a
863 1103 1137 1173 plerisque
1166 1102 1433 1173 divulgari
1461 1105 2018 1176 cmpitJustinianus

434 1206 618 1252 autem
668 1198 794 1252 licet
828 1197 876 1252 ei
911 1199 1091 1267 palam
1140 1214 1336 1255 nocere
1390 1200 1577 1265 nollet,
1600 1211 1805 1256 secreta
1836 1211 2017 1258 tamen

436 1289 735 1358 indignatio
762 1290 1003 1344 animum
1035 1291 1155 1359 ejus
1188 1292 1445 1359 incessit,
1476 1307 1649 1362 quare
1682 1293 1861 1364 ipsum
1886 1310 2013 1351 cum

436 1383 637 1451 ingenti
671 1384 902 1452 pecunia
935 1383 989 1438 in
1024 1385 1276 1439 Alaniam
1313 1385 1601 1455 delegavit,
1638 1397 1698 1443 ut
1726 1388 1931 1447 Alanos
1962 1391 2019 1446 in

433 1476 723 1545 Abasgiam
783 1488 837 1531 et
885 1474 1116 1531 Lazicen
1151 1486 1205 1531 et
1233 1477 1399 1549 328
1435 1479 1660 1534 lberiam
1695 1482 2018 1539 concitaret.

2117 1035 2210 1082 τος
2237 1018 2393 1089 λόγος
2425 1017 2614 1073 ἔκτοτε
2653 1017 2862 1091 ἧρξατο
2900 1018 3007 1072 ὑπὸ
3051 1016 3265 1070 πολλῶν
3288 1014 3593 1071 λαλεῖσθαι.
3647 1013 3708 1068 Ὀ

2118 1108 2214 1169 οὖν
2258 1113 2636 1176 Ἰουστινιανδς
2671 1113 2723 1165 εί
2767 1110 2864 1166 καὶ
2902 1108 3202 1183 προφανῶς
3252 1107 3447 1163 τοῦτον
3500 1105 3708 1177 βλάψαι

2118 1207 2226 1261 οὐκ
2258 1205 2552 1277 ἠθέλησεν,
2584 1204 2700 1259 ἀλλ’
2750 1199 2845 1259 οὖν
2881 1203 3083 1274 βρόμος
3112 1201 3225 1273 (73)
3272 1218 3358 1265 τις
3400 1199 3551 1270 αὑτῷ
3582 1199 3707 1252 κατ’

2118 1295 2286 1351 αὑτοῦ
2333 1296 2640 1360 ὲντίθεται,
2688 1295 2786 1350 καὶ
2840 1294 3166 1350 ἀποστέλλει
3216 1294 3379 1347 αὑτὸν
3428 1292 3487 1345 ἐν
3545 1292 3709 1346 Ἀλα-

2117 1392 2208 1463 νίᾳ
2238 1388 2351 1462 (74)
2403 1389 2541 1461 μετὰ
2578 1390 2880 1461 χρημάτων
2926 1387 3064 1458 πρὸς
3095 1386 3158 1441 τδ
3213 1384 3543 1455 συγκινῆσαι
3580 1386 3712 1448 τοὺς

2130 1476 2572 1546 Ἀλανοὺς’κατὰ
2626 1481 2925 1549 Ἀϐασγίαν
2972 1481 3068 1533 καὶ
3119 1478 3364 1551 Λαζικὴν
3408 1480 3501 1532 καὶ
3564 1478 3711 1548 Ἰϐη-

433 1570 529 1624 llle
556 1569 808 1624 Lazicam
831 1568 1106 1638 profectus
1140 1570 1427 1640 pecuniam
1451 1572 1669 1641 quidem
1698 1572 1753 1628 in
1786 1574 2020 1631 Phaside

2128 1577 2250 1649 ρίαν
2274 1578 2410 1649 (75).
2454 1578 2513 1630 '0
2538 1576 2595 1630 δὲ
2624 1575 2877 1630 ἀπελθὼν
2901 1576 2960 1629 ὲν
2982 1577 3047 1646 τῇ
3079 1574 3317 1644 Λαζικῇ,
3342 1574 3411 1626 τὰ
3439 1572 3538 1643 μὲν
3571 1573 3714 1643 χρή-

434 1660 714 1729 reposuit,
755 1669 811 1715 et
860 1660 1048 1731 paucis
1110 1661 1385 1731 indigenis
1428 1676 1615 1718 secum
1659 1664 1907 1721 abductis
1962 1665 2017 1720 in

2128 1686 2271 1740 ματα
2304 1667 2539 1722 ἀπέθετο
2564 1667 2622 1719 tv
2644 1665 2722 1737 τῷ
2762 1665 2958 1720 Φάσιδι
2983 1705 3000 1729 ,
3036 1664 3252 1733 ὀλίγους
3294 1663 3352 1717 δὲ
3385 1660 3567 1717 λαϐὼν
3600 1660 3715 1715 τῶν

435 1755 736 1826 Dapsilium
761 1770 820 1810 se
845 1754 1097 1819 contulit,
1118 1769 1182 1810 ac
1206 1755 1401 1811 deinde
1423 1756 1716 1813 Causaseis
1738 1759 2020 1815 montibus

2128 1760 2386 1816 ἐντοπίων
2445 1760 2686 1831 ἀπῆλθεν
2742 1762 2821 1823 εἰς
2882 1758 3177 1829 Δαψίλειαν
3203 1756 3269 1821 ⁸⁷,
3323 1757 3419 1809 καὶ
3466 1754 3716 1826 ὑπερϐὰς

436 1849 731 1918 superatis,
758 1848 811 1903 iu
850 1848 1099 1903 Alaniam
1127 1848 1426 1913 contendit,
1455 1849 1527 1904 At
1555 1866 1679 1906 cum
1709 1853 2003 1920 perniciem

2128 1853 2178 1908 ςὰ
2212 1854 2499 1909 Καυκάσια
2531 1853 2673 1923 ὅρη,
2724 1846 2891 1922 ἦλθεν
2944 1851 3004 1905 ἑν
3059 1849 3299 1921 ’Δλανίᾳη
3356 1848 3417 1903 '0
3471 1847 3527 1901 δὲ
3574 1847 3712 1900 Ἰου-

439 1943 542 2011 ipsi
575 1942 777 1998 inferre
813 1939 1158 1996 Justinianus
1190 1940 1574 2007 meditaretur,
1603 1944 1697 2012 qui
1730 1944 2015 2013 pecuniam

2128 1947 2395 2010 στινιανδς
2450 1945 2619 2000 θέλων
2688 1944 2953 1998 ἀπολέσαι
3022 1943 3206 2004 αὐτὸν.
3271 1940 3496 2010 πέμψας
3532 1937 3716 2010 έπῆρο

434 2037 507 2090 ab
543 2035 660 2104 ipso
704 2035 760 2089 in
798 2034 1032 2089 Phaside
1078 2034 1371 2104 repositam
1406 2035 1640 2102 tolleret,
1674 2036 2014 2091 misit.Alani

2128 2042 2191 2094 τὰ
2250 2043 2512 2110 χρήματα
2552 2041 2615 2092 ὲκ
2654 2038 2751 2092 τοῦ
2810 2037 3077 2101 Φάσιδοςυ
3124 2037 3176 2089 οἱ
3222 2034 3281 2089 δὲ
3348 2034 3562 2087 Ἀλανοὶ
3619 2031 3718 2085 τὸν

436 2141 568 2182 vero
594 2126 873 2195 spathario
904 2142 1028 2181 cum
1053 2127 1262 2181 honore
1280 2134 1557 2198 suscepto,
1588 2128 1877 2199 verbisque
1899 2130 2017 2200 ejus

2128 2132 2425 2202 σπαθάριον
2473 2130 2614 2201 μετὰ
2666 2130 2847 2200 πάσης
2893 2130 3061 2200 τιμῆς
3102 2126 3421 2197 δεξάμενοι,
3456 2130 3555 2179 και
3601 2125 3719 2179 τῶν

439 2218 774 2283 obedientes,
802 2219 1105 2289 irruptione
1151 2221 1207 2274 in
1252 2218 1543 2291 Abasgiam
1573 2220 1752 2286 facta,
1793 2224 2017 2293 provin-

2128 2225 2291 2292 λόγων
2315 2225 2361 2258 ⁵⁸
2388 2223 2553 2277 αὐτοῦ
2588 2223 3022 2288 ὑπακούσαντες.
3064 2222 3312 2293 εἰσῆλθον
3330 2210 3375 2253 "
3410 2222 3502 2274 καὶ
3564 2221 3717 2292 ᾐχμ-

438 2312 580 2365 eiam
616 2327 831 2367 omnem
864 2312 919 2366 in
953 2312 1269 2369 servitutem
1318 2314 1603 2369 miserunt.
1638 2312 1792 2368 Tunc
1840 2314 2017 2369 Abas-

2128 2310 2432 2365 αλώτευσαν
2466 2311 2567 2383 τὴν
2622 2311 2938 2381 ⁹Δ6ασγίαν.
2968 2312 3030 2365 ’0
3081 2311 3141 2364 δὲ
3184 2312 3291 2364 τῶν
3322 2310 3368 2342 ⁸⁸
3433 2308 3720 2377 Ἀϐασγῶν

439 2419 634 2474 gerum
703 2406 961 2462 dominus
1006 2404 1195 2462 Alanis
1229 2406 1283 2461 in
1313 2407 1427 2462 haec
1475 2407 1639 2462 verba
1684 2407 1957 2478 signiﬁcat
1998 2424 2014 2461 ε

446 2494 653 2563 Virum,
706 2498 753 2553 si
812 2498 950 2553 bene
995 2497 1259 2568 conjicio,
1299 2498 1599 2554 mendaciis
1644 2500 2019 2571 contingendis

442 2592 733 2660 aptiorem,
756 2600 949 2661 prater
974 2592 1161 2657 istum,
1193 2593 1285 2664 qui
1316 2602 1561 2648 mutuam
1593 2594 1732 2649 inter
1768 2610 1866 2649 nos
1900 2595 2019 2651 loco

2127 2404 2321 2477 κύριος
2367 2404 2519 2475 δηλοῖ
2552 2407 2666 2467 τοῖς
2708 2404 2981 2471 Ἀλανοῖς,
3012 2404 3094 2458 δτι
3130 2404 3220 2467 Ὠς
3275 2403 3519 2475 εὓρίσκω
3553 2402 3719 2457 ἄλλον

2120 2498 2361 2554 τοιοῦτον
2416 2499 2460 2531 ⁸⁸
2512 2498 2755 2569 ψεύστην
2811 2498 2912 2551 οὐκ
2961 2492 3107 2568 εἶχεν
3189 2497 3587 2560 Ἰουστινιανδς,
3649 2495 3719 2548 δν

2120 2593 2353 2663 ὠφειλεν
2390 2592 2656 2647 ἀπολῦσαι
2690 2593 2785 2647 καὶ
2818 2592 3143 2662 συγκινῆσαι
3191 2593 3338 2662 ἡμᾶς
3372 2589 3500 2645 καθ’
3555 2590 3720 2660 ὑμῶν

441 2683 727 2753 patriaque
768 2682 979 2738 vicinos
1046 2683 1448 2739 dissensionem
1496 2685 1793 2750 excitaret,
1854 2702 2017 2757 quem

2128 2686 2230 2739 τῶν
2259 2682 2517 2753 γειτόνων
2574 2683 2755 2756 ἡμῶν,
2807 2684 2857 2738 εί
2907 2684 2982 2756 μὴ
3020 2683 3111 2737 τὸν
3158 2684 3445 2755 ἄνθρωπον
3500 2682 3719 2736 τοῦτον.

445 2776 701 2841 mitteret,
742 2774 883 2829 haud
932 2776 1148 2845 reperit.
1179 2774 1321 2831 Sane
1372 2776 1463 2832 ille
1515 2778 1669 2833 nobis
1720 2779 2017 2848 imposuit,

2135 2774 2433 2846 Ἐψεύσατο
2470 2776 2580 2847 γάρ
2621 2776 2770 2846 ἡμᾶς
2819 2776 2913 2829 καὶ
2953 2777 3083 2847 περὶ
3127 2774 3225 2844 τὴν
3277 2775 3568 2844 ὑπόσχεσιν
3603 2772 3721 2826 τῶν

444 2868 683 2925 maxime
736 2884 861 2923 cum
892 2869 1246 2938 pecuniarum
1290 2870 1555 2939 promissa
1592 2871 1748 2924 nobis
1784 2873 2018 2941 primum

2130 2870 2431 2939 χρημάτων
2456 2887 2472 2900 ·
2528 2866 2750 2939 πέμψας
2806 2868 2915 2939 γὰρ
2976 2866 3346 2929 ’1ουστινιανὸς
3392 2866 3565 2921 ταῦτα
3613 2867 3723 2919 ἑπ-

447 2961 689 3024 ohtulit,
721 2960 982 3029 pecunias
1032 2961 1180 3029 ipsas
1232 2961 1489 3015 mandato
1533 2978 1634 3017 suo
1680 2961 2021 3019 Justinianus

2128 2960 2279 3029 ἦρεν.
2325 2958 2486 3012 Ἀλλὰ
2526 2958 2643 3012 δότε
2675 2959 2810 3029 ἡμῖν
2840 2957 3022 3023 αὑτὸν,
3069 2962 3163 3012 καὶ
3217 2958 3533 3035 παρέχομεν
3584 2956 3723 3027 ὓμῖν

445 3056 667 3125 rcCepit.
703 3052 903 3107 Verum
959 3055 1154 3108 tradite
1202 3055 1359 3110 nobis
1401 3055 1551 3109 illum
1584 3064 1638 3109 et
1671 3072 2019 3119 nummorum

2128 3042 2395 3122 τρισχίλια
2449 3051 2793 3121 νομίσματα,
2834 3050 3001 3121 καὶὴ
3058 3050 3103 3082 ⁸⁸
3162 3050 3266 3104 ἀπ’,
3311 3049 3486 3121 ἀρχῆς
3554 3048 3724 3120 ἡμῶν

444 3148 549 3201 tria
580 3146 743 3202 millia
768 3146 922 3202 vobis
951 3146 1354 3211 exhibebimus,
1381 3156 1437 3202 et
1477 3162 1641 3217 quam
1692 3148 1761 3202 ab
1793 3149 2022 3220 antiquo

2128 3146 2313 3213 ἀγάπη
2341 3146 2418 3217 μὴ
2457 3144 2703 3215 διαλυθῇ.
2745 3146 2808 3198 Οἱ
2836 3143 2894 3197 δὲ
2943 3141 3155 3196 Ἀλανοὶ⁸
3184 3137 3361 3206 εἷπον,
3394 3144 3476 3196 ὅτι
3518 3144 3721 3213 Ἡμεῖς

447 3239 743 3313 habuimus
796 3253 984 3309 pacem
1040 3254 1150 3293 non
1204 3239 1551 3293 violabimus.
1598 3236 2021 3310 Responderunt

2128 3237 2219 3308 οὐχ
2253 3237 2441 3290 ἕνεκεν
2462 3237 2762 3308 χρημάτων
2810 3233 3206 3306 ὑπηκούσαμεν
3251 3234 3423 3307 αὐτῷ,
3462 3234 3600 3288 ἀλλὰ
3627 3235 3727 3287 διὰ

446 3332 603 3387 Alani
635 3349 650 3387 :
684 3328 802 3386 Non
833 3331 1008 3399 gratia
1042 3330 1415 3398 pecuniarum,
1438 3330 1529 3385 sed
1558 3344 1621 3385 ex
1644 3346 1730 3392 eo,
1764 3347 1925 3400 quem
1955 3330 2023 3385 ad

2128 3330 2224 3400 τὴν
2277 3328 2372 3383 τοῦ
2421 3327 2687 3399 βασιλέως
2744 3328 2986 3401 ἀγάπην.
3038 3326 3208 3380 Πάλιν
3244 3326 3302 3379 δὲ
3349 3328 3397 3379 οἱ
3460 3315 3726 3392 ’Δϐασγοὶ

448 3424 831 3492 imperatorem
862 3420 1108 3476 fovemus
1134 3420 1352 3486 aﬂ‘ectu,
1373 3421 1488 3475 viro
1510 3436 1699 3491 parere
1734 3436 1842 3477 non
1873 3438 2024 3477 recu-

2128 3421 2408 3487 πέμπουσι
2424 3418 2563 3489 πρὸς
2588 3419 2784 3481 αὐτοὺς
2803 3416 3078 3484 λέγοντες,
3098 3416 3181 3469 ὅτι
3206 3413 3336 3468 Δότε
3360 3416 3494 3484 ἡμῖν
3526 3413 3724 3472 αὑτὸν.

450 3516 713 3569 savimus.
754 3513 957 3589 Abasgi
988 3513 1184 3569 iterum
1236 3514 1302 3568 ad
1342 3528 1439 3569 eos
1485 3514 1905 3584 delegaverunt,
1935 3517 2024 3584 qui

2134 3515 2229 3567 καὶ
2258 3512 2572 3583 παρέχομεν
2609 3511 2741 3582 ὑμῖν
2772 3509 3115 3580 ἑξακισχίλια
3164 3506 3500 3579 νομίσματα.
3547 3507 3612 3560 Οῑ
3660 3506 3730 3562 δὲ

452 3604 743 3661 dicerent:
783 3602 1007 3659 Tradite
1050 3589 1208 3659 nobis
1250 3605 1423 3669 illum,
1461 3614 1515 3659 et
1555 3619 1903 3660 nummorum
1935 3619 2024 3659 sex

2147 3606 2364 3661 Ἀλανοὶ
2391 3604 2640 3668 θέλοντες
2685 3602 3030 3674 καταμαθεῖν
3058 3602 3156 3673 τὴν
3186 3600 3371 3673 χώραν
3394 3601 3502 3654 τῶν
3558 3599 3732 3653 Ἀϐα-

453 3696 622 3750 millia
655 3695 1032 3765 rependemus.
1065 3694 1225 3748 Alani
1273 3693 1615 3765 Abasgorum
1662 3695 1910 3765 regiones
1934 3709 2024 3749 ex-

2140 3701 2308 3769 σγῶν,
2343 3700 2631 3754 συνέθεντο
2663 3697 2847 3754 λαϐεῖν
2880 3699 2950 3752 τὰ
2993 3694 3339 3766 ἑξακισχίλια
3364 3693 3685 3765 νομίσματα
3708 3729 3729 3756 ,

453 3789 674 3860 plorare
708 3789 1001 3853 consiliati,
1034 3803 1382 3842 nummorum
1420 3804 1514 3842 sex
1554 3788 1721 3841 millia
1762 3786 2032 3857 accipere,

452 3892 509 3937 et
544 3883 885 3953 spatharium
906 3882 1241 3952 Abasgorum
1270 3882 1525 3936 manibus
1546 3884 1859 3952 permittere
1890 3882 2030 3951 pacti

457 3986 605 4031 sunt.
677 3977 1091 4031 Communicato
1164 3976 1399 4030 subinde
1478 3974 1759 4044 spathario
1819 3974 2032 4029 consilii

461 4080 695 4132 secreto,
738 4071 823 4125 his
868 4084 992 4125 eum
1024 4069 1205 4124 verbis
1235 4069 1563 4140 compellant
1598 4086 1611 4124 :
1648 4069 1746 4122 Via
1791 4085 1896 4139 qua
1928 4067 2039 4123 Ro-

463 4179 680 4217 manam
719 4163 774 4215 in
805 4162 1064 4217 ditionem
1092 4162 1200 4214 itur
1224 4162 1604 4231 undequaque,
1635 4171 1694 4215 ut
1724 4162 1923 4227 cernis,
1961 4162 2043 4215 in-

463 4256 698 4309 terclusa
739 4266 844 4319 est,
878 4270 979 4309 nec
1014 4254 1177 4308 istinc
1216 4254 1425 4324 digredi
1460 4254 1556 4308 tibi
1589 4254 1747 4310 facile
1784 4256 2041 4310 concedi-

2139 3794 2232 3847 καὶ
2274 3792 2458 3847 δοῦναι
2504 3792 2593 3846 τὸν
2620 3790 2942 3861 σπαθάριον.
2977 3791 3037 3843 Οἱ
3067 3789 3123 3842 δὲ
3160 3788 3375 3842 Ἀλανοὶ
3406 3787 3732 3859 ἐθάρρησαν

2139 3884 2216 3953 τῷ
2251 3883 2536 3955 σπαθαρίῳ
2579 3884 2757 3937 πάντα
2784 3883 2849 3945 ⁸³,
2882 3884 2977 3936 καὶ
3007 3881 3258 3951 λέγουσιν
3288 3878 3437 3951 αὐτῷ
3461 3917 3475 3940 .
3511 3879 3592 3931 δτι
3630 3877 3732 3941 Ὠς

2138 3980 2271 4051 ὁρᾷς
2304 3980 2337 4050 ἠ
2371 3966 2489 4041 ὁδὸς
2532 3979 2564 4049 ἡ
2613 3978 2705 4030 ὲπὶ
2757 3976 3067 4045 Ῥωμανίαν
3097 3974 3309 4043 ἄγουσα
3354 3971 3733 4040 κεκλεισμένη

2142 4073 2310 4133 ἐστὶν,
2359 4070 2605 4132 καὶπῶς
2658 4067 2950 4139 παρελθεῖν
2996 4069 3097 4121 οὐκ
3148 4065 3316 4136 ἔχειςο
3369 4063 3509 4118 ἀλλὰ
3549 4063 3645 4116 καὶ
3674 4063 3734 4094 ⁸⁸

2146 4164 2347 4236 μᾶλλον
2370 4161 2801 4233 τροπευσώμεθα
2825 4162 2922 4214 καὶ
2952 4158 3347 4229 συνταξῶμεθα
3380 4157 3567 4217 αὐτοῖς
3588 4196 3603 4220 ,
3636 4155 3731 4209 ὅτι

2145 4258 2514 4330 παραδίδομέν
2545 4274 2626 4319 σε,
2660 4258 2755 4311 καὶ
2785 4255 3097 4325 ἀπολύομεν
3122 4255 3244 4324 ἃμα
3266 4256 3381 4315 τοῖς
3413 4248 3733 4321 ἀνθρώποις

462 4358 576 4402 tur.
611 4346 790 4412 Quare
817 4362 940 4401 cum
978 4346 1230 4401 hostibus
1264 4346 1388 4400 dolo
1419 4346 1577 4401 nobis
1609 4346 1903 4417 agendum.
1935 4346 2024 4401 Νοε

2144 4354 2330 4417 αὐτοῖς
2359 4351 2534 4421 ἡμῶν,
2581 4353 2677 4403 καὶ
2727 4348 3219 4419 καταμανθάνομεν
3259 4346 3359 4408 τὰς
3398 4341 3733 4411 κλεισούρας

467 4442 652 4509 itaque
708 4442 1008 4495 tradituros
1039 4449 1089 4494 te
1119 4439 1252 4508 ipsis
1305 4439 1427 4493 ficte
1486 4440 1896 4506 conveniamus,
1928 4450 2023 4495 tun

2147 4445 2349 4507 αὐτῶν,
2382 4444 2477 4497 καὶ
2505 4443 2901 4515 κουρσεύομεν,
2925 4443 3021 4496 καὶ
3040 4439 3383 4510 ἀφανίζομεν
3414 4436 3513 4508 τὴν
3539 4433 3734 4504 χώραν

464 4548 597 4586 vero
615 4542 666 4587 te
683 4546 808 4587 cum
832 4531 1157 4601 quibusdam
1181 4546 1211 4585 e
1236 4531 1436 4585 nostris
1469 4531 2014 4588 misso.clusurarum

2149 4538 2347 4600 αὐτῶν,
2390 4535 2651 4605 ποιοῦμεν
2674 4537 2719 4568 ⁸⁵
2762 4536 2860 4606 τὴν
2908 4531 3210 4604 θεραπείαν
3261 4529 3442 4601 ἡμῶν.
3494 4526 3617 4580 Τῶν
3664 4524 3737 4578 δὲ

2066 4583 2122 4643 D

463 4635 586 4689 quae
642 4619 783 4691 apud
836 4619 957 4673 illos
989 4630 1136 4683 sunt,
1190 4618 1471 4672 anfractus
1523 4618 2024 4687 explorabimus,e1

2144 4629 2581 4699 ἀποκρισιαρίων
2625 4627 2735 4681 τῶν
2776 4626 3016 4682 ’Δλανῶν
3045 4622 3395 4680 ἀπελθόντων
3437 4620 3518 4683 είς
3561 4616 3736 4671 ’Δϐα-

465 4715 670 4782 inipetu
717 4712 935 4766 demum
993 4714 1044 4764 in
1106 4721 1209 4764 eos
1245 4709 1387 4763 facto
1436 4725 1531 4779 per
1560 4708 1749 4763 eorum
1789 4712 2024 4781 regione:

2148 4722 2305 4787 σγίαν
2332 4724 2425 4773 καὶ
2466 4720 2810 4792 συνθεμένων
2844 4719 3159 4791 παραδίδειν
3180 4718 3227 4750 ⁸⁸
3274 4716 3369 4769 τὸν
3399 4712 3734 4783 σπαθάριον,

465 4805 718 4876 grassati,
758 4805 904 4875 quod
946 4805 1166 4860 obvium
1205 4804 1312 4869 lict,
1356 4802 1714 4867 vastahimus,
1746 4813 1908 4874 atque
1944 4805 2013 4859 ita

2148 4811 2377 4864 πλεῖστα
2407 4810 2555 4876 ξένια
2599 4812 2727 4882 παρ’
2773 4811 2955 4866 αὐτῶν
3001 4809 3279 4880 εἰλήφασι·
3322 4807 3418 4861 καὶ
3469 4804 3734 4868 πλείονας

1766 4942 1995 5000 VARI/li
2036 4946 2440 5005 LECTIONES.

1474 5036 1807 5115 ’ξ-τὸνλὸγον
1947 5041 1990 5073 ⁸⁸
2018 5042 2265 5115 εἰσῆλθον
2354 5062 2407 5109 e,
2422 5039 2585 5115 ἦλθον
2605 5042 2749 5115 vulg.

937 5058 975 5066 "
1015 5058 1289 5102 Δαψηιιιαν
1317 5058 1379 5087 n.
1474 5058 1520 5069 ν’
1546 5058 1634 5088 τον
1654 5058 1807 5103 Λογον
1832 5058 1895 5093 Λ.
1947 5058 1990 5073 ’⁷
2018 5058 2265 5113 εεσηλυον
2284 5058 2328 5096 Δ
2354 5062 2407 5109 e,
2422 5058 2585 5115 ηλυον
2605 5058 2692 5096 Vill
2736 5081 2749 5094 .

937 5106 1040 5177 νὴ
1087 5105 1210 5160 add.
1248 5122 1309 5160 ex
1361 5107 1426 5161 Α,
1504 5107 1549 5139 ⁸³
1578 5108 1752 5161 πάντα
1788 5110 1913 5167 add.
1946 5129 2009 5166 ex
2047 5114 2109 5166 Α.
2189 5112 2232 5144 ⁸⁸
2254 5113 2389 5166 ἀλλὰ
2418 5115 2513 5167 καὶ
2537 5114 2601 5177 Α,
2636 5058 2772 5167 alia

690 5176 735 5207 “
764 5176 1113 5248 παραδιδόναι
1140 5178 1205 5231 Δ.

541 5036 588 5067 ⁵⁸
611 5032 768 5105 ἔσχεν
801 5036 863 5088 Δ.
937 5036 981 5066 ⁵⁷
1015 5034 1289 5102 Δαψηλίαν
1317 5035 1379 5087 Δ.

471 5106 596 5159 add.
646 5119 710 5160 ex
759 5106 823 5158 A.

472 5177 617 5245 Vulg.

2825 5040 2870 5072 “
2898 5040 3007 5094 τῶν
3036 5038 3159 5094 add.
3180 5054 3245 5093 ex
3270 5038 3331 5091 Α.
3413 5035 3456 5067 ⁶¹
3487 5031 3735 5085 τοιοῦτον

2797 5112 2939 5182 vuig.
3015 5111 3059 5143 ⁸⁸
3093 5108 3351 5179 ποιοῦμεν
3383 5108 3446 5164 Α,
3479 5102 3735 5173 ποιῶμεν

1764 5297 1899 5355 JAC.
1931 5299 2145 5356 GOARl
2181 5291 2416 5357 ΝΟΤιΕ.

477 5395 544 5468 ab
576 5393 642 5447 iis
674 5403 953 5468 acceptant
976 5435 992 5459 ,
1027 5407 1236 5468 aecum
1261 5392 1483 5468 probro.
1508 5393 1714 5468 amisso
1745 5392 1855 5449 fere
1883 5410 2039 5448 exer-
2218 5397 2331 5468 (75)
2363 5396 2628 5468 Ἰϐηρίαν,
2691 5395 2871 5465 suppl.
2918 5410 2983 5468 ex
3027 5396 3243 5468 Auasl._,
3310 5391 3499 5468 Darii.1
3558 5386 3729 5468 [δεῖν.

477 5465 611 5538 ritu,
648 5479 712 5516 ac
736 5459 1137 5538 impedimentis
1168 5459 1397 5533 fugeret.
1432 5462 1585 5538 Tunc
1616 5464 1777 5538 enim
1801 5481 1909 5518 non
1949 5482 2040 5533 po-
2145 5459 2254 5520 τῶν
2289 5459 3118 5538 Σαρακὴνῶνίὲπικρατούντων
3170 5466 3269 5538 τήν
3302 5481 3360 5538 τε
3404 5459 3732 5538 ’Δβασχίανε

478 5535 594 5608 tuit_
616 5550 721 5608 non
744 5531 1117 5608 gratissimum
1140 5531 1261 5608 esse
1297 5535 1618 5608 pecuarium
1649 5535 1788 5608 illud
1819 5531 2040 5597 munus,
2147 5540 2242 5591 καὶ
2271 5531 2541 5608 Λαζικὴν,
2572 5537 2667 5591 καὶ
2693 5531 2975 5608 Ἰϐηρίαν,
2999 5552 3119 5589 cum
3156 5531 3413 5603 Abasgia,
3448 5531 3640 5587 Lasice
3678 5532 3733 5608 el

481 5622 542 5657 ac
573 5601 868 5659 Justiuiani
912 5606 1149 5660 aninmm
1204 5601 1368 5660 Leoni
1407 5604 1708 5661 devincire.
1750 5605 2039 5661 COIBEFIS.
2149 5608 2331 5663 Iberia
2358 5601 2749 5663 Saracenorum
2780 5601 3001 5660 ditionis
3061 5612 3273 5666 essent;
3305 5601 3438 5674 'quze
3471 5611 3554 5657 est
3586 5601 3735 5654 ratio

552 5676 663 5757 (73.)
704 5675 961 5757 Proprie,
1020 5676 1224 5745 fartor;
1288 5675 1690 5747 metapltorice,
1749 5675 1938 5731 horror
1990 5688 2043 5730 et
2147 5685 2250 5733 cur
2278 5679 2625 5757 .lustipianus
2662 5679 2862 5757 ubique
2895 5677 3046 5757 pacis
3081 5678 3393 5757 inli‘patiens,
3439 5676 3641 5729 Alanos
3678 5674 3731 5726 iu

481 5750 685 5819 aversio
712 5748 897 5799 animi.
1088 5817 1094 5819 Α
1145 5816 1155 5819 Α
1189 5815 1207 5819 _
1289 5816 1298 5819 Α
1438 5746 1443 5747 “
2150 5763 2245 5805 eos
2280 5752 2484 5805 Leonis
2515 5766 2677 5819 opera
2709 5746 3086 5805 concitaverit.
3128 5746 3417 5802 Coussrts.

557 5818 668 5883 (Ἠ)
703 5818 816 5872 Alta
854 5822 913 5871 let
939 5819 1032 5881 tio,
1087 5815 1355 5871 Ἀλῦανία.
2552 5815 2565 5819 ’
3473 5818 3476 5823 ’
