4028 6298
322 360 427 426 8Ἱ3

1617 345 1713 406 CH
1724 343 2294 406 RUNOGRAPHIA.

3484 298 3591 401 874

325 454 493 524 ὲθνῶν
508 463 753 537 χιλιάδας
786 465 833 517 κ’
856 461 923 527 ’⁸,
957 462 1051 516 καὶ
1094 458 1317 525 τούτους
1347 460 1426 524 εἰς
1471 458 1540 514 τά
1567 458 1902 534 ὀχυρώματα

2033 456 2314 513 νῑοιηιιιυιη
2367 455 2651 511 nationum
2704 453 2893 525 viginti
2931 452 3172 510 millibus
3218 456 3272 507 in
3321 451 3587 508 auxilium

325 564 546 632 στήσας,
580 556 921 628 ἠσφαλίσατο
958 554 1172 611 ἑαυτόν.
1226 553 1285 607 '0
1340 554 1395 607 δὲ
1443 550 1695 623 βασιλεὺς
1738 550 1908 605 ἐλθὼν

2016 548 2211 606 accitis
2235 559 2289 605 et
2313 564 2410 619 per
2442 547 2653 604 munita
2681 548 2799 605 loca
2829 546 3161 609 distributis,
3195 545 3313 617 ipse
3347 545 3599 616 praesidio

326 653 652 721 ἦπλίκευσεν
676 653 755 714 είς
783 648 877 703 τὸν
912 647 1135 720 κάμπον
1169 645 1452 717 Ἀγχιάλου
1476 662 1490 676 ο
1522 644 1618 699 καὶ
1636 649 1703 716 τῇ
1734 643 1776 697 λ’
1814 642 1908 698 τού

2033 659 2073 699 te
2100 643 2344 699 inclusit.
2372 641 2674 713 Imperator
2705 656 2832 696 vero
2867 641 2920 694 in
2948 640 3197 694 Anchiali
3218 639 3364 708 agris
3387 648 3595 695 castra-

337 744 555 798 Ἰουνίου
615 741 787 815 μηνὸς
836 743 935 812 τῆς
985 739 1034 794 α’
1070 740 1399 803 ίνδικτιῶνος
1447 738 1585 813 (57),
1615 739 1800 813 ἡμέρᾳ
1845 745 1909 803 ε’,

325 840 497 910 ἐφάνη
525 835 797 907 Τελέτζης
827 835 966 906 μετὰ
1015 833 1256 905 πλήθους
1287 832 1456 888 ἐθνῶν
1480 833 1794 905 ἐρχόμενος,
1819 833 1914 887 καὶ

327 928 697 1001 συμϐαλόντες
745 929 985 999 πόλεμον
1017 926 1312 981 κόπτουσιν
1334 925 1598 997 ἀλλήλους
1627 927 1720 981 ἐπὶ
1754 926 1911 991 πολὺ,

326 1023 417 1079 καὶ
441 1023 672 1094 τραπεὶς
707 1022 981 1091 Ίέλέτζης
1015 1020 1239 1091 ἔφυγεν,
1290 1019 1593 1090 Ἐκράτησε
1613 1018 1725 1090 δὲή
1764 1020 1912 1089 μάχη

325 1118 433 1171 ἀπὸ
458 1117 609 1189 ὥρας
632 1113 671 1170 ε’
704 1116 819 1188 (58)
844 1116 948 1179 Eu);
975 1116 1095 1187 ὀψὲ,
1136 1115 1233 1169 καὶ
1262 1113 1432 1168 πολλά
1461 1112 1643 1185 πλήθη
1673 1113 1914 1181 Βουλγά-

328 1228 435 1284 ρων
459 1208 845 1282 ἀνηλώθησαν,
887 1209 1076 1264 πολλοὶ
1129 1208 1186 1262 δὲ
1219 1207 1614 1282 ἐχειρώθησαν,
1650 1206 1803 1261 ἄλλοι
1858 1207 1917 1262 δὲ

326 1305 420 1358 καὶ
472 1303 918 1377 προσεῤῥύησαν.
971 1302 1029 1357 Ὀ
1062 1301 1121 1356 δὲ
1171 1299 1429 1373 βασιλεὺς
1480 1300 1671 1374 ἀρθεὶς
1708 1301 1801 1355 ἐπὶ
1846 1303 1915 1373 τῇ

328 1394 545 1465 τοιαύτῃ
575 1396 725 1466 νίκῃ,
752 1393 1153 1467 ἐθριάμϐευσεν
1192 1391 1397 1464 ταύτην
1424 1393 1517 1446 ἐπὶ
1557 1392 1658 1464 τῆς
1688 1392 1916 1459 πόλεως,

328 1488 734 1559 ἀρματωμένος
762 1489 859 1542 σὺν
890 1486 967 1559 τῷ
996 1485 1213 1558 στρατῷ
1254 1484 1534 1551 εἰσελθὼν,
1563 1485 1919 1559 εὐφημούμε-

326 1598 414 1645 νος
449 1580 553 1633 ὑπὸ
582 1577 694 1634 τῶν
726 1579 916 1651 δήμων
959 1580 1051 1633 καὶ
1086 1576 1536 1650 ξυλοπανδούροις
1580 1580 1762 1653 σύρων
1791 1580 1918 1643 τοὺς

327 1671 695 1745 χειρωθέντας
746 1671 1091 1744 Βουλγάρους
1117 1712 1132 1738 ,
1171 1671 1266 1738 οὓς
1318 1670 1518 1738 ἔξωθεν
1560 1672 1662 1744 τῆς
1696 1673 1921 1745 Χρυσῆς

328 1764 536 1834 πόρτης
592 1763 981 1835 ἀποτμηθῆναι
1041 1764 1328 1818 ἐκέλευσεν
1362 1764 1466 1820 ὑπὸ
1521 1749 1630 1819 τῶν
1661 1764 1915 1819 πολιτῶν.

331 1858 432 1913 Τδν
456 1858 515 1913 δὲ
542 1858 812 1931 Τελέτζην
847 1858 1239 1923 στασιάσαντες
1260 1857 1310 1911 oi
1342 1855 1645 1929 Βούλγαροι
1668 1857 1923 1911 ἀπέκτει-

332 1967 427 2004 ναν
471 1951 572 2004 σὺν
602 1952 715 2013 τοῖς
746 1949 1006 2021 ἄρχουσιν
1049 1949 1241 2017 αὐτοῦ,
1298 1948 1394 2003 καὶ⁵
1423 1947 1658 2020 ἔστησαν
1693 1948 1923 2002 Σαϐῖνον

327 2043 580 2115 γαμϐρὸν
618 2044 749 2098 ὅντα
774 2044 1085 2116 Κορμεσίου
1120 2043 1213 2097 τοῦ
1270 2043 1439 2098 πάλαι
1493 2044 1685 2111 κυρίου
1720 2042 1921 2099 αὐτῶν.

331 2133 435 2187 Τοῦ
464 2134 522 2186 δὲ
551 2133 781 2187 Σαϐίνου
806 2134 1008 2199 εὐθέως
1040 2133 1465 2199 ἀποστείλαντος
1494 2132 1628 2205 πρὸς
1652 2134 1742 2187 τὸν
1774 2133 1925 2204 βασι-

331 2228 446 2296 λέα,
487 2229 589 2282 καὶ
638 2226 931 2300 ζητοῦντος
985 2226 1210 2298 ποιῆσαι
1250 2227 1497 2300 εἰρήνην,
1531 2226 1837 2297 κομμένδον
1873 2227 1918 2258 ⁸⁸

334 2321 661 2388 ποιήσαντες
718 2318 768 2371 οἱ
816 2316 1117 2389 Βούλγαροι
1184 2316 1525 2387 ἀντέστησαν
1576 2316 1655 2387 τῷ
1711 2315 1924 2388 Σαϐίνῳ

333 2410 605 2485 στερρῶς,
638 2411 912 2480 λέγοντες,
942 2412 1023 2464 ὅτι
1055 2410 1157 2464 Διὰ
1185 2408 1303 2464 σοῦ
1334 2410 1677 2480 Βυυλταρία
1711 2408 1925 2480 μέλλει

329 2504 721 2571 δουλοῦσθαι
753 2502 879 2569 τοῖς
920 2502 1248 2572 Ῥωμαίοις.
1290 2501 1541 2566 Στάσεως
1595 2501 1663 2556 δὲι
1700 2502 1924 2575 γενομέ-

336 2615 451 2668 νης,
492 2596 689 2667 φεύγει
712 2596 938 2659 Σαϐῖνος
962 2598 1020 2649 ὲν
1061 2595 1139 2667 τῷ
1168 2596 1391 2668 κάστρῳ
1422 2595 1808 2667 Μεσημϐρίας,
1834 2596 1928 2650 καὶ

2014 743 2253 791 metatus
2297 744 2399 790 est.
2446 733 2617 788 Porro
2655 731 2800 787 Junii
2833 732 2919 787 die
2954 731 3256 802 trigesimo,
3302 730 3602 785 indictione

2016 829 2215 901 prima,
2245 827 2378 884 feria
2408 826 2766 883 hebdomadis
2809 828 3000 897 quinta
3021 867 3034 891 ,
3068 824 3314 881 Taletscs
3339 841 3463 879 cum
3497 842 3599 878 nu-

2020 938 2233 979 merosa
2261 923 2679 978 auxiliariorum
2711 920 3062 975 multitudine
3093 917 3347 990 progredi
3380 917 3598 972 tandem

2019 1017 2173 1072 visus
2220 1027 2347 1083 est,
2400 1023 2768 1082 consertaque
2826 1027 3038 1083 pugna,
3093 1020 3283 1067 mutua
3320 1010 3603 1079 utriusque

2018 1107 2194 1179 partis
2217 1107 2391 1163 caedes
2417 1108 2608 1178 ingens
2640 1105 2809 1167 edita.
2846 1103 3092 1177 fusisque
3122 1104 3341 1160 demum
3370 1102 3603 1158 Teletsis

2019 1204 2191 1275 copiis
2226 1205 2346 1275 ipse
2397 1202 2581 1275 fugam
2630 1201 2879 1273 arripuit.
2938 1200 3274 1272 Duravitque
3326 1215 3504 1270 pugna
3536 1200 3604 1253 ab

2022 1299 2157 1353 liora
2185 1297 2377 1369 quinta
2408 1314 2583 1368 usque
2608 1298 2674 1351 ad
2700 1311 3006 1365 vesperam,
3034 1303 3087 1349 ct
3111 1295 3385 1349 maximus
3409 1293 3605 1363 Bulga-

2020 1407 2206 1447 rorum
2243 1406 2505 1446 numerus
2536 1390 2837 1446 certamine
2869 1390 2961 1444 illo
2986 1389 3216 1455 deletus,
3248 1388 3400 1442 multi
3435 1389 3601 1457 capti,

2021 1486 2110 1540 alii
2138 1487 2280 1541 ultro
2313 1486 2381 1540 ad
2425 1485 2704 1541 Romanos
2748 1484 3089 1541 defecerunt.
3144 1483 3445 1554 Imperator
3477 1497 3605 1554 pro-

2023 1596 2181 1651 spero
2218 1578 2466 1635 victoria:
2500 1595 2759 1635 successu
2784 1578 2980 1643 elatus,
3005 1578 3176 1633 armis
3203 1576 3460 1632 omnibus
3482 1593 3604 1630 cum

2025 1656 2139 1729 toto
2172 1673 2417 1729 exercitu
2452 1672 2777 1739 instructus,
2809 1671 3000 1727 urbem
3034 1670 3366 1739 triumphum
3400 1669 3610 1722 ducens

2026 1768 2308 1839 ingressus
2336 1774 2438 1832 est,
2469 1766 2720 1837 latisque
2765 1765 2936 1821 totius
2977 1763 3218 1819 civitalis
3250 1763 3476 1818 vocibus
3509 1777 3608 1817 cx-

2025 1871 2240 1932 ceptns,
2270 1860 2533 1932 Bulgaros
2565 1859 2711 1915 bello
2739 1864 2928 1929 captos
2966 1855 3357 1927 xylopanduris
3398 1854 3611 1908 vinctos

2027 1962 2083 2016 iu
2112 1974 2235 2014 eam
2269 1959 2498 2023 invexit,
2523 1972 2728 2027 eosque
2755 1955 2975 2011 demum
3009 1965 3162 2009 extra
3199 1952 3446 2024 Chryscn
3481 1966 3611 2022 por-

2027 2060 2135 2107 tam
2166 2067 2198 2105 a
2228 2050 2442 2105 civibus
2473 2050 2650 2119 capite
2680 2048 2927 2104 truncari
2954 2047 3137 2113 jussit.
3170 2044 3384 2116 Bulgari
3424 2053 3606 2099 autem

2028 2142 2299 2197 seditione
2332 2141 2386 2196 in
2426 2138 2699 2196 Teletseni
2737 2149 2885 2194 mota
2925 2136 3104 2209 ipsum
3142 2152 3207 2192 ac
3238 2143 3467 2191 cunctos
3490 2135 3611 2205 ejus

2029 2250 2288 2305 proceres
2332 2233 2600 2290 dederunt
2650 2232 2793 2298 neci,
2849 2232 3115 2287 Sabinum
3165 2246 3293 2286 vero
3346 2229 3611 2303 Cormesii

2030 2328 2305 2398 quondam
2344 2326 2605 2399 principis
2645 2341 2909 2398 generum
2949 2324 3361 2382 constituerunt
3389 2324 3609 2378 ducem.

2033 2420 2171 2477 Cum
2205 2437 2337 2477 vero
2368 2419 2608 2476 Sabinus
2636 2419 2846 2490 legatos
2879 2419 2945 2474 de
2976 2432 3110 2490 pace
3128 2418 3193 2472 ad
3225 2418 3610 2487 imperatorem

2031 2510 2322 2568 confestim
2359 2512 2712 2578 destinasset,
2743 2510 2963 2582 Bulgari
3005 2510 3246 2567 comitiis
3274 2509 3474 2565 habitis
3514 2507 3616 2563 SJ-

2034 2607 2162 2661 bino
2202 2605 2556 2677 pertinaciter
2594 2620 2656 2661 se
2679 2612 3076 2675 opposuerunt,
3116 2603 3451 2658 clamantes:
3481 2601 3615 2656 But-

338 2684 655 2756 προσερῤύη
713 2682 791 2755 τῷ
822 2682 1050 2754 βασιλεῖ.
1116 2684 1391 2755 Ἔστησαν
1439 2684 1497 2737 δὲ
1529 2686 1579 2738 ot
1626 2676 1927 2758 Βούλγαροι

2034 2676 2217 2770 goria,
2247 2700 2325 2754 tui
2375 2714 2539 2754 causa
2584 2696 2945 2753 Romanorum
2990 2697 3240 2765 potestati
3288 2693 3615 2765 subjicienda

336 2778 527 2850 ἕτερον
553 2776 744 2849 κύριον
773 2777 997 2848 ὀνόματι
1027 2777 1276 2848 Παγανόν
1298 2776 1436 2850 (59).

2037 2800 2139 2846 est.
2182 2793 2360 2848 Aucto
2389 2791 2609 2847 demum
2638 2789 2903 2857 tumultu,
2938 2788 3177 2845 Sabinus
3204 2788 3257 2842 in
3281 2786 3618 2853 Mesembria:

338 2873 655 2943 pra-sidiam
697 2874 824 2940 iuga
862 2889 921 2929 se
954 2874 1238 2942 subducit,
1278 2881 1333 2931 et
1368 2873 1497 2930 inde
1523 2875 1591 2930 ad
1626 2875 2009 2949 imperatorem
2059 2903 2118 2944 se
2165 2887 2399 2946 confert.
2437 2888 2618 2944 Alium
2661 2901 2792 2944 vero
2829 2886 3111 2942 dominum
3169 2884 3394 2941 nomine
3451 2884 3616 2955 Paga.

339 2985 470 3023 num
509 2968 731 3039 Bulgari
754 2976 1103 3024 creaverunt.

404 3066 473 3119 Α.
531 3064 603 3119 Μ.
652 3064 811 3121 6255.
856 3096 927 3105 --
959 3064 1146 3137 Τούτῳ
1201 3065 1279 3139 τῷ
1332 3065 1440 3121 ἔτει
1473 3068 1713 3140 ἀντῆραν
1756 3072 1806 3123 οἱ
1837 3072 1927 3143 τῆς

2102 3078 2169 3133 Α.
2205 3075 2266 3132 C.
2300 3076 2425 3133 755.
2449 3106 2520 3116 --
2558 3076 2674 3131 Hoc
2713 3089 2860 3129 anno
2884 3070 3228 3127 habitatores
3270 3069 3473 3126 deserti
3512 3068 3617 3124 Ba-

341 3160 556 3230 ἐρήμου
608 3158 705 3212 καὶ
738 3156 839 3212 τοῦ
879 3157 1142 3230 Βαραθὼν
1174 3159 1219 3191 ⁸⁸
1249 3160 1362 3233 ,60)
1413 3160 1494 3233 τῷ
1551 3162 1807 3235 Ἀϐδελλᾷ
1847 3163 1927 3219 δύι

2042 3169 2398 3237 rathunisque
2428 3166 2619 3222 incolae
2663 3164 2859 3220 fratres
2896 3166 3005 3219 duo
3046 3164 3101 3217 in
3128 3162 3411 3218 Abdellam
3442 3162 3619 3217 rebel-

339 3252 586 3322 ἀδελφοὶ,
614 3250 707 3317 οὓς
737 3253 1063 3318 ἀποστείλας
1098 3254 1312 3309 ἀνεῖλεν
1338 3255 1437 3310 σὺν
1480 3256 1720 3328 χιλιάσιν
1747 3259 1927 3332 ὀγδοή·

2043 3261 2243 3315 lionem
2282 3260 2698 3329 excitaverunt,
2732 3272 2872 3326 quos
2900 3254 2990 3311 ille
3020 3254 3191 3311 misso
3220 3253 3463 3309 exercitu
3493 3269 3617 3307 cum

344 3362 510 3401 κοντα
542 3345 797 3416 στρατοῦ.
834 3346 923 3415 Τῷ
960 3347 1006 3401 δ’
1046 3347 1193 3420 αύτῷ
1216 3347 1328 3403 ἔτει
1356 3348 1581 3421 ὲξῆλθον
1613 3350 1848 3423 Ίόῦρκοι
1871 3354 1927 3405 ἐκ

2039 3355 2323 3425 copiarum
2364 3353 2638 3424 octoginta
2669 3351 2915 3407 millibus
2950 3348 3235 3406 exstinxit.
3278 3347 3394 3404 Hoc
3413 3347 3616 3420 eodem

342 3438 448 3493 τῶν
483 3439 759 3495 Κασπίων
784 3438 991 3507 πυλῶν,
1020 3440 1116 3513 καὶ
1136 3440 1346 3496 ἀνεῖλον
1378 3442 1607 3506 πολλοὺς
1630 3444 1709 3507 εἰς
1738 3445 1930 3515 Ἀρμε-

342 3531 483 3601 νίαν,
524 3534 621 3586 καὶ
650 3532 843 3588 ἔλαϐον
867 3533 1247 3605 αἰχμαλωσίαν
1273 3535 1496 3607 πολλὴν,
1525 3538 1620 3590 καὶ
1666 3537 1936 3610 ὑπέστρε-

342 3625 470 3694 ψαν.
510 3627 740 3695 Κοσμᾶς
756 3625 813 3678 δέ
841 3644 925 3691 τις
943 3627 1241 3693 ἐπίσκοπος
1289 3628 1642 3697 Ἐπιφανείας
1668 3629 1769 3700 τῆς
1794 3630 1938 3683 κατᾶ

355 3714 665 3787 ’Δπάμειαν
711 3716 812 3784 τῆς
861 3716 1080 3787 Συρίας,
1127 3720 1463 3790 Κωμανίτης
1519 3720 1932 3791 ἐπιλεγόμενος,

344 3801 451 3856 τῶν
480 3802 718 3856 πολιτῶν
746 3803 1103 3873 Ἐπιφανείας
1127 3806 1265 3878 πρὸς
1290 3808 1567 3877 Θεόδωρον
1589 3811 1937 3883 πατριάρχην

356 3894 694 3966 Ἀντιοχείας
717 3895 829 3968 (6i)
860 3895 1121 3969 ἔγκλησιν
1143 3901 1529 3972 ποιησαμένων
1553 3904 1694 3958 κατά
1719 3905 1813 3957 τοῦ
1844 3905 1939 3958 αύ-

345 3988 437 4041 τοῦ
496 3990 700 4059 Koma
751 3990 882 4062 περὶ
942 3991 1224 4059 μειώσεως
1278 3992 1468 4063 ίερῶν,
1513 3995 1609 4050 καί⁸
1662 3996 1827 4049 αὑτοῦ
1864 3997 1937 4067 μὴ

346 4080 648 4152 δυναμένου
701 4082 875 4136 ταῦτα
920 4083 1210 4154 συστῆσαι,
1258 4087 1474 4158 ἀπέστη
1505 4089 1603 4160 τῆς
1657 4088 1939 4159 ὀρθοδῶξου

346 4175 607 4237 πίστεως,
660 4176 753 4228 καὶ
786 4176 1044 4248 ὁμόφρων
1083 4178 1182 4248 τῆς
1212 4180 1475 4251 αἱρέσεως
1526 4182 1938 4235 Κωνσταντίνου

348 4267 488 4319 κατα
521 4265 633 4319 τῶν
672 4267 845 4335 ἁγίων
886 4269 1109 4324 εἰκόνων
1135 4269 1382 4339 γέγονεν.
1423 4274 1522 4327 Ὃν
1566 4277 1719 4344 κοινῇ
1745 4272 1941 4345 γνώμῃ

348 4356 626 4429 Θεόδωρος
647 4359 676 4411 ὁ
706 4359 1053 4432 πατριάρχης
1076 4363 1434 4435 Ἀντιοχείας,
1464 4366 1559 4418 καὶ
1596 4365 1873 4437 Θεόδωρος
1912 4369 1940 4421 ὁ

358 4448 773 4529 Ἰεροσολύμων,
807 4451 906 4505 καὶ
948 4455 1179 4525 Κοσμᾶς
1207 4459 1236 4510 ὁ
1262 4456 1670 4529 Ἀλεξανδρείας
1703 4458 1799 4513 σὺν
1828 4460 1941 4523 τοῖς

350 4541 441 4595 ὑπ’
468 4543 672 4607 αὐτοὺς
703 4546 1023 4611 ἐπισκόποις
1061 4550 1128 4620 τῇ
1155 4548 1337 4622 ήμέρᾳ
1360 4550 1459 4621 τῆς
1481 4549 1646 4619 ἁγίας
1675 4550 1941 4622 Πεντηκο⁹

2038 3461 2187 3500 anno
2222 3446 2383 3500 Turci
2442 3443 2659 3514 Caspiis
2710 3446 2884 3514 portis
2936 3442 3175 3512 egressi,
3218 3439 3469 3510 plurimis
3524 3454 3622 3509 per

2036 3539 2350 3594 Armeniam
2387 3537 2609 3601 occisis,
2641 3537 2984 3606 captivorum
3017 3533 3356 3603 collegerunt
3386 3540 3617 3591 turmas,

2038 3641 2093 3687 et
2130 3632 2326 3686 domos
2375 3630 2734 3701 repetierunt.
2787 3625 2961 3683 Porro
3000 3625 3223 3695 quidam
3280 3623 3619 3693 Epiphaniae.

2040 3739 2162 3794 qua:
2194 3724 2259 3779 ad
2289 3724 2585 3795 Apameam
2612 3721 2785 3793 Syriae
2816 3720 2993 3791 posita
3032 3726 3157 3784 est,
3186 3716 3496 3787 episcopus,
3525 3731 3622 3772 co-

2041 3824 2337 3887 gnomento
2368 3815 2704 3881 Comanites,
2742 3811 3065 3884 Epiphaniae
3098 3809 3333 3877 civilius,
3361 3809 3504 3880 quod
3536 3825 3593 3864 sa
3613 3840 3625 3851 -

2041 3922 2133 3962 cra
2162 3923 2289 3963 vasa
2322 3907 2692 3968 distraxisset.
2742 3903 2886 3975 apud
2932 3901 3285 3958 Theodorum
3321 3901 3625 3957 Antiochiae

2043 4000 2408 4072 patriarcbam
2448 3999 2611 4072 365
2655 3980 3068 4054 accusationem
3120 4011 3337 4068 passus,
3388 3996 3620 4066 pretium

2041 4111 2235 4152 eorum
2289 4093 2615 4151 restituendi
2667 4093 2966 4164 impOtens,
3018 4100 3182 4153 rectae
3224 4089 3347 4145 tldei
3379 4090 3625 4145 desertor

2043 4187 2247 4251 lactus,
2278 4187 2333 4242 in
2362 4186 2703 4242 Constantini
2739 4185 3069 4242 sententiam
3104 4185 3369 4240 adversus
3407 4193 3624 4241 sanctas

2045 4279 2312 4352 imagines
2340 4280 2633 4336 excitatam
2659 4280 2775 4351 ipse
2800 4279 3091 4335 c0ntrariae
3108 4278 3622 4336 consciustransiit.

2047 4373 2179 4428 Eum
2228 4372 2619 4428 communibus
2667 4372 2895 4428 calculis
2944 4369 3264 4427 Theodorus
3298 4370 3623 4434 Antiochia),

2045 4464 2369 4521 Theodorus
2407 4465 2545 4519 alter
2569 4463 3099 4537 Hierosolymorum,
3130 4463 3360 4519 Cosmas
3387 4463 3626 4520 Alexan-

2045 4560 2175 4613 dria:
2233 4558 2561 4630 patriarchae
2609 4571 2732 4613 cum
2793 4557 3157 4628 suﬂ‘raganeis
3210 4555 3485 4627 episcopis
3541 4556 3627 4613 die

352 4633 484 4705 στῆς
515 4635 660 4705 μετά
689 4636 790 4709 τὴν
823 4638 1131 4709 ἀνάγνωσιν
1155 4640 1249 4695 τοῦ
1283 4641 1440 4712 ἁγίου
1462 4643 1797 4712 Εὐαγγελίου
1819 4645 1927 4716 ὁμο

2052 4659 2258 4707 sancta
2284 4649 2641 4706 Pentecostes
2690 4624 3027 4706 sacrosancti
3066 4624 3346 4720 Evangelii
3394 4624 3628 4704 lectione

350 4727 565 4830 fppde;
595 4729 1021 4802 ἀνεθεμάτισαν,
1042 4732 1275 4800 ἕκαστος
1303 4734 1447 4791 κατὰ
1465 4737 1565 4808 τὴν
1604 4735 1800 4790 ἑαυτοῦ
1846 4737 1943 4791 πό-

355 4835 452 4875 Αιν.

424 4913 520 4986 Τῷ
543 4913 593 4969 δ’
617 4914 770 4987 αὐτῷ
797 4916 910 4971 ἔτει
938 4919 1035 4972 ἀπ’
1056 4919 1234 4991 ἀρχῆς
1268 4919 1363 4976 τοῦ
1410 4922 1742 4994 Ὀκτωϐρίου
1772 4922 1941 4994 μηνὸς

352 5006 578 5075 γέγονεν
624 5008 793 5079 κρύος
841 5011 985 5081 μέγα
1018 5014 1113 5066 καὶ
1150 5013 1512 5084 πικρότατον,
1574 5019 1636 5069 οὺ
1678 5017 1821 5071 κατά
1844 5016 1943 5087 τὴν

352 5099 629 5175 ἡμετέραν
660 5103 764 5175 γῆν
799 5104 985 5176 μόνον,
1024 5106 1159 5160 ἀλλά
1205 5107 1299 5161 mi.
1330 5109 1470 5164 κατὰ
1499 5108 1599 5180 τὴν
1655 5110 1945 5181 Ἀνατολὴν

2040 4753 2281 4815 peracta,
2308 4743 2363 4799 in
2397 4745 2618 4815 pr0pria
2646 4742 2775 4798 sede
2798 4743 3000 4815 singuli
3031 4741 3399 4800 concordibus
3428 4741 3627 4797 animis

2039 4852 2105 4892 ac
2136 4835 2364 4893 vocibus
2393 4835 2730 4892 anathemati
2765 4834 3072 4906 subiecere.

2114 4929 2316 4986 Eodem
2358 4932 2563 5001 pariter
2592 4944 2740 4985 anno
2766 4945 2798 4984 ο
2844 4930 3053 4986 mensis
3094 4928 3355 4986 Octobris
3397 4924 3627 4983 exordio

2046 5021 2219 5094 (t'igus
2246 5021 2441 5093 ingens
2474 5032 2529 5077 et
2562 5022 2929 5092 asperrimum
2976 5036 3085 5076 non
3117 5021 3171 5076 in
3206 5020 3310 5077 bac
3341 5019 3506 5075 modo
3537 5034 3627 5073 re-

2046 5117 2228 5188 gione,
2259 5117 2355 5172 sed
2385 5123 2439 5171 et
2469 5130 2566 5186 per
2587 5113 2892 5181 Orientem,
2922 5114 3369 5186 Septentrionem
3391 5122 3445 5170 et
3471 5109 3630 5169 Occi-

1616 5222 1851 5280 VARL‘E
1902 5224 2308 5281 LEtLTlONES.

418 5311 469 5355 9⁸
497 5311 569 5387 κ’]
598 5312 693 5381 κς¹
726 5330 780 5384 a,
815 5314 868 5384 ς’
898 5316 941 5373 i'.
1015 5317 1057 5350 "
1100 5316 1229 5375 fort.
1261 5318 1562 5393 κομϐἐντον
1586 5316 1689 5373 cir.
1732 5334 1785 5388 p.
1816 5318 1945 5374 262.
2020 5318 2065 5349 ⁹²
2089 5320 2388 5392 Βασραθὼν
2422 5320 2459 5377 ί.

1619 5436 1762 5493 με.
1791 5435 2003 5512 GOARI
2044 5436 2284 5524 NOTAE.

384 5611 386 5613 ,
424 5557 853 5631 (Βηίϐοηοίηίι
894 5559 1264 5630 Nicephorus,
1294 5559 1475 5615 ταῦτα’
1524 5559 1937 5631 κατεπράττετο

360 5630 621 5703 κατά-τὴν
654 5630 886 5703 πρώτην
912 5631 1246 5703 ίνϐικτιῶνα.

425 5700 534 5779 (ἕξ)
568 5700 659 5779 Ah
689 5700 883 5779 exorto
900 5702 1037 5779 δορὶ.

450 5772 537 5843 59)
564 5773 937 5843 Nicephorus.
965 5772 1217 5827 Βαῖανόν.

450 5787 537 5843 ον)
564 5787 937 5843 mcepuorus.
968 5787 1217 5827 ϋαῑανον.

423 5787 534 5918 ξω)
563 5845 739 5902 Barh.
767 5843 1087 5917 Βασραθών,
1110 5844 1405 5915 quitorsan
1440 5862 1565 5921 pag.
1590 5845 1695 5902 563
1726 5843 1942 5916 Βάτρα-

673 5944 947 6007 Ριιτιιοι..
980 5941 1097 6004 Gn.
1132 5939 1345 6005 CVIII.

2049 5577 2161 5624 σος,
2198 5560 2456 5687 Bagaso:
2484 5562 2629 5634 apud
2659 5563 3036 5620 Anastasinm.

2121 5632 2234 5687 (61)
2315 5636 2645 5687 atriarcbam
2665 5636 2886 5687 nomine
2916 5632 3031 5687 The

2121 5632 2234 5703 (61)
2269 5631 2645 5689 Patriarcbam
2665 5636 2886 5690 nomine
2916 5631 3425 5688 Theudor-rimante
3448 5642 3625 5703 annos

2049 5718 2144 5757 sex
2170 5699 2225 5758 in
2261 5707 2515 5760 exsilium
2567 5706 2804 5775 ejectum
2833 5704 3194 5775 legitnus.‘An
3229 5703 3299 5755 ita
3330 5702 3444 5755 sedi
3475 5699 3628 5753 resti-

2046 5784 2323 5916 ἑιὲἱιὲἒ,
2369 5775 2469 5833 hoc
2499 5792 2645 5832 anno
2668 5775 2923 5833 Gosmam
2951 5776 3299 5830 anathemate
3340 5778 3629 5831 percutere

2219 5864 2241 5901 r
2304 5888 2317 5901 .

2219 5862 2317 5901 ηιξ

3112 5938 3194 6003 28
