  <div class='ocr_page' id='page_1' title='image "/cluster/home/n/w/nwhite01/storage/ocr_20150623/108/mdp.39015037042556/483.png"; bbox 0 0 4072 6296; ppageno 0'>
   <div class='ocr_carea' id='block_1_1' title="bbox 493 332 3777 444">
    <p class='ocr_par' dir='ltr' id='par_1_1' title="bbox 493 332 3777 444">
     <span class='ocr_line' id='line_1_1' title="bbox 493 332 3777 444; baseline -0.006 -24"><span class='ocrx_word' id='word_1_1' title='bbox 493 357 590 423; x_wconf 76' lang='lat'><strong>951</strong></span> <span class='ocrx_word' id='word_1_2' title='bbox 1832 332 2320 444; x_wconf 11' lang='lat' dir='ltr'><strong>TllEOPHAN&#39;VIS</strong></span> <span class='ocrx_word' id='word_1_3' title='bbox 3651 345 3777 411; x_wconf 78' lang='lat'><strong>952</strong></span> 
     </span>
    </p>
   </div>
   <div class='ocr_carea' id='block_1_2' title="bbox 487 465 2079 544">
    <p class='ocr_par' dir='ltr' id='par_1_2' title="bbox 487 467 2078 544">
     <span class='ocr_line' id='line_1_2' title="bbox 487 467 2078 544; baseline -0.004 -17"><span class='ocrx_word' id='word_1_4' title='bbox 487 473 682 544; x_wconf 85' lang='lat' dir='ltr'><strong>quinto</strong></span> <span class='ocrx_word' id='word_1_5' title='bbox 731 472 784 525; x_wconf 90' lang='lat' dir='ltr'><strong>in</strong></span> <span class='ocrx_word' id='word_1_6' title='bbox 816 470 1002 524; x_wconf 90' lang='lat' dir='ltr'><strong>urbem</strong></span> <span class='ocrx_word' id='word_1_7' title='bbox 1058 480 1276 523; x_wconf 91' lang='lat' dir='ltr'><strong>summo</strong></span> <span class='ocrx_word' id='word_1_8' title='bbox 1311 477 1472 522; x_wconf 83' lang='lat' dir='ltr'><strong>mane</strong></span> <span class='ocrx_word' id='word_1_9' title='bbox 1513 467 1830 533; x_wconf 82' lang='lat' dir='ltr'><strong>deductum,</strong></span> <span class='ocrx_word' id='word_1_10' title='bbox 1866 469 1918 523; x_wconf 90' lang='lat' dir='ltr'><strong>in</strong></span> <span class='ocrx_word' id='word_1_11' title='bbox 1948 482 2078 538; x_wconf 86' lang='lat' dir='ltr'><strong>por-</strong></span> 
     </span>
    </p>
   </div>
   <div class='ocr_carea' id='block_1_3' title="bbox 2188 465 3778 544">
    <p class='ocr_par' dir='ltr' id='par_1_3' title="bbox 2188 465 3778 540">
     <span class='ocr_line' id='line_1_3' title="bbox 2188 465 3778 540; baseline -0.001 -18"><span class='ocrx_word' id='word_1_12' title='bbox 2188 465 2378 538; x_wconf 82' lang='grc' dir='ltr'>γνώμῃ</span> <span class='ocrx_word' id='word_1_13' title='bbox 2404 466 2504 538; x_wconf 79' lang='grc' dir='ltr'>τῆς</span> <span class='ocrx_word' id='word_1_14' title='bbox 2537 465 2744 540; x_wconf 82' lang='grc' dir='ltr'>μητρὸς</span> <span class='ocrx_word' id='word_1_15' title='bbox 2775 467 2938 522; x_wconf 78' lang='grc' dir='ltr'>αὐτοῦ</span> <span class='ocrx_word' id='word_1_16' title='bbox 2969 470 3062 524; x_wconf 78' lang='grc' dir='ltr'><strong>καί</strong></span> <span class='ocrx_word' id='word_1_17' title='bbox 3093 469 3200 524; x_wconf 84' lang='grc' dir='ltr'><strong>τῶν</strong></span> <span class='ocrx_word' id='word_1_18' title='bbox 3225 466 3545 540; x_wconf 71' lang='grc' dir='ltr'>συμϐούλων</span> <span class='ocrx_word' id='word_1_19' title='bbox 3573 465 3778 536; x_wconf 81' lang='grc' dir='ltr'>αὐτῆς.</span> 
     </span>
    </p>
   </div>
   <div class='ocr_carea' id='block_1_4' title="bbox 489 560 2079 638">
    <p class='ocr_par' dir='ltr' id='par_1_4' title="bbox 489 560 2071 638">
     <span class='ocr_line' id='line_1_4' title="bbox 489 560 2071 638; baseline -0.003 -20"><span class='ocrx_word' id='word_1_20' title='bbox 489 571 682 638; x_wconf 76' lang='lat' dir='ltr'><strong>phyra,</strong></span> <span class='ocrx_word' id='word_1_21' title='bbox 725 580 830 635; x_wconf 87' lang='lat' dir='ltr'><strong>qua</strong></span> <span class='ocrx_word' id='word_1_22' title='bbox 888 563 1127 632; x_wconf 89' lang='lat' dir='ltr'><strong>primum</strong></span> <span class='ocrx_word' id='word_1_23' title='bbox 1176 560 1232 615; x_wconf 92' lang='lat' dir='ltr'><strong>in</strong></span> <span class='ocrx_word' id='word_1_24' title='bbox 1283 561 1461 615; x_wconf 86' lang='lat' dir='ltr'><strong>lucem</strong></span> <span class='ocrx_word' id='word_1_25' title='bbox 1503 560 1724 631; x_wconf 90' lang='lat' dir='ltr'><strong>prodiit,</strong></span> <span class='ocrx_word' id='word_1_26' title='bbox 1764 560 2071 626; x_wconf 88' lang='lat' dir='ltr'><strong>includunt,</strong></span> 
     </span>
    </p>
   </div>
   <div class='ocr_carea' id='block_1_5' title="bbox 2188 560 3778 638">
    <p class='ocr_par' dir='ltr' id='par_1_5' title="bbox 2194 560 3778 635">
     <span class='ocr_line' id='line_1_5' title="bbox 2194 560 3778 635; baseline -0.004 -19"><span class='ocrx_word' id='word_1_27' title='bbox 2194 560 2520 632; x_wconf 86' lang='grc' dir='ltr'>Ἐσκοτίσθη</span> <span class='ocrx_word' id='word_1_28' title='bbox 2555 561 2611 616; x_wconf 82' lang='grc' dir='ltr'>δὲ</span> <span class='ocrx_word' id='word_1_29' title='bbox 2640 563 2667 615; x_wconf 84' lang='grc' dir='ltr'>ὁ</span> <span class='ocrx_word' id='word_1_30' title='bbox 2697 561 2848 633; x_wconf 80' lang='grc' dir='ltr'>ἥλιος</span> <span class='ocrx_word' id='word_1_31' title='bbox 2874 562 2967 616; x_wconf 71' lang='grc' dir='ltr'><strong>ἐπὶ</strong></span> <span class='ocrx_word' id='word_1_32' title='bbox 2997 563 3212 635; x_wconf 80' lang='grc' dir='ltr'>ἡμέρας</span> <span class='ocrx_word' id='word_1_33' title='bbox 3245 561 3309 626; x_wconf 72' lang='grc' dir='ltr'><strong>ιζ’</strong></span> <span class='ocrx_word' id='word_1_34' title='bbox 3345 562 3440 614; x_wconf 79' lang='grc' dir='ltr'>καὶ</span> <span class='ocrx_word' id='word_1_35' title='bbox 3468 561 3568 613; x_wconf 74' lang='grc' dir='ltr'>οὐκ</span> <span class='ocrx_word' id='word_1_36' title='bbox 3596 560 3778 612; x_wconf 78' lang='grc' dir='ltr'>ἔδωκε</span> 
     </span>
    </p>
   </div>
   <div class='ocr_carea' id='block_1_6' title="bbox 486 653 2079 730">
    <p class='ocr_par' dir='ltr' id='par_1_6' title="bbox 486 653 2074 730">
     <span class='ocr_line' id='line_1_6' title="bbox 486 653 2074 730; baseline -0.001 -20"><span class='ocrx_word' id='word_1_37' title='bbox 486 669 542 713; x_wconf 82' lang='lat' dir='ltr'><strong>et</strong></span> <span class='ocrx_word' id='word_1_38' title='bbox 593 661 739 711; x_wconf 79' lang='lat' dir='ltr'><strong>circa</strong></span> <span class='ocrx_word' id='word_1_39' title='bbox 799 655 963 726; x_wconf 82' lang='lat'><strong>399</strong></span> <span class='ocrx_word' id='word_1_40' title='bbox 1013 657 1200 710; x_wconf 90' lang='lat' dir='ltr'><strong>horam</strong></span> <span class='ocrx_word' id='word_1_41' title='bbox 1265 668 1466 707; x_wconf 89' lang='lat' dir='ltr'><strong>nonam</strong></span> <span class='ocrx_word' id='word_1_42' title='bbox 1526 662 1675 707; x_wconf 86' lang='lat' dir='ltr'><strong>tanta</strong></span> <span class='ocrx_word' id='word_1_43' title='bbox 1731 653 2074 730; x_wconf 77' lang='lat' dir='ltr'><strong>immanitate</strong></span> 
     </span>
    </p>
   </div>
   <div class='ocr_carea' id='block_1_7' title="bbox 2188 653 3781 730">
    <p class='ocr_par' dir='ltr' id='par_1_7' title="bbox 2188 653 3781 722">
     <span class='ocr_line' id='line_1_7' title="bbox 2188 653 3781 722; baseline -0.003 -14"><span class='ocrx_word' id='word_1_44' title='bbox 2188 653 2280 719; x_wconf 79' lang='grc' dir='ltr'>τὰς</span> <span class='ocrx_word' id='word_1_45' title='bbox 2312 654 2537 719; x_wconf 81' lang='grc' dir='ltr'>ἀκτῖνας</span> <span class='ocrx_word' id='word_1_46' title='bbox 2568 653 2759 722; x_wconf 66' lang='grc' dir='ltr'>αὐτοῦ,</span> <span class='ocrx_word' id='word_1_47' title='bbox 2806 654 2948 708; x_wconf 80' lang='grc' dir='ltr'>ὥστε</span> <span class='ocrx_word' id='word_1_48' title='bbox 3003 655 3309 710; x_wconf 82' lang='grc' dir='ltr'>πλανᾶσθαι</span> <span class='ocrx_word' id='word_1_49' title='bbox 3351 654 3417 708; x_wconf 84' lang='grc' dir='ltr'>τὰ</span> <span class='ocrx_word' id='word_1_50' title='bbox 3461 653 3618 707; x_wconf 79' lang='grc' dir='ltr'>πλοῖα</span> <span class='ocrx_word' id='word_1_51' title='bbox 3671 654 3781 705; x_wconf 78' lang='grc' dir='ltr'>καὶ</span> 
     </span>
    </p>
   </div>
   <div class='ocr_carea' id='block_1_8' title="bbox 486 743 2079 817">
    <p class='ocr_par' dir='ltr' id='par_1_8' title="bbox 486 745 2070 804">
     <span class='ocr_line' id='line_1_8' title="bbox 486 745 2070 804; baseline -0.004 0"><span class='ocrx_word' id='word_1_52' title='bbox 486 752 559 804; x_wconf 85' lang='lat' dir='ltr'><strong>illi</strong></span> <span class='ocrx_word' id='word_1_53' title='bbox 613 751 802 804; x_wconf 83' lang='lat' dir='ltr'><strong>oculos</strong></span> <span class='ocrx_word' id='word_1_54' title='bbox 856 746 1152 804; x_wconf 87' lang='lat' dir='ltr'><strong>confodere</strong></span> <span class='ocrx_word' id='word_1_55' title='bbox 1193 761 1260 802; x_wconf 84' lang='lat' dir='ltr'><strong>ex</strong></span> <span class='ocrx_word' id='word_1_56' title='bbox 1312 747 1500 800; x_wconf 89' lang='lat' dir='ltr'><strong>matris</strong></span> <span class='ocrx_word' id='word_1_57' title='bbox 1527 757 1581 799; x_wconf 90' lang='lat' dir='ltr'><strong>et</strong></span> <span class='ocrx_word' id='word_1_58' title='bbox 1631 745 2070 800; x_wconf 86' lang='lat' dir='ltr'><strong>consiliariorttm</strong></span> 
     </span>
    </p>
   </div>
   <div class='ocr_carea' id='block_1_9' title="bbox 2188 743 3783 817">
    <p class='ocr_par' dir='ltr' id='par_1_9' title="bbox 2188 744 3783 817">
     <span class='ocr_line' id='line_1_9' title="bbox 2188 744 3783 817; baseline -0.003 -18"><span class='ocrx_word' id='word_1_59' title='bbox 2188 745 2470 817; x_wconf 76' lang='grc' dir='ltr'>φέρεσθαι,</span> <span class='ocrx_word' id='word_1_60' title='bbox 2505 746 2599 799; x_wconf 77' lang='grc' dir='ltr'><strong>καὶ</strong></span> <span class='ocrx_word' id='word_1_61' title='bbox 2628 744 2838 810; x_wconf 76' lang='grc' dir='ltr'>πάντας</span> <span class='ocrx_word' id='word_1_62' title='bbox 2867 745 3048 814; x_wconf 81' lang='grc' dir='ltr'>λέγειν</span> <span class='ocrx_word' id='word_1_63' title='bbox 3089 747 3182 804; x_wconf 79' lang='grc' dir='ltr'><strong>καί</strong></span> <span class='ocrx_word' id='word_1_64' title='bbox 3224 747 3528 817; x_wconf 74' lang='grc' dir='ltr'><strong>ὁμολογεῖν,</strong></span> <span class='ocrx_word' id='word_1_65' title='bbox 3566 745 3647 798; x_wconf 76' lang='grc' dir='ltr'>ὅτι</span> <span class='ocrx_word' id='word_1_66' title='bbox 3683 744 3783 796; x_wconf 63' lang='grc' dir='ltr'>διὰ</span> 
     </span>
    </p>
   </div>
   <div class='ocr_carea' id='block_1_10' title="bbox 485 834 2079 910">
    <p class='ocr_par' dir='ltr' id='par_1_10' title="bbox 485 835 2075 910">
     <span class='ocr_line' id='line_1_10' title="bbox 485 835 2075 910; baseline -0.003 -16"><span class='ocrx_word' id='word_1_67' title='bbox 485 841 603 910; x_wconf 79' lang='lat' dir='ltr'><strong>ejus</strong></span> <span class='ocrx_word' id='word_1_68' title='bbox 635 843 931 901; x_wconf 75' lang='lat' dir='ltr'><strong>sententia,</strong></span> <span class='ocrx_word' id='word_1_69' title='bbox 977 847 1037 892; x_wconf 94' lang='lat' dir='ltr'><strong>ut</strong></span> <span class='ocrx_word' id='word_1_70' title='bbox 1067 853 1202 908; x_wconf 85' lang='lat' dir='ltr'><strong>pene</strong></span> <span class='ocrx_word' id='word_1_71' title='bbox 1241 848 1468 892; x_wconf 81' lang='lat' dir='ltr'><strong>mortem</strong></span> <span class='ocrx_word' id='word_1_72' title='bbox 1501 836 1784 890; x_wconf 85' lang='lat' dir='ltr'><strong>inferrent.</strong></span> <span class='ocrx_word' id='word_1_73' title='bbox 1819 835 1908 905; x_wconf 76' lang='lat' dir='ltr'><strong>Sel</strong></span> <span class='ocrx_word' id='word_1_74' title='bbox 1945 845 2075 890; x_wconf 88' lang='lat' dir='ltr'><strong>tunc</strong></span> 
     </span>
    </p>
   </div>
   <div class='ocr_carea' id='block_1_11' title="bbox 2188 834 3784 910">
    <p class='ocr_par' dir='ltr' id='par_1_11' title="bbox 2188 834 3784 910">
     <span class='ocr_line' id='line_1_11' title="bbox 2188 834 3784 910; baseline -0.002 -21"><span class='ocrx_word' id='word_1_75' title='bbox 2188 838 2278 907; x_wconf 72' lang='grc' dir='ltr'><strong>τὴν</strong></span> <span class='ocrx_word' id='word_1_76' title='bbox 2316 836 2408 890; x_wconf 79' lang='grc' dir='ltr'>τοῦ</span> <span class='ocrx_word' id='word_1_77' title='bbox 2447 837 2492 868; x_wconf 77' lang='grc'><strong>⁸¹⁹</strong></span> <span class='ocrx_word' id='word_1_78' title='bbox 2542 834 2810 906; x_wconf 85' lang='grc' dir='ltr'>βασιλέως</span> <span class='ocrx_word' id='word_1_79' title='bbox 2852 836 3131 907; x_wconf 78' lang='grc' dir='ltr'><strong>τύφλωσιν</strong></span> <span class='ocrx_word' id='word_1_80' title='bbox 3163 841 3191 892; x_wconf 87' lang='grc' dir='ltr'>ὀ</span> <span class='ocrx_word' id='word_1_81' title='bbox 3219 839 3371 910; x_wconf 75' lang='grc' dir='ltr'>ἣλιος</span> <span class='ocrx_word' id='word_1_82' title='bbox 3401 837 3500 900; x_wconf 85' lang='grc' dir='ltr'>τὰς</span> <span class='ocrx_word' id='word_1_83' title='bbox 3544 838 3784 896; x_wconf 84' lang='grc' dir='ltr'>ἀκτῖνας</span> 
     </span>
    </p>
   </div>
   <div class='ocr_carea' id='block_1_12' title="bbox 482 927 2079 1004">
    <p class='ocr_par' dir='ltr' id='par_1_12' title="bbox 482 930 2073 1004">
     <span class='ocr_line' id='line_1_12' title="bbox 482 930 2073 1004; baseline -0.001 -18"><span class='ocrx_word' id='word_1_84' title='bbox 482 949 578 1004; x_wconf 86' lang='lat' dir='ltr'><strong>per</strong></span> <span class='ocrx_word' id='word_1_85' title='bbox 610 933 726 989; x_wconf 86' lang='lat' dir='ltr'><strong>dies</strong></span> <span class='ocrx_word' id='word_1_86' title='bbox 761 931 1147 1002; x_wconf 80' lang='lat' dir='ltr'><strong>septemdecim</strong></span> <span class='ocrx_word' id='word_1_87' title='bbox 1197 931 1344 985; x_wconf 90' lang='lat' dir='ltr'><strong>nulla</strong></span> <span class='ocrx_word' id='word_1_88' title='bbox 1394 931 1674 985; x_wconf 87' lang='lat' dir='ltr'><strong>radiorum</strong></span> <span class='ocrx_word' id='word_1_89' title='bbox 1719 931 1921 985; x_wconf 89' lang='lat' dir='ltr'><strong>emissa</strong></span> <span class='ocrx_word' id='word_1_90' title='bbox 1955 930 2073 984; x_wconf 86' lang='lat' dir='ltr'><strong>lucc</strong></span> 
     </span>
    </p>
   </div>
   <div class='ocr_carea' id='block_1_13' title="bbox 2188 927 3779 1004">
    <p class='ocr_par' dir='ltr' id='par_1_13' title="bbox 2188 927 3779 1004">
     <span class='ocr_line' id='line_1_13' title="bbox 2188 927 3779 1004; baseline -0.003 -20"><span class='ocrx_word' id='word_1_91' title='bbox 2188 930 2455 984; x_wconf 71' lang='grc' dir='ltr'>ἀπέθετο·</span> <span class='ocrx_word' id='word_1_92' title='bbox 2504 929 2600 983; x_wconf 80' lang='grc' dir='ltr'><strong>καὶ</strong></span> <span class='ocrx_word' id='word_1_93' title='bbox 2648 927 2823 993; x_wconf 79' lang='grc' dir='ltr'>οὓτως</span> <span class='ocrx_word' id='word_1_94' title='bbox 2864 933 3058 1003; x_wconf 87' lang='grc' dir='ltr'>κρατεῖ</span> <span class='ocrx_word' id='word_1_95' title='bbox 3105 931 3313 1004; x_wconf 81' lang='grc' dir='ltr'><strong>Εἰρήνη</strong></span> <span class='ocrx_word' id='word_1_96' title='bbox 3362 932 3395 1001; x_wconf 82' lang='grc' dir='ltr'><strong>ἠ</strong></span> <span class='ocrx_word' id='word_1_97' title='bbox 3443 930 3626 1002; x_wconf 82' lang='grc' dir='ltr'><strong>μήτηρ</strong></span> <span class='ocrx_word' id='word_1_98' title='bbox 3673 929 3779 983; x_wconf 77' lang='grc' dir='ltr'><strong>αὺ-</strong></span> 
     </span>
    </p>
   </div>
   <div class='ocr_carea' id='block_1_14' title="bbox 485 1021 2515 1092">
    <p class='ocr_par' dir='ltr' id='par_1_14' title="bbox 485 1021 2515 1092">
     <span class='ocr_line' id='line_1_14' title="bbox 485 1021 2515 1092; baseline -0.002 -10"><span class='ocrx_word' id='word_1_99' title='bbox 485 1029 557 1082; x_wconf 85' lang='lat' dir='ltr'><strong>ita</strong></span> <span class='ocrx_word' id='word_1_100' title='bbox 603 1028 933 1082; x_wconf 84' lang='lat' dir='ltr'><strong>obscuratus</strong></span> <span class='ocrx_word' id='word_1_101' title='bbox 982 1033 1084 1091; x_wconf 87' lang='lat' dir='ltr'><strong>est,</strong></span> <span class='ocrx_word' id='word_1_102' title='bbox 1139 1033 1196 1076; x_wconf 93' lang='grc' dir='ltr'>ιιι</span> <span class='ocrx_word' id='word_1_103' title='bbox 1243 1023 1479 1083; x_wconf 77' lang='lat' dir='ltr'><strong>errantia</strong></span> <span class='ocrx_word' id='word_1_104' title='bbox 1529 1037 1622 1092; x_wconf 87' lang='lat' dir='ltr'><strong>per</strong></span> <span class='ocrx_word' id='word_1_105' title='bbox 1669 1037 1819 1077; x_wconf 86' lang='lat' dir='ltr'><strong>mare</strong></span> <span class='ocrx_word' id='word_1_106' title='bbox 1855 1022 2069 1092; x_wconf 80' lang='lat' dir='ltr'><strong>navigia</strong></span> <span class='ocrx_word' id='word_1_107' title='bbox 2179 1023 2297 1078; x_wconf 83' lang='grc' dir='ltr'>τοῦ.</span> <span class='ocrx_word' id='word_1_108' title='bbox 2510 1021 2515 1026; x_wconf 78' lang='grc'><strong><em>“</em></strong></span> 
     </span>
    </p>
   </div>
   <div class='ocr_carea' id='block_1_15' title="bbox 484 1117 3780 1195">
    <p class='ocr_par' dir='ltr' id='par_1_15' title="bbox 484 1117 3780 1195">
     <span class='ocr_line' id='line_1_15' title="bbox 484 1117 3780 1195; baseline -0.001 -17"><span class='ocrx_word' id='word_1_109' title='bbox 484 1133 685 1179; x_wconf 90' lang='lat' dir='ltr'><strong>temere</strong></span> <span class='ocrx_word' id='word_1_110' title='bbox 751 1118 1257 1184; x_wconf 82' lang='lat' dir='ltr'><strong>circumferrentur,</strong></span> <span class='ocrx_word' id='word_1_111' title='bbox 1308 1132 1610 1188; x_wconf 88' lang='lat' dir='ltr'><strong>omnesque</strong></span> <span class='ocrx_word' id='word_1_112' title='bbox 1656 1117 1835 1188; x_wconf 80' lang='lat' dir='ltr'><strong>palam</strong></span> <span class='ocrx_word' id='word_1_113' title='bbox 1892 1129 2225 1184; x_wconf 82' lang='lat' dir='ltr'><strong>assererem,</strong></span> <span class='ocrx_word' id='word_1_114' title='bbox 2282 1123 2352 1178; x_wconf 91' lang='lat' dir='ltr'><strong>ob</strong></span> <span class='ocrx_word' id='word_1_115' title='bbox 2422 1124 2769 1195; x_wconf 80' lang='lat' dir='ltr'><strong>imperatoris</strong></span> <span class='ocrx_word' id='word_1_116' title='bbox 2817 1125 3235 1183; x_wconf 66' lang='lat' dir='ltr'><strong>exmationem</strong></span> <span class='ocrx_word' id='word_1_117' title='bbox 3291 1123 3462 1180; x_wconf 87' lang='lat' dir='ltr'><strong>solem</strong></span> <span class='ocrx_word' id='word_1_118' title='bbox 3531 1137 3591 1177; x_wconf 88' lang='lat' dir='ltr'><strong>se</strong></span> <span class='ocrx_word' id='word_1_119' title='bbox 3656 1119 3780 1177; x_wconf 84' lang='lat' dir='ltr'><strong>suis</strong></span> 
     </span>
    </p>
   </div>
   <div class='ocr_carea' id='block_1_16' title="bbox 486 1213 2362 1285">
    <p class='ocr_par' dir='ltr' id='par_1_16' title="bbox 486 1213 2362 1285">
     <span class='ocr_line' id='line_1_16' title="bbox 486 1213 2362 1285; baseline 0.002 -13"><span class='ocrx_word' id='word_1_120' title='bbox 486 1219 656 1275; x_wconf 91' lang='lat' dir='ltr'><strong>radiis</strong></span> <span class='ocrx_word' id='word_1_121' title='bbox 715 1215 1022 1272; x_wconf 78' lang='lat' dir='ltr'><strong>abdicasse.</strong></span> <span class='ocrx_word' id='word_1_122' title='bbox 1079 1216 1152 1269; x_wconf 92' lang='lat' dir='ltr'><strong>Ita</strong></span> <span class='ocrx_word' id='word_1_123' title='bbox 1212 1222 1384 1269; x_wconf 85' lang='lat' dir='ltr'><strong>mater</strong></span> <span class='ocrx_word' id='word_1_124' title='bbox 1420 1215 1537 1285; x_wconf 84' lang='lat' dir='ltr'><strong>ejus</strong></span> <span class='ocrx_word' id='word_1_125' title='bbox 1587 1213 1741 1270; x_wconf 87' lang='lat' dir='ltr'><strong>lrene</strong></span> <span class='ocrx_word' id='word_1_126' title='bbox 1771 1215 2061 1284; x_wconf 90' lang='lat' dir='ltr'><strong>imperium</strong></span> <span class='ocrx_word' id='word_1_127' title='bbox 2100 1219 2362 1276; x_wconf 85' lang='lat' dir='ltr'><strong>obtinuit.</strong></span> 
     </span>
    </p>
   </div>
   <div class='ocr_carea' id='block_1_17' title="bbox 560 1307 2073 1378">
    <p class='ocr_par' dir='ltr' id='par_1_17' title="bbox 560 1307 2073 1378">
     <span class='ocr_line' id='line_1_17' title="bbox 560 1307 2073 1378; baseline -0.002 -10"><span class='ocrx_word' id='word_1_128' title='bbox 560 1311 762 1368; x_wconf 87' lang='lat' dir='ltr'><strong>Eodem</strong></span> <span class='ocrx_word' id='word_1_129' title='bbox 799 1310 960 1365; x_wconf 88' lang='lat' dir='ltr'><strong>etiam</strong></span> <span class='ocrx_word' id='word_1_130' title='bbox 1013 1324 1159 1363; x_wconf 90' lang='lat' dir='ltr'><strong>anno</strong></span> <span class='ocrx_word' id='word_1_131' title='bbox 1208 1307 1351 1363; x_wconf 87' lang='lat' dir='ltr'><strong>beati</strong></span> <span class='ocrx_word' id='word_1_132' title='bbox 1389 1308 1614 1362; x_wconf 87' lang='lat' dir='ltr'><strong>Adriani</strong></span> <span class='ocrx_word' id='word_1_133' title='bbox 1656 1322 1809 1378; x_wconf 75' lang='lat' dir='ltr'><strong>papa:</strong></span> <span class='ocrx_word' id='word_1_134' title='bbox 1844 1308 2073 1365; x_wconf 80' lang='lat' dir='ltr'><strong>Romani</strong></span> 
     </span>
    </p>
   </div>
   <div class='ocr_carea' id='block_1_18' title="bbox 486 1400 2075 1476">
    <p class='ocr_par' dir='ltr' id='par_1_18' title="bbox 486 1400 2075 1476">
     <span class='ocr_line' id='line_1_18' title="bbox 486 1400 2075 1476; baseline -0.002 -14"><span class='ocrx_word' id='word_1_135' title='bbox 486 1406 674 1462; x_wconf 75' lang='lat' dir='ltr'><strong>attines</strong></span> <span class='ocrx_word' id='word_1_136' title='bbox 724 1404 959 1459; x_wconf 89' lang='lat' dir='ltr'><strong>tumultu</strong></span> <span class='ocrx_word' id='word_1_137' title='bbox 990 1403 1044 1456; x_wconf 91' lang='lat' dir='ltr'><strong>in</strong></span> <span class='ocrx_word' id='word_1_138' title='bbox 1093 1402 1330 1476; x_wconf 82' lang='lat' dir='ltr'><strong>Leonem</strong></span> <span class='ocrx_word' id='word_1_139' title='bbox 1373 1417 1568 1473; x_wconf 87' lang='lat' dir='ltr'><strong>papam</strong></span> <span class='ocrx_word' id='word_1_140' title='bbox 1609 1400 1868 1467; x_wconf 86' lang='lat' dir='ltr'><strong>excitato,</strong></span> <span class='ocrx_word' id='word_1_141' title='bbox 1901 1405 2075 1459; x_wconf 89' lang='lat' dir='ltr'><strong>oculis</strong></span> 
     </span>
    </p>
   </div>
   <div class='ocr_carea' id='block_1_19' title="bbox 484 1496 2072 1557">
    <p class='ocr_par' dir='ltr' id='par_1_19' title="bbox 484 1496 2072 1557">
     <span class='ocr_line' id='line_1_19' title="bbox 484 1496 2072 1557; baseline -0.003 0"><span class='ocrx_word' id='word_1_142' title='bbox 484 1517 610 1557; x_wconf 91' lang='lat' dir='ltr'><strong>eum</strong></span> <span class='ocrx_word' id='word_1_143' title='bbox 664 1501 1054 1556; x_wconf 79' lang='lat' dir='ltr'><strong>militaverunt.</strong></span> <span class='ocrx_word' id='word_1_144' title='bbox 1123 1496 1324 1553; x_wconf 86' lang='lat' dir='ltr'><strong>Verum</strong></span> <span class='ocrx_word' id='word_1_145' title='bbox 1379 1514 1503 1552; x_wconf 90' lang='lat' dir='ltr'><strong>cum</strong></span> <span class='ocrx_word' id='word_1_146' title='bbox 1551 1497 1800 1553; x_wconf 89' lang='lat' dir='ltr'><strong>homines</strong></span> <span class='ocrx_word' id='word_1_147' title='bbox 1853 1498 1919 1552; x_wconf 90' lang='lat' dir='ltr'><strong>ad</strong></span> <span class='ocrx_word' id='word_1_148' title='bbox 1949 1514 2072 1554; x_wconf 89' lang='lat' dir='ltr'><strong>eum</strong></span> 
     </span>
    </p>
   </div>
   <div class='ocr_carea' id='block_1_20' title="bbox 485 1588 2078 1661">
    <p class='ocr_par' dir='ltr' id='par_1_20' title="bbox 485 1588 2078 1661">
     <span class='ocr_line' id='line_1_20' title="bbox 485 1588 2078 1661; baseline -0.003 -12"><span class='ocrx_word' id='word_1_149' title='bbox 485 1592 871 1649; x_wconf 68' lang='lat' dir='ltr'><strong>excazcandum</strong></span> <span class='ocrx_word' id='word_1_150' title='bbox 906 1592 1167 1660; x_wconf 83' lang='lat' dir='ltr'><strong>deputati,</strong></span> <span class='ocrx_word' id='word_1_151' title='bbox 1197 1588 1576 1645; x_wconf 83' lang='lat' dir='ltr'><strong>misericordia</strong></span> <span class='ocrx_word' id='word_1_152' title='bbox 1610 1590 1781 1654; x_wconf 90' lang='lat' dir='ltr'><strong>ducti,</strong></span> <span class='ocrx_word' id='word_1_153' title='bbox 1816 1591 1865 1645; x_wconf 89' lang='lat' dir='ltr'><strong>ei</strong></span> <span class='ocrx_word' id='word_1_154' title='bbox 1894 1606 2078 1661; x_wconf 87' lang='lat' dir='ltr'><strong>peper—</strong></span> 
     </span>
    </p>
   </div>
   <div class='ocr_carea' id='block_1_21' title="bbox 483 1683 2074 1755">
    <p class='ocr_par' dir='ltr' id='par_1_21' title="bbox 483 1683 2074 1755">
     <span class='ocr_line' id='line_1_21' title="bbox 483 1683 2074 1755; baseline -0.003 -12"><span class='ocrx_word' id='word_1_155' title='bbox 483 1687 689 1744; x_wconf 88' lang='lat' dir='ltr'><strong>cissent</strong></span> <span class='ocrx_word' id='word_1_156' title='bbox 719 1687 1089 1755; x_wconf 76' lang='lat' dir='ltr'><strong>aliquatenus,</strong></span> <span class='ocrx_word' id='word_1_157' title='bbox 1141 1683 1286 1738; x_wconf 89' lang='lat' dir='ltr'><strong>haud</strong></span> <span class='ocrx_word' id='word_1_158' title='bbox 1318 1684 1367 1739; x_wconf 86' lang='lat' dir='ltr'><strong>ei</strong></span> <span class='ocrx_word' id='word_1_159' title='bbox 1397 1684 1614 1753; x_wconf 89' lang='lat' dir='ltr'><strong>penitus</strong></span> <span class='ocrx_word' id='word_1_160' title='bbox 1667 1684 1954 1740; x_wconf 91' lang='lat' dir='ltr'><strong>oculorum</strong></span> <span class='ocrx_word' id='word_1_161' title='bbox 1988 1686 2074 1740; x_wconf 86' lang='lat' dir='ltr'><strong>lu-</strong></span> 
     </span>
    </p>
   </div>
   <div class='ocr_carea' id='block_1_22' title="bbox 485 1777 2068 1837">
    <p class='ocr_par' dir='ltr' id='par_1_22' title="bbox 485 1777 2068 1837">
     <span class='ocr_line' id='line_1_22' title="bbox 485 1777 2068 1837; baseline -0.001 -3"><span class='ocrx_word' id='word_1_162' title='bbox 485 1797 610 1835; x_wconf 89' lang='lat' dir='ltr'><strong>men</strong></span> <span class='ocrx_word' id='word_1_163' title='bbox 680 1780 1016 1836; x_wconf 83' lang='lat' dir='ltr'><strong>exstinctum</strong></span> <span class='ocrx_word' id='word_1_164' title='bbox 1066 1789 1173 1837; x_wconf 91' lang='lat' dir='ltr'><strong>est.</strong></span> <span class='ocrx_word' id='word_1_165' title='bbox 1226 1777 1337 1833; x_wconf 90' lang='lat' dir='ltr'><strong>Leo</strong></span> <span class='ocrx_word' id='word_1_166' title='bbox 1396 1777 1628 1834; x_wconf 87' lang='lat' dir='ltr'><strong>subinde</strong></span> <span class='ocrx_word' id='word_1_167' title='bbox 1683 1779 1749 1833; x_wconf 83' lang='lat' dir='ltr'><strong>ad</strong></span> <span class='ocrx_word' id='word_1_168' title='bbox 1810 1777 2068 1834; x_wconf 88' lang='lat' dir='ltr'><strong>Carolum</strong></span> 
     </span>
    </p>
   </div>
   <div class='ocr_carea' id='block_1_23' title="bbox 485 1869 2082 1944">
    <p class='ocr_par' dir='ltr' id='par_1_23' title="bbox 485 1869 2082 1944">
     <span class='ocr_line' id='line_1_23' title="bbox 485 1869 2082 1944; baseline -0.001 -15"><span class='ocrx_word' id='word_1_169' title='bbox 485 1875 823 1931; x_wconf 86' lang='lat' dir='ltr'><strong>Francorum</strong></span> <span class='ocrx_word' id='word_1_170' title='bbox 878 1886 1058 1944; x_wconf 82' lang='lat' dir='ltr'><strong>regem</strong></span> <span class='ocrx_word' id='word_1_171' title='bbox 1113 1869 1402 1942; x_wconf 79' lang='lat' dir='ltr'><strong>confugit:</strong></span> <span class='ocrx_word' id='word_1_172' title='bbox 1443 1886 1535 1925; x_wconf 87' lang='lat' dir='ltr'><strong>rex</strong></span> <span class='ocrx_word' id='word_1_173' title='bbox 1583 1871 1700 1941; x_wconf 86' lang='lat' dir='ltr'><strong>ejus</strong></span> <span class='ocrx_word' id='word_1_174' title='bbox 1735 1871 2082 1928; x_wconf 86' lang='lat' dir='ltr'><strong>adversarios</strong></span> 
     </span>
    </p>
   </div>
   <div class='ocr_carea' id='block_1_24' title="bbox 485 1964 2083 2041">
    <p class='ocr_par' dir='ltr' id='par_1_24' title="bbox 485 1964 2083 2041">
     <span class='ocr_line' id='line_1_24' title="bbox 485 1964 2083 2041; baseline -0.003 -17"><span class='ocrx_word' id='word_1_175' title='bbox 485 1970 728 2041; x_wconf 83' lang='lat' dir='ltr'><strong>graviter</strong></span> <span class='ocrx_word' id='word_1_176' title='bbox 757 1968 902 2023; x_wconf 89' lang='lat' dir='ltr'><strong>ultus</strong></span> <span class='ocrx_word' id='word_1_177' title='bbox 938 1967 990 2019; x_wconf 92' lang='lat' dir='ltr'><strong>in</strong></span> <span class='ocrx_word' id='word_1_178' title='bbox 1019 1965 1292 2036; x_wconf 88' lang='lat' dir='ltr'><strong>propriam</strong></span> <span class='ocrx_word' id='word_1_179' title='bbox 1331 1964 1513 2021; x_wconf 85' lang='lat' dir='ltr'><strong>sedem</strong></span> <span class='ocrx_word' id='word_1_180' title='bbox 1541 1981 1663 2020; x_wconf 89' lang='lat' dir='ltr'><strong>cum</strong></span> <span class='ocrx_word' id='word_1_181' title='bbox 1695 1965 1889 2020; x_wconf 87' lang='lat' dir='ltr'><strong>iterum</strong></span> <span class='ocrx_word' id='word_1_182' title='bbox 1925 1967 2083 2022; x_wconf 89' lang='lat' dir='ltr'><strong>resti-</strong></span> 
     </span>
    </p>
   </div>
   <div class='ocr_carea' id='block_1_25' title="bbox 487 2054 2116 2128">
    <p class='ocr_par' dir='ltr' id='par_1_25' title="bbox 487 2054 2116 2128">
     <span class='ocr_line' id='line_1_25' title="bbox 487 2054 2116 2128; baseline -0.002 -11"><span class='ocrx_word' id='word_1_183' title='bbox 487 2063 609 2128; x_wconf 89' lang='lat' dir='ltr'><strong>tuit,</strong></span> <span class='ocrx_word' id='word_1_184' title='bbox 675 2069 730 2116; x_wconf 88' lang='lat' dir='ltr'><strong>et</strong></span> <span class='ocrx_word' id='word_1_185' title='bbox 763 2059 868 2116; x_wconf 90' lang='lat' dir='ltr'><strong>sub</strong></span> <span class='ocrx_word' id='word_1_186' title='bbox 915 2058 967 2112; x_wconf 86' lang='lat' dir='ltr'><strong>id</strong></span> <span class='ocrx_word' id='word_1_187' title='bbox 1029 2068 1241 2127; x_wconf 80' lang='lat' dir='ltr'><strong>tempus</strong></span> <span class='ocrx_word' id='word_1_188' title='bbox 1298 2057 1530 2127; x_wconf 91' lang='lat' dir='ltr'><strong>primum</strong></span> <span class='ocrx_word' id='word_1_189' title='bbox 1594 2073 1658 2112; x_wconf 93' lang='lat' dir='ltr'><strong>ac</strong></span> <span class='ocrx_word' id='word_1_190' title='bbox 1711 2058 1967 2128; x_wconf 78' lang='lat' dir='ltr'><strong>deinceps</strong></span> <span class='ocrx_word' id='word_1_191' title='bbox 2026 2054 2116 2114; x_wconf 52' lang='lat' dir='ltr'><strong>in&#39;</strong></span> 
     </span>
    </p>
   </div>
   <div class='ocr_carea' id='block_1_26' title="bbox 486 2149 2081 2222">
    <p class='ocr_par' dir='ltr' id='par_1_26' title="bbox 486 2149 2081 2222">
     <span class='ocr_line' id='line_1_26' title="bbox 486 2149 2081 2222; baseline -0.001 -13"><span class='ocrx_word' id='word_1_192' title='bbox 486 2153 825 2210; x_wconf 84' lang='lat' dir='ltr'><strong>Francorum</strong></span> <span class='ocrx_word' id='word_1_193' title='bbox 891 2159 1212 2222; x_wconf 90' lang='lat' dir='ltr'><strong>potestatem</strong></span> <span class='ocrx_word' id='word_1_194' title='bbox 1250 2149 1419 2205; x_wconf 83' lang='lat' dir='ltr'><strong>Roma</strong></span> <span class='ocrx_word' id='word_1_195' title='bbox 1472 2150 1655 2206; x_wconf 84' lang='lat' dir='ltr'><strong>cessit.</strong></span> <span class='ocrx_word' id='word_1_196' title='bbox 1721 2151 1827 2206; x_wconf 88' lang='lat' dir='ltr'><strong>Leo</strong></span> <span class='ocrx_word' id='word_1_197' title='bbox 1881 2152 2081 2209; x_wconf 84' lang='lat' dir='ltr'><strong>Carolo</strong></span> 
     </span>
    </p>
   </div>
   <div class='ocr_carea' id='block_1_27' title="bbox 486 2244 2081 2320">
    <p class='ocr_par' dir='ltr' id='par_1_27' title="bbox 486 2244 2081 2320">
     <span class='ocr_line' id='line_1_27' title="bbox 486 2244 2081 2320; baseline -0.001 -15"><span class='ocrx_word' id='word_1_198' title='bbox 486 2250 598 2320; x_wconf 77' lang='lat' dir='ltr'><strong>regi</strong></span> <span class='ocrx_word' id='word_1_199' title='bbox 649 2249 826 2303; x_wconf 81' lang='lat' dir='ltr'><strong>vicem</strong></span> <span class='ocrx_word' id='word_1_200' title='bbox 877 2247 1169 2310; x_wconf 78' lang='lat' dir='ltr'><strong>relaturus,</strong></span> <span class='ocrx_word' id='word_1_201' title='bbox 1207 2259 1332 2300; x_wconf 89' lang='lat' dir='ltr'><strong>eum</strong></span> <span class='ocrx_word' id='word_1_202' title='bbox 1358 2244 1535 2315; x_wconf 89' lang='lat' dir='ltr'><strong>capite</strong></span> <span class='ocrx_word' id='word_1_203' title='bbox 1585 2246 1652 2300; x_wconf 85' lang='lat' dir='ltr'><strong>ad</strong></span> <span class='ocrx_word' id='word_1_204' title='bbox 1720 2246 1861 2303; x_wconf 84' lang='lat' dir='ltr'><strong>imos</strong></span> <span class='ocrx_word' id='word_1_205' title='bbox 1908 2263 2081 2319; x_wconf 83' lang='lat' dir='ltr'><strong>usque</strong></span> 
     </span>
    </p>
   </div>
   <div class='ocr_carea' id='block_1_28' title="bbox 486 2336 2106 2419">
    <p class='ocr_par' dir='ltr' id='par_1_28' title="bbox 486 2336 2106 2419">
     <span class='ocr_line' id='line_1_28' title="bbox 486 2336 2106 2419; baseline -0.004 -19"><span class='ocrx_word' id='word_1_206' title='bbox 486 2344 652 2415; x_wconf 85' lang='lat' dir='ltr'><strong>pedes</strong></span> <span class='ocrx_word' id='word_1_207' title='bbox 679 2342 800 2398; x_wconf 90' lang='lat' dir='ltr'><strong>oleo</strong></span> <span class='ocrx_word' id='word_1_208' title='bbox 841 2347 1164 2412; x_wconf 85' lang='lat' dir='ltr'><strong>perunctum</strong></span> <span class='ocrx_word' id='word_1_209' title='bbox 1221 2337 1276 2392; x_wconf 92' lang='lat' dir='ltr'><strong>in</strong></span> <span class='ocrx_word' id='word_1_210' title='bbox 1313 2337 1488 2393; x_wconf 88' lang='lat' dir='ltr'><strong>sancti</strong></span> <span class='ocrx_word' id='word_1_211' title='bbox 1544 2336 1791 2407; x_wconf 81' lang='lat' dir='ltr'><strong>Apostoli</strong></span> <span class='ocrx_word' id='word_1_212' title='bbox 1825 2340 1939 2395; x_wconf 75' lang='lat' dir='ltr'><strong>rude</strong></span> <span class='ocrx_word' id='word_1_213' title='bbox 1976 2341 2106 2419; x_wconf 13' lang='grc' dir='ltr'>ἱππ-ἱ</span> 
     </span>
    </p>
   </div>
   <div class='ocr_carea' id='block_1_29' title="bbox 486 2431 2081 2506">
    <p class='ocr_par' dir='ltr' id='par_1_29' title="bbox 486 2431 2081 2506">
     <span class='ocr_line' id='line_1_29' title="bbox 486 2431 2081 2506; baseline -0.001 -15"><span class='ocrx_word' id='word_1_214' title='bbox 486 2445 795 2506; x_wconf 90' lang='lat' dir='ltr'><strong>pcratorem</strong></span> <span class='ocrx_word' id='word_1_215' title='bbox 850 2434 1148 2488; x_wconf 85' lang='lat' dir='ltr'><strong>salutatum</strong></span> <span class='ocrx_word' id='word_1_216' title='bbox 1197 2448 1400 2489; x_wconf 85' lang='lat' dir='ltr'><strong>corona</strong></span> <span class='ocrx_word' id='word_1_217' title='bbox 1443 2431 1746 2501; x_wconf 89' lang='lat' dir='ltr'><strong>redimivit,</strong></span> <span class='ocrx_word' id='word_1_218' title='bbox 1781 2433 2081 2505; x_wconf 89' lang='lat' dir='ltr'><strong>imperato-</strong></span> 
     </span>
    </p>
   </div>
   <div class='ocr_carea' id='block_1_30' title="bbox 485 2527 2080 2600">
    <p class='ocr_par' dir='ltr' id='par_1_30' title="bbox 485 2527 2080 2600">
     <span class='ocr_line' id='line_1_30' title="bbox 485 2527 2080 2600; baseline -0.002 -12"><span class='ocrx_word' id='word_1_219' title='bbox 485 2534 567 2588; x_wconf 72' lang='lat' dir='ltr'><strong>ria</strong></span> <span class='ocrx_word' id='word_1_220' title='bbox 617 2539 768 2589; x_wconf 83' lang='lat' dir='ltr'><strong>veste</strong></span> <span class='ocrx_word' id='word_1_221' title='bbox 812 2527 1222 2594; x_wconf 89' lang='lat' dir='ltr'><strong>circumdedit,</strong></span> <span class='ocrx_word' id='word_1_222' title='bbox 1249 2536 1305 2584; x_wconf 89' lang='lat' dir='ltr'><strong>et</strong></span> <span class='ocrx_word' id='word_1_223' title='bbox 1354 2529 1551 2600; x_wconf 90' lang='lat' dir='ltr'><strong>capitis</strong></span> <span class='ocrx_word' id='word_1_224' title='bbox 1579 2539 1902 2586; x_wconf 89' lang='lat' dir='ltr'><strong>ornamenta</strong></span> <span class='ocrx_word' id='word_1_225' title='bbox 1946 2545 2080 2586; x_wconf 86' lang='lat' dir='ltr'><strong>con-</strong></span> 
     </span>
    </p>
   </div>
   <div class='ocr_carea' id='block_1_31' title="bbox 486 2620 2077 2694">
    <p class='ocr_par' dir='ltr' id='par_1_31' title="bbox 486 2620 2077 2694">
     <span class='ocr_line' id='line_1_31' title="bbox 486 2620 2077 2694; baseline -0.002 -14"><span class='ocrx_word' id='word_1_226' title='bbox 486 2625 632 2693; x_wconf 91' lang='lat' dir='ltr'><strong>tulit,</strong></span> <span class='ocrx_word' id='word_1_227' title='bbox 673 2622 881 2680; x_wconf 87' lang='lat' dir='ltr'><strong>mensis</strong></span> <span class='ocrx_word' id='word_1_228' title='bbox 944 2620 1258 2677; x_wconf 87' lang='lat' dir='ltr'><strong>Decembris</strong></span> <span class='ocrx_word' id='word_1_229' title='bbox 1298 2621 1388 2676; x_wconf 92' lang='lat' dir='ltr'><strong>die</strong></span> <span class='ocrx_word' id='word_1_230' title='bbox 1447 2620 1708 2678; x_wconf 87' lang='lat' dir='ltr'><strong>vicesimo</strong></span> <span class='ocrx_word' id='word_1_231' title='bbox 1742 2623 1953 2694; x_wconf 86' lang='lat' dir='ltr'><strong>quinto,</strong></span> <span class='ocrx_word' id='word_1_232' title='bbox 1989 2624 2077 2679; x_wconf 89' lang='lat' dir='ltr'><strong>in-</strong></span> 
     </span>
    </p>
   </div>
   <div class='ocr_carea' id='block_1_32' title="bbox 486 2718 932 2775">
    <p class='ocr_par' dir='ltr' id='par_1_32' title="bbox 486 2718 932 2775">
     <span class='ocr_line' id='line_1_32' title="bbox 486 2718 932 2775; baseline -0.011 0"><span class='ocrx_word' id='word_1_233' title='bbox 486 2718 727 2775; x_wconf 88' lang='lat' dir='ltr'><strong>dictione</strong></span> <span class='ocrx_word' id='word_1_234' title='bbox 764 2731 932 2771; x_wconf 90' lang='lat' dir='ltr'><strong>nona.</strong></span> 
     </span>
    </p>
   </div>
   <div class='ocr_carea' id='block_1_33' title="bbox 557 2807 2077 2876">
    <p class='ocr_par' dir='ltr' id='par_1_33' title="bbox 557 2807 2077 2876">
     <span class='ocr_line' id='line_1_33' title="bbox 557 2807 2077 2876; baseline -0.003 -8"><span class='ocrx_word' id='word_1_235' title='bbox 557 2814 624 2870; x_wconf 79' lang='grc' dir='ltr'><strong>Α.</strong></span> <span class='ocrx_word' id='word_1_236' title='bbox 659 2811 722 2868; x_wconf 88' lang='lat' dir='ltr'><strong>C.</strong></span> <span class='ocrx_word' id='word_1_237' title='bbox 751 2809 876 2865; x_wconf 89' lang='lat'><strong>790.</strong></span> <span class='ocrx_word' id='word_1_238' title='bbox 909 2840 982 2850; x_wconf 87' lang='lat'><strong>—-</strong></span> <span class='ocrx_word' id='word_1_239' title='bbox 1013 2807 1371 2862; x_wconf 79' lang='lat' dir='ltr'><strong>Romanorum</strong></span> <span class='ocrx_word' id='word_1_240' title='bbox 1401 2807 1755 2876; x_wconf 81' lang='lat' dir='ltr'><strong>imperatricis</strong></span> <span class='ocrx_word' id='word_1_241' title='bbox 1784 2807 1957 2864; x_wconf 69' lang='lat' dir='ltr'><strong>frena:</strong></span> <span class='ocrx_word' id='word_1_242' title='bbox 1985 2809 2077 2864; x_wconf 84' lang='lat' dir='ltr'><strong>de-</strong></span> 
     </span>
    </p>
   </div>
   <div class='ocr_carea' id='block_1_34' title="bbox 487 2904 1998 2973">
    <p class='ocr_par' dir='ltr' id='par_1_34' title="bbox 487 2904 1998 2973">
     <span class='ocr_line' id='line_1_34' title="bbox 487 2904 1998 2973; baseline -0.004 -13"><span class='ocrx_word' id='word_1_243' title='bbox 487 2920 593 2960; x_wconf 87' lang='lat' dir='ltr'><strong>nuo</strong></span> <span class='ocrx_word' id='word_1_244' title='bbox 630 2918 799 2958; x_wconf 79' lang='lat' dir='ltr'><strong>annus</strong></span> <span class='ocrx_word' id='word_1_245' title='bbox 832 2904 1059 2973; x_wconf 72' lang='lat' dir='ltr'><strong>primus.</strong></span> <span class='ocrx_word' id='word_1_246' title='bbox 1991 2946 1998 2954; x_wconf 96' lang='lat'><strong>.</strong></span> 
     </span>
    </p>
   </div>
   <div class='ocr_carea' id='block_1_35' title="bbox 559 2982 2091 3065">
    <p class='ocr_par' dir='ltr' id='par_1_35' title="bbox 559 2982 2091 3065">
     <span class='ocr_line' id='line_1_35' title="bbox 559 2982 2091 3065; baseline 0 -13"><span class='ocrx_word' id='word_1_247' title='bbox 559 2996 674 3053; x_wconf 85' lang='lat' dir='ltr'><strong>Hoc</strong></span> <span class='ocrx_word' id='word_1_248' title='bbox 701 3011 846 3065; x_wconf 85' lang='lat' dir='ltr'><strong>anno</strong></span> <span class='ocrx_word' id='word_1_249' title='bbox 871 2994 1188 3065; x_wconf 79' lang='lat' dir='ltr'><strong>imperatrix</strong></span> <span class='ocrx_word' id='word_1_250' title='bbox 1222 2992 1380 3050; x_wconf 88' lang='lat' dir='ltr'><strong>lrene</strong></span> <span class='ocrx_word' id='word_1_251' title='bbox 1412 2993 1642 3065; x_wconf 88' lang='lat' dir='ltr'><strong>imperio</strong></span> <span class='ocrx_word' id='word_1_252' title='bbox 1673 2994 1868 3065; x_wconf 91' lang='lat' dir='ltr'><strong>potita,</strong></span> <span class='ocrx_word' id='word_1_253' title='bbox 1908 2982 2091 3052; x_wconf 37' lang='lat' dir='ltr'><strong>Doro;</strong></span> 
     </span>
    </p>
   </div>
   <div class='ocr_carea' id='block_1_36' title="bbox 487 3059 2073 3170">
    <p class='ocr_par' dir='ltr' id='par_1_36' title="bbox 487 3059 2073 3170">
     <span class='ocr_line' id='line_1_36' title="bbox 487 3059 2073 3170; baseline -0.001 -26"><span class='ocrx_word' id='word_1_254' title='bbox 487 3089 695 3154; x_wconf 90' lang='lat' dir='ltr'><strong>theum,</strong></span> <span class='ocrx_word' id='word_1_255' title='bbox 730 3059 1132 3170; x_wconf 57' lang='lat' dir='ltr'><strong>Clirysopoleos</strong></span> <span class='ocrx_word' id='word_1_256' title='bbox 1163 3059 1539 3156; x_wconf 73' lang='lat' dir='ltr'><strong>praepositum,</strong></span> <span class='ocrx_word' id='word_1_257' title='bbox 1565 3087 1630 3151; x_wconf 74' lang='lat' dir='ltr'><strong>et;</strong></span> <span class='ocrx_word' id='word_1_258' title='bbox 1651 3059 2073 3144; x_wconf 83' lang='lat' dir='ltr'><strong>Constantinum</strong></span> 
     </span>
    </p>
   </div>
   <div class='ocr_carea' id='block_1_37' title="bbox 2252 1313 3784 1388">
    <p class='ocr_par' dir='ltr' id='par_1_37' title="bbox 2252 1313 3784 1388">
     <span class='ocr_line' id='line_1_37' title="bbox 2252 1313 3784 1388; baseline -0.001 -20"><span class='ocrx_word' id='word_1_259' title='bbox 2252 1315 2340 1385; x_wconf 84' lang='grc' dir='ltr'>Τῷ</span> <span class='ocrx_word' id='word_1_260' title='bbox 2372 1315 2416 1368; x_wconf 91' lang='grc' dir='ltr'>δ’</span> <span class='ocrx_word' id='word_1_261' title='bbox 2463 1313 2613 1386; x_wconf 85' lang='grc' dir='ltr'>αύτῷ</span> <span class='ocrx_word' id='word_1_262' title='bbox 2645 1314 2755 1369; x_wconf 80' lang='grc' dir='ltr'>ἔτει</span> <span class='ocrx_word' id='word_1_263' title='bbox 2789 1315 2888 1380; x_wconf 33' lang='grc' dir='ltr'>,καὶ</span> <span class='ocrx_word' id='word_1_264' title='bbox 2921 1317 2970 1371; x_wconf 85' lang='grc' dir='ltr'><strong>οἰ</strong></span> <span class='ocrx_word' id='word_1_265' title='bbox 3015 1317 3073 1369; x_wconf 82' lang='grc' dir='ltr'>ὲν</span> <span class='ocrx_word' id='word_1_266' title='bbox 3098 1318 3165 1388; x_wconf 80' lang='grc' dir='ltr'>τῇ</span> <span class='ocrx_word' id='word_1_267' title='bbox 3202 1315 3390 1388; x_wconf 79' lang='grc' dir='ltr'>Ῥώμῃ</span> <span class='ocrx_word' id='word_1_268' title='bbox 3413 1316 3458 1347; x_wconf 81' lang='lat'><strong>’°</strong></span> <span class='ocrx_word' id='word_1_269' title='bbox 3487 1314 3784 1383; x_wconf 78' lang='grc' dir='ltr'><strong>συγγενεῖς</strong></span> 
     </span>
    </p>
   </div>
   <div class='ocr_carea' id='block_1_38' title="bbox 2177 1395 3780 1480">
    <p class='ocr_par' dir='ltr' id='par_1_38' title="bbox 2177 1395 3780 1480">
     <span class='ocr_line' id='line_1_38' title="bbox 2177 1395 3780 1480; baseline -0.003 -19"><span class='ocrx_word' id='word_1_270' title='bbox 2177 1408 2272 1461; x_wconf 81' lang='grc' dir='ltr'>τοῦ</span> <span class='ocrx_word' id='word_1_271' title='bbox 2291 1408 2567 1480; x_wconf 79' lang='grc' dir='ltr'><strong>μακαρίου</strong></span> <span class='ocrx_word' id='word_1_272' title='bbox 2588 1409 2745 1462; x_wconf 87' lang='grc' dir='ltr'>πάπα</span> <span class='ocrx_word' id='word_1_273' title='bbox 2761 1408 3046 1479; x_wconf 86' lang='grc' dir='ltr'>Ἀδριανοῦ</span> <span class='ocrx_word' id='word_1_274' title='bbox 3067 1395 3500 1478; x_wconf 71' lang='grc' dir='ltr'>συγκινήσαντες</span> <span class='ocrx_word' id='word_1_275' title='bbox 3517 1406 3606 1459; x_wconf 81' lang='grc' dir='ltr'><strong>τὸν</strong></span> <span class='ocrx_word' id='word_1_276' title='bbox 3621 1405 3780 1470; x_wconf 78' lang='grc' dir='ltr'>λαὸν,</span> 
     </span>
    </p>
   </div>
   <div class='ocr_carea' id='block_1_39' title="bbox 2178 1501 3782 1572">
    <p class='ocr_par' dir='ltr' id='par_1_39' title="bbox 2178 1501 3782 1572">
     <span class='ocr_line' id='line_1_39' title="bbox 2178 1501 3782 1572; baseline -0.002 -18"><span class='ocrx_word' id='word_1_277' title='bbox 2178 1501 2515 1556; x_wconf 71' lang='grc' dir='ltr'><strong>ἐστασίασαν</strong></span> <span class='ocrx_word' id='word_1_278' title='bbox 2539 1501 2681 1556; x_wconf 83' lang='grc' dir='ltr'>κατὰ</span> <span class='ocrx_word' id='word_1_279' title='bbox 2703 1501 2932 1565; x_wconf 87' lang='grc' dir='ltr'>Λέοντος</span> <span class='ocrx_word' id='word_1_280' title='bbox 2960 1501 3056 1556; x_wconf 82' lang='grc' dir='ltr'>τοῦ</span> <span class='ocrx_word' id='word_1_281' title='bbox 3079 1504 3257 1565; x_wconf 84' lang='grc' dir='ltr'>πάπα,</span> <span class='ocrx_word' id='word_1_282' title='bbox 3277 1502 3374 1555; x_wconf 76' lang='grc' dir='ltr'><strong>καὶ</strong></span> <span class='ocrx_word' id='word_1_283' title='bbox 3398 1503 3782 1572; x_wconf 82' lang='grc' dir='ltr'>κρατήσαντες</span> 
     </span>
    </p>
   </div>
   <div class='ocr_carea' id='block_1_40' title="bbox 2180 1589 3784 1664">
    <p class='ocr_par' dir='ltr' id='par_1_40' title="bbox 2180 1589 3784 1664">
     <span class='ocr_line' id='line_1_40' title="bbox 2180 1589 3784 1664; baseline -0.001 -22"><span class='ocrx_word' id='word_1_284' title='bbox 2180 1589 2500 1658; x_wconf 77' lang='grc' dir='ltr'>ὲτύφλωσαν</span> <span class='ocrx_word' id='word_1_285' title='bbox 2557 1592 2756 1644; x_wconf 80' lang='grc' dir='ltr'>αὐτόν’</span> <span class='ocrx_word' id='word_1_286' title='bbox 2809 1593 2871 1646; x_wconf 88' lang='grc' dir='ltr'><strong>ού</strong></span> <span class='ocrx_word' id='word_1_287' title='bbox 2939 1593 3124 1663; x_wconf 83' lang='grc' dir='ltr'>μέντοι</span> <span class='ocrx_word' id='word_1_288' title='bbox 3175 1592 3517 1664; x_wconf 81' lang='grc' dir='ltr'><strong>ἠδυνήθησαν</strong></span> <span class='ocrx_word' id='word_1_289' title='bbox 3575 1591 3784 1653; x_wconf 81' lang='grc' dir='ltr'><strong>τελέως</strong></span> 
     </span>
    </p>
   </div>
   <div class='ocr_carea' id='block_1_41' title="bbox 2184 1668 3785 1757">
    <p class='ocr_par' dir='ltr' id='par_1_41' title="bbox 2184 1683 3785 1757">
     <span class='ocr_line' id='line_1_41' title="bbox 2184 1683 3785 1757; baseline 0.001 -22"><span class='ocrx_word' id='word_1_290' title='bbox 2184 1684 2372 1738; x_wconf 83' lang='grc' dir='ltr'>σϐέσαι</span> <span class='ocrx_word' id='word_1_291' title='bbox 2405 1685 2468 1738; x_wconf 83' lang='grc' dir='ltr'><strong>τὸ</strong></span> <span class='ocrx_word' id='word_1_292' title='bbox 2503 1683 2618 1756; x_wconf 84' lang='grc' dir='ltr'>φῶς</span> <span class='ocrx_word' id='word_1_293' title='bbox 2650 1686 2840 1753; x_wconf 80' lang='grc' dir='ltr'>αὐτοῦ,</span> <span class='ocrx_word' id='word_1_294' title='bbox 2869 1686 2979 1741; x_wconf 86' lang='grc' dir='ltr'><strong>τῶν</strong></span> <span class='ocrx_word' id='word_1_295' title='bbox 3009 1687 3408 1757; x_wconf 83' lang='grc' dir='ltr'>τυφλωσάντων</span> <span class='ocrx_word' id='word_1_296' title='bbox 3449 1685 3610 1739; x_wconf 67' lang='grc' dir='ltr'>αὐτὸν</span> <span class='ocrx_word' id='word_1_297' title='bbox 3653 1684 3785 1755; x_wconf 81' lang='grc' dir='ltr'>φιλ-</span> 
     </span>
    </p>
   </div>
   <div class='ocr_carea' id='block_1_42' title="bbox 2184 1776 3784 1853">
    <p class='ocr_par' dir='ltr' id='par_1_42' title="bbox 2184 1776 3784 1853">
     <span class='ocr_line' id='line_1_42' title="bbox 2184 1776 3784 1853; baseline 0 -23"><span class='ocrx_word' id='word_1_298' title='bbox 2184 1776 2490 1849; x_wconf 83' lang='grc' dir='ltr'>ανθρώπων</span> <span class='ocrx_word' id='word_1_299' title='bbox 2530 1779 2721 1846; x_wconf 77' lang='grc' dir='ltr'>δντων,</span> <span class='ocrx_word' id='word_1_300' title='bbox 2762 1781 2858 1835; x_wconf 79' lang='grc' dir='ltr'>καὶ</span> <span class='ocrx_word' id='word_1_301' title='bbox 2903 1780 3271 1853; x_wconf 15' lang='grc' dir='ltr'>φεισαμένωνν</span> <span class='ocrx_word' id='word_1_302' title='bbox 3299 1779 3467 1834; x_wconf 80' lang='grc' dir='ltr'>αὑτοῦ</span> <span class='ocrx_word' id='word_1_303' title='bbox 3498 1779 3566 1835; x_wconf 79' lang='grc'><strong>⁸⁸.</strong></span> <span class='ocrx_word' id='word_1_304' title='bbox 3611 1779 3673 1832; x_wconf 84' lang='grc' dir='ltr'>Ὀ</span> <span class='ocrx_word' id='word_1_305' title='bbox 3721 1777 3784 1830; x_wconf 78' lang='grc' dir='ltr'><strong>δὲ</strong></span> 
     </span>
    </p>
   </div>
   <div class='ocr_carea' id='block_1_43' title="bbox 2187 1869 3786 1948">
    <p class='ocr_par' dir='ltr' id='par_1_43' title="bbox 2187 1869 3786 1948">
     <span class='ocr_line' id='line_1_43' title="bbox 2187 1869 3786 1948; baseline 0 -23"><span class='ocrx_word' id='word_1_306' title='bbox 2187 1872 2523 1944; x_wconf 79' lang='grc' dir='ltr'>προσφυγὼν</span> <span class='ocrx_word' id='word_1_307' title='bbox 2553 1869 2642 1943; x_wconf 66' lang='grc' dir='ltr'><strong>’τῷ</strong></span> <span class='ocrx_word' id='word_1_308' title='bbox 2684 1876 2814 1946; x_wconf 81' lang='grc' dir='ltr'><strong>ρηγί</strong></span> <span class='ocrx_word' id='word_1_309' title='bbox 2845 1874 2955 1928; x_wconf 84' lang='grc' dir='ltr'>τῶν</span> <span class='ocrx_word' id='word_1_310' title='bbox 2994 1875 3264 1948; x_wconf 80' lang='grc' dir='ltr'>Φράγγων</span> <span class='ocrx_word' id='word_1_311' title='bbox 3304 1874 3596 1945; x_wconf 82' lang='grc' dir='ltr'>Καρούλῳ,</span> <span class='ocrx_word' id='word_1_312' title='bbox 3630 1872 3786 1944; x_wconf 72' lang='grc' dir='ltr'>ἠμύ-</span> 
     </span>
    </p>
   </div>
   <div class='ocr_carea' id='block_1_44' title="bbox 2187 1964 3783 2039">
    <p class='ocr_par' dir='ltr' id='par_1_44' title="bbox 2187 1964 3783 2039">
     <span class='ocr_line' id='line_1_44' title="bbox 2187 1964 3783 2039; baseline -0.001 -21"><span class='ocrx_word' id='word_1_313' title='bbox 2187 1981 2314 2018; x_wconf 85' lang='grc' dir='ltr'>νατο</span> <span class='ocrx_word' id='word_1_314' title='bbox 2337 1965 2461 2026; x_wconf 80' lang='grc' dir='ltr'>τοὺς</span> <span class='ocrx_word' id='word_1_315' title='bbox 2496 1964 2727 2036; x_wconf 74' lang='grc' dir='ltr'>ἐχθροὺς</span> <span class='ocrx_word' id='word_1_316' title='bbox 2763 1965 2930 2019; x_wconf 82' lang='grc' dir='ltr'>αὐτοῦ</span> <span class='ocrx_word' id='word_1_317' title='bbox 2952 1968 2998 2000; x_wconf 83' lang='grc'><strong>⁹¹</strong></span> <span class='ocrx_word' id='word_1_318' title='bbox 3028 1967 3266 2039; x_wconf 79' lang='grc' dir='ltr'><strong>πικρῶς,</strong></span> <span class='ocrx_word' id='word_1_319' title='bbox 3309 1967 3404 2020; x_wconf 73' lang='grc' dir='ltr'><strong>καὶ</strong></span> <span class='ocrx_word' id='word_1_320' title='bbox 3435 1966 3596 2020; x_wconf 82' lang='grc' dir='ltr'>πάλιν</span> <span class='ocrx_word' id='word_1_321' title='bbox 3628 1966 3783 2019; x_wconf 83' lang='grc' dir='ltr'>ἀπο-</span> 
     </span>
    </p>
   </div>
   <div class='ocr_carea' id='block_1_45' title="bbox 2187 2053 3785 2133">
    <p class='ocr_par' dir='ltr' id='par_1_45' title="bbox 2187 2053 3785 2133">
     <span class='ocr_line' id='line_1_45' title="bbox 2187 2053 3785 2133; baseline 0.001 -22"><span class='ocrx_word' id='word_1_322' title='bbox 2187 2059 2526 2130; x_wconf 81' lang='grc' dir='ltr'>κατέστησεν</span> <span class='ocrx_word' id='word_1_323' title='bbox 2555 2060 2600 2093; x_wconf 76' lang='grc'><strong>’³</strong></span> <span class='ocrx_word' id='word_1_324' title='bbox 2629 2053 2795 2115; x_wconf 82' lang='grc' dir='ltr'>αὐτὸν</span> <span class='ocrx_word' id='word_1_325' title='bbox 2826 2065 2906 2127; x_wconf 88' lang='grc' dir='ltr'><strong>είς</strong></span> <span class='ocrx_word' id='word_1_326' title='bbox 2943 2061 3033 2117; x_wconf 80' lang='grc' dir='ltr'><strong>τὸν</strong></span> <span class='ocrx_word' id='word_1_327' title='bbox 3064 2063 3196 2118; x_wconf 84' lang='grc' dir='ltr'>ῐδιον</span> <span class='ocrx_word' id='word_1_328' title='bbox 3227 2061 3439 2133; x_wconf 86' lang='grc' dir='ltr'>θρόνον,</span> <span class='ocrx_word' id='word_1_329' title='bbox 3468 2059 3785 2132; x_wconf 80' lang='grc' dir='ltr'>γενομένης</span> 
     </span>
    </p>
   </div>
   <div class='ocr_carea' id='block_1_46' title="bbox 2184 2142 3786 2225">
    <p class='ocr_par' dir='ltr' id='par_1_46' title="bbox 2184 2142 3786 2225">
     <span class='ocr_line' id='line_1_46' title="bbox 2184 2142 3786 2225; baseline 0.001 -22"><span class='ocrx_word' id='word_1_330' title='bbox 2184 2153 2284 2221; x_wconf 79' lang='grc' dir='ltr'>τῆς</span> <span class='ocrx_word' id='word_1_331' title='bbox 2318 2152 2539 2223; x_wconf 81' lang='grc' dir='ltr'>Ῥώμης</span> <span class='ocrx_word' id='word_1_332' title='bbox 2567 2152 2661 2206; x_wconf 84' lang='grc' dir='ltr'><strong>ἀπ’</strong></span> <span class='ocrx_word' id='word_1_333' title='bbox 2709 2154 2924 2208; x_wconf 77' lang='grc' dir='ltr'>ἐκείνου</span> <span class='ocrx_word' id='word_1_334' title='bbox 2957 2154 3051 2208; x_wconf 86' lang='grc' dir='ltr'>τοῦ</span> <span class='ocrx_word' id='word_1_335' title='bbox 3078 2154 3121 2187; x_wconf 70' lang='grc'><strong>⁸³</strong></span> <span class='ocrx_word' id='word_1_336' title='bbox 3155 2142 3352 2225; x_wconf 80' lang='grc' dir='ltr'>καιροῦ</span> <span class='ocrx_word' id='word_1_337' title='bbox 3383 2144 3489 2208; x_wconf 57' lang='lat' dir='ltr'><strong>uno</strong></span> <span class='ocrx_word' id='word_1_338' title='bbox 3532 2153 3632 2224; x_wconf 84' lang='grc' dir='ltr'><strong>τὴν</strong></span> <span class='ocrx_word' id='word_1_339' title='bbox 3685 2153 3786 2220; x_wconf 63' lang='grc' dir='ltr'><strong>ἐξ»</strong></span> 
     </span>
    </p>
   </div>
   <div class='ocr_carea' id='block_1_47' title="bbox 2183 2245 3784 2319">
    <p class='ocr_par' dir='ltr' id='par_1_47' title="bbox 2183 2245 3784 2319">
     <span class='ocr_line' id='line_1_47' title="bbox 2183 2245 3784 2319; baseline 0.002 -23"><span class='ocrx_word' id='word_1_340' title='bbox 2183 2245 2374 2298; x_wconf 83' lang='grc' dir='ltr'>ουσίαν</span> <span class='ocrx_word' id='word_1_341' title='bbox 2415 2246 2522 2299; x_wconf 82' lang='grc' dir='ltr'><strong>τῶν</strong></span> <span class='ocrx_word' id='word_1_342' title='bbox 2566 2247 2858 2317; x_wconf 83' lang='grc' dir='ltr'>Φράγγων.</span> <span class='ocrx_word' id='word_1_343' title='bbox 2904 2248 2963 2302; x_wconf 86' lang='lat'><strong>&#39;0</strong></span> <span class='ocrx_word' id='word_1_344' title='bbox 3012 2249 3068 2302; x_wconf 76' lang='grc' dir='ltr'>δὲ</span> <span class='ocrx_word' id='word_1_345' title='bbox 3109 2250 3201 2304; x_wconf 74' lang='grc' dir='ltr'><strong>τὸν</strong></span> <span class='ocrx_word' id='word_1_346' title='bbox 3232 2249 3516 2319; x_wconf 82' lang='grc' dir='ltr'>Κάρουλον</span> <span class='ocrx_word' id='word_1_347' title='bbox 3545 2246 3784 2318; x_wconf 77' lang='grc' dir='ltr'>ἀμειϐό-</span> 
     </span>
    </p>
   </div>
   <div class='ocr_carea' id='block_1_48' title="bbox 2187 2339 3786 2414">
    <p class='ocr_par' dir='ltr' id='par_1_48' title="bbox 2187 2339 3786 2414">
     <span class='ocr_line' id='line_1_48' title="bbox 2187 2339 3786 2414; baseline 0.001 -22"><span class='ocrx_word' id='word_1_348' title='bbox 2187 2357 2367 2411; x_wconf 86' lang='grc' dir='ltr'>μενος,</span> <span class='ocrx_word' id='word_1_349' title='bbox 2411 2340 2636 2411; x_wconf 70' lang='grc' dir='ltr'>ἒστεψεν</span> <span class='ocrx_word' id='word_1_350' title='bbox 2690 2343 2852 2397; x_wconf 69' lang='grc' dir='ltr'>αὑτὸν</span> <span class='ocrx_word' id='word_1_351' title='bbox 2891 2344 2973 2407; x_wconf 81' lang='grc' dir='ltr'><strong>εἰς</strong></span> <span class='ocrx_word' id='word_1_352' title='bbox 3011 2343 3236 2414; x_wconf 84' lang='grc' dir='ltr'>βασιλέα</span> <span class='ocrx_word' id='word_1_353' title='bbox 3277 2342 3564 2414; x_wconf 87' lang='grc' dir='ltr'>Ῥωμαίων</span> <span class='ocrx_word' id='word_1_354' title='bbox 3608 2344 3668 2395; x_wconf 82' lang='grc' dir='ltr'>ὲν</span> <span class='ocrx_word' id='word_1_355' title='bbox 3697 2339 3786 2411; x_wconf 83' lang='grc' dir='ltr'>τῷ</span> 
     </span>
    </p>
   </div>
   <div class='ocr_carea' id='block_1_49' title="bbox 2183 2431 3786 2506">
    <p class='ocr_par' dir='ltr' id='par_1_49' title="bbox 2183 2431 3786 2506">
     <span class='ocr_line' id='line_1_49' title="bbox 2183 2431 3786 2506; baseline 0.003 -22"><span class='ocrx_word' id='word_1_356' title='bbox 2183 2431 2296 2502; x_wconf 77' lang='grc' dir='ltr'>ναῷ</span> <span class='ocrx_word' id='word_1_357' title='bbox 2350 2432 2442 2485; x_wconf 76' lang='grc' dir='ltr'>τοῦ</span> <span class='ocrx_word' id='word_1_358' title='bbox 2487 2432 2659 2500; x_wconf 45' lang='grc' dir='ltr'>ἁγίου,</span> <span class='ocrx_word' id='word_1_359' title='bbox 2711 2434 3043 2489; x_wconf 87' lang='grc' dir='ltr'>Ἀποστόλου</span> <span class='ocrx_word' id='word_1_360' title='bbox 3096 2436 3324 2506; x_wconf 83' lang='grc' dir='ltr'>Πέτρου,</span> <span class='ocrx_word' id='word_1_361' title='bbox 3372 2437 3568 2506; x_wconf 76' lang='grc' dir='ltr'>χρίσας</span> <span class='ocrx_word' id='word_1_362' title='bbox 3608 2435 3786 2506; x_wconf 78' lang='grc' dir='ltr'>ἐλαίῳ</span> 
     </span>
    </p>
   </div>
   <div class='ocr_carea' id='block_1_50' title="bbox 2184 2525 3784 2600">
    <p class='ocr_par' dir='ltr' id='par_1_50' title="bbox 2184 2525 3784 2600">
     <span class='ocr_line' id='line_1_50' title="bbox 2184 2525 3784 2600; baseline 0.002 -22"><span class='ocrx_word' id='word_1_363' title='bbox 2184 2525 2294 2578; x_wconf 83' lang='grc' dir='ltr'><strong>ἀπὸ</strong></span> <span class='ocrx_word' id='word_1_364' title='bbox 2325 2527 2568 2597; x_wconf 81' lang='grc' dir='ltr'>κεφαλῆς</span> <span class='ocrx_word' id='word_1_365' title='bbox 2602 2528 2648 2559; x_wconf 73' lang='grc'><strong>⁸⁸</strong></span> <span class='ocrx_word' id='word_1_366' title='bbox 2680 2527 2786 2592; x_wconf 75' lang='grc' dir='ltr'>ἕως</span> <span class='ocrx_word' id='word_1_367' title='bbox 2821 2528 2998 2582; x_wconf 81' lang='grc' dir='ltr'>ποδῶν</span> <span class='ocrx_word' id='word_1_368' title='bbox 3029 2528 3166 2600; x_wconf 88' lang='lat'><strong>(99),</strong></span> <span class='ocrx_word' id='word_1_369' title='bbox 3203 2531 3298 2583; x_wconf 69' lang='grc' dir='ltr'>καὶ</span> <span class='ocrx_word' id='word_1_370' title='bbox 3330 2529 3643 2600; x_wconf 84' lang='grc' dir='ltr'>περιϐαλὼν</span> <span class='ocrx_word' id='word_1_371' title='bbox 3675 2527 3784 2598; x_wconf 87' lang='grc' dir='ltr'><strong>βα-</strong></span> 
     </span>
    </p>
   </div>
   <div class='ocr_carea' id='block_1_51' title="bbox 2185 2618 3782 2694">
    <p class='ocr_par' dir='ltr' id='par_1_51' title="bbox 2185 2618 3782 2694">
     <span class='ocr_line' id='line_1_51' title="bbox 2185 2618 3782 2694; baseline 0.002 -23"><span class='ocrx_word' id='word_1_372' title='bbox 2185 2618 2400 2688; x_wconf 82' lang='grc' dir='ltr'>σιλικὴν</span> <span class='ocrx_word' id='word_1_373' title='bbox 2433 2619 2635 2690; x_wconf 76' lang='grc' dir='ltr'>ἐσθῆτα</span> <span class='ocrx_word' id='word_1_374' title='bbox 2670 2620 2765 2673; x_wconf 67' lang='grc' dir='ltr'><strong>καὶ</strong></span> <span class='ocrx_word' id='word_1_375' title='bbox 2813 2621 3032 2691; x_wconf 84' lang='grc' dir='ltr'>στέφος,</span> <span class='ocrx_word' id='word_1_376' title='bbox 3076 2621 3207 2694; x_wconf 75' lang='grc' dir='ltr'>μηνὶ</span> <span class='ocrx_word' id='word_1_377' title='bbox 3244 2621 3563 2694; x_wconf 87' lang='grc' dir='ltr'>Δεκεμϐρίῳ</span> <span class='ocrx_word' id='word_1_378' title='bbox 3589 2622 3636 2655; x_wconf 75' lang='grc'>’⁸</span> <span class='ocrx_word' id='word_1_379' title='bbox 3671 2627 3782 2688; x_wconf 84' lang='grc' dir='ltr'>κε’,</span> 
     </span>
    </p>
   </div>
   <div class='ocr_carea' id='block_1_52' title="bbox 2185 2711 2841 2785">
    <p class='ocr_par' dir='ltr' id='par_1_52' title="bbox 2185 2711 2841 2785">
     <span class='ocr_line' id='line_1_52' title="bbox 2185 2711 2841 2785; baseline 0.005 -21"><span class='ocrx_word' id='word_1_380' title='bbox 2185 2711 2484 2766; x_wconf 85' lang='grc' dir='ltr'>ἰνδικτιῶνι</span> <span class='ocrx_word' id='word_1_381' title='bbox 2512 2713 2710 2784; x_wconf 81' lang='grc' dir='ltr'>ὲννάτῃ</span> <span class='ocrx_word' id='word_1_382' title='bbox 2741 2713 2841 2785; x_wconf 89' lang='lat' dir='ltr'><strong>(l).</strong></span> 
     </span>
    </p>
   </div>
   <div class='ocr_carea' id='block_1_53' title="bbox 2251 2803 3782 2882">
    <p class='ocr_par' dir='ltr' id='par_1_53' title="bbox 2251 2803 3782 2882">
     <span class='ocr_line' id='line_1_53' title="bbox 2251 2803 3782 2882; baseline 0.011 -23"><span class='ocrx_word' id='word_1_383' title='bbox 2251 2806 2316 2860; x_wconf 86' lang='lat' dir='ltr'><strong>A.</strong></span> <span class='ocrx_word' id='word_1_384' title='bbox 2359 2803 2430 2859; x_wconf 86' lang='lat' dir='ltr'><strong>M.</strong></span> <span class='ocrx_word' id='word_1_385' title='bbox 2458 2804 2620 2862; x_wconf 75' lang='lat'><strong>6290.</strong></span> <span class='ocrx_word' id='word_1_386' title='bbox 2650 2837 2719 2847; x_wconf 87' lang='grc'><strong><em>-</em></strong></span> <span class='ocrx_word' id='word_1_387' title='bbox 2756 2805 3061 2877; x_wconf 80' lang='grc' dir='ltr'>Ῥωμαίων</span> <span class='ocrx_word' id='word_1_388' title='bbox 3088 2807 3477 2882; x_wconf 76' lang='grc' dir='ltr'>,ϐασιλίσσης</span> <span class='ocrx_word' id='word_1_389' title='bbox 3511 2808 3782 2878; x_wconf 78' lang='grc' dir='ltr'>Ειρήνης</span> 
     </span>
    </p>
   </div>
   <div class='ocr_carea' id='block_1_54' title="bbox 2181 2895 3241 2963">
    <p class='ocr_par' dir='ltr' id='par_1_54' title="bbox 2181 2895 3241 2963">
     <span class='ocr_line' id='line_1_54' title="bbox 2181 2895 3241 2963; baseline 0.008 -14"><span class='ocrx_word' id='word_1_390' title='bbox 2181 2895 2369 2950; x_wconf 76' lang='grc' dir='ltr'>πάλιν</span> <span class='ocrx_word' id='word_1_391' title='bbox 2397 2897 2533 2963; x_wconf 80' lang='grc' dir='ltr'>ἔτος</span> <span class='ocrx_word' id='word_1_392' title='bbox 2555 2895 2628 2952; x_wconf 90' lang='lat' dir='ltr'><strong>a&#39;.</strong></span> <span class='ocrx_word' id='word_1_393' title='bbox 3054 2937 3056 2939; x_wconf 64' lang='grc'><strong>›</strong></span> <span class='ocrx_word' id='word_1_394' title='bbox 3238 2956 3241 2958; x_wconf 77' lang='lat'><strong>.</strong></span> 
     </span>
    </p>
   </div>
   <div class='ocr_carea' id='block_1_55' title="bbox 2253 2989 3780 3065">
    <p class='ocr_par' dir='ltr' id='par_1_55' title="bbox 2253 2989 3780 3065">
     <span class='ocr_line' id='line_1_55' title="bbox 2253 2989 3780 3065; baseline 0.003 -23"><span class='ocrx_word' id='word_1_395' title='bbox 2253 2989 2442 3062; x_wconf 82' lang='grc' dir='ltr'>Τούτῳ</span> <span class='ocrx_word' id='word_1_396' title='bbox 2473 2990 2550 3060; x_wconf 81' lang='grc' dir='ltr'>τῷ</span> <span class='ocrx_word' id='word_1_397' title='bbox 2581 2991 2693 3046; x_wconf 77' lang='grc' dir='ltr'>ἔτει</span> <span class='ocrx_word' id='word_1_398' title='bbox 2731 2992 3058 3064; x_wconf 84' lang='grc' dir='ltr'>κρατήσασα</span> <span class='ocrx_word' id='word_1_399' title='bbox 3098 2994 3307 3065; x_wconf 83' lang='grc' dir='ltr'>Εἰρήνη</span> <span class='ocrx_word' id='word_1_400' title='bbox 3330 2995 3430 3064; x_wconf 78' lang='grc' dir='ltr'><strong>τὴν</strong></span> <span class='ocrx_word' id='word_1_401' title='bbox 3468 2993 3780 3062; x_wconf 78' lang='grc' dir='ltr'>βασιλείαν,</span> 
     </span>
    </p>
   </div>
   <div class='ocr_carea' id='block_1_56' title="bbox 2180 3083 3782 3158">
    <p class='ocr_par' dir='ltr' id='par_1_56' title="bbox 2180 3083 3782 3158">
     <span class='ocr_line' id='line_1_56' title="bbox 2180 3083 3782 3158; baseline 0.001 -22"><span class='ocrx_word' id='word_1_402' title='bbox 2180 3083 2498 3152; x_wconf 83' lang='grc' dir='ltr'>παραυτίκα</span> <span class='ocrx_word' id='word_1_403' title='bbox 2524 3085 2845 3139; x_wconf 85' lang='grc' dir='ltr'>ἀποστέλλει</span> <span class='ocrx_word' id='word_1_404' title='bbox 2865 3085 3144 3157; x_wconf 78' lang='grc' dir='ltr'>Δωρόθεον</span> <span class='ocrx_word' id='word_1_405' title='bbox 3174 3087 3266 3140; x_wconf 87' lang='grc' dir='ltr'>τὸν</span> <span class='ocrx_word' id='word_1_406' title='bbox 3291 3086 3599 3158; x_wconf 84' lang='grc' dir='ltr'>ἡγούμενον</span> <span class='ocrx_word' id='word_1_407' title='bbox 3624 3087 3782 3156; x_wconf 84' lang='grc' dir='ltr'>Χρυ-</span> 
     </span>
    </p>
   </div>
   <div class='ocr_carea' id='block_1_57' title="bbox 488 3175 2079 3262">
    <p class='ocr_par' dir='ltr' id='par_1_57' title="bbox 488 3177 2071 3262">
     <span class='ocr_line' id='line_1_57' title="bbox 488 3177 2071 3262; baseline 0.001 -28"><span class='ocrx_word' id='word_1_408' title='bbox 488 3180 699 3253; x_wconf 64' lang='lat' dir='ltr'><strong>Magna</strong></span> <span class='ocrx_word' id='word_1_409' title='bbox 769 3179 1016 3262; x_wconf 67' lang='lat' dir='ltr'><strong>ecclesiae</strong></span> <span class='ocrx_word' id='word_1_410' title='bbox 1076 3177 1581 3250; x_wconf 80' lang='lat' dir='ltr'><strong>chartOpbylacem,</strong></span> <span class='ocrx_word' id='word_1_411' title='bbox 1636 3180 1704 3235; x_wconf 89' lang='lat' dir='ltr'><strong>ad</strong></span> <span class='ocrx_word' id='word_1_412' title='bbox 1755 3180 2071 3238; x_wconf 83' lang='lat' dir='ltr'><strong>Abimelecb</strong></span> 
     </span>
    </p>
   </div>
   <div class='ocr_carea' id='block_1_58' title="bbox 2188 3175 3780 3262">
    <p class='ocr_par' dir='ltr' id='par_1_58' title="bbox 2188 3175 3780 3250">
     <span class='ocr_line' id='line_1_58' title="bbox 2188 3175 3780 3250; baseline 0 -20"><span class='ocrx_word' id='word_1_413' title='bbox 2188 3175 2450 3240; x_wconf 78' lang='grc' dir='ltr'>σοπόλεως</span> <span class='ocrx_word' id='word_1_414' title='bbox 2493 3175 2588 3231; x_wconf 81' lang='grc' dir='ltr'>καὶ</span> <span class='ocrx_word' id='word_1_415' title='bbox 2636 3179 3050 3233; x_wconf 83' lang='grc' dir='ltr'>Κωνσταντῖνον</span> <span class='ocrx_word' id='word_1_416' title='bbox 3079 3177 3469 3250; x_wconf 84' lang='grc' dir='ltr'>χαρτοφύλακα</span> <span class='ocrx_word' id='word_1_417' title='bbox 3514 3176 3614 3250; x_wconf 79' lang='grc' dir='ltr'>τῆς</span> <span class='ocrx_word' id='word_1_418' title='bbox 3649 3177 3780 3231; x_wconf 80' lang='lat' dir='ltr'><strong>Ms-</strong></span> 
     </span>
    </p>
   </div>
   <div class='ocr_carea' id='block_1_59' title="bbox 485 3248 2075 3346">
    <p class='ocr_par' dir='ltr' id='par_1_59' title="bbox 485 3248 2075 3346">
     <span class='ocr_line' id='line_1_59' title="bbox 485 3248 2075 3346; baseline 0.002 -17"><span class='ocrx_word' id='word_1_419' title='bbox 485 3248 916 3345; x_wconf 35' lang='lat' dir='ltr'><strong>Cappadociie’et</strong></span> <span class='ocrx_word' id='word_1_420' title='bbox 945 3272 1171 3327; x_wconf 63' lang='lat' dir='ltr'><strong>Galatia:</strong></span> <span class='ocrx_word' id='word_1_421' title='bbox 1192 3248 1800 3342; x_wconf 81' lang='lat' dir='ltr'><strong>provinciashostiliter</strong></span> <span class='ocrx_word' id='word_1_422' title='bbox 1829 3276 2075 3346; x_wconf 89' lang='lat' dir='ltr'><strong>depopu-</strong></span> 
     </span>
    </p>
   </div>
   <div class='ocr_carea' id='block_1_60' title="bbox 488 3366 2075 3438">
    <p class='ocr_par' dir='ltr' id='par_1_60' title="bbox 488 3366 2075 3438">
     <span class='ocr_line' id='line_1_60' title="bbox 488 3366 2075 3438; baseline 0.001 -16"><span class='ocrx_word' id='word_1_423' title='bbox 488 3369 714 3436; x_wconf 89' lang='lat' dir='ltr'><strong>lantem,</strong></span> <span class='ocrx_word' id='word_1_424' title='bbox 741 3366 810 3422; x_wconf 91' lang='lat' dir='ltr'><strong>de</strong></span> <span class='ocrx_word' id='word_1_425' title='bbox 839 3380 972 3436; x_wconf 85' lang='lat' dir='ltr'><strong>pace</strong></span> <span class='ocrx_word' id='word_1_426' title='bbox 992 3381 1117 3421; x_wconf 88' lang='lat' dir='ltr'><strong>cum</strong></span> <span class='ocrx_word' id='word_1_427' title='bbox 1144 3381 1211 3421; x_wconf 90' lang='lat' dir='ltr'><strong>eo</strong></span> <span class='ocrx_word' id='word_1_428' title='bbox 1244 3366 1624 3437; x_wconf 87' lang='lat' dir='ltr'><strong>componenda</strong></span> <span class='ocrx_word' id='word_1_429' title='bbox 1653 3366 1860 3438; x_wconf 79' lang='lat' dir='ltr'><strong>legatos</strong></span> <span class='ocrx_word' id='word_1_430' title='bbox 1891 3367 2075 3427; x_wconf 87' lang='lat' dir='ltr'><strong>misit:</strong></span> 
     </span>
    </p>
   </div>
   <div class='ocr_carea' id='block_1_61' title="bbox 485 3458 2078 3531">
    <p class='ocr_par' dir='ltr' id='par_1_61' title="bbox 485 3458 2078 3531">
     <span class='ocr_line' id='line_1_61' title="bbox 485 3458 2078 3531; baseline 0 -13"><span class='ocrx_word' id='word_1_431' title='bbox 485 3460 582 3518; x_wconf 87' lang='lat' dir='ltr'><strong>sed</strong></span> <span class='ocrx_word' id='word_1_432' title='bbox 631 3461 908 3516; x_wconf 85' lang='lat' dir='ltr'><strong>incassum</strong></span> <span class='ocrx_word' id='word_1_433' title='bbox 949 3458 1134 3516; x_wconf 86' lang='lat' dir='ltr'><strong>abiere</strong></span> <span class='ocrx_word' id='word_1_434' title='bbox 1162 3459 1230 3515; x_wconf 89' lang='lat' dir='ltr'><strong>de</strong></span> <span class='ocrx_word' id='word_1_435' title='bbox 1270 3474 1407 3531; x_wconf 85' lang='lat' dir='ltr'><strong>pace</strong></span> <span class='ocrx_word' id='word_1_436' title='bbox 1445 3468 1732 3516; x_wconf 85' lang='lat' dir='ltr'><strong>tractatus.</strong></span> <span class='ocrx_word' id='word_1_437' title='bbox 1782 3459 2078 3518; x_wconf 83' lang='lat' dir='ltr'><strong>Novembri</strong></span> 
     </span>
    </p>
   </div>
   <div class='ocr_carea' id='block_1_62' title="bbox 485 3553 2079 3626">
    <p class='ocr_par' dir='ltr' id='par_1_62' title="bbox 485 3553 2079 3626">
     <span class='ocr_line' id='line_1_62' title="bbox 485 3553 2079 3626; baseline 0.001 -16"><span class='ocrx_word' id='word_1_438' title='bbox 485 3569 677 3611; x_wconf 86' lang='lat' dir='ltr'><strong>mense</strong></span> <span class='ocrx_word' id='word_1_439' title='bbox 703 3553 951 3614; x_wconf 87' lang='lat' dir='ltr'><strong>nonnulli</strong></span> <span class='ocrx_word' id='word_1_440' title='bbox 988 3568 1172 3608; x_wconf 91' lang='lat' dir='ltr'><strong>rerum</strong></span> <span class='ocrx_word' id='word_1_441' title='bbox 1218 3553 1597 3609; x_wconf 79' lang='lat' dir='ltr'><strong>novandarum</strong></span> <span class='ocrx_word' id='word_1_442' title='bbox 1625 3555 1830 3626; x_wconf 90' lang='lat' dir='ltr'><strong>cupidi,</strong></span> <span class='ocrx_word' id='word_1_443' title='bbox 1857 3554 1953 3612; x_wconf 83' lang='lat' dir='ltr'><strong>ﬁlii</strong></span> <span class='ocrx_word' id='word_1_444' title='bbox 1984 3555 2079 3612; x_wconf 86' lang='lat' dir='ltr'><strong>Dei</strong></span> 
     </span>
    </p>
   </div>
   <div class='ocr_carea' id='block_1_63' title="bbox 487 3647 2075 3720">
    <p class='ocr_par' dir='ltr' id='par_1_63' title="bbox 487 3647 2075 3720">
     <span class='ocr_line' id='line_1_63' title="bbox 487 3647 2075 3720; baseline 0.001 -16"><span class='ocrx_word' id='word_1_445' title='bbox 487 3649 665 3706; x_wconf 91' lang='lat' dir='ltr'><strong>hostis</strong></span> <span class='ocrx_word' id='word_1_446' title='bbox 704 3647 1052 3704; x_wconf 88' lang='lat' dir='ltr'><strong>Constantini</strong></span> <span class='ocrx_word' id='word_1_447' title='bbox 1095 3648 1164 3702; x_wconf 90' lang='lat' dir='ltr'><strong>ad</strong></span> <span class='ocrx_word' id='word_1_448' title='bbox 1213 3648 1501 3719; x_wconf 66' lang='lat' dir='ltr'><strong>Therapia:</strong></span> <span class='ocrx_word' id='word_1_449' title='bbox 1536 3649 1802 3720; x_wconf 85' lang='lat' dir='ltr'><strong>palatium</strong></span> <span class='ocrx_word' id='word_1_450' title='bbox 1839 3651 1942 3707; x_wconf 92' lang='lat' dir='ltr'><strong>sub</strong></span> <span class='ocrx_word' id='word_1_451' title='bbox 1974 3666 2075 3708; x_wconf 89' lang='lat' dir='ltr'><strong>cu-</strong></span> 
     </span>
    </p>
   </div>
   <div class='ocr_carea' id='block_1_64' title="bbox 486 3737 2076 3812">
    <p class='ocr_par' dir='ltr' id='par_1_64' title="bbox 486 3737 2076 3812">
     <span class='ocr_line' id='line_1_64' title="bbox 486 3737 2076 3812; baseline 0.001 -15"><span class='ocrx_word' id='word_1_452' title='bbox 486 3741 661 3799; x_wconf 85' lang='lat' dir='ltr'><strong>stodia</strong></span> <span class='ocrx_word' id='word_1_453' title='bbox 687 3740 916 3805; x_wconf 86' lang='lat' dir='ltr'><strong>detenti,</strong></span> <span class='ocrx_word' id='word_1_454' title='bbox 941 3739 1007 3794; x_wconf 89' lang='lat' dir='ltr'><strong>ad</strong></span> <span class='ocrx_word' id='word_1_455' title='bbox 1039 3737 1299 3809; x_wconf 79' lang='lat' dir='ltr'><strong>Magnam</strong></span> <span class='ocrx_word' id='word_1_456' title='bbox 1328 3741 1614 3798; x_wconf 87' lang='lat' dir='ltr'><strong>ecclesiam</strong></span> <span class='ocrx_word' id='word_1_457' title='bbox 1641 3749 1699 3796; x_wconf 86' lang='lat' dir='ltr'><strong>ut</strong></span> <span class='ocrx_word' id='word_1_458' title='bbox 1726 3742 2076 3812; x_wconf 80' lang='lat' dir='ltr'><strong>confugiant,</strong></span> 
     </span>
    </p>
   </div>
   <div class='ocr_carea' id='block_1_65' title="bbox 486 3830 2074 3904">
    <p class='ocr_par' dir='ltr' id='par_1_65' title="bbox 486 3830 2074 3904">
     <span class='ocr_line' id='line_1_65' title="bbox 486 3830 2074 3904; baseline 0.001 -16"><span class='ocrx_word' id='word_1_459' title='bbox 486 3834 672 3904; x_wconf 89' lang='lat' dir='ltr'><strong>ibique</strong></span> <span class='ocrx_word' id='word_1_460' title='bbox 728 3832 962 3902; x_wconf 68' lang='lat' dir='ltr'><strong>propriae</strong></span> <span class='ocrx_word' id='word_1_461' title='bbox 1014 3830 1326 3900; x_wconf 81' lang='lat' dir='ltr'><strong>securitatis</strong></span> <span class='ocrx_word' id='word_1_462' title='bbox 1367 3831 1421 3885; x_wconf 92' lang='lat' dir='ltr'><strong>in</strong></span> <span class='ocrx_word' id='word_1_463' title='bbox 1474 3830 1716 3887; x_wconf 80' lang='lat' dir='ltr'><strong>futurum</strong></span> <span class='ocrx_word' id='word_1_464' title='bbox 1761 3834 2074 3890; x_wconf 89' lang='lat' dir='ltr'><strong>cautionem</strong></span> 
     </span>
    </p>
   </div>
   <div class='ocr_carea' id='block_1_66' title="bbox 488 3922 2074 3996">
    <p class='ocr_par' dir='ltr' id='par_1_66' title="bbox 488 3922 2074 3996">
     <span class='ocr_line' id='line_1_66' title="bbox 488 3922 2074 3996; baseline 0.001 -18"><span class='ocrx_word' id='word_1_465' title='bbox 488 3933 693 3996; x_wconf 88' lang='lat' dir='ltr'><strong>petant,</strong></span> <span class='ocrx_word' id='word_1_466' title='bbox 743 3932 800 3979; x_wconf 89' lang='lat' dir='ltr'><strong>ut</strong></span> <span class='ocrx_word' id='word_1_467' title='bbox 834 3922 1084 3979; x_wconf 88' lang='lat' dir='ltr'><strong>videlicet</strong></span> <span class='ocrx_word' id='word_1_468' title='bbox 1123 3922 1288 3991; x_wconf 90' lang='lat' dir='ltr'><strong>hujus</strong></span> <span class='ocrx_word' id='word_1_469' title='bbox 1328 3923 1406 3978; x_wconf 85' lang='lat' dir='ltr'><strong>rei</strong></span> <span class='ocrx_word' id='word_1_470' title='bbox 1457 3923 1687 3978; x_wconf 87' lang='lat' dir='ltr'><strong>obtentu</strong></span> <span class='ocrx_word' id='word_1_471' title='bbox 1731 3924 1969 3995; x_wconf 87' lang='lat' dir='ltr'><strong>aliquem</strong></span> <span class='ocrx_word' id='word_1_472' title='bbox 2006 3941 2074 3981; x_wconf 86' lang='lat' dir='ltr'><strong>ex</strong></span> 
     </span>
    </p>
   </div>
   <div class='ocr_carea' id='block_1_67' title="bbox 487 4015 2078 4089">
    <p class='ocr_par' dir='ltr' id='par_1_67' title="bbox 487 4015 2078 4089">
     <span class='ocr_line' id='line_1_67' title="bbox 487 4015 2078 4089; baseline 0.002 -18"><span class='ocrx_word' id='word_1_473' title='bbox 487 4019 568 4074; x_wconf 82' lang='lat' dir='ltr'><strong>eis</strong></span> <span class='ocrx_word' id='word_1_474' title='bbox 601 4017 984 4089; x_wconf 87' lang='lat' dir='ltr'><strong>imperatorem</strong></span> <span class='ocrx_word' id='word_1_475' title='bbox 1029 4015 1265 4087; x_wconf 89' lang='lat' dir='ltr'><strong>populus</strong></span> <span class='ocrx_word' id='word_1_476' title='bbox 1304 4015 1593 4081; x_wconf 86' lang='lat' dir='ltr'><strong>salutaret,</strong></span> <span class='ocrx_word' id='word_1_477' title='bbox 1630 4026 1885 4074; x_wconf 80' lang='lat' dir='ltr'><strong>auctores</strong></span> <span class='ocrx_word' id='word_1_478' title='bbox 1921 4018 2078 4074; x_wconf 82' lang='lat' dir='ltr'><strong>fiunt.</strong></span> 
     </span>
    </p>
   </div>
   <div class='ocr_carea' id='block_1_68' title="bbox 462 4109 2074 4184">
    <p class='ocr_par' dir='ltr' id='par_1_68' title="bbox 462 4109 2074 4184">
     <span class='ocr_line' id='line_1_68' title="bbox 462 4109 2074 4184; baseline 0.001 -18"><span class='ocrx_word' id='word_1_479' title='bbox 462 4112 699 4184; x_wconf 86' lang='lat' dir='ltr'><strong>.Populo</strong></span> <span class='ocrx_word' id='word_1_480' title='bbox 750 4111 917 4184; x_wconf 78' lang='lat' dir='ltr'><strong>igitur</strong></span> <span class='ocrx_word' id='word_1_481' title='bbox 954 4109 1237 4165; x_wconf 87' lang='lat' dir='ltr'><strong>turmatim</strong></span> <span class='ocrx_word' id='word_1_482' title='bbox 1290 4110 1355 4165; x_wconf 89' lang='lat' dir='ltr'><strong>ad</strong></span> <span class='ocrx_word' id='word_1_483' title='bbox 1394 4109 1686 4166; x_wconf 90' lang='lat' dir='ltr'><strong>ecclesiam</strong></span> <span class='ocrx_word' id='word_1_484' title='bbox 1724 4110 2034 4167; x_wconf 84' lang='lat' dir='ltr'><strong>conﬂuente</strong></span> <span class='ocrx_word' id='word_1_485' title='bbox 2059 4154 2074 4176; x_wconf 92' lang='lat'><strong>,</strong></span> 
     </span>
    </p>
   </div>
   <div class='ocr_carea' id='block_1_69' title="bbox 486 4200 2081 4273">
    <p class='ocr_par' dir='ltr' id='par_1_69' title="bbox 486 4200 2081 4273">
     <span class='ocr_line' id='line_1_69' title="bbox 486 4200 2081 4273; baseline 0.001 -15"><span class='ocrx_word' id='word_1_486' title='bbox 486 4203 678 4260; x_wconf 73' lang='lat' dir='ltr'><strong>Aetius</strong></span> <span class='ocrx_word' id='word_1_487' title='bbox 729 4202 1019 4258; x_wconf 87' lang='lat' dir='ltr'><strong>eunuchus</strong></span> <span class='ocrx_word' id='word_1_488' title='bbox 1056 4201 1359 4272; x_wconf 80' lang='lat' dir='ltr'><strong>ingressus,</strong></span> <span class='ocrx_word' id='word_1_489' title='bbox 1405 4200 1512 4258; x_wconf 84' lang='lat' dir='ltr'><strong>tide</strong></span> <span class='ocrx_word' id='word_1_490' title='bbox 1559 4201 1698 4273; x_wconf 88' lang='lat' dir='ltr'><strong>ipsis</strong></span> <span class='ocrx_word' id='word_1_491' title='bbox 1740 4202 1888 4266; x_wconf 85' lang='lat' dir='ltr'><strong>data,</strong></span> <span class='ocrx_word' id='word_1_492' title='bbox 1930 4203 2081 4260; x_wconf 81' lang='lat' dir='ltr'><strong>nullo</strong></span> 
     </span>
    </p>
   </div>
   <div class='ocr_carea' id='block_1_70' title="bbox 493 4282 2082 4364">
    <p class='ocr_par' dir='ltr' id='par_1_70' title="bbox 493 4282 2082 4364">
     <span class='ocr_line' id='line_1_70' title="bbox 493 4282 2082 4364; baseline 0.003 -16"><span class='ocrx_word' id='word_1_493' title='bbox 493 4294 856 4350; x_wconf 85' lang='lat' dir='ltr'><strong>incolumitati</strong></span> <span class='ocrx_word' id='word_1_494' title='bbox 908 4308 1098 4349; x_wconf 90' lang='lat' dir='ltr'><strong>eorum</strong></span> <span class='ocrx_word' id='word_1_495' title='bbox 1157 4293 1496 4364; x_wconf 85' lang='lat' dir='ltr'><strong>providente,</strong></span> <span class='ocrx_word' id='word_1_496' title='bbox 1548 4293 1696 4364; x_wconf 89' lang='lat' dir='ltr'><strong>ipsos</strong></span> <span class='ocrx_word' id='word_1_497' title='bbox 1753 4295 1965 4362; x_wconf 85' lang='lat' dir='ltr'><strong>eduxit,</strong></span> <span class='ocrx_word' id='word_1_498' title='bbox 2025 4282 2082 4352; x_wconf 81' lang='lat' dir='ltr'><strong>et</strong></span> 
     </span>
    </p>
   </div>
   <div class='ocr_carea' id='block_1_71' title="bbox 491 4385 2082 4458">
    <p class='ocr_par' dir='ltr' id='par_1_71' title="bbox 491 4385 2082 4458">
     <span class='ocr_line' id='line_1_71' title="bbox 491 4385 2082 4458; baseline 0.003 -15"><span class='ocrx_word' id='word_1_499' title='bbox 491 4389 738 4445; x_wconf 80' lang='lat' dir='ltr'><strong>Athenas</strong></span> <span class='ocrx_word' id='word_1_500' title='bbox 771 4387 987 4444; x_wconf 80' lang='lat' dir='ltr'><strong>exsules</strong></span> <span class='ocrx_word' id='word_1_501' title='bbox 1015 4385 1290 4458; x_wconf 88' lang='lat' dir='ltr'><strong>deportari</strong></span> <span class='ocrx_word' id='word_1_502' title='bbox 1326 4387 1630 4443; x_wconf 87' lang='lat' dir='ltr'><strong>commisit.</strong></span> <span class='ocrx_word' id='word_1_503' title='bbox 1667 4385 1938 4444; x_wconf 68' lang='lat' dir='ltr'><strong>Caeterum</strong></span> <span class='ocrx_word' id='word_1_504' title='bbox 1972 4388 2082 4446; x_wconf 90' lang='lat' dir='ltr'><strong>duo</strong></span> 
     </span>
    </p>
   </div>
   <div class='ocr_carea' id='block_1_72' title="bbox 2181 3269 3781 3344">
    <p class='ocr_par' dir='ltr' id='par_1_72' title="bbox 2181 3269 3781 3344">
     <span class='ocr_line' id='line_1_72' title="bbox 2181 3269 3781 3344; baseline 0.001 -19"><span class='ocrx_word' id='word_1_505' title='bbox 2181 3270 2358 3341; x_wconf 84' lang='grc' dir='ltr'>γάλης</span> <span class='ocrx_word' id='word_1_506' title='bbox 2411 3269 2738 3341; x_wconf 83' lang='grc' dir='ltr'>Ἐκκλησίας</span> <span class='ocrx_word' id='word_1_507' title='bbox 2786 3273 2924 3344; x_wconf 81' lang='grc' dir='ltr'>πρὸς</span> <span class='ocrx_word' id='word_1_508' title='bbox 3001 3271 3292 3344; x_wconf 82' lang='grc' dir='ltr'>Ἀϐιμέλεχ</span> <span class='ocrx_word' id='word_1_509' title='bbox 3341 3275 3661 3343; x_wconf 74' lang='grc' dir='ltr'>ληϊζόμενον</span> <span class='ocrx_word' id='word_1_510' title='bbox 3701 3272 3781 3328; x_wconf 76' lang='grc' dir='ltr'>τὰ</span> 
     </span>
    </p>
   </div>
   <div class='ocr_carea' id='block_1_73' title="bbox 2186 3364 3780 3438">
    <p class='ocr_par' dir='ltr' id='par_1_73' title="bbox 2186 3364 3780 3438">
     <span class='ocr_line' id='line_1_73' title="bbox 2186 3364 3780 3438; baseline 0.003 -21"><span class='ocrx_word' id='word_1_511' title='bbox 2186 3365 2330 3437; x_wconf 87' lang='grc' dir='ltr'>μέρη</span> <span class='ocrx_word' id='word_1_512' title='bbox 2390 3364 2788 3428; x_wconf 82' lang='grc' dir='ltr'>Καππαδοκίας</span> <span class='ocrx_word' id='word_1_513' title='bbox 2850 3366 2947 3420; x_wconf 83' lang='grc' dir='ltr'><strong>καὶ</strong></span> <span class='ocrx_word' id='word_1_514' title='bbox 2997 3366 3291 3432; x_wconf 84' lang='grc' dir='ltr'>Γαλατίας,</span> <span class='ocrx_word' id='word_1_515' title='bbox 3355 3365 3780 3438; x_wconf 82' lang='grc' dir='ltr'>πρεσϐευομένη</span> 
     </span>
    </p>
   </div>
   <div class='ocr_carea' id='block_1_74' title="bbox 2184 3457 3778 3532">
    <p class='ocr_par' dir='ltr' id='par_1_74' title="bbox 2184 3457 3778 3532">
     <span class='ocr_line' id='line_1_74' title="bbox 2184 3457 3778 3532; baseline -0.001 -20"><span class='ocrx_word' id='word_1_516' title='bbox 2184 3457 2319 3530; x_wconf 86' lang='grc' dir='ltr'><strong>περί</strong></span> <span class='ocrx_word' id='word_1_517' title='bbox 2356 3459 2581 3531; x_wconf 75' lang='grc' dir='ltr'>εἰρήνης</span> <span class='ocrx_word' id='word_1_518' title='bbox 2602 3476 2614 3488; x_wconf 72' lang='grc' dir='ltr'><strong>ο</strong></span> <span class='ocrx_word' id='word_1_519' title='bbox 2644 3460 2707 3513; x_wconf 86' lang='grc' dir='ltr'><strong>ού</strong></span> <span class='ocrx_word' id='word_1_520' title='bbox 2738 3458 2963 3529; x_wconf 89' lang='grc' dir='ltr'>γέγονεν</span> <span class='ocrx_word' id='word_1_521' title='bbox 2998 3459 3077 3527; x_wconf 86' lang='grc' dir='ltr'><strong>δὲ,</strong></span> <span class='ocrx_word' id='word_1_522' title='bbox 3109 3459 3204 3512; x_wconf 69' lang='grc' dir='ltr'>καὶ</span> <span class='ocrx_word' id='word_1_523' title='bbox 3227 3459 3272 3491; x_wconf 77' lang='grc'><strong>⁸⁷</strong></span> <span class='ocrx_word' id='word_1_524' title='bbox 3304 3459 3382 3532; x_wconf 81' lang='grc' dir='ltr'>τῷ</span> <span class='ocrx_word' id='word_1_525' title='bbox 3413 3459 3708 3532; x_wconf 86' lang='grc' dir='ltr'>Νοεμϐρίῳ</span> <span class='ocrx_word' id='word_1_526' title='bbox 3730 3460 3778 3494; x_wconf 75' lang='grc'><strong><em>’⁸</em></strong></span> 
     </span>
    </p>
   </div>
   <div class='ocr_carea' id='block_1_75' title="bbox 2188 3549 3780 3624">
    <p class='ocr_par' dir='ltr' id='par_1_75' title="bbox 2188 3549 3780 3624">
     <span class='ocr_line' id='line_1_75' title="bbox 2188 3549 3780 3624; baseline 0.001 -20"><span class='ocrx_word' id='word_1_527' title='bbox 2188 3551 2319 3622; x_wconf 75' lang='grc' dir='ltr'>μηνὶ</span> <span class='ocrx_word' id='word_1_528' title='bbox 2357 3553 2502 3616; x_wconf 81' lang='grc' dir='ltr'>τινὲς</span> <span class='ocrx_word' id='word_1_529' title='bbox 2533 3553 2889 3623; x_wconf 87' lang='grc' dir='ltr'>νεωτερισταί</span> <span class='ocrx_word' id='word_1_530' title='bbox 2916 3553 3346 3624; x_wconf 77' lang='grc' dir='ltr'>φρουρουμένοις</span> <span class='ocrx_word' id='word_1_531' title='bbox 3372 3555 3485 3616; x_wconf 84' lang='grc' dir='ltr'>τοῖς</span> <span class='ocrx_word' id='word_1_532' title='bbox 3513 3553 3649 3616; x_wconf 81' lang='grc' dir='ltr'>υἱοῖς</span> <span class='ocrx_word' id='word_1_533' title='bbox 3675 3549 3780 3607; x_wconf 76' lang='grc' dir='ltr'>τοῦ</span> 
     </span>
    </p>
   </div>
   <div class='ocr_carea' id='block_1_76' title="bbox 2187 3643 3780 3716">
    <p class='ocr_par' dir='ltr' id='par_1_76' title="bbox 2187 3643 3780 3716">
     <span class='ocr_line' id='line_1_76' title="bbox 2187 3643 3780 3716; baseline -0.001 -19"><span class='ocrx_word' id='word_1_534' title='bbox 2187 3643 2462 3715; x_wconf 71' lang='grc' dir='ltr'>θεομάχοι)</span> <span class='ocrx_word' id='word_1_535' title='bbox 2493 3644 2911 3698; x_wconf 84' lang='grc' dir='ltr'>Κωνσταντίνου</span> <span class='ocrx_word' id='word_1_536' title='bbox 2947 3645 3005 3696; x_wconf 82' lang='grc' dir='ltr'>ὲν</span> <span class='ocrx_word' id='word_1_537' title='bbox 3039 3643 3118 3714; x_wconf 84' lang='grc' dir='ltr'><strong>τῷ</strong></span> <span class='ocrx_word' id='word_1_538' title='bbox 3153 3643 3404 3716; x_wconf 85' lang='grc' dir='ltr'>παλατίῳ</span> <span class='ocrx_word' id='word_1_539' title='bbox 3442 3643 3551 3696; x_wconf 84' lang='grc' dir='ltr'>τῶν</span> <span class='ocrx_word' id='word_1_540' title='bbox 3593 3643 3780 3715; x_wconf 83' lang='grc' dir='ltr'>Θερα-</span> 
     </span>
    </p>
   </div>
   <div class='ocr_carea' id='block_1_77' title="bbox 2187 3734 3780 3808">
    <p class='ocr_par' dir='ltr' id='par_1_77' title="bbox 2187 3734 3780 3808">
     <span class='ocr_line' id='line_1_77' title="bbox 2187 3734 3780 3808; baseline -0.001 -19"><span class='ocrx_word' id='word_1_541' title='bbox 2187 3736 2370 3802; x_wconf 86' lang='grc' dir='ltr'>πείας,</span> <span class='ocrx_word' id='word_1_542' title='bbox 2413 3737 2697 3791; x_wconf 84' lang='grc' dir='ltr'>πείθουσιν</span> <span class='ocrx_word' id='word_1_543' title='bbox 2743 3737 2942 3801; x_wconf 81' lang='grc' dir='ltr'>αὐτοὺς</span> <span class='ocrx_word' id='word_1_544' title='bbox 2974 3737 3018 3771; x_wconf 73' lang='grc'><strong>’⁸</strong></span> <span class='ocrx_word' id='word_1_545' title='bbox 3050 3739 3393 3808; x_wconf 81' lang='grc' dir='ltr'>προσφυγεῖν</span> <span class='ocrx_word' id='word_1_546' title='bbox 3430 3739 3496 3808; x_wconf 76' lang='grc' dir='ltr'>τῇ</span> <span class='ocrx_word' id='word_1_547' title='bbox 3543 3734 3780 3808; x_wconf 79' lang='grc' dir='ltr'>Μεγάλῃ</span> 
     </span>
    </p>
   </div>
   <div class='ocr_carea' id='block_1_78' title="bbox 2183 3829 3782 3904">
    <p class='ocr_par' dir='ltr' id='par_1_78' title="bbox 2183 3829 3782 3904">
     <span class='ocr_line' id='line_1_78' title="bbox 2183 3829 3782 3904; baseline -0.001 -20"><span class='ocrx_word' id='word_1_548' title='bbox 2183 3830 2484 3903; x_wconf 75' lang='grc' dir='ltr'>Ἐκκλησία</span> <span class='ocrx_word' id='word_1_549' title='bbox 2523 3834 2562 3898; x_wconf 83' lang='grc'><strong>¹,</strong></span> <span class='ocrx_word' id='word_1_550' title='bbox 2625 3832 2719 3884; x_wconf 73' lang='grc' dir='ltr'><strong>καὶ</strong></span> <span class='ocrx_word' id='word_1_551' title='bbox 2752 3831 2912 3904; x_wconf 79' lang='grc' dir='ltr'>δῆθεν</span> <span class='ocrx_word' id='word_1_552' title='bbox 2961 3830 3290 3901; x_wconf 79' lang='grc' dir='ltr'>αἰτήσασθαι</span> <span class='ocrx_word' id='word_1_553' title='bbox 3341 3829 3642 3900; x_wconf 84' lang='grc' dir='ltr'>ἀσφάλειαν</span> <span class='ocrx_word' id='word_1_554' title='bbox 3674 3832 3782 3901; x_wconf 73' lang='grc' dir='ltr'>τῆς</span> 
     </span>
    </p>
   </div>
   <div class='ocr_carea' id='block_1_79' title="bbox 2186 3922 3779 3994">
    <p class='ocr_par' dir='ltr' id='par_1_79' title="bbox 2186 3922 3779 3994">
     <span class='ocr_line' id='line_1_79' title="bbox 2186 3922 3779 3994; baseline 0.001 -19"><span class='ocrx_word' id='word_1_555' title='bbox 2186 3922 2329 3992; x_wconf 84' lang='grc' dir='ltr'>μετὰ</span> <span class='ocrx_word' id='word_1_556' title='bbox 2357 3923 2532 3977; x_wconf 78' lang='grc' dir='ltr'>ταῦτα</span> <span class='ocrx_word' id='word_1_557' title='bbox 2568 3923 2865 3989; x_wconf 84' lang='grc' dir='ltr'>ἀϐλαϐείας</span> <span class='ocrx_word' id='word_1_558' title='bbox 2897 3924 3098 3989; x_wconf 83' lang='grc' dir='ltr'>αὐτῶν,</span> <span class='ocrx_word' id='word_1_559' title='bbox 3129 3925 3204 3988; x_wconf 89' lang='grc' dir='ltr'><strong>ώς</strong></span> <span class='ocrx_word' id='word_1_560' title='bbox 3233 3924 3321 3978; x_wconf 78' lang='grc' dir='ltr'><strong>διὰ</strong></span> <span class='ocrx_word' id='word_1_561' title='bbox 3355 3923 3610 3994; x_wconf 79' lang='grc' dir='ltr'>τοιαύτης</span> <span class='ocrx_word' id='word_1_562' title='bbox 3639 3941 3779 3993; x_wconf 81' lang='grc' dir='ltr'>προ-</span> 
     </span>
    </p>
   </div>
   <div class='ocr_carea' id='block_1_80' title="bbox 2186 4015 3778 4089">
    <p class='ocr_par' dir='ltr' id='par_1_80' title="bbox 2186 4015 3778 4089">
     <span class='ocr_line' id='line_1_80' title="bbox 2186 4015 3778 4089; baseline 0.001 -21"><span class='ocrx_word' id='word_1_563' title='bbox 2186 4015 2405 4086; x_wconf 85' lang='grc' dir='ltr'>φάσεως</span> <span class='ocrx_word' id='word_1_564' title='bbox 2429 4017 2796 4089; x_wconf 81' lang='grc' dir='ltr'>ἁναγορεῦσαι</span> <span class='ocrx_word' id='word_1_565' title='bbox 2820 4018 2880 4083; x_wconf 79' lang='grc' dir='ltr'>ἐξ</span> <span class='ocrx_word' id='word_1_566' title='bbox 2902 4017 3084 4072; x_wconf 85' lang='grc' dir='ltr'>αὐτῶν</span> <span class='ocrx_word' id='word_1_567' title='bbox 3107 4020 3125 4049; x_wconf 80' lang='grc'>³</span> <span class='ocrx_word' id='word_1_568' title='bbox 3150 4017 3395 4089; x_wconf 85' lang='grc' dir='ltr'>βασιλέα.</span> <span class='ocrx_word' id='word_1_569' title='bbox 3431 4019 3541 4071; x_wconf 75' lang='grc' dir='ltr'>Καὶ</span> <span class='ocrx_word' id='word_1_570' title='bbox 3573 4016 3778 4070; x_wconf 84' lang='grc' dir='ltr'>πολλοῦ</span> 
     </span>
    </p>
   </div>
   <div class='ocr_carea' id='block_1_81' title="bbox 2183 4107 3779 4183">
    <p class='ocr_par' dir='ltr' id='par_1_81' title="bbox 2183 4107 3779 4183">
     <span class='ocr_line' id='line_1_81' title="bbox 2183 4107 3779 4183; baseline 0.003 -23"><span class='ocrx_word' id='word_1_571' title='bbox 2183 4107 2317 4161; x_wconf 81' lang='grc' dir='ltr'>λαοῦ</span> <span class='ocrx_word' id='word_1_572' title='bbox 2342 4112 2400 4163; x_wconf 82' lang='grc' dir='ltr'>ὲν</span> <span class='ocrx_word' id='word_1_573' title='bbox 2422 4112 2488 4182; x_wconf 78' lang='grc' dir='ltr'>τῇ</span> <span class='ocrx_word' id='word_1_574' title='bbox 2515 4110 2783 4183; x_wconf 78' lang='grc' dir='ltr'>ἐκκλησίᾳ</span> <span class='ocrx_word' id='word_1_575' title='bbox 2800 4111 3265 4183; x_wconf 86' lang='grc' dir='ltr'>προσδραμόντος,</span> <span class='ocrx_word' id='word_1_576' title='bbox 3283 4111 3541 4165; x_wconf 86' lang='grc' dir='ltr'>εἰσελθὼν</span> <span class='ocrx_word' id='word_1_577' title='bbox 3567 4112 3779 4174; x_wconf 77' lang='grc' dir='ltr'>Ἀέτιος</span> 
     </span>
    </p>
   </div>
   <div class='ocr_carea' id='block_1_82' title="bbox 2184 4202 3780 4278">
    <p class='ocr_par' dir='ltr' id='par_1_82' title="bbox 2184 4202 3780 4278">
     <span class='ocr_line' id='line_1_82' title="bbox 2184 4202 3780 4278; baseline 0 -21"><span class='ocrx_word' id='word_1_578' title='bbox 2184 4203 2212 4257; x_wconf 83' lang='grc' dir='ltr'><strong>ὁ</strong></span> <span class='ocrx_word' id='word_1_579' title='bbox 2238 4202 2493 4275; x_wconf 80' lang='grc' dir='ltr'>εὐνοῦχος</span> <span class='ocrx_word' id='word_1_580' title='bbox 2514 4205 2805 4277; x_wconf 86' lang='grc' dir='ltr'>πατρίκιος</span> <span class='ocrx_word' id='word_1_581' title='bbox 2837 4205 3108 4276; x_wconf 76' lang='grc' dir='ltr'>ἐξήγαγεν</span> <span class='ocrx_word' id='word_1_582' title='bbox 3131 4206 3350 4272; x_wconf 80' lang='grc' dir='ltr'>αὐτοὺς,</span> <span class='ocrx_word' id='word_1_583' title='bbox 3372 4205 3515 4276; x_wconf 86' lang='grc' dir='ltr'>λόγῳ</span> <span class='ocrx_word' id='word_1_584' title='bbox 3545 4205 3780 4278; x_wconf 80' lang='grc' dir='ltr'>μηδενὸς</span> 
     </span>
    </p>
   </div>
   <div class='ocr_carea' id='block_1_83' title="bbox 2185 4296 3775 4372">
    <p class='ocr_par' dir='ltr' id='par_1_83' title="bbox 2185 4296 3775 4372">
     <span class='ocr_line' id='line_1_83' title="bbox 2185 4296 3775 4372; baseline 0.001 -23"><span class='ocrx_word' id='word_1_585' title='bbox 2185 4296 2368 4364; x_wconf 83' lang='grc' dir='ltr'>αὐτοῖς</span> <span class='ocrx_word' id='word_1_586' title='bbox 2401 4298 2756 4371; x_wconf 86' lang='grc' dir='ltr'>προσχόντος,</span> <span class='ocrx_word' id='word_1_587' title='bbox 2777 4298 2873 4353; x_wconf 73' lang='grc' dir='ltr'><strong>καὶ</strong></span> <span class='ocrx_word' id='word_1_588' title='bbox 2895 4298 3155 4372; x_wconf 68' lang='grc' dir='ltr'>ἐξώρισεν</span> <span class='ocrx_word' id='word_1_589' title='bbox 3185 4297 3384 4364; x_wconf 76' lang='grc' dir='ltr'>αὐτοὺς</span> <span class='ocrx_word' id='word_1_590' title='bbox 3408 4299 3489 4362; x_wconf 86' lang='grc' dir='ltr'><strong>εἰς</strong></span> <span class='ocrx_word' id='word_1_591' title='bbox 3513 4296 3775 4367; x_wconf 76' lang='grc' dir='ltr'>Ἀθήνας.</span> 
     </span>
    </p>
   </div>
   <div class='ocr_carea' id='block_1_84' title="bbox 2187 4389 3776 4466">
    <p class='ocr_par' dir='ltr' id='par_1_84' title="bbox 2187 4389 3776 4466">
     <span class='ocr_line' id='line_1_84' title="bbox 2187 4389 3776 4466; baseline -0.001 -20"><span class='ocrx_word' id='word_1_592' title='bbox 2187 4392 2252 4446; x_wconf 79' lang='lat' dir='ltr'><strong>Oi</strong></span> <span class='ocrx_word' id='word_1_593' title='bbox 2289 4392 2347 4446; x_wconf 81' lang='grc' dir='ltr'>δὲ</span> <span class='ocrx_word' id='word_1_594' title='bbox 2387 4390 2482 4446; x_wconf 87' lang='grc' dir='ltr'><strong>δύο</strong></span> <span class='ocrx_word' id='word_1_595' title='bbox 2520 4392 2823 4464; x_wconf 82' lang='grc' dir='ltr'>πατρίκιοι,</span> <span class='ocrx_word' id='word_1_596' title='bbox 2857 4393 2887 4448; x_wconf 79' lang='grc' dir='ltr'><strong>ὃ</strong></span> <span class='ocrx_word' id='word_1_597' title='bbox 2919 4409 2979 4448; x_wconf 81' lang='grc' dir='ltr'>τι</span> <span class='ocrx_word' id='word_1_598' title='bbox 3012 4391 3353 4466; x_wconf 85' lang='grc' dir='ltr'>Σταυράκιος</span> <span class='ocrx_word' id='word_1_599' title='bbox 3401 4394 3498 4446; x_wconf 69' lang='grc' dir='ltr'><strong>καὶ</strong></span> <span class='ocrx_word' id='word_1_600' title='bbox 3540 4389 3776 4458; x_wconf 78' lang='grc' dir='ltr'>Ἀέτιος,</span> 
     </span>
    </p>
   </div>
   <div class='ocr_carea' id='block_1_85' title="bbox 1770 4503 2508 4565">
    <p class='ocr_par' dir='ltr' id='par_1_85' title="bbox 1770 4503 2508 4565">
     <span class='ocr_line' id='line_1_85' title="bbox 1770 4503 2508 4565; baseline 0.009 -7"><span class='ocrx_word' id='word_1_601' title='bbox 1770 4503 2008 4560; x_wconf 66' lang='grc' dir='ltr'><strong>ΥΑΒΙΛΕ</strong></span> <span class='ocrx_word' id='word_1_602' title='bbox 2033 4505 2447 4565; x_wconf 85' lang='lat' dir='ltr'><strong>LECTIONES.</strong></span> <span class='ocrx_word' id='word_1_603' title='bbox 2502 4548 2508 4550; x_wconf 50' lang='grc' dir='ltr'><strong>μ</strong></span> 
     </span>
    </p>
   </div>
   <div class='ocr_carea' id='block_1_86' title="bbox 601 4595 2079 4676">
    <p class='ocr_par' dir='ltr' id='par_1_86' title="bbox 601 4595 2079 4676">
     <span class='ocr_line' id='line_1_86' title="bbox 601 4595 2079 4676; baseline 0.001 -26"><span class='ocrx_word' id='word_1_604' title='bbox 601 4599 646 4631; x_wconf 83' lang='grc'><strong>⁸⁹</strong></span> <span class='ocrx_word' id='word_1_605' title='bbox 674 4597 768 4651; x_wconf 80' lang='grc' dir='ltr'>τοῦ</span> <span class='ocrx_word' id='word_1_606' title='bbox 791 4596 915 4676; x_wconf 80' lang='lat' dir='ltr'><strong>add.</strong></span> <span class='ocrx_word' id='word_1_607' title='bbox 955 4610 1022 4676; x_wconf 77' lang='lat' dir='ltr'><strong>ex</strong></span> <span class='ocrx_word' id='word_1_608' title='bbox 1057 4595 1126 4649; x_wconf 80' lang='grc' dir='ltr'><strong>Α.</strong></span> <span class='ocrx_word' id='word_1_609' title='bbox 1173 4597 1249 4676; x_wconf 43' lang='grc'><strong>,⁸⁸</strong></span> <span class='ocrx_word' id='word_1_610' title='bbox 1282 4597 1341 4649; x_wconf 78' lang='grc' dir='ltr'>ὲν</span> <span class='ocrx_word' id='word_1_611' title='bbox 1364 4596 1432 4676; x_wconf 67' lang='grc' dir='ltr'>τῇ</span> <span class='ocrx_word' id='word_1_612' title='bbox 1475 4595 1662 4676; x_wconf 72' lang='grc' dir='ltr'>Ῥώμῃ</span> <span class='ocrx_word' id='word_1_613' title='bbox 1689 4597 1756 4676; x_wconf 86' lang='lat' dir='ltr'><strong>A_,</strong></span> <span class='ocrx_word' id='word_1_614' title='bbox 1785 4597 1887 4676; x_wconf 79' lang='grc' dir='ltr'>τῇς</span> <span class='ocrx_word' id='word_1_615' title='bbox 1924 4597 2079 4670; x_wconf 73' lang='grc' dir='ltr'>Ῥώμι</span> 
     </span>
    </p>
   </div>
   <div class='ocr_carea' id='block_1_87' title="bbox 2188 4595 3774 4676">
    <p class='ocr_par' dir='ltr' id='par_1_87' title="bbox 2188 4599 3774 4676">
     <span class='ocr_line' id='line_1_87' title="bbox 2188 4599 3774 4676; baseline 0.003 -22"><span class='ocrx_word' id='word_1_616' title='bbox 2188 4602 2341 4676; x_wconf 65' lang='lat' dir='ltr'><strong>i’_t_tlg._</strong></span> <span class='ocrx_word' id='word_1_617' title='bbox 2397 4602 2442 4634; x_wconf 83' lang='grc'>⁸¹</span> <span class='ocrx_word' id='word_1_618' title='bbox 2463 4602 2627 4657; x_wconf 85' lang='grc' dir='ltr'><strong>αύτοῦ</strong></span> <span class='ocrx_word' id='word_1_619' title='bbox 2665 4603 2732 4667; x_wconf 83' lang='grc' dir='ltr'><strong>Α.</strong></span> <span class='ocrx_word' id='word_1_620' title='bbox 2763 4601 2913 4676; x_wconf 86' lang='grc' dir='ltr'>αύτῴ</span> <span class='ocrx_word' id='word_1_621' title='bbox 2953 4607 3098 4676; x_wconf 82' lang='lat' dir='ltr'><strong>vulg.</strong></span> <span class='ocrx_word' id='word_1_622' title='bbox 3175 4603 3220 4676; x_wconf 51' lang='grc' dir='ltr'><strong>’ἒ</strong></span> <span class='ocrx_word' id='word_1_623' title='bbox 3251 4603 3419 4657; x_wconf 82' lang='grc' dir='ltr'>αὐτοῦ</span> <span class='ocrx_word' id='word_1_624' title='bbox 3448 4601 3576 4658; x_wconf 90' lang='lat' dir='ltr'><strong>add.</strong></span> <span class='ocrx_word' id='word_1_625' title='bbox 3605 4615 3676 4676; x_wconf 73' lang='lat' dir='ltr'><strong>ex</strong></span> 
     </span>
    </p>
   </div>
   <div class='ocr_carea' id='block_1_88' title="bbox 491 4666 1466 4738">
    <p class='ocr_par' dir='ltr' id='par_1_88' title="bbox 491 4666 1466 4738">
     <span class='ocr_line' id='line_1_88' title="bbox 491 4666 1466 4738; baseline -0.003 -15"><span class='ocrx_word' id='word_1_626' title='bbox 491 4673 540 4705; x_wconf 73' lang='grc'><strong>’³</strong></span> <span class='ocrx_word' id='word_1_627' title='bbox 582 4669 918 4724; x_wconf 84' lang='grc' dir='ltr'>ἁποκατὲστ.</span> <span class='ocrx_word' id='word_1_628' title='bbox 949 4669 1023 4738; x_wconf 81' lang='grc' dir='ltr'>Α,</span> <span class='ocrx_word' id='word_1_629' title='bbox 1053 4666 1276 4720; x_wconf 84' lang='grc' dir='ltr'>κατέστ.</span> <span class='ocrx_word' id='word_1_630' title='bbox 1316 4666 1466 4738; x_wconf 75' lang='lat' dir='ltr'><strong>vulg.</strong></span> 
     </span>
    </p>
   </div>
   <div class='ocr_carea' id='block_1_89' title="bbox 493 4737 1385 4810">
    <p class='ocr_par' dir='ltr' id='par_1_89' title="bbox 493 4737 1385 4810">
     <span class='ocr_line' id='line_1_89' title="bbox 493 4737 1385 4810; baseline -0.004 -14"><span class='ocrx_word' id='word_1_631' title='bbox 493 4748 617 4796; x_wconf 76' lang='grc' dir='ltr'>Δεκ.</span> <span class='ocrx_word' id='word_1_632' title='bbox 654 4741 802 4810; x_wconf 81' lang='lat' dir='ltr'><strong>vulg.</strong></span> <span class='ocrx_word' id='word_1_633' title='bbox 872 4738 916 4770; x_wconf 79' lang='grc'><strong>⁸⁷</strong></span> <span class='ocrx_word' id='word_1_634' title='bbox 941 4737 1038 4810; x_wconf 77' lang='grc' dir='ltr'>καὶ</span> <span class='ocrx_word' id='word_1_635' title='bbox 1061 4738 1188 4794; x_wconf 88' lang='lat' dir='ltr'><strong>add.</strong></span> <span class='ocrx_word' id='word_1_636' title='bbox 1223 4753 1288 4795; x_wconf 84' lang='lat' dir='ltr'><strong>ex</strong></span> <span class='ocrx_word' id='word_1_637' title='bbox 1320 4741 1385 4792; x_wconf 80' lang='grc' dir='ltr'><strong>Α.</strong></span> 
     </span>
    </p>
   </div>
   <div class='ocr_carea' id='block_1_90' title="bbox 491 4805 1003 4868">
    <p class='ocr_par' dir='ltr' id='par_1_90' title="bbox 491 4805 1003 4868">
     <span class='ocr_line' id='line_1_90' title="bbox 491 4805 1003 4868; baseline -0.006 0"><span class='ocrx_word' id='word_1_638' title='bbox 491 4810 672 4868; x_wconf 78' lang='grc' dir='ltr'>αὐτῶν</span> <span class='ocrx_word' id='word_1_639' title='bbox 697 4805 820 4868; x_wconf 76' lang='lat' dir='ltr'><strong>add.</strong></span> <span class='ocrx_word' id='word_1_640' title='bbox 846 4825 909 4866; x_wconf 84' lang='lat' dir='ltr'><strong>ex</strong></span> <span class='ocrx_word' id='word_1_641' title='bbox 937 4805 1003 4865; x_wconf 84' lang='lat' dir='ltr'><strong>A.</strong></span> 
     </span>
    </p>
   </div>
   <div class='ocr_carea' id='block_1_91' title="bbox 1571 4669 3322 4746">
    <p class='ocr_par' dir='ltr' id='par_1_91' title="bbox 1571 4669 3322 4746">
     <span class='ocr_line' id='line_1_91' title="bbox 1571 4669 3322 4746; baseline 0.006 -27"><span class='ocrx_word' id='word_1_642' title='bbox 1571 4669 1618 4746; x_wconf 53' lang='lat'><strong>9:</strong></span> <span class='ocrx_word' id='word_1_643' title='bbox 1645 4669 1748 4746; x_wconf 57' lang='grc' dir='ltr'><strong>τοῦ</strong></span> <span class='ocrx_word' id='word_1_644' title='bbox 1779 4669 2110 4746; x_wconf 40' lang='lat' dir='ltr'><strong>ad_d._ex:A.</strong></span> <span class='ocrx_word' id='word_1_645' title='bbox 2135 4674 2228 4746; x_wconf 24' lang='lat' dir='ltr'><strong>ﬂ&quot;</strong></span> <span class='ocrx_word' id='word_1_646' title='bbox 2249 4669 2358 4746; x_wconf 73' lang='grc' dir='ltr'><strong>ᾇπδ</strong></span> <span class='ocrx_word' id='word_1_647' title='bbox 2386 4691 2514 4743; x_wconf 87' lang='grc' dir='ltr'>κεφ.</span> <span class='ocrx_word' id='word_1_648' title='bbox 2545 4677 2610 4732; x_wconf 82' lang='grc' dir='ltr'><strong>Α.</strong></span> <span class='ocrx_word' id='word_1_649' title='bbox 2641 4676 2749 4729; x_wconf 84' lang='grc' dir='ltr'>ἀπὸ</span> <span class='ocrx_word' id='word_1_650' title='bbox 2769 4669 2949 4744; x_wconf 79' lang='grc' dir='ltr'>τῆςκ.</span> <span class='ocrx_word' id='word_1_651' title='bbox 2979 4669 3126 4746; x_wconf 78' lang='lat' dir='ltr'><strong>vulg.</strong></span> <span class='ocrx_word' id='word_1_652' title='bbox 3162 4675 3248 4746; x_wconf 17' lang='lat' dir='ltr'><strong>ﬁ&quot;</strong></span> <span class='ocrx_word' id='word_1_653' title='bbox 3282 4693 3322 4745; x_wconf 86' lang='grc' dir='ltr'><strong>μ</strong></span> 
     </span>
    </p>
   </div>
   <div class='ocr_carea' id='block_1_92' title="bbox 1471 4738 2079 4820">
    <p class='ocr_par' dir='ltr' id='par_1_92' title="bbox 1471 4738 2061 4812">
     <span class='ocr_line' id='line_1_92' title="bbox 1471 4738 2061 4812; baseline 0.012 -21"><span class='ocrx_word' id='word_1_654' title='bbox 1471 4739 1517 4772; x_wconf 78' lang='grc'><strong>⁸⁸</strong></span> <span class='ocrx_word' id='word_1_655' title='bbox 1540 4738 1618 4810; x_wconf 80' lang='grc' dir='ltr'>τῷ</span> <span class='ocrx_word' id='word_1_656' title='bbox 1645 4739 1962 4812; x_wconf 84' lang='grc' dir='ltr'>Ὀκτωϐρίῳ</span> <span class='ocrx_word' id='word_1_657' title='bbox 1995 4740 2061 4798; x_wconf 83' lang='grc' dir='ltr'><strong>Α.</strong></span> 
     </span>
    </p>
   </div>
   <div class='ocr_carea' id='block_1_93' title="bbox 2188 4738 3775 4820">
    <p class='ocr_par' dir='ltr' id='par_1_93' title="bbox 2207 4738 3775 4820">
     <span class='ocr_line' id='line_1_93' title="bbox 2207 4738 3775 4820; baseline 0.003 -21"><span class='ocrx_word' id='word_1_658' title='bbox 2207 4745 2405 4809; x_wconf 80' lang='grc' dir='ltr'>αὐτοὺς</span> <span class='ocrx_word' id='word_1_659' title='bbox 2433 4738 2498 4812; x_wconf 66' lang='grc' dir='ltr'>Α,</span> <span class='ocrx_word' id='word_1_660' title='bbox 2542 4746 2727 4811; x_wconf 81' lang='grc' dir='ltr'>αὐτοῖς</span> <span class='ocrx_word' id='word_1_661' title='bbox 2749 4738 2897 4817; x_wconf 78' lang='lat' dir='ltr'><strong>vulg.</strong></span> <span class='ocrx_word' id='word_1_662' title='bbox 2969 4747 2986 4780; x_wconf 82' lang='grc'>¹</span> <span class='ocrx_word' id='word_1_663' title='bbox 3019 4738 3251 4820; x_wconf 75' lang='grc' dir='ltr'><strong>Μέγάλῃ</strong></span> <span class='ocrx_word' id='word_1_664' title='bbox 3271 4738 3396 4802; x_wconf 73' lang='lat' dir='ltr'><strong>add.</strong></span> <span class='ocrx_word' id='word_1_665' title='bbox 3417 4762 3482 4802; x_wconf 85' lang='lat' dir='ltr'><strong>ex</strong></span> <span class='ocrx_word' id='word_1_666' title='bbox 3511 4745 3578 4802; x_wconf 84' lang='lat' dir='ltr'><strong>A.</strong></span> <span class='ocrx_word' id='word_1_667' title='bbox 3659 4747 3679 4776; x_wconf 85' lang='lat'><strong><em>‘</em></strong></span> <span class='ocrx_word' id='word_1_668' title='bbox 3712 4738 3775 4812; x_wconf 74' lang='grc' dir='ltr'><strong>ἐξ</strong></span> 
     </span>
    </p>
   </div>
   <div class='ocr_carea' id='block_1_94' title="bbox 3323 4673 3773 4744">
    <p class='ocr_par' dir='ltr' id='par_1_94' title="bbox 3323 4673 3773 4744">
     <span class='ocr_line' id='line_1_94' title="bbox 3323 4673 3773 4744; baseline -0.009 -16"><span class='ocrx_word' id='word_1_669' title='bbox 3323 4676 3416 4744; x_wconf 74' lang='grc' dir='ltr'><strong>ηνί</strong></span> <span class='ocrx_word' id='word_1_670' title='bbox 3440 4678 3568 4728; x_wconf 85' lang='grc' dir='ltr'>Δεκ.</span> <span class='ocrx_word' id='word_1_671' title='bbox 3597 4673 3662 4737; x_wconf 79' lang='grc' dir='ltr'>Δ,</span> <span class='ocrx_word' id='word_1_672' title='bbox 3688 4673 3773 4744; x_wconf 85' lang='grc' dir='ltr'>τῷ</span> 
     </span>
    </p>
   </div>
   <div class='ocr_carea' id='block_1_95' title="bbox 1667 4923 2426 4984">
    <p class='ocr_par' dir='ltr' id='par_1_95' title="bbox 1667 4923 2426 4984">
     <span class='ocr_line' id='line_1_95' title="bbox 1667 4923 2426 4984; baseline -0.001 -2"><span class='ocrx_word' id='word_1_673' title='bbox 1667 4971 1669 4973; x_wconf 85' lang='grc'>.</span> <span class='ocrx_word' id='word_1_674' title='bbox 1769 4925 1910 4984; x_wconf 78' lang='lat' dir='ltr'><strong>JAC.</strong></span> <span class='ocrx_word' id='word_1_675' title='bbox 1943 4926 2155 4983; x_wconf 84' lang='lat' dir='ltr'><strong>GOARl</strong></span> <span class='ocrx_word' id='word_1_676' title='bbox 2197 4923 2426 4982; x_wconf 66' lang='lat' dir='ltr'><strong>NOTAE.</strong></span> 
     </span>
    </p>
   </div>
   <div class='ocr_carea' id='block_1_96' title="bbox 563 5049 3772 5124">
    <p class='ocr_par' dir='ltr' id='par_1_96' title="bbox 563 5049 3772 5124">
     <span class='ocr_line' id='line_1_96' title="bbox 563 5049 3772 5124; baseline 0 -17"><span class='ocrx_word' id='word_1_677' title='bbox 563 5052 674 5124; x_wconf 86' lang='lat'><strong>(99)</strong></span> <span class='ocrx_word' id='word_1_678' title='bbox 713 5050 867 5117; x_wconf 85' lang='lat' dir='ltr'><strong>Quod</strong></span> <span class='ocrx_word' id='word_1_679' title='bbox 925 5049 1452 5124; x_wconf 39' lang='lat' dir='ltr'><strong>in_c_oulirniatione</strong></span> <span class='ocrx_word' id='word_1_680' title='bbox 1501 5060 1681 5124; x_wconf 80' lang='lat' dir='ltr'><strong>toturn</strong></span> <span class='ocrx_word' id='word_1_681' title='bbox 1733 5067 1934 5121; x_wconf 87' lang='lat' dir='ltr'><strong>corpus</strong></span> <span class='ocrx_word' id='word_1_682' title='bbox 1971 5068 2072 5106; x_wconf 88' lang='lat' dir='ltr'><strong>un-</strong></span> <span class='ocrx_word' id='word_1_683' title='bbox 2110 5057 2154 5114; x_wconf 88' lang='lat' dir='ltr'><strong>D</strong></span> <span class='ocrx_word' id='word_1_684' title='bbox 2181 5053 2451 5122; x_wconf 90' lang='lat' dir='ltr'><strong>scriptum</strong></span> <span class='ocrx_word' id='word_1_685' title='bbox 2483 5051 2851 5124; x_wconf 80' lang='lat' dir='ltr'><strong>manifestius,</strong></span> <span class='ocrx_word' id='word_1_686' title='bbox 2893 5069 3057 5121; x_wconf 86' lang='lat' dir='ltr'><strong>quam</strong></span> <span class='ocrx_word' id='word_1_687' title='bbox 3090 5051 3345 5109; x_wconf 87' lang='lat' dir='ltr'><strong>Carolum</strong></span> <span class='ocrx_word' id='word_1_688' title='bbox 3368 5052 3579 5119; x_wconf 88' lang='lat' dir='ltr'><strong>imperii</strong></span> <span class='ocrx_word' id='word_1_689' title='bbox 3611 5069 3772 5109; x_wconf 85' lang='lat' dir='ltr'><strong>coro-</strong></span> 
     </span>
    </p>
   </div>
   <div class='ocr_carea' id='block_1_97' title="bbox 492 5121 2077 5193">
    <p class='ocr_par' dir='ltr' id='par_1_97' title="bbox 492 5121 2077 5193">
     <span class='ocr_line' id='line_1_97' title="bbox 492 5121 2077 5193; baseline -0.001 -14"><span class='ocrx_word' id='word_1_690' title='bbox 492 5121 694 5192; x_wconf 70' lang='lat' dir='ltr'><strong>guento</strong></span> <span class='ocrx_word' id='word_1_691' title='bbox 758 5137 919 5178; x_wconf 88' lang='lat' dir='ltr'><strong>sacro</strong></span> <span class='ocrx_word' id='word_1_692' title='bbox 984 5121 1284 5176; x_wconf 86' lang='lat' dir='ltr'><strong>delibutum</strong></span> <span class='ocrx_word' id='word_1_693' title='bbox 1340 5122 1512 5177; x_wconf 62' lang='lat' dir='ltr'><strong>Graeci</strong></span> <span class='ocrx_word' id='word_1_694' title='bbox 1570 5123 1756 5188; x_wconf 89' lang='lat' dir='ltr'><strong>velint,</strong></span> <span class='ocrx_word' id='word_1_695' title='bbox 1815 5124 1899 5177; x_wconf 90' lang='lat' dir='ltr'><strong>vel</strong></span> <span class='ocrx_word' id='word_1_696' title='bbox 1934 5125 2077 5193; x_wconf 88' lang='lat' dir='ltr'><strong>quod</strong></span> 
     </span>
    </p>
   </div>
   <div class='ocr_carea' id='block_1_98' title="bbox 492 5193 2077 5264">
    <p class='ocr_par' dir='ltr' id='par_1_98' title="bbox 492 5193 2077 5264">
     <span class='ocr_line' id='line_1_98' title="bbox 492 5193 2077 5264; baseline -0.001 -14"><span class='ocrx_word' id='word_1_697' title='bbox 492 5196 669 5250; x_wconf 85' lang='lat' dir='ltr'><strong>Latini</strong></span> <span class='ocrx_word' id='word_1_698' title='bbox 730 5209 920 5263; x_wconf 72' lang='lat' dir='ltr'><strong>regum</strong></span> <span class='ocrx_word' id='word_1_699' title='bbox 950 5208 1177 5249; x_wconf 89' lang='lat' dir='ltr'><strong>suorum</strong></span> <span class='ocrx_word' id='word_1_700' title='bbox 1215 5193 1373 5262; x_wconf 90' lang='lat' dir='ltr'><strong>plura</strong></span> <span class='ocrx_word' id='word_1_701' title='bbox 1410 5193 1678 5258; x_wconf 89' lang='lat' dir='ltr'><strong>membra,</strong></span> <span class='ocrx_word' id='word_1_702' title='bbox 1721 5201 1886 5264; x_wconf 88' lang='lat' dir='ltr'><strong>caput</strong></span> <span class='ocrx_word' id='word_1_703' title='bbox 1914 5195 2077 5249; x_wconf 90' lang='lat' dir='ltr'><strong>nimi-</strong></span> 
     </span>
    </p>
   </div>
   <div class='ocr_carea' id='block_1_99' title="bbox 480 5264 2083 5336">
    <p class='ocr_par' dir='ltr' id='par_1_99' title="bbox 480 5264 2083 5336">
     <span class='ocr_line' id='line_1_99' title="bbox 480 5264 2083 5336; baseline 0 -16"><span class='ocrx_word' id='word_1_704' title='bbox 480 5282 637 5331; x_wconf 75' lang='lat' dir='ltr'><strong>a-um,</strong></span> <span class='ocrx_word' id='word_1_705' title='bbox 664 5275 874 5336; x_wconf 81' lang='lat' dir='ltr'><strong>pectus,</strong></span> <span class='ocrx_word' id='word_1_706' title='bbox 907 5265 1180 5336; x_wconf 82' lang='lat' dir='ltr'><strong>scapulas,</strong></span> <span class='ocrx_word' id='word_1_707' title='bbox 1216 5264 1478 5336; x_wconf 71' lang='lat' dir='ltr'><strong>brachia,</strong></span> <span class='ocrx_word' id='word_1_708' title='bbox 1523 5280 1687 5334; x_wconf 85' lang='lat' dir='ltr'><strong>quam</strong></span> <span class='ocrx_word' id='word_1_709' title='bbox 1745 5266 1847 5335; x_wconf 90' lang='lat' dir='ltr'><strong>ipsi</strong></span> <span class='ocrx_word' id='word_1_710' title='bbox 1879 5273 2083 5336; x_wconf 85' lang='lat' dir='ltr'><strong>ungant</strong></span> 
     </span>
    </p>
   </div>
   <div class='ocr_carea' id='block_1_100' title="bbox 490 5333 2081 5406">
    <p class='ocr_par' dir='ltr' id='par_1_100' title="bbox 490 5333 2081 5406">
     <span class='ocr_line' id='line_1_100' title="bbox 490 5333 2081 5406; baseline 0.001 -15"><span class='ocrx_word' id='word_1_711' title='bbox 490 5333 954 5406; x_wconf 75' lang='lat' dir='ltr'><strong>imperatoribus;</strong></span> <span class='ocrx_word' id='word_1_712' title='bbox 990 5333 1169 5388; x_wconf 88' lang='lat' dir='ltr'><strong>Caroli</strong></span> <span class='ocrx_word' id='word_1_713' title='bbox 1216 5333 1285 5387; x_wconf 85' lang='lat' dir='ltr'><strong>M.</strong></span> <span class='ocrx_word' id='word_1_714' title='bbox 1315 5342 1511 5406; x_wconf 72' lang='lat' dir='ltr'><strong>totum</strong></span> <span class='ocrx_word' id='word_1_715' title='bbox 1547 5333 1829 5405; x_wconf 11' lang='lat' dir='ltr'><strong>icorpus‘a</strong></span> <span class='ocrx_word' id='word_1_716' title='bbox 1880 5333 2081 5392; x_wconf 68' lang='lat' dir='ltr'><strong>vertice</strong></span> 
     </span>
    </p>
   </div>
   <div class='ocr_carea' id='block_1_101' title="bbox 490 5405 2081 5479">
    <p class='ocr_par' dir='ltr' id='par_1_101' title="bbox 490 5405 2081 5479">
     <span class='ocr_line' id='line_1_101' title="bbox 490 5405 2081 5479; baseline 0.002 -19"><span class='ocrx_word' id='word_1_717' title='bbox 490 5405 754 5477; x_wconf 34' lang='lat' dir='ltr'><strong>ad’pedes</strong></span> <span class='ocrx_word' id='word_1_718' title='bbox 789 5406 1049 5461; x_wconf 88' lang='lat' dir='ltr'><strong>unctione</strong></span> <span class='ocrx_word' id='word_1_719' title='bbox 1078 5420 1233 5460; x_wconf 89' lang='lat' dir='ltr'><strong>sacra</strong></span> <span class='ocrx_word' id='word_1_720' title='bbox 1293 5405 1488 5460; x_wconf 91' lang='lat' dir='ltr'><strong>illitum</strong></span> <span class='ocrx_word' id='word_1_721' title='bbox 1541 5408 1764 5478; x_wconf 88' lang='lat' dir='ltr'><strong>scripsit</strong></span> <span class='ocrx_word' id='word_1_722' title='bbox 1793 5407 2081 5479; x_wconf 86' lang='lat' dir='ltr'><strong>Theopha-</strong></span> 
     </span>
    </p>
   </div>
   <div class='ocr_carea' id='block_1_102' title="bbox 490 5493 606 5533">
    <p class='ocr_par' dir='ltr' id='par_1_102' title="bbox 490 5493 606 5533">
     <span class='ocr_line' id='line_1_102' title="bbox 490 5493 606 5533; baseline -0.009 0"><span class='ocrx_word' id='word_1_723' title='bbox 490 5493 606 5533; x_wconf 78' lang='lat' dir='ltr'><strong>DCS.</strong></span> 
     </span>
    </p>
   </div>
   <div class='ocr_carea' id='block_1_103' title="bbox 567 5548 2078 5620">
    <p class='ocr_par' dir='ltr' id='par_1_103' title="bbox 567 5548 2078 5620">
     <span class='ocr_line' id='line_1_103' title="bbox 567 5548 2078 5620; baseline 0.002 -18"><span class='ocrx_word' id='word_1_724' title='bbox 567 5550 642 5620; x_wconf 83' lang='lat' dir='ltr'><strong>(l)</strong></span> <span class='ocrx_word' id='word_1_725' title='bbox 664 5548 1040 5620; x_wconf 79' lang='lat' dir='ltr'><strong>Theophanes,</strong></span> <span class='ocrx_word' id='word_1_726' title='bbox 1072 5557 1135 5620; x_wconf 88' lang='lat' dir='ltr'><strong>ut</strong></span> <span class='ocrx_word' id='word_1_727' title='bbox 1161 5548 1422 5620; x_wconf 88' lang='lat' dir='ltr'><strong>scriptum</strong></span> <span class='ocrx_word' id='word_1_728' title='bbox 1473 5549 1691 5620; x_wconf 79' lang='lat' dir='ltr'><strong>reliquit</strong></span> <span class='ocrx_word' id='word_1_729' title='bbox 1715 5550 1980 5605; x_wconf 88' lang='lat' dir='ltr'><strong>Baronius</strong></span> <span class='ocrx_word' id='word_1_730' title='bbox 2013 5552 2078 5606; x_wconf 88' lang='lat' dir='ltr'><strong>ad</strong></span> 
     </span>
    </p>
   </div>
   <div class='ocr_carea' id='block_1_104' title="bbox 492 5619 2081 5682">
    <p class='ocr_par' dir='ltr' id='par_1_104' title="bbox 492 5619 2081 5682">
     <span class='ocr_line' id='line_1_104' title="bbox 492 5619 2081 5682; baseline 0.001 -8"><span class='ocrx_word' id='word_1_731' title='bbox 492 5619 697 5674; x_wconf 86' lang='lat' dir='ltr'><strong>annum</strong></span> <span class='ocrx_word' id='word_1_732' title='bbox 732 5619 945 5673; x_wconf 85' lang='lat' dir='ltr'><strong>Domini</strong></span> <span class='ocrx_word' id='word_1_733' title='bbox 988 5619 1110 5682; x_wconf 86' lang='lat'><strong>800,</strong></span> <span class='ocrx_word' id='word_1_734' title='bbox 1150 5636 1302 5674; x_wconf 90' lang='lat' dir='ltr'><strong>num.</strong></span> <span class='ocrx_word' id='word_1_735' title='bbox 1336 5619 1388 5680; x_wconf 78' lang='lat' dir='ltr'><strong>ti.</strong></span> <span class='ocrx_word' id='word_1_736' title='bbox 1426 5619 1734 5675; x_wconf 83' lang='lat' dir='ltr'><strong>coronatum</strong></span> <span class='ocrx_word' id='word_1_737' title='bbox 1779 5623 1944 5675; x_wconf 83' lang='lat' dir='ltr'><strong>tradit</strong></span> <span class='ocrx_word' id='word_1_738' title='bbox 1981 5621 2081 5678; x_wconf 86' lang='lat' dir='ltr'><strong>Ca—</strong></span> 
     </span>
    </p>
   </div>
   <div class='ocr_carea' id='block_1_105' title="bbox 492 5689 2078 5760">
    <p class='ocr_par' dir='ltr' id='par_1_105' title="bbox 492 5689 2078 5760">
     <span class='ocr_line' id='line_1_105' title="bbox 492 5689 2078 5760; baseline 0.002 -17"><span class='ocrx_word' id='word_1_739' title='bbox 492 5691 665 5744; x_wconf 77' lang='lat' dir='ltr'><strong>rolum</strong></span> <span class='ocrx_word' id='word_1_740' title='bbox 692 5708 724 5744; x_wconf 92' lang='lat' dir='ltr'><strong>a</strong></span> <span class='ocrx_word' id='word_1_741' title='bbox 751 5689 985 5744; x_wconf 80' lang='lat' dir='ltr'><strong>Romano</strong></span> <span class='ocrx_word' id='word_1_742' title='bbox 1028 5693 1272 5760; x_wconf 77' lang='lat' dir='ltr'><strong>pontiﬁce</strong></span> <span class='ocrx_word' id='word_1_743' title='bbox 1301 5690 1560 5747; x_wconf 74' lang='lat' dir='ltr'><strong>Kalendis</strong></span> <span class='ocrx_word' id='word_1_744' title='bbox 1614 5691 1887 5758; x_wconf 81' lang='lat' dir='ltr'><strong>Januarii,</strong></span> <span class='ocrx_word' id='word_1_745' title='bbox 1936 5695 2078 5746; x_wconf 85' lang='lat' dir='ltr'><strong>indi-</strong></span> 
     </span>
    </p>
   </div>
   <div class='ocr_carea' id='block_1_106' title="bbox 493 5762 2075 5820">
    <p class='ocr_par' dir='ltr' id='par_1_106' title="bbox 493 5762 2075 5820">
     <span class='ocr_line' id='line_1_106' title="bbox 493 5762 2075 5820; baseline 0.003 -6"><span class='ocrx_word' id='word_1_746' title='bbox 493 5763 682 5816; x_wconf 78' lang='lat' dir='ltr'><strong>ctionis</strong></span> <span class='ocrx_word' id='word_1_747' title='bbox 707 5779 877 5816; x_wconf 78' lang='lat' dir='ltr'><strong>name.</strong></span> <span class='ocrx_word' id='word_1_748' title='bbox 937 5762 1124 5816; x_wconf 79' lang='lat' dir='ltr'><strong>Verum</strong></span> <span class='ocrx_word' id='word_1_749' title='bbox 1149 5780 1323 5817; x_wconf 86' lang='lat' dir='ltr'><strong>errore</strong></span> <span class='ocrx_word' id='word_1_750' title='bbox 1351 5763 1552 5816; x_wconf 81' lang='lat' dir='ltr'><strong>labitur</strong></span> <span class='ocrx_word' id='word_1_751' title='bbox 1590 5763 1799 5818; x_wconf 81' lang='lat' dir='ltr'><strong>Latinis</strong></span> <span class='ocrx_word' id='word_1_752' title='bbox 1831 5765 2075 5820; x_wconf 79' lang='lat' dir='ltr'><strong>omnibus</strong></span> 
     </span>
    </p>
   </div>
   <div class='ocr_carea' id='block_1_107' title="bbox 492 5833 2080 5906">
    <p class='ocr_par' dir='ltr' id='par_1_107' title="bbox 492 5833 2080 5906">
     <span class='ocr_line' id='line_1_107' title="bbox 492 5833 2080 5906; baseline 0.006 -22"><span class='ocrx_word' id='word_1_753' title='bbox 492 5833 908 5906; x_wconf 72' lang='lat' dir='ltr'><strong>adversantibus.</strong></span> <span class='ocrx_word' id='word_1_754' title='bbox 979 5834 1102 5888; x_wconf 73' lang='lat' dir='ltr'><strong>llaec</strong></span> <span class='ocrx_word' id='word_1_755' title='bbox 1128 5836 1216 5888; x_wconf 85' lang='lat' dir='ltr'><strong>ille</strong></span> <span class='ocrx_word' id='word_1_756' title='bbox 1239 5835 1382 5888; x_wconf 89' lang='lat' dir='ltr'><strong>circa</strong></span> <span class='ocrx_word' id='word_1_757' title='bbox 1414 5834 1760 5906; x_wconf 84' lang='lat' dir='ltr'><strong>Theophanis</strong></span> <span class='ocrx_word' id='word_1_758' title='bbox 1785 5837 2080 5906; x_wconf 29' lang='lat' dir='ltr'><strong>lectionem,</strong></span> 
     </span>
    </p>
   </div>
   <div class='ocr_carea' id='block_1_108' title="bbox 493 5905 2068 5979">
    <p class='ocr_par' dir='ltr' id='par_1_108' title="bbox 493 5905 2068 5979">
     <span class='ocr_line' id='line_1_108' title="bbox 493 5905 2068 5979; baseline 0.004 -23"><span class='ocrx_word' id='word_1_759' title='bbox 493 5905 738 5959; x_wconf 85' lang='lat' dir='ltr'><strong>nonnihil</strong></span> <span class='ocrx_word' id='word_1_760' title='bbox 782 5906 1041 5961; x_wconf 81' lang='lat' dir='ltr'><strong>oscitans.</strong></span> <span class='ocrx_word' id='word_1_761' title='bbox 1117 5905 1257 5970; x_wconf 83' lang='lat' dir='ltr'><strong>Quid</strong></span> <span class='ocrx_word' id='word_1_762' title='bbox 1293 5906 1436 5961; x_wconf 88' lang='lat' dir='ltr'><strong>cnim</strong></span> <span class='ocrx_word' id='word_1_763' title='bbox 1491 5908 1635 5976; x_wconf 84' lang='lat' dir='ltr'><strong>apud</strong></span> <span class='ocrx_word' id='word_1_764' title='bbox 1684 5905 2068 5979; x_wconf 81' lang='lat' dir='ltr'><strong>Theophanem</strong></span> 
     </span>
    </p>
   </div>
   <div class='ocr_carea' id='block_1_109' title="bbox 2180 5123 3771 5196">
    <p class='ocr_par' dir='ltr' id='par_1_109' title="bbox 2180 5123 3771 5196">
     <span class='ocr_line' id='line_1_109' title="bbox 2180 5123 3771 5196; baseline 0.003 -18"><span class='ocrx_word' id='word_1_765' title='bbox 2180 5139 2307 5178; x_wconf 91' lang='lat' dir='ltr'><strong>nam</strong></span> <span class='ocrx_word' id='word_1_766' title='bbox 2336 5133 2390 5177; x_wconf 91' lang='lat' dir='ltr'><strong>et</strong></span> <span class='ocrx_word' id='word_1_767' title='bbox 2424 5125 2756 5196; x_wconf 12' lang='lat' dir='ltr'><strong>iunctionem</strong></span> <span class='ocrx_word' id='word_1_768' title='bbox 2783 5123 2862 5193; x_wconf 84' lang='grc' dir='ltr'>τῷ</span> <span class='ocrx_word' id='word_1_769' title='bbox 2891 5125 3212 5196; x_wconf 75' lang='grc' dir='ltr'>Δεκεμϐρίῳ</span> <span class='ocrx_word' id='word_1_770' title='bbox 3233 5130 3310 5178; x_wconf 81' lang='grc' dir='ltr'>κε’</span> <span class='ocrx_word' id='word_1_771' title='bbox 3345 5137 3398 5196; x_wconf 75' lang='lat' dir='ltr'><strong>et</strong></span> <span class='ocrx_word' id='word_1_772' title='bbox 3439 5140 3500 5178; x_wconf 81' lang='lat' dir='ltr'><strong>ex</strong></span> <span class='ocrx_word' id='word_1_773' title='bbox 3541 5141 3606 5180; x_wconf 87' lang='lat' dir='ltr'><strong>eo</strong></span> <span class='ocrx_word' id='word_1_774' title='bbox 3629 5129 3771 5196; x_wconf 84' lang='lat' dir='ltr'><strong>apud</strong></span> 
     </span>
    </p>
   </div>
   <div class='ocr_carea' id='block_1_110' title="bbox 2181 5193 3772 5254">
    <p class='ocr_par' dir='ltr' id='par_1_110' title="bbox 2181 5193 3772 5254">
     <span class='ocr_line' id='line_1_110' title="bbox 2181 5193 3772 5254; baseline 0.004 -7"><span class='ocrx_word' id='word_1_775' title='bbox 2181 5195 2535 5250; x_wconf 77' lang='lat' dir='ltr'><strong>Anastasium</strong></span> <span class='ocrx_word' id='word_1_776' title='bbox 2566 5208 2620 5250; x_wconf 88' lang='lat' dir='ltr'><strong>et</strong></span> <span class='ocrx_word' id='word_1_777' title='bbox 2646 5193 2943 5249; x_wconf 81' lang='lat' dir='ltr'><strong>Miscellam</strong></span> <span class='ocrx_word' id='word_1_778' title='bbox 2974 5193 3066 5249; x_wconf 81' lang='lat' dir='ltr'><strong>vin</strong></span> <span class='ocrx_word' id='word_1_779' title='bbox 3095 5193 3321 5251; x_wconf 79' lang='lat' dir='ltr'><strong>Kalend.</strong></span> <span class='ocrx_word' id='word_1_780' title='bbox 3351 5194 3598 5251; x_wconf 88' lang='lat' dir='ltr'><strong>Januarii</strong></span> <span class='ocrx_word' id='word_1_781' title='bbox 3643 5193 3772 5254; x_wconf 81' lang='lat' dir='ltr'><strong>sus-</strong></span> 
     </span>
    </p>
   </div>
   <div class='ocr_carea' id='block_1_111' title="bbox 2181 5264 3772 5338">
    <p class='ocr_par' dir='ltr' id='par_1_111' title="bbox 2181 5264 3772 5338">
     <span class='ocr_line' id='line_1_111' title="bbox 2181 5264 3772 5338; baseline 0.002 -17"><span class='ocrx_word' id='word_1_782' title='bbox 2181 5265 2442 5338; x_wconf 84' lang='lat' dir='ltr'><strong>cepisse?</strong></span> <span class='ocrx_word' id='word_1_783' title='bbox 2472 5267 2542 5321; x_wconf 86' lang='lat' dir='ltr'><strong>At</strong></span> <span class='ocrx_word' id='word_1_784' title='bbox 2565 5267 2611 5322; x_wconf 91' lang='lat' dir='ltr'><strong>si</strong></span> <span class='ocrx_word' id='word_1_785' title='bbox 2660 5267 2918 5338; x_wconf 82' lang='lat' dir='ltr'><strong>collatum</strong></span> <span class='ocrx_word' id='word_1_786' title='bbox 2957 5264 3157 5322; x_wconf 88' lang='lat' dir='ltr'><strong>Carolo</strong></span> <span class='ocrx_word' id='word_1_787' title='bbox 3188 5269 3495 5338; x_wconf 19' lang='lat' dir='ltr'><strong>imperium,</strong></span> <span class='ocrx_word' id='word_1_788' title='bbox 3532 5268 3658 5322; x_wconf 88' lang='lat' dir='ltr'><strong>velit</strong></span> <span class='ocrx_word' id='word_1_789' title='bbox 3685 5270 3772 5324; x_wconf 81' lang='lat' dir='ltr'><strong>in-</strong></span> 
     </span>
    </p>
   </div>
   <div class='ocr_carea' id='block_1_112' title="bbox 2181 5336 3772 5407">
    <p class='ocr_par' dir='ltr' id='par_1_112' title="bbox 2181 5336 3772 5407">
     <span class='ocr_line' id='line_1_112' title="bbox 2181 5336 3772 5407; baseline 0.003 -16"><span class='ocrx_word' id='word_1_790' title='bbox 2181 5337 2420 5392; x_wconf 89' lang='lat' dir='ltr'><strong>dictione</strong></span> <span class='ocrx_word' id='word_1_791' title='bbox 2438 5347 2654 5403; x_wconf 84' lang='lat' dir='ltr'><strong>octava,</strong></span> <span class='ocrx_word' id='word_1_792' title='bbox 2679 5337 2823 5407; x_wconf 86' lang='lat' dir='ltr'><strong>quod</strong></span> <span class='ocrx_word' id='word_1_793' title='bbox 2857 5353 3034 5393; x_wconf 88' lang='lat' dir='ltr'><strong>annus</strong></span> <span class='ocrx_word' id='word_1_794' title='bbox 3062 5336 3320 5392; x_wconf 78' lang='lat' dir='ltr'><strong>nimiruin</strong></span> <span class='ocrx_word' id='word_1_795' title='bbox 3353 5354 3384 5393; x_wconf 84' lang='lat' dir='ltr'><strong>a</strong></span> <span class='ocrx_word' id='word_1_796' title='bbox 3438 5336 3641 5394; x_wconf 89' lang='lat' dir='ltr'><strong>Christi</strong></span> <span class='ocrx_word' id='word_1_797' title='bbox 3671 5357 3772 5396; x_wconf 87' lang='lat' dir='ltr'><strong>na-</strong></span> 
     </span>
    </p>
   </div>
   <div class='ocr_carea' id='block_1_113' title="bbox 2180 5408 3772 5482">
    <p class='ocr_par' dir='ltr' id='par_1_113' title="bbox 2180 5408 3772 5482">
     <span class='ocr_line' id='line_1_113' title="bbox 2180 5408 3772 5482; baseline 0.004 -20"><span class='ocrx_word' id='word_1_798' title='bbox 2180 5409 2288 5482; x_wconf 76' lang='lat' dir='ltr'><strong>tali</strong></span> <span class='ocrx_word' id='word_1_799' title='bbox 2331 5408 2834 5482; x_wconf 83' lang='lat' dir='ltr'><strong>octingentesimus,</strong></span> <span class='ocrx_word' id='word_1_800' title='bbox 2884 5425 2994 5480; x_wconf 87' lang='lat' dir='ltr'><strong>quo</strong></span> <span class='ocrx_word' id='word_1_801' title='bbox 3043 5410 3419 5482; x_wconf 86' lang='lat' dir='ltr'><strong>salutatusest</strong></span> <span class='ocrx_word' id='word_1_802' title='bbox 3473 5410 3772 5479; x_wconf 91' lang='lat' dir='ltr'><strong>imperator</strong></span> 
     </span>
    </p>
   </div>
   <div class='ocr_carea' id='block_1_114' title="bbox 2180 5480 3771 5549">
    <p class='ocr_par' dir='ltr' id='par_1_114' title="bbox 2180 5480 3771 5549">
     <span class='ocr_line' id='line_1_114' title="bbox 2180 5480 3771 5549; baseline 0.003 -14"><span class='ocrx_word' id='word_1_803' title='bbox 2180 5480 2503 5537; x_wconf 58' lang='lat' dir='ltr'><strong>indictionis&#39;</strong></span> <span class='ocrx_word' id='word_1_804' title='bbox 2527 5490 2732 5536; x_wconf 83' lang='lat' dir='ltr'><strong>octavae</strong></span> <span class='ocrx_word' id='word_1_805' title='bbox 2773 5488 2903 5535; x_wconf 89' lang='lat' dir='ltr'><strong>nota</strong></span> <span class='ocrx_word' id='word_1_806' title='bbox 2948 5481 3279 5549; x_wconf 83' lang='lat' dir='ltr'><strong>conspicuus</strong></span> <span class='ocrx_word' id='word_1_807' title='bbox 3309 5481 3619 5536; x_wconf 88' lang='lat' dir='ltr'><strong>habeatur:</strong></span> <span class='ocrx_word' id='word_1_808' title='bbox 3670 5484 3771 5539; x_wconf 85' lang='lat' dir='ltr'><strong>ob-</strong></span> 
     </span>
    </p>
   </div>
   <div class='ocr_carea' id='block_1_115' title="bbox 2179 5551 3771 5625">
    <p class='ocr_par' dir='ltr' id='par_1_115' title="bbox 2179 5551 3771 5625">
     <span class='ocr_line' id='line_1_115' title="bbox 2179 5551 3771 5625; baseline 0.003 -20"><span class='ocrx_word' id='word_1_809' title='bbox 2179 5561 2376 5625; x_wconf 79' lang='lat' dir='ltr'><strong>servet</strong></span> <span class='ocrx_word' id='word_1_810' title='bbox 2405 5552 2790 5608; x_wconf 89' lang='lat' dir='ltr'><strong>meritissimus</strong></span> <span class='ocrx_word' id='word_1_811' title='bbox 2845 5551 3123 5625; x_wconf 90' lang='lat' dir='ltr'><strong>annalium</strong></span> <span class='ocrx_word' id='word_1_812' title='bbox 3197 5552 3454 5625; x_wconf 61' lang='lat' dir='ltr'><strong>Ecclesiae</strong></span> <span class='ocrx_word' id='word_1_813' title='bbox 3533 5554 3771 5625; x_wconf 82' lang='lat' dir='ltr'><strong>scriptor</strong></span> 
     </span>
    </p>
   </div>
   <div class='ocr_carea' id='block_1_116' title="bbox 2184 5621 3770 5694">
    <p class='ocr_par' dir='ltr' id='par_1_116' title="bbox 2184 5621 3770 5694">
     <span class='ocr_line' id='line_1_116' title="bbox 2184 5621 3770 5694; baseline 0.004 -19"><span class='ocrx_word' id='word_1_814' title='bbox 2184 5623 2412 5678; x_wconf 88' lang='lat' dir='ltr'><strong>rationis</strong></span> <span class='ocrx_word' id='word_1_815' title='bbox 2439 5635 2744 5694; x_wconf 89' lang='lat' dir='ltr'><strong>temporum</strong></span> <span class='ocrx_word' id='word_1_816' title='bbox 2772 5637 2879 5677; x_wconf 91' lang='lat' dir='ltr'><strong>non</strong></span> <span class='ocrx_word' id='word_1_817' title='bbox 2909 5624 3157 5694; x_wconf 52' lang='lat' dir='ltr'><strong>ignarus,</strong></span> <span class='ocrx_word' id='word_1_818' title='bbox 3203 5621 3423 5680; x_wconf 83' lang='lat' dir='ltr'><strong>Grchs</strong></span> <span class='ocrx_word' id='word_1_819' title='bbox 3468 5640 3499 5679; x_wconf 83' lang='lat' dir='ltr'><strong>e</strong></span> <span class='ocrx_word' id='word_1_820' title='bbox 3528 5621 3770 5692; x_wconf 78' lang='lat' dir='ltr'><strong>quorum</strong></span> 
     </span>
    </p>
   </div>
   <div class='ocr_carea' id='block_1_117' title="bbox 2181 5692 3768 5775">
    <p class='ocr_par' dir='ltr' id='par_1_117' title="bbox 2181 5692 3768 5775">
     <span class='ocr_line' id='line_1_117' title="bbox 2181 5692 3768 5775; baseline 0.003 -29"><span class='ocrx_word' id='word_1_821' title='bbox 2181 5709 2342 5775; x_wconf 67' lang='lat' dir='ltr'><strong>grege</strong></span> <span class='ocrx_word' id='word_1_822' title='bbox 2364 5709 2481 5775; x_wconf 61' lang='lat' dir='ltr'><strong>non</strong></span> <span class='ocrx_word' id='word_1_823' title='bbox 2536 5692 2758 5775; x_wconf 66' lang='lat' dir='ltr'><strong>iniimus</strong></span> <span class='ocrx_word' id='word_1_824' title='bbox 2790 5693 2990 5775; x_wconf 75' lang='lat' dir='ltr'><strong>prodiit</strong></span> <span class='ocrx_word' id='word_1_825' title='bbox 3022 5692 3407 5775; x_wconf 75' lang='lat' dir='ltr'><strong>Theophanes,</strong></span> <span class='ocrx_word' id='word_1_826' title='bbox 3455 5694 3768 5775; x_wconf 78' lang='lat' dir='ltr'><strong>a_Septent-</strong></span> 
     </span>
    </p>
   </div>
   <div class='ocr_carea' id='block_1_118' title="bbox 2181 5765 3766 5838">
    <p class='ocr_par' dir='ltr' id='par_1_118' title="bbox 2181 5765 3766 5838">
     <span class='ocr_line' id='line_1_118' title="bbox 2181 5765 3766 5838; baseline 0.003 -20"><span class='ocrx_word' id='word_1_827' title='bbox 2181 5765 2603 5838; x_wconf 12' lang='lat' dir='ltr'><strong>bririndictionis</strong></span> <span class='ocrx_word' id='word_1_828' title='bbox 2633 5765 2846 5820; x_wconf 87' lang='lat' dir='ltr'><strong>initium</strong></span> <span class='ocrx_word' id='word_1_829' title='bbox 2870 5765 3156 5838; x_wconf 82' lang='lat' dir='ltr'><strong>desumere</strong></span> <span class='ocrx_word' id='word_1_830' title='bbox 3182 5785 3195 5820; x_wconf 92' lang='lat'>:</span> <span class='ocrx_word' id='word_1_831' title='bbox 3228 5768 3542 5838; x_wconf 89' lang='lat' dir='ltr'><strong>adeoquein</strong></span> <span class='ocrx_word' id='word_1_832' title='bbox 3560 5777 3766 5822; x_wconf 86' lang='lat' dir='ltr'><strong>annum</strong></span> 
     </span>
    </p>
   </div>
   <div class='ocr_carea' id='block_1_119' title="bbox 2183 5835 3766 5908">
    <p class='ocr_par' dir='ltr' id='par_1_119' title="bbox 2183 5835 3766 5908">
     <span class='ocr_line' id='line_1_119' title="bbox 2183 5835 3766 5908; baseline 0.004 -19"><span class='ocrx_word' id='word_1_833' title='bbox 2183 5836 2697 5907; x_wconf 81' lang='lat' dir='ltr'><strong>octingentesimum</strong></span> <span class='ocrx_word' id='word_1_834' title='bbox 2762 5835 3038 5906; x_wconf 58' lang='lat' dir='ltr'><strong>praecipua</strong></span> <span class='ocrx_word' id='word_1_835' title='bbox 3114 5838 3199 5892; x_wconf 91' lang='lat' dir='ltr'><strong>sui</strong></span> <span class='ocrx_word' id='word_1_836' title='bbox 3261 5835 3413 5908; x_wconf 78' lang='lat' dir='ltr'><strong>parte</strong></span> <span class='ocrx_word' id='word_1_837' title='bbox 3462 5839 3766 5896; x_wconf 78' lang='lat' dir='ltr'><strong>indictione</strong></span> 
     </span>
    </p>
   </div>
   <div class='ocr_carea' id='block_1_120' title="bbox 2185 5909 3334 5979">
    <p class='ocr_par' dir='ltr' id='par_1_120' title="bbox 2185 5909 3334 5979">
     <span class='ocr_line' id='line_1_120' title="bbox 2185 5909 3334 5979; baseline 0.004 -18"><span class='ocrx_word' id='word_1_838' title='bbox 2185 5923 2325 5964; x_wconf 90' lang='lat' dir='ltr'><strong>nona</strong></span> <span class='ocrx_word' id='word_1_839' title='bbox 2349 5909 2617 5979; x_wconf 73' lang='lat' dir='ltr'><strong>signatam</strong></span> <span class='ocrx_word' id='word_1_840' title='bbox 2648 5924 2848 5964; x_wconf 84' lang='lat' dir='ltr'><strong>nonam</strong></span> <span class='ocrx_word' id='word_1_841' title='bbox 2872 5909 3037 5965; x_wconf 86' lang='lat' dir='ltr'><strong>etiam</strong></span> <span class='ocrx_word' id='word_1_842' title='bbox 3074 5909 3334 5966; x_wconf 85' lang='lat' dir='ltr'><strong>incidere.</strong></span> 
     </span>
    </p>
   </div>
  </div>
