4072 6296
534 407 652 472 955.
1931 396 2145 462 ΤΗΕοῖ

2250 399 2423 460 ms
2517 356 2519 358 ’
3705 403 3831 468 956

534 520 718 582 batur,
747 516 882 572 adeo
909 521 971 570 ut
997 528 1121 568 eum
1154 510 1369 582 imperii
1402 509 1707 568 ambitione
1737 507 1912 564 teneri
1933 498 1997 563 ‘in
2030 509 2130 564 int-

2248 510 2483 580 ιιούλτων
2512 508 2586 584 (9)
2630 508 2723 564 καὶ
2776 509 3021 564 στάσεων
3066 513 3392 586 φροντιστὴν
3440 513 3603 569 αὐτὸν
3651 510 3830 578 εἶναι,

534 608 817 682 peratricis
848 607 1094 663 animum
1127 606 1386 661 inducere
1422 602 1828 675 potuerint.llla
1858 601 2131 671 impotens

2248 608 2336 660 καὶ
2367 607 2548 678 ἑαυτῴ
2591 605 2960 679 προξενοῦντα
3007 608 3268 682 ταχίστην
3307 609 3601 666 ἀπώλειαν.
3653 612 3715 666 ὐ
3765 612 3836 665 δὲ

536 706 633 760 irae
667 704 732 757 ad
783 700 954 757 Hicrii
1003 699 1265 771 palatium
1303 714 1362 755 se
1401 697 1652 764 contulit,
1699 697 1907 760 dicetis,
1947 697 2128 768 ipsum

2248 698 2870 771 προσαπολογησάμενος
2915 700 3078 772 αὐτῇ.
3110 703 3443 772 ήσεραλίζετο
3488 705 3529 736 ¹⁷
3585 705 3830 759 ἑαυτόν

537 796 871 852 tumultuum
917 803 968 849 et
999 793 1328 848 seditionum
1359 792 1698 846 inventorem
1739 800 1791 845 et
1821 799 2128 857 auctorem,

2248 791 2494 859 ἐμαίνετο
2522 791 2579 845 δὲ
2611 793 2752 857 κατὰ
2797 793 3008 847 ’Λετίου
3035 794 3130 848 καὶ
3160 795 3376 866 Νικήτα
3402 796 3466 862 ’⁸,
3510 797 3617 855 τῶν
3647 799 3834 870 προρ-

536 891 814 961 propriam
851 888 954 943 sibi
983 886 1281 958 perniciem
1315 884 1758 941 conciliaturum.
1793 885 1863 940 At
1896 884 2010 954 ipse
2033 885 2130 939 de-

2248 884 2518 956 ῥηθέντων
2555 886 2882 957 πατρικίων.

537 983 788 1039 fensione
832 981 918 1038 sui
956 989 1235 1051 suscepta,
1269 994 1492 1036 causam
1527 979 1803 1050 propriam
1839 978 1983 1049 apud
2026 978 2429 1049 imperatricem
2465 991 2520 1033 et
2551 994 2650 1049 pro
2679 979 2805 1050 jure
2836 994 2938 1036 suo
2973 979 3272 1036 tutabatur.
3337 980 3396 1037 in
3438 980 3658 1037 Aetium
3723 980 3835 1034 ita-

537 1094 646 1148 que
694 1087 748 1132 et
799 1075 1042 1131 Nicetam
1103 1073 1362 1146 praefatos
1414 1075 1675 1145 patricios
1726 1075 1930 1130 rabiem
1974 1090 2131 1131 suam
2171 1075 2464 1130 convertit.

609 1173 676 1226 A.
734 1170 798 1226 C.
848 1169 973 1224 792.
1013 1198 1086 1212 --
1119 1167 1235 1224 Hoc
1274 1182 1441 1235 anno,
1488 1183 1678 1224 mense
1712 1167 2013 1223 Februario
2048 1167 2136 1222 itt-

538 1265 781 1324 dictione
809 1264 972 1336 401,
1006 1269 1203 1318 octava
1237 1271 1578 1318 memoratus
1607 1260 1934 1318 Stauracius
1967 1261 2134 1316 sebo.-

540 1359 799 1414 lariorum
832 1366 886 1412 et
922 1356 1305 1412 excubitorum
1349 1369 1572 1426 unaque
1611 1354 1900 1408 ductorum
1934 1353 2133 1408 animis

539 1453 701 1509 donis
719 1468 784 1508 ac
803 1450 1125 1506 muneribus
1140 1449 1244 1504 sibi
1267 1448 1597 1514 conciliatis,
1621 1447 1943 1504 seditionem
1970 1456 2135 1518 atque

542 1547 896 1602 rebellionem
927 1546 981 1600 in
1006 1544 1179 1614 ipsam
1214 1542 1573 1613 imperantem
1600 1542 1787 1597 urbem
1817 1541 2134 1596 commovit.

2313 1167 2378 1223 Α.
2412 1167 2480 1222 Μ.
2518 1167 2754 1224 69.92.-
2776 1168 2964 1240 Τούτῳ
2991 1169 3068 1242 τῷ
3109 1171 3239 1235 ἔτει,
3279 1169 3411 1240 μηνὶ
3444 1169 3834 1242 Φεϐρουαρίων

2244 1259 2538 1320 ἰνδικτιῶνι
2592 1267 2664 1331 η’,
2697 1263 2725 1316 ὁ
2779 1262 3118 1334 Σταυράκιος
3149 1261 3485 1336 προρῤηθεὶς
3530 1264 3836 1337 τυραννίδα

2244 1353 2337 1406 καὶ
2369 1354 2560 1407 στάσιν
2586 1355 2730 1408 κατὰ
2756 1355 2856 1427 τὴν
2887 1354 3280 1427 βασιλεύουσαν
3313 1355 3466 1410 πόλιν
3496 1355 3840 1411 συνεσκεύα·

2242 1445 2334 1512 ξεν
2367 1448 2432 1511 ¹⁹,
2469 1449 2595 1512 τοὺς
2637 1449 2696 1500 ἐν
2741 1449 2879 1521 αὐτῇ
2917 1449 3240 1520 σχολαρίους
3278 1451 3376 1503 καὶ
3423 1447 3838 1520 ὲξκουσίτωρας

2240 1538 2358 1609 ἅμα
2385 1541 2500 1602 τοῖς
2528 1541 2790 1611 ἄρχουσιν
2847 1541 3030 1594 αὐτῶν
3073 1540 3418 1612 δεξιούμενος
3449 1543 3697 1613 χρήμασι
3733 1544 3840 1594 καὶ

543 1639 800 1696 Piissima
838 1653 968 1694 vero
1004 1639 1158 1692 lreue
1185 1646 1380 1690 senatu
1407 1635 1474 1691 ad
1499 1634 1795 1690 Justiniani
1837 1633 2133 1690 triclinium

2248 1634 2488 1706 δωρεαῖς.
2525 1635 2736 1707 Εἰρήνη
2765 1635 2821 1688 δὲ
2859 1636 2892 1705 ἡ
2931 1635 3230 1705 εὐσεϐὴς,²⁰
3264 1635 3525 1690 σιλέντιον
3551 1636 3840 1706 ποιήσασα.

543 1735 771 1800 indicto,
816 1732 1063 1802 singulos
1094 1745 1346 1802 quosque
1393 1729 1446 1785 iu
1480 1729 1675 1783 militia
1716 1729 1912 1786 mereri
1944 1729 2135 1784 solitos

2248 1727 2302 1780 ὲν
2333 1725 2412 1798 τῷ
2450 1727 2831 1780 ἰουστινιανοῦ
2868 1726 3130 1797 τρικλίνῳ
3159 1726 3294 1798 (10),
3331 1726 3508 1781 πάντα
3539 1727 3844 1797 στρατευὸ-

541 1826 609 1880 ad
637 1801 988 1881 Stauraciunt
1036 1801 1296 1879 accedere
1326 1820 1626 1893 prohibuit,
1679 1835 1745 1876 ex
1795 1837 1906 1890 quo
1951 1837 2133 1876 rerum

2248 1837 2401 1891 μενον
2437 1819 2711 1874 ἐκώλυσεν
2764 1820 3166 1892 προσπελάζειν
3210 1820 3290 1891 τῷ
3330 1820 3678 1892 Σταυρακίῳ.
3717 1819 3839 1872 Καὶ

544 1918 910 1990 tranquillitas
937 1919 1004 1971 ad
1027 1917 1188 1976 breve
1219 1925 1434 1986 tempus
1452 1913 1694 1970 emersit.
1717 1915 1907 1969 Aetius
1929 1923 2135 1979 autem,

546 2027 710 2080 quem
767 2009 1027 2075 diximus.
1071 2023 1138 2064 ac
1189 2006 1412 2064 Nicetas
1469 2022 1595 2064 cum
1647 2007 1772 2062 aliis
1805 2006 2135 2078 quibusdam

546 2103 892 2159 Stauraeium
918 2101 1347 2158 insectabantur.
1377 2098 1598 2156 Interim
1619 2100 1708 2155 ille
1733 2101 1902 2156 corde
1929 2101 2140 2157 sidera-

548 2207 657 2262 tus,
713 2195 1037 2266 sanguinem
1088 2209 1415 2265 spumosum
1477 2193 1722 2249 thoracis
1777 2200 1832 2249 et
1866 2191 2140 2264 pulmonis

549 2290 794 2358 partibus
835 2288 1102 2343 emissum
1135 2303 1229 2343 ore
1272 2301 1536 2343 evomens
1566 2285 1797 2343 medicis
1827 2285 1895 2342 ad
1924 2295 2140 2357 specta-

550 2382 737 2436 culum
767 2381 1169 2438 conﬂuentibus
1204 2381 1398 2436 mortis
1436 2390 1818 2451 argumentum
1851 2378 1999 2435 dedit
2021 2380 2141 2435 ine-

551 2475 797 2543 vitabile,
845 2474 1100 2548 quamvis
1159 2476 1214 2529 in
1247 2475 1544 2530 adversum
1583 2473 1778 2544 reliqui
1830 2473 2142 2539 adulatores

553 2570 752 2637 insani,
789 2568 934 2624 haud
969 2568 1167 2624 medici
1198 2575 1434 2634 tantum,
1483 2567 1579 2623 sed
1609 2577 1663 2624 ct
1699 2568 1992 2639 irreligiosi
2026 2583 2145 2624 mo-

552 2660 713 2716 nachi
746 2669 801 2716 et
835 2659 1266 2732 prmstigiatores
1325 2657 1391 2713 ad
1448 2658 1702 2712 ultimum
1744 2657 1929 2713 obitus
1971 2657 2144 2728 ipsius

551 2756 721 2823 diem,
751 2757 844 2826 qui
873 2755 1081 2811 mensis
1112 2751 1264 2808 Junii
1303 2752 1622 2808 indictionis
1649 2751 1897 2823 ejusdem
1939 2746 2153 2810 octava!

558 2850 753 2919 tertius
789 2849 911 2914 fuit,
943 2849 1094 2903 illum
1117 2847 1324 2903 diutius
1353 2847 1628 2902 victurum
1657 2857 1710 2901 et
1738 2846 1963 2916 imperio
2001 2845 2147 2918 poti-

553 2953 738 3000 turum
777 2953 982 2998 temere
1005 2939 1359 3003 aliirmarent.
1401 2938 1496 3005 liis
1534 2939 1625 2995 ille
1651 2939 2032 2996 vaticiniorum
2062 2939 2147 2996 lu-

552 3035 723 3099 dicris
769 3035 1095 3102 delectatus,
1135 3034 1460 3091 seditionem
1496 3034 1551 3090 in
1592 3032 1957 3106 Cappadociis
1991 3034 2148 3091 Aetio

2238 1912 2414 1978 οὕτως
2445 1913 2634 1985 ἔτυχεν
2663 1914 2866 1985 μικρᾶς
2898 1912 3154 1980 εὐταξίας
3176 1913 3244 1967 τὰ
3268 1913 3591 1984 πράγματα.
3621 1913 3842 1975 Ἀέτιος

2240 2006 2298 2062 δὲ
2329 2009 2358 2061 ὁ
2386 2007 2726 2080 προρρηῡεὶς
2759 2007 2858 2062 καὶ
2900 2006 3150 2085 Νικήτας
3180 2008 3277 2062 σὺν
3335 2006 3520 2070 ἄλλοις
3544 2007 3658 2060 τισὶ
3693 2023 3838 2060 κατ-

2241 2101 2573 2173 ήγωνίζοντο
2601 2101 2943 2173 Σταυρακίου
2965 2100 3032 2156 ¹¹.
3076 2102 3134 2155 '0
3159 2100 3219 2154 δὲ
3243 2097 3680 2172 καρδιόπληκτος
3719 2099 3844 2170 (Η)

2241 2195 2539 2264 γενόμενος
2581 2191 2723 2266 αἷμα
2763 2195 2852 2249 διὰ
2879 2193 2974 2248 τοῦ
3023 2193 3292 2265 στόματος
3337 2192 3538 2263 ἀνῆξεν
3577 2194 3840 2266 ἀφρῶδες

2243 2291 2309 2344 ἐκ
2339 2288 2453 2342 τῶν
2482 2287 2626 2344 κατὰ
2669 2288 2897 2360 θώρακα
2941 2287 3036 2343 καὶ
3075 2287 3354 2359 πνεύμονα
3389 2289 3617 2360 μορίων.
3659 2287 3844 2342 Τοῦτο

2243 2384 2292 2437 οἰ
2330 2383 2506 2454 ἰατροὶ
2558 2381 2890 2454 θεασάμενοι
2931 2379 3233 2457 θανάσιμον
3267 2380 3652 2453 ἀπεφήναντο·
3695 2383 3747 2434 οἰ
3781 2381 3842 2434 δὲ

2243 2475 2423 2530 λοιποὶ
2453 2475 2684 2540 κόλακες
2711 2476 2806 2532 καὶ
2830 2476 3049 2546 ἀνόητοι
3076 2475 3143 2541 ”,
3175 2474 3236 2533 οὐ
3274 2475 3433 2545 μόνον
3463 2474 3660 2545 ἰατροὶ,
3695 2473 3846 2547 ἀλλὰ

2246 2569 2339 2624 καί
2355 2586 2497 2632 τινες
2516 2569 2782 2640 ἀμὸναχοι
2807 2568 3033 2640 μοναχοὶ
3056 2567 3101 2599 ’⁸
3123 2566 3220 2622 καὶ
3243 2567 3438 2640 γόητες
3459 2567 3592 2638 (η),
3615 2565 3849 2628 ἔπειθον

2245 2663 2430 2736 ὅρκοις
2469 2662 2575 2727 ἕως
2607 2662 2708 2731 τῆς
2738 2662 2909 2734 αὐτῆς
2941 2663 3158 2734 ἡμέρας
3193 2662 3296 2733 τῆς
3335 2661 3618 2739 τελευτῆς,
3639 2659 3843 2726 αὐτοῦ,

2245 2755 2281 2828 ή
2311 2755 2536 2825 γέγονεν
2569 2756 2713 2811 κατὰ
2744 2755 2836 2809 τὸν
2870 2753 3091 2812 Ἰούνιον
3120 2754 3266 2825 μῆνα
3290 2753 3390 2823 τῆς
3432 2751 3601 2823 αὐτῆς
3633 2751 3842 2821 ὀγδόης

2249 2847 2583 2910 ἰνδικτιῶνος
2605 2847 2790 2918 ἡμέρᾳ
2809 2846 2990 2919 τρίτῃ,
3015 2848 3097 2900 ὅτι
3126 2843 3354 2917 ζήσεται
3378 2845 3472 2897 καὶ
3498 2838 3850 2914 βασιλεύσειέ

2248 2935 2346 3005 Οἷς
2373 2940 2857 3013 ὑπερερειδόμενος
2884 2939 2932 2972 ³⁸
2957 2940 3146 2994 στάσιν
3174 2940 3234 2992 ἐν
3257 2939 3376 3003 ταῖς
3409 2937 3846 3001 Καππαδοκίαις

2251 3036 2651 3090 συνεσκεύασεν
2679 3033 2820 3092 κατὰ
2857 3033 3065 3088 Ἀετίου
3085 3031 3366 3103 γενέσθαι,
3389 3031 3457 3104 ἢν
3491 3031 3593 3090 οὐκ
3620 3031 3843 3101 ἡξιὼοη

553 3128 832 3200 perdenda
885 3127 1220 3184 commoveri
1274 3128 1564 3199 disposuit,
1616 3127 1776 3217 cuius
1827 3129 2031 3192 exitum
2087 3137 2144 3184 ut

2252 3129 2361 3194 ζῶν
2384 3127 2616 3185 ἀκοῦσαι
2638 3145 2650 3159 ·
2680 3126 2822 3198 μετὰ
2852 3127 2960 3201 γὰρ
2978 3127 3071 3182 δύο
3089 3126 3301 3212 ἡμέρας
3322 3126 3419 3186 τοῦ,
3443 3125 3625 3182 θανεῖν
3645 3125 3845 3193 αὑτὸν,

555 3221 791 3286 audiret,
824 3220 1046 3276 minime
1075 3236 1198 3277 sors
1224 3221 1474 3277 contulit.
1512 3222 1642 3277 Post
1673 3225 1812 3278 duos
1843 3221 2044 3293 quippe
2074 3224 2144 3280 ab

2250 3223 2550 3279 κατέλαϐεν
2604 3223 2796 3295 ήπερὶ
2813 3223 2858 3255 ³³
2899 3222 3093 3276 τούτου
3137 3221 3337 3292 ῳάαιςο
3374 3221 3470 3274 καὶ
3521 3220 3572 3274 οἰ
3611 3236 3848 3276 στασια-

555 3312 677 3381 ejus
707 3310 860 3366 obitu
900 3311 1038 3378 dies,
1063 3312 1132 3368 de
1183 3311 1274 3367 illa
1302 3313 1513 3383 primus
1554 3313 1773 3367 advenit
1809 3316 2056 3378 nuntius,
2093 3323 2149 3372 et

559 3407 613 3459 in
639 3404 926 3462 seditionis
954 3416 1209 3462 auctores
1236 3390 1668 3477 comprehensos
1691 3406 1898 3462 exsiliis
1929 3417 1980 3462 et
2016 3423 2147 3478 sup-

559 3500 741 3571 pliciis
773 3498 1218 3556 animadversum
1251 3508 1357 3556 est.

628 3593 692 3655 ᾼ.
710 3592 774 3660 C.
796 3592 1123 3649 793.—lloe
1141 3609 1306 3658 anno,
1324 3608 1434 3664 quo
1453 3592 1679 3649 indiclio
1702 3610 1843 3651 nona
1865 3604 2149 3653 numerata

557 3693 664 3760 est,
687 3687 889 3753 mensis
915 3685 1226 3754 Decembris
1264 3686 1352 3741 die
1369 3685 1630 3742 vicesimo
1663 3687 1878 3756 quinto,
1906 3686 2151 3744 Franco-

559 3794 680 3841 rum
728 3795 822 3847 res
850 3777 1079 3834 Carolus
1099 3792 1130 3832 ι
1155 3773 1338 3834 Leone
1371 3791 1509 3846 papa
1540 3788 1835 3834 coronatus
1868 3787 1974 3845 est,
2010 3777 2153 3833 Sici-

559 3873 799 3943 liamque
814 3873 989 3940 classe
1014 3871 1218 3939 adoriri
1245 3872 1560 3944 meditatus,
1581 3872 1869 3929 consilium
1893 3873 2149 3941 mulavit,

558 3981 686 4021 cum
707 3956 863 4023 lrene'
883 3967 1199 4038 conjugium
1223 3976 1278 4022 et
1298 3983 1484 4037 pacem
1513 3967 1838 4023 contrahere
1860 3964 2046 4021 animo
2071 3981 2156 4037 ge-

561 4061 872 4132 rens,cujus
884 4059 1055 4130 gratia
1073 4059 1392 4128 insequente
1405 4057 1876 4126 anno,indictione
1893 4057 2152 4114 nimirum

559 4151 797 4222 decima,
825 4151 1030 4221 legatos
1061 4151 1374 4208 destinavit.
1407 4151 1767 4222 Menseporro
1784 4149 1978 4208 Martio
2011 4151 2156 4208 indi-

561 4244 762 4301 ctionis
796 4259 954 4300 nona:
983 4245 1230 4316 piissima
1255 4244 1408 4301 lrcne
1431 4245 1709 4318 Bylantiis
1734 4245 1916 4301 civilia
1938 4246 2155 4303 remisit

564 4335 873 4408 vectigalia,
924 4346 979 4392 et
1009 4353 1072 4392 ea
1118 4353 1240 4408 qua:
1264 4337 1409 4408 apud
1443 4337 1694 4409 Abydum
1736 4347 1791 4394 et
1824 4337 2048 4395 liierum
2072 4340 2157 4395 di-

561 4438 764 4484 cuntur
801 4429 1128 4490 commercia
1173 4446 1238 4485 ex
1276 4440 1430 4500 parte
1483 4431 1774 4500 relaxavit,
1818 4449 1918 4502 pro
1955 4433 2158 4504 quibus

2251 3317 2379 3375 σταὶ
2412 3315 2813 3388 συλληφθέντες
2851 3314 3090 3386 ὲξορίαις
3127 3315 3225 3369 καί⁵
3261 3315 3556 3389 τιμωρίαις
3599 3315 3846 3389 ὑπεϐλή-

2249 3413 2450 3484 θησαν.

2323 3597 2389 3659 Α.
2417 3596 2485 3653 Il.
2509 3594 2942 3667 6295.τ-Τούτῳ
2966 3594 3042 3666 τῷ
3067 3594 3200 3658 ἔτει,
3227 3592 3358 3664 μηνὶ
3387 3592 3708 3666 Δεκεμϐρίῳ
3735 3599 3844 3659 κε’,

2257 3690 2550 3744 ίνδικτιῶνι
2581 3688 2648 3758 0',
2680 3690 2962 3761 Κάρουλος
2989 3689 3016 3741 ὁ
3041 3688 3149 3741 τῶν
3173 3688 3441 3760 Φράγγων
3469 3685 3579 3758 ρἧ
3595 3687 3843 3758 ἐστέφθη

2256 3783 2361 3839 ὑπὸ
2393 3784 2623 3847 Λέοντος
2653 3783 2749 3836 τοῦ
2775 3783 2934 3837 πάπα
2955 3799 2967 3811 ·
2992 3780 3089 3835 καὶ
3111 3780 3394 3852 βουληθεὶς
3419 3779 3565 3834 κατὰ
3584 3781 3844 3846 Σικελίαν

2255 3879 2429 3950 στόλῳ
2468 3876 2895 3949 παρατάξασθαι
2948 3874 3280 3948 μετεϐλήθη,
3310 3875 3604 3946 ζευχθῆναι
3633 3875 3844 3946 μᾶλλον

2255 3973 2464 4044 Εἰρήνῃ
2515 3971 2820 4044 βουληθεὶς,
2851 3969 3114 4042 πρέσὸεις
3152 3951 3235 4034 εἰς
3264 3968 3425 4024 τοῦτο
3468 3968 3689 4041 πέμψας
3724 3970 3846 4039 (15)

2254 4066 2333 4137 τῷ
2359 4065 2568 4119 ἐπιόντι
2601 4064 2781 4136 χρόνῳ
2819 4062 3114 4118 ἰνδικτιῶνι
3146 4068 3198 4127 ι’.
3230 4062 3321 4134 Τῷ
3356 4062 3412 4116 δὲ
3441 4063 3673 4133 Μαρτίῳ
3707 4062 3847 4135 μηνὶ

2256 4157 2354 4230 τῆς
2378 4157 2421 4212 0'
2460 4157 2786 4220 ἰνδικτιῶνος
2813 4157 3024 4229 Εἰρήνη
3048 4157 3080 4226 ὴ
3112 4154 3342 4228 εύσεῦὴς
3374 4153 3687 4231 Βυζαντίοις
3714 4158 3846 4219 τοὺς

2259 4249 2572 4313 πολιτικοὺς
2616 4247 2911 4320 ἐχαρίσατο
2952 4248 3175 4318 φόρους,
3211 4247 3307 4302 καὶ
3349 4248 3445 4319 τῆς
3487 4247 3706 4302 ’Δϐύδου
3745 4249 3846 4303 καὶ

2257 4341 2355 4396 τοῦ
2399 4341 2570 4414 Ἱεροῦ
2603 4341 2716 4414 (14)
2758 4342 2827 4396 τὰ
2864 4342 3135 4412 λεγόμενα
3172 4342 3486 4412 κομμέρκια
3525 4340 3841 4412 ἐκούφισεν,

2263 4434 2518 4507 μεγάλως
2547 4435 2641 4489 ἐπὶ
2670 4434 2882 4499 τούτοις
2913 4436 3010 4490 σὺν
3047 4436 3230 4500 ἄλλοις
3261 4436 3478 4500 πολλοῖς
3505 4436 3842 4508 εὐχαριστηο

562 4523 793 4593 aliisque
843 4522 1096 4592 plurimis
1163 4522 1447 4586 beneﬁciis
1499 4524 1734 4597 populus
1791 4526 2057 4583 maximas
2099 4526 2145 4583 ei

2259 4529 2420 4586 θεῖσα
2455 4528 2886 4604 εὐεργετήμασι.

562 4625 746 4686 grates
773 4615 979 4673 retulit.

1869 4765 2106 4823 nam
2149 4747 2556 4824 LECTIONES.

638 4858 680 4889 ⁸⁷
708 4857 838 4928 ἠσφ,
883 4858 946 4922 Α,
975 4857 1124 4927 εἰσφ.
1155 4857 1302 4928 vuig.

1381 4857 1426 4891 ¹⁸
1461 4860 1700 4934 Νικήτα,
1733 4859 1844 4934 τῶν
1882 4879 1977 4934 πρ.
2019 4863 2084 4926 Α,
2117 4861 2360 4934 Νικήτου
2385 4861 2588 4934 προῤῥ.
2624 4862 2776 4934 vulg.

566 4930 714 5005 vulg.
791 4927 837 4961 ⁸⁸
865 4929 1150 5005 ήεὺσεβὴς
1177 4927 1304 5005 9m.
1439 4934 1482 5005 ’,ί
1513 4927 1853 5005 Σταυρακίου
1906 4927 1967 4997 li,
2010 4927 2336 5005 Σταυρακίῳ
2365 4927 2514 5005 vulg;

2856 4861 2898 4894 "
2944 4859 3346 4925 συνεσκεύαζεν
3371 4861 3410 4912 Α
3441 4876 3491 4921 a.
3521 4860 3846 4928 συνέζευξεν

2604 4935 2648 4968 ³²
2676 4932 2790 4988 κόλ.
2835 4933 2932 5008 καὶ
2955 4932 3264 5008 ἀνόητοι-Λ,
3296 4933 3412 5008 κρλ.
3442 4933 3663 5008 ᾲνόητοι
3696 4940 3842 5008 vulg.

565 5001 613 5038 1"
639 4996 759 5071 post
791 4996 1017 5072 μονάχοὶ
1047 4996 1144 5055 Aa
1172 4998 1213 5068 ί,
1239 5002 1367 5061 add.
1391 5003 1485 5066 καὶ
1513 4996 1810 5066 “cubitat.
1886 5006 1932 5038 “
1956 4996 2550 5078 ύπερερεἰδόμενοςἏ,
2583 5005 2882 5078 ὑπερερηδ.
2912 4996 3087 5075 νυιε.’
3142 5004 3188 5036 ’⁵
3228 4996 3360 5076 περὶ
3391 5004 3518 5061 add.
3543 4996 3609 5061 es
3638 5006 3709 5062 A.

1896 5123 2040 5192 JAC.
2070 5122 2284 5179 GOARI
2317 5121 2554 5181 NOTAE.

637 5215 716 5290 (9)
745 5215 858 5290 Vox
897 5231 926 5272 a
963 5213 1154 5290 Latina
1196 5215 1516 5290 tumultuari
1551 5215 1603 5270 itt
1632 5215 1899 5290 Graeciam
1921 5218 2157 5284 transla-

565 5284 828 5414 ta,'c't(i:jus
854 5301 990 5343 usus
1009 5284 1265 5357 frequens
1288 5289 1430 5359 apud
1454 5289 1924 5358 jureconsult'oset
1941 5290 2160 5357 canoni-

567 5372 683 5414 stas
762 5373 953 5414 ηεροδ.

567 5372 683 5420 stas
712 5372 953 5416 ωωεοε.

641 5434 756 5501 (10)
777 5429 1104 5488 Triclinium
1135 5443 1362 5501 aureum
1393 5444 1422 5482 a
1447 5426 1760 5486 Justiuiauo
1806 5429 2160 5499 Rbinotmeto

567 5500 908 5574 exstructum
958 5503 1126 5557 babes
1166 5500 1439 5574 superius,
1495 5509 1548 5554 et
1603 5502 1654 5574 in
1696 5501 1844 5574 Orig.
1882 5503 1994 5559 ΟΡ.
2032 5519 2052 5564 :
2102 5505 2160 5559 '0

571 5571 950 5636 Ὶουττινιανὸς
1007 5575 1188 5644 ἔκτισε
1236 5571 1300 5624 τὸ
1347 5571 1810 5644 flaucttwitvstov
1836 5575 2112 5644 τρίκλινον
2143 5592 2158 5608 ο

568 5647 911 5703 Ιησιὶηἱαηιιδ
953 5642 1243 5698 triclinium
1275 5642 1357 5695 sui
1381 5644 1608 5707 nominis
1634 5642 1934 5711 wdiﬁcavit.

645 5718 753 5788 (ll)
780 5717 948 5788 corde
972 5729 1249 5784 percussus
1267 5713 1336 5768 ab
1366 5714 1653 5788 Anastasio
1685 5718 2004 5785 reponitur:
2042 5718 2158 5774 for-

576 5785 674 5845 san
715 5785 974 5869 cardiaea.
1002 5798 1260 5871 syncope,
1300 5799 1404 5871 qua
1445 5785 1737 5871 derepente
1763 5797 1817 5841 et
1841 5791 1997 5871 quasi
2033 5805 2158 5871 me.

579 5869 765 5914 mento
794 5857 922 5927 aegri
963 5855 1272 5927 intereunt:
1306 5855 1604 5927 sideratum
1635 5868 1690 5912 et
1720 5855 1875 5927 quasi
1917 5861 2160 5917 fulminis

585 5932 693 5987 ictu
720 5925 1036 5986 confossum
1069 5926 1255 5984 dicunt
1283 5925 1513 5994 medici;
1562 5925 1810 5998 quamvis
1869 5933 2160 6003 grandiore

2259 5225 2315 5289 et
2344 5218 2617 5287 praecipua
2670 5216 2814 5271 circa
2849 5224 3034 5289 guttur
3060 5212 3283 5269 etl‘racta
3315 5227 3466 5289 _vena
3497 5217 3726 5289 sanguis
3755 5234 3848 5273 co-

2261 5288 2449 5360 piosus
2472 5285 2783 5360 pulmonem
2819 5287 3061 5358 opplere,
3087 5293 3142 5341 et
3175 5301 3272 5342 ore
3297 5285 3628 5358 despumare
3658 5301 3849 5359 potue-

2261 5359 2356 5419 rit.

2336 5431 2354 5496 (
2365 5431 2450 5500 12)
2477 5428 2748 5498 Astrologi
2768 5426 3071 5500 judiciarii.

2339 5499 2450 5571 (l5)
2485 5501 2832 5570 Eginliardus
2871 5499 2938 5554 ad
2997 5514 3199 5572 annum
3237 5499 3385 5566 802:
3440 5501 3591 5557 Irrue
3619 5505 3846 5572 impera-

2268 5575 2378 5631 trix
2409 5591 2433 5628 e
2457 5572 2916 5640 Constantinopoli
2950 5571 3096 5625 misit
3125 5570 3355 5642 legatum
3387 5575 3595 5630 nomine
3629 5570 3849 5630 Leonem

2259 5644 2588 5718 spat/larium
2636 5644 2781 5718 pacis
2819 5642 3201 5718 conﬁrmqnda;
3229 5646 3404 5718 gratia
3445 5649 3581 5718 inter
3614 5645 3848 5718 Francos

2255 5715 2303 5774 et
2335 5716 2550 5771 ercos
2588 5725 2674 5769 :et
2708 5715 2997 5783 imperator
3025 5715 3256 5768 vicissim
3306 5716 3552 5778 absoluta
3582 5717 3673 5783 illo
3711 5719 3851 5778 misit

2258 5788 2404 5843 Jesse
2455 5788 2755 5860 episcopum
2815 5785 3219 5844 Ambianensem
3263 5797 3312 5838 et
3347 5785 3848 5860 Helingmtdumco-

2260 5863 2438 5916 mitem
2470 5857 2580 5911 UP.
2621 5867 2674 5912 ut
2709 5873 2889 5925 pacem
2923 5873 3041 5912 cum
3068 5874 3130 5910 ea
3162 5865 3472 5914 statuerent.

2333 5931 2446 6002 (It)
2525 5929 2605 5985 Ad
2665 5928 3028 6001 Propontidos
3070 5927 3291 5998 fauces;
3331 5945 3553 6001 superas
3596 5929 3664 5999 ad
3711 5927 3846 5985 Pon-
