4072 6296
234 285 363 359 951
1572 293 1873 356 CIIBONO

1976 294 2139 356 lAPIl
2156 295 2250 358 [Δ.
3446 292 3554 359 962

231 404 693 489 συνέχεσθαι,ὼς
723 394 818 463 ac:
852 405 1075 477 γύναιον
1105 396 1244 462 οὖσα
1270 407 1338 473 ⁸⁷,
1372 406 1475 479 ἔφη
1511 410 1743 482 γενναίῳ
1767 409 1862 463 καὶ

1976 411 2153 467 llorbo
2209 410 2411 481 quippe
2461 408 2555 463 illo
2612 409 2832 480 gravius
2877 406 3167 466 laborabat
3216 407 3383 465 homo
3435 409 3554 464 auri
3601 416 3605 421 ‘

233 488 467 571 σύνετῷ
512 499 831 573 φρονήματι
864 499 1005 573 πρὸς
1047 499 1141 553 τὸν
1193 497 1322 570 χθὲς
1364 500 1464 569 μὲν
1525 499 1711 554 δοῦλον
1770 488 1863 554 καὶ

1976 505 2383 569 voracissimus,
2416 518 2568 574 spem
2605 518 2760 557 suam
2791 518 3009 559 onmem
3054 502 3109 559 in
3153 511 3445 576 congestas
3473 502 3557 557 di-
3600 517 3604 520 ’

229 593 538 667 ἐπίορκον,
590 593 837 665 σήμερον
904 592 960 660 δὲ
1022 592 1297 665 μοχθηρὸν
1360 592 1691 666 ἀνασειστὴν
1764 594 1863 647 καὶ

1976 598 2128 653 ritias
2156 612 2452 667 reponens.
2500 596 2731 667 Sapiens
2777 604 2958 651 autem
3000 606 3057 653 et
3090 596 3344 669 religiosa
3379 594 3555 656 lrenc.

231 685 457 770 ἀναιδῆ
507 685 808 758 τύραννονο
855 704 874 739 ι
916 685 1059 756 Ἐγὼ
1125 688 1247 759 μὲν,
1293 679 1341 741 ὦ
1391 687 1673 758 ἄνθρωπε,
1728 687 1863 740 Θεθέν

1976 705 2067 747 ceu
2114 690 2310 745 m‘ulicr
2340 690 2594 761 quamvis
2640 690 2821 745 subita
2865 692 3046 745 rerum
3094 691 3394 745 mutatione
3440 699 3559 744 tur~

231 781 505 853 ἠγοῦμαι
543 781 635 835 τὸν
695 782 829 850 πρὶν
891 779 1334 851 ὀρφανευθεῖσαν
1394 779 1695 850 ὑψώσαντά
1754 797 1861 852 με,

1976 783 2089 839 bari
2153 783 2453 848 debuisset,
2508 798 2777 854 generoso
2833 794 3015 839 tamen
3075 792 3238 854 atque
3306 784 3560 854 prudenti

234 875 359 928 καὶ
382 875 478 927 ἐπὶ
519 874 609 927 τὸν
637 872 835 944 θρόνον
882 872 982 943 τῆς
1025 872 1070 904 ⁸⁸
1109 870 1391 942 βασιλείας
1432 872 1661 937 ἀναξίαν
1693 867 1856 926 οὖσαν

232 952 675 1022 ἀναϐιϐάσαντά
734 984 802 1038 με
837 966 908 1031 ⁸⁸,
950 965 1045 1020 καὶ
1100 966 1201 1035 τὴν
1250 965 1432 1020 αἰτίαν
1463 965 1563 1037 τῆς
1594 963 1858 1037 καθαιρὲ-

238 1077 404 1125 σεως
430 1061 641 1130 ἐμαυτῇ
678 1060 985 1132 προσάπτω
1032 1058 1130 1114 καὶ
1181 1061 1297 1124 τοῖς
1324 1060 1481 1129 ὲμοίς
1520 1059 1866 1132 ἁμαρτήμα-

240 1169 371 1209 σιν.
423 1153 512 1208 Ἐν
565 1155 701 1208 πᾶσι
755 1153 814 1207 δὲ
853 1157 948 1207 καὶ
1017 1153 1163 1207 κατά
1224 1152 1404 1207 πάντα
1438 1150 1644 1224 τρόπον
1693 1154 1780 1226 εῐη
1808 1153 1868 1207 τὸ

241 1231 441 1317 ὄνομα
488 1245 582 1299 τοῦ
612 1244 821 1318 Κυρίου
865 1245 1265 1317 εὐλογημένον⁸
1297 1244 1579 1319 κράζουσα
1624 1246 1718 1300 τοῦ
1773 1247 1870 1319 μό-

240 1356 356 1393 νου
390 1338 435 1371 ⁸⁸
475 1337 750 1402 Βασιλέως
778 1336 887 1392 τῶν
930 1338 1202 1409 βασιλέων
1235 1338 1332 1393 καὶ
1373 1337 1585 1409 Κυρίου
1619 1337 1732 1393 τῶν
1763 1357 1869 1393 κυ-

248 1431 423 1504 ρίων,
458 1430 548 1486 τὸν
569 1430 627 1485 δὲ
659 1430 863 1502 τρόπον
883 1433 927 1464 ⁶¹
960 1431 1063 1503 τῆς
1096 1432 1196 1502 σῆς
1259 1430 1602 1503 προαγωγῆς
1643 1431 1723 1503 τῷ
1753 1433 1869 1485 Κυ-

249 1525 371 1599 ρίῳ
396 1524 705 1595 ἀποδίδωμι
738 1519 801 1580 οὗ
831 1525 1003 1598 χωρὶς
1066 1524 1220 1580 οὐδὲν
1271 1524 1530 1595 γενέσθαι
1566 1523 1872 1579 ’πεπίστευ⁴

247 1634 361 1674 κα.
384 1618 497 1683 Τὰς
519 1616 573 1671 δὲ
603 1615 748 1671 κατά
781 1616 875 1670 σοῦ
904 1634 995 1687 μοι
1022 1616 1286 1682 πολλάκις
1326 1616 1715 1688 ἀνενεχθείσας
1744 1619 1873 1687 περὶ

245 1713 364 1784 τῆς
398 1709 495 1765 νῦν
542 1727 625 1763 σοι
688 1710 1085 1783 περικειμένης
1144 1709 1302 1775 ἀξίας
1328 1708 1553 1781 ἀληθεῖς
1582 1709 1652 1773 θ’,
1689 1709 1872 1773 ὡςντὸ

1969 877 2154 933 animo
2204 892 2350 943 eum,
2387 876 2482 947 qui
2532 875 2650 931 beri
2700 875 2957 947 perjurus
3014 891 3234 943 servus,
3290 875 3453 931 hodie
3484 890 3564 929 -se

1969 984 2187 1041 gravem
2229 980 2541 1047 exactorem
2572 978 2627 1023 et
2659 967 3031 1037 impudentem
3075 978 3366 1040 tyrannum
3402 981 3562 1036 gere-

1968 1062 2092 1119 bats
2117 1060 2282 1135 405
2309 1061 2545 1117 allocuta
2581 1080 2594 1117 :
2637 1080 2656 1113 ι
2688 1060 2803 1132 Ego
2821 1060 3066 1133 quidem,
3095 1060 3294 1130 inquit,
3322 1059 3561 1120 ohomo,

1969 1138 2216 1212 orbatam
2245 1156 2523 1226 quondam
2546 1154 2872 1225 parentibus
2889 1155 3059 1210 Deum
3086 1168 3173 1209 me
3201 1152 3488 1229 extulisse,
3510 1162 3565 1207 et

1972 1234 2040 1305 ad
2071 1248 2289 1320 imperii
2323 1248 2582 1304 thronum
2622 1249 2753 1305 licet
2808 1248 3087 1321 indignam
3119 1248 3367 1305 evexisse
3414 1258 3565 1303 certa

1971 1342 2116 1406 sum,
2154 1349 2491 1412 quapropter
2515 1341 2982 1398 exauctorationis
3008 1340 3317 1412 bujusmodi
3340 1354 3565 1396 causam

1972 1434 2111 1490 mihi
2138 1433 2464 1506 delictisque
2490 1434 2630 1491 meis
2664 1434 2905 1491 ascribo.
2931 1433 2990 1489 ln
3017 1433 3274 1490 omnibus
3294 1433 3479 1504 itaque
3511 1441 3569 1489 ct

1973 1542 2071 1598 per
2104 1542 2323 1583 omnem
2356 1526 2580 1583 modum
2623 1528 2919 1583 sitnomcn
2951 1525 3170 1582 Domini
3194 1525 3567 1582 benedictum.

1976 1619 2166 1677 Solum
2197 1619 2400 1693 Regem
2424 1636 2613 1692 regum
2642 1621 2891 1676 omnium
2927 1628 2981 1675 et
3013 1617 3363 1674 dominorum
3384 1618 3570 1673 Donni-

1975 1728 2104 1767 num
2126 1712 2421 1778 obtestata,
2437 1711 2833 1784 designationis
2850 1722 2956 1768 tua:
2970 1711 3191 1768 modum
3209 1712 3275 1766 ad
3296 1712 3473 1782 ipsum
3488 1726 3572 1767 rc-

242 1804 417 1869 τέλος
442 1801 715 1869 ἀπέδειξε,
745 1802 857 1857 τῶν
911 1802 1254 1873 πραγμάτων
1284 1802 1477 1867 ἀκοάς,
1518 1801 1584 1865 ἃς
1626 1803 1726 1856 οὐκ
1772 1803 1873 1870 ἀγ-

1976 1807 2146 1862 latum
2161 1807 2306 1873 volo,
2324 1807 2443 1862 sine
2461 1806 2620 1878 cujus
2644 1815 2778 1862 nutu
2803 1807 2881 1860 nil
2905 1806 3064 1863 nobis
3099 1820 3262 1877 posse
3290 1806 3573 1875 contigere

247 1900 432 1965 νοεῖς,
486 1892 574 1963 αἷς
608 1899 657 1952 εί
680 1896 779 1952 καὶ
825 1896 1202 1968 συναπήχθην,
1252 1896 1552 1961 ἀκωλύτως
1586 1892 1731 1968 εἶχον
1776 1897 1870 1951 τοῦ

248 1991 479 2049 ἀνελεῖν
505 2008 591 2050 σε.
633 1990 796 2044 Ἀλλά
823 1989 885 2044 τὸ
917 1990 1017 2062 μὲν
1044 1990 1161 2053 τοῖς
1184 1990 1297 2053 σοῖς
1320 1989 1507 2062 ὅρκοις
1542 1989 1871 2061 πειθομένη,

250 2085 327 2140 τὸ
355 2085 415 2140 δὲ
443 2084 734 2156 φειδομένη
783 2099 877 2139 σου
913 2082 1144 2148 πολλοὺς
1170 2083 1496 2156 ὲννοήτορας
1516 2122 1531 2150 ,
1567 2083 1877 2155 παρελογη-

255 2178 456 2250 σὰμην
487 2176 600 2252 (1⁸1)
629 2176 707 2248 τῷ
737 2175 880 2250 Θεῷ,
908 2177 1004 2230 καί⁸
1030 2175 1336 2247 τηνικαῦτα
1365 2177 1435 2231 τὰ
1463 2177 1588 2231 κατ’
1629 2177 1875 2249 ἐμαυτὴν

255 2275 565 2339 ἀποδοῦσα,
589 2273 658 2328 δι’
692 2268 754 2329 οὗ
782 2271 1019 2344 βασιλεῖς
1051 2271 1397 2345 βασιλεύουσι
1426 2272 1523 2325 καὶ
1554 2270 1877 2325 δυνάσται⁶³

256 2366 535 2438 κρατοῦσι
570 2367 694 2438 γῆς.
763 2366 877 2421 Καὶ
912 2365 983 2421 τά
1026 2363 1125 2419 νῦν
1158 2363 1233 2429 ὡς
1282 2364 1502 2418 εὐσεϐεῖ
1551 2382 1635 2419 σοι
1674 2368 1769 2419 καὶ
1816 2363 1878 2430 ἐξ

256 2460 437 2518 αὐτοῦ
473 2460 866 2533 προδληθέντι,
908 2458 1204 2534 προσκυνῶ
1247 2475 1306 2513 σε
1336 2457 1412 2522 ὡς
1461 2457 1706 2530 βασιλέα.
1766 2460 1879 2513 Καὶ

258 2554 534 2623 αἰτοῦμαι
563 2553 859 2623 φείσασθαί
910 2569 1014 2624 μου
1047 2552 1147 2622 τῆς
1194 2550 1485 2616 ἀσθενείας
1512 2552 1609 2606 καὶ⁵
1659 2568 1879 2622 συγχω-

266 2647 439 2720 ρῆσαί
465 2665 556 2719 μοι
590 2648 684 2701 τὸν
728 2647 820 2700 ὑπ’
851 2645 988 2717 ἐμοῦ
1043 2643 1338 2699 κτισθέντα
1379 2643 1491 2698 τῶν
1536 2644 1878 2716 Ἐλευθερίου

262 2739 513 2808 οἶκονείς
530 2742 890 2814 ψυχαγωγίαν
906 2740 1008 2811 τῆς
1027 2738 1362 2810 ἀσυγκρίτου
1378 2756 1482 2810 μου
1511 2741 1822 2811 συμφορᾶς.
1854 2758 1873 2791 ι

275 2837 343 2891 Ὀ
363 2836 423 2890 δὲ
454 2834 558 2907 ἔφη
578 2852 593 2866 ·
632 2853 653 2887 ι
686 2835 797 2891 Καὶ
818 2835 868 2888 εί
896 2832 1059 2888 τοῦτο
1079 2832 1258 2897 θέλεις
1278 2848 1365 2886 σοι
1384 2833 1666 2901 γενέσθαι,
1683 2831 1881 2901 δμοσόν

270 2946 367 3001 μοι
409 2929 493 2992 είς
514 2929 561 2966 ⁸³
618 2928 799 2981 πᾶσαν
863 2925 1016 2981 θείαν
1073 2924 1306 2997 δύναμιν
1336 2923 1411 2996 μὴ
1462 2924 1783 2997 ἀποκρύψαι
1828 2944 1882 2986 τι

264 3019 378 3073 τῶν
417 3020 461 3053 ⁸⁸
484 3020 582 3090 τῆς
612 3018 890 3090 βασιλείας
920 3017 1236 3090 θησαυρῶν,
1270 3018 1368 3072 καὶ
1411 3016 1605 3089 πληρῶ
1646 3035 1741 3072 σου
1778 3019 1881 3089 τὴν

266 3114 512 3183 αἴτησιν,
547 3113 643 3167 καὶ
684 3111 868 3167 πᾶσάν
919 3129 1015 3165 σου
1060 3110 1364 3183 θεραπείαν
1416 3112 1509 3166 καὶ
1563 3112 1877 3167 ἀνάπαυσιν

267 3205 436 3262 ποιῶ.
470 3227 491 3261 ο
530 3205 676 3261 Ἡδὲ
705 3205 922 3277 ὤμοσεν
949 3204 1099 3276 αύτῷ
1136 3205 1303 3268 είςτὰ
1336 3205 1497 3276 τίμια
1526 3206 1620 3259 καὶ
1641 3203 1877 3269 ζωοποιά

268 3298 523 3368 ξύλα,ὃτι
544 3318 564 3351 ι
588 3300 705 3355 Οὐκ
721 3296 1028 3369 ἀποκρύψω
1045 3296 1154 3350 ἀπὸ
1174 3296 1290 3364 σοῦ,
1318 3296 1424 3361 ἕως
1444 3296 1657 3351 ὀϐολοῦ·
1689 3317 1709 3351 ι
1730 3297 1759 3351 ὃ
1782 3298 1878 3352 καὶ

267 3391 599 3463 πεποίηκεν.
638 3391 698 3443 '0
730 3388 788 3444 δὲ
811 3387 905 3443 τοῦ
938 3388 1279 3460 ποθουμένου
1307 3388 1603 3460 ἐπιτυχὼν,
1630 3389 1875 3459 παρευθὺ

271 3482 537 3556 ἐξώρισεν
582 3481 755 3551 αὐτὴν
801 3482 952 3553 ὲντῇ
987 3480 1139 3551 νήσῳ
1188 3478 1290 3549 τῆς
1342 3480 1676 3551 Πριγκίπου,
1722 3482 1783 3534 ὲν
1808 3482 1873 3552 τῇ

272 3580 442 3648 μονῇ,
502 3576 572 3648 ἦν
615 3574 755 3643 αὑτὴ
778 3574 825 3607 ⁶⁶
852 3572 1228 3646 ᾠκοδόμησεν,
1264 3572 1435 3626 ὄντων
1464 3574 1650 3644 ἀκμὴν
1682 3574 1791 3627 τῶν
1832 3574 1875 3606 ⁸⁷

266 3666 713 3739 ἀποκρισιαρίων
743 3664 1027 3735 Καρούλου
1058 3666 1116 3717 ἐν
1150 3665 1215 3735 τῇ
1254 3663 1406 3716 πόλει
1435 3662 1546 3735 (18)
1584 3664 1678 3717 καὶ
1708 3663 1879 3737 ὁρών-

267 3777 383 3814 των
422 3760 493 3814 τὰ
520 3758 901 3831 πραττόμενα.
941 3756 1000 3811 '0
1041 3754 1175 3824 γοῦν
1230 3756 1530 3826 παμφάγος
1569 3750 1726 3820 οὗτος
1780 3756 1876 3811 τοῦ

271 3856 512 3926 κράτους
533 3850 954 3927 ἐπιλαϐόμενος,
1004 3849 1125 3904 οὐδὲ
1149 3848 1255 3902 κᾶν
1286 3849 1421 3921 πρὸς
1448 3849 1491 3881 ⁵⁸
1510 3848 1686 3921 βραχὺ
1724 3850 1877 3921 ἴσχυ-

271 3966 365 4003 σεν
401 3942 741 4013 δπικαλύψαι
777 3943 847 3996 δι’
881 3939 1229 4011 ὑποκρίσεως
1281 3940 1381 4011 τὴν
1422 3939 1662 4009 ἔμφυτον
1705 3938 1874 3993 αὐτοῦ

240 4036 481 4091 ’κακίαν
548 4033 644 4087 καὶ
703 4030 1073 4103 φιλαργυρίαν
1112 4046 1126 4060 ’
1164 4030 1279 4084 ἀλλ’
1314 4029 1391 4094 ὡς
1444 4029 1607 4100 δῆθεν
1664 4030 1876 4101 μέλλων

268 4130 372 4201 τὴν
410 4127 628 4182 ἀδικίαν
656 4125 973 4190 ἐκκόπτειν,
992 4125 1054 4178 τὸ
1080 4124 1318 4195 πονηρὸν
1353 4124 1413 4177 ὲν
1452 4127 1519 4196 τῇ
1558 4125 1876 4197 Μαγναύρᾳ

272 4223 372 4277 καὶ
411 4221 601 4278 ἄδικον
636 4219 1009 4290 συνεστήσατο
1042 4216 1417 4289 δικαστήριον.
1448 4217 1661 4281 Σκοπὸς
1696 4216 1753 4271 δὲ
1798 4217 1876 4287 τῷ

272 4298 529 4387 τυράννῳ
565 4312 629 4366 οὐ
677 4313 791 4375 τοῖς
821 4310 1059 4379 πτωχοῖς
1102 4307 1168 4363 τὰ
1204 4308 1388 4362 δίκαια
1432 4308 1769 4371 ἀποδιδόναι,
1799 4309 1874 4372 ὡς

272 4405 450 4472 ἔδειξε
496 4404 542 4438 ⁸⁸
595 4404 665 4458 τά
702 4403 1030 4475 πράγματα,
1089 4398 1228 4454 ἀλλὰ
1277 4400 1368 4455 διὰ
1408 4399 1603 4455 τούτου
1661 4400 1873 4464 πάντας

272 4594 357 4658 είς
385 4590 582 4656 ἑαυτὸν
613 4591 684 4645 τά
710 4591 753 4621 ⁷⁸
784 4588 964 4651 πάντα
993 4587 1349 4658 μετενεγκεῖν
1384 4601 1400 4616 ο
1430 4586 1461 4640 ὂ
1494 4588 1589 4640 καὶ
1637 4585 1871 4657 πεποίη-

1974 4405 2142 4459 etiam
2211 4403 2551 4459 simulationi
2629 4403 2919 4470 addictus;

271 4499 404 4564 τοὺς
434 4501 494 4553 ὲν
524 4487 673 4552 τέλει
711 4495 976 4567 ἀτιμάσαι
1002 4510 1060 4546 τε
1089 4492 1135 4524 ⁷⁸
1174 4493 1269 4547 καὶ
1308 4493 1741 4564 αἰχμαλωτίσαι,
1771 4493 1870 4548 καὶ
1904 4532 1948 4587 D
1977 4511 2112 4553 vero

1975 1899 2204 1955 credidi.
2232 1898 2506 1955 Rumores
2537 1909 2717 1955 autem
2747 1900 2816 1955 dé
2843 1915 2928 1964 ea,
2961 1914 3125 1969 quam
3154 1915 3301 1955 nunc
3341 1898 3572 1969 adeptus

1974 2007 2055 2059 es,
2088 1992 2352 2064 dignitate
2393 1993 2657 2049 adverSus
2700 2003 2751 2049 tc
2786 2007 3008 2064 sparsos
3039 2001 3093 2048 et
3136 1991 3203 2047 ad
3239 2008 3324 2047 me
3351 2008 3571 2065 quoque

1974 2084 2120 2141 latos
2150 2084 2320 2143 fuisse
2352 2076 2538 2151 veros,
2569 2087 2752 2143 exitus
2782 2086 3181 2167 comprobavit,
3215 2087 3309 2142 sed
3343 2102 3445 2143 nec
3474 2102 3572 2143 eos

1981 2183 2206 2250 ignoras
2240 2200 2253 2235 :
2294 2180 2363 2236 iis
2395 2181 2439 2237 si
2478 2180 2852 2251 permisissem
2877 2195 2965 2237 me
2995 2180 3216 2247 abduci,
3262 2182 3416 2236 nullo
3440 2197 3575 2237 sane

1977 2272 2269 2328 resistente
2295 2272 2576 2343 periisses.
2599 2272 2797 2329 Verum
2834 2288 2943 2345 qua
2969 2272 3441 2345 juribusjurandis
3465 2276 3575 2331 tuis

1980 2360 2338 2428 conﬁrmata,
2367 2378 2474 2434 qua
2534 2364 2772 2422 consciis
2806 2366 2916 2421 tuis
2956 2367 3264 2436 parcitura,
3296 2367 3445 2431 tuis,
3487 2368 3576 2421 in-

1980 2469 2170 2527 quam,
2204 2457 2296 2526 qui
2353 2458 2467 2512 hinc
2514 2457 2567 2512 in
2611 2473 2697 2513 me
2744 2458 3012 2525 refundis,
3049 2469 3100 2515 te
3144 2467 3377 2530 tuosque
3420 2474 3577 2515 rom-

1980 2546 2270 2603 mendatos
2310 2547 2457 2603 volui
2511 2547 2658 2613 Deo,
2692 2562 2791 2620 per
2830 2563 2993 2619 quem
3044 2564 3200 2621 reges
3247 2559 3480 2620 regnant
3524 2559 3578 2604 et

1983 2639 2263 2711 principes
2290 2640 2411 2697 orbi
2455 2641 2832 2697 dominantur.
2864 2642 3366 2713 [inpraesentiarum
3412 2642 3579 2714 igitur

1985 2741 2037 2787 te
2076 2744 2337 2805 tanquam
2369 2734 2687 2804 religiosum
2716 2745 2769 2791 et
2800 2735 2870 2791 ab
2903 2750 2970 2791 eo
2998 2740 3312 2807 promotum
3338 2736 3579 2806 impera-

1983 2834 2158 2880 torem
2194 2840 2447 2883 veneror.
2482 2826 2825 2898 Quapropter
2867 2827 3176 2884 inﬁrmitati
3198 2843 3332 2884 mea:
3362 2844 3565 2899 parcas

1936 2978 1941 2983 η
1987 2930 2201 2986 precor,
2238 2927 2294 2973 et
2324 2917 2378 2972 in
2412 2917 2860 2989 incomparandse
2885 2919 3173 2990 praesentis
3202 2935 3336 2977 inca:
3357 2920 3581 2976 calami-

1985 3008 2114 3064 tatis
2142 3008 2424 3075 SOIatium,
2463 3007 2763 3066 Eleutherii
2809 3010 2981 3067 azdem
3016 3026 3047 3067 a
3088 3026 3177 3068 me
3208 3020 3577 3068 constructam

1988 3101 2185 3157 habere
2204 3117 2290 3158 me
2307 3104 2616 3174 permittas,
2635 3118 2790 3175 rogo.
2815 3122 2833 3157 ι
2851 3105 2932 3160 Ad
2948 3105 3065 3161 haec
3081 3106 3195 3162 ille:
3226 3125 3244 3159 ι
3272 3088 3396 3164 Haec
3413 3108 3457 3163 si
3481 3108 3577 3162 tibi

1982 3195 2225 3264 praestari
2263 3196 2443 3266 cupis,
2481 3212 2578 3268 per
2611 3196 2872 3253 virtutem
2904 3196 3294 3271 quamcunque
3338 3200 3579 3257 divinam

1979 3285 2135 3356 prius
2169 3285 2296 3357 jura
2326 3287 2541 3357 imperii
2562 3287 2949 3343 thesaurorum
2978 3289 3112 3344 nihil
3135 3298 3185 3345 te
3207 3292 3577 3354 occulturam,

1977 3380 2345 3436 ctconl‘eStim
2397 3381 2581 3452 petitis
2638 3382 2991 3452 acquiescam
3050 3384 3183 3450 tuis,
3245 3384 3392 3439 etde
3418 3385 3574 3440 cultu

1983 3473 2077 3528 tibi
2092 3473 2400 3529 exhibendo
2416 3474 2592 3545 deque
2609 3475 2793 3545 quiete
2813 3475 3173 3546 relinquenda
3208 3477 3525 3547 providebo.
3556 3498 3573 3529 ι

1982 3564 2077 3621 Illa
2130 3566 2183 3621 in
2236 3569 2548 3622 veneranda
2580 3576 2638 3623 et
2686 3566 2897 3625 viviﬁca
2951 3568 3136 3623 erucis
3179 3568 3323 3640 ligna
3371 3569 3578 3640 jurata.

1984 3678 2003 3711 ι
2032 3660 2150 3714 Non
2169 3660 2526 3727 abscondam,
2557 3660 3090 3731 inquit,velobolum
3110 3662 3353 3730 unicum,
3381 3682 3399 3717 ι
3433 3666 3580 3735 quod

1979 3761 2033 3808 et
2082 3753 2353 3822 praestitit.
2383 3752 2451 3824 (Is
2490 3753 2891 3809 desideriorum
2958 3768 3188 3825 compos
3215 3755 3268 3809 in
3299 3755 3575 3826 Principis

1980 3846 2218 3904 insulam
2240 3888 2255 3913 ,
2290 3847 2347 3901 in
2400 3846 2795 3903 monasterium
2827 3847 2897 3903 ab
2931 3847 3050 3917 ipsa
3098 3848 3443 3917 aediﬁcatum,
3476 3849 3584 3906 Ca-

1980 3941 2082 3995 roli
2118 3940 2314 4012 legatis
2346 3940 2527 3995 adhuc
2574 3940 2632 3995 in
2676 3940 2812 3996 urbe
2844 3940 3138 4012 agentibus
3175 3950 3230 3997 et
3261 3957 3386 4012 qua:
3420 3958 3581 4013 gere-

1982 4034 2182 4086 bantur
2244 4031 2666 4101 spectantibus,
2712 4047 2834 4087 eam
2910 4031 3192 4104 relegavit.
3266 4032 3410 4089 Sane
3463 4037 3584 4090 thc-

1978 4138 2269 4179 saurorum
2340 4123 2447 4178 iste
2518 4122 2701 4179 helluo
2771 4132 3094 4195 potestatem
3173 4123 3437 4195 adeptus,
3516 4142 3586 4183 ne

1978 4217 2128 4271 brevi
2194 4216 2415 4288 quidem
2489 4217 2752 4288 temporis
2821 4217 3000 4287 spatio
3058 4220 3301 4273 innatam
3351 4219 3455 4275 sibi
3512 4221 3581 4275 ad

1978 4312 2182 4366 malum
2243 4311 2574 4381 pronitatem
2641 4320 2697 4367 ct
2773 4311 3060 4367 avaritiam
3137 4313 3318 4369 celare
3388 4315 3582 4384 valuit,

2994 4405 3154 4476 quasi
3239 4416 3583 4477 grassantem

2230 4497 2559 4569 injustitiam
2668 4496 2952 4552 recisurus
3049 4506 3215 4568 atque
3339 4498 3587 4558 funditus

1979 4588 2282 4645 evulsurus
2316 4597 2487 4657 esset,
2526 4588 2825 4645 scelestum
2855 4603 2922 4643 ac
2976 4587 3139 4659 plane
3187 4586 3437 4660 iniquum
3488 4593 3587 4646 tri-

1601 4701 1841 4759 VARUE
1870 4702 2282 4760 LECTIONES.

387 4826 433 4859 ⁸⁷
495 4824 725 4894 γύναιον
784 4817 919 4894 οὖσα
974 4822 1040 4887 Α,
1092 4821 1350 4894 γυναῖκαΔ
1386 4817 1551 4877 οὖσαν
1604 4824 1750 4894 vulg.

275 4898 407 4955 add.
442 4891 520 4953 exi
543 4898 611 4952 Α.
663 4894 734 4936 λ⁶¹
772 4894 863 4947 τὸν
884 4893 940 4947 δὲ
962 4910 1046 4964 τρ.
1086 4891 1398 4964 Α,Ακαὶῂτδν
1427 4895 1692 4964 τρ.]ιιιε.

1859 4822 1906 4855 ⁸⁸
1969 4824 2070 4909 τῆς
2111 4822 2237 4876 add.
2310 4836 2376 4876 cx
2425 4821 2491 4874 Α.
2611 4821 2658 4853 ⁸⁹

1797 4894 1841 4926 ιι
1880 4893 2087 4926 ωηο-..
2114 4893 2242 4926 ..ηιη
2330 4892 2376 4924 οι
2406 4892 2494 4926 νηι
2519 4891 2614 4926 κω.

1790 4887 2087 4965 "suos;
2114 4893 2263 4965 vulg.
2302 4892 2376 4965 _”
2405 4892 2500 4965 καί.
2519 4891 2632 4965 δυν.
2668 4887 2927 4965 Αζμκαὶ-οί
2951 4890 3000 4942 δ.
3038 4889 3185 4965 vulg.
3210 4887 3427 4965 η⁶ξλεξς⁷
3458 4889 3585 4946 add.

2718 4837 2786 4890 με
2836 4818 2964 4872 add.
3022 4833 3088 4873 ex
3117 4889 3124 4890 ί
3157 4818 3221 4873 Α.

3345 4817 3390 4850 ⁶⁰
3416 4817 3583 4889 μόνου

272 4984 341 5026 ex
378 4969 445 5025 Δ.
485 4968 533 5002 ⁸⁸
561 4965 673 5022 τῶν
695 4966 822 5021 add.
845 4980 911 5038 ex
946 4957 1014 5038 Al
1066 4965 1124 5038 ff
1146 4962 1215 5035 ἦν
1241 4962 1379 5038 αύτὴ
1414 4957 1480 5029 Α,
1581 4957 1753 5035 αὺῖεὴν
1782 4964 1924 5036 vulg.
1968 4957 1981 4965 ’
2004 4957 2055 4998 ’τ’
2078 4964 2190 5018 τῶν
2211 4957 2339 5019 add.
2365 4978 2432 5019 ex
2466 4962 2532 5017 A.
2575 4962 2621 4995 “
2655 4963 2793 5033 πρὸς
2813 4960 2939 5017 add.
2968 4976 3031 5014 ex
3063 4960 3130 5016 A.
3207 4960 3250 4992 "
3273 4957 3485 5025 ἔδειξαν
3516 4968 3583 5016 Α.

277 5042 323 5073 ⁷⁸
350 5058 415 5096 τε
441 5040 569 5097 add.
601 5054 667 5095 ex
696 5038 764 5093 A.
842 5036 885 5068 '“
912 5037 981 5090 τὸ
1015 5034 1141 5091 add.
1177 5048 1244 5089 ex
1276 5035 1342 5088 A.

1584 5124 1726 5182 JAC.
1762 5124 1973 5183 GOARI
2022 5123 2253 5181 ΝΟΤᾹΞ.

348 5247 465 5321 (l7)
486 5247 629 5321 Nihil
658 5245 1123 5321 clari_u_snihilque
1146 5240 1415 5321 redditum
1442 5242 1890 5321 obscurius.‘Qua

269 5312 604 5393 juranientis
638 5321 744 5373 tuis
772 5317 929 5393 ﬁdem
950 5312 1285 5393 ha6_cm,qua
1308 5312 1402 5393 tibi
1444 5328 1686 5393 parcens,
1714 5315 1888 5382 plures

278 5384 413 5446 inihi
443 5392 568 5445 bene
623 5388 926 5444 consultum
975 5384 1201 5441 volentes
1248 5384 1715 5452 contempsi.jum
1776 5397 1888 5439 tum

277 5463 394 5518 Deo
424 5478 507 5517 res
538 5478 683 5516 meas
712 5459 1067 5514 committens.
1112 5455 1349 5524 Equior
1384 5455 1542 5524 longe
1577 5454 1888 5525 Nicephoro

279 5538 474 5590 auctor
505 5531 643 5589 Vitae
675 5533 733 5588 S.
768 5530 1083 5598 Nicephori,
1119 5540 1283 5598 quam
1309 5526 1595 5598 cumraliis
1656 5528 1889 5596 patriar-

280 5608 508 5661 charum
540 5604 671 5661 vitis
700 5595 1237 5669 eorum'temporum
1267 5595 1558 5669 historiam
1594 5595 1789 5668 magna
1819 5614 1882 5653 ex

283 5687 439 5746 parte
494 5672 915 5746 continentibus
969 5668 1117 5725 tomo
1157 5669 1358 5746 altero,
1412 5668 1695 5740 alteraque
1744 5670 1891 5726 illius

281 5738 433 5819 parte
466 5763 551 5803 me
592 5744 1001 5819 producturum
1036 5755 1215 5819 spero.
1246 5738 1533 5819 Gesseris.

351 5821 463 5894 (48)
498 5808 863 5894 Eginbardus
901 5828 1046 5870 anno
1069 5808 1208 5885 '803
1245 5826 1261 5865 :
1313 5808 1498 5880 Legati
1551 5811 1888 5883 imperatoris

1999 5244 2017 5314 (
2046 5242 2200 5300 .lesse
2230 5251 2286 5297 et
2315 5240 2708 5314 Helingandus)
2734 5240 2797 5314 de
2822 5238 3156 5314 CParercrsi
3180 5249 3299 5314 sunt
3329 5254 3420 5314 :et
3443 5255 3588 5293 vene-

1999 5310 2122 5369 runt
2156 5330 2278 5370 cum
2304 5314 2379 5368 eis
2422 5310 2580 5381 legali
2607 5310 2897 5380 Nicephori
2941 5312 3277 5380 imperatoris
3332 5313 3421 5382 qui
3465 5324 3588 5364 tunc

1999 5386 2378 5456 rempublicagt
2421 5391 2632 5454 gerebat
2687 5386 2853 5451 (nam
2888 5382 3095 5456 [rerum
3131 5394 3245 5450 post
3306 5387 3587 5456 adventum

1997 5452 2275 5525 legationis
2305 5452 2589 5510 Francicar
2620 5455 3017 5525 deposuerant)
3045 5492 3060 5517 ,
3092 5469 3317 5523 quorum
3365 5453 3587 5525 auaritia

1999 5522 2214 5598 [tierunt
2250 5526 2478 5581 Michael
2507 5526 2802 5595 episcopus,
2861 5522 3047 5598 Petrus
3077 5525 3236 5598 abbas
3260 5564 3274 5587 ,
3334 5524 3588 5598 Callistus

2000 5592 2335 5654 candidatus.
2383 5598 2489 5662 Qui
2516 5592 2764 5651 reirei-unt
2804 5595 2871 5647 ad
2908 5595 3034 5663 imp.
3088 5596 3139 5648 in
3189 5592 3475 5663 Germania
3500 5609 3589 5647 su-

1999 5686 2091 5739 per
2120 5672 2338 5741 [luvium
2394 5668 2607 5741 Sciam,
2656 5667 2709 5720 in
2762 5666 2936 5741 locum
2976 5662 3066 5741 qui
3099 5665 3298 5719 dicitur
3346 5662 3481 5727 Seis,
3535 5678 3587 5719 et

2000 5737 2353 5799 conditionem
2394 5739 2655 5811 facienda:
2687 5737 2835 5808 pacis
2868 5737 2918 5792 in
2951 5738 3149 5808 scripto
3222 5745 3586 5808 susceperant.
