4072 6296
452 276 560 345 971

1833 277 2326 340 THEOPHANIS

3626 275 3741 340 9‘7!

459 392 661 449 annuis
686 392 1040 465 vectigalibus
1068 393 1137 449 ab
1188 393 1269 450 eis
1304 394 1515 449 exactis
1574 394 1940 450 collccturum
1986 412 2044 453 se

2157 396 2387 468 ἐτησίων
2419 394 2772 465 τελεσμάτων
2816 394 2845 448 6
2876 391 3056 448 πάντα
3099 392 3189 447 διά
3230 389 3361 446 τδν⁸
3402 389 3739 462 φιλούμενον

459 487 777 551 arbitratus,
836 487 931 558 qui
988 487 1173 543 dilecti
1235 487 1339 544 sibi
1394 489 1513 543 auri
1554 488 1875 558 cupiditate,
1933 505 2042 545 non

458 576 660 633 Christi
711 577 1001 637 dilectione
1058 586 1253 632 cuncta
1298 592 1485 646 gerere
1530 577 1615 632 vel
1658 576 2046 634 administrare

463 672 610 728 visus
645 683 748 727 est.

528 766 595 821 A.
627 764 688 820 C.
719 764 826 821 800
860 796 928 806 —
966 763 1080 822 [loc
1126 781 1272 821 anno
1304 779 1493 821 mense
1541 764 1854 837 Septembri
1900 764 2045 821 indi-

460 857 643 913 ctione
691 858 890 929 prima,
939 857 1120 913 Aaron
1162 857 1402 913 Arabum
1450 858 1558 913 dux
1614 858 1851 914 Chumid
1915 874 2043 913 cum

461 950 638 1005 valida
698 951 874 1006 classe
932 952 1201 1007 adversus
1244 950 1502 1007 Rhodum
1555 951 1839 1007 instruxit.
1890 951 1939 1006 ls
1977 967 2043 1006 ex

462 1042 766 1113 improviso
812 1043 1160 1114 navigatione
1210 1053 1489 1113 suscepta,
1546 1043 1800 1100 Rhodum
1860 1044 2047 1115 appel-

460 1136 579 1190 lens
610 1137 884 1208 ingentem
934 1138 1129 1203 praedae
1180 1138 1391 1208 copiam
1446 1153 1512 1192 ex
1558 1152 1619 1193 ea
1667 1137 1867 1209 abegit,
1921 1153 2046 1194 arce

460 1228 577 1299 sola
611 1228 883 1283 vastitatis
912 1230 1145 1284 immuni
1178 1237 1418 1285 servata.
1447 1228 1516 1284 At
1542 1238 1692 1286 certe
1720 1230 2043 1286 redeuutem

462 1332 687 1376 sanctus
735 1332 790 1376 et
824 1321 1205 1377 mirandorum
1238 1322 1423 1393 opifex
1459 1321 1720 1378 Nicolaus
1755 1322 2045 1381 manifesta

457 1413 1042 1487 ultioneexagitavit.
1094 1417 1248 1488 Myra
1305 1417 1509 1472 etenim
1570 1426 1857 1488 occupata,
1918 1433 2042 1472 cum

462 1520 676 1560 sacram
730 1506 852 1577 ejus
899 1523 1094 1562 urnatn
1164 1506 1517 1579 confringere
1575 1517 1834 1575 tentaret,
1882 1518 1938 1564 et
1988 1509 2042 1564 in

464 1596 700 1652 vicinam
738 1612 804 1653 ex
853 1612 1041 1653 errore
1102 1597 1209 1653 vim
1255 1607 1309 1654 et
1349 1600 1492 1656 ictus
1536 1599 1783 1665 inferret,
1839 1609 2045 1655 extem-

463 1690 554 1761 plo
590 1693 848 1747 immanis
894 1702 1184 1770 ventorum
1248 1693 1510 1765 procella,
1557 1694 1895 1749 marinorum
1938 1692 2045 1747 ﬂu-

2148 490 2298 561 αὑτῷ
2330 487 2549 561 χρυσὸν,
2585 488 2680 541 καὶ
2700 487 2759 541 οὐ
2784 486 2884 542 διὰ
2912 486 3005 541 τὸν
3030 484 3265 557 Χριστὸν
3297 486 3572 555 πράττων.

2219 746 2284 801 Α.
2310 744 2389 802 Μ.
2436 744 2863 817 (imor—Today)
2896 746 2973 819 τῷ
3011 746 3142 813 ἔτει,
3176 744 3307 819 μηνὶ
3340 747 3735 819 Σεπτεμϐρίῳ,

2142 839 2447 897 ίνδικτιῶνι
2470 837 2540 907 α’,
2582 838 2797 912 Ἀαρὼν
2838 841 2866 894 6
2896 840 3005 895 τῶν
3044 842 3293 912 Ἀράϐων
3318 842 3559 914 ἀρχηγὸς
3587 842 3735 911 μετὰ

2150 932 2338 986 στόλου
2379 932 2523 987 κατά
2547 932 2648 1003 τῆς
2692 932 2875 986 Ῥόδου
2917 932 3161 1003 Χουμεῖδ
3191 934 3526 1005 ἐξέπεμψεν.
3555 929 3737 997 Οὗτος

2146 1026 2360 1097 ἀθρόως
2415 1026 2823 1094 καταπλεύσας,
2873 1028 2969 1081 καὶ
3016 1028 3117 1099 τὴν
3171 1027 3353 1082 Ῥόδον
3401 1028 3736 1081 καταλαϐὼν

2148 1116 2355 1187 πολλὴν
2396 1118 2597 1173 ἅλωσιν
2652 1118 2947 1191 ἐποιήσατο
2983 1121 3041 1173 ἐν
3088 1119 3251 1192 αὐτῇ.
3299 1120 3373 1174 Τὸ
3438 1120 3625 1191 μέντοι
3671 1124 3739 1174 ἐν

2147 1212 2286 1283 αὐτῇ
2321 1215 2583 1285 φρούριον
2605 1213 2938 1286 διεφυλάχθη
2964 1214 3293 1288 ἀπόρθητον.
3331 1215 3419 1270 Ἐν
3448 1215 3508 1269 δὲ
3531 1214 3615 1285 τῷ
3632 1217 3738 1268 ἐπ-

2148 1304 2476 1378 ανέρχεσθαι
2506 1306 2691 1371 αὑτὸν,
2738 1308 2989 1379 φανερῶς
3021 1308 3445 1378 κατεπολεμήθη
3488 1308 3594 1362 ὑπὸ
3633 1305 3737 1361 τοῦ

2148 1400 2306 1469 ἁγίου
2339 1401 2437 1455 καὶ
2485 1400 2908 1473 θαυματουργοῦ
2938 1402 3232 1457 Νικολάου.
3276 1402 3477 1459 Ἐλθὼν
3502 1405 3611 1476 γάρ
3651 1406 3738 1469 εἰς

2148 1492 2218 1547 τὰ
2250 1492 2415 1565 Μῦρα
2444 1495 2541 1547 καὶ¹
2590 1495 2685 1566 τὴν
2727 1496 2880 1566 ἱερὰν
2906 1495 3095 1558 αὐτοῦ,
3117 1496 3408 1567 συντρῖψαι
3441 1497 3739 1569 πειραθεὶς

2145 1586 2617 1659 λάρνακα,.άλλην
2665 1588 2779 1641 ἀντ’
2825 1588 3042 1658 ἐκείνης
3078 1588 3307 1662 πλησίον
3345 1590 3556 1659 αὐτῆς’
3596 1608 3740 1645 κατ-

2146 1678 2409 1733 ἔκλασεν⁸
2442 1680 2641 1735 αὐτίκα
2680 1697 2740 1734 τε
2797 1681 2967 1753 πολλὴ
3016 1682 3236 1751 ἀνέμων
3276 1682 3372 1736 καὶ
3421 1682 3736 1736 θαλαττίων

464 1792 651 1838 ctuum
685 1784 910 1854 impetui
948 1786 1255 1841 tonitruum
1297 1784 1690 1858 fulgurumque
1734 1788 2045 1853 promiscua

2157 1774 2433 1843 κυμάτων,
2478 1773 2718 1843 βροντῶν
2760 1792 2819 1827 τε
2857 1776 2952 1828 καὶ
2982 1776 3280 1847 ἀστραπῶν
3309 1775 3598 1846 ἀνωμαλία
3639 1777 3737 1829 τὸν

466 1887 761 1947 tempestas
816 1878 956 1932 adeo
991 1879 1223 1934 classem
1246 1879 1498 1950 iactavit,
1536 1889 1595 1936 ut
1642 1880 1915 1951 pleneque
1948 1896 2043 1935 na-

464 1985 559 2026 ves
620 1981 1003 2040 conquassatae
1064 1971 1576 2042 subtnergerentur,
1655 1972 1880 2045 ipseque
1951 1970 2045 2029 Dei

466 2064 642 2119 hostis
686 2063 921 2129 Chumid
965 2065 1141 2120 sancti
1190 2067 1444 2121 virtutem
1498 2078 1782 2138 expertus,
1841 2065 1932 2122 vix
1984 2081 2049 2122 ac

460 2164 663 2227 praeter
695 2171 847 2227 sporn
897 2171 1016 2211 eam
1052 2158 1293 2227 potuerit
1324 2158 1587 2230 effugere.
1622 2157 1826 2215 Mensis
1860 2170 2046 2213 autem

470 2247 784 2305 Decembris
846 2248 936 2304 die
1020 2248 1285 2305 vicesimo
1347 2248 1690 2321 Nicephorus
1760 2249 2049 2306 Stauracio

459 2342 579 2398 ﬁlio
613 2357 837 2397 uxorem
872 2346 1251 2412 copulaturus,
1298 2342 1572 2413 virginum
1620 2343 1881 2398 Romana:
1924 2344 2049 2399 diti-

455 2432 593 2488 onis
648 2441 908 2489 accurata
959 2434 1348 2503 disquisitione
1399 2434 1708 2505 praemissa,
1758 2432 2044 2505 Theopha-

470 2542 663 2583 nonetn
717 2527 1109 2582 Atheniensem
1165 2528 1336 2582 beata:
1381 2526 1561 2583 lrenes
1619 2528 1857 2596 amnem,
1910 2528 2049 2594 viro,

456 2621 597 2674 cum
626 2602 737 2689 quo
784 2618 1127 2690 frequentius
1164 2618 1522 2685 decubuerat,
1563 2619 1952 2690 desponsatam
1998 2630 2055 2683 et

469 2708 539 2764 ab
566 2724 631 2764 eo
662 2709 995 2777 seiunctam,
1027 2707 1231 2764 infelici
1270 2708 1560 2766 Stauracio
1590 2711 1811 2777 locavit,
1866 2721 1926 2767 ut
1957 2713 2051 2781 qui

462 2804 621 2872 leges
682 2816 875 2856 omnes
930 2802 1140 2857 violare
1196 2804 1392 2859 solitus
1435 2811 1583 2867 erat,
1636 2804 1800 2859 etiam
1854 2806 1906 2859 in
1950 2806 2054 2862 hoc

454 2894 952 2965 tranSgrederetur
1018 2893 1385 2966 impudenter.
1458 2894 1602 2951 Duas
1666 2906 1849 2951 autem
1918 2898 2054 2952 alias

457 2986 682 3065 ,puellas
731 2987 895 3041 istam
946 2985 1124 3040 forma
1173 2987 1333 3057 longe
1379 2998 1721 3057 superantes,
1770 3004 1909 3059 quas
1946 3005 2052 3043 una

472 3078 598 3136 cum
646 3094 709 3135 ea
748 3078 1047 3150 delegerat,
1099 3078 1153 3134 in
1198 3079 1332 3149 ipsis
1374 3080 1685 3149 nuptiarum
1720 3080 2054 3135 solemnibus

2150 1866 2336 1921 στόλον
2370 1866 2696 1935 κατέλαϐεν,
2724 1868 2801 1931 ὼς
2832 1868 2992 1923 ίκανά
3028 1869 3382 1940 συντριϐῆναι
3408 1869 3737 1941 σκάφη,αὺ-

2146 1961 2240 2016 τόν
2268 1978 2329 2015 τε
2357 1960 2446 2016 τὸν
2467 1961 2510 1994 ³⁸
2559 1961 2828 2034 θεομάχον
2862 1961 3101 2034 Χουμεῒδ
3164 1962 3465 2031 ἐπιγνῶναι
3495 1964 3595 2033 τὴν
3635 1962 3735 2016 τοῦ

2150 2052 2308 2122 ἁγίου
2336 2051 2591 2125 δύναμιν,
2624 2053 2722 2107 καὶ
2756 2053 2884 2126 παρ’
2909 2053 3101 2108 ἐλπίδα
3151 2054 3245 2107 τὸν
3290 2054 3534 2108 κίνδυνον
3556 2055 3597 2086 ’⁸
3638 2055 3739 2107 ἐει-

2150 2149 2366 2217 φυγεῖν.
2402 2148 2482 2218 Τῇ
2533 2146 2591 2200 δὲ
2634 2153 2682 2201 κ’
2706 2147 2801 2201 τοῦ
2830 2147 3171 2219 Δεκεμϐρίου
3219 2147 3386 2218 μηνὸς
3414 2147 3739 2219 Νικηφόρος

2154 2237 2294 2310 μετά
2320 2237 2521 2309 πολλὴν
2544 2236 2775 2310 ἐκλογὴν
2805 2238 3094 2310 παρθένων
3122 2241 3185 2292 ἐκ
3227 2239 3469 2309 πάσηςίί
3514 2240 3613 2310 τῆς
3638 2240 3737 2292 ὑπ’

2152 2330 2319 2387 αὑτοῦ
2348 2330 2601 2399 ἐξουσίας
2656 2332 2738 2395 είς
2781 2332 2840 2385 τὸ
2884 2332 3070 2398 ζεῦξαι
3114 2333 3455 2403 Σταυράκιον
3498 2333 3591 2387 τὸν
3621 2335 3738 2387 υἱὸν

2153 2423 2321 2480 αὑτοῦ
2370 2425 2767 2497 ποιησάμενος,
2804 2426 3063 2496 Θεοφανὼ
3094 2426 3193 2499 τὴν
3236 2427 3529 2499 Ἀθηναίαν
3564 2445 3738 2499 προσ-

2151 2520 2282 2591 γενῆ
2317 2517 2416 2589 τῆς
2444 2519 2724 2590 μακαρίας
2751 2520 2988 2591 Είρήνης
3012 2522 3507 2594 μεμνηστευμὲνην
3550 2522 3733 2592 ἀνδρὶ,

2153 2613 2250 2666 καὶ
2284 2611 2550 2677 πολλάκις
2572 2613 2721 2684 αὐτῷ
2758 2616 3275 2683 συγκοιτασθεῖσαν,
3293 2616 3535 2687 χωρίσας
3565 2617 3740 2687 αὐτὴν

2152 2703 2251 2758 ἀπ’
2277 2704 2464 2771 αὐτοῦ,
2496 2706 2575 2777 τῷ
2614 2707 2786 2778 ἀθλίῳ
2808 2709 3130 2778 Σταυρακίῳ
3168 2710 3511 2775 συνέζευξεν,
3554 2710 3630 2772 ὡς
3654 2713 3743 2774 είς

2154 2796 2334 2853 πάντα
2368 2799 2465 2852 καὶ
2499 2801 2579 2863 είς
2608 2798 2765 2853 τοῦτο
2784 2802 3246 2872 ¹³παρανομήσας
3276 2801 3532 2869 ἀναιδῶς,
3564 2802 3740 2863 ἄλλας

2154 2892 2247 2947 δύο
2307 2893 2512 2965 ταύτης
2568 2894 2907 2967 ὡραιοτέρας
2976 2894 3378 2966 ἐκλεξάμενος⁹
3442 2898 3539 2950 σὺν
3594 2898 3741 2969 αὐτῇ

2155 2985 2457 3055 προφανῶς
2514 2987 2683 3050 αὑτὰς
2716 2987 2970 3059 ἔφθειρεν
3004 2988 3126 3042 κατ’
3156 2988 3325 3053 αὑτὰς
3381 2988 3480 3052 τάς
3520 2988 3742 3061 ἡμέρας

2156 3077 2251 3132 τοῦ
2281 3078 2462 3149 γάμον
2493 3078 2648 3149 παρὰ
2677 3079 2896 3134 πάντων
2919 3081 2946 3133 6
2974 3080 3172 3152 μιαρὸς
3199 3079 3534 3151 γελώμενος.
3555 3080 3648 3150 Τῷ
3678 3080 3743 3133 δὲ

456 3170 674 3228 ιιιὶειηιε
702 3172 882 3242 palam
922 3188 1031 3230 non
1061 3172 1179 3229 sine
1209 3172 1491 3227 hominum
1521 3171 1635 3227 risu
1666 3171 1746 3226 vir
1765 3187 2052 3229 exsecran-

2160 3172 2516 3245 Φεϐρουαρίῳ
2569 3176 2702 3244 μηνὶ
2756 3174 2948 3230 στάσιν
2977 3149 3361 3245 ήέννοήσαντεςν
3399 3174 3522 3228 κατ’
3566 3149 3746 3230 αύτσῦ

473 3268 578 3323 dus
610 3267 1011 3338 constupravit.
1041 3267 1311 3323 Czeterum
1346 3281 1535 3321 mense
1562 3266 1867 3322 Februario
1892 3266 2058 3339 409

473 3372 731 3430 proceres
806 3358 952 3413 haud
1038 3358 1199 3431 pauci
1281 3358 1745 3428 conspirationem
1813 3358 1868 3415 in
1928 3375 2052 3414 eum

478 3451 771 3508 machinati
834 3452 1163 3511 Arsabet‘em
1222 3461 1551 3523 quaestorem
1618 3464 1673 3509 et
1738 3447 2052 3525 patricium,

480 3546 657 3611 virum
688 3546 1003 3618 religiosum
1047 3537 1113 3603 ef
1141 3547 1438 3615 eruditum,
1484 3546 1919 3617 designaverunt
1950 3547 2053 3601 itu-

480 3650 806 3708 peratorem.
854 3637 961 3694 Ubi
1009 3636 1374 3709 Nicephorus,
1428 3639 1570 3694 dolis
1620 3640 1885 3695 adversus
1921 3638 2055 3695 alios

480 3732 744 3805 parandis
771 3726 1290 3798 exercitatissitnus,
1320 3731 1543 3787 insidias
1574 3730 1761 3785 habuit
1792 3731 2055 3795 detectas,

481 3805 810 3880 Arsaberem
837 3823 1159 3879 verberibus
1193 3838 1394 3880 caesum
1425 3832 1480 3877 et
1525 3822 1795 3893 capillitio
1824 3824 2057 3878 damna-

476 3923 599 3971 tum
653 3915 795 3971 inter
843 3916 1143 3973 monachos
1194 3916 1465 3987 reliquum
1516 3917 1642 3970 vita:
1695 3926 1946 3972 acturum
2001 3915 2055 3969 in

475 4009 793 4082 Bithyniam
868 4011 1152 4084 relegavit,
1224 4018 1451 4066 caeteros
1517 4010 1691 4080 plagis
1761 4008 2053 4080 impositis,

467 4103 691 4159 exsiliis
709 4112 764 4159 et
782 4103 1103 4159 facultatum
1126 4101 1636 4173 proscriptionibus,
1657 4116 1764 4156 non
1783 4098 2059 4156 saecularis

490 4196 658 4252 modo
721 4196 1005 4251 convictus
1073 4209 1348 4266 proceres,
1412 4192 1510 4249 sed
1568 4202 1623 4250 et
1688 4204 1908 4250 sanctos
1950 4192 2063 4263 epi-

2166 3260 2352 3315 πολλοὶ
2388 3262 2495 3316 τῶν
2524 3264 2581 3316 ὲν
2612 3262 2777 3329 τέλει,
2818 3264 3097 3336 ’Λρσαϐὴρ
3126 3265 3219 3319 τὸν
3266 3266 3604 3337 κοιαίστωρα
3643 3268 3747 3320 καὶ

2164 3356 2456 3425 πατρίκιον
2503 3355 2675 3429 ἄνδρα
2717 3357 2916 3429 εὐσεϐῆ
2960 3360 3055 3411 καὶ
3098 3356 3493 3426 λογιώτατονίδ
3540 3357 3748 3428 ἐψηφί-

2164 3447 2338 3514 ζοντο.
2372 3450 2537 3514 Γνοὺς
2568 3452 2626 3505 δὲ
2666 3451 2884 3505 τοῦτο¹⁸
2911 3454 2940 3505 ὁ
2967 3452 3350 3524 πολυμήχανος
3395 3452 3742 3523 Νικηφόρος,

2163 3537 2327 3593 αὑτὸν
2363 3538 2463 3609 μὲν
2494 3540 2669 3609 τύψας
2691 3542 2786 3595 καὶ
2813 3543 3137 3614 ἀποκείρας,
3157 3543 3390 3613 μοναχὸν
3413 3545 3742 3616 πεποίηκεν,

2162 3629 2220 3683 ἐν
2249 3631 2474 3704 Βιθυνίᾳ
2500 3631 2690 3686 τοῦτον
2721 3632 2992 3706 ἐξορίσας,
3023 3636 3145 3699 τοὺς
3167 3635 3225 3690 δὲ
3252 3636 3474 3700 λοιποὺς
3508 3637 3747 3709 δαρμοῖς

2165 3724 2261 3779 καὶ
2288 3724 2553 3794 ἐξορίαις,
2588 3726 2726 3798 πρὸς
2771 3727 2828 3782 δὲ
2880 3729 2972 3781 καὶ
3009 3727 3307 3799 δημεύσεσι
3332 3728 3744 3797 καθυπέϐα).εν,

2166 3815 2227 3869 οὐ
2263 3815 2429 3887 μόνον
2467 3816 2594 3878 τοὺς
2634 3817 2693 3870 ἐν
2720 3815 2795 3888 τῷ
2820 3816 3073 3887 κοσμικῷ
3101 3816 3201 3889 βίῳ
3222 3816 3266 3850 ¹⁶
3295 3818 3585 3889 ἄρχοντας,
3602 3818 3752 3875 ἀλλὰ

2165 3907 2261 3962 καὶ
2291 3909 2625 3974 ἐπισκόπους
2657 3910 2847 3977 ἁγίους
2887 3912 2979 3963 καὶ
3010 3909 3299 3980 μοναχοὺς,
3350 3910 3446 3963 καὶ
3481 3908 3607 3974 τοὺς
3640 3911 3749 3979 τῆς

2162 4000 2422 4073 Μεγάλης
2462 4001 2806 4073 Ἑκκλησίας,
2853 4003 2944 4056 τόν
2988 4020 3048 4056 τε
3074 4002 3370 4072 σύγκελλον
3398 4004 3492 4057 καὶ
3519 4001 3610 4055 τὸν
3640 4019 3748 4057 σα-

2168 4093 2450 4166 κελλάριον
2484 4094 2579 4149 καὶ
2612 4094 2702 4150 τὸν
2734 4096 3147 4168 χαρτοφύλσκα,
3177 4094 3379 4167 ἄνδρας
3420 4096 3745 4165 ἐλλογίμους

2167 4188 2512 4261 ὑπάρχοντας
2539 4189 2635 4242 καὶ
2660 4188 2838 4252 αίδοῦς
2872 4189 3079 4254 ἀξίους.

469 4302 685 4359 ~scopos
721 4287 1152 4356 monachosque,
1210 4302 1420 4342 necnon
1463 4286 1617 4357 ipsos
1666 4285 1872 4356 Magum
1913 4282 2160 4341 ecclesiae
2213 4280 2541 4354 syncellum,
2580 4280 2927 4337 sacellarium
2965 4289 3018 4337 et
3074 4282 3548 4356 cbartuphylacem
3595 4284 3748 4341 viros

485 4383 814 4454 spectabiles
839 4381 1104 4452 omnique
1122 4384 1480 4438 veneratione
1509 4382 1701 4452 dignos
1734 4380 2026 4451 supposuit

554 4475 621 4530 Δ.
651 4474 714 4532 C.
746 4473 1213 4533 80L—Arabum
1242 4476 1392 4530 ducis
1441 4474 1688 4529 Huamed
1731 4490 1907 4529 annus
1947 4472 2052 4544 pri-

2240 4465 2307 4524 A.
2369 4466 2441 4522 M.
2496 4466 2657 4523 6501.
2712 4497 2781 4507 -
2827 4466 3088 4537 ’Δράεων
3135 4467 3409 4539 ἀρχηγοῦ
3461 4468 3751 4538 Μουαμὲδ

548 4658 672 4717 Hoc
720 4675 890 4727 anno,
942 4676 1131 4716 mense
1185 4660 1397 4727 Martio,
1450 4661 1748 4719 indictione
1800 4662 2062 4729 Secunda,

482 4754 725 4809 Arabum
770 4753 882 4810 dux
922 4756 1103 4809 Aaron
1148 4752 1208 4809 in
1260 4754 1518 4811 interiore
1550 4756 1757 4819 Persia.
1787 4757 2068 4812 Chorasan

474 4844 857 4915 agnominata,
920 4854 1173 4901 mortuus
1230 4857 1347 4913 est;
1404 4846 1653 4903 Muamed
1718 4857 1898 4903 autem
1952 4848 2072 4919 ejus

486 4936 632 4992 filius
662 4934 729 4992 ad
763 4936 946 4992 omnia
978 4951 1204 5006 prorsus
1234 4937 1451 5008 ineptus
1484 4940 1771 5010 imperium
1809 4940 2070 5010 suscepit,

481 5027 751 5085 adversus
782 5042 945 5100 quem
971 5028 1227 5083 Abdellas
1256 5028 1377 5099 ejus
1413 5028 1577 5085 frater
1603 5028 1871 5085 seditione
1905 5038 2070 5096 mota,

486 5134 555 5173 ex
631 5120 911 5191 provincia
986 5119 1277 5176 Cborasan
1342 5137 1467 5177 cum
1539 5122 1789 5193 paternis
1862 5122 2073 5177 viribus

478 5223 802 5282 erumpens,
830 5210 1008 5268 civilis
1039 5212 1164 5269 belli
1217 5228 1313 5284 per
1364 5213 1649 5277 nationem.
1691 5213 1837 5268 illam
1878 5225 2072 5271 auctor

490 5299 614 5358 fuit.
671 5301 916 5359 Subinde
960 5304 1054 5375 qui
1107 5302 1345 5376 Syriam,
1388 5302 1680 5376 Egyptum
1732 5316 1787 5360 et
1844 5304 2069 5377 Libyam

2169 4563 2305 4631 ἔτος
2352 4568 2426 4618 a'.
2450 4622 2459 4631 ,
3130 4622 3137 4627 ,

2240 4656 2427 4728 Τούτῳ
2456 4654 2533 4727 τῷ
2559 4655 2671 4710 ἔτει
2713 4655 2928 4727 Ἀαρὼν
2960 4658 2988 4710 6
3016 4655 3122 4709 τῶν
3142 4656 3183 4687 ¹⁷
3228 4653 3475 4727 Ἀράϐων
3505 4654 3749 4728 ἀρχηγὸς

2172 4747 2437 4819 τέθνηκεν
2460 4749 2539 4812 είς
2561 4748 2660 4821 τὴν
2690 4748 2980 4821 ἐνδοτέραν
3004 4747 3263 4820 Περσίδα,
3279 4749 3378 4820 τὴν
3402 4748 3748 4818 καλουμένην

2173 4842 2448 4914 Χωρασάν
2468 4843 2532 4908 ’⁸,
2571 4844 2703 4915 μηνὶ
2729 4842 2981 4913 Μαρτίῳ,
3014 4841 3305 4896 ίνδικτιῶνι
3337 4840 3401 4913 β’.
3446 4842 3555 4896 Καὶ
3582 4842 3751 4896 διεδέ.

2174 4933 2304 5001 ξατο
2330 4934 2427 5006 τὴν
2471 4935 2645 5006 ἀρχὴν
2692 4935 2957 5005 Μουαμέδ
2981 4937 3009 4989 ὁ
3047 4935 3163 4999 υίὸς
3196 4935 3361 4989 αὐτοῦ
3389 4935 3566 5006 ἀφυὴς
3607 4938 3755 4989 κατὰ

2176 5025 2375 5091 πάντα,
2401 5027 2537 5097 πρὸς
2562 5026 2621 5079 ὃν
2655 5026 2914 5091 Ἀϐδελᾶς
2948 5028 2975 5080 6
2998 5026 3226 5097 ἀδελφὸς
3256 5025 3423 5080 αὑτοῦ
3453 5027 3753 5089 στασιάσας

2176 5118 2241 5171 ἐκ
2276 5118 2375 5188 τῆς
2423 5117 2589 5173 αὑτοῦ
2617 5116 2801 5190 χώρας
2829 5118 2920 5173 τοῦ
2968 5119 3241 5192 Χωρασάν
3268 5120 3385 5189 ἅμα
3406 5121 3525 5183 ταῖς
3554 5135 3757 5189 πατρι-

2179 5212 2303 5275 καῖς
2328 5211 2627 5282 δυνάμεσιν
2662 5213 2931 5283 ἐμφυλίου
2964 5213 3203 5282 πολέμου
3258 5211 3337 5283 τῷ
3376 5214 3498 5266 κατ’
3552 5212 3758 5275 αὐτοὺς

2181 5304 2321 5358 ἔθνει
2357 5305 2577 5374 γέγονεν
2607 5306 2798 5371 αῐτιος.
2835 5306 3145 5362 Κάντεῦθεν
3178 5308 3226 5360 oi
3254 5306 3397 5361 κατὰ
3425 5306 3525 5377 τὴν
3551 5306 3757 5377 Συρίαν

1799 5461 2032 5518 νΑιιυε
2065 5459 2470 5521 LECTIONES.

502 5677 510 5683 .
563 5627 583 5659 ⁸
608 5624 697 5679 διὰ
723 5626 814 5678 τὸν
850 5627 912 5681 Α.
943 5623 1031 5678 διά
1051 5625 1112 5678 τὸ
1139 5624 1287 5691 vulg.

490 5697 592 5754 τὴν
620 5696 849 5764 δύναμιν
883 5694 1045 5767 vnlg._
1120 5698 1163 5727 "
1193 5697 1257 5748 ἐκ
1279 5695 1461 5766 πάσης
1494 5694 1618 5750 add.
1683 5712 1748 5752 ex
1784 5694 1847 5752 Α.

490 5768 649 5822 τούτο
678 5768 824 5838 vuig.
918 5765 1094 5839 “Bitp
1113 5767 1236 5822 add.
1275 5783 1338 5822 ex
1374 5765 1434 5821 Α.

1384 5624 1405 5657 ⁸
1435 5624 1663 5700 πλησίον
1713 5625 1904 5699 αὖτῆς]
1937 5627 2353 5700 παρακειμένην
2379 5630 2445 5684 Δ.

2546 5629 2702 5685 ³⁰τδν
2726 5630 2852 5685 add.
2909 5648 2972 5687 ex
3042 5632 3104 5685 Α.
3186 5634 3225 5665 ¹¹
3282 5632 3373 5685 τὸν
3420 5632 3759 5697 κίνδυνονΑ,

1954 5698 1998 5771 ίὲ
2032 5700 2089 5752 ἐν
2133 5697 2437 5771 τούτῳᾺη
2479 5700 2522 5732 ’⁸
2553 5699 2916 5769 λογικώτατον
2967 5705 3033 5757 Α.
3114 5704 3235 5759 ηδε
3281 5702 3436 5757 τοῦτο
3488 5704 3630 5771 Λ,δὲ
3662 5706 3761 5761 καὶ

1516 5768 1556 5798 ¹⁷
1588 5768 1695 5821 τῶν
1715 5769 1837 5825 add.
1864 5785 1928 5823 cx
1964 5770 2027 5826 Λ.
2110 5770 2152 5803 ¹⁸
2192 5769 2483 5834 Χουοασάν
2514 5772 2559 5825 Α
2590 5789 2616 5827 a
