4072 6296
224 350 327 416 989

1519 348 2196 412 CHRONOGRAPHIA.

3394 346 3507 412 990

222 482 322 538 της
343 459 507 537 ἦλθον
538 465 686 519 κατὰ
702 464 772 519 τὰ
812 463 1063 537 τέλητοῦ
1094 463 1473 537 Σεπτεμϐρίου
1503 466 1669 536 μηνὸς
1708 465 1808 535 τῆς

1928 476 2066 521 "etur
2122 480 2186 521 ac
2228 466 2452 528 levaret,
2492 467 2844 529 c0nsulebat,
2914 466 2978 520 ad
3044 482 3207 536 quem
3270 475 3509 536 paterna:

223 560 475 630 πέμπτης
496 558 850 623 ινδικτιῶνος.
885 560 964 631 Τῇ
995 558 1052 612 δὲ
1106 560 1318 631 ἑσπέρᾳ
1346 561 1444 628 τῆς
1469 558 1693 630 πρώτης
1714 557 1810 612 τοῦ

234 650 565 723 Ὀκτωσρεου
615 651 786 723 μηνὸς
838 650 1356 723 προσκαλεσάμενος
1405 652 1741 721 Σταυράκιος
1766 652 1811 683 ³*

225 742 491 814 Στέφανον
517 745 841 815 δομέστικον
885 745 1171 816 ἐπηρώτα,
1216 744 1335 807 πῶς
1366 742 1434 798 ἂν
1475 741 1733 814 δυνηθείη
1766 744 1812 776 ³⁸

223 837 448 905 ἀγαγεῖν
476 837 699 909 Μιχαὴλ
720 838 812 891 τὸν
857 838 1108 911 γαμϐρὸν
1166 838 1335 893 αὑτοῦ
1393 840 1458 892 ἐκ
1512 837 1607 891 τοῦ
1662 835 1811 891 οἴκου

222 928 386 983 αξιτοῦ
435 929 572 1000 πρὸς
601 932 662 984 τὸ
684 930 1030 1000 ἐκτυφλῶσαι
1058 930 1101 961 ³⁸
1136 930 1303 985 αὐτόν
1327 969 1344 985 .
1397 930 1506 983 Τοῦ
1544 930 1601 985 δὲ
1627 930 1672 961 ³³
1704 931 1814 999 φή-

224 1036 418 1086 σαντος
438 1023 699 1078 ἀδύνατον
744 1018 888 1078 εἶναι
939 1023 1101 1078 τοῦτο
1128 1023 1172 1055 ³³
1206 1025 1384 1095 ταύτῃ
1438 1026 1506 1095 τῇ
1560 1022 1680 1096 ὥρᾳ
1722 1022 1812 1077 διὰ

221 1112 319 1185 τὴν
349 1112 482 1186 περὶ
511 1116 673 1170 αὑτὸν
696 1116 948 1186 δύναμιν,
985 1118 1078 1171 καὶ
1123 1117 1185 1171 τὸ
1212 1116 1308 1171 τοῦ
1339 1116 1385 1150 ³⁸
1435 1117 1602 1172 τόπου
1634 1120 1814 1188 ἀσφα-

222 1205 313 1271 λὲς
336 1209 438 1280 τῆς
479 1211 658 1273 οἰκίας
700 1210 892 1274 αὐτοῦ,
930 1209 1234 1284 παρεκάλει
1263 1211 1338 1283 μὴ
1368 1211 1679 1284 γνωσθῆναι
1704 1228 1814 1266 τινι

220 1302 289 1354 τά
326 1300 608 1373 λεχθέντα.
643 1302 702 1357 Ὀ
747 1303 803 1357 δὲ
831 1304 1012 1374 λόγοις
1067 1306 1346 1370 πειθανοῖς
1400 1304 1593 1367 πείσας
1647 1305 1812 1359 αὑτὸν

221 1395 548 1469 άμεριμνεῖν
578 1396 646 1463 ³³,
677 1397 743 1451 δι’
770 1396 899 1470 ὅλης
932 1399 1128 1464 νυκτὸς
1176 1401 1244 1453 τὰ
1308 1398 1727 1470 περιλειφθέντα
1765 1399 1812 1432 ³⁸

220 1488 328 1541 τῶν
352 1490 653 1562 ταγμάτων
685 1493 1069 1563 στρατεύματα
1098 1494 1409 1563 συνήγαγεν
1449 1496 1508 1548 ὲν
1554 1494 1633 1564 τῷ
1692 1509 1815 1548 σκε-

222 1583 415 1654 παστῷ
441 1585 762 1658 ἱπποδρόμῳ
796 1587 937 1658 μετὰ
970 1587 1080 1642 τῶν
1112 1588 1332 1644 οἰκείων
1365 1588 1645 1660 ἀρχόντων
1671 1586 1811 1659 πρὸς

221 1675 279 1728 τὸ
303 1677 676 1746 ἀναγορεῦσαι
723 1679 817 1735 τδν
854 1681 1020 1738 αὑτὸν
1048 1682 1271 1755 Μιχαὴλ
1309 1686 1391 1745 εἰς
1416 1682 1662 1754 βασιλέα.
1697 1684 1811 1736 Καὶ

222 1766 491 1850 iit-3366135
514 1770 701 1848 πάσης
733 1775 776 1811 ⁸⁷
801 1778 905 1849 τῆς
958 1774 1269 1848 συγκλήτου
1297 1775 1392 1831 τοῦ
1420 1776 1618 1848 ὄρθρου
1644 1779 1702 1831 ὲν
1732 1776 1812 1845 τῷ

222 1868 500 1941 παλατίῳ,
526 1868 718 1927 τοῦτον
773 1870 1152 1940 ἀνηγόρευσαν
1181 1867 1431 1940 βασιλέα,
1458 1869 1533 1934 ὡς
1560 1870 1689 1941 ἑξῆς
1714 1869 1812 1941 δη-

1839 1837 1887 1898 Β

1923 562 2207 616 sententiae
2271 559 2544 631 legitimus
2604 576 2911 627 successor,
2977 577 3036 617 se
3111 576 3224 616 non
3275 560 3519 632 amplius

1922 668 2085 722 quam
2115 653 2217 708 tria
2241 654 2439 708 talenta
2470 652 2765 711 restituere
2810 668 2974 725 posse
3004 653 3208 721 retulit,
3243 667 3367 725 quae
3424 653 3502 708 in-

1917 747 2190 817 justorum
2214 748 2333 817 ejus
2362 757 2641 818 raptorum
2675 749 2899 804 minima
2931 764 3058 819 pars
3102 755 3278 815 erant,
3347 760 3528 817 quam

1923 851 2105 896 tamen
2136 841 2279 896 filius
2306 842 2464 912 quasi
2500 843 2567 899 de
2600 844 2707 899 vita
2738 858 2969 900 securus
2998 842 3226 898 reddere
3284 848 3514 897 cuncta~

1920 932 2106 988 batur.
2148 932 2508 990 Paternorum
2545 935 2769 1007 insuper
2803 950 3017 991 morum
3049 933 3295 989 imitator
3323 930 3514 999 reddi-

1922 1036 2033 1093 tus,
2064 1042 2191 1083 cum
2236 1030 2422 1084 animo
2468 1029 2775 1085 inimicitiis
2829 1028 3235 1085 reconciliando
3286 1041 3531 1098 prorsus

1920 1138 2175 1178 aversum
2231 1138 2291 1180 se
2343 1123 2650 1190 exhiberet,
2720 1123 3102 1180 Theoctistum
3157 1123 3513 1193 magistrum,

1923 1217 2263 1286 Stephanum
2296 1216 2663 1274 domesticum
2697 1227 2752 1273 et
2783 1218 3105 1275 Michaelem
3137 1216 3515 1288 curopalatem

1921 1313 2122 1383 saepius
2148 1312 2499 1368 contumeliis
2527 1312 2729 1380 affecit,
2758 1311 3086 1384 Proc0piam
3118 1326 3337 1383 quoque
3354 1324 3516 1367 soro—

1920 1421 2037 1461 rem
2068 1406 2426 1468 vehementer
2449 1406 2842 1472 aversabatur,
2892 1404 3054 1477 quasi
3108 1402 3537 1473 Thcophauone

1919 1503 2164 1572 Augusta
2192 1502 2269 1556 ita
2327 1500 2589 1556 suadente
2646 1500 2751 1555 sibi
2812 1508 3064 1571 parasset
3119 1495 3371 1554 insidias.
3426 1492 3517 1549 ln-

1921 1593 2051 1650 felix
2107 1594 2256 1649 enim
2316 1594 2434 1649 hinc
2492 1594 2697 1649 femina
2746 1592 2919 1648 beatae
2982 1592 3166 1646 [renes
3242 1587 3516 1659 exemplo.

1923 1680 2183 1742 continuo
2210 1686 2265 1741 in
2298 1702 2451 1757 spem
2484 1686 2733 1757 potiundi
2759 1684 2977 1756 imperii
3008 1684 3178 1750 venit,
3234 1698 3359 1738 cum
3398 1682 3535 1737 sine

1924 1776 2115 1833 liberis
2139 1787 2306 1833 esset.
2336 1776 2664 1832 Stauracius
2700 1790 2829 1831 vero
2877 1774 3205 1848 aegritudine
3257 1768 3536 1829 remediis-

1914 1871 2173 1928 omnibus
2201 1872 2485 1942 superiore
2516 1886 2641 1927 cum
2665 1871 3006 1942 sejactatum
3032 1875 3302 1934 cerneret,
3334 1862 3517 1936 impe-

224 1963 553 2036 λωθήσεται.
584 1964 900 2039 Νικηφόρος
929 1964 984 2017 δὲ
1012 1965 1039 2018 ὁ
1064 1965 1411 2036 πατριάρχης
1455 1963 1733 2034 ἔγγραφον
1753 1963 1815 2031 ἐξ

1928 1966 2060 2022 rium
2092 1967 2311 2037 conjugi
2353 1981 2697 2039 comparare,
2736 1966 2824 2024 vel
2850 1967 2905 2023 in
2952 1966 3137 2038 populi
3183 1972 3531 2037 potestatem,

226 2057 516 2131 ἰδιοχείρου
551 2059 703 2131 παρὰ
750 2060 973 2130 Μιχαὴλ
1016 2058 1303 2131 ἀπῄτησεν
1356 2057 1618 2129 περὶτῆς
1647 2057 1817 2130 ὀρθῆς

1928 2059 2235 2133 reipublicae
2299 2061 2467 2117 totius
2521 2076 2794 2117 summam
2846 2074 3151 2124 revocare,
3193 2072 3316 2128 qua:
3366 2068 3520 2111 certe

222 2152 486 2216 πίστεως,
509 2151 607 2206 καὶ
632 2150 725 2206 τοῦ
755 2152 1128 2220 ἀναιμάκτους
1146 2150 1190 2183 ³⁸
1220 2151 1460 2220 φυλάξαι
1495 2149 1595 2213 τὰς
1627 2151 1816 2221 χεῖρας

1928 2152 2319 2223 βτωιειιίιοηιη]
2392 2152 2769 2209 calamitatum
2803 2152 3001 2208 fuisset
3040 2166 3282 2216 summa,
3316 2148 3520 2206 studiis

224 2244 332 2299 ἀπὸ
381 2244 749 2316 Χριστιανῶν,
777 2246 874 2299 καὶ
923 2244 1052 2317 περὶ
1115 2243 1412 2313 ἱερατικὼν
1443 2241 1751 2314 ἀνθρώπων
1780 2243 1815 2314 ἢ

1928 2247 2184 2303 omnibus
2206 2246 2605 2304 contendebat:
2631 2263 2738 2319 qua
2760 2262 2819 2303 re
2834 2246 3183 2318 Nicephorus
3205 2242 3525 2317 patriarcha

226 2338 507 2410 μοναχῶν,
537 2339 635 2392 καὶ
659 2338 797 2403 ὅλως
828 2339 922 2393 τοῦ
967 2336 1427 2406 ἐκκλησιαστικοῦ
1483 2336 1813 2405 καταλόγου,

1928 2349 1981 2396 et
2007 2340 2361 2397 Theoctistus
2394 2341 2677 2411 magister,
2709 2339 3169 2412 quemadmodum
3198 2346 3252 2393 et
3288 2335 3518 2392 Michael

221 2431 315 2486 τοῦ
348 2432 424 2504 μὴ
448 2431 752 2487 τύπτεσθαι
785 2433 917 2506 παρ’
949 2432 1140 2487 αὐτοῦ.

1928 2432 2277 2504 cm'opalates
2320 2433 2376 2487 in
2415 2441 2619 2487 metum
2663 2431 2906 2498 adducti,
2945 2446 3008 2486 ex
3044 2427 3332 2484 inimicitia
3368 2426 3519 2496 prius

223 2525 292 2582 ad
323 2525 562 2581 invicem
614 2526 855 2582 exercita
883 2527 935 2580 in
969 2524 1317 2581 concordiam
1352 2524 1634 2580 redierunt
1674 2525 1818 2581 circa
1856 2525 2062 2583 mensis
2097 2523 2439 2597 Septembris
2467 2527 2673 2582 exitum
2705 2525 3004 2581 indictione
3066 2523 3281 2596 quinta.
3348 2520 3537 2576 Porro

224 2624 433 2679 mensis
458 2620 713 2678 Octobris
772 2620 860 2676 die
917 2621 1097 2691 primo
1119 2619 1223 2676 sub
1249 2634 1533 2691 vesperam
1561 2618 1882 2675 Stauracius
1922 2618 2264 2690 Stephanum
2284 2620 2652 2677 domesticum
2682 2620 2750 2675 ad
2778 2636 2836 2676 se
2868 2619 3197 2676 accersitum
3219 2618 3523 2687 interroga.

224 2719 317 2781 vit,
346 2732 588 2788 quanam
622 2717 710 2772 via
740 2716 1061 2772 Michaelem
1103 2730 1170 2772 ex
1213 2729 1402 2772 sorore
1440 2715 1545 2771 sibi
1588 2713 1818 2770 levirum
1858 2714 2053 2783 oculis;
2083 2715 2414 2788 quantocius
2442 2715 2749 2771 orbandum
2778 2716 2943 2771 domo
3010 2721 3202 2785 posset
3267 2710 3533 2768 extrahe--

222 2810 332 2867 re!
360 2812 506 2880 quod
537 2811 629 2868 ille
658 2826 783 2867 cum
814 2810 887 2867 ob
958 2811 1491 2881 circumstipantium
1534 2810 1699 2874 vires,
1772 2820 1889 2866 tum
1929 2810 2000 2866 ob
2029 2811 2433 2867 incommodam
2463 2811 2613 2867 horae
2636 2817 3168 2882 tempestatem,tum
3195 2806 3431 2876 denique
3451 2803 3520 2858 ob

224 2907 660 2963 munitissimum
704 2908 901 2965 domus
932 2906 1053 2977 ejus
1083 2907 1271 2974 situm,
1312 2907 1457 2962 haud
1489 2906 1608 2963 fieri
1652 2924 1816 2979 posse
1852 2908 2226 2979 responderet,
2251 2907 2570 2965 Stauracius
2593 2926 2718 2966 cum
2750 2908 3073 2979 deprecatus
3109 2915 3213 2971 est,
3280 2920 3348 2960 ne
3414 2904 3528 2960 ista

224 3004 319 3061 Illi
351 3004 641 3060 revelaret.
672 3002 768 3059 Ille
799 3004 982 3060 verbis
1020 3003 1091 3059 ad
1159 3004 1501 3059 suadendum
1574 3007 1892 3076 compositis
1932 3021 1960 3061 a
1992 3022 2124 3062 cura
2156 3007 2473 3077 huiusmodi
2504 3008 2745 3064 alienum
2773 3022 2896 3064 esse
2925 3014 3103 3077 rogat,
3138 3018 3267 3077 mox
3302 3017 3400 3073 per
3436 3010 3523 3055 to-

224 3109 336 3155 tam
398 3106 615 3154 noctem
675 3098 728 3153 in
789 3098 946 3154 tectis
989 3094 1347 3169 Hippodromi
1393 3098 1531 3155 locis
1570 3098 1816 3155 collectis
1854 3100 2204 3155 residuorum
2225 3105 2501 3173 agminum
2524 3102 3000 3173 reliquiis,eorum
3066 3082 3526 3156 duces'Michae.

224 3198 329 3253 lem
386 3198 795 3253 reuuntiaturos
848 3196 1235 3265 imperatorem
1325 3195 1423 3252 illo
1479 3195 1827 3252 convocavit.
1871 3195 2110 3253 Senatus
2140 3197 2366 3269 insuper
2390 3200 2654 3271 palatium
2682 3199 2925 3255 diluculo
2987 3198 3343 3263 conveniens,
3417 3196 3525 3251 im.

226 3294 363 3366 perii
401 3302 729 3364 potestatem
773 3291 823 3349 ei
894 3289 1345 3347 committendam
1437 3291 1701 3358 decrevit,
1742 3303 1906 3363 prout
1944 3295 2305 3365 sequentibus
2322 3294 2708 3351 declarabitur.
2729 3293 3068 3366 Nicephorus
3096 3301 3276 3348 autem
3296 3291 3533 3362 patriar-

224 3392 331 3450 cha
364 3390 679 3447 cautionem
730 3386 946 3460 propria
1008 3382 1177 3457 418
1228 3402 1393 3441 manu
1426 3387 1684 3456 scriptam
1716 3401 1745 3440 a
1782 3385 2048 3443 Michaele
2100 3387 2310 3458 exegit,
2352 3388 2498 3458 quod
2533 3388 2649 3459 ipse
2678 3394 2885 3442 rectam
2951 3385 3109 3441 fidem
3174 3383 3524 3458 defensurus,

226 3499 539 3557 manusque
590 3499 621 3540 a
676 3482 1118 3539 Christianorum
1179 3479 1508 3537 effundendo
1555 3481 1823 3552 sanguine
1900 3483 2112 3539 alienas
2175 3492 2499 3540 servaturus
2526 3492 2694 3549 esset,
2740 3483 3101 3554 hominesque
3130 3497 3193 3536 ex
3224 3495 3384 3537 sacro
3412 3480 3528 3535 cle-
3631 3525 3635 3528 .

229 3583 478 3653 ricorum
528 3578 745 3646 ordine,
776 3579 861 3635 vel
906 3578 1232 3645 monachos,
1258 3585 1596 3649 caeterosque
1626 3592 1819 3635 omnes
1891 3578 1947 3635 in
2016 3581 2459 3639 ecclesiasticum
2509 3582 2822 3655 catalogum
2865 3581 3067 3637 relatos
3108 3578 3432 3636 verberibus
3473 3585 3529 3633 et

229 3672 457 3744 injuriis
486 3673 715 3728 minime
740 3671 994 3729 laesurus.

301 3768 473 3824 A.M.
504 3767 672 3825 6504.
718 3797 789 3808 —-
860 3766 1165 3838 Ῥωμαίων
1204 3757 1517 3834 ,ϐασιλέως
1576 3765 1820 3837 Μιχαὴλ

1996 3769 2063 3823 Α.
2100 3767 2164 3825 C.
2224 3768 2349 3825 804.
2396 3798 2468 3810 --
2506 3768 2869 3824 Romanorum
2908 3764 3246 3839 imperatoris
3290 3762 3529 3820 Michael

229 3865 370 3931 ἔτος
406 3868 482 3919 α’.

1937 3877 2111 3917 annus
2138 3861 2367 3933 primus.
2878 3929 2880 3931 γ

309 3954 598 4027 Τούτῳτῷ
625 3953 736 4009 ἔτει
770 3952 899 4024 μηνὶ
942 3950 1259 4023 Ὀκτωσρίῳ
1312 3948 1380 4025 β’,
1428 3950 1719 4006 ενδικτιῶνι
1765 3950 1822 4016 ε’1

2007 3952 2125 4010 Hoc
2144 3967 2290 4008 anno
2321 3950 2533 4009 mensis
2564 3944 2819 4006 Octobris
2840 3950 2927 4004 die
2955 3946 3197 4003 secundo
3229 3945 3527 4001 indictione

230 4056 266 4126 ἡ
278 4053 423 4126 μέρᾳ
438 4046 479 4104 ε’
483 4047 626 4120 ,ὥρᾳ
647 4044 942 4117 α’,Μιχαὴλ
953 4044 982 4099 ὁ
999 4044 1391 4108 εὐσεϐέστατος
1412 4062 1506 4099 κου
1515 4045 1831 4117 ροπαλάτης

232 4143 583 4220 ἀνηγορεύθη
600 4141 855 4215 βασιλεὺς
885 4140 1171 4210 Ῥωμαίων
1196 4142 1253 4194 ὲν
1282 4138 1361 4211 τῷ
1381 4139 1702 4212 ἱπποδρόμῳ
1726 4140 1833 4194 ὑπὸ

232 4238 421 4307 πάσης
442 4235 543 4307 τῆς
586 4231 893 4312 συγκλήτου
923 4231 1019 4286 καὶ
1048 4230 1161 4286 τῶν
1211 4230 1533 4302 ταγμάτων.
1591 4228 1833 4303 Σίταυρά-

234 4347 359 4395 me;
391 4329 449 4383 δὲ
478 4328 578 4399 τὴν
608 4325 801 4381 τούτου
822 4324 1187 4394 ἀναγόρευσιν
1219 4323 1480 4389 ἀκούσας,
1507 4322 1710 4377 αὐτίκα
1728 4322 1831 4395 τὴν

233 4426 419 4498 κόμην
444 4412 907 4495 ἀποκειράμενος,
941 4419 1211 4491 μοναχικὰ
1234 4418 1589 4491 περιεϐάλετο
1620 4418 1665 4451 ⁸⁹
1700 4418 1832 4490 ἱμά-

232 4538 327 4575 τια
358 4518 452 4574 διὰ
475 4515 705 4587 Συμεὼν
740 4512 975 4586 μοναχοῠ
997 4513 1296 4584 συγγενοῦς
1315 4512 1508 4581 αὑτοῦ,
1539 4511 1713 4567 πολλὰ
1735 4512 1830 4567 τδν

234 4614 595 4684 πατριάρχην
638 4607 1010 4679 ἐπιϐοώμενος
1034 4623 1049 4640 ⁶
1070 4607 1133 4671 ὃς
1165 4602 1338 4661 ἐλθὼν
1368 4608 1427 4660 ὲν
1471 4604 1550 4678 τῷ
1585 4606 1832 4679 παλατίῳ

234 4704 416 4761 πολλὰ
443 4702 784 4775 Σταυράκιον
820 4702 918 4756 σὺν
955 4699 1035 4768 τῷ
1084 4698 1296 4771 βασιλεῖ
1348 4699 1571 4771 Μιχαὴλ
1621 4701 1718 4755 καὶ
1761 4702 1829 4773 τῇ

234 4798 451 4875 ἁδελφῇ
483 4796 828 4870 παρεκάλουν
864 4797 941 4867 μὴ
994 4793 1285 4849 λυπεῖσθαι
1336 4795 1394 4849 ἐν
1434 4792 1513 4865 τῷ
1544 4795 1832 4864 γεγονότιθ

236 4896 302 4950 οὐ
331 4895 443 4966 γάρ
471 4891 597 4948 κατ’
620 4889 936 4961 ὲπιὸουλὴν,
959 4888 1095 4943 ἀλλὰ
1119 4890 1241 4943 κατ’
1268 4889 1580 4957 ἀπόγνωσιν
1608 4889 1709 4960 τῆς
1735 4889 1834 4943 αύ-

232 4986 333 5042 τοῦ
370 4986 541 5059 ζωῆς.
580 4984 639 5040 Ὃ
694 4985 752 5039 δὲ
810 4985 878 5056 τῇ
937 4985 1180 5054 πατρικῇ
1214 4984 1483 5057 ,πονηρίᾳ
1511 4984 1741 5052 λυττῶν,
1772 4985 1832 5038 οὐ

238 5080 567 5153 προσήκατο
608 5077 653 5111 ⁸⁸
696 5076 879 5130 εἰπὼν
911 5076 1049 5147 πρὸς
1126 5076 1289 5131 αὐτόν
1317 5094 1330 5108 ·
1393 5079 1584 5132 (OL/lor
1644 5076 1834 5133 αὑτοῦ

236 5174 559 5244 κρείττονα
579 5172 693 5241 οὐχ
722 5169 1025 5238 εὑρήσεις.
1044 5169 1191 5242 ’Ὦρα
1209 5169 1267 5223 δὲ
1291 5172 1526 5243 τετάρτῃ
1560 5170 1659 5242 τῆς
1692 5169 1830 5241 ἠμέ-

242 5283 348 5342 ρας
375 5264 616 5337 ὲστέφθη
645 5263 866 5336 Μιχαὴλ
910 5263 1014 5317 ὑπὸ
1039 5263 1083 5295 ⁸¹
1130 5263 1451 5335 Νικηφόρον
1487 5264 1831 5337 πατριάρχου

1934 4046 2150 4121 quinta,
2166 4044 2298 4101 feria
2319 4044 2674 4101 hebdomadis
2694 4044 2906 4116 quinta,
2931 4042 3063 4096 hora
3077 4041 3277 4111 prima,
3294 4038 3528 4094 Michael

1932 4139 2220 4211 piissimus
2280 4138 2622 4209 cur0palates
2649 4152 2679 4191 a
2720 4143 2910 4192 senatu
2940 4143 2997 4189 et
3025 4132 3353 4188 militaribus
3377 4130 3529 4186 ordi-

1935 4233 2096 4291 uibus
2118 4233 2171 4288 in
2185 4231 2555 4303 Hippodromo
2580 4232 2875 4302 imperator
2894 4228 3183 4283 salutatus.
3204 4223 3530 4281 Stauracius

1935 4336 2118 4383 autem
2150 4325 2498 4396 imperatoris
2536 4321 2761 4378 alterius
2792 4320 2976 4376 audita
3008 4316 3407 4390 designatione,
3432 4315 3530 4369 de-

1936 4422 2113 4477 tonsis
2139 4421 2285 4477 illico
2310 4418 2541 4489 capillis,
2562 4416 2925 4473 monasticum
2953 4414 3224 4480 habitum,
3255 4410 3529 4482 Symeone

1936 4516 2209 4572 monacho
2256 4514 2376 4586 ejus
2419 4511 2833 4584 consanguineo
2872 4510 3024 4565 illum
3060 4505 3399 4569 conferente,
3438 4504 3528 4559 iu-

1935 4610 2077 4679 duit,
2108 4616 2162 4666 et
2197 4607 2522 4679 patriarchae
2543 4620 2723 4676 opem,
2750 4619 2819 4661 ne
2844 4602 2949 4661 sibi
2979 4602 3251 4667 deficeret,
3279 4598 3536 4671 pluribus

1937 4701 2329 4773 interpellavit.
2380 4696 2701 4753 Palrinrclta
2756 4696 2813 4751 in
2870 4694 3141 4766 palatium
3190 4690 3472 4764 profectus
3508 4728 3525 4754 .

1938 4795 2285 4853 Stauracium
2315 4794 2519 4865 ipsum,
2561 4807 2669 4847 una
2704 4805 2829 4846 cum
2875 4790 3208 4859 imperatore
3243 4793 3300 4842 et
3335 4798 3538 4843 sorore

1937 4889 2280 4963 rogantibus,
2308 4887 2514 4943 mutuis
2544 4885 2770 4956 urgebat
2819 4882 3097 4955 precibus,
3133 4896 3203 4936 ne
3231 4874 3446 4935 insidiis
3472 4875 3539 4931 in-

1938 4981 2059 5052 ejus
2118 4981 2351 5037 salutem
2415 4976 2715 5044 struendis,
2761 4975 2860 5032 sed
2914 4975 3206 5044 desperato
3245 4970 3369 5026 vita:
3408 4968 3537 5039 ejus

1940 5076 2131 5143 statui,
2197 5073 2346 5145 quod
2390 5082 2600 5145 gestum
2636 5077 2776 5134 erat,
2816 5067 3143 5125 ascriberet.
3193 5065 3245 5121 ls
3289 5070 3533 5135 paternae

1937 5170 2197 5242 nequitiae
2258 5175 2570 5224 sectaturus
2617 5163 2928 5234 exemplum
2980 5160 3038 5215 in
3089 5158 3299 5215 rabiem
3347 5164 3533 5220 actus,

1942 5261 2227 5334 respondit
2274 5277 2291 5317 :
2341 5259 2586 5315 Amicum
2635 5255 2909 5311 meliorem
2963 5268 3046 5307 me
3104 5267 3206 5305 non
3274 5246 3528 5304 invenies.

237 5362 302 5414 ὲν
370 5358 448 5432 τῷ
498 5357 712 5431 ἄμϐωνι
771 5358 870 5427 τῆς
932 5356 1190 5427 Μεγάλης
1261 5356 1612 5429 Ἐκκλησίας,
1670 5359 1754 5428 ἐφ’
1802 5351 1822 5425 ξ

1956 5356 2165 5425 Quarta
2196 5369 2328 5411 vero
2359 5353 2469 5409 diei
2494 5353 2631 5407 hora
2656 5351 2708 5406 in
2728 5349 2964 5405 amboue
2993 5344 3201 5415 Magnae
3224 5342 3471 5400 ecclesiae
3498 5356 3538 5397 α

240 5452 403 5525 κοινὴ
433 5452 753 5524 ἀγαλλίασις
777 5451 1021 5520 γέγονεν,
1076 5449 1171 5504 καὶ
1229 5450 1543 5522 ἐδωρήσατο
1589 5449 1669 5521 τῷ
1728 5466 1836 5503 πα-

1939 5449 2255 5522 Nicephoro
2266 5446 2579 5521 patriarcha
2599 5443 2824 5501 Michael
2843 5448 3137 5499 coronatus
3149 5440 3252 5505 est,
3269 5452 3393 5495 cum
3414 5452 3531 5491 ma-

1541 5567 1781 5625 VARUE
1827 5564 2128 5625 LECTION
2135 5564 2237 5623 ES.

349 5672 399 5744 '_'
434 5670 774 5744 Σταυράκεος
803 5669 940 5744 add.
965 5685 1044 5744 ex
1080 5669 1143 5724 Α.

241 5741 344 5815 τοῦ
370 5741 430 5799 δὲ
459 5740 604 5815 vulg}
658 5742 705 5815 ξ’
734 5740 893 5796 τοῦτο
915 5740 1040 5815 add.
1082 5755 1147 5815 ex
1187 5740 1254 5797 A.

245 5814 295 5888 3‘.
314 5811 623 5888 περιλειιῐθι
654 5813 722 5881 Δ,
755 5813 968 5888 MM:
994 5811 1165 5888 Ws.-
1253 5811 1299 5845 ³⁷
1320 5811 1633 5888 “#51150”-
1668 5812 1735 5869 A-

251 5884 299 5918 “
326 5882 647 5963 προκήκατο
677 5884 826 5960 vulg.
848 5882 860 5886 ⁷
907 5885 954 5918 δι
986 5882 1094 5939 ὑπὸ
1124 5884 1189 5953 Α,
1224 5882 1380 5957 παρὰ
1410 5882 1553 5956 vulg.

1848 5810 1893 5844 ³⁸
1911 5809 2269 5883 ἀναιμάκτοις
2296 5808 2361 5864 Α.

1235 5668 1281 5703 ³⁸
1302 5668 1560 5742 δυνηθείη
1593 5672 1660 5739 Α,
1685 5669 1891 5739 δυνηθῇ
1922 5666 2073 5738 vulg.
2141 5666 2185 5697 ³¹
2214 5664 2443 5736 ὲκτυφλ.
2485 5663 2552 5728 Α,
2586 5660 2746 5732 τυφλ.
2782 5660 2931 5787 Ἡιιῖ
3046 5657 3094 5691 ³¹
3124 5654 3221 5711 τοῦ
3254 5656 3312 5710 δὲ
3338 5656 3407 5725 Α,
3439 5655 3527 5711 αύ-

1241 5782 1253 5787 -
1366 5740 1413 5773 ιδ
1433 5742 1530 5787 καὶ
1554 5742 1616 5787 τὸ
1662 5739 1761 5787 amo}
1807 5740 1874 5787 Α-
1905 5740 2003 5787 καὶ
2043 5736 2141 5787 τοῦ
2175 5737 2322 5787 vuln.
2420 5736 2469 5770 ³⁸
2498 5734 2831 5787 ὰαεοιιινεῖν
2931 5767 2947 5787 .
3011 5728 3328 5787 ἀμεριμνᾶν
3374 5728 3527 5787 vuln.

1366 5737 1616 5794 ἰκαὶτδ
1647 5737 1761 5795 ’τοῦ
1805 5737 2003 5802 Αζκαὶ
2032 5737 2141 5793 τοῦ
2175 5737 2322 5808 vulg.
2420 5737 2469 5770 ³⁸
2498 5737 2831 5808 ἀμεριμνεζν
2878 5737 2947 5808 Δε

2420 5728 2989 5879 "seiugata,
3011 5728 3336 5873 egeas.
3374 5728 3529 5872 ult:
