4046 6302
500 328 608 393 9θό

1879 309 2373 371 THEOI’HANIS

3641 297 3760 367 996

494 434 796 508 deliquium
854 431 1010 488 horis
1063 427 1242 485 tribus
1296 434 1349 480 et
1400 422 1574 480 media
1636 421 1932 487 continuis,
2002 420 2070 474 ab

2189 420 2268 472 ιαί
2322 417 2677 488 παραινέσεσι
2741 416 3125 487 κατεσίγησεν.
3164 416 3225 468 Oi
3265 413 3319 468 δὲ
3354 412 3653 485 Βούλγαροι
3683 415 3761 467 τὰ.

498 506 693 583 octava
766 524 1029 580 nimirum
1096 520 1229 575 hora
1289 517 1359 571 ad
1420 514 1766 570 undecimam
1833 506 2113 567 duravit.»

498 616 697 673 Mensis
730 623 914 670 autem
960 610 1115 667 Junii
1166 609 1256 665 die
1307 608 1522 664 decimo
1571 606 1799 676 septimo
1847 603 2074 659 Michael

498 729 550 767 ιιι
587 709 855 777 Bulgams
907 705 1244 776 profectione
1276 709 1553 772 suscepta,
1609 697 1824 753 itineris
1867 697 2073 751 sociam

496 800 726 855 Tzulum
779 814 955 869 usque
1010 794 1336 866 Procopiam
1374 806 1599 847 uxorem
1648 790 1860 843 habuit.
1907 786 2076 843 Porro

498 909 623 948 cum
680 890 979 947 Crummus
1036 888 1398 959 Bulgarorum
1431 883 1544 939 dux
1602 883 1881 938 Debeltnm
1928 880 2077 935 obsi-

497 987 659 1043 dione
692 988 952 1057 cepisset,
1002 983 1310 1054 oppidanos
1344 995 1455 1035 una
1492 993 1617 1033 cum
1651 977 1910 1046 episcopo
1956 974 2077 1043 ejus

514 1096 575 1137 se
608 1079 860 1150 potestati
887 1075 1269 1131 submittentes
1296 1073 1351 1128 in
1384 1076 1665 1141 regionem
1691 1069 1851 1124 aliam
1889 1080 2075 1121 trans-

500 1174 748 1245 portavit.
800 1171 1060 1226 Militares
1112 1176 1292 1223 autem
1334 1164 1617 1221 Michaelis
1651 1164 1818 1233 copiae
1843 1161 2079 1216 maxime

498 1261 700 1332 Opsicii
725 1270 777 1316 et
799 1258 1219 1321 Thracensium,
1245 1256 1502 1327 pessimis
1540 1254 1874 1309 nefariorum
1904 1253 2079 1321 impe-

503 1355 703 1410 ratoris
741 1352 1184 1408 eonsiliariorum
1214 1349 1576 1404 hortamentis
1626 1347 1691 1401 ad
1750 1346 1973 1401 insidias
2027 1354 2083 1399 et

500 1446 863 1502 contumelias
887 1460 947 1501 se
976 1449 1367 1500 converterunt
1412 1456 1427 1506 ;
1475 1452 1616 1508 quos
1655 1437 1884 1492 Michael
1923 1435 2081 1489 donis

504 1550 557 1593 et
583 1538 833 1593 oratione
856 1536 924 1591 ad
946 1550 1040 1591 eos
1064 1534 1251 1589 habita
1281 1532 1537 1587 delinitos
1567 1532 1619 1584 in
1650 1528 1899 1584 ordinem
1930 1542 2081 1582 com-

503 1630 703 1701 posuit.
731 1628 835 1684 Ubi
862 1626 1094 1681 Romani
1119 1624 1391 1681 exercitus
1421 1622 1744 1680 seditionem
1780 1635 1831 1676 et
1856 1621 1927 1674 ob
1958 1619 2083 1674 belli

503 1724 617 1777 sive
668 1720 723 1775 in
780 1719 980 1777 castris
1009 1728 1063 1774 et
1100 1727 1290 1788 aperto
1322 1716 1515 1781 Marte,
1562 1715 1678 1770 sive
1724 1713 1779 1768 in
1815 1711 2081 1783 praesidiis

502 1813 816 1871 sustinendi
854 1820 1057 1867 metum
1091 1810 1187 1866 eos
1215 1808 1539 1864 tumultuari
1571 1806 1789 1883 Bulgari
1820 1820 2075 1876 percepe-

503 1915 653 1972 runt,
693 1907 743 1960 in
784 1902 1076 1959 Thraciam
1111 1911 1275 1972 atque
1312 1898 1685 1956 Macedoniam
1726 1898 1889 1954 latins
1927 1912 2080 1969 gras-

503 2002 607 2058 sati
672 2007 824 2055 sunt.
878 1997 991 2053 Sub
1031 1997 1084 2052 id
1122 2005 1356 2066 tempus,
1410 1994 1677 2049 Anchialo
1728 2000 1782 2047 et
1823 1990 2083 2046 Berrhoaa

503 2092 760 2157 desertis,
794 2092 1014 2147 nemine
1054 2090 1403 2160 insequente,
1435 2078 1619 2156 fugam
1650 2083 1946 2141 Christiani
1995 2097 2086 2137 ar-

504 2187 723 2258 ripuere
751 2204 764 2240 :
793 2182 1145 2252 Nicaeamque
1205 2190 1257 2237 et
1311 2178 1536 2235 Probati
1576 2189 1840 2241 castrum,
1877 2185 1931 2231 et
1977 2176 2085 2230 alia

504 2280 751 2351 quzedam
789 2276 1088 2332 munitiora
1138 2274 1278 2340 loca,
1320 2271 1781 2345 quemadmodum
1812 2268 2085 2338 Philippo-

506 2372 700 2443 polim,
731 2370 1015 2439 Philippos
1046 2375 1101 2423 et
1136 2366 1484 2438 Strymonem
1508 2364 1809 2420 incolentes
1840 2362 2087 2417 occasio-

504 2479 627 2519 nem
654 2462 819 2528 nacti,
845 2462 898 2517 in
926 2461 1128 2532 patrias
1150 2475 1279 2516 suas
1303 2459 1429 2530 fuga
1451 2472 1509 2514 se
1530 2466 1873 2527 receperunt.
1908 2456 2089 2510 Exsti-

505 2558 570 2611 tit
598 2557 715 2612 haec
745 2555 931 2611 divina
961 2553 1099 2609 ultio
1144 2550 1434 2623 Nicephori
1490 2549 1762 2606 insaniam
1820 2548 2085 2605 condem-

509 2665 668 2715 nans,
696 2663 827 2719 qua,
857 2663 980 2717 quae
1017 2644 1442 2718 praeclarissima
1489 2643 1609 2713 ejus
1634 2642 1773 2713 apud
1835 2640 2088 2697 homines

506 2742 777 2798 aestimata
807 2738 1075 2806 facinora,
1109 2737 1311 2809 quibus
1343 2736 1460 2808 ipse
1494 2734 1785 2805 plurimum
1817 2734 2085 2803 gloriaba-

508 2844 628 2901 tur,
669 2833 882 2903 penitus
935 2829 1144 2900 dilapsa
1202 2838 1564 2884 evanuerunt.
1628 2827 1838 2881 Etenim
1872 2837 1930 2882 ut
1976 2827 2088 2896 ple-

509 2943 708 2998 rasque
742 2926 972 2981 istorum
998 2923 1052 2978 in
1085 2921 1441 2994 opinionibus
1462 2921 1786 2993 pravitates,
1810 2929 1863 2975 et
1906 2920 2088 2975 Pauli-

505 3022 788 3078 cianorum
846 3028 900 3074 et
955 3017 1394 3086 Athinganorum
1450 3014 1927 3078 iconoclastarum,
1981 3011 2087 3068 Te-

2175 513 2275 582 τῆς
2330 512 2573 575 στάσεως
2626 510 2892 581 μαθόντες
2934 509 3042 563 τῶν
3074 508 3523 579 στρατευμάτων,
3555 508 3649 559 καὶ
3671 507 3762 561 ὅτι

2176 604 2502 675 πτοοὺμενοι
2556 603 2649 657 τὸν
2701 604 2936 673 πόλεμον
2982 603 3081 656 καὶ
3134 602 3224 655 τὸν
3282 601 3589 667 ταξατιῶνα
3622 601 3763 654 ἁταο

2180 696 2389 762 κτοῦσι,
2422 695 2582 749 πλέον
2615 685 2948 765 κατίσχυσαν
2986 696 3210 768 Θρᾴκης
3255 694 3351 748 καὶ
3391 693 3757 756 Μακεδονίας.

2180 786 2312 840 Τότε
2357 787 2455 839 καὶ
2503 786 2788 857 ’Λγχίαλον
2852 787 2946 839 καὶ
2973 788 3202 857 Βεροίην
3230 785 3460 853 ἀφέντες
3491 786 3761 857 Χριστιασ

2179 880 2280 942 νοὶ,
2329 878 2553 948 ἔφυγον,
2613 879 2838 949 μηδενὸς
2892 879 3200 940 διώκοντος,
3266 878 3501 932 Νίκαιάν
3554 894 3615 930 τε
3659 878 3760 931 καὶ

2178 974 2303 1025 τὸ⁶⁸
2334 972 2429 1026 τοῦ
2487 972 2769 1041 Προΰὰτου
2792 971 3052 1042 κάστρον,
3084 972 3176 1025 καὶ
3201 970 3337 1023 ἄλλα
3375 971 3498 1024 τινὰ
3545 971 3764 1041 ὀχυρῶ-

2186 1082 2353 1136 ματα,
2380 1064 2645 1128 ὡσαύτως
2670 1067 2764 1120 κα¹ι
2786 1065 2883 1137 τὴν
2900 1064 3167 1118 Φιλιππου
3179 1065 3326 1120 πολιν
3345 1066 3437 1119 καὶ
3459 1064 3761 1128 Φιλίππους

2182 1158 2277 1210 καὶ
2309 1156 2400 1210 τὸν
2429 1156 2729 1228 Στρυμῶνα
2757 1156 3031 1220 οίκοῦντες
3060 1158 3105 1190 ⁶⁹
3141 1160 3381 1228 μέτοικοι
3430 1157 3762 1227 προφάτεως

2180 1250 2546 1321 δραξάμενοι,
2593 1252 2651 1303 ὲν
2702 1252 2814 1312 τοῖς
2869 1250 3020 1315 ίδίοις
3085 1251 3379 1319 φεύγοντες
3425 1250 3758 1321 ἐπανῆλθον.

2184 1341 2355 1394 Τοῦτο
2401 1341 2459 1393 δὲ
2514 1336 2583 1411 ἦν
2644 1340 2907 1410 θεομηνία
2953 1342 3053 1410 τὴν
3114 1342 3208 1394 τοῦ
3264 1342 3582 1413 Νικηφόρου
3654 1360 3763 1410 μα-

2182 1435 2300 1487 νίαν
2358 1433 2743 1503 ὲλέγχουσαιο,
2786 1432 2854 1485 δι’
2910 1433 2979 1505 ἢν
3035 1435 3105 1487 τὰ
3159 1434 3419 1488 δοκοῦντα
3468 1434 3763 1506 κατορθιῦ⁴

2188 1544 2334 1596 ματα
2365 1526 2552 1589 αὑτοῦ,
2590 1522 2776 1595 ὲφόἷς
2824 1524 3004 1597 ηὔχει,
3062 1527 3296 1596 τάχιστα
3353 1527 3761 1585 διαπέπτωκεν.

2186 1619 2294 1671 Καὶ
2340 1618 2439 1681 τὰς
2461 1620 2504 1651 ⁷¹
2528 1619 2638 1673 τῶν
2664 1618 2874 1673 πολλῶν
2927 1619 3270 1683 κακοδοξίας,
3324 1620 3418 1672 καὶ
3440 1619 3539 1683 τὰς
3561 1619 3763 1689 θεομάο

2184 1730 2313 1782 χους
2365 1712 2606 1783 αἱρέσεις
2648 1713 2759 1785 (56)
2789 1711 3195 1777 πλεοναξούσας
3247 1714 3632 1769 Παυλικιανῶν
3668 1718 3765 1769 καὶ

2196 1804 2532 1873 Ἀθιγγάνων
2564 1805 2993 1859 εἰκονοκλαστῶν
3026 1807 3122 1859 καὶ
3166 1807 3503 1878 Τετραδιτῶν
3528 1809 3765 1875 ἀφέντες

2184 1898 2460 1952 αἰτιᾶσθαι
2504 1898 2655 1971 (ἀφῶ
2687 1899 2795 1969 γὰρ
2852 1898 3030 1967 λέγειν
3087 1902 3332 1970 μοιχείας
3360 1902 3762 1971 καὶπορνείας,

2185 1993 2473 2059 ἀσελγείας
2505 2009 2563 2044 τε
2610 1994 2707 2045 καὶ
2753 1992 3058 2060 ἐπιορκίας,
3123 1994 3491 2063 μισαδελφίας
3531 2011 3593 2048 τε
3668 1996 3766 2049 καὶ

2187 2084 2519 2149 πλεονεξίας,
2581 2086 2675 2139 καὶ
2702 2086 2809 2140 τῶν
2830 2085 3034 2139 λοιπῶν
3062 2086 3440 2159 παρανομιῶν)
3482 2088 3626 2141 κατά
3651 2088 3766 2141 τῶν

2187 2178 2348 2234 θείων
2370 2180 2464 2233 καὶ
2489 2180 2706 2234 σεπτῶν
2738 2181 2966 2234 εἰκόνιον
2994 2182 3087 2235 καὶ
3117 2180 3210 2235 τοῦ
3242 2183 3530 2251 μοναδικοῦ
3549 2184 3594 2214 ⁷³
3631 2183 3769 2255 σχή-

2190 2289 2358 2343 ματος
2416 2273 2630 2328 ἐκίνουν
2670 2275 2770 2337 τὰς
2822 2274 3093 2345 γλώσσας,
3162 2276 3557 2348 μακαρίζοντες
3609 2279 3770 2331 Κων·

2190 2368 2463 2420 σταντίνον
2518 2367 2609 2421 τὸν
2638 2367 3022 2423 θεοϐδέλυκτον
3045 2370 3140 2423 καὶ
3159 2369 3490 2441 τρισάθλιον,
3515 2370 3591 2434 ὡς
3620 2370 3768 2427 κατά

2188 2456 2514 2530 Βουλγάρων
2567 2459 2988 2530 ἀριστεύσαντα,
3030 2461 3102 2513 δι’
3168 2463 3256 2533 ἣν,
3300 2463 3494 2515 ἐκεῖνοι
3547 2463 3766 2526 ἀσεϐῶς

2188 2548 2374 2618 ἔλεγον
2408 2552 2456 2604 oi
2486 2550 2735 2618 τάλανες,
2785 2549 2933 2623 εἶχεν
2964 2554 3267 2609 εὐσέϐειαν,
3296 2556 3357 2608 Of
3390 2556 3443 2608 δὲ
3476 2556 3618 2609 κατὰ
3649 2556 3766 2628 (57)

2189 2644 2287 2714 τὴν
2332 2642 2581 2713 βασιλίδα
2610 2644 2764 2698 πόλιν
2790 2644 3091 2709 ὡπλίζοντο
3124 2646 3222 2717 τὴν
3272 2646 3551 2715 ὀρθόδοξον
3580 2648 3768 2702 πίστιν

2194 2735 2332 2803 μετὰ
2387 2734 2606 2790 σύνοδον
2671 2738 3062 2810 οίκουμενικὴν
3111 2739 3479 2810 ἀνατρέπειν,
3528 2742 3767 2811 τυφλοὺς

2191 2823 2501 2895 βουλόμενοι
2550 2826 2855 2897 βασιλεύειν
2883 2831 3052 2900 χωρὶς
3085 2829 3242 2892 Θεοῦ,
3276 2831 3325 2883 oi
3363 2833 3769 2902 πεπηρωμένοι

2190 2916 2286 2980 τὰς
2305 2918 2502 2987 ψυχὰς,
2558 2919 2686 2981 τοὺς
2716 2920 2869 2984 υἱοὺς
2907 2922 3320 2977 Κωνσταντίνου
3350 2923 3448 2977 τοῦ
3476 2923 3768 2995 Θεομάχου

2192 3011 2635 3081 φρουρουμένους
2684 3013 2743 3063 ὲν
2792 3016 2857 3083 τῇ
2910 3012 3187 3084 Πανόρμῳ
3243 3015 3394 3085 νήσῳ
3451 3016 3648 3085 κλέψαι
3678 3018 3766 3070 διὰ

509 3114 940 3183 traditarnmque
965 3110 1200 3167 haereses
1221 3107 1333 3165 Deo
1363 3102 1581 3174 exesas,
1616 3115 1671 3163 et
1720 3107 1927 3177 pridem
1969 3122 2086 3161 sera

2192 3102 2387 3167 νυκτὸς
2438 3104 2844 3174 ἠϐουλήθησαν,
2898 3106 2991 3158 καὶ
3049 3108 3336 3175 ἀγαγεῖν⁷³
3376 3109 3455 3170 εἰς
3494 3108 3554 3161 τὸ
3599 3110 3767 3180 στρά-

508 3218 697 3279 pentes
724 3207 978 3262 incusare
1015 3204 1258 3261 desinam
1300 3202 1587 3275 (adulteria
1615 3201 1841 3272 quippe,
1870 3210 2085 3271 stupra,

509 3298 788 3363 libidines,
856 3294 1095 3367 perjuria
1157 3294 1387 3350 fratrum
1467 3293 1794 3357 discordias,
1846 3292 2090 3362 rapinas,

508 3402 815 3461 ceteraque
844 3404 1033 3445 eorum
1062 3388 1267 3444 scelera
1314 3386 1369 3441 in
1396 3386 1570 3441 lucem
1596 3382 1841 3456 proferre
1868 3393 2091 3453 praeter-

510 3484 597 3551 eo)
626 3481 716 3536 isti
756 3488 905 3534 certe
940 3477 1302 3533 Constantino
1359 3475 1581 3531 homine
1637 3473 1746 3529 Deo
1809 3489 1977 3529 exoso
2038 3482 2094 3529 et

513 3584 597 3628 ter
626 3571 845 3627 infelice
868 3571 1011 3626 inter
1034 3570 1222 3625 beatos
1251 3567 1534 3635 collocato,
1571 3569 1727 3638 quasi
1779 3569 1870 3638 qui
1902 3568 2096 3623 adver-

509 3680 608 3723 sus
631 3663 911 3736 Bulgaros,
946 3662 1016 3718 ob
1058 3677 1205 3725 eam,
1244 3677 1353 3732 qua
1381 3661 1695 3732 praestabat,
1736 3669 1795 3715 nt
1824 3662 1926 3731 ipsi
1988 3662 2095 3717 mi-

511 3758 622 3815 seri
658 3756 1050 3828 praedicabant,
1088 3755 1368 3826 pietatem,
1395 3753 1652 3825 praeclare
1675 3767 1735 3808 se
1790 3754 2045 3825 gessisset
2076 3781 2092 3832 ς

513 3850 746 3908 subinde
773 3850 1039 3906 adversus
1091 3862 1280 3904 sacras
1314 3859 1369 3904 et
1401 3846 1740 3903 venerandas
1803 3847 2091 3918 imagines.

513 3956 571 3999 et
598 3942 963 3998 monasticum
1003 3941 1245 3997 habitum
1282 3940 1495 4011 linguas
1514 3940 2099 4008 exacuebant,eorum-

513 4037 641 4094 dum
688 4046 868 4092 autem
936 4034 1226 4095 nonnulli.
1280 4032 1646 4104 imperatricis
1704 4033 1855 4088 urbis
1904 4030 2097 4087 incola:

522 4128 743 4194 redditi,
800 4144 832 4182 a
887 4127 1076 4199 synodi
1130 4127 1483 4181 mcumenicze
1522 4125 1681 4197 421
1748 4137 1990 4194 tempore
2039 4128 2092 4181 in

519 4222 885 4277 orthodoxam
913 4220 1070 4275 Iidem
1097 4236 1248 4275 arma
1289 4230 1343 4274 et
1376 4220 1517 4275 bella
1556 4220 1916 4289 instruebant,
1964 4220 2096 4290 ipsi-

517 4329 626 4385 que
686 4312 981 4368 animabus
1030 4312 1307 4379 exeaecati,
1374 4310 1719 4367 Constantini
1768 4311 1863 4367 Dei
1924 4313 2096 4369 hostis

519 4406 684 4471 filios,
743 4404 992 4461 homines
1043 4404 1134 4460 Dei
1171 4405 1414 4473 ignaros,
1446 4413 1501 4459 et
1541 4405 1784 4461 caecitate
1834 4421 2093 4476 corporea

2195 3214 2370 3269 τευμα
2392 3213 2405 3227 ·
2435 3197 2546 3251 ἀλλ’
2571 3200 2598 3251 ὀ
2625 3197 2828 3269 Κύριος
2846 3199 2892 3231 ⁷⁸
2916 3200 3140 3262 τούτους
3166 3200 3524 3273 κατῄσχυνεν,
3564 3203 3766 3271 διεγεί-

2199 3307 2298 3359 ρας
2353 3290 2573 3362 Μιχανὴλ
2625 3291 2714 3345 τὸν
2770 3292 3162 3347 εὐσεϐέστατον
3216 3294 3295 3357 είς
3345 3294 3627 3364 ἐκδίκησιν
3668 3296 3767 3366 τῆς

2194 3381 2474 3452 ἀληθείας.
2510 3383 2821 3455 Διαλεχθεὶς
2847 3385 2955 3455 γὰρ
2982 3386 3051 3438 τὰ
3077 3386 3261 3438 εἰκότα
3301 3387 3429 3456 περὶ
3453 3387 3500 3427 ⁷⁸
3531 3388 3767 3453 πίστεως

2195 3478 2307 3541 τοῖς
2349 3477 2498 3542 λαοῖς
2537 3479 2938 3544 ἀνυποκρίτως,
2990 3477 3278 3543 ἀνέζευξεν
3341 3480 3434 3532 ἐπὶ
3464 3479 3563 3550 τὴν
3610 3479 3766 3550 βασι-

2195 3568 2460 3623 λεύουσαν
2477 3570 2651 3627 πόλιν.
2688 3571 2798 3626 Καὶ
2822 3569 2988 3640 σοφὸν
3024 3569 3348 3641 διανοηθεὶς,
3385 3571 3510 3634 τοὺς
3539 3570 3766 3635 πολλοὺς

2195 3665 2305 3720 τῶν
2349 3665 2719 3736 νεωτεριστῶν
2746 3664 2812 3719 δι’
2848 3666 3044 3734 ὀλίγων
3095 3664 3319 3734 πληγῶν
3369 3666 3765 3739 κατεπτόησε-ι,

2196 3756 2448 3828 ὲξορίσας
2477 3756 2572 3810 καὶ
2609 3756 2736 3820 τοὺς
2760 3755 3174 3811 Κωνσταντίνου
3198 3756 3432 3825 τυφλοὺς
3455 3760 3652 3822 παῖδας
3688 3761 3768 3823 είς

2208 3851 2505 3921 ’Δφουσίαν
2524 3851 2570 3888 ⁷⁸
2598 3848 2732 3921 (58),
2763 3851 2859 3904 ἕνα
2884 3849 2940 3903 δὲ
2968 3849 3080 3903 τῶν
3100 3851 3491 3921 ὲμπεριάκτων
3507 3852 3550 3884 ⁷⁷
3602 3852 3769 3923 ψευδο

2196 3942 2466 4014 ερημίτην
2484 3942 2750 3997 Νικολάου
2768 3942 2861 3996 τοῦ
2878 3943 3249 4010 Ἐξακιονίτου
3282 3947 3552 4015 συνγόητα
3583 3948 3769 4001 εἰκόνα

2196 4036 2297 4107 τῆς
2330 4036 2604 4104 παναγίας
2656 4036 2920 4092 Θεοτόκου
2960 4036 3195 4104 ξέσαντα
3226 4041 3318 4095 καὶ
3345 4041 3689 4112 ἀτιμάσαντα
3723 4043 3769 4076 ⁷³

2198 4128 2702 4201 ὲγλωσσοτὸμησεν,
2756 4130 2903 4195 ὅστις
2966 4133 3327 4203 συντέθνηκεν
3372 4137 3471 4187 σὺν
3522 4137 3590 4206 τῇ
3620 4134 3769 4207 ψυχῇ

2199 4222 2293 4276 καὶ
2312 4221 2389 4292 τῷ
2438 4222 2654 4293 σώματι
2688 4237 2703 4254 ⁸
2756 4224 2849 4277 τὸν
2876 4223 2933 4277 δὲ
2976 4224 3186 4289 τούτοις
3209 4227 3255 4258 ⁷⁹
3286 4223 3574 4297 σύμφρονα
3604 4226 3773 4283 Νικόο

2196 4313 2324 4367 λαον
2346 4314 2815 4386 ἐπαγγειλάμενον
2845 4320 3147 4388 μετανοεῖν,
3178 4319 3270 4372 ἐπὶ
3304 4318 3521 4372 πάντων
3549 4319 3778 4392 ἐθριάμ-

2198 4408 2414 4476 6ευσεν,
2438 4409 2933 4482 ἔξομολογοὺμενον
2968 4412 3035 4466 τὰ
3058 4413 3253 4467 ἑαυτοῦ
3285 4413 3465 4467 κακά’
3500 4415 3595 4468 καὶ
3627 4432 3775 4486 παρ-

515 4500 826 4562 danmatos,
853 4506 907 4554 et
933 4498 987 4552 in
1020 4498 1291 4553 Panormo
1316 4497 1491 4554 insula
1520 4499 1778 4553 custodite
1839 4500 2086 4566 traditos,

2197 4501 2400 4555 έδωκεν
2447 4478 2610 4557 αὐτὸν
2648 4504 2714 4556 ἐν’
2739 4478 3083 4575 μοναστηρίῳ
3140 4506 3277 4576 πρὸς
3299 4505 3359 4559 τὸ
3392 4507 3469 4577 μὴ
3506 4478 3772 4574 αὐτεξου-

518 4603 684 4647 noctu
725 4607 911 4648 secum
953 4606 1164 4660 rapere,
1205 4598 1259 4645 et
1289 4591 1351 4644 ad
1389 4591 1653 4647 militares
1708 4592 1925 4647 ordines
1966 4608 2094 4664 pro-

513 4686 710 4741 ductos
730 4684 796 4739 ad
826 4684 1040 4754 imperii
1069 4684 1264 4737 solium
1292 4683 1590 4752 provehere
1622 4685 1892 4740 consiliati
1940 4694 2087 4753 sunt,

2200 4595 2330 4659 σίως
2378 4596 2608 4664 διάγειν.
2636 4598 2760 4660 Τοῖς
2790 4597 2847 4651 δὲ
2881 4597 3029 4661 λαοῖς
3068 4598 3423 4664 σιλεντιακῶς
3459 4601 3506 4633 ⁸⁸
3548 4601 3646 4654 ἐπὶ
3672 4603 3776 4669 τῆς

2196 4690 2537 4762 Μαγναύρας
2568 4689 2892 4761 διαλεχθεὶς,
2917 4691 2986 4745 τὰ
3020 4691 3119 4762 τῆς
3161 4694 3303 4746 κατά
3325 4693 3457 4746 Θεὸν
3479 4692 3648 4747 αὐτοῦ
3678 4694 3776 4747 εὖ·

1830 4801 2060 4859 VAltIAE
2100 4804 2501 4863 LECTIONES.

590 4899 637 4933 “
667 4915 760 4952 κα.
781 4915 812 4950 τ
865 4896 990 4951 and.
1021 4912 1083 4950 ex
1110 4898 1172 4949 Α.
1243 4897 1286 4928 ⁶⁹
1306 4894 1587 4957 οἰκοῦντας
1610 4896 1753 4963 vulg.
1835 4899 1881 4930 "°
1907 4899 2202 4969 ἐλέγχουσα
2223 4902 2289 4965 A,
2323 4902 2591 4971 ἑλέγξασα
2638 4902 2785 4971 vulg.

602 4970 830 5022 ἀγαγεῖν
869 4970 936 5022 Α.
972 4968 1213 5022 εἰσάγειν
1256 4967 1401 5022 vuln.
1484 4965 1665 5017 ⁷⁸ἀλλ’
1699 4969 1819 5021 ὁΚ.
1879 4972 1945 5022 Α.
1977 4972 2115 5022 ἀλλὰ
2167 4974 2237 5022 Κ-
2329 4975 2471 5022 rule.
2533 4974 2577 5006 ⁷⁸
2646 4975 2776 5022 περὶ

1209 4984 1213 5004 ν
1256 4973 1442 5052 vulg.'
1484 4973 1665 5017 πάλλ’
1699 4973 1819 5049 ὸζί.
1879 4973 1945 5029 Α.
1977 4973 2115 5025 ἀλλὰ
2167 4974 2237 5027 Κ.
2329 4975 2471 5043 vulg.
2533 4974 2577 5006 ⁷⁸
2646 4975 2776 5045 περὶ
2840 4973 2905 5037 Α,
2949 4973 3047 5038 τῆς
3107 4975 3251 5038 vulg.
3324 4973 3371 5003 "
3414 4973 3681 5040 Ἀφασίαν
3734 4973 3773 5026 l'.

1209 5038 1253 5069 ⁷⁸
1282 5039 1622 5107 ἀτιμασαντα
1644 5038 1710 5103 Λ,
1744 5043 2089 5112 ατιμήσαντα
2149 5045 2296 5114 vulg.
2355 5046 2399 5077 ⁷⁹
2421 5044 2631 5110 τούτοις
2658 5045 2725 5108 Α,
2755 5043 2947 5097 τούτου
2980 5043 3125 5114 vulg.
3192 5045 3237 5075 ’θ
3268 5042 3619 5105 σιλεντιακῶς
3642 5042 3773 5099 add.

519 4970 569 5003 ⁷³
602 4970 830 5038 ἀγαγεῖν
869 4970 936 5031 Α,
972 4968 1213 5034 εἰσάγειν
1256 4967 1401 5036 vulg.

516 5042 564 5074 ⁷⁷
594 5038 1009 5109 ἐκπερισάκτων
1053 5040 1119 5092 Α.

515 5128 582 5167 ex
622 5109 688 5165 Α.

2870 4901 2993 4955 "oi
3042 4902 3143 4965 τὰς
3202 4902 3265 4954 Α.
3338 4899 3689 4971 ⁷¹μοναχικοῦ
3718 4917 3771 4958 e.

2329 4975 2471 5043 vnlg.
2502 4974 2577 5045 7"
2646 4975 2776 5045 περὶ
2835 4973 2905 5045 ΛΑ,
2949 4973 3065 5045 τῆς,
3107 4975 3251 5038 vulg.
3324 4972 3371 5045 ⁷⁸
3414 4971 3681 5045 Ἀφασίαν

1849 5206 1995 5263 JAC.
2030 5206 2249 5265 COARI
2284 5209 2514 5265 ΝΟΤἈΕ.

592 5301 704 5372 (56)
734 5298 1126 5372 "uirorumque
1157 5316 1346 5369 pravas
1383 5302 1655 5371 opiniones
1712 5301 1928 5372 (nempe
1960 5318 2095 5357 con-

517 5371 784 5442 «πωπω
799 5371 891 5424 Dei
919 5372 1075 5442 ultio)
1103 5374 1193 5442 qui
1224 5373 1469 5427 adversus
1496 5375 1600 5427 Deo
1617 5371 1836 5428 haereses
1856 5373 1961 5426 late
1984 5390 2097 5426 ser-

516 5454 698 5517 pentes
736 5440 1194 5509 Panficianoru‘m,
1238 5444 1581 5517 _etc.,ntissas
1614 5445 1890 5513 facientes,
1913 5453 2098 5496 contra

516 5514 727 5569 divinas
777 5530 841 5566 ac
876 5520 1200 5566 uenerandus
1223 5514 1510 5583 ~imagines,
1538 5529 1600 5567 ac
1630 5517 1977 5567 monasticam
1999 5515 2099 5568 lia-

519 5586 689 5639 bium
716 5585 926 5654 linguas
978 5584 1273 5637 movebant.
1321 5584 1420 5637 llic
1471 5589 1665 5653 planus
1700 5600 1895 5640 sensus
1934 5600 2094 5655 quem

520 5656 710 5711 Graeca
740 5655 961 5721 habent,
994 5669 1057 5709 ac
1086 5656 1275 5707 Anast.
1304 5656 1565 5710 redditus.
1597 5657 1885 5711 Counsris.

590 5726 705 5799 (57)
744 5724 920 5793 Regia:
941 5735 1121 5799 autem
1140 5724 1281 5775 urbis
1301 5726 1443 5799 cives
1467 5727 1535 5799 ad
1552 5727 1703 5795 fidem
1730 5724 2095 5799 orthodoxam,

517 5796 637 5867 quia
650 5808 766 5865 post
785 5796 1038 5867 synodum
1061 5796 1426 5849 acumcnt'cam
1454 5797 1749 5854 obtinuerat
1770 5797 2097 5853 evertendam

2201 5318 2255 5355 se
2283 5303 2649 5373 accingebnm,
2682 5303 2908 5358 volentes
2943 5304 2999 5358 in
3024 5318 3187 5357 cacas
3215 5302 3327 5356 sine
3357 5300 3463 5373 Deo
3481 5302 3777 5373 transferre

2202 5390 2375 5445 rerum
2408 5372 2669 5427 summam
2691 5389 2710 5428 :
2736 5391 2898 5445 eoque
2922 5374 3044 5429 caeci
3076 5374 3277 5445 animo,
3321 5372 3479 5445 impii
3507 5372 3775 5445 Constan-

2203 5443 2303 5497 tini
2339 5445 2501 5513 ﬁlios,
2544 5460 2738 5514 nempe
2761 5442 2891 5499 olim
2920 5444 3281 5514 Constantino
3303 5442 3481 5498 devoti
3504 5444 3674 5511 cives,
3695 5445 3774 5500 uti

2196 5515 2374 5568 visum
2452 5517 2504 5568 in
2539 5513 2689 5570 Irene
2711 5525 2763 5569 et
2792 5514 3038 5570 Tarasio.
3082 5513 3163 5568 In.

2274 5584 2387 5656 (58)
2416 5584 2653 5639 Insulam
2695 5584 3090 5656 Propontidos;
3124 5584 3419 5655 Ophiusam
3447 5584 3773 5656 ~correctius

2202 5653 2427 5727 dixeris,
2456 5656 2520 5710 ad
2553 5670 2717 5725 quam
2754 5653 2955 5725 Joseph
2990 5653 3514 5727 Thessalonicensis,
3563 5666 3620 5711 et
3654 5654 3775 5727 eius

2204 5724 2372 5781 frater
2394 5724 2716 5783 Theodorus
2746 5724 2959 5783 Studita
2991 5726 3334 5783 exsularunt.
