4046 6302
355 439 357 441 ι
428 359 564 426 1007
1431 348 1921 413 THEOPHANIS
1962 345 2626 411 CHRONOGRAPHIA
3571 341 3704 410 1008

424 471 744 535 deterritus,
782 468 1109 525 insidiarum
1157 466 1210 522 in
1258 481 1388 525 suos
1446 475 1806 528 structarum,
1863 464 2007 534 quod

2138 464 2322 521 ;ἐκνων
2357 462 2525 519 αὐτοῦ
2567 461 3127 536 περισωθησομένων,
3160 464 3209 517 εἰ
3238 460 3381 516 οὕτω
3423 478 3706 535 προχειρι-

424 565 603 621 oculis
638 563 926 636 probabat,
956 570 1278 633 apparatum
1313 559 1677 624 existimaret,
1699 573 1769 613 ac
1802 573 1871 615 ne
1922 556 2039 612 fu--
2122 557 2273 629 etiam
2307 574 2412 620 τις.

378 650 385 679 τ
424 657 639 730 gientes
672 657 1117 728 insequerentur,
1164 668 1295 711 suos
1324 653 1622 723 aliquando
1653 652 1949 710 detinuerit
1992 670 2006 707 :
2051 651 2139 705 ubi
2171 667 2301 707 vero
2333 650 2630 723 praecipitis
2689 650 2854 725 426
2892 638 3169 721 ejusmodi
3192 649 3333 721 fugae
3425 649 3707 705 veritatem

389 753 829 821 animadvertit,
866 753 1051 808 hostes
1084 767 1113 805 a
1177 760 1327 821 tergo
1397 750 1718 814 insectatus,
1787 748 1981 805 castris
2019 763 2209 804 eorum
2247 756 2301 802 et
2332 748 2533 819 epimis
2562 748 2755 818 spoliis
2819 748 3069 819 direptis,
3122 755 3369 818 stragem
3409 745 3705 801 maximam

425 845 949 916 edidit.lmperator
974 843 1178 914 pariter
1202 840 1329 912 fuga
1358 842 1577 912 elapsus
1600 856 1787 897 versus
1852 842 2042 895 urbem
2084 839 2275 910 pedem
2324 840 2615 906 referebat,
2671 850 2726 896 et
2802 840 3069 895 militares
3125 839 3350 895 ordines
3403 847 3458 893 et
3515 851 3713 893 eorum

426 937 691 991 ductores
745 934 1054 991 maledictis
1116 934 1422 997 incessens,
1476 932 1689 1005 imperii
1726 941 1994 1001 potestate
2034 948 2155 987 sese
2173 933 2556 988 abdicaturum
2592 933 2719 989 dato
2748 933 3113 1005 jurejurando
3166 933 3444 1005 pollicitus
3508 940 3614 997 est,
3656 939 3720 984 ac

414 1024 599 1084 Leoni
633 1026 864 1101 patricio
890 1035 944 1082 et
975 1026 1334 1081 Orientalium
1363 1023 1510 1091 duci,
1540 1040 1640 1080 ceu
1710 1026 1830 1080 viro
1889 1027 2089 1096 pietate
2129 1025 2432 1095 conspicuo
2460 1033 2513 1081 et
2544 1026 2768 1080 militari
2804 1026 3009 1081 virtute
3036 1025 3318 1097 prtestanti
3362 1042 3427 1080 ac
3467 1026 3581 1096 jam
3610 1023 3718 1078 rei-

429 1124 660 1195 publicae
698 1121 1149 1178 administranda
1176 1121 1399 1187 idoneo,
1446 1118 1740 1176 confestim
1801 1119 2018 1189 aperuit
2054 1120 2372 1187 consilium,
2410 1121 2505 1178 sed
2538 1136 2606 1176 eo
2645 1120 2969 1191 dignitatem
3007 1122 3151 1176 ultro
3222 1121 3458 1176 delatam
3522 1120 3723 1177 admit-

430 1228 545 1273 tere
595 1222 909 1281 recusante,
972 1212 1275 1267 thematum
1337 1212 1701 1282 regendorum
1758 1220 2030 1281 potestate
2070 1210 2176 1281 ipsi
2213 1211 2429 1277 relicta,
2460 1210 2615 1267 Junii
2668 1212 2758 1268 die
2799 1212 3061 1268 vicesimo
3124 1220 3321 1279 quarto
3362 1211 3718 1280 imperantem

413 1312 618 1366 urbem
681 1308 943 1379 repetiit:
978 1322 1043 1361 ac
1102 1304 1391 1376 imperium
1442 1304 1662 1376 quidem
1716 1305 2011 1376 deponere,
2053 1305 2334 1376 aliumque
2359 1307 2662 1377 principem
2706 1307 2765 1360 in
2822 1307 3083 1360 thronum
3128 1304 3424 1374 subregare
3488 1301 3723 1357 medita-

432 1415 543 1467 tus,
581 1404 649 1458 ab
685 1416 855 1457 uxore
885 1409 938 1456 et
979 1399 1301 1471 proceribus
1343 1414 1614 1454 summam
1648 1407 1769 1470 post
1796 1413 1921 1453 eum
1963 1399 2016 1453 in
2058 1401 2497 1459 administranda
2569 1401 2847 1472 republica
2914 1406 3234 1471 potestatem
3300 1397 3535 1467 adeptis,
3589 1411 3724 1454 con-

430 1503 613 1561 silium
641 1501 867 1573 exsequi
896 1515 1004 1555 non
1026 1508 1112 1555 est
1133 1498 1463 1570 permissus.
1536 1498 1682 1553 Sane
1749 1498 2094 1569 Nicephorus
2169 1502 2553 1557 sanctissimus
2587 1498 2896 1571 patriarcha
2952 1496 3246 1569 prepositis
3301 1494 3720 1559 assentiebatur,

428 1612 554 1663 cum
610 1595 895 1657 nimirum,
934 1593 978 1648 si
1012 1607 1079 1648 eo
1108 1603 1270 1663 pacto
1326 1606 1504 1648 novus
1545 1591 1843 1662 imperator
1876 1592 2279 1664 designaretur,
2342 1595 2458 1666 ipse
2519 1594 2755 1651 Michael
2789 1600 2844 1650 et
2874 1593 3028 1649 liberi
3093 1590 3214 1662 ejus
3279 1590 3584 1646 incolumes
3640 1587 3724 1643 fa-

427 1692 535 1748 cile
561 1691 741 1746 forent
767 1688 1037 1746 salvandi.

497 1809 712 1864 Interea
784 1804 957 1860 duces
1032 1805 1411 1877 militaresque
1473 1806 1643 1878 copiae
1700 1822 1894 1865 omnes
1954 1808 2021 1865 de

2196 1810 2262 1866 Oi
2284 1811 2341 1864 δὲ
2378 1812 2673 1883 στρατηγοὶ
2732 1810 2826 1865 καὶ
2851 1810 2918 1863 τὰ
2950 1807 3131 1879 πλήθη
3167 1805 3430 1877 μαθόντες
3455 1805 3546 1858 τὸν
3569 1804 3722 1875 βασι-

408 1897 781 1971 imperatoris
839 1895 968 1968 fuga
1010 1897 1275 1955 certiores
1320 1897 1499 1965 factae,
1553 1900 1624 1956 ab
1684 1900 2026 1971 ejuscemodi

429 1991 655 2048 homine
683 1990 948 2061 imperari
975 2006 1085 2046 non
1114 1991 1352 2062 amplius
1394 1990 1680 2047 ferendum
1715 2002 1867 2059 ratae,
1896 2008 2030 2048 eon-

427 2082 552 2138 silio
604 2082 745 2137 inter
795 2095 856 2137 se
918 2080 1079 2146 inito,
1126 2079 1366 2137 Leonem
1404 2078 1772 2137 Orientalium
1832 2084 2025 2139 ducem

430 2174 579 2229 bono
629 2171 850 2244 publico
900 2171 1239 2240 consuleret,
1296 2180 1351 2228 et
1399 2174 1767 2229 Christianam
1806 2157 2028 2245 rempu-

427 2267 630 2323 blicam
670 2266 906 2336 erigeret
956 2275 1317 2336 rogaverunt.
1376 2265 1467 2321 Ille
1523 2267 1737 2322 ruinam
1795 2268 2029 2338 imperio

430 2357 809 2412 imminentem
845 2368 901 2411 et
932 2354 1329 2419 Barbarorum,
1375 2357 1472 2428 qui
1506 2357 1603 2412 vix
1639 2357 1864 2429 reprimi
1899 2376 2026 2430 pos-

432 2460 580 2521 sent,
650 2452 923 2507 violentas
983 2450 1346 2506 excursiones
1408 2460 1592 2508 mente
1657 2453 2027 2522 perpendens.

432 2549 674 2617 ﬁdeique
728 2561 859 2617 erga
900 2545 1263 2615 imperatores
1294 2545 1579 2601 servanda:
1623 2546 1820 2616 suique
1856 2545 2030 2616 ipsius

432 2658 462 2696 a
520 2639 733 2709 fraudis
785 2638 908 2694 labe
967 2641 1270 2694 immunem
1330 2637 1675 2694 custodiendi
1746 2640 2031 2695 studiosus

430 2738 620 2808 aliquo
668 2746 914 2806 tempore
966 2734 1235 2800 substitit,
1288 2743 1344 2789 et
1391 2748 1492 2804 pro
1532 2734 1741 2788 riribus
1775 2732 2031 2801 dignitati

431 2829 784 2887 admittenda:
840 2842 1025 2883 moras
1068 2827 1345 2898 opposuit.
1374 2825 1448 2882 At
1488 2841 1611 2882 cum
1670 2828 1881 2881 hostem
1913 2842 2029 2883 ma-

431 2925 553 2997 gnis
581 2922 870 2978 itineribus
902 2921 971 2976 ad
1012 2923 1206 2977 urbem
1251 2919 1586 2976 contendere
1617 2920 2029 2983 animadvertit,

433 3032 464 3071 a
494 3015 807 3088 patriarcha
836 3014 1163 3084 Nicephoro,
1196 3027 1357 3084 quem
1389 3012 1457 3067 de
1484 3021 1632 3069 recta
1660 3028 1758 3068 sua
1780 3013 1833 3067 in
1859 3012 2029 3067 Detun

433 3108 543 3165 ﬁde
580 3108 872 3164 certiorem
919 3105 1069 3172 fecit,
1126 3116 1187 3161 ut
1236 3120 1304 3161 ex
1366 3104 1545 3175 ipsius
1594 3114 1758 3173 nutu,
1807 3115 1864 3160 et
1909 3105 2030 3176 ejus

2116 1903 2232 1957 ,λὲα
2288 1904 2643 1973 πεφευγέναι,
2687 1902 3020 1969 ἀπογνόντες
3047 1900 3108 1953 τὸ
3158 1897 3544 1970 βασιλεύεσθαι
3590 1897 3723 1970 παρ’

2135 1997 2325 2063 αὑτοῦ,
2352 1997 2536 2051 λοιπὸν
2565 1999 2661 2052 καὶ
2705 1995 3128 2066 βουλευσάμενοι
3173 1992 3296 2048 καθ’
3329 1991 3578 2057 ἑαυτοὺς,
3608 1992 3727 2046 £60-

2138 2088 2354 2143 σώπουν
2372 2088 2579 2143 Λέοντα
2598 2088 2689 2141 τὸν
2725 2086 3029 2159 στρατηγὸν
3058 2085 3166 2142 τῶν
3206 2085 3573 2141 Ἀνατολικῶν
3596 2085 3724 2157 βοη-

2137 2180 2298 2253 θῆσαι
2324 2179 2401 2251 τῷ
2428 2180 2613 2250 κοινῷ,
2647 2181 2859 2250 καὶτῆς
2885 2178 3235 2252 Χριστιανῶν
3288 2178 3567 2242 πολιτείας
3592 2178 3724 2233 ἀνθο

2137 2273 2382 2339 ἐξασοαι.
2429 2272 2487 2326 '0
2508 2273 2564 2329 δὲ
2596 2271 2763 2344 μέχρι
2793 2272 2891 2341 μέν
2920 2288 3063 2333 τινος
3091 2270 3338 2341 σφοδρῶς
3366 2267 3719 2334 ἀνεόάλλετο,

2136 2365 2231 2420 τοῦ
2265 2365 2460 2436 καιροῦ
2518 2364 2921 2436 στοχαζόμενος
2970 2365 3031 2418 τὸ
3055 2364 3409 2436 δυσάντητον,
3465 2364 3564 2417 καὶ
3621 2362 3724 2434 τῆς

2138 2458 2246 2511 τῶν
2262 2457 2559 2531 βαρϐάρων
2588 2457 2902 2530 ἐπιδρομῆς
2925 2457 2986 2511 τὸ
3005 2457 3351 2520 ἀνύποιστον,
3373 2457 3472 2511 καὶ
3502 2456 3562 2511 τὸ
3587 2456 3725 2527 πρὸς

2136 2552 2265 2616 τοὺς
2304 2551 2689 2622 βασιλεύοντας
2716 2550 3003 2621 φυλάττων
3033 2550 3194 2622 ὀρθὸν
3213 2551 3308 2604 καὶ
3339 2548 3725 2603 ἀνεπιϐούλευο

2136 2662 2228 2699 τον
2243 2646 2309 2699 ³³.
2354 2645 2509 2699 Ἐπεὶ
2538 2645 2593 2699 δὲ
2626 2644 2767 2699 κατὰ
2790 2648 2890 2716 τῆς
2920 2644 3130 2709 πόλεως
3153 2643 3245 2698 τὸν
3269 2643 3464 2715 ἐχθρὸν
3504 2645 3728 2712 ἔπειγό-

2140 2754 2302 2805 μενον
2355 2736 2639 2802 ἐθεάσατο,
2687 2736 2891 2807 γράφει
2951 2736 3048 2807 μὲν
3081 2735 3385 2807 Νικηφόρῳ
3413 2734 3491 2806 τῷ
3521 2752 3727 2807 πατρι-

2140 2832 2282 2904 άρχῃ
2307 2832 2377 2885 τὰ
2409 2832 2658 2903 περὶτῆς
2699 2831 2900 2885 ἑαυτοῦ
2956 2830 3265 2903 ὀρθοδοξίας
3308 2830 3727 2900 ,διαῦεΰαιούμε-

2137 2942 2248 2991 νος,
2281 2925 2448 2979 αἰτῶν
2503 2925 2645 2996 μετά
2678 2925 2777 2988 τῆς
2826 2924 2993 2995 εὐχῆς
3053 2924 3149 2979 καὶ
3182 2924 3517 2989 ἐπινεύσεως
3558 2924 3725 2979 αὑτοῦ

2138 3017 2233 3071 τοῦ
2277 3017 2516 3088 κράτους
2583 3017 2968 3071 ἐπιλαϐέσθαι.
3001 3017 3110 3070 Καὶ
3158 3016 3485 3072 καταλαόὼν
3521 3017 3582 3071 τὸ
3621 3017 3727 3086 πρὸ

2137 3112 2238 3183 τῆς
2296 3111 2507 3176 πόλεως
2558 3111 2934 3183 τριόουνάλιον
2964 3110 3082 3183 ἄμα
3108 3113 3223 3176 τοῖς
3266 3113 3593 3183 στρατηγοῖς
3632 3111 3725 3164 καὶ

434 3214 599 3274 prece
655 3198 859 3255 comite
920 3196 1229 3267 projectum
1277 3196 1501 3268 colligat
1560 3195 1879 3267 imperium,
1937 3210 2032 3267 per

2138 3206 2249 3269 τοῖς
2285 3204 2690 3277 στρατεύμασιν
2720 3205 3093 3277 ἐννομώτατος
3121 3204 3376 3276 βασιλεὺς
3430 3204 3724 3275 Ῥωμαίων

431 3295 648 3351 litteras
687 3292 939 3364 expetiit.
1001 3289 1143 3347 Tum
1189 3305 1320 3346 vero
1369 3290 1607 3347 ducibus
1649 3298 1705 3345 et
1761 3290 2036 3346 universis

432 3387 753 3460 agminibus
826 3386 1088 3458 stipatus,
1132 3385 1184 3441 in
1244 3384 1609 3441 tribunalium
1663 3392 1791 3439 ante
1841 3385 2033 3441 urbem

438 3481 675 3550 positum
734 3478 1137 3544 conscendens,
1184 3477 1464 3549 legitimus
1518 3476 1893 3533 Romanorum
1936 3479 2038 3532 im-

436 3582 655 3645 perator
685 3574 983 3639 salutatur,
1011 3572 1304 3643 medioque
1324 3571 1440 3643 jam
1474 3572 1564 3627 die
1587 3571 1823 3644 Cpoleos
1856 3582 2033 3643 porta,

434 3684 560 3741 quae
603 3668 813 3740 Chryse
844 3668 1077 3731 dicitur,
1116 3668 1424 3737 ingressus,
1460 3666 1516 3721 in
1554 3667 1756 3734 regiam
1803 3682 1863 3722 se
1901 3681 2035 3721 con-

436 3761 560 3816 fert.
588 3758 824 3815 Michael
856 3758 1053 3816 Leonis
1088 3758 1475 3828 designatione
1502 3757 1711 3823 audita,
1744 3772 1868 3810 cum
1888 3755 2034 3816 Pro-

395 3854 590 3923 .copia
623 3861 678 3908 et
708 3852 897 3908 liberis
939 3854 997 3907 in
1045 3851 1372 3916 oratorium,
1416 3850 1565 3920 quod
1614 3849 1680 3905 ad
1720 3849 1899 3905 forum
1930 3858 2035 3915 est,

436 3945 1032 4017 confugiens,.capillis
1061 3944 1328 4011 detonsis,
1361 3958 1471 3998 una
1517 3957 1642 3997 cum
1693 3943 1808 3999 suis
1843 3959 2037 3999 mona-

438 4041 638 4096 sticum
695 4039 942 4095 habitum
998 4038 1198 4093 induit.
1253 4036 1479 4091 Postera
1542 4036 1686 4101 luce,
1747 4052 1868 4106 qua:
1905 4036 2037 4109 Julii

442 4133 644 4189 mensis
668 4132 771 4187 fuit
795 4131 1104 4196 undecima,
1132 4128 1437 4185 indictione
1460 4140 1636 4194 sexta,
1665 4127 1796 4183 feria
1830 4128 2037 4184 hebdo-

441 4225 624 4280 madis
658 4224 920 4290 secunda,
954 4223 1010 4278 in
1062 4221 1271 4293 Magnae
1314 4219 1562 4277 ecclesiae
1602 4221 1838 4276 amboue
1885 4236 1916 4275 a
1942 4220 2039 4277 Ni-

439 4318 679 4389 ccpltoro
711 4316 1023 4387 patriarcha
1056 4322 1384 4379 coronatus,
1429 4314 1582 4369 urbis
1628 4329 1816 4370 muros
1849 4314 1918 4370 de
1948 4314 2039 4370 die

440 4420 497 4468 et
556 4420 719 4466 nocte
751 4408 1070 4478 diligentius
1098 4406 1365 4464 custodiri
1420 4408 1714 4478 praecepit:
1752 4408 1868 4478 ipse
1907 4422 2039 4462 vero

441 4512 669 4560 cunctos
717 4502 988 4567 excitans,
1018 4511 1074 4557 et
1105 4501 1170 4557 ad
1206 4500 1485 4556 meliorem
1532 4516 1685 4570 spem
1719 4502 2034 4572 concipien-

2136 3297 2534 3353 ἀναδείκνυται.
2575 3296 2686 3356 Kal.
2719 3296 2997 3370 μεσούσης
3030 3296 3245 3369 ἡμέρας
3274 3297 3333 3350 ὲν
3367 3297 3721 3351 Κωνσταντι·

2137 3391 2389 3446 νουπόλει
2442 3389 2532 3446 διὰ
2558 3391 2662 3461 τῆς
2695 3390 2923 3461 Χρυσῆς
2958 3389 3166 3461 πόρτης
3200 3388 3532 3460 εἰσέρχεται,
3557 3406 3727 3445 καταε-

2138 3482 2319 3540 λαϐὼν
2350 3483 2418 3539 τὰ
2464 3482 2736 3555 βασίλεια.
2783 3482 3004 3554 Μιχαὴλ
3030 3482 3095 3536 δὲ
3129 3480 3378 3546 ἀκούσας
3407 3481 3506 3554 τὴν
3533 3481 3723 3535 τούτου

2137 3577 2503 3649 ἀναγόρευσιν
2535 3578 2594 3630 ὲν
2626 3576 2702 3647 τῷ
2724 3575 3001 3647 εὐκτηρίῳ
3023 3572 3117 3633 τοῦ
3144 3574 3320 3646 ,φόρου
3356 3574 3725 3646 προσδραμὼν

2140 3672 2238 3725 σὺν
2301 3672 2585 3742 Προκοπίᾳ
2642 3671 2877 3733 καὶτοῖς
2923 3668 3104 3727 αὐτῶν
3146 3669 3382 3735 τέκνοις,
3423 3668 3726 3741 ἀποκειρά-

2141 3778 2294 3831 μενοι
2336 3760 2436 3825 τὰς
2477 3760 2670 3833 τρίχας
2706 3759 2975 3831 μοναχικά
3006 3759 3415 3833 περιεϐάλοντο,
3454 3760 3534 3832 Τῇ
3566 3759 3623 3813 δὲ
3657 3777 3726 3812 ια’

2139 3854 2234 3907 τοῦ
2276 3854 2498 3908 Ἰουλίου
2533 3854 2699 3925 μηνὸς
2728 3848 2862 3925 ἕκτῃ
2902 3853 3216 3913 ίνδικτιῶνι,
3254 3852 3435 3926 ἡμέρᾳ
3459 3852 3721 3926 δευτέρα,

2137 3949 2205 4018 τῇ
2236 3946 2499 4015 ἐπαύριον
2536 3946 2786 4015 στεφθεὶς
2819 3946 2923 3998 ὑπὸ
2946 3946 3266 4027 Νικηφόρου
3299 3946 3645 4017 πατριάρχου
3672 3949 3726 3999 ἐν

2137 4039 2216 4111 τῷ
2277 4040 2492 4109 άμϐωνι
2557 4040 2655 4109 τῆς
2705 4039 2966 4110 Μεγάλης
3002 4036 3369 4109 Ἐκκλησίας,
3429 4039 3501 4092 τὰ
3587 4039 3728 4093 κατὰ

2140 4132 2239 4204 τὴν
2271 4132 2427 4185 πόλιν
2481 4132 2808 4202 προστάττει
2844 4130 3218 4204 φρουρηθῆναι
3258 4132 3325 4185 τά
3352 4131 3505 4202 τείχη
3532 4133 3727 4195 νυκτὸς

2140 4226 2234 4279 καὶ
2266 4225 2502 4296 ἡμέρας,
2568 4225 2732 4289 αὐτὸς
2777 4223 2843 4278 δι’
2904 4225 3100 4281 ἑαυτοῦ
3152 4225 3530 4296 περιπολεύων
3564 4264 3581 4291 ,
3637 4225 3726 4279 καὶ

2144 4320 2351 4382 πάντας
2389 4318 2688 4385 διεγείρων,
2741 4316 3028 4382 εὐέλπιδας
3050 4333 3110 4371 τε
3146 4315 3429 4389 παραινῶν
3460 4312 3625 4384 εἶναι,
3654 4316 3726 4380 ὼς

2140 4409 2234 4462 τοῦ
2300 4410 2435 4463 Θεοῦ
2468 4408 3092 4482 παραδοξοποιήσαντος,
3142 4410 3395 4480 τάχιστα,
3443 4408 3535 4463 διὰ
3591 4426 3728 4479 πρετ

2146 4502 2346 4556 σῦειῶν
2386 4503 2488 4573 τῆς
2525 4501 2907 4573 παναχράντου
2949 4501 3214 4556 Θεοτόκου
3251 4503 3348 4555 καὶ
3376 4503 3597 4558 πάντων
3620 4503 3728 4556 τῶν

441 4595 568 4650 dam
603 4595 879 4657 animans,
907 4592 1078 4648 Deum
1108 4591 1477 4647 immaculata
1505 4591 1598 4647 Dei
1620 4592 1783 4665 427
1798 4592 2032 4663 genitri-

2145 4594 2337 4662 ἁγίων,
2370 4560 2573 4665 καί-μὴ
2606 4560 2781 4664 πάντη
2812 4592 3276 4666 καταισχυνθῆναι
3327 4595 3727 4667 παραχωρούν-

441 4687 524 4741 cis
552 4695 980 4754 sanctorumque
1010 4684 1258 4738 omnium
1278 4682 1599 4738 interventu
1631 4683 1792 4739 brevi;
1803 4685 2035 4754 posthac

445 4793 646 4833 novum
687 4787 742 4831 et
776 4777 1121 4846 inOpiuatum
1170 4775 1390 4846 aliquod
1424 4791 1563 4847 opus
1606 4777 1905 4845 editurum,
1936 4792 2037 4833 nec

442 4880 667 4941 prepter
724 4877 1076 4940 peccatorum
1130 4876 1450 4924 nostrorum
1491 4868 1896 4925 multitudinem
1930 4868 2035 4924 im-

445 4977 690 5016 mensam
749 4974 1143 5031 usquequaque
1200 4973 1300 5014 nos
1358 4961 1569 5030 pudore
1641 4960 2035 5016 suﬂ‘undendos

442 5053 705 5120 confisus,
740 5068 929 5113 muros
961 5068 1057 5122 per
1085 5066 1145 5107 se
1178 5051 1361 5122 ipsum
1392 5053 1689 5109 continuus
1716 5054 2034 5124 explorator

444 5148 654 5202 obibat.
682 5146 855 5201 Porro
883 5146 1176 5204 tirummus
1206 5144 1399 5216 junior
1425 5146 1820 5202 Sennacherim
1858 5149 2032 5203 victo-

441 5241 540 5296 riis
579 5242 630 5295 in
665 5239 984 5311 superbiam
1026 5239 1238 5304 elatos,
1284 5240 1505 5311 proprio
1540 5239 1725 5310 fratre
1763 5240 1833 5296 ad
1884 5241 2034 5299 obsi-

2141 4705 2231 4751 τος
2253 4688 2341 4742 διὰ
2366 4686 2568 4760 πλῆθος
2597 4685 2958 4757 πταισμάτων
2987 4687 3163 4759 ἡμῶν.
3215 4689 3273 4741 ’0
3305 4686 3363 4740 δὲ
3397 4688 3515 4751 νέος
3538 4689 3730 4743 Σεννα-

2144 4783 2311 4853 χερὶμ
2370 4780 2673 4852 Κροῠμμος
2728 4780 2918 4851 ἀρθεὶς
2963 4782 3031 4851 τῇ
3078 4779 3225 4855 νίκῃ,
3288 4780 3609 4836 καταλιπὼν
3636 4781 3727 4834 τὸν

2146 4874 2276 4928 ἴδιον
2319 4874 2550 4944 ἀδελφὺν
2585 4872 2723 4945 μετὰ
2758 4876 2857 4945 τῆς
2877 4875 3084 4938 οἰκείας
3118 4874 3401 4949 δυνάμεως
3417 4874 3730 4947 πολιορκεῖν

2142 4968 2241 5039 τὴν
2288 4968 2728 5038 Ἀδριανούπολιν
2794 4967 3019 5039 μετὰλὲξ
3050 4969 3262 5040 ἡμέρας
3291 4968 3391 5038 τῆς
3445 4970 3727 5042 αὐτοκρα-

2138 5058 2327 5131 τορίας
2371 5060 2621 5131 Λέοντος,
2649 5057 2894 5112 ὲπελοὼν
2936 5061 2994 5113 ὲν
3024 5059 3287 5129 δυνάμεσι
3314 5057 3409 5114 καὶ
3436 5056 3629 5123 [πποις
3661 5062 3728 5131 τῇ

2140 5149 2375 5222 βασιλίδι
2434 5150 2608 5215 πόλει,
2667 5149 2885 5222 περιῄει
2941 5150 3048 5223 πρὸ
3076 5149 3185 5205 τῶν
3215 5150 3413 5222 τειχῶν
3445 5151 3556 5206 ἀπὸ
3594 5152 3730 5208 Βλα-

2139 5260 2201 5314 χε
2211 5242 2350 5315 ρνῶν
2373 5242 2477 5309 ἕως
2493 5245 2591 5315 τῆς
2615 5243 2843 5315 Χρυσῆς
2866 5244 3075 5320 πόρτης
3107 5244 3243 5317 (66),
3267 5244 3595 5319 ὲπιδεικνύμ
3611 5264 3730 5313 ενος

1656 5454 1661 5459 ι
1734 5377 1968 5437 γΑιιιιεΕ
2010 5377 2413 5436 LECTIONES.

550 5489 594 5521 ³⁸
629 5489 952 5546 ἁνεπίόολον
976 5488 1017 5546 ι.

1744 5628 1886 5686 JAC.
1912 5630 2125 5690 GOABI
2172 5632 2405 5690 NOTAE.

431 5785 462 5824 χ
515 5748 782 5824 (66)ΑΕῙιιε
821 5750 1066 5824 nominis
1101 5759 1255 5824 porta
1274 5748 1389 5803 fuit
1412 5747 1543 5814 CP.,
1569 5752 1715 5824 quod
1778 5756 2025 5822 tyranni-

438 5821 559 5879 dem
588 5821 837 5891 adepturi
881 5834 990 5891 .per
1019 5835 1140 5877 eam
1196 5822 1551 5891 inmeretores
1603 5821 1904 5881 Solemnem
1933 5826 2011 5879 in-

2137 5773 2388 5827 gressum
2454 5764 2710 5827 agerent,
2754 5751 3097 5827 Nicephorus
3184 5758 3235 5812 in
3302 5759 3475 5816 altero
3544 5760 3727 5819 Leone

2116 5811 2455 5893 iconoelasta
2484 5811 2651 5882 ς”Καὶ
2684 5825 2758 5889 ὡς
2792 5820 2859 5896 ἦν
2890 5811 3010 5889 ἔθος
3037 5811 3727 5913 maleﬁcam—mortui;
