4072 6296
192 363 355 431 1017

1417 370 1593 431 VITA
1633 367 1908 428 LEONIS
1947 366 2270 433 ARMENL

3340 377 3478 444 1018

193 485 422 546 τέλειος
454 483 556 548 μὲν
606 483 706 552 τὴν
761 481 997 552 ήλυξὶαν,
1033 482 1165 538 αὐτὸ
1196 483 1257 536 τδ
1301 482 1464 545 ἄνθος
1508 484 1658 548 ἄγων
1707 481 1803 550 τῆς

1910 485 2263 554 conspicuus,
2289 486 2442 544 vultu
2469 489 2721 554 rotundo,
2759 489 2942 545 colore
2977 493 3308 548 frumentum
3341 495 3472 550 refe-

197 577 498 648 νεότητος,
546 577 1166 647 στρογγυλοπρότωιήσς,
1227 577 1523 648 σιτόχροος,
1585 575 1803 646 μαῡραν

197 669 354 740 ἒχων
391 669 489 740 τὴν
535 667 801 739 κεφαλήν,
849 670 946 723 καὶ
994 670 1325 740 ἐπιάγουρον
1362 670 1462 740 (8),
1491 670 1584 724 καὶ
1612 670 1674 723 τὸ
1711 668 1802 738 γέ·

198 769 360 816 νειον
394 762 688 828 εύπρεπῶς
716 760 1064 832 διακείμενον
1095 764 1154 817 ἐν
1183 765 1248 834 τῇ
1277 762 1399 832 ὄψει
1424 761 1614 828 αὐτοῦ,
1665 761 1808 834 p.15-

208 856 309 927 ρον
334 854 436 910 καὶ
471 854 606 908 αύτό
625 871 637 884 ·
667 857 842 924 πρᾶος
873 855 929 909 δὲ
956 856 1098 910 πάνυ
1142 856 1236 910 καὶ
1265 855 1491 924 ἀγαθὸς,
1521 856 1572 908 εἰ
1603 856 1695 908 καί
1723 873 1808 919 τις

207 947 402 1009 ἄλλος.
443 941 616 1013 Οὗτος
655 932 868 1016 θλίψεις
920 945 1119 1010 πολλὰς
1165 945 1375 1014 ὑπέστη
1401 943 1492 999 διὰ
1532 949 1631 1016 τὴν
1660 946 1808 1017 ὠμόν

207 1057 363 1108 τητα
392 1038 488 1092 τοῦ
541 1037 773 1103 ἀσεϐοῦς
805 1037 1056 1106 Λέοντος,
1095 1038 1424 1109 καθημέραν
1455 1038 1544 1092 τὸν
1579 1038 1808 1092 θάνατον

212 1129 611 1201 ἐκδεχόμενος,
651 1130 747 1183 καὶ
780 1129 896 1196 μετ’
931 1128 1126 1199 ὀδύνης
1155 1126 1477 1200 καθημέραν
1509 1127 1601 1182 τὸν
1642 1127 1807 1199 ἄρτον

213 1219 395 1273 αὐτοῦ
428 1219 643 1274 ἐσθίωνο
680 1220 710 1272 ό
742 1219 948 1290 Κύριος
991 1218 1203 1292 ἀϐλαϐῆ
1239 1218 1509 1289 ἐφύλαξεν
1562 1220 1807 1294 παραδὸ-

217 1312 333 1376 ξως
381 1313 445 1364 ἐκ
474 1310 577 1380 τῆς
601 1311 942 1382 κακουργίας
981 1311 1174 1368 αὑτοῦ.

295 1404 412 1456 Καὶ
434 1402 622 1457 λοιπὸν
663 1400 827 1474 ἦλθον
871 1405 923 1458 oi
973 1402 1280 1476 Βούλγαροι
1333 1403 1563 1476 μηδενὸς
1623 1403 1807 1468 αὐτοῖς

221 1495 577 1560 ὑπαντῶντος
625 1493 661 1567 ἤ
709 1495 1013 1559 κωλύοντος
1066 1497 1174 1561 ἕως
1258 1498 1358 1572 τῆς
1401 1497 1608 1570 πόρτης
1636 1539 1654 1564 ,
1710 1497 1807 1552 καὶ

225 1589 463 1660 ποιήσας
508 1591 537 1643 ό
593 1586 852 1661 Κροῦμος
901 1586 1115 1656 θυσίαν,
1175 1592 1318 1645 κατὰ
1361 1591 1421 1644 τὸ
1467 1592 1588 1655 ἔθος
1617 1591 1804 1656 αὑτοῦ,

225 1681 430 1746 Ξξωθεν
475 1682 575 1750 τῆς
605 1682 829 1757 Χρυσῆς
861 1683 1072 1756 πόρτης
1125 1681 1317 1738 ἔθυσεν
1358 1683 1679 1754 ἀνθρώπους
1711 1684 1806 1738 καὶ

226 1775 402 1844 κτήνη
441 1773 633 1840 πολλὰ,
680 1776 774 1828 καὶ
823 1776 902 1839 εἰς
940 1775 1035 1828 τὸν
1070 1774 1315 1844 αἰγιαλὸν
1370 1776 1470 1847 τῆς
1526 1775 1806 1844 θαλάσσης

229 1861 422 1938 βρέξας
453 1871 578 1931 τοὺς
625 1868 792 1933 πόδας
826 1869 1017 1935 αὑτοῦ,
1053 1868 1150 1924 καὶ
1176 1869 1676 1941 περικλυσάμενος,
1713 1870 1806 1924 καὶ

231 1961 495 2033 ῥαντίσας
523 1960 616 2015 τὸν
649 1961 781 2016 λαὺν
833 1959 1021 2028 αὐτοῦ,
1049 1961 1146 2015 καὶ
1173 1961 1536 2032 εύφημισθεὶς
1571 1958 1662 2016 ὑπ’
1708 1961 1805 2014 αύ-

227 2054 355 2119 τῶν,
388 2055 604 2126 διῆλθεν
643 2055 812 2126 μέσον
837 2052 945 2110 τῶν
980 2053 1326 2108 παλλακίδων
1376 2052 1566 2115 αὑτοῦ,
1628 2071 1804 2124 προσ-

227 2147 486 2220 κυνηθεὶς
540 2148 633 2202 ὑπ’
675 2145 895 2214 αὐτῶν,
955 2145 1052 2202 καὶ
1106 2145 1410 2212 δοξασθεὶς,
1465 2145 1562 2198 καὶ
1633 2144 1805 2199 ταῦτα

229 2239 576 2313 θεωρούντων
628 2242 693 2294 ἐκ
736 2239 846 2293 τῶν
893 2238 1091 2310 τειχῶν
1140 2239 1381 2303 πάντων,
1435 2240 1529 2292 καὶ
1580 2237 1808 2309 μηδενὸς

228 2334 535 2405 τολμῶντος
584 2333 828 2388 κωλῦσαι
879 2331 1080 2398 αὑτὸν,
1127 2332 1159 2403 ἢ
1197 2329 1469 2388 ἀπολῦσαι
1501 2330 1654 2402 βέλος
1684 2329 1804 2384 κατ’

228 2427 414 2501 αὑτοῦ.
452 2427 563 2481 Καὶ
611 2426 844 2497 ποιήσας
879 2425 1060 2480 πάντα
1083 2425 1154 2478 τὰ
1185 2424 1582 2495 ἐπιθυμήματα
1615 2423 1805 2489 αὐτοῦ,

230 2518 324 2573 καὶ
356 2518 503 2589 ᾇπερ
551 2515 828 2581 ἐϐούλετο,
885 2514 1326 2586 περιεκύκλωσεν
1358 2515 1460 2586 τὴν
1488 2514 1642 2568 πόλιν
1662 2557 1677 2578 ,
1712 2515 1808 2569 καὶ

229 2610 417 2665 ἔϐαλεν
448 2611 670 2685 χάρακα
704 2611 761 2664 ἐν
791 2608 952 2680 αὐτῇ,
984 2609 1079 2662 καὶ
1104 2609 1341 2677 ποιήσας
1384 2607 1600 2679 ἡμέρας
1632 2607 1805 2673 τινάςσ

231 2706 321 2759 καὶ
385 2702 722 2776 πραιδεύσας
775 2702 844 2756 τὰ
905 2700 1110 2768 ἔξωθεν
1160 2700 1260 2771 τῆς
1329 2699 1558 2764 πόλεως,
1607 2699 1809 2770 ἤρξατο

230 2799 411 2868 ζητεῖν
442 2797 628 2850 πάκτα
647 2794 872 2866 χρυσίου
897 2795 991 2848 καὶ
1014 2792 1332 2863 ξματισμῶν
1360 2793 1527 2846 πολὺν
1547 2793 1674 2862 ἁριθ
1685 2793 1804 2862 μὸν,

232 2894 316 2953 καὶ
347 2891 585 2965 κοράσια
624 2889 886 2943 ἐπίλεπτα
925 2888 1204 2958 ποσότητα
1233 2903 1376 2942 τινα.
1419 2886 1531 2940 Καὶ
1555 2885 1617 2957 δὴ
1652 2888 1810 2958 ποιήε-

230 3003 323 3051 σας
373 2986 404 3039 ὁ
454 2985 611 3039 Λέων
645 2983 841 3055 βουλὴν
893 2982 1031 3054 μετὰ
1062 2980 1172 3034 τῶν
1199 2979 1502 3052 ἀρχόντων,
1540 2980 1808 3052 ἐδήλωσεν

226 3079 314 3136 τὸν
348 3078 632 3151 Κροῦμον,
659 3079 741 3131 ὅτι
782 3074 934 3130 Ἑλθέ
967 3076 1072 3140 ἓως
1101 3076 1198 3129 τοῦ
1238 3073 1486 3147 αἰγιαλοῦ
1529 3072 1668 3144 μετὰ
1695 3073 1804 3125 6M-

1915 586 2087 642 rente,
2126 578 2285 649 nigro
2315 581 2490 650 capite
2519 589 2572 635 et
2602 581 2742 635 virili
2777 580 2943 635 barba
2975 582 3230 637 decenter
3257 599 3481 654 compn—

1911 668 2040 734 sita,
2070 684 2245 740 eaque
2291 673 2358 726 ad
2411 671 2592 727 vultus
2652 672 2888 742 speciem
2943 674 3120 744 nigra.
3168 675 3479 731 Mansuetus

1913 778 2075 830 porro
2106 773 2160 818 et
2200 764 2444 820 urbanus
2467 805 2482 831 ,
2533 765 2582 821 si
2617 765 2742 836 quis
2769 763 2911 823 alius
2938 766 3168 822 exstitit.
3201 766 3300 822 llic
3335 769 3466 824 cala-

1911 854 2130 910 mitates
2175 856 2378 912 multas
2427 844 2579 926 impii
2632 857 2834 913 Leonis
2871 859 3197 914 crudelitate
3249 860 3354 915 sibi
3395 863 3480 916 in-

1910 947 2104 1012 lliﬂas,
2127 949 2289 1003 etiam
2322 959 2494 1006 morte
2527 952 2836 1021 propediem
2866 962 3198 1022 exspectata,
3227 954 3478 1021 sustulit;

1909 1036 2402 1107 quotidianumque
2435 1053 2628 1108 panem
2663 1054 2784 1094 cum
2830 1040 2996 1094 animi
3028 1056 3261 1097 incerare
3296 1057 3481 1098 come-

1907 1127 2079 1191 dens.
2137 1137 2368 1184 mortem
2436 1130 2867 1198 praestolabatur.
2909 1132 2950 1186 Δ
3017 1132 3251 1190 υοῐηίιιο
3306 1135 3479 1190 nihilo

1909 1219 2092 1273 secius
2119 1228 2315 1289 praeter
2340 1221 2653 1290 opinionem
2694 1222 3004 1286 custoditus
3034 1233 3143 1290 est,
3168 1239 3234 1279 ne
3280 1224 3481 1280 Leonis
3508 1249 3514 1258 -

1909 1311 2147 1381 nequitia
2185 1312 2488 1370 laederetur.

1981 1397 2260 1458 Venerunt
2289 1403 2472 1474 itaque
2503 1405 2743 1476 Bnigari.
2779 1409 2932 1464 nullo
2971 1408 3104 1480 ipsis
3128 1421 3476 1478 oceurreute,

1907 1495 1990 1550 vel
2021 1496 2226 1550 aditum
2264 1498 2589 1568 prohibente
2643 1516 2817 1570 usque
2864 1502 2930 1557 ad
2975 1502 3211 1560 civitatis
3241 1514 3480 1575 portam,

1906 1596 1961 1645 et
1996 1586 2233 1646 Crumus
2283 1605 2436 1645 sacra
2491 1605 2591 1662 pro
2633 1608 2784 1647 more
2845 1593 3052 1650 faciens
3099 1597 3164 1650 ad
3221 1596 3471 1669 Cbryseu

1906 1690 2121 1752 portam
2154 1682 2405 1738 homines
2439 1692 2494 1738 et
2516 1686 2772 1740 animalia
2814 1687 3045 1756 plurima
3078 1691 3336 1746 mactavit
3378 1710 3391 1746 :
3425 1699 3482 1746 et

1910 1773 1975 1826 ad
2009 1775 2177 1830 maris
2203 1775 2356 1830 littus
2385 1776 2571 1832 tinctis
2602 1792 2737 1847 aqua
2765 1779 2993 1848 pedibus
3023 1781 3164 1834 lotus
3193 1790 3275 1836 cst
3309 1790 3476 1848 totus,

1911 1865 2214 1936 populoque
2267 1883 2408 1937 aqua
2459 1883 2731 1938 resperso,
2775 1870 2967 1925 faustis
2993 1872 3479 1929 acclamationibus

1907 1957 1977 2011 ab
2012 1973 2077 2012 eo
2110 1959 2418 2014 cumulatus
2447 1973 2461 2012 :
2498 1961 2788 2030 medioque
2825 1962 3082 2030 pellicum
3112 1965 3325 2032 agmine
3354 1979 3478 2032 per-

1908 2050 2159 2113 transito,
2195 2051 2264 2106 ab
2295 2051 2378 2106 eis
2411 2051 2629 2106 laudem
2679 2063 2734 2107 et
2779 2053 3041 2107 honorem
3075 2055 3310 2122 excepit.
3353 2070 3478 2124 spe-

1908 2145 2186 2199 ctantibus
2231 2160 2297 2200 ex
2347 2146 2522 2201 muris
2551 2147 2761 2202 civibus
2803 2149 3036 2210 cunctis,
3070 2143 3324 2217 nulloque
3351 2164 3479 2220 pro-

1909 2235 2114 2300 hibere,
2149 2236 2230 2290 vel
2280 2236 2444 2291 telum
2502 2236 2556 2291 in
2606 2253 2730 2292 eum
2773 2240 2986 2294 mittere
3039 2255 3193 2296 auso.
3249 2239 3344 2294 llis
3383 2256 3480 2307 pro

1907 2327 2064 2382 libito
2097 2329 2368 2398 peractis,
2404 2337 2458 2383 et
2510 2345 2630 2399 quae
2681 2331 2998 2385 decreverat
3049 2332 3237 2402 gestis,
3288 2332 3478 2388 urbem

1908 2421 2194 2476 obsidione
2242 2421 2433 2488 cinxit,
2481 2435 2534 2477 et
2594 2423 2960 2494 undequaqne
3010 2425 3476 2489 circumvallavit,

1909 2514 2131 2585 diesque
2165 2516 2433 2584 plurimos
2462 2524 2724 2581 moratus,
2757 2516 2919 2588 432
2949 2525 3003 2572 et
3041 2518 3194 2572 urbis
3245 2517 3363 2572 loca
3399 2518 3482 2570 vi-

1909 2607 2031 2663 cina
2071 2609 2441 2678 depraedatus,
2473 2609 2593 2664 auri
2623 2625 2852 2680 pensum
2888 2625 3152 2671 annuum,
3190 2611 3483 2666 vestimen~

1911 2709 2199 2771 torumque
2231 2718 2516 2757 numerum
2553 2719 2658 2758 non
2693 2704 3174 2770 contemnendum,
3206 2713 3259 2758 et
3285 2703 3485 2759 electa-

1909 2811 2030 2849 rum
2057 2796 2328 2866 virginum
2353 2812 2569 2866 gregem
2595 2813 2703 2852 non
2737 2797 3009 2852 modicum
3033 2797 3273 2867 expetiit.
3303 2796 3499 2863 Quare“

1910 2891 2138 2946 consilio
2168 2906 2291 2946 cum
2319 2890 2645 2960 proceribus
2671 2891 2881 2956 habito,
2913 2891 3119 2947 Crumo
3158 2892 3483 2962 signiﬁcavit

1911 2983 2023 3040 Leo
2071 3001 2086 3038 :
2119 2984 2253 3038 Cum
2291 2983 2478 3054 paucis
2509 2985 2838 3054 quibusdam
2869 3000 3019 3040 arma
3047 3001 3154 3040 non
3183 2984 3483 3041 ferentibus

1911 3077 1977 3132 ad
2023 3076 2190 3132 maris
2243 3092 2417 3147 usque
2468 3077 2618 3132 littus
2679 3079 2912 3146 procede
2962 3094 2976 3131 :
3027 3093 3235 3149 nosque
3281 3079 3484 3148 pariter

229 3192 335 3244 γων
365 3172 532 3227 τινῶν
567 3171 643 3242 μὴ
673 3168 1090 3241 ἐπιφερομένων
1117 3167 1280 3234 ὅπλα,
1329 3168 1425 3222 καὶ
1457 3167 1621 3238 ήμεῖς
1649 3164 1806 3236 ἐξερ-

1910 3166 2157 3221 navicula
2209 3165 2327 3221 sine
2361 3165 2530 3220 armis
2586 3165 2723 3220 mari
2780 3166 3146 3236 prodihimus,
3189 3167 3486 3234 habitoque

229 3267 435 3337 χόμεθα
461 3264 552 3318 διὰ
594 3265 691 3336 τῆς
728 3263 1005 3332 θαλάσσης
1069 3261 1261 3317 ἄοπλοι
1315 3260 1459 3332 μετὰ
1511 3259 1808 3332 χελανδίου,

229 3359 320 3412 καὶ
351 3355 745 3429 συλλαλοῦμεν·
776 3357 872 3412 καὶ
905 3355 1051 3428 ἅπερ
1103 3358 1293 3428 ⁴ᾐτήσω
1326 3355 1504 3410 πάντα
1529 3355 1811 3426 ποιοῦμεν,

230 3452 334 3503 Καὶ
368 3447 552 3503 ταῦτα
577 3447 939 3518 δηλώσαντες,
981 3447 1069 3502 διὰ
1091 3449 1189 3518 τῆς
1222 3447 1416 3510 νυκτὸς
1443 3445 1814 3515 ἐξαγαγόντες

228 3543 374 3606 τινὰς
450 3540 891 3611 ἐνωπλισμένους
954 3539 1060 3604 ἕως
1134 3541 1416 3610 ὀνομάτων
1467 3539 1661 3610 τριῶν,
1720 3541 1813 3592 καὶ

231 3634 580 3706 κατέκρυψαν
609 3633 807 3695 αὐτοὺς
853 3633 912 3683 ἐν
963 3632 1260 3702 δωματίοις
1294 3630 1437 3684 τισὶν
1470 3630 1577 3684 τῶν
1608 3629 1813 3699 Γάλλης

232 3726 426 3790 ἔξωθεν
454 3725 555 3793 τῆς
593 3725 800 3797 πόρτης
831 3724 939 3777 τῶν
974 3724 1145 3795 Βλαχε
1159 3725 1318 3794 ρνῶν,
1344 3721 1612 3787 δὼσαντες
1635 3724 1814 3788 αὐτοῖς

233 3821 527 3889 σύσσημον,
550 3801 630 3871 ὅτι
674 3817 1088 3887 Διαλεγομὲνων
1118 3819 1274 3888 ἡμῶν
1325 3816 1462 3887 μετὰ
1488 3816 1585 3872 τοῦ
1629 3817 1810 3888 K906-

241 3926 358 3978 μου,
398 3909 627 3977 σημεῖόν
681 3926 733 3962 τι
791 3908 986 3979 ἔχομεν
1029 3909 1276 3977 ποιῆσαι,
1309 3909 1452 3980 ὅπερ
1484 3908 1813 3979 θεασάμενοι

233 4005 506 4071 ἐξέλθατε,
539 4005 632 4059 καὶ⁸
677 4003 1036 4058 ἀποκτείνατε
1078 4003 1266 4058 αὐτόν.
1302 4004 1418 4057 Καὶ
1446 4005 1512 4072 τῇ
1550 4002 1812 4074 ἐπαύριον

233 4097 392 4151 ὅντων
455 4096 570 4150 τῶν
623 4097 951 4170 Βουλγάρων
1005 4096 1099 4151 ἐπὶ
1147 4095 1210 4150 τὸ
1270 4095 1438 4167 μέρος
1483 4095 1592 4149 τῶν
1617 4095 1811 4164 Ἀγῖων

246 4189 594 4262 Ἀναργύρων
638 4188 841 4255 ἔξωθεν
874 4189 978 4259 τῆς
1019 4188 1250 4252 πόλεως,
1274 4187 1545 4258 κατῆλθεν
1575 4188 1601 4241 ό
1631 4186 1811 4256 K905-

239 4301 330 4353 μος
383 4287 483 4340 ἐττί
529 4283 629 4359 τήν
681 4282 956 4339 θάλασσαν
1009 4281 1153 4336 κατὰ
1199 4279 1297 4352 τήν
1357 4281 1634 4350 συνταγὴν
1671 4279 1812 4349 μετὰ

236 4377 404 4433 ἄλλων
442 4373 613 4448 τριῶν
630 4373 721 4428 τὸν
743 4372 1034 4444 λογοθέτην
1060 4369 1255 4434 αὐτοῦ,
1283 4371 1372 4425 κού
1401 4371 1810 4424 Κωνσταντῖνον

236 4472 318 4524 τὸν
344 4469 643 4540 λεγόμενον
676 4467 794 4541 [τοῦ
821 4465 1114 4536 λογοθέτου
1137 4463 1234 4518 καὶ
1267 4463 1681 4521 Κωνσταντίνου
1712 4463 1806 4516 τοῦ

236 4560 552 4636 λεγομένου]
582 4563 677 4616 τοῦ
716 4557 994 4628 Πατζικοῦ
1031 4558 1299 4630 φυγόντος
1351 4559 1430 4620 εἰς
1465 4556 1805 4626 Βουλγαρῐαν

239 4655 338 4723 πρὸ
370 4653 585 4708 πολλῶν
617 4650 776 4718 ἐτῶν,
813 4650 1004 4721 ἔχοντα
1032 4646 1296 4722 [ἔχοντος]
1326 4646 1421 4700 καὶ
1437 4646 1528 4699 τὸν
1563 4647 1676 4699 υἱὸν
1711 4646 1810 4699 cui.

236 4747 320 4802 τοῦ
365 4748 499 4802 ὄντα
531 4747 590 4812 ἐξ
621 4744 856 4814 ἀδελφῆς
889 4742 984 4796 τοῦ
1015 4741 1300 4814 Κρούμου.
1337 4732 1498 4794 Οὗτοι
1540 4740 1809 4811 τέσσαρες

237 4839 541 4905 ἐξελθόντες
566 4836 662 4890 τοῦ
689 4835 819 4890 λαοῦ
854 4834 1030 4888 αὐτῶν
1054 4833 1246 4899 ἄοπλοι
1279 4829 1549 4901 κατῆλθον
1574 4829 1679 4894 ἕως
1709 4830 1810 4900 τῆς

237 4930 507 4998 θαλάσσης
542 4927 686 4982 κατὰ
736 4925 835 4999 τὴν
891 4924 1164 4998 συνταγὴν
1224 4923 1364 4996 μετὰ
1394 4923 1570 4978 ἄλλων
1609 4922 1802 4995 τριῶν,

239 5025 308 5096 μὴ
341 5022 707 5092 γινώσκοντες
737 5020 793 5075 δὲ
831 5020 891 5073 τὸ
924 5019 1138 5092 ἐνεδρον
1168 5018 1370 5073 αὐτῶν.
1397 5017 1601 5072 Λοιπὸν
1627 5017 1683 5070 δὲ
1711 5017 1806 5071 καὶ

235 5119 281 5170 οἱ
314 5120 375 5169 ἐκ
402 5119 502 5185 τῆς
533 5115 743 5178 πόλεως
773 5113 998 5182 ἐξῆλθον
1052 5111 1192 5184 μετὰ
1229 5110 1510 5182 χελανδίου
1544 5110 1807 5181 βουλόμε-

240 5226 310 5263 νοι
365 5207 694 5277 συλλαλῆσαι
730 5207 868 5277 μετὰ
915 5205 1006 5260 τοῦ
1057 5204 1344 5276 Κρούμου,
1403 5201 1499 5257 καὶ
1545 5201 1806 5266 λαϐόντες

1831 4528 1885 4588 D

1912 3259 2207 3330 colloquio,
2243 3273 2363 3329 qua:
2390 3258 2686 3328 cxpetiisli,
2719 3268 2916 3315 cuncta
2954 3260 3359 3329 praestabimus.
3389 3258 3482 3313 llis

1913 3353 1986 3408 ita
2018 3351 2362 3422 signiﬁcatis,
2395 3351 2673 3406 nonnullis
2699 3353 2763 3405 ad
2791 3352 2953 3406 trium
2980 3368 3272 3406 numerum
3305 3368 3485 3407 arma-

1912 3445 1985 3501 tis
2022 3455 2297 3515 noctuque
2325 3442 2560 3508 eductis,
2597 3445 2664 3498 ad
2716 3443 3046 3500 Blachernas
3085 3445 3138 3500 in
3186 3445 3485 3501 domuncu-

1912 3537 1980 3592 iis
2029 3536 2192 3592 Gallae
2245 3536 2660 3593 occultaverunt
2717 3551 2807 3598 se.
2845 3536 3173 3605 signumque
3235 3536 3481 3591 dedere:

1911 3631 2083 3688 Nobis
2126 3647 2251 3688 cum
2284 3631 2488 3685 Crumo
2519 3630 2956 3701 colloquentibus
2999 3630 3212 3699 signum
3262 3630 3482 3699 aliquod

1912 3725 2160 3789 edemus,
2184 3725 2329 3794 quod
2377 3723 2677 3794 conspicati
2717 3721 2861 3778 foras
2910 3722 3200 3789 erumpite.
3253 3730 3308 3776 et
3357 3736 3482 3776 eum

1915 3814 2221 3870 interﬁcite.
2241 3816 2464 3870 Postero
2485 3815 2570 3869 die
2595 3813 2841 3884 Bulgaris
2866 3813 2930 3868 ad
2961 3823 3273 3868 sanctorum
3307 3813 3484 3869 Anar-

1912 3923 2165 3979 gyrorurn
2204 3906 2376 3962 :edem
2406 3907 2678 3963 stantibus
2706 3916 2858 3962 extra
2889 3906 3126 3962 civitatis
3157 3915 3389 3978 portam,
3415 3922 3485 3963 ex

1912 3999 2171 4057 condicto
2205 4000 2443 4055 Crumus
2488 4014 2680 4055 versus
2723 4014 2871 4055 mare
2912 4001 3193 4070 prolectus
3246 4010 3329 4055 est
3360 4015 3484 4056 cum

1915 4093 2088 4148 tribus
2118 4091 2277 4156 aliis;
2305 4090 2580 4161 logotbcta
2605 4090 2853 4146 videlicet
2874 4091 3014 4160 ejus,
3042 4099 3093 4144 ct
3117 4091 3486 4150 Constantino

1914 4185 2135 4250 Patzici,
2161 4184 2256 4256 qui
2296 4195 2420 4240 ante
2450 4184 2635 4254 plures
2666 4199 2842 4239 annos
2870 4183 2920 4238 in
2959 4183 3269 4252 Bulgariam
3325 4183 3484 4254 luge-

1913 4287 2019 4342 rat,
2057 4278 2191 4342 lilio,
2224 4276 2389 4331 alium
2430 4275 2598 4331 lilium
2634 4284 2954 4346 praesentem
2990 4291 3054 4331 ex
3081 4275 3267 4331 Crnmi
3297 4291 3486 4332 sorore

1912 4371 2167 4427 habente.
2206 4369 2455 4436 Quatuor
2498 4369 2587 4423 isti
2614 4369 2820 4437 reliquo
2855 4367 3093 4423 exercitu
3145 4366 3486 4422 discedentes

1912 4475 1966 4521 et
2000 4466 2236 4519 inermes
2282 4478 2404 4518 cum
2459 4463 2584 4518 aliis
2637 4462 2810 4517 tribus
2853 4461 3010 4532 juxta
3059 4459 3370 4515 condictum
3419 4458 3487 4515 ad

1914 4573 2065 4612 mare
2096 4559 2451 4620 devenerunt,
2481 4553 2707 4608 insidias
2735 4552 2838 4608 sibi
2875 4561 3092 4622 paratas
3142 4552 3513 4622 ignorantes.-

1913 4649 2130 4721 Egressi
2162 4656 2290 4703 sunt
2318 4649 2524 4716 pariter
2557 4662 2623 4701 ex
2661 4646 2796 4700 urbe
2827 4644 2990 4700 lintre
3023 4644 3188 4708 vecti,
3221 4643 3316 4715 qui
3358 4657 3486 4699 cum

1911 4744 2116 4799 Crumo
2152 4742 2482 4808 colloquium
2511 4737 2742 4793 habituri
2774 4746 2932 4791 erant
2972 4754 2985 4790 :
3022 4744 3076 4790 et
3104 4745 3320 4806 accepta
3361 4734 3484 4802 ﬁde,

1914 4853 1945 4892 e
1976 4835 2097 4891 navi
2123 4833 2456 4905 prodierunt.
2490 4831 2728 4886 Crumus
2764 4845 2907 4900 equo
2938 4829 3274 4885 descendens
3298 4829 3350 4883 tu
3374 4839 3488 4883 ter-

1911 4944 2025 4982 ram
2054 4927 2264 4983 desedit
2298 4943 2312 4981 :
2348 4924 2469 4994 eius
2526 4938 2668 4994 equo
2706 4923 2838 4978 sella
2885 4921 3162 4990 frenisque
3215 4921 3487 4976 instructo

1912 5017 2254 5076 Constantini
2317 5015 2414 5073 alii
2467 5030 2631 5071 manu
2685 5015 2924 5069 detento.
2980 5012 3119 5084 lpsis
3171 5012 3488 5068 adinvicem

1913 5112 2335 5176 disserentibus,
2364 5126 2470 5165 non
2515 5124 2674 5165 nemo
2725 5109 2942 5178 signum
2995 5123 3060 5163 ex
3103 5106 3238 5162 urbe
3291 5105 3485 5161 dedit;

1915 5208 2019 5265 fuit
2042 5209 2091 5263 is
2125 5205 2422 5268 Exabules,
2449 5205 2542 5274 qui
2571 5219 2734 5258 manu
2764 5212 2926 5272 caput
2960 5203 3194 5274 aperuit.
3235 5200 3491 5256 Animad-

1409 5343 1666 5402 FRANC.
1702 5345 2093 5405 COMBEFISII
2132 5345 2366 5403 NOTAE.

299 5436 372 5508 (8)
426 5434 624 5492 Vocem
659 5435 1036 5508 dyoupovarn
1057 5435 1287 5508 ephebo,
1331 5439 1715 5508 atqnejnvene
1741 5439 1796 5494 in

236 5506 621 5562 aula'merente
648 5508 869 5576 exponit
893 5506 1177 5562 Possinius
1216 5507 1268 5561 in
1299 5506 1454 5562 Anna
1487 5507 1794 5573 Comnena.

236 5579 380 5649 cujus
414 5575 736 5649 Arminii;
766 5577 794 5630 7
824 5592 888 5649 ea
935 5580 1041 5649 vos
1081 5586 1277 5649 exstat.
1309 5579 1377 5632 At
1399 5593 1584 5633 vocem
1638 5579 1796 5634 ἐπιά-

1903 5442 2046 5497 modi
2071 5441 2356 5508 iuvenum,
2382 5453 2446 5494 ac
2471 5434 2564 5508 qui
2603 5436 2816 5508 pulchri
2853 5443 3069 5508 essent1
3110 5432 3359 5508 e§er62€;,_
3399 5419 3489 5508 ai?

1901 5497 2588 5569 fuisse'studiosissimum.
2604 5497 2745 5561 ’Νοῆ
2769 5507 2907 5562 male
2937 5504 3025 5560 hic
3045 5504 3101 5558 P.
3121 5503 3286 5569 Goar,
3311 5497 3486 5557 virili:
3510 5530 3515 5535 -

1906 5593 1963 5637 at
1985 5582 2190 5648 malim,
2214 5581 2406 5652 grandi
2431 5577 2759 5652 robustaque.
2782 5578 2867 5652 lbi_
2887 5591 2990 5629 non
3013 5575 3208 5645 placet,
3231 5587 3487 5652 agrestem

244 5645 655 5726 γουρον-ῇιειίιιιιι
686 5647 905 5726 invenio
933 5647 985 5702 in
1003 5647 1191 5703 “Leone
1217 5648 1587 5726 Grammatico
1615 5651 1794 5719 p.460
1894 5655 2138 5723 juvenem
2171 5645 2427 5726 ,‘potius.
2483 5645 2779 5726 robustum,
2812 5646 3053 5726 fortem:
3092 5646 3343 5726 grandem
3370 5661 3385 5710 ;
3419 5645 3490 5701 de

235 5721 290 5772 de
319 5717 519 5775 Basilio
539 5717 837 5773 Macedone
856 5719 1079 5789 dictam,
1098 5735 1222 5774 cum
1255 5721 1514 5775 robustus
1537 5717 1792 5789 procero-

269 5804 324 5844 ue
361 5805 602 5860 corpore
628 5789 845 5858 juvenis
877 5786 1269 5860 TbeOphilitzis
1307 5786 1590 5846 comitatui
1642 5790 1789 5846 adle-

257 5869 336 5918 tus
369 5872 475 5927 est,
510 5865 680 5932 quem
738 5860 1134 5916 Constantianus
1171 5862 1224 5915 in
1255 5861 1437 5918 Basilii
1475 5860 1594 5926 Vita
1645 5861 1793 5929 elus-

1905 5715 2016 5793 quo
2059 5715 2265 5787 statim,
2340 5718 2454 5793 οἷον
2509 5720 2742 5793 ἄγουρον
2777 5715 2877 5793 νῦν
2917 5715 3313 5793 ἀπελαθὸμην;
3356 5732 3461 5785 qua

1903 5787 2002 5852 (cut
2047 5811 2186 5852 nunc
2250 5787 2565 5850 masculum
2605 5787 2877 5845 cornitalui
2919 5787 3138 5857 adlegi?
