4046 6302
342 271 481 338 109.3

1600 257 1918 329 INCERTI
1960 266 2342 330 AUCTOR‘IS

3473 259 3601 327 1024

339 385 637 459 grediatur.
673 381 971 439 Tormenta
1010 379 1200 435 istlt‘aec
1235 385 1456 443 cuncta,
1509 377 1577 432 ad
1614 378 1765 432 urbis
1793 387 1915 446 par-

2033 378 2160 432 »ιατά
2187 378 2281 432 τοῦ
2311 375 2527 448 τείχους
2562 377 2669 431 τῶν
2702 372 3037 449 Βλακερνῶν.
3061 375 3248 429 Ταῦτα
3283 374 3462 430 πάντα
3485 374 3606 446 βού-

343 491 475 541 lem,
531 491 640 547 qua
697 477 864 530 telum
922 475 976 529 in
1025 487 1150 529 eum
1204 471 1435 528 missum
1486 478 1590 537 est,
1647 470 1920 540 applicare

341 569 657 633 meditatur,
679 566 1058 624 instrumentis
1075 566 1225 622 hisce
1249 565 1491 637 przelatis
1508 564 1854 635 deportandis
1868 575 1921 620 et

337 663 591 717 curribus
623 659 888 715 vehendis
918 659 1085 714 boum
1118 657 1286 712 millia
1316 658 1552 728 plurima
1601 658 1655 712 itt
1689 657 1920 712 S‘Labulis

331 755 444 823 jam
468 751 756 821 disposuit,
771 754 966 808 curru‘s
988 761 1166 807 autem
1191 750 1336 806 l'erro
1352 751 1565 806 vinctus
1582 750 1648 805 ad
1673 752 1922 821 quinque

338 846 506 901 millia
541 845 654 901 ﬁeri
677 845 862 916 jussit.
903 844 1043 910 Leo,
1079 844 1164 899 his
1192 845 1422 911 auditis,
1451 853 1504 899 et
1529 843 1716 899 missis
1738 843 1924 914 explo-

336 937 632 1001 ratoribus,
651 937 986 1007 veritateque
1000 947 1294 1007 comperta,
1318 936 1500 1008 populi
1517 923 1924 991 multitﬂdinem’

340 1029 664 1084 immensam
698 1037 752 1085 ct
776 1028 1014 1084 artiﬁces
1032 1029 1400 1098 congregavit,
1417 1026 1579 1100 435
1593 1032 1924 1096 munitaque

338 1121 507 1175 alium
540 1130 738 1190 praeter
787 1136 909 1174 eum
950 1121 1044 1192 qui
1084 1121 1153 1175 ad
1195 1120 1547 1186 Blacbernas,
1604 1119 1773 1190 erepit
1822 1135 1920 1175 ex-

339 1218 575 1276 struere,
607 1211 1045 1282 prolundamque
1069 1221 1123 1267 et
1149 1210 1386 1282 amplam
1424 1211 1632 1268 fossam
1673 1211 1920 1267 excisam

340 1316 636 1372 opponere.
674 1301 770 1357 Vix
807 1303 956 1373 operi
1001 1318 1167 1358 manu
1205 1302 1451 1370 admota,
1491 1303 1598 1359 hoc
1621 1315 1726 1370 est,-
1757 1310 1923 1374 Opere

339 1394 522 1450 adhuc
551 1393 778 1460 infecto,
804 1405 864 1449 ut
899 1392 1064 1460 Deus,
1101 1396 1195 1465 qui
1227 1396 1457 1451 consilia
1482 1399 1724 1467 gentium
1753 1396 1938 1452 dissl-'

339 1495 450 1558 pat,
477 1495 530 1542 et
558 1487 882 1558 populorum
914 1495 1152 1544 mentem
1175 1489 1454 1559 reprobat,
1492 1491 1673 1545 irritat
1699 1503 1922 1562 quoque

340 1581 572 1637 consilia
603 1581 931 1652 principum.
963 1582 1056 1652 qui
1088 1598 1197 1637 non
1232 1583 1285 1636 in
1313 1583 1586 1638 machinis
1613 1585 1695 1638 vel
1725 1586 1923 1640 robore

339 1673 589 1730 homines
618 1675 747 1744 quid
781 1675 1000 1746 aggredi
1036 1690 1196 1745 posse
1231 1685 1658 1740 commonstrat.
1696 1688 1756 1730 ιιι
1783 1676 1915 1737 inec.

2022 470 2173 524 λεται.
2205 468 2577 541 προσαγαγεῖν
2601 468 2671 522 τά
2699 469 3072 540 μηχανήματα
3097 466 3226 520 ἔνθα
3268 467 3367 520 καὶ
3400 469 3607 532 ἐτοξεύ-

2023 561 2113 632 θη,
2139 562 2442 626 σταυλίζων
2474 560 2601 631 βόας
2625 559 2867 631 χιλιάδας
2897 559 3035 629 πρὸς
3060 557 3121 612 τὸ
3142 557 3407 628 βαστάξαι
3435 559 3606 614 πάντα

2021 653 2092 707 τὰ
2121 653 2496 725 προλεχθέντα
2516 653 2728 723 ὄργανα
2745 651 2967 706 τεθέντα
2986 650 3079 704 ἐπὶ
3093 649 3344 722 ἀμαξῶν,
3357 649 3424 714 ἀς
3447 667 3609 720 προσ-ι

2022 744 2211 812 έταξεν
2253 744 2635 817 σιδηρενδέτας
2682 741 3080 818 [σιδηροδέτας]
3128 743 3377 814 χῐλιάδας
3428 745 3611 799 πέντε.

2023 838 2213 894 Ταῦτα
2272 839 2514 904 ἀκούσας
2537 838 2711 905 Λέων,
2742 835 2964 908 πέμψας
2993 844 3054 890 τε
3097 835 3502 900 κατασκόπους,
3520 838 3612 890 καὶ

2026 933 2215 1005 μαθὼν
2271 935 2368 1006 τὴν
2412 934 2691 1007 ἀλήθειαν,
2750 933 3114 1003 συναθροίσας
3159 934 3286 989 λαὸν
3313 932 3483 987 πολὺν
3518 932 3615 986 καὶ

2021 1025 2293 1098 τεχνίτας,
2328 1027 2533 1098 ἤρξατο
2568 1025 2777 1090 κτίζειν
2808 1024 2996 1097 ἕτερον
3024 1027 3203 1098 τεῖχος
3255 1017 3456 1090 ἔξωθεν
3503 1023 3617 1077 τεί-
3712 1055 3716 1059 -

2022 1135 2150 1193 χούς
2179 1121 2286 1175 τῶν
2324 1119 2669 1193 Βλαχερνῶν,
2727 1120 2902 1191 κόψας
2936 1121 3032 1176 καὶ
3078 1121 3176 1192 τὴν
3208 1119 3446 1175 σποῦδαν
3478 1119 3616 1172 πλα-

2021 1217 2173 1269 τεῖαν
2207 1214 2342 1286 (10).
2384 1215 2492 1269 Kal.
2549 1213 2858 1286 ἀρξάμενος
2911 1212 3119 1279 κτίζειν
3154 1215 3325 1284 μήπω
3363 1213 3614 1278 τελέσας,

2023 1305 2110 1360 ἵνα
2135 1306 2281 1380 δείξῃ
2311 1309 2339 1361 6
2366 1304 2498 1370 Θεὸς
2523 1309 2552 1361 6
2587 1298 2942 1369 συσκεδάζων
2966 1304 3167 1375 βουλὰς
3191 1304 3386 1373 ἐθνῶν,
3408 1304 3621 1359 ἀθετῶν

2022 1399 2119 1454 zal
2149 1399 2446 1470 λογισμοὺς
2486 1398 2653 1465 λαῶν,
2687 1397 2783 1452 καὶ
2814 1397 3025 1452 ἀθετῶν
3083 1395 3281 1468 βουλὰς
3311 1397 3618 1468 ἀρχόντων,
3694 1439 3700 1444 .

2021 1494 2104 1550 ὅτι
2130 1494 2232 1548 οὐκ
2263 1494 2418 1565 ὲν.τῆ
2473 1490 2740 1564 μηχανίᾳ,
2769 1492 2864 1546 καὶ
2883 1494 2950 1564 τῇ
2983 1491 3128 1564 ἰσχύϊ
3152 1491 3334 1546 αὐτῶν
3361 1491 3620 1546 δύνανται

2021 1586 2070 1638 ot
2104 1585 2383 1655 ἄνθρωποί
2415 1593 2469 1638 τι
2501 1584 2750 1655 ποιῆσαι,
2803 1582 2957 1638 ούπω
2979 1583 3142 1655 ἔαρος
3191 1583 3616 1649 καταλαϐόντος,

2021 1675 2097 1740 ὥς
2127 1676 2291 1746 φασίν
2325 1695 2470 1743 τινες
2526 1676 2887 1740 διασωθέντες
2940 1675 3044 1747 τῆς
3083 1675 3467 1748 αἰχμαλωσίας
3508 1676 3621 1731 ἀπὸ

340 1766 589 1836 inquam,
623 1767 821 1822 iterum
857 1767 1194 1838 patefaceret
1231 1767 1396 1834 Deus,
1443 1770 1688 1824 nondum
1734 1770 1918 1824 immi-

2033 1769 2393 1842 Βουλγαρίας,
2421 1771 2552 1840 περὶ
2584 1772 2651 1841 τῇ
2679 1769 2891 1843 μεγάλῃ
2942 1771 3170 1842 πέμπτῃ
3204 1769 3325 1842 [τὴν
3373 1771 3618 1840 μεγάλην

339 1869 503 1915 nente
530 1875 678 1926 vere,
723 1870 784 1916 ut
815 1861 1125 1916 retulerunt
1169 1862 1395 1932 quidam
1442 1865 1759 1935 captivitate
1791 1862 1919 1916 Bul-

327 1953 519 2017 garica
543 1953 780 2018 liberati,
811 1953 954 2008 circa
988 1951 1180 2010 feriant
1213 1971 1462 2026 magnam
1491 1956 1764 2026 quintam,
1796 1953 1923 2009 Bul-

341 2046 507 2116 garia:
551 2045 807 2118 princeps
846 2045 1086 2102 Crumus
1137 2046 1229 2102 ille
1285 2047 1536 2113 celebris,
1593 2049 1684 2116 qui
1731 2048 1921 2102 urbem

339 2153 613 2209 occupare
633 2140 968 2204 destinabat,
1006 2139 1129 2195 vitae
1160 2142 1324 2196 linem
1382 2141 1684 2212 persensit,
1728 2141 1925 2197 invisi-

340 2232 437 2288 bili
482 2234 687 2289 virtute
731 2235 1041 2305 jngulatus,
1090 2250 1197 2304 qua
1241 2237 1572 2305 sanguinum
1613 2236 1759 2291 rivos
1807 2252 1924 2304 ore,

342 2324 570 2382 naribus
596 2333 649 2381 et
677 2328 907 2382 auribus
939 2328 1124 2384 emisit
1154 2345 1168 2383 :
1203 2338 1369 2399 atque
1400 2329 1474 2383 ita
1520 2330 1574 2384 in
1616 2329 1776 2385 malis
1806 2332 1927 2385 ani-

344 2433 486 2473 mam
519 2421 788 2489 deposuit.
823 2419 918 2474 llis
942 2421 1120 2477 elatus
1150 2419 1261 2476 Leo
1299 2423 1455 2492 quasi
1478 2424 1619 2493 ipse,
1647 2424 1927 2479 nonDens

343 2513 774 2581 compescuisset
806 2514 1033 2580 bellum,
1067 2516 1120 2569 in
1164 2515 1326 2570 nrbes
1350 2531 1542 2572 omnes
1569 2518 1930 2589 regionesque

343 2606 530 2663 missis
549 2607 722 2662 sacris
751 2607 1024 2663 nuntiavit
1049 2625 1060 2662 :
1085 2608 1352 2678 Bulgaros
1382 2611 1504 2665 urbi
1541 2611 1752 2667 vicinos
1775 2627 1930 2669 com-

344 2701 458 2771 peri
492 2700 888 2772 :solertiaque,
913 2704 1110 2758 robore
1144 2704 1425 2776 ductuque
1467 2721 1592 2762 meo
1630 2707 1928 2779 principem

345 2809 539 2850 eorum
569 2811 693 2850 cum
731 2795 839 2851 telo
868 2796 1260 2863 confodissem,
1292 2807 1524 2856 cunctos
1566 2799 1773 2872 iugavi.
1805 2798 1930 2856 Vul-

346 2890 498 2943 neris
529 2887 688 2945 istius
724 2903 894 2944 causa
939 2889 1201 2956 moritur,
1237 2890 1436 2962 inquit,
1494 2895 1672 2949 hostis
1723 2904 1930 2951 noster.

348 2977 724 3048 Postmodum,
742 2980 1034 3038 occasione
1063 2993 1245 3056 capta,
1281 2983 1582 3042 Ecclesiam
1611 2988 1931 3059 depopulari

346 3073 537 3146 erepit.

286 3273 290 3277 ·
333 3314 339 3320 ,
425 3258 586 3312 Anno
615 3253 830 3329 imperii
865 3259 1134 3328 secundo,
1166 3258 1259 3316 Dei
1290 3260 1498 3333 judicia
1546 3263 1768 3336 curiose
1806 3279 1934 3334 per-

350 3357 623 3404 scrutatus
657 3347 767 3405 Leo
795 3366 989 3408 sensus
1024 3352 1280 3423 ejusdem
1316 3353 1668 3409 consortibus
1703 3356 1938 3425 quibus—

350 3443 474 3497 dam
511 3442 644 3499 dicit
673 3461 688 3498 :
715 3443 886 3516 Cujus
916 3460 1089 3501 causa
1131 3446 1429 3517 gentilibus
1469 3445 1758 3503 inferiores
1809 3465 1938 3505 cva-

351 3535 491 3592 dunt
542 3535 886 3594 Christiani?
934 3537 1090 3606 Quod
1145 3539 1444 3594 adorentur
1505 3540 1791 3612 imagines,
1839 3557 1939 3598 nec

351 3629 578 3686 alterius
603 3645 755 3703 ergo,
791 3639 852 3688 ut
882 3634 1020 3687 mihi
1063 3633 1286 3705 quidem
1314 3633 1530 3690 videtur
1569 3654 1583 3690 :
1618 3650 1789 3706 quare
1820 3636 1940 3692 illas

351 3718 643 3776 deturbare
665 3723 1010 3780 estanimus.
1050 3723 1240 3780 Videte
1273 3725 1500 3797 quippe,
1535 3726 1740 3792 aiebat,
1773 3736 1966 3795 quot--

353 3821 490 3882 quot
515 3812 875 3883 imperatores
897 3826 1262 3886 susceperunt
1288 3826 1342 3872 et
1384 3819 1757 3874 adoraveru-nt
1793 3820 1937 3885 illas,

353 3905 634 3975 perierunt
666 3925 681 3962 :
717 3906 770 3963 hi
812 3909 1032 3980 quidem
1079 3912 1219 3968 solio
1260 3913 1484 3984 dejecti,
1517 3915 1610 3969 alii
1646 3915 1789 3972 bello
1821 3933 1948 3986 pro-

2024 1862 2304 1935 πέμπτην]
2333 1863 2428 1916 τοῦ
2466 1865 2659 1935 Πάσχα
2680 1906 2696 1932 ,
2731 1864 2759 1917 6
2790 1863 3333 1936 πρωτοϐουλγαρίάς,
3368 1865 3396 1918 6
3443 1854 3623 1936 Κροῧὸ

2026 1973 2128 2028 po;
2164 1957 2192 2010 6
2241 1957 2584 2029 περίφημος,
2625 1959 2653 2011 6
2680 1957 2782 2030 τὴν
2817 1959 2972 2012 πόλιν
3026 1948 3171 2013 ἑλεῖν
3229 1951 3620 2030 βουλευόμενος

2025 2049 2172 2105 τέλει
2217 2049 2312 2103 τοῦ
2344 2048 2465 2121 βίον
2504 2051 2779 2122 ἐχρήσατο
2829 2051 3082 2124 ἀοράτως
3122 2050 3506 2122 σφαγιασθεὶς,
3561 2052 3622 2119 ὃς

2026 2142 2122 2193 καὶ
2145 2138 2419 2211 ἐξήγαγεν
2449 2141 2699 2211 αἱμάτων
2719 2142 2942 2212 ὀχετοὺς
2980 2127 3068 2194 διά
3104 2159 3163 2195 τε
3195 2140 3292 2196 τοῦ
3325 2141 3620 2212 στόματος,

2025 2236 2120 2288 καὶ
2152 2233 2262 2290 τῶν
2311 2233 2478 2306 ῥινῶν
2529 2235 2628 2288 καὶ
2673 2234 2780 2289 τῶν
2833 2233 2989 2289 ὤτων
3033 2234 3222 2289 αὐτοῦ.
3282 2235 3394 2289 Kal.
3448 2235 3623 2302 οὕτως

2027 2327 2328 2399 ἀνέρρηξεν
2349 2326 2450 2400 τὴν
2473 2327 2654 2399 ψυχήν
2679 2327 2844 2382 αὐτοῦ
2873 2329 2930 2382 ἐν
2957 2330 3166 2392 κακοῖς.
3204 2328 3498 2401 Ἐπαρθεὶς
3516 2331 3624 2384 τοίὃ

2029 2439 2122 2476 νυν
2155 2420 2234 2491 τῷ
2265 2422 2578 2495 φρονήματι
2630 2421 2659 2475 ὁ
2687 2421 2862 2487 Λέων,
2895 2421 2972 2485 ὡς
3000 2422 3083 2476 ὅτι
3127 2421 3292 2487 αὐτὸς
3323 2422 3622 2477 κατέϐαλεν

2027 2512 2120 2568 τὸν
2145 2514 2402 2586 πόλεμον,
2438 2516 2532 2581 καὶ
2567 2515 2666 2586 οὐχ
2696 2516 2723 2569 6
2743 2515 2896 2579 Θεὸς,
2931 2514 3179 2586 ἐπεμψεν
3211 2516 3291 2579 είς
3317 2516 3497 2572 πάσας
3525 2515 3625 2581 τὰς

2032 2609 2218 2672 πόλεις
2253 2609 2349 2663 καὶ
2405 2607 2591 2680 χώρας
2643 2609 2874 2681 σάκρας,
2931 2608 3301 2678 ἀναγγέλλων,
3335 2609 3417 2662 ὅτι
3450 2603 3624 2676 Εὗρον

2030 2702 2158 2764 τοὺς
2188 2699 2536 2772 Βουλγάρους
2580 2701 2746 2770 ἐγγὺς
2805 2701 2966 2764 ὄντας
3008 2703 3110 2772 τῆς
3145 2699 3377 2764 πόλεως.
3414 2701 3510 2756 καὶ
3535 2700 3626 2756 διὰ

2032 2794 2130 2864 τῆς
2162 2795 2500 2866 φρονήσεως,
2555 2793 2649 2848 καὶ
2704 2793 2977 2863 ἀνδρείας,
3030 2793 3126 2847 καὶ
3180 2793 3480 2863 ἐπαγωγῆς
3517 2807 3630 2863 μου·

2031 2887 2293 2954 τοξεύσας
2315 2889 2406 2942 τὸν
2433 2889 2652 2962 πρῶτον
2686 2887 2889 2952 αὐτῶν,
2927 2889 3134 2952 πάντας
3162 2886 3440 2958 ἀπήλασα.
3492 2885 3626 2942 Ὄσ-

2035 3000 2118 3046 τις
2149 2983 2242 3035 καὶ
2281 2981 2368 3036 διὰ
2402 2981 2500 3052 τὴν
2537 2982 2814 3052 πρόφασιν
2845 2979 3453 3051 ταύτηνάποθνήσκει,
3497 2979 3626 3051 ἔφη,

2035 3075 2063 3128 ὁ
2089 3073 2280 3144 ἐχθρὸς
2310 3073 2488 3143 ἡμῶν.
2521 3073 2635 3126 Kal.
2663 3070 2852 3126 λοιπὸν
2889 3070 3028 3141 μετά
3050 3069 3211 3125 τοῦτο
3238 3068 3419 3124 λαϐὼν
3441 3069 3632 3124 εὐκαι-

2038 3168 2160 3238 ρίαν
2199 3165 2402 3238 ἤρξατο
2435 3165 2660 3235 πορθεῖν
2689 3164 2791 3235 τὴν
2829 3157 3180 3234 Ἐκκλησίαν.

2107 3249 2357 3330 Δεύτέρῳ
2393 3257 2503 3311 ἔτει
2528 3258 2624 3325 τῆς
2659 3256 2939 3326 βασιλείας
2995 3254 3162 3310 αὐτοῦ
3195 3254 3634 3328 περιεργαζόμε-

2036 3369 2128 3413 νος
2155 3351 2295 3406 κατά
2323 3349 2433 3403 τῶν
2459 3349 2555 3404 τοῦ
2611 3346 3100 3423 Θεοῦνκριμάτων,
3154 3349 3250 3402 καὶ⁵
3289 3347 3464 3416 λέγων
3495 3348 3638 3421 πρός

2037 3463 2192 3509 τινας
2223 3445 2536 3517 ὁμόφρονας
2567 3442 2757 3507 αὐτοῦ,
2783 3441 3041 3503 δτιΤίνος
3075 3440 3283 3507 ἕνεκεν,
3325 3441 3482 3511 φησὶ,
3510 3440 3638 3495 ταῢο

2038 3542 2108 3594 τά
2131 3555 2247 3602 πως
2281 3537 2501 3609 ἔχουσιν
2533 3535 2646 3606 (ll)
2677 3536 2726 3588 οἱ
2750 3531 3072 3604 Χριστιανοὶ
3103 3532 3638 3603 κατακυριευόμενοι

2043 3631 2148 3686 ὑπὸ
2171 3630 2280 3685 τῶν
2301 3629 2475 3684 ἐθνῶν
2496 3646 2512 3694 ;
2546 3628 2702 3700 Ἐμοὶ
2726 3626 2978 3696 δοκεῖ-διά
3000 3627 3062 3685 τὸ
3091 3623 3518 3698 προσκυνεῖσθαι
3538 3624 3640 3690 τὰς

2041 3724 2283 3790 εἰκόνας,
2319 3723 2413 3777 καὶ
2456 3721 2588 3776 ἀλλο
2619 3719 2806 3776 οὐδέν’
2847 3719 2946 3774 καὶ
2973 3718 3234 3790 βούλομαι
3257 3718 3428 3781 αὐτὰς
3466 3735 3641 3772 κατα-

2046 3816 2296 3889 στρέψαι.
2328 3813 2564 3868 Βλέπετε
2589 3811 2729 3886 γὰρ,
2765 3812 2952 3884 φησὶν,
2976 3811 3089 3866 ὅσοι
3123 3810 3360 3882 βασιλεῖς
3389 3809 3643 3876 ἐδέξαντο

2043 3910 2141 3964 καὶ
2188 3905 2610 3981 προσεκύνησαν
2670 3905 2862 3971 αὐτὰς,
2894 3904 3190 3972 ἀπέθανον,
3218 3905 3267 3956 οἱ
3311 3903 3408 3975 μὲν
3445 3901 3642 3956 ἐκδιω-

354 3997 523 4070 lligati
552 4015 566 4053 :
597 3999 692 4069 qui
735 4015 846 4056 non
882 4002 1255 4060 adoraverunt
1289 4006 1414 4074 soli,
1459 4014 1639 4062 morte
1671 4008 1826 4064 suavi
1861 4026 1932 4066 re-

2044 4002 2292 4073 χθέντες,
2323 3999 2451 4056 οίδὲ
2481 3999 2542 4055 ἰν
2583 3997 2812 4069 πολέμῳ
2862 3997 3148 4060 πεσόντες.
3194 3995 3363 4051 Μόνοι
3393 3995 3448 4049 δὲ
3484 3997 3537 4048 οἱ
3565 3994 3643 4067 μῆ

355 4099 508 4148 tento
534 4091 765 4164 imperio
812 4095 918 4150 vita
955 4094 1130 4154 functi
1180 4109 1335 4166 sunt,
1376 4109 1430 4154 et
1471 4116 1596 4157 cum
1649 4100 1858 4158 honore
1891 4103 1932 4157 in

2047 4093 2536 4168 προσκυνήσαντες
2572 4090 2745 4154 αὺ-τόις
2777 4089 2892 4162 ἰδίῳ
2929 4088 3148 4160 θανάτῳ
3167 4086 3399 4150 ἕκαστος
3429 4087 3512 4151 εἰς
3541 4089 3645 4158 τὴν

357 4177 750 4257 imperatorum
779 4189 1048 4259 sepulcris
1079 4192 1143 4247 ad
1179 4190 1480 4264 Apostolus
1528 4195 1681 4252 elati.
1717 4197 1846 4250 Eam
1876 4199 1932 4252 οὶ

2050 4189 2332 4263 βασιλείαν
2364 4187 2531 4244 αὑτοῦ
2584 4187 2968 4256 ἐτελεύτησεν,
3005 4185 3096 4239 καὶ
3141 4184 3280 4254 μετά
3311 4182 3470 4254 δόξης
3508 4200 3647 4254 προ-

356 4292 472 4332 rem
507 4275 752 4334 imitator
779 4294 968 4335 eorum
1022 4282 1291 4354 imagines
1319 4285 1527 4351 tollam,
1560 4298 1619 4342 ιιι
1656 4304 1758 4360 ego
1788 4298 1841 4344 et
1888 4289 1932 4344 Ιὶ

2049 4283 2334 4354 κομισθεὶς
2355 4283 2436 4345 είς
2463 4281 2532 4335 τά
2559 4279 2668 4334 τῶν
2700 4278 2970 4351 βασιλέων
3015 4277 3357 4349 κοιμητήρια
3381 4275 3558 4344 ἐτάφη
3586 4277 3649 4328 έν

357 4373 462 4428 lus
498 4387 655 4428 meus
684 4372 738 4427 in
797 4373 1001 4430 multos
1044 4390 1220 4432 annos
1277 4376 1551 4446 vivamus,
1599 4389 1653 4434 et
1700 4390 1928 4434 nostrun

2050 4379 2162 4442 τοῖς
2211 4373 2575 4438 ’Δποστόλοις.
2618 4372 2821 4427 Λοιπὸν
2855 4371 2948 4426 οὖν
2978 4371 3228 4434 ἐκείνους
3262 4366 3420 4436 κάγὼ
3452 4367 3644 4438 βούλο-

357 4478 464 4523 stet
493 4469 784 4541 imperium
808 4469 877 4525 ad
921 4479 1172 4540 quartam
1228 4479 1282 4528 ct
1327 4473 1579 4543 quintam
1630 4474 1932 4544 generatio-

2055 4490 2154 4544 μαι
2197 4467 2566 4543 μιμήσασθαι,
2597 4467 2693 4522 καὶ
2731 4464 3110 4536 καταστρέψαι
3141 4463 3240 4526 τὰς
3279 4461 3516 4526 εἰκόνας,
3557 4459 3648 4513 ῖνα

357 4575 483 4618 nem
521 4580 535 4618 :
580 4562 635 4617 in
667 4577 777 4634 quo
807 4563 1063 4634 equidem
1098 4565 1350 4622 misellus
1381 4566 1646 4622 mentitus
1683 4577 1789 4636 est,
1838 4568 1944 4624 hoc

358 4652 568 4709 scelere
612 4653 818 4710 frustra
870 4655 1134 4724 admisso,
1186 4667 1247 4712 ut
1284 4658 1631 4731 syngrapheu
1665 4660 1944 4732 propriam

358 4744 448 4799 cui
481 4761 699 4802 crucem
750 4763 875 4802 cum
935 4749 1232 4805 comitibus
1285 4750 1490 4819 allixit,
1551 4753 1860 4824 despiceret
1894 4765 1948 4811 ct

361 4838 730 4908 proculcaret.
787 4841 999 4897 Exinde
1044 4842 1089 4898 si
1130 4858 1295 4916 quem
1342 4843 1486 4900 votis
1538 4846 1946 4916 conspirantem

361 4931 647 5001 reperiret,
671 4934 837 5004 cmpit
863 4935 1153 5007 exquirere
1186 4957 1200 4992 :
1236 4948 1291 4994 et
1322 4938 1529 5007 reperit
1576 4953 1706 4995 sane
1733 4954 1952 5006 sensus,

2056 4567 2227 4619 πολὺν
2259 4565 2412 4636 ζήσω
2436 4563 2632 4636 χρόνον
2666 4559 2822 4640 κάγὼ
2856 4561 2953 4615 καὶ
2990 4561 3018 4614 6
3051 4559 3165 4622 υἱός
3219 4575 3344 4634 μου,
3382 4557 3478 4610 καὶ
3505 4571 3647 4626 κραο

2055 4658 2209 4728 τήσει
2244 4657 2278 4725 ή
2302 4654 2551 4725 βασιλεία
2591 4651 2750 4725 ήμῶν
2784 4652 2892 4716 ἓως
2925 4649 3194 4724 τετάρτης
3249 4649 3345 4703 καὶ
3381 4646 3648 4718 πέμπτης

2039 4749 2278 4817 «γενεᾶςο
2310 4747 2449 4818 ὅπερ
2475 4744 2770 4816 διεψεύσθη
2793 4741 3048 4808 δείλαιος,
3066 4741 3348 4812 ἀνομήσας
3368 4737 3649 4808 διακενῆς,

2055 4840 2151 4894 καὶ
2183 4836 2578 4910 ἐπιλαθόμενος
2627 4837 2688 4890 τὸ
2747 4836 3055 4908 ίδιόκειρον,
3121 4838 3215 4888 καὶ
3250 4833 3508 4904 ἐποίησεν
3557 4832 3654 4886 καὶ

2051 4931 2142 4986 τὸν
2170 4930 2426 5002 σταυρὺν,
2452 4930 2512 4984 ὃν
2545 4917 2746 5000 ἔπηξεν
2770 4929 2909 5001 μετὰ
2943 4927 3051 4982 τῶν
3077 4928 3173 4982 σὺν
3208 4925 3382 4997 αὐτῷ.
3416 4926 3523 4978 Καὶ
3549 4925 3653 4995 ἦρ-

363 5021 475 5079 imo
542 5016 871 5097 insipientia!
943 5029 1232 5100 ejusdem,
1301 5030 1625 5102 participem
1693 5030 1932 5086 lectorcn

2055 5026 2185 5092 ξατο
2216 5028 2357 5096 μετὰ
2387 5023 2562 5078 ταῦτα
2607 5021 2792 5094 ζητεῖν
2824 5023 2876 5076 εί
2903 5039 3024 5076 τινα
3077 5019 3229 5092 εὖροι
3286 5016 3657 5087 συναγωνιςόν

364 5116 681 5187 quemdam,
719 5117 987 5175 Joannem
1015 5122 1247 5188 dictum,
1298 5121 1578 5178 Pancratii
1620 5121 1846 5177 Sciastaz
1888 5124 1932 5178 lit

2058 5119 2219 5193 μενον
2256 5117 2335 5192 τῷ
2385 5117 2578 5190 σκοπῷ
2622 5117 2813 5172 αὐτοῦ.
2873 5116 2982 5170 Kal.
3038 5116 3102 5189 δὴ
3137 5109 3300 5186 εὗρεν
3331 5115 3519 5185 ὅμοιον
3551 5113 3658 5184 τῆς

366 5209 524 5280 lium,
551 5211 644 5282 qui
680 5227 710 5268 a
753 5227 926 5283 puero
957 5213 1260 5269 daemonem
1310 5213 1712 5270 inhabitantem
1747 5212 1932 5269 habue-

2054 5210 2219 5268 αὐτοῦ
2243 5215 2583 5282 φρονήσεως,
2629 5211 2751 5282 ἦτοι
2776 5209 3117 5281 ἀφροσύνης,
3141 5205 3501 5278 ἀναγνώστην
3531 5206 3675 5260 τινὰ·

368 5311 473 5370 rat,
533 5305 923 5376 incompositis
986 5305 1229 5360 motibus
1298 5305 1573 5376 agitatus,
1635 5306 1932 5378 mentisqut‘

2068 5305 2323 5376 Ἰωάννην
2349 5303 2648 5375 λεγόμενον
2673 5347 2688 5370 ,
2736 5305 2854 5359 υἱὸν
2884 5303 3241 5375 Παγκρατίου
3291 5299 3439 5365 τινὸς
3493 5299 3660 5355 Exta-

1535 5467 1785 5526 rnauc.
1823 5455 2215 5528 censeris"
2251 5464 2488 5524 none.

435 5602 561 5678 ,(10)
596 5601 807 5659 Vallum
841 5606 1009 5662 latum
1041 5607 1272 5661 excisum
1297 5622 1577 5678 opponens.
1613 5607 1704 5662 Sic
1739 5623 1794 5677 p.
1825 5607 1952 5662 416.

374 5673 716 5749 Nicephorns
757 5680 1049 5749 ambustus
1076 5679 1279 5733 dicitur
1314 5673 1371 5732 in
1397 5678 1673 5749 Bulgaria,
1729 5673 1805 5746 τῷ
1857 5680 1958 5746 τῆς

383 5745 748 5820 εὐύλαςπυρὶ,
790 5748 908 5819 ig-re
941 5749 1091 5817 valli,
1119 5749 1294 5822 inquit
1327 5745 1536 5816 Anasﬁ,
1573 5745 1958 5821 ncntpcliguis

2067 5607 2174 5662 illis
2196 5603 2678 5676 quibusCrumus
2713 5614 2890 5662 castra
2929 5605 3436 5676 circumsepiverat.

2144 5673 2260 5747 (ll)
2311 5674 2497 5748 Ταῦτα
2540 5676 2844 5748 πάσχουσιν
2896 5681 2964 5732 οἱ.
3006 5673 3352 5743 ΩιιαιτΊιατ
3410 5673 3654 5730 eveniunt

2073 5747 2420 5815 Christianis,
2463 5757 2542 5814 ut,
2577 5747 2682 5805 etc.
