4072 6296
359 317 497 387 1033

1486 313 1489 316 ’
1543 316 1724 380 VITA
1758 305 2049 380 LEONIS.
2077 304 2400 382 ARMENI,

3490 310 3626 376 1034

354 435 530 491 πάντα
562 430 823 503 εὐμαρῶς
878 429 1107 501 ποιῆσαι
1156 426 1291 499 ἔχει,
1346 427 1489 499 ἅπερ
1522 426 1789 495 βούλεται.
1828 425 1935 479 Καὶ

2067 433 2251 480 untate
2277 423 2494 481 facilius
2518 428 2907 482 exsecuturum
2938 420 3202 492 cogitans.
3233 418 3498 476 Caeterum
3527 422 3621 479 Dei

357 526 540 582 Λοιπὸν
581 523 783 597 ἀθρόον
830 524 898 577 ὲκ
940 522 1036 577 τοῦ
1080 518 1512 593 παραδοξοποιοῦ
1554 518 1687 573 Θεοῦ
1743 517 1942 591 μικρὸν

357 616 649 689 διεφορήθη
694 615 828 685 (20).
858 616 1038 687 Ὅπερ
1099 613 1285 685 μαθὼν
1325 616 1353 667 ό
1393 612 1727 684 Χαμαιλέων
1763 630 1943 683 παρα-

362 710 615 774 σκευάζει
648 706 826 778 λάθρα
851 705 942 760 διά
972 723 1135 759 τινων
1165 706 1292 767 τοῦς
1318 702 1658 775 στρατιώτας
1699 702 1943 758 ἀνελθεῖν

360 804 435 867 είς
448 801 513 856 τδ
527 803 940 873 πατριαρχεῖον,
967 798 1063 852 καὶ
1086 798 1257 869 συρτά
1277 796 1391 869 (2|)
1420 797 1729 851 καταϐάσαι
1757 796 1941 852 αὐτόν.

357 891 463 952 Ἦν
479 896 536 950 δὲ
558 896 593 967 ἠ
616 892 981 966 παρείσϐασις
996 890 1105 944 τῶν
1127 889 1431 959 Νηστειῶν.
1452 890 1563 946 Καὶ
1586 889 1946 960 συναχθέντες

360 986 687 1059 παμπληθεὶ
742 984 935 1056 ὥσπερ
990 983 1041 1040 οἱ
1112 981 1359 1038 Ἰουδαῖοι
1412 982 1507 1036 ἐπὶ
1564 980 1661 1038 τοῦ
1704 977 1943 1049 Χριστοῦ

365 1081 500 1155 μετά
561 1078 850 1151 μαχαιρῶν
886 1076 982 1132 καὶ⁸
1017 1075 1211 1142 ξύλων,
1264 1075 1531 1144 ὲγέμισαν
1569 1074 1638 1127 τά
1677 1073 1946 1145 προαύλια

361 1177 457 1245 τῆς
482 1173 806 1244 ἐκκλησίας,
833 1169 1130 1241 κράζοντες
1154 1168 1247 1225 καὶ
1278 1166 1509 1236 βοῶντες
1535 1168 1790 1232 ἀτάκτως
1809 1184 1824 1200 ο
1852 1168 1945 1220 καὶ

361 1268 546 1322 λοιπὸν
576 1267 816 1339 ἤρξαντο
837 1264 1210 1318 ἀνασκάπτειν
1239 1262 1332 1315 καλ⁵
1371 1261 1794 1329 ἀναθεματίζειν
1819 1262 1946 1323 τοὺς

364 1362 420 1414 ὲν
466 1358 590 1431 ὁσία
652 1361 719 1429 τῇ
774 1359 965 1427 μνήμη
1014 1354 1332 1427 Γερμανὸν,
1372 1356 1468 1407 καὶ
1507 1355 1802 1425 Ταράσιον,
1852 1354 1946 1406 καὶ

365 1450 679 1521 Νικηφόρον
697 1467 709 1480 ·
730 1449 874 1518 ᾶπερ
899 1446 1140 1510 ἀκούσας
1161 1448 1189 1499 ὁ
1216 1444 1947 1515 πατριάρχηςηύχαρίστησε

365 1544 443 1617 τῷ
470 1543 590 1613 Θεῷ
618 1543 757 1612 μετὰ
786 1539 1061 1611 δακρύων,
1106 1540 1189 1592 ὅτι
1231 1536 1436 1608 ἠξιώθη
1485 1536 1624 1607 ὑπὲρ
1665 1536 1948 1599 εὐσεϐείας

368 1638 536 1693 ταῦτα
570 1637 825 1696 ἀκοῦσαι.
862 1637 970 1689 Καὶ
994 1633 1059 1705 δὴ
1095 1634 1356 1704 ὥρμησεν
1395 1634 1423 1685 ὁ
1453 1630 1577 1693 λαὸς
1605 1631 1947 1701 ὁμοθυμαδὸν

370 1731 501 1803 πρὸς
513 1731 574 1785 τὸ
603 1729 847 1783 ἀνελθεῖν
868 1729 948 1791 εἰς
970 1727 1031 1780 τὸ
1059 1728 1465 1797 πατριαρχεῐον.
1503 1723 1614 1777 Καί
1644 1740 1725 1786 τις
1748 1720 1947 1792 Θωμᾶς

2048 534 2214 573 manu
2266 516 2659 572 miraculorum
2707 514 2978 570 etfectrice
3007 514 3260 568 nonnihil
3305 513 3624 575 sublevatus

2048 621 2133 666 est
2175 611 2522 680 patriarcha;
2574 608 2718 679 quod
2772 622 2896 662 cum
2958 607 3211 662 rescisset
3258 606 3624 671 Chamaeleon,

2050 699 2411 771 quorumdam
2452 713 2553 769 0pc
2598 698 2797 753 milites
2836 698 2889 751 in
2935 696 3328 767 patriarchium
3362 697 3500 750 clam
3531 712 3628 766 pc-

2052 800 2269 847 netrarc
2299 790 2596 860 disposuit,
2637 800 2690 845 et
2741 788 2969 845 silenter
3002 803 3126 843 eum
3169 788 3458 843 abducere.
3495 786 3629 843 Erat

2030 900 2216 955 .porro
2241 883 2581 953 Jejuniorum
2614 882 2852 937 initium.
2886 880 3143 937 Conferta
3169 882 3352 959 itaque
3384 881 3630 935 multitu-

2054 977 2179 1031 dine
2226 974 2425 1041 coacti,
2462 974 2611 1029 velut
2657 971 2831 1027 Judaei
2876 972 2927 1029 in
2972 971 3251 1027 Christum
3304 971 3630 1037 insilientes,

2053 1085 2179 1123 cum
2234 1069 2430 1139 gladiis
2467 1079 2521 1123 et
2550 1068 2713 1138 lignis
2754 1066 3003 1127 ecclesiae
3033 1067 3230 1120 atrium
3264 1064 3629 1135 repleverunt,

2054 1163 2375 1227 clamantes,
2397 1172 2451 1217 et
2494 1161 2833 1215 tumultuose
2876 1157 3239 1220 vociferantes
3273 1175 3287 1212 :
3316 1167 3632 1225 creperum-

2055 1272 2159 1326 que
2186 1253 2485 1320 exsecrari,
2514 1262 2568 1309 et
2602 1252 2737 1307 diris
2758 1251 3026 1311 devovere
3056 1260 3244 1305 sancta
3277 1251 3329 1303 in
3363 1251 3633 1306 memoria

2054 1345 2345 1403 defunctos
2378 1344 2748 1408 Germanum,
2801 1341 3088 1396 Tarasium
3126 1350 3180 1402 et
3229 1339 3626 1412 Nicephorum:

2054 1456 2175 1509 quae
2198 1438 2417 1509 quidem
2454 1437 2683 1491 audiens
2726 1435 3039 1507 patriarcha
3070 1434 3177 1489 Deo
3219 1450 3343 1489 cum
3377 1435 3632 1507 Iacrymis

2054 1531 2257 1603 gratias
2276 1532 2407 1603 egit,
2426 1532 2569 1601 quod
2589 1532 2807 1602 pietatis
2833 1532 3185 1588 defendendae
3211 1548 3376 1588 causa
3400 1532 3514 1588 haec
3534 1548 3634 1587 au-

2056 1624 2172 1679 dire
2204 1634 2527 1681 mereretur.
2580 1625 2882 1685 Confestim
2928 1627 3262 1697 conspiranti
3294 1627 3495 1696 impetu
3530 1642 3634 1702 pu-

2056 1715 2216 1786 ptilus
2240 1716 2451 1782 iusiliit,
2482 1724 2543 1771 ut
2567 1717 2620 1771 in
2647 1718 3043 1788 patriarchium
3069 1718 3467 1789 ingrederetur.
3509 1717 3633 1774 Mox

373 1802 662 1893 πατρίκιος
693 1819 1117 1874 ἀποδισυπάτων
1149 1818 1279 1891 [ἀπὸ
1313 1818 1394 1881 δὶς
1440 1813 1686 1888 ὑπάτων]
1724 1816 1951 1885 γενόμε-

2059 1809 2300 1865 Thomas
2347 1809 2572 1880 quidam
2603 1809 2895 1880 patricius,
2933 1812 3018 1867 bis
3056 1813 3343 1878 exconsul,
3372 1812 3463 1881 qui
3501 1821 3632 1871 tunc

372 1933 476 1981 νος,
505 1916 562 1978 ὃς
581 1915 703 1967 τότε
733 1914 830 1984 τὴν
855 1912 1151 1983 ἐκκλησίαν
1194 1908 1501 1980 παρέλαϐεν
1534 1908 1653 1981 [ὡς]
1704 1908 1808 1961 ὑπὸ
1855 1907 1949 1960 τοῦ

376 2008 660 2079 βασιλέως.
711 2005 1023 2075 ἀσφαλίσας
1050 2003 1149 2068 τὰς
1209 2003 1386 2065 πύλας
1416 2002 1512 2058 τοῦ
1554 2002 1949 2072 πατριαρχείου

374 2097 669 2164 ἀπεδίωξεν
722 2097 941 2160 αὐτοὺς,
988 2095 1066 2158 ὡς
1116 2094 1277 2164 δῆθεν
1314 2092 1409 2146 τοῦ
1457 2092 1723 2164 βασιλέως
1779 2093 1951 2163 χωρὶς

372 2186 539 2240 ταῦτα
569 2185 880 2247 ποιοῦντας.
933 2185 1044 2238 Καὶ
1093 2184 1279 2240 λοιπὸν
1318 2185 1346 2236 ὁ
1387 2182 1786 2253 προειρημένος
1811 2181 1948 2254 ἀνὴρ

374 2275 620 2331 ἀπελθὼν
644 2280 779 2347 πρὸς
806 2276 897 2329 τὸν
919 2275 1319 2345 Χαμαιλέοντα,
1351 2272 1505 2327 εἶπεν
1539 2274 1689 2343 αύτῴ
1714 2274 1806 2328 τοῦ
1819 2272 1949 2327 λαοῦ

374 2368 467 2437 τὴν
484 2366 720 2421 ἄτακτον
750 2367 948 2438 ῥύμην.
991 2368 1051 2419 Ὀ
1075 2366 1132 2420 δὲ
1166 2366 1255 2420 ἀεὶ
1274 2366 1514 2435 ψεύστης
1544 2365 1639 2430 ὢν,
1675 2367 1950 2437 ⁴ἠρνήσατο

375 2457 590 2524 ειδέναι,
624 2457 761 2527 μηδὲ
786 2455 1125 2511 ἀπεστᾶλθαι
1152 2454 1285 2526 παρ’
1322 2455 1510 2509 αὐτοῦ.
1546 2455 1730 2521 Ἀλλὰ,
1764 2456 1948 2526 φησὶν,

376 2552 619 2621 ἀνάγκην
655 2548 870 2620 ἔχουσιν
923 2551 1017 2606 καὶ
1069 2549 1230 2603 πόνον
1280 2550 1332 2603 οἱ
1365 2548 1507 2613 λαοὶ,
1541 2549 1635 2601 καὶ
1669 2547 1761 2601 διὰ
1794 2549 1953 2602 τοῦτο

375 2642 543 2707 οὕτως
570 2642 861 2711 ἐποίησαν.
894 2642 1003 2699 Καὶ
1023 2640 1217 2709 λέγειό
1248 2640 1470 2709 Θωμᾶς,
1502 2640 1583 2693 ὅτι
1616 2639 1680 2693 Et
1707 2640 1952 2705 κελεύεις

377 2735 557 2800 αὑτὸν,
595 2736 867 2800 δέσποτα,
926 2733 1178 2801 lacrimat,
1226 2734 1287 2788 ού
1341 2733 1554 2787 πολλῶν
1602 2736 1719 2789 ἐστι
1769 2734 1950 2805 χρεία.

377 2826 478 2880 Δύο
509 2827 754 2898 ὀνόματα
774 2826 1113 2891 ἀπόστειλον,
1140 2826 1233 2879 καὶ
1256 2826 1383 2889 τοὺς
1416 2825 1638 2895 ἔχοντας
1664 2826 1827 2880 αὐτὸν
1852 2824 1951 2895 βα-

382 2921 609 2975 στάσαι·
655 2921 715 2976 οὐ
750 2920 860 2991 γὰρ
913 2917 1136 2976 δύναται
1204 2919 1583 2989 περιπατῆσαι
1626 2918 1718 2988 ἀφ’
1754 2918 1950 2973 ἑαυτοῦ

377 3012 441 3067 ὲκ
463 3011 565 3080 τῆς
591 3012 771 3073 νόσου,
800 3011 895 3064 καὶ
935 3010 1109 3074 οὕτως
1139 3008 1422 3081 ἐξέρχεται
1447 3027 1458 3039 ·
1486 3008 1514 3062 ὃ
1537 3009 1601 3080 δὴ
1636 3010 1728 3064 καὶ
1761 3011 1955 3083 ἐποίη-

380 3118 488 3158 σεν.
525 3102 605 3172 Τῇ
632 3103 789 3155 νυκτὶ
817 3099 971 3174 [γὰρ]
1002 3100 1330 3165 ἀποστείλας
1354 3101 1508 3165 τινάς
1540 3100 1770 3166 ἐξέωσεν
1787 3103 1952 3157 αὐτὸν

377 3192 474 3263 τῆς
507 3173 830 3266 ἐκκλησίας,
882 3173 977 3249 καὶ
1023 3194 1431 3263 καταγαγόντες
1470 3195 1535 3246 ὲκ
1560 3194 1650 3247 τοῦ
1682 3211 1956 3267 πατριαρ-
1984 3173 2026 3229 c

377 3284 522 3355 χείου
556 3286 692 3354 μετά
733 3285 905 3357 φόρου
950 3282 1225 3356 Ιφορείου]
1264 3284 1315 3335 οἱ
1354 3285 1777 3350 ἀποσταλέντες,
1802 3284 1958 3356 ἔστη-

380 3392 475 3429 σαν
497 3374 661 3447 μέσον
690 3378 789 3446 τῆς
808 3376 1016 3445 ἀγορᾶς
1046 3373 1141 3427 τοῦ
1179 3373 1415 3444 Μηλίου.
1473 3374 1622 3439 ὅπως
1668 3377 1812 3440 τινὲς
1850 3377 1958 3430 τῶν

379 3469 727 3541 στρατιωτῶν
779 3466 1175 3527 ἀποκτείνωσιν
1224 3467 1410 3522 αὐτόν.
1461 3469 1573 3523 Καὶ
1606 3468 1794 3537 ἐπειδὴ
1826 3467 1961 3540 βρά-

374 3563 481 3619 διον
507 3560 595 3637 ἦν,
629 3564 725 3617 καὶ
764 3560 967 3625 πάντες
1001 3559 1155 3631 ὕπνῳ
1192 3561 1583 3630 κατεφέροντο,
1626 3561 1804 3625 οὐδεὶς
1840 3566 1961 3616 ἐσα-

378 3656 561 3729 λεύθη.
578 3656 688 3715 Καὶ
714 3656 1037 3725 ποιήσαντες
1054 3654 1186 3707 ὡσεὶ
1209 3653 1409 3726 μιῶριν
1428 3652 1524 3726 [ὡς
1546 3653 1829 3726 ήμιῶριν],
1864 3656 1960 3707 καὶ

381 3746 545 3818 μηδὲν
598 3743 898 3808 ἀνύσαντες
946 3744 1077 3815 περὶ
1124 3739 1186 3798 οὗ
1251 3742 1556 3807 ἐϐούλοντο,
1607 3738 1750 3814 ἦραν
1797 3744 1959 3797 αὐτὸν

377 3837 606 3903 ἐκεῖθεν,
640 3836 734 3893 καὶ
762 3836 1078 3906 κατήγαγον
1102 3835 1184 3898 εἰς
1212 3833 1509 3906 ἀκρόπολιν
1530 3848 1545 3862 ·
1578 3837 1671 3889 καὶ
1707 3833 1961 3904 βαλόντες

376 3929 432 3983 ιν
457 3928 689 4000 ἀκατίῳ,
735 3926 968 3998 ἔρριψαν
1003 3928 1178 3998 πέραν
1213 3928 1291 3988 εἰς
1332 3926 1696 3997 Χρυσόπολιν.
1750 3926 1860 3980 Καὶ
1901 3927 1960 3979 τὸ

379 4019 521 4094 πρωῒ
553 4022 789 4091 ποιήσας
832 4016 1105 4072 σελέντιον
1150 4018 1179 4071 ό
1216 4017 1329 4080 υίὸς
1361 4018 1459 4088 τῆς
1491 4017 1789 4082 ἀπωλείας,
1808 4016 1961 4071 εἶπεν

377 4115 514 4186 πρὸς
546 4115 639 4166 τὸν
676 4112 807 4168 λαόν
831 4129 845 4143 ο
898 4111 1116 4176 υίδατε,
1165 4110 1407 4180 ἀδελφοὶ,
1441 4112 1523 4165 ὅτι
1548 4112 1576 4164 ὁ
1611 4112 1960 4185 πατριάρχης

376 4207 658 4279 παρεάσας
685 4204 784 4274 τῆς
813 4202 1109 4275 ἐκκλησίας
1138 4202 1486 4275 ἀνεχώρησεν
1506 4220 1519 4233 ·
1542 4204 1676 4265 διότι
1701 4205 1961 4276 ἐλέγομεν

375 4298 525 4370 αύτῷ
555 4297 687 4369 περὶ
718 4296 826 4350 τῶν
872 4296 1118 4363 εἰκόνων,
1148 4299 1228 4350 ὅτι
1273 4296 1459 4361 κακῶς
1500 4297 1958 4365 προσκυνοῦνται,

376 4392 467 4446 καὶ
515 4392 598 4445 ὅτι
653 4389 741 4450 διὰ
787 4388 945 4443 τοῦτο
976 4389 1044 4442 τὰ
1082 4388 1210 4459 ἔθνη
1257 4389 1547 4461 κυριεύουν
1577 4389 1754 4460 ἡμῶν.
1786 4389 1960 4452 Αὐτὸς

373 4484 433 4541 δὲ
464 4483 541 4556 μὴ
574 4483 714 4555 ἔχων
746 4479 966 4550 εὔλογόν
995 4499 1047 4535 τι
1072 4481 1540 4553 ἀπολογήσασθαι,
1563 4482 1840 4553 ὀργισθεὶς
1866 4483 1959 4537 καὶ

374 4576 652 4646 ἀτιμάσας
717 4576 867 4645 ἡμᾶς
908 4572 1273 4646 ἀνεχώρησεν.
1331 4577 1443 4631 Καὶ
1488 4575 1673 4636 λοιπὸν
1712 4577 1959 4650 ἀνάγκην

374 4670 572 4743 ἔχομεν
604 4668 793 4741 ⁴ἐτερον
825 4668 1173 4742 πατριάρχην
1211 4668 1453 4740 ποιῆσαι.
1490 4670 1602 4726 Καὶ
1629 4669 1800 4728 ταῦτα
1829 4671 1959 4742 ψευ-

378 4763 609 4835 σάμενος
643 4760 864 4821 ἔπεισεν
904 4759 995 4813 τὸν
1033 4760 1187 4827 λαὸν,
1238 4761 1322 4819 ὅτι
1361 4763 1737 4835 παρῃτήσατο,
1769 4765 1863 4820 καὶ
1892 4762 1959 4836 δὴ

378 4854 708 4928 βουλομένου
767 4851 933 4909 αὐτοῦ
979 4853 1211 4922 ,ποιῆσαι
1250 4853 1504 4922 Ἰωάννην
1550 4853 1643 4905 τοῦ
1693 4854 1956 4924 Παγκρα-

375 4949 513 5014 τίου,
546 4947 670 5003 καθ’
698 4947 726 5002 ὃ
776 4946 872 5007 καὶ
905 4947 1271 5018 προσυνέθετο
1314 4947 1461 5020 αύτῷ
1492 4949 1625 5020 ('22),
1658 4949 1959 5020 διεκωλύθη

380 5037 528 5110 παρά
580 5035 689 5090 τῶν
746 5037 1055 5105 πατρικίων
1100 5036 1388 5104 λεγόντων,
1445 5039 1527 5091 ὅτι
1553 5039 1690 5102 Nec;
1717 5038 1833 5092 ἐστὶ
1867 5042 1962 5095 καὶ

382 5130 616 5202 ἀφανὴς,
642 5130 738 5183 καὶ
785 5129 848 5182 οὺ
890 5128 972 5187 δεῖ
1019 5130 1165 5199 ἡμᾶς
1207 5130 1471 5201 γέροντας
1514 5136 1838 5203 προσκυνεῖν
1868 5133 1962 5186 καὶ

383 5222 750 5293 προσπίπτειν
831 5218 1148 5292 ἔμπροσθεν
1183 5222 1383 5277 ἀὐτοῦ
1410 5240 1424 5255 ο
1471 5224 1606 5287 ἀλλὰ
1647 5224 1847 5294 μᾶλλον
1898 5226 1962 5280 ὲκ

384 5317 499 5382 τοὺς
523 5313 785 5385 εὐγενοῦς
835 5312 969 5387 [τῶν
995 5314 1282 5389 εύγενῶν],
1345 5318 1438 5374 καὶ
1473 5319 1734 5390 ἐμφανεῖς
1763 5319 1961 5390 [ἐμφα-

2057 1902 2207 1959 vclut
2232 1901 2583 1971 imperatoris
2618 1902 2775 1971 jussu
2808 1902 3094 1957 ecclesiam
3125 1903 3403 1963 tutandam
3440 1919 3630 1961 susce-

2058 2002 2231 2063 perat,
2256 1994 2426 2063 portis
2451 1993 2768 2064 patriarchii
2796 1993 3056 2059 occlusis,
3088 2010 3181 2050 eos
3212 1998 3460 2060 removit,
3482 1997 3634 2055 velut

2059 2084 2233 2139 inscio
2261 2086 2594 2154 imperatore
2618 2085 2931 2140 istiusmodi
2953 2084 3197 2141 facinora
3228 2088 3470 2149 molitos.
3497 2088 3633 2145 Pro-

2058 2178 2203 2232 tinus
2252 2177 2320 2232 ad
2376 2177 2834 2233 Chammleontem
2885 2178 3144 2249 prwfatus
3200 2181 3283 2234 vir
3330 2181 3630 2250 profectus,

2058 2270 2429 2327 inordinatum
2470 2271 2649 2340 populi
2720 2281 2930 2327 motum
2982 2271 3347 2327 denuntiavit.
3388 2271 3485 2328 Ille
3531 2290 3631 2344 pro

2058 2365 2221 2420 solito
2249 2365 2504 2430 mendax,
2532 2380 2633 2420 nec
2660 2365 2959 2435 quidquam
2988 2368 3149 2431 scire,
3186 2367 3269 2421 vel
3300 2382 3629 2443 quemquam

2059 2472 2175 2512 ase
2215 2456 2442 2514 missum
2491 2472 2712 2529 negare.
2763 2457 3008 2525 Verum,
3055 2457 3254 2527 inquit,
3308 2462 3633 2517 necessitate

2059 2552 2396 2620 compulsus,
2448 2560 2503 2605 et
2560 2550 2726 2605 animi
2778 2565 3015 2606 mmrore
3064 2559 3241 2608 tactus
3292 2552 3525 2623 populus
3577 2553 3629 2607 in

2060 2643 2376 2713 huiusmodi
2402 2643 2604 2699 factum
2636 2645 2904 2714 prorupit.
2935 2643 3216 2701 Subinfert
3246 2643 3488 2703 Thomas
3520 2664 3534 2700 :
3573 2645 3630 2702 Si

2058 2751 2182 2792 eum
2200 2738 2428 2807 iusseris
2456 2738 2672 2809 expelli,
2697 2738 2936 2803 domine,
2962 2754 3070 2793 non
3101 2754 3240 2809 opus
3259 2738 3466 2795 multis.
3485 2738 3632 2795 Tan-

2061 2838 2173 2883 tum
2205 2831 2457 2886 homines
2491 2831 2631 2887 duos
2689 2832 2866 2898 tnitte,
2922 2833 3171 2902 aliosque
3208 2834 3300 2903 qui
3350 2834 3578 2897 efferant
3613 2852 3631 2892 :

2062 2936 2169 2978 non
2204 2925 2349 2977 enim
2387 2924 2802 2993 ingravescente
2837 2925 3145 2981 valetudine
3164 2941 3195 2980 a
3223 2941 3281 2981 se
3305 2935 3481 2996 potest
3509 2943 3635 2999 pro-

2060 3014 2255 3069 cedere
2288 3030 2303 3067 :
2340 3023 2502 3084 atque
2533 3014 2605 3069 ita
2633 3015 2894 3071 discedet.
2937 3016 2994 3070 ld
3033 3006 3284 3081 ita'fecit,
3340 3016 3636 3074 submissis

2062 3113 2243 3170 nocte,
2286 3108 2378 3176 qui
2422 3106 2790 3176 patriarcham
2823 3107 3083 3177 eiicerent
3136 3109 3392 3169 ecclesia,
3451 3109 3635 3183 Quare

2061 3197 2154 3266 qui
2189 3197 2343 3253 missi
2378 3197 2597 3253 fuerant
2638 3199 2832 3255 lectica
2885 3200 3249 3269 patriarcham
3282 3202 3634 3268 abducentes,

2060 3290 2240 3345 medio
2268 3290 2405 3345 Milii
2440 3289 2599 3363 44],
2631 3290 2749 3346 foro
2792 3300 3080 3358 steterunt,
3115 3302 3177 3349 ut
3218 3309 3343 3349 eum
3393 3295 3631 3356 militum

2058 3382 2279 3454 quidam
2306 3383 2640 3438 occiderent.
2676 3382 2808 3438 Erat
2847 3399 3012 3454 porro
3035 3384 3304 3455 profunda
3326 3402 3454 3452 nox,
3483 3403 3634 3444 som-

2061 3492 2242 3547 noque
2273 3477 2492 3533 cunctis
2537 3478 2815 3547 depressis
2845 3517 2861 3542 ,
2903 3478 3088 3533 nullus
3138 3477 3381 3549 seipsum
3443 3480 3633 3535 movit.

2059 3567 2191 3624 Post
2235 3570 2469 3625 mediam
2509 3571 2721 3636 horam,
2750 3570 2804 3624 in
2839 3570 3011 3634 nullo,
3052 3586 3288 3641 quorum
3324 3581 3441 3626 erat
3470 3572 3635 3627 moli-

2060 3676 2208 3723 men,
2249 3660 2617 3729 proficicutes,
2664 3661 2905 3717 tulerunt
2950 3676 3075 3717 eum
3118 3661 3242 3717 inde
3271 3670 3324 3718 et
3356 3664 3409 3718 in
3448 3678 3633 3719 arcem

2061 3750 2438 3819 abduxerunt;
2496 3752 2771 3823 lintreque
2801 3752 3118 3822 impositum
3161 3762 3312 3809 trans
3346 3753 3543 3810 fretum
3566 3754 3635 3810 ad

2059 3842 2443 3914 Chrysopolim
2472 3843 2772 3914 proiecere.
2795 3842 2951 3900 Mane
2977 3845 3212 3901 comitiis
3238 3846 3456 3908 habitis.
3490 3847 3635 3903 ﬁlius

2060 3932 2387 4003 perditionis
2412 3934 2478 3988 ad
2513 3935 2776 4006 populum
2804 3951 3113 3991 sermonem
3147 3936 3333 3992 habuit
3360 3953 3373 3990 :
3403 3935 3635 4003 Videtis.

2061 4025 2280 4091 fratres,
2317 4036 2378 4082 ut
2408 4028 2719 4099 patriarcha
2748 4029 2981 4084 ecclesia
3011 4029 3270 4085 derelicta
3295 4030 3633 4097 discesserit.

2061 4116 2207 4186 quod
2242 4132 2367 4173 cum
2408 4131 2475 4171 eo
2504 4117 2573 4174 de
2604 4118 2939 4190 imaginibus
2970 4118 3237 4175 fuerimus
3271 4122 3548 4187 collocuti,
3580 4134 3637 4179 et

2062 4209 2485 4277 exposuerimus
2511 4220 2733 4281 propter
2756 4225 2850 4278 eas
2882 4227 2913 4267 a
2945 4213 3202 4282 gentibus
3232 4229 3331 4268 nos
3366 4213 3637 4287 afﬂigiulu

2062 4316 2222 4365 vero,
2270 4303 2521 4371 responsi
2557 4303 2785 4374 congrui
2835 4304 3055 4375 penitus
3098 4304 3339 4376 ignarus,
3380 4308 3461 4363 ira
3493 4324 3635 4379 prae-

2063 4408 2212 4464 ceps,
2236 4404 2289 4449 ct
2320 4395 2480 4450 nobis
2511 4396 2796 4467 neglectis,
2822 4396 2978 4451 abiit.
3010 4398 3192 4453 Alium
3217 4398 3385 4469 igitur
3408 4401 3639 4470 patriar-

2064 4487 2223 4542 cham
2265 4487 2481 4543 institui
2520 4503 2748 4544 necesse
2785 4498 2889 4544 est.
2920 4490 3000 4544 Ita
3036 4489 3323 4557 mentitus,
3362 4494 3637 4560 persuasit

2065 4582 2268 4651 popqu
2314 4581 2601 4637 abdicasse
2651 4596 2711 4637 se
2770 4580 3082 4650 dignitate:
3134 4579 3401 4639 Joannem
3435 4583 3638 4656 quippe

2064 4670 2339 4730 Pancratii
2378 4672 2572 4741 filium,
2620 4674 2765 4743 quod
2806 4674 2910 4729 sibi
2959 4674 3318 4742 adhaesisset,
3348 4677 3416 4731 ad
3448 4678 3637 4733 istius-

2067 4766 2212 4820 modi
2261 4766 2580 4835 dignitatem
2630 4781 2953 4835 promovere
2995 4767 3265 4821 studebat.
3317 4770 3361 4826 Α
3394 4769 3639 4839 patriciis

2065 4869 2243 4913 tamen
2275 4860 2327 4912 in
2359 4860 2505 4915 hunc
2535 4875 2743 4914 morem
2789 4860 3140 4915 monentibus
3173 4860 3478 4929 prohibitus
3513 4871 3596 4917 est
3617 4879 3637 4917 ι

2065 4949 2290 5007 Juvenis
2315 4962 2418 5017 est,
2460 4952 2801 5023 inquiebant,
2846 4961 2899 5006 et
2936 4952 3233 5021 ignobilis:
3277 4968 3453 5022 neque
3484 4953 3639 5009 decet

2066 5059 2169 5098 nos
2211 5058 2371 5099 senes
2419 5059 2543 5098 eum
2578 5044 2849 5111 venerari,
2895 5053 2949 5097 et
2995 5058 3181 5097 coram
3206 5058 3271 5097 eo
3310 5044 3635 5112 procidere;

2068 5134 2199 5203 quin
2229 5133 2412 5203 potius
2464 5148 2530 5188 ex
2580 5132 2830 5202 ingenuis
2880 5146 2933 5187 et
2988 5134 3187 5188 illustri
3239 5134 3445 5190 familia
3494 5136 3641 5192 natis

2070 5232 2338 5293 aetateque
2374 5223 2648 5293 provectis
2686 5224 2991 5293 patriarcha
3043 5235 3446 5294 promoveatur.
3501 5226 3638 5280 Eam

2068 5318 2140 5371 ob
2165 5330 2274 5369 rem
2308 5314 2644 5370 Theodotum
2668 5313 2944 5375 Michaelis
2973 5314 3189 5385 patricii
3214 5314 3639 5371 MelissiniCon-

1566 5410 1818 5467 FRANC.
1852 5408 2241 5466 COMBEFISH
2276 5406 2510 5462 NOTAE.

455 5503 563 5580 (20)
588 5500 1078 5580 Diﬂlafoﬁumore,
1112 5512 1204 5557 aut
1256 5479 1538 5558 sudoribus
1568 5505 1801 5558 resoluto
1838 5512 1959 5558 tan-

390 5571 554 5648 tisper?
576 5571 871 5648 convaluit.

454 5638 562 5721 ζει)
600 5643 695 5707 Τό,
738 5638 953 5723 appr-ii,
990 5656 1097 5695 non
1125 5642 1349 5723 _sileutcr
1382 5655 1588 5723 putem,
1623 5648 1722 5723 _uti
1770 5646 1961 5723 reddi-

388 5718 494 5774 tum
524 5736 538 5773 ;
575 5730 687 5771 non
717 5718 860 5768 enim
889 5718 960 5765 ita
989 5718 1254 5782 pergitur,
1286 5719 1431 5783 quod
1461 5718 1818 5771 tumultuaria
1855 5719 1958 5771 mi-

390 5793 534 5851 litum
564 5800 731 5843 manu
752 5783 1158 5851 exseqttendum
1182 5788 1473 5839 mandatur
1507 5805 1520 5840 :
1557 5791 1652 5843 scd
1683 5791 1958 5854 trahendo,

734 5881 1005 5943 PATROL.
1049 5880 1166 5943 Gn.
1212 5883 1425 5953 CVIII,

2066 5511 2359 5573 apertaque
2392 5502 2443 5554 vi
2493 5499 3226 5573 patriarehioexportarent,
3266 5501 3494 5556 necdum
3526 5504 3639 5561 sci.

2064 5572 2192 5629 licet
2255 5588 2350 5643 per
2411 5574 2786 5643 aegritudinem
2840 5572 3016 5640 ipsum
3055 5572 3307 5627 incedere
3349 5573 3636 5637 valentem,

2136 5641 2266 5715 (ΞΩ)⁷
2303 5641 2393 5695 Uti
2460 5641 2619 5696 etiam
2668 5643 2816 5711 prius
2846 5659 2963 5696 cum
3002 5658 3060 5695 eo
3108 5654 3291 5715 pactus
3339 5652 3637 5703 erat:cum

2065 5714 2259 5783 nempe
2286 5715 2523 5784 primum
2558 5715 2928 5768 instauranda:
2952 5715 3173 5784 haeresis
3210 5714 3474 5769 adversus
3502 5715 3639 5774 ima.

3210 5878 3283 5950 33

2061 5788 2220 5857 gines
2250 5785 2555 5855 adiutorem
2589 5784 2834 5841 adhibuit
2868 5798 2990 5854 pag.
3019 5783 3143 5838 455.
