4072 6296
177 354 299 422 ioit
392 336 395 339 ’

1457 350 2128 413 (ΣΗΗΟΝΟΟΒΛΡΗΙΑ.

3289 350 3426 421 Ῑθίῖ

172 471 332 541 δωρον
360 466 473 522 τῶν
514 465 765 520 Στουδίου
798 463 1072 537 ἑξορίσας,
1115 463 1373 518 Θεόδοτον
1406 464 1498 516 τὸν
1533 464 1745 517 Κασσι-

1856 464 2067 518 civitate
2095 463 2339 533 pulsum,
2374 474 2428 521 et
2461 464 2809 521 Theodorum
2840 463 3045 535 pariter
3084 463 3260 521 Studii
3290 482 3421 536 pra:-

173 562 324 632 τερᾶν
354 558 436 628 τῷ
468 556 846 627 πατριαρχείῳ
874 554 1347 626 ἀπεκατέστησεν.
1377 553 1603 607 Ἐκτοτε
1643 549 1737 606 οῦν

173 654 253 706 τὸν
279 649 454 720 θυμὸν
475 648 679 703 καὶ-τὸν
704 648 852 701 δόλον
875 648 973 716 τῆς
998 647 1176 718 ψυχῆς
1207 645 1387 710 αὐτοῦ,
1404 645 1602 717 ἐκχέας
1624 649 1739 709 τοῖς

175 742 515 813 συμμύσταις
543 740 711 794 αὐτοῦ
743 739 1033 809 ἀσελγέσιν
1064 740 1258 804 ἑαυτὸν
1278 741 1735 795 κατεπίστευσεν·

173 833 355 898 οἵτινες
383 833 512 886 ἐπεὶ
549 819 701 901 αύτῷ
734 829 1265 903 προσῳκειώθησαν,
1297 831 1425 902 τρία
1458 830 1741 901 ὑπέθηκαν

171 925 309 996 αύτῷ
338 924 406 998 τὰ
448 923 832 995 ὑπεσχημένα,
878 924 974 976 καὶ
1027 922 1177 993 αὐτῷ
1224 923 1599 995 στεργόμενον
1641 923 1740 992 τῆς

170 1016 442 1088 δρθοδόξου
480 1017 720 1080 πίστεως
771 1014 929 1089 ἡμῶν
981 1014 1080 1087 τὴν
1122 1018 1373 1087 ἄρνησιν,
1422 1016 1532 1068 τῶν
1581 1014 1742 1070 θείων

171 1110 385 1164 εὶκόνων
444 1108 548 1180 τὴν
615 1109 977 1181 καθαίρεσιν,
1036 1107 1149 1162 τῶν
1215 1109 1591 1164 εὐσεϐούντων
1643 1108 1744 1180 τὴν

170 1200 358 1269 δίωξιν.
396 1200 642 1265 Ταύταις
681 1200 776 1257 οῦν
820 1204 940 1267 ταῖς
983 1199 1221 1266 ἀπάταις
1267 1200 1531 1272 προσθεὶς
1567 1201 1596 1255 ὀ
1640 1217 1745 1272 μα-

169 1292 461 1363 ταιόφρων,
511 1291 925 1364 ἀναπτερωθεὶς
970 1294 998 1346 ό
1033 1291 1265 1355 δείλαιος
1310 1294 1375 1363 τῇ
1409 1290 1745 1364 ταλαιπώρῳ

169 1386 327 1456 ὁρμῇ,
363 1384 564 1454 πρῶτα
599 1384 699 1454 μὲν
730 1384 988 1455 καθαιρεῖ
1014 1385 1196 1438 πᾶσαν
1230 1384 1382 1455 ίερὰν
1414 1384 1518 1454 τῆς
1547 1385 1746 1456 ἐκκλη-

174 1476 285 1538 σίας
321 1476 745 1548 ἁναστήλωσινι
798 1475 1094 1537 κάντεῦθεν
1136 1476 1264 1537 τοὺς
1321 1476 1746 1548 εὑρισκομένους

171 1566 381 1639 ἔχοντας
392 1568 611 1631 εἰκόνας
640 1570 877 1640 Χριστοῦ
902 1570 936 1642 ἦ
958 1586 1102 1633 τινος
1132 1570 1314 1638 ἁγίου,
1345 1569 1548 1635 δειναῖς
1568 1588 1747 1642 τιμω-

176 1659 313 1729 ρίαις
344 1661 443 1714 καὶ
501 1660 719 1731 θανάτῳ
762 1660 1141 1726 κατεδίκαζεν,
1177 1660 1273 1714 καὶ
1322 1662 1549 1725 πολλοὺς
1598 1663 1746 1717 ἐνδό-

174 1750 287 1815 ξους
317 1752 415 1805 καὶ
461 1755 791 1824 περιφανεῖς
836 1754 1190 1824 πεφόνευκεν.
1224 1754 1446 1827 Μιχαὴλ
1477 1754 1535 1809 δὲ
1577 1756 1615 1809 ό
1650 1756 1749 1816 τὴν

174 1844 257 1897 τοῦ
290 1844 627 1909 ὲξκουϐιτων
663 1846 947 1915 τάγματος
991 1846 1167 1917 ἀρχὴν
1209 1846 1436 1915 διέπων,
1486 1847 1743 1921 διεϐλήθη

174 1936 243 2005 τῷ
270 1936 510 2007 βασιλεῖ,
542 1937 617 2001 ὡς
652 1937 774 1991 κατ’
810 1937 977 1991 αὐτοῦ
1020 1938 1430 2009 βουλευόμενος,
1461 1940 1522 1994 ὃν
1552 1942 1742 2014 είρκτῇ

177 2030 350 2094 πέδαις
381 2026 539 2101 εἶχεν
569 2031 929 2103 τηρούμενον.
960 2031 1071 2100 Τῆς
1099 2031 1156 2085 δὲ
1184 2034 1461 2100 γενεθλίου
1507 2035 1600 2088 τοῦ
1632 2036 1747 2087 Σω·

173 2126 326 2194 τῆρος
376 2125 547 2194 ἡμῶν
592 2124 858 2195 ἐνστάσης
890 2122 1081 2177 τοῦτον
1140 2124 1418 2197 ἠϐουλήθη
1464 2131 1530 2198 τῇ
1590 2128 1749 2182 νυκτὶ

175 2218 393 2272 ἀνελεῖν.
430 2217 722 2281 Κωλυθεὶς
750 2216 805 2270 δὲ
851 2217 1127 2290 παρὰῗτῆς
1160 2218 1294 2282 ιδίας
1326 2221 1617 2289 γυναικὸς,
1658 2221 1749 2275 διὰ

172 2310 260 2378 τὴν
286 2310 511 2380 ἑορτὴν,
533 2307 721 2363 εἴασεν
749 2308 930 2363 αὐτόν.
972 2310 1029 2363 '0
1051 2310 1106 2362 δὲ
1132 2310 1351 2382 Μιχαὴλ
1377 2315 1435 2365 ὲν
1460 2315 1526 2382 τῇ
1552 2314 1744 2386 εἱρκτῇ

176 2402 261 2469 ὢν,
298 2403 459 2455 τοῦτο
500 2402 710 2472 μαθὼν,
746 2404 879 2455 πᾶσι
911 2404 1023 2466 τοῖς
1067 2404 1184 2473 μετ’
1212 2403 1376 2457 αὑτοῦ
1425 2406 1748 2476 συμϐούλοις

178 2497 457 2567 ἐμήνυσεν,
499 2496 581 2560 ὡς
632 2497 697 2550 Εἰ
749 2498 824 2567 μὴ
879 2498 1225 2568 σπουδάσητε
1272 2499 1473 2564 ἐξελεῖν
1523 2519 1592 2571 με
1648 2502 1748 2571 τῆς

181 2589 425 2659 φρουρᾶς,
460 2589 677 2652 πάντας
720 2589 863 2658 ὑμᾶς
894 2590 1234 2661 καταμηνύω
1263 2591 1340 2660 τῷ
1375 2593 1606 2661 βασιλεῖ.
1640 2590 1748 2650 Ἦν

178 2677 225 2730 bl
249 2678 361 2746 μετ’
398 2677 588 2731 αὐτῶν
610 2680 706 2732 καὶ
737 2681 767 2732 ό
790 2680 885 2733 τοῦ
921 2681 1183 2735 παλατίου
1234 2684 1447 2747 παπίας
1481 2686 1752 2758 συγγενὴς

181 2769 244 2823 ὢν
269 2771 357 2823 τοῦ
385 2772 638 2842 Μιχαήλ.
668 2766 829 2827 Οὗτοι
855 2776 918 2845 τῇ
952 2775 1111 2828 νυκτὶ
1138 2776 1511 2842 ὁπλισθέντες,
1540 2780 1751 2835 ἔνδοθεν

182 2863 239 2915 τὰ
272 2863 394 2932 ξίφη
441 2864 765 2935 φοροῦντες,
804 2866 898 2919 τοῦ
948 2868 1161 2920 παπίου
1214 2868 1551 2935 ἁνοίξαντος,
1588 2874 1665 2938 ὡς
1701 2876 1754 2927 οἱ

186 2955 331 3025 ἱερεῖς
365 2956 504 3023 μετὰ
543 2958 822 3027 φελωνίων
855 2959 1129 3031 εἰσῆλθον,
1169 2961 1267 3035 τοῦ
1309 2962 1364 3015 δὲ
1398 2963 1663 3035 βασιλέως
1693 2970 1753 3023 ὲν

183 3050 239 3117 τῇ
269 3049 540 3121 ἐκκλησίᾳ
584 3050 939 3116 εἰσελθόντος,
969 3052 1401 3125 είσπηδήσαντες
1446 3058 1539 3112 καὶ
1563 3058 1752 3115 τοῦτον

1840 554 2099 624 positum,
2137 555 2191 610 in
2240 557 2500 613 exsilium
2554 556 2706 628 egit:
2741 555 3086 618 Theodotum
3121 573 3253 613 vero
3291 558 3425 616 Cas-

1841 644 2065 700 siteram
2099 645 2471 715 patriarcham
2509 648 2753 704 ordinari
2785 649 3061 719 praecepit.
3089 650 3170 705 Ab
3194 665 3260 705 eo
3285 658 3427 705 tem-

1842 750 1973 805 pore
2022 736 2192 790 animi
2229 737 2467 794 furorem
2504 739 2801 811 dolumque
2832 741 3168 811 profundens
3194 742 3427 812 impuris

1842 825 2113 894 sacrilegii
2136 825 2299 900 447
2325 829 2408 883 sui
2438 831 2676 886 consciis
2708 845 2769 886 se
2810 814 2988 901 ipsum
3013 832 3324 899 commisit;
3352 832 3429 888 illi

1841 915 2143 974 familiares
2210 918 2432 984 redditi,
2494 922 2600 976 tria
2664 922 2795 977 olim
2870 921 2974 993 ipsi
3032 924 3326 992 promissa,
3375 936 3431 979 et

1842 1009 2019 1079 eidem
2082 1010 2329 1080 jucunda
2402 1022 2844 1083 suggesserunt:
2916 1013 3239 1069 orthodoxae
3303 1014 3428 1069 ﬁdei

1844 1112 2045 1157 nostra:
2074 1104 2519 1172 abnegationem,
2566 1120 2847 1161 sacrarum
2876 1105 3179 1176 imaginum
3212 1107 3431 1177 deposi-

1845 1192 2076 1257 tioneni,
2123 1200 2178 1249 et
2229 1195 2444 1265 piorum
2478 1195 2944 1265 persecutionem.
2998 1195 3097 1253 His
3143 1197 3431 1255 fraudibus

1845 1293 2091 1341 attentus
2136 1301 2328 1343 vecors
2350 1324 2368 1351 ,
2421 1287 2633 1359 hocque
2672 1288 2879 1345 infelici
2908 1289 3171 1361 impulsu,
3203 1291 3431 1362 ignavus

1844 1375 1998 1446 licet,
2038 1378 2272 1434 multum
2315 1380 2498 1436 elatus”
2524 1390 2578 1437 et
2615 1382 2915 1446 animatus,
2941 1383 3179 1451 primum
3209 1383 3431 1455 quidem

1847 1484 2059 1525 sacram
2084 1486 2308 1527 omnem
2336 1488 2404 1528 ex
2448 1473 2699 1530 ecclesiis
2728 1474 2949 1545 deponit
2974 1474 3242 1546 ﬁguram:
3279 1477 3434 1531 exin-

1847 1563 1915 1619 de
1977 1562 2205 1629 Christi,
2254 1565 2342 1620 vel
2395 1565 2572 1621 sancti
2619 1565 2854 1635 alicujus
2905 1566 3175 1638 imagines
3234 1567 3435 1622 habere

1848 1670 2092 1732 repertos
2135 1661 2290 1717 duris
2324 1661 2611 1732 suppliciis
2656 1668 2712 1716 et
2758 1671 2935 1716 morte
2981 1661 3300 1725 damnabat,
3357 1660 3432 1713 ita

1852 1762 1913 1808 ut
1966 1753 2179 1809 nobiles
2215 1755 2483 1825 plurimos
2513 1762 2569 1810 et
2610 1754 2852 1815 illustres
2894 1754 3041 1810 viros
3070 1752 3427 1808 interfecerit.

1849 1844 2022 1901 Porro
2071 1846 2295 1902 Michael
2340 1848 2722 1903 excubitorum
2772 1846 3019 1902 cohortis
3059 1861 3256 1916 gerens
3288 1846 3435 1914 prin—

1847 1938 2113 2007 cipatum,
2146 1940 2287 2009 apud
2319 1940 2707 2010 imperatorem
2740 1939 3072 1995 calumniam
3102 1952 3301 2009 passus
3327 1947 3434 1999 est,

1847 2028 2005 2100 quasi
2046 2029 2312 2086 adversus
2362 2046 2489 2084 eum
2554 2032 2958 2102 conspirasset:
3014 2044 3177 2101 quem
3233 2028 3437 2083 idcirco

1849 2121 2208 2192 compedibus
2264 2122 2509 2178 vinctum
2544 2123 2598 2178 in
2641 2139 2861 2180 carcere
2892 2133 3232 2179 asservatum
3278 2130 3436 2177 tene-

1851 2215 1967 2271 bat.
1997 2215 2239 2271 lnstaute
2270 2216 2437 2287 igitur
2490 2216 2804 2273 Servatoris
2856 2218 3026 2273 nostri
3080 2215 3311 2272 natalitii
3360 2212 3438 2268 fe.

1847 2317 1934 2365 sto
1966 2315 2132 2363 noctu
2175 2310 2354 2363 voluit
2388 2324 2418 2364 e
2448 2310 2626 2365 medio
2660 2310 2895 2367 tollere:
2931 2326 3121 2366 verum
3153 2325 3186 2365 a
3216 2308 3435 2380 propria

1852 2414 2025 2455 uxore
2074 2400 2385 2469 prohibitus
2414 2412 2471 2456 et
2523 2400 2651 2458 festi
2684 2403 2991 2459 reverentia
3019 2411 3222 2466 motus,
3255 2401 3439 2457 vivere

1852 2493 2124 2565 permisit.
2171 2491 2405 2549 Michael
2450 2510 2673 2551 carcere
2719 2496 2991 2560 detentus,
3042 2495 3148 2551 hoc
3195 2494 3436 2564 COgnito,

1857 2587 2391 2643 omnibusrconsilii
2462 2588 2822 2659 participibus
2873 2597 3084 2645 secreto
3133 2587 3437 2644 indicavit:
3488 2648 3491 2651 ,

1854 2676 1973 2734 Nisi
1997 2678 2246 2734 custodia
2271 2678 2512 2735 eximere
2543 2694 2631 2734 me
2653 2680 2940 2746 siudeatis,
2959 2694 3148 2735 omnes
3168 2693 3265 2733 vos
3292 2675 3437 2746 apud

1852 2771 2238 2839 imperatorem
2279 2769 2547 2828 deferam.
2593 2773 2722 2827 Erat
2771 2786 2896 2826 cum
2968 2770 3101 2841 ipsis
3143 2778 3200 2824 et
3249 2770 3436 2839 palatii

1857 2860 2083 2931 pappias
2115 2859 2393 2915 Michaelis
2438 2860 2636 2915 afﬁnis.
2668 2859 2775 2931 lpsi
2824 2860 2988 2931 igitur
3034 2869 3199 2914 noctu
3243 2855 3439 2913 armati

1854 2951 1956 3006 sub
2000 2949 2242 3007 vestibus
2286 2950 2497 3021 gladios
2534 2949 2793 3017 ferentes,
2863 2951 3060 3021 pappia
3094 2961 3280 3023 portas
3309 2965 3437 3019 ape-

1856 3045 2059 3110 riente,
2092 3058 2158 3099 ac
2205 3043 2250 3098 si
2281 3043 2594 3099 sacerdotes
2631 3042 2810 3099 forent
2846 3045 3051 3101 casulis
3096 3044 3302 3110 vestiti,
3355 3046 3439 3100 in.-

185 3142 573 3213 χειρωσάμενοι
607 3142 841 3214 μεληδὸν
866 3144 1200 3214 κατέκοψαν,
1231 3148 1625 3218 ἀπορρήξαντα
1656 3152 1751 3224 τὴν

1858 3137 2031 3208 gressi
2086 3146 2234 3191 sunt.
2284 3136 2617 3205 imperatore
2655 3137 2712 3192 in
2760 3138 3047 3195 ecclesiam
3097 3138 3439 3207 adveniente,

188 3232 385 3288 ἀνόσιον
427 3234 604 3288 αὐτοῦ
651 3234 828 3306 ψυχὴν
863 3238 921 3289 ἐν
973 3233 1052 3307 τῷ
1082 3238 1352 3308 παλατίῳ,
1384 3243 1444 3294 ὲν
1492 3234 1538 3309 ᾧ
1582 3244 1758 3309 οὐδεὶς

186 3323 281 3378 τῶν
320 3325 421 3395 πρὸ
470 3324 648 3379 αὑτοῦ
685 3325 1159 3395 βεϐασιλευκὸτων
1198 3330 1461 3401 ἀνῄρητο.
1510 3333 1657 3407 Αύτῇ
1700 3337 1757 3389 δὲ

190 3418 245 3487 τῇ
276 3417 391 3490 ὥρᾳ
423 3420 484 3473 ὲν
513 3422 585 3491 τῇ
633 3420 823 3491 εἱρκτῇ
855 3420 1187 3485 ἀπελθόντες
1238 3423 1495 3492 ἐξάγουσι
1526 3425 1617 3480 τὸν
1651 3430 1757 3481 Μι-

190 3507 332 3578 χαὴλ,
361 3510 457 3562 καὶ
492 3509 815 3578 εἰσάγωσιν
857 3510 915 3562 ὲν
960 3512 1026 3580 τῇ
1060 3511 1220 3582 ἑορτῇ
1266 3512 1389 3566 ἀντὶ
1418 3513 1756 3589 δεσμοφόρου

193 3600 543 3669 στεφηφόρον,
566 3600 643 3665 ὡς
666 3599 1017 3673 πληρωθῆναι
1040 3601 1129 3654 ἐπ’
1150 3601 1317 3656 αὐτοῦ
1343 3602 1403 3657 τὸ
1424 3605 1515 3659 τοῦ
1539 3607 1755 3677 ψαλμοῦ

191 3690 387 3759 λόγιον
454 3693 530 3749 Τὸ
598 3693 865 3762 ἑσπέρας
915 3694 1355 3761 αὐλισθήσεται
1414 3700 1756 3769 κλαυθμὸς,

193 3787 280 3839 καί
306 3789 393 3853 εις
422 3789 509 3865 (τὸ
538 3787 693 3854 πρωῒ
729 3787 1115 3855 ἀγαλλίασις.
1149 3790 1305 3844 Μετὰ
1333 3789 1391 3843 δὲ
1429 3791 1602 3846 ταῦτα
1654 3796 1755 3865 ῥα-

196 3876 317 3941 κίοις
336 3878 583 3932 εὐτελέσι
615 3877 1001 3949 περιϐαλόντες
1033 3879 1095 3932 τὸ
1120 3880 1214 3933 τοῦ
1249 3879 1419 3953 ἀλητη
1431 3882 1545 3953 ρίου
1574 3883 1757 3954 σῶμα,

195 3968 263 4033 είς
298 3971 523 4025 ἀκάτιον
570 3970 904 4042 ἐμϐαλόντες
942 3970 1012 4025 τὰ
1055 3975 1358 4046 παμμίαρα
1414 3975 1579 4030 αὐτοῦ
1622 3978 1757 4050 μέλη

197 4063 322 4119 κατὰ
364 4066 463 4136 τὴν
509 4051 865 4137 καλουμένην
902 4064 1135 4137 Πρώτην
1186 4067 1350 4138 νῆσον
1406 4069 1757 4141 ἐκφέρουσιν,

194 4150 307 4207 ἔνθα
334 4157 425 4210 καὶ
450 4157 583 4220 τοὺς
619 4156 815 4220 παῖδας
845 4157 1239 4230 ἀποκείραντες
1272 4162 1505 4231 μονάσαι
1530 4165 1764 4236 πεποιή-

195 4261 289 4300 κασ
293 4265 356 4303 ιν.

817 4542 1120 4598 ΜΙΧΑΗΛ.

258 4629 467 4703 Μιχαὴλ
514 4631 547 4685 ό
600 4544 1329 4707 Ἀμορῤξζόῖἲῇῒιωραῖος]
1355 4632 1432 4708 (2)
1468 4634 1757 4691 ἐϐασίλευ-

204 4736 279 4773 σεν
300 4722 388 4795 ἐτη
415 4730 486 4795 η’,
524 4724 705 4795 μῆνας
726 4724 904 4778 ἐννέα.
941 4725 1038 4788 Ὃς
1069 4726 1267 4797 μικρόν
1299 4743 1352 4781 τι
1381 4726 1481 4797 τῆς
1504 4745 1754 4798 προκατ-

200 4813 412 4887 εχούσης
442 4817 618 4871 αὐτὸν
648 4817 851 4880 κακίας
910 4817 1175 4884 ύπενδοὺς
1200 4818 1298 4889 (5),
1358 4820 1483 4874 ὅσον
1526 4822 1653 4885 τοὺς
1702 4823 1761 4874 ὲν

263 4958 281 4991 ¹
310 4958 450 5018 l’sal.
487 4977 642 5028 uix,
677 4960 731 5015 6.

1792 4500 1844 4559 D

1863 3228 2178 3295 exisiliuut;
2227 3243 2465 3299 eumque
2503 3229 2960 3300 comprehensum
3015 3232 3356 3287 membratim
3388 3242 3443 3287 et

1866 3320 1919 3375 in
1969 3320 2141 3376 frusta
2180 3329 2393 3388 secant,
2438 3322 2816 3393 projicientem
2847 3308 3169 3395 sacrilegam
3201 3326 3439 3379 animam

1865 3410 1921 3465 in
1981 3410 2185 3481 palatio
2252 3411 2308 3466 in
2368 3427 2479 3481 quo
2534 3413 2997 3484 praedecessorum
3054 3414 3441 3485 imperatorum
3548 3464 3551 3467 λ

1865 3502 2047 3558 nullus
2096 3504 2310 3560 occisus
2358 3502 2536 3560 fuerat
2565 3506 2738 3576 prius.
2769 3504 3038 3561 Caeterum
3088 3506 3276 3561 eadem
3308 3505 3441 3561 hora

1866 3596 1934 3651 ad
1986 3611 2261 3653 carcerem
2310 3598 2585 3655 irruentes
2622 3596 2939 3655 Michaclem
2970 3600 3231 3665 educunt,
3274 3606 3329 3654 et
3372 3600 3442 3655 ad

1864 3687 2232 3744 celebritatem
2283 3688 2575 3755 inducunt,
2610 3700 2667 3746 et
2710 3706 2809 3761 pro
2846 3691 3202 3761 compedibus
3253 3691 3445 3747 devin-

1862 3793 1951 3837 cto
2008 3782 2167 3837 taenia
2210 3782 2479 3853 imperiali
2534 3782 2773 3839 cinctum
2837 3782 3154 3839 declarant:
3200 3784 3338 3839 adeo
3384 3791 3445 3838 ut

1866 3873 1919 3927 in
1958 3888 2025 3930 eo
2055 3873 2186 3928 illud
2215 3874 2409 3944 psalmi
2450 3873 2655 3929 dictum
2694 3872 3042 3945 impleretur:
3075 3874 3157 3927 Ad
3177 3890 3445 3943 vesperam

1867 3964 2281 4018 commorabitur
2335 3963 2513 4033 ﬂetus,
2565 3971 2614 4017 et
2654 3963 2723 4016 nd
2772 3963 3091 4016 matutinum
3151 3962 3342 4017 latitia
3399 3963 3441 4018 ³.

1870 4054 1997 4112 Post
2044 4055 2160 4111 haec
2224 4054 2460 4111 exitialis
2532 4054 2681 4110 illius
2751 4055 2983 4111 cadaver
3063 4055 3257 4113 vilibus
3312 4072 3445 4125 pan-

1870 4148 1958 4204 nis
2019 4146 2325 4203 involutum
2386 4146 2536 4203 lintri
2584 4147 2935 4219 impositum,
3003 4148 3445 4219 exsecrandaque
3532 4142 3537 4147 ’

1871 4241 2021 4297 illius
2084 4241 2331 4296 membra
2390 4241 2456 4294 ad
2511 4240 2744 4296 insulam
2802 4239 3001 4296 Proteu
3058 4240 3262 4298 dictam
3316 4240 3435 4296 effe

1872 4342 2036 4390 runt:
2072 4334 2163 4391 ubi
2194 4334 2335 4390 ﬁlios
2376 4333 2495 4403 ejus
2526 4332 2832 4401 tondentes,
2889 4334 3250 4391 monasticum
3295 4334 3448 4391 habi-

1872 4434 1987 4482 tum
2018 4427 2294 4497 suscipere
2323 4435 2636 4499 coegerunt.

2487 4540 2849 4597 HICHAEL.

1938 4632 2109 4707 448
2141 4633 2366 4691 Michael
2407 4632 2694 4692 Amorazus
2727 4634 2889 4690 annis
2913 4642 3039 4690 octo
3068 4645 3125 4692 et
3165 4633 3446 4690 mensibus

1874 4743 2067 4783 novem
2098 4725 2404 4796 imperavit.
2432 4722 2531 4780 Hic
2562 4725 2810 4781 nonnihil
2848 4725 2917 4782 de
2933 4726 3162 4793 malitia,
3192 4740 3314 4797 quae
3333 4724 3450 4781 ani-

1874 4819 2155 4891 mam’ejus
2172 4820 2378 4891 pridem
2400 4828 2714 4890 occuparat,
2735 4819 3038 4891 remittens,
3074 4829 3341 4893 quantum
3357 4819 3443 4875 vi.

1361 5051 1611 5110 FRANC.
1640 5052 2026 5112 COMBEFlSll
2061 5054 2291 5113 NOTE.

267 5168 335 5242 (Ξ)
372 5168 489 5226 Non
530 5178 711 5242 pracet
755 5187 1005 5242 eauvox,
1061 5186 1159 5225 nec
1193 5173 1334 5237 quod
1393 5171 1763 5227 emendatum.

210 5238 380 5296 Melius
418 5238 771 5313 continuator
817 5240 938 5296 Vat.
973 5252 1078 5313 etc.
1112 5246 1138 5295 ὁ
1177 5243 1235 5309 ἐξ
1287 5242 1570 5313 Ἀμορίου,
1607 5244 1767 5295 Amo-

209 5314 277 5363 rio
306 5314 579 5377 oriundus,
613 5312 961 5367 Amoriensis.
992 5312 1149 5377 Quod
1180 5312 1363 5366 statim
1411 5314 1659 5381 sequitur
1696 5314 1762 5367 de

214 5383 421 5452 remissa
473 5385 745 5451 tantisper
803 5383 1060 5438 Michaele
1114 5384 1759 5452 imperatorecxt-itaiaa

212 5448 372 5506 Leone
402 5448 805 5522 persecutione,
837 5455 1050 5523 egregie
1086 5448 1328 5523 ignauus
1353 5455 1405 5507 in
1433 5451 1552 5507 Vita
1585 5452 1640 5506 S.
1663 5452 1760 5506 Ni-

216 5523 413 5594 cephori
431 5526 676 5594 exponit.
696 5526 787 5591 qui
816 5532 869 5577 et
897 5531 1147 5594 navatam
1173 5526 1290 5579 viro
1322 5535 1512 5578 sancto
1534 5539 1753 5594 operam

217 5604 266 5664 nt
293 5592 596 5649 llicliaelem
622 5594 876 5649 Ecclesia:
905 5592 1200 5659 addiceret,
1224 5595 1447 5664 pulchre
1467 5593 1758 5657 describit;

216 5662 516 5721 deterrendo
554 5667 819 5719 nimirum
875 5665 944 5719 ab
995 5664 1185 5719 haeresi
1223 5662 1529 5719 decessoris
1579 5679 1763 5717 exem-

219 5734 314 5804 plo,
353 5736 439 5804 qui
470 5736 541 5790 ita
601 5736 803 5789 misere
840 5735 891 5788 in
963 5736 1160 5804 templo
1217 5735 1381 5788 vitam
1434 5734 1762 5803 abrupissiit.

222 5802 489 5865 Quzciitain
523 5807 652 5861 item
672 5805 915 5860 Michaeli
936 5802 1275 5876 ἀδιαφορίαν,
1297 5814 1348 5861 et
1375 5814 1431 5859 ut
1449 5802 1590 5876 quod
1610 5806 1765 5859 vellet

1870 5174 2103 5242 quisque
2138 5182 2461 5237 sectaretur.
2508 5190 2607 5230 nec
2654 5174 2739 5228 alii
2787 5174 2911 5229 aliis
2958 5172 3387 5243 obloquerenltfr
3426 5187 3444 5238 ;

1866 5241 2039 5311 eaque
2075 5245 2273 5300 silentii
2310 5247 2623 5300 conditione
2648 5244 2990 5315 Nicephorus
3015 5241 3196 5299 sedem
3242 5241 3443 5315 recipe-

1866 5324 1966 5378 ret;
2013 5330 2199 5369 verum
2220 5315 2334 5369 haec
2366 5319 2632 5385 tantisper
2654 5312 3041 5385 exspectanda,
3087 5323 3145 5368 ut
3169 5321 3223 5385 et
3256 5312 3447 5385 lauda-

1865 5394 1951 5437 tus
1985 5386 2355 5459 continuator,
2398 5389 2488 5456 qui
2526 5381 2641 5459 ipse
2667 5381 3017 5458 prosequitur
3051 5392 3173 5456 (illa;
3196 5383 3306 5439 Leo
3337 5381 3443 5439 vel-

1863 5466 1922 5509 ut
1954 5456 2129 5509 solum
2162 5473 2261 5511 acu
2296 5466 2467 5512 notat.

1933 5527 2007 5595 (5)
2049 5526 2185 5582 Male
2214 5528 2540 5582 exscribenti
2595 5528 2803 5596 adjecta
2854 5542 2956 5581 vox
2994 5526 3177 5587 αὐτόν,
3227 5539 3293 5578 ex
3338 5538 3445 5593 qua

1869 5596 2003 5650 nihil
2032 5600 2319 5652 commode
2342 5600 2635 5652 redditum.
2671 5599 2947 5667 Tantisper
2971 5599 3241 5652 remittens
3281 5610 3441 5649 vexa-

1872 5667 2065 5720 tionem
2128 5684 2244 5738 qure
2306 5669 2401 5720 sub
2458 5672 2726 5723 decessore
2794 5669 3134 5731 obtinuerat;
3184 5675 3443 5737 quantum

1875 5738 2072 5792 scilicet
2106 5748 2187 5794 sat
2221 5748 2355 5804 erat,
2388 5749 2443 5792 ut
2476 5741 2565 5809 qui
2603 5740 2657 5793 in
2684 5740 2990 5811 ergastulis,
3024 5747 3129 5794 etc.
