4046 6302
492 398 625 464 104⁵1

1710 390 1986 453 LEONIS
2023 389 2509 453 GRAMMATICI

3601 391 3737 458 1048

486 510 591 570 bus
621 506 921 584 assignavit
950 508 1336 573 habitationes,
1367 507 1458 577 qui
1492 523 1663 576 usque
1686 507 1845 562 bodie
1868 505 2051 562 Persa-

2168 506 2393 577 στήσας,
2417 506 2467 560 οἳ
2505 507 2667 579 μέχρι
2690 508 2786 563 τοῦ
2810 508 2905 565 νῦν
2935 509 3185 579 λέγονται
3219 509 3455 582 τοῦρμαι
3485 511 3736 585 Περσῶν.

488 622 608 664 rum
655 614 848 662 turma:
887 602 1276 675 appellantur:
1320 600 1502 672 ipsum
1551 599 1941 670 Tlieophobum
1990 614 2062 655 et

486 692 790 753 ’l‘beodora:
806 695 1064 765 Augusta:
1080 692 1287 749 sororis
1321 692 1527 763 nuptiis
1542 690 1768 747 levirum
1788 690 1889 760 ipsi
1909 690 2058 746 fecit.

486 782 824 858 Theophilus
877 798 1059 843 autem
1090 802 1215 842 cum
1271 785 1655 840 artefacturum
1684 794 1879 839 ornatu
1914 784 2060 838 dele-

488 889 751 949 ctaretur,
804 897 901 952 per
934 879 1343 936 aurifabrorum
1376 879 1676 949 principem
1715 877 1870 931 valde
1914 878 2061 932 cele-

485 977 638 1033 brem
677 984 731 1030 et
765 973 1000 1046 peritum
1055 980 1111 1027 et
1165 971 1387 1027 AntOuii
1443 969 1766 1040 patriarchae
1819 969 2056 1037 allincm,

480 1062 650 1139 jussit
678 1064 904 1122 conﬂari
937 1062 1374 1135 pentapyrgium,
1408 1072 1462 1117 et
1498 1062 1855 1119 instrumenta
1885 1064 2060 1118 mari-

482 1173 576 1215 ma
609 1159 717 1215 duo
743 1173 807 1213 ex
841 1172 976 1213 auro
1014 1156 1214 1222 solido,
1268 1154 1539 1225 lapidibus
1593 1153 1826 1211 diversis
1850 1162 1906 1210 ct
1930 1170 2059 1227 cry-

482 1250 658 1306 stallis
686 1248 1353 1320 insignita,arboremque
1399 1261 1647 1312 auream,
1703 1248 1792 1303 cui
1823 1247 2057 1305 insiden-

482 1348 564 1400 tes
611 1344 913 1415 passerculi
959 1342 1190 1398 secretis
1233 1341 1504 1398 machinis
1560 1341 1801 1397 musicos
1863 1351 2059 1399 cantus

479 1436 829 1491 exercebant.
891 1434 1188 1505 Reparavit
1214 1435 1376 1489 etiam
1404 1434 1782 1505 impcratorias
1802 1446 1978 1490 vestes
2003 1444 2058 1490 et

480 1529 703 1584 omnino
735 1530 1037 1593 renovavit,
1073 1529 1363 1597 aureisque
1388 1528 1711 1583 staminibus
1741 1528 2051 1595 contexuit;

478 1621 757 1691 publicum
783 1622 947 1677 etiam
982 1622 1071 1690 ius
1098 1631 1152 1676 et
1182 1623 1416 1691 rigorem
1443 1622 1735 1676 observare
1766 1622 2053 1689 simulans,

479 1711 637 1765 tidem
673 1712 1042 1783 pietatemque
1067 1727 1181 1783 prae
1226 1712 1675 1767 antecessoribus
1716 1713 2056 1783 imperatori-

477 1802 583 1859 bus
610 1804 770 1859 laesit.

2164 597 2340 651 Αὑτὸν
2372 596 2431 651 δὲ
2462 598 2554 650 τὸν
2592 598 2863 667 Θεόφοϐον
2910 600 2992 663 είς
3038 600 3274 672 ἀδελφὴν
3304 600 3586 672 Θεοδὼρας
3630 601 3737 657 A6-

2162 688 2402 760 γοὺστης
2451 690 2705 763 γαμϐρὸν
2734 694 3056 760 ἐποιήσατο.
3090 694 3426 765 Φιλόκοσμος
3453 696 3510 749 δὲ
3535 694 3612 750 ὣν
3635 697 3703 751 αὖ

2162 783 2257 847 τὸς
2300 783 2563 853 Θεόφιλος
2620 786 2991 840 κατεσκεύασε
3037 786 3126 841 διὰ
3165 786 3259 841 τοῦ
3326 789 3587 860 ἄρχοντος
3638 789 3733 844 τοῦ

2162 876 2487 950 χρυσοχείου
2522 876 2857 947 λογιωτάτου
2913 880 3055 934 πάνυ
3087 879 3241 946 ὄντος
3287 882 3383 935 καὶ
3436 881 3737 951 συγγενοῦς

2175 969 2460 1023 Ἀντωνίου
2490 971 2854 1041 πατριάρχου,
2887 971 2948 1024 τό
2975 988 3033 1024 τε
3065 972 3502 1043 Πενταπύργιον,
3533 971 3736 1027 καὶτὰ

2159 1060 2255 1116 δύο
2286 1059 2521 1136 μέγιστα
2548 1061 2764 1135 δργανα
2799 1061 3095 1134 ὁλόχρυσα,
3124 1063 3408 1136 διαφόροις
3445 1063 3614 1129 λίθοις
3642 1066 3737 1119 καὶ

2160 1154 2362 1219 ὑελίοις
2392 1153 2665 1219 καλλύνας
2710 1153 2873 1219 αὐτὰ,
2927 1154 3146 1226 δένδρον
3182 1171 3243 1208 τε
3302 1155 3539 1227 χρυσοῦν
3586 1157 3647 1211 ιν
3688 1147 3735 1226 ᾦ

2162 1245 2443 1319 στρουθίον
2475 1246 2805 1317 εφεξόμενον
2833 1246 3114 1320 [στρουθία
3141 1246 3469 1321 ὲφεζόμενα]
3499 1246 3591 1303 διὰ
3624 1266 3733 1321 μηο

2159 1341 2330 1411 χανῆς
2358 1356 2507 1402 τινος
2533 1339 2811 1410 μουσικῶς
2836 1340 3147 1395 ἐκελάδουν.
3193 1340 3654 1415 Ἐκαινούργησεν
3677 1340 3736 1397 δὶ

2158 1435 2255 1487 καὶ
2286 1435 2387 1495 τὰς
2435 1431 2723 1503 βασιλικὰς
2764 1433 2956 1497 στολὰς
3002 1431 3340 1498 ἀνανεώσας,
3382 1434 3478 1487 καὶ
3539 1450 3735 1505 χρυσο-

2160 1525 2432 1596 ΰφάντους
2481 1528 2950 1598 κατακοσμήσας·
2986 1524 3333 1600 δικαιοσύνην
3364 1526 3421 1581 δὲ
3460 1527 3733 1599 κοσμικὴν

2159 1621 2653 1690 προσποιούμενος,
2713 1622 2742 1671 ὁ
2773 1617 2871 1688 τὴν
2900 1618 3086 1673 πίστιν
3138 1621 3236 1673 καὶ⁵
3286 1618 3387 1689 τὴν
3445 1620 3731 1675 εὐσέϐειαν

2161 1712 2322 1768 πλέον
2352 1711 2493 1783 ὑπὲρ
2530 1714 2657 1777 τοὺς
2688 1712 2879 1786 πρώην
2909 1712 3337 1784 βασιλεύσαντας
3368 1714 3660 1782 ἀδικήσας.

550 1858 856 1952 Ᾰοοθιίριιιε
888 1897 954 1952 ad
982 1897 1163 1968 ipsum
1202 1898 1426 1954 muliere
1464 1898 1623 1954 vidua
1676 1899 1743 1954 ad
1795 1898 2051 1955 Blacher-

2230 1895 2643 1968 Προσελθούσης
2699 1895 2848 1967 αὐτῷ
2903 1897 3159 1964 γυναικὸς
3200 1897 3375 1969 χήρας
3407 1900 3464 1952 ὲν
3494 1896 3732 1973 Βλακιρ-

477 2003 600 2052 nas,
631 1998 686 2043 et
707 1987 963 2059 iniuriam
993 1990 1063 2045 ab
1118 1989 1374 2061 Augusta:
1399 1989 1570 2047 fratre
1621 1990 1850 2047 Petr'ona
1891 2007 2056 2049 excu-

476 2083 692 2138 biarum
724 2082 1020 2155 drungario
1052 2098 1113 2140 se
1142 2084 1254 2154 pati
1286 2085 1864 2154 conquereutc:Adeo
1886 2088 2053 2156 enim,

478 2173 684 2239 aiebat,
716 2183 1011 2232 structurae
1040 2191 1228 2231 muros
1255 2177 1436 2248 erigit,
1463 2185 1517 2231 et
1548 2177 1775 2233 aedilicia
1809 2179 2055 2247 innovat,

477 2276 538 2324 ut
574 2282 694 2322 mea
727 2267 945 2337 penitus
973 2270 1255 2334 obscuret,
1291 2279 1342 2323 et
1373 2269 1519 2338 quod
1544 2268 1723 2325 viduis
1762 2287 1860 2343 pro
1892 2273 2055 2329 solito

472 2359 806 2430 contemptis
838 2358 1060 2427 accidit,
1085 2361 1276 2416 reddat
1322 2361 1538 2431 penitus
1586 2362 1800 2418 inutilia
1821 2405 1835 2420 .
1865 2405 1879 2421 .
1915 2402 1929 2418 .
1957 2408 1972 2423 .
1997 2409 2012 2423 .
2037 2407 2051 2421 .

473 2450 557 2506 illi
586 2450 951 2516 discedentes,
969 2459 1022 2505 et
1052 2450 1308 2521 injuriam
1355 2450 1468 2506 ﬁeri
1502 2454 1824 2522 conspicati,
1850 2466 1905 2510 et
1929 2472 2055 2512 vera

470 2558 616 2608 esse,
647 2541 1091 2612 qurea'tnuliere
1144 2540 1536 2611 objicerentur,
1581 2545 1845 2601 certiores
1902 2548 2055 2613 facti,

473 2636 766 2692 redeuntes
830 2635 1155 2706 imperatori
1218 2636 1717 2692 renuntiaverunt:
1754 2638 1821 2692 ab
1867 2640 2055 2710 eisque

471 2726 759 2783 convictus
794 2726 1099 2795 Petrouas',
1157 2727 1446 2798 mediaque
1483 2728 1566 2784 via
1621 2742 1840 2796 exutus,
1890 2730 2057 2788 dorso

472 2820 698 2877 verbera
720 2819 933 2891 excepit
961 2819 1391 2890 quamplurima.
1412 2819 1717 2877 Confestim
1746 2838 1877 2878 vero
1902 2839 2055 2895 quae-

471 2923 591 2970 stor
622 2922 676 2969 et
705 2922 1021 2983 exceptores
1058 2914 1212 2968 abire
1247 2913 1424 2984 jussi,
1456 2916 1707 2971 Petronte
1742 2916 1941 2974 domus
1983 2918 2053 2973 ad

471 3006 827 3062 fundamenta
877 3016 1329 3078 exaequaverunt,
1358 3016 1413 3062 et
1442 3008 1657 3065 mulieri
1712 3011 2056 3068 tradiderunt

470 3098 850 3169 possidendas.
887 3097 1003 3170 lpse
1027 3098 1275 3154 Alexium
1308 3098 1658 3164 Armenium,
1683 3111 2052 3171 cognomento

2157 2008 2296 2057 ναις,
2327 1992 2422 2043 καὶ
2464 1990 2740 2061 βοησάσης
2765 1989 2840 2053 ὡς
2872 1990 3115 2043 ἀδικοῖτο
3156 1990 3305 2062 παρά
3331 1990 3427 2044 τοῦ
3478 1991 3583 2062 τῆς
3622 1991 3728 2046 Ati-

2156 2081 2394 2151 γούστης
2421 2079 2651 2149 ἀδελφοῦ
2700 2081 2965 2150 Πετρωνᾶ
3013 2079 3376 2152 δρουγγαρίου
3400 2083 3499 2150 τῆς
3543 2078 3729 2151 βίγλας

2156 2173 2331 2237 ὄντος·
2375 2172 2532 2241 ’Υψοῐ
2558 2173 2666 2243 γὰρ
2696 2171 2765 2226 τὰ
2791 2170 2987 2226 ἑαυτοῦ
3010 2172 3313 2243 οἰκήματα,
3357 2172 3452 2226 καὶ
3475 2175 3589 2237 τοῖς
3611 2173 3728 2228 κτί-

2159 2286 2329 2339 σμασι
2374 2269 2696 2339 κακουργεῖ,
2751 2267 2819 2321 τὰ
2868 2268 2978 2338 ἐμὰ
3018 2266 3076 2321 δὲ
3108 2266 3386 2332 ποτίζει..
3428 2269 3525 2321 καὶ
3555 2269 3637 2331 είς
3666 2265 3731 2322 τὺ

2161 2363 2330 2434 μηδὲν
2372 2357 2512 2417 εἶναι
2563 2363 2744 2426 ποιεῖ,
2799 2362 2885 2437 ὡς
2929 2361 3025 2415 ἆτε
3088 2362 3266 2432 χήρας
3309 2376 3729 2432 καταπεφρονη-

2161 2454 2330 2525 pem;
2371 2453 2565 2527 (7).....
2603 2453 2668 2506 Ol
2714 2452 3040 2517 ἀπελθόντες
3094 2453 3190 2506 καὶ
3245 2451 3577 2525 θεασάμενοι.
3631 2454 3730 2525 τὴν

2154 2552 2412 2621 τοιαύτην
2445 2548 2686 2610 ἀδικίαν,
2719 2546 2814 2601 καὶ
2844 2544 3239 2615 βεϐαιωθέντες
3270 2546 3343 2611 ὡς
3383 2544 3561 2617 ἀληθῆ
3592 2547 3730 2600 εἰσιν

2154 2641 2225 2695 τὰ
2274 2640 2426 2713 παρά
2486 2637 2587 2709 τῆς
2645 2639 2906 2706 γυναικὸς
2962 2635 3217 2708 ρηθέντα,
3285 2636 3730 2707 ὑποστρέψαντες

2154 2732 2484 2805 ἀνήγγειλαν
2502 2731 2581 2800 τῷ
2611 2729 2845 2803 βασιλεῖ.
2875 2730 2984 2783 Καὶ
3004 2727 3284 2798 ἐλεγχθεὶς
3311 2728 3441 2799 παρ’
3468 2726 3648 2782 αὐτῶν
3678 2724 3730 2800 [ό

2156 2824 2471 2899 Πετρωνᾶς]
2510 2824 2758 2887 ἐκδοθεὶς
2802 2824 2862 2877 ὲν
2892 2824 2958 2893 τῇ
2992 2821 3133 2893 μέσῃ
3168 2820 3273 2891 τῆς
3306 2819 3430 2873 ὀδοῦ
3465 2819 3730 2874 τύπτεται

2154 2921 2224 2974 τὰ
2258 2918 2407 2973 νῶτα
2430 2917 2701 2987 σφοδρῶς.
2733 2914 3062 2987 Ὤρίσθησαν
3086 2913 3145 2967 δὲ
3164 2912 3193 2966 ὃ
3223 2929 3285 2968 τε
3314 2911 3615 2982 κοιαίστωρ
3633 2909 3732 2967 καὶ

2152 3012 2205 3070 οί
2251 3012 2611 3084 ἀντιγραφάς
2640 3008 2923 3071 ἀπελθεῖν,
2950 3006 3047 3061 καὶ
3083 3004 3247 3077 μέχρι
3278 3004 3546 3074 θεμελίων
3568 3003 3732 3058 εκδα-

2155 3105 2313 3178 φίσαι
2334 3105 2406 3163 τὰ
2438 3102 2600 3159 αὑτοῦ
2627 3103 2929 3176 οἰκήματα.
2954 3099 3049 3153 καὶ
3088 3101 3154 3170 τῇ
3194 3096 3418 3167 γυναικὶ
3453 3093 3731 3168 παραδοῦ-

473 3190 754 3257 Muselem,
783 3190 977 3245 fortem
1006 3197 1062 3245 et
1112 3191 1399 3246 robustum
1449 3191 1653 3254 virum,
1687 3192 1883 3247 tradita
1914 3193 2047 3248 dile-

2154 3215 2265 3254 ναι.
2312 3192 2482 3262 Οὗτος
2532 3194 2775 3263 ’Δλέξιον
2829 3193 2924 3247 τὸν
2975 3190 3284 3264 ’Δρμένιον,
3341 3181 3387 3258 ᾧ
3440 3191 3733 3259 ἐπώνυμον

472 3290 562 3336 ctu
592 3282 697 3337 sibi
726 3283 835 3336 lilia
879 3280 1047 3337 Maria
1090 3298 1351 3353 generum
1402 3282 1614 3350 ascivit,
1647 3284 2051 3355 patriciumque

471 3374 907 3440 reuuntiavit,et
963 3374 1178 3430 modico
1230 3382 1357 3445 post
1418 3374 1784 3447 magistrum:
1848 3376 1903 3431 in
1962 3393 2047 3433 su-

473 3469 778 3539 spicionem
802 3484 930 3525 vero
953 3468 1147 3524 deinde
1165 3468 1482 3535 adductum,
1508 3469 1665 3540 quasi
1687 3478 2052 3540 aucuparetur

468 3560 784 3632 imperium,
843 3559 1161 3632 magistrum
1225 3558 1432 3614 militiae
1522 3567 1576 3614 et
1657 3560 1853 3614 ducem
1908 3560 2051 3615 Sici-

469 3654 558 3708 lia:
601 3652 916 3709 institutum
973 3665 1087 3707 ase
1150 3651 1439 3722 ablegavit.
1476 3649 1667 3718 Qualia
1714 3653 1881 3723 igitur
1911 3653 2052 3707 livor

471 3743 749 3812 parturire
783 3744 955 3811 solet,
997 3741 1169 3798 Siculi
1196 3743 1418 3812 quidam
1449 3746 1713 3801 abeuntes
1741 3762 1864 3800 eum
1905 3747 2049 3816 apud

471 3835 855 3904 imperatorem
892 3832 1408 3901 calumniabantur,
1443 3834 1600 3904 quasi
1636 3850 1757 3905 quae
1783 3837 2049 3892 Christia-

469 3943 669 3983 norum
703 3936 855 3994 sunt,
897 3925 1149 3995 proderet
1182 3925 1474 3996 Agarenis,
1510 3935 1564 3981 et
1591 3927 1850 3983 adversus
1883 3930 2052 4000 impe-

468 4020 611 4073 rium
635 4019 1017 4074 meditaretur.
1060 4014 1281 4070 Interim
1331 4014 1503 4071 Maria
1528 4016 1726 4072 dilecta
1757 4018 2049 4090 imperato~

472 4111 552 4165 ris
592 4108 706 4163 filia
757 4107 868 4164 fato
917 4106 1078 4179 45],
1144 4107 1363 4171 functa,
1419 4123 1612 4163 urnam
1651 4110 1772 4180 ejus
1824 4121 2049 4182 argento

472 4200 780 4265 exornavit,
811 4198 1283 4269 immunitatisque
1311 4197 1653 4270 privilegium
1703 4214 1769 4254 ex
1818 4201 2049 4258 crimine

471 4294 538 4350 ad
570 4293 710 4348 illud
747 4290 1197 4362 confugientibus
1252 4290 1502 4345 contulit.
1563 4290 1859 4361 Argentum
1914 4294 2047 4349 illud

467 4404 534 4444 cr.
566 4386 817 4458 sepulcro
872 4386 1166 4454 imperator
1217 4382 1326 4439 Leo
1386 4383 1731 4453 postmodum
1800 4385 2043 4441 sustulit.

467 4478 740 4550 Tempore
784 4476 979 4532 deinde
1023 4490 1134 4546 quo
1182 4475 1406 4530 Alcxius
1454 4473 1785 4529 calumniam
1848 4491 2043 4545 passus

2152 3290 2423 3356 Μουσελὲ,
2456 3290 2708 3359 ἀνδρεῖον
2738 3286 2870 3341 ὄντα
2903 3285 3000 3339 καὶ
3029 3281 3312 3355 ῥωμαλέον
3346 3281 3735 3352 εἰσεποιήσατο

2152 3383 2403 3457 γαμϐρὸν
2431 3383 2512 3446 είς
2561 3380 2780 3450 Μαρίαν
2825 3376 3192 3449 ἠγαπημένην
3222 3373 3375 3445 αὖτῴ
3426 3372 3730 3443 θυγατέρα,

2154 3478 2385 3549 ποιήσας
2429 3471 2593 3528 αὑτὸν
2646 3470 2959 3542 πατρίκιον,
3022 3469 3144 3537 μετ’
3201 3466 3385 3535 ὀλίγον
3441 3465 3499 3519 δὲ
3560 3463 3732 3535 μάγι-

2154 3585 2315 3639 στρον
2343 3566 2445 3638 (8).
2476 3559 2611 3619 Εἶτα
2654 3560 2927 3634 ὑπόληψίν
2970 3577 3093 3614 τινα
3123 3560 3208 3613 ἐπ’
3232 3559 3383 3628 αὐτῷ
3428 3556 3596 3629 σχὼν,
3649 3554 3733 3620 ὡς

2152 3660 2478 3731 ὀρεγόμενον
2517 3657 2621 3726 τῆς
2666 3654 2964 3727 βασιλείας,
3024 3652 3117 3705 καὶ
3177 3650 3579 3723 στρατηλάτην.
3632 3647 3733 3701 καὶ
3816 3694 3820 3697 .

2152 3748 2318 3804 δοῦκα
2353 3745 2600 3809 Σικελίας
2630 3744 2962 3815 ἐξέπεμψεν.
2999 3736 3101 3795 Οἷα
3134 3740 3192 3794 δὲ
3231 3739 3327 3794 τοῦ
3360 3738 3557 3808 φθόνου
3598 3736 3727 3791 ὡδί·

2152 3859 2356 3908 νοντος,
2393 3838 2607 3893 Σικελοί
2643 3855 2791 3902 τινες
2841 3831 3158 3899 ἀνελθόντες
3213 3832 3492 3887 διέϐαλλον
3538 3830 3729 3885 τοῦτον

2151 3934 2229 4005 τῷ
2257 3934 2487 4003 βασιλεῖ.
2518 3932 2595 3995 ὠς
2630 3931 2700 3985 τὶ
2747 3930 2845 4000 μὲν
2874 3927 3221 3998 Χριστιανῶν
3249 3928 3362 3989 τοῖς
3403 3923 3729 3997 ’Δγαρηνοῑς

2153 4025 2502 4098 προδίδωσιν,
2548 4022 2692 4077 κατά
2738 4022 2793 4076 δὲ
2824 4021 2924 4092 τῆς
2969 4019 3247 4092 βασιλείας
3284 4018 3506 4089 μελετᾷ.
3551 4015 3643 4070 Ἐν
3669 4014 3727 4070 δε

2149 4120 2228 4193 τῷ
2257 4119 2463 4192 μεταξὺ
2489 4116 2817 4187 τεθνηκυίας
2857 4115 3077 4185 Μαρίας
3106 4110 3494 4182 πεποθημένης
3519 4108 3596 4178 τῷ
3630 4107 3730 4179 βα-

2153 4211 2290 4264 σιλεῖ
2317 4207 2609 4277 θυγατρὸς,
2652 4204 2751 4276 τὴν
2790 4205 2888 4276 μὲν
2914 4204 3162 4276 λάρνακα
3189 4200 3391 4270 ταύτης
3414 4198 3637 4271 [αὐτῆς]
3667 4196 3727 4265 ἐξ

2150 4300 2395 4372 ἀργύρου
2453 4298 2783 4367 ἐκόσμησεν,
2859 4296 2954 4349 καὶ
3008 4296 3176 4364 τόμον
3245 4291 3558 4362 ἐλευθερίας
3613 4291 3727 4353 τοῖς

2151 4392 2588 4462 προσφεύγουσιν
2633 4389 2719 4441 ἐπ’
2767 4384 3075 4457 ὲγκλήματί
3114 4402 3223 4438 τινι
3251 4385 3495 4437 τέθεικεν
3536 4384 3726 4453 (ὅνπερ

2148 4488 2390 4559 ἄργυρον
2425 4483 2563 4554 μετὰ
2593 4482 2766 4535 ταῦτα
2813 4480 2967 4534 Λέων
3009 4480 3036 4532 ὁ
3083 4477 3337 4550 βασιλεὺς
3385 4476 3628 4529 ἀνείλετο
3660 4476 3727 4528 ἐκ

465 4579 571 4632 cst,
607 4548 971 4623 ineodorum
1018 4566 1491 4637 archiepiscopum
1547 4566 1871 4633 cognomine
1916 4566 2040 4623 Cri-

2154 4548 2246 4634 =66
2270 4548 2488 4648 τάφου),
2519 4574 2795 4645 Θεόδωρον
2818 4572 2875 4626 δὲ
2908 4548 3339 4643 ἀρχιεπίσκοπον
3366 4569 3456 4624 τὸν
3488 4568 3725 4638 λεγόμεο

364 4657 371 4662 ’
469 4662 683 4718 tbiuum
716 4660 769 4715 in
796 4659 934 4715 urbe
967 4657 1107 4714 forte
1138 4666 1413 4729 repertum
1447 4658 2038 4729 advocavit'l‘beopbi-

2143 4686 2235 4727 νον
2266 4668 2527 4741 Κρίθινον
2554 4665 2611 4719 ὲν
2636 4662 2712 4733 τῷ
2738 4659 2917 4735 καιρῷ
2954 4660 3052 4729 τῆς
3084 4657 3340 4728 διαϐολῆς
3385 4655 3626 4721 Ἀλεξίου
3664 4656 3725 4708 εν

469 4755 576 4820 ius,
595 4755 924 4825 propriaque
959 4767 1122 4807 cruce
1158 4751 1383 4806 amuleti
1418 4752 1525 4805 ritu
1555 4767 1585 4806 e
1609 4753 1749 4807 collo
1774 4754 2041 4823 pendente

2154 4766 2208 4835 τῇ
2241 4762 2395 4815 πόλει
2428 4759 2558 4814 δντα
2592 4754 3136 4831 προσκαλεσάμενος,
3185 4753 3282 4806 καὶ
3321 4751 3445 4815 δοὺς
3495 4749 3557 4803 τδ
3591 4747 3725 4803 ἴδιον

466 4847 574 4917 ipsi
636 4845 860 4909 tradita,
920 4844 1072 4899 misit
1123 4842 1477 4899 in'Siciliam
1522 4846 1834 4901 securitatis
1877 4846 2038 4903 fidem

2154 4857 2415 4928 ρυλακτὸν
2442 4850 2758 4917 ἀπέστειλεν
2793 4851 2873 4912 είς
2902 4846 3155 4902 Σικελίαν
3176 4844 3358 4899 δοῦναι
3377 4844 3539 4912 λόγον
3574 4842 3720 4896 ἀπα-

462 4936 655 4992 Alexio
698 4936 974 5002 daturum,
1008 4943 1063 4989 et
1107 4948 1231 4990 mox
1278 4934 1343 4988 ad
1379 4950 1439 4988 se
1482 4934 1869 4992 adducturum.
1911 4936 2041 4993 Pro-

462 5026 641 5085 fectus
668 5027 777 5095 ille,
811 5044 912 5099 pro
943 5029 1123 5083 innata
1158 5026 1261 5084 sibi
1295 5025 1581 5096 prudentia
1634 5027 1881 5083 Alexium
1914 5047 2039 5086 vero

464 5121 553 5177 bis
594 5134 923 5191 persuasum
965 5119 1189 5175 adduxit
1223 5120 1289 5173 ad
1351 5120 1729 5189 imperatorem
1766 5123 2041 5194 :impera-

2146 4944 2294 5007 θείας
2334 4941 2578 5010 Ἀλεξίῳ,
2640 4941 2736 4994 καὶ
2766 4940 2998 5008 ἀγαγεῖν
3023 4936 3165 5009 πρὸς
3186 4934 3373 4990 αὐτόν.
3417 4932 3476 4988 Ὅ
3513 4932 3573 4988 δὲ
3610 4933 3718 4987 ἀπ·

2146 5034 2339 5099 ελθὼν,
2370 5035 2466 5088 καὶ
2488 5036 2554 5104 τῇ
2580 5028 2859 5103 προσούσης,
2890 5028 3040 5100 αὐτῷ
3080 5029 3296 5083 συνέσει
3328 5025 3523 5088 πείσας
3564 5022 3719 5078 Ἀλέα

2146 5128 2259 5197 ξιον
2296 5128 2501 5198 ἠγαγεν
2547 5125 2689 5194 πρὸς
2724 5123 2818 5178 τὸν
2871 5120 3117 5192 βασιλέα.
3161 5119 3222 5174 ὅν
3275 5121 3305 5174 δ
3356 5117 3612 5191 βασιλεὺς
3639 5114 3717 5181 ὥς

464 5224 554 5270 tor
578 5212 727 5270 velut
771 5213 1026 5269 rebellem
1089 5212 1407 5268 verberibus
1466 5221 1756 5283 exceptum
1797 5219 1945 5272 misit
1983 5220 2039 5276 in

2154 5222 2418 5295 ίιντάρτην
2446 5221 2646 5291 τύψας,
2694 5218 2851 5272 ἔθετο
2898 5218 2957 5271 ἔν
3000 5214 3383 5287 δεσμωτηρίῳ,
3433 5212 3713 5285 δημεύσας

460 5302 829 5377 ergastulum,
868 5314 924 5370 et
978 5320 1169 5362 omnes
1246 5305 1365 5375 ejus
1450 5304 1741 5363 facultates
1815 5312 2032 5380 publico

2154 5314 2308 5373 κὺτοῦ
2341 5316 2523 5369 πᾶσαν
2545 5313 2644 5385 τὴν
2669 5309 3005 5382 περιουσίαν.
3028 5308 3140 5364 Καὶ
3160 5305 3254 5363 τοῦ
3283 5304 3551 5379 βασιλέως
3571 5304 3713 5360 κατά

1616 5418 1869 5480 FRANC.
1899 5425 2287 5485 COMBEFISII
2323 5426 2558 5483 ΝΟΤιΕ.

561 5542 615 5608 7)
645 5546 856 5598 Desunt
891 5541 1176 5597 nonnulla.

558 5611 613 5685 β)
655 5612 823 5685 Paulo
854 5615 967 5667 lucc
1016 5614 1178 5685 latius
1202 5609 1321 5685 Leo
1357 5627 1520 5685 quam
1550 5612 1903 5685 continuator
1936 5622 2030 5671 aut

2140 5561 2363 5617 γιστρον
2404 5546 2499 5600 καὶ
2538 5543 2921 5617 Καίσαραὲτδν
2946 5542 3174 5614 ἔσχατον
3203 5539 3563 5617 ἀνηγόρευσεο
3594 5538 3707 5599 Pa-

2148 5614 2294 5672 tricia"
2326 5635 2388 5671 ac
2415 5614 2751 5687 proconsulis
2776 5615 3040 5687 dignitate
3077 5614 3312 5687 ornauit,
3356 5626 3456 5681 pro
3500 5617 3710 5685 impen-

458 5682 650 5750 Cedr.,
682 5684 773 5753 qui
800 5692 978 5756 tanien
994 5684 1122 5756 alia
1147 5683 1353 5739 addunt
1382 5682 1521 5756 scitu
1553 5683 1729 5756 digna
1763 5700 1777 5756 ι
1809 5686 1888 5756 Τῇ
1919 5688 2031 5741 τῶν
2136 5689 2268 5743 εἱονί
2299 5688 2393 5741 illo
2416 5682 2610 5741 'amora
2635 5703 2737 5756 quo
2764 5682 2933 5756 ﬁlium
2956 5684 3365 5756 prosequebatur
3392 5699 3411 5741 :
3448 5682 3708 5743 tum—ure

464 5756 769 5827 πατρικίων
794 5755 891 5807 καὶ
917 5752 1244 5827 ἀνθυπάτων
1259 5754 1504 5827 τιμήσας
1540 5752 1668 5827 ἀξία
1697 5754 1785 5808 διὰ
1814 5752 2029 5827 τδπρδς

462 5823 877 5895 τὴνήθνγατέρα
910 5823 1100 5878 τούτου
1126 5824 1528 5895 ,φιλόστοργον
1586 5825 1776 5879 ἔπειτα
1825 5827 1880 5881 δὲ
1921 5823 2025 5898 μά-

2136 5760 2476 5832 magistrum,
2519 5774 2582 5812 ac
2613 5755 2822 5812 demum
2852 5755 3127 5813 Cmarem'
3152 5756 3371 5812 creavit.
