4046 6302
236 332 381 399 1049

1550 339 2223 403 CHRONOGRAPHIA.

3357 346 3499 412 1050

230 453 296 505 τὸ
354 449 477 515 ιθος
515 450 599 515 τις
628 449 940 523 Βλαχέρνας
972 449 1323 514 ἀπελθόντος,
1363 452 1650 522 προλαϐὼν
1682 454 1813 525 ἐστη
1844 464 1860 516 Α

1964 456 2148 512 Idixit.
2182 457 2571 529 Imperatorem
2603 459 2800 515 deinde
2850 462 2916 515 ad
2946 456 3275 517 Blachernas
3308 462 3499 532 proIe-o

232 542 554 617 ἔμπροσθεν
582 543 677 598 τοῦ
705 543 1095 615 θυσιαστηρίου
1122 546 1150 598 6
1184 544 1615 616 ἀρχιεπίσκοπος
1662 548 1816 619 ἱεραο

1924 563 2073 605 ctum
2134 549 2469 620 praeveniens
2495 551 2937 621 archiepiscopus
2967 552 3292 609 sacerdotali
3355 559 3508 608 veste

230 638 402 708 τικὴν
450 636 644 709 στολὴν
683 637 1082 710 ἠμφιεσμένος,
1142 638 1238 692 καὶ
1296 637 1391 691 τοῦ
1446 638 1712 708 βασιλέως
1753 643 1821 709 τῇ

1964 642 2150 698 tdutus
2200 643 2354 713 stetit
2398 658 2582 699 coram
2615 643 2817 699 altari:
2848 655 2898 700 et
2959 644 3279 715 imperatori
3305 644 3373 698 ad
3418 660 3509 698 so-

234 729 428 801 σωλέᾳ
460 728 863 801 πλησιάσαντος
891 728 1008 801 ἅμα
1030 728 1139 782 τῶν
1170 731 1268 799 τῆς
1305 730 1636 802 συγκλήτου,
1663 734 1817 802 φωνῇ

1964 754 2067 794 :am
2103 739 2213 809 jam
2244 738 2522 794 accedenti
2544 747 2599 794 et
2635 738 2818 793 vicino
2861 753 2968 793 una
3022 753 3145 793 cum
3168 738 3301 793 viris
3345 752 3511 792 sena-

236 823 466 895 μεγάλῃ
509 822 793 893 ἐφώνησεν
846 824 875 875 6
922 823 1391 894 άρχιεπίσκοπος·
1426 822 1669 876 Ἕντεινε
1727 821 1827 875 καὶ

232 913 558 981 κατευοδοῢ,
587 915 683 969 καλ⁵
712 914 984 986 βασίλευε.
1017 915 1250 969 Ἕνεκεν
1276 916 1422 979 τίνος
1441 958 1457 982 ,
1488 911 1534 971 ὢ
1567 915 1825 987 βασιλεῦς

236 1007 537 1071 Δίδεσθεὶς
597 1001 696 1061 οὖν
752 1008 781 1060 6
836 1006 1093 1077 βασιλεὺς
1123 1011 1190 1079 τῇ
1224 1008 1514 1079 συγκλήτῳ
1546 1008 1629 1079 (9)
1678 1007 1784 1079 ἔφη
1812 1024 1829 1041 ⁸

241 1099 480 1153 Ἕνεκεν
509 1098 769 1170 ἀληθείας
801 1099 898 1152 καὶ⁸
944 1100 1256 1169 πραότητος
1306 1100 1403 1153 καὶ
1455 1098 1853 1169 δικαιοσύνης,

251 1191 316 1245 ’0
341 1189 422 1245 δέ’
456 1191 565 1244 Καὶ
593 1190 726 1244 ποία
767 1190 1087 1264 δικαιοσύνη
1119 1192 1177 1243 ἐν
1209 1190 1327 1257 σοί;
1360 1192 1442 1245 ὅτι
1476 1192 1601 1256 δοὺς
1642 1190 1835 1244 ἐνυπό-

238 1299 467 1354 γραφον
496 1282 681 1352 λόγον·
697 1282 918 1354 ’Δλεξίῳ
940 1281 1007 1335 δι’
1032 1282 1166 1353 ἐμοῦ
1191 1282 1292 1335 οὐκ
1319 1282 1593 1351 ὲφύλαξας
1622 1281 1832 1335 τοῦτον.

253 1381 319 1432 '0
377 1379 435 1434 δὲ
484 1378 761 1451 βασιλεὺς,
792 1378 869 1443 ὡς
902 1378 1211 1449 ἐλεγχθεὶς.
1262 1377 1424 1450 θυμῷ
1467 1394 1527 1432 τε
1557 1378 1653 1431 καὶ
1696 1377 1834 1449 ὀργῇ

241 1470 617 1541 ἀκατασχὲτῳ
680 1469 966 1540 κινηθεὶς,
1027 1468 1221 1523 τοῦτον
1289 1468 1385 1523 τοῦ
1442 1467 1836 1539 θυσιαστηρίου

245 1562 453 1635 βιαίως
484 1562 779 1633 ἐξήγαγεν,
809 1562 906 1617 καὶ
936 1562 1151 1634 πληγὰς
1188 1561 1338 1633 αὐτῷ
1362 1561 1423 1615 οὐ
1455 1563 1680 1633 μετρίας
1721 1563 1840 1614 ἐπι-

255 1657 404 1723 θεὶς,
432 1655 694 1729 ἐξώρισεν
714 1672 728 1688 ⁸
752 1657 815 1710 ού
838 1656 927 1710 διὰ
948 1656 1009 1709 τὸ
1044 1656 1370 1727 ἐλεγχθῆναι
1391 1656 1497 1709 ὑπὸ
1517 1656 1709 1709 τούτου
1738 1655 1837 1725 μό-

1931 832 2053 886 torii
2079 831 2311 897 ordinis,
2343 831 2484 886 elata
2514 846 2647 887 voce
2663 831 3107 902 archiepiscopus
3126 831 3456 884 exclamavit
3492 847 3507 884 :

1931 921 2175 987 Intende,
2209 934 2473 990 prospere
2499 920 2757 990 procede,
2782 929 2837 975 et
2879 935 3066 991 regna.
3091 918 3265 990 Cujus
3311 919 3511 990 gratia,

1930 1031 1964 1069 o
1995 1014 2336 1085 imperator?
2364 1011 2701 1069 Verecundia
2731 1013 2975 1070 suffusus
3022 1013 3324 1084 imperator
3351 1028 3514 1068 sena-

1934 1111 2012 1165 tui
2044 1111 2182 1164 dixit
2210 1127 2222 1163 :
2251 1107 2535 1175 Veritatis,
2576 1110 3019 1166 mansuetudinis
3038 1119 3094 1165 et
3121 1109 3356 1178 justitia:
3392 1122 3517 1179 gra-

1935 1201 2032 1256 tia.
2074 1202 2213 1256 Tum
2241 1200 2331 1255 ille
2370 1220 2385 1255 :
2417 1199 2680 1267 Quaenam
2714 1200 2931 1271 justitia
2984 1209 3078 1257 tua
3123 1210 3228 1268 est,
3269 1200 3363 1271 qui
3398 1214 3522 1255 ver-

1939 1294 2067 1348 bum
2105 1292 2509 1362 subscriptione
2551 1300 2645 1348 tua
2693 1294 3003 1360 ﬁrmatum,
3039 1292 3233 1350 Alexio
3290 1308 3391 1366 per
3433 1310 3522 1349 me

1940 1386 2163 1452 misisti,
2203 1401 2302 1441 nec
2326 1395 2508 1441 tamen
2548 1386 2897 1442 observasti!
2924 1386 3245 1458 Imperator,
3288 1389 3368 1442 ira
3408 1402 3524 1443 mo-

1941 1479 2068 1534 dum
2101 1477 2374 1533 nesciente
2403 1486 2735 1544 commotus,
2761 1478 3030 1533 violenter
3079 1479 3225 1534 hunc
3256 1480 3523 1535 altaribus

1942 1571 2201 1639 abripuit,
2236 1570 2665 1638 verberibusque
2702 1585 2810 1625 non
2870 1573 3060 1641 paucis
3089 1573 3437 1641 vapulantem
3469 1572 3523 1625 in

1944 1660 2194 1715 exsilium
2228 1660 2456 1728 expulit,
2493 1674 2600 1713 non
2652 1660 2829 1714 solum
2868 1661 2995 1731 quia
3043 1674 3327 1733 correptus
3382 1674 3528 1718 esset

245 1766 368 1815 νον,
390 1749 530 1803 ἀλλὰ
553 1749 642 1804 διὰ
662 1749 724 1801 τὸ
754 1749 1095 1821 καταμαθεῖν
1114 1749 1276 1803 αὑτὸν
1300 1750 1400 1812 τὰς
1431 1748 1594 1817 ἁγίας
1622 1749 1840 1811 εἰκόνας

1964 1753 2015 1808 tb
2055 1753 2168 1819 illo,
2205 1753 2298 1808 sed
2355 1752 2483 1821 quia
2513 1752 2798 1807 didicisset
2831 1770 2955 1808 eum
3016 1770 3205 1810 sacras
3259 1756 3527 1826 imagines

244 1842 448 1913 τιμᾷν,
484 1839 578 1895 καὶ
614 1816 1014 1907 σέϐεσθαιίκαὶ
1042 1840 1139 1913 τὴν
1164 1840 1329 1895 αὐτοῦ
1359 1816 1683 1895 δυσσέϐειαν
1704 1858 1841 1912 κρυ-

1964 1844 2191 1898 venerari
2226 1854 2279 1898 et
2327 1844 2526 1907 colere,
2555 1852 2611 1899 et
2642 1846 2919 1914 propriam
2976 1846 3311 1914 impietatem
3350 1847 3417 1901 ab
3464 1862 3530 1902 eo

248 1934 437 2004 φαίως
463 1934 801 1992 διαϐάλλειν.
853 1935 989 1990 Μετ’
1048 1936 1108 1988 οὐ
1161 1935 1297 1989 πολὺ
1328 1933 1386 1988 δὲ
1425 1936 1482 1987 ἐν
1516 1936 1582 2006 τῇ
1612 1934 1844 2006 Μεγάλῃ

260 2026 575 2098 Ἐκκλησία
608 2026 1079 2098 παραγενομένου,
1098 2028 1191 2080 καὶ
1207 2025 1303 2079 τοῦ
1321 2026 1664 2097 πατριάρχου
1682 2027 1844 2079 αὐτὸν

248 2122 631 2186 ὀνειδίσαντος
661 2121 752 2176 διὰ
778 2120 868 2174 τὸν
896 2119 1220 2185 ἐπίσκοπον,
1258 2120 1466 2188 ἢγαγεν
1497 2114 1657 2182 αὖθις
1682 2117 1846 2170 αὐτὸν

255 2216 405 2286 μετὰ
433 2214 840 2287 παρακλήσεως
867 2212 979 2284 (10)
1003 2229 1016 2242 °
1054 2212 1148 2265 τοῦ
1192 2211 1250 2265 δὲ
1293 2210 1512 2277 ἀνάξιον
1546 2209 1709 2262 αὑτὸν
1746 2208 1848 2280 τῆς

254 2306 574 2380 ἱερωσύνης
606 2306 890 2378 κρίναντος
916 2304 984 2359 δι’
1010 2303 1046 2359 ά
1083 2305 1375 2369 πέπονθεν,
1407 2303 1436 2355 6
1477 2301 1733 2372 βασιλεὺς
1768 2301 1850 2353 οἱ-

251 2402 498 2469 κονόμον
528 2399 632 2469 τῆς
681 2397 942 2468 Μεγάλης
991 2395 1323 2467 Ἐκκλησίας
1376 2393 1703 2464 πεποίηκεν,
1751 2390 1848 2445 καὶ

256 2489 357 2544 τὴν
397 2488 640 2555 Ἀλέξων
695 2487 791 2540 τοῦ
840 2486 1217 2558 δεσμωτηρίου
1264 2484 1565 2554 πεποίηκεν
1613 2482 1852 2548 ἐξελθεῖν

254 2579 626 2643 ἀποδεδωκὼς
656 2578 806 2651 αὐτῷ
834 2579 1014 2632 πᾶσαν
1044 2576 1209 2632 αὐτοῦ
1236 2568 1335 2645 τὴν
1364 2576 1688 2640 ὑπόστασιν,
1713 2574 1854 2646 ἔχων

257 2674 432 2728 αὑτὸν
456 2675 515 2727 ἐν
539 2673 698 2743 τιμῇ.

326 2760 529 2827 Ἦν⁴ὂὲ
549 2764 805 2836 Μανονὴλ
850 2763 1285 2833 ὀνομαστότατος
1327 2763 1675 2835 στρατιώτης
1706 2762 1845 2817 πείν-

256 2875 377 2912 των
420 2856 529 2910 τῶν
580 2859 636 2928 ἐν
688 2858 753 2929 τῇ
791 2856 1055 2927 Ἀνατολῇ
1097 2855 1426 2926 τιμωμένων
1461 2855 1615 2927 παρὰ
1640 2856 1734 2910 τοῦ
1765 2854 1860 2925 βα-

260 2950 486 3015 σιλέως.
548 2942 723 3013 Οὗτος
772 2947 1003 3019 Μύρωνι
1046 2945 1343 3018 συμϐαλὼν
1379 2947 1574 3016 λόγους
1599 2947 1753 3010 τινὰς
1781 2948 1859 3000 λο-

261 3043 479 3116 γοθέτη
508 3060 569 3097 τε
597 3040 709 3096 ὄντι
739 3039 833 3095 τοῦ
866 3040 1067 3113 δρόμου
1086 3040 1181 3093 καὶ
1210 3038 1458 3109 πενθερῷ
1483 3039 1576 3092 τοῦ
1602 3039 1861 3111 Πετρωνᾶ

1945 1937 2083 1993 clam
2140 1937 2519 1992 condemnari.
2561 1934 2679 1991 Non
2730 1937 2905 1991 multo
2968 1948 3090 2007 post
3148 1939 3214 1993 ad
3274 1938 3527 2009 Magnam

1946 2029 2234 2085 ecclesiam
2289 2028 2569 2083 accedenti
2623 2028 2948 2084 intentatum
2982 2029 3194 2087 facinus
3227 2032 3281 2086 in
3316 2033 3530 2102 episco‘

1947 2137 2077 2193 pum
2132 2120 2441 2191 patriarcha
2486 2119 2873 2189 exprobrante,
2917 2121 3006 2176 ille
3049 2136 3269 2189 precum
3323 2122 3532 2178 instan-

1950 2217 2079 2271 tiam
2106 2214 2377 2269 reveritus
2410 2212 2603 2267 exsilio
2637 2214 2915 2268 rewcavit
2941 2230 2953 2269 :
2988 2230 3054 2270 eo
3073 2230 3202 2269 vero
3231 2216 3535 2270 sacerdotio

1951 2305 2235 2373 indignum
2264 2302 2645 2371 se'judicante,
2675 2313 2897 2374 prapter
2921 2319 2984 2359 ea
3020 2320 3143 2374 quae
3190 2318 3385 2375 passus
3429 2316 3536 2369 est,

1953 2397 2253 2465 imperator
2316 2381 2665 2450 oeconomqu
2720 2393 2930 2463 Magna:
2983 2396 3227 2452 ecclesiae
3278 2398 3536 2462 instituit.

1953 2498 2005 2543 et
2036 2490 2284 2542 Alexinm
2319 2486 2599 2557 ergastulo
2625 2488 2846 2542 liberari
2876 2487 3098 2557 jussum
3146 2504 3337 2546 rursus
3378 2499 3539 2546 exc‘e-

1954 2581 2055 2651 pit,
2089 2578 2550 2649 facultatibusque
2602 2578 2872 2635 restitutis
2916 2580 3193 2645 omnibus,
3228 2581 3281 2635 in
3335 2580 3540 2637 honore

1958 2674 2176 2729 habuit.

2030 2765 2160 2821 Erat
2183 2777 2362 2820 autem
2388 2764 2607 2820 Manuel
2634 2764 2788 2820 miles
2806 2766 3079 2830 omnium,
3112 2766 3204 2835 qui
3232 2768 3283 2819 in
3320 2765 3542 2821 Oriente

1961 2860 2029 2915 ab
2058 2860 2386 2930 imperatore.
2418 2859 2473 2913 in
2519 2860 2695 2928 pretio
2757 2859 3100 2931 habebantur
3159 2859 3540 2914 nominatissio

1962 2968 2104 3008 mus.
2162 2949 2282 3022 Ipse
2315 2951 2609 3021 aliquando
2639 2965 2764 3005 cum
2802 2952 3053 3020 Myrone,
3102 2965 3298 3005 cursus
3334 2949 3544 3020 publici

1964 3042 2237 3113 logotbeta
2264 3052 2321 3096 et.
2350 3040 2598 3097 Petrona:
2619 3055 2832 3104 socero,
2860 3042 3188 3105 collocutus,
3222 3040 3397 3111 ipsius
3433 3040 3541 3112 My-

264 3136 541 3206 διεδλήθη
566 3134 645 3207 τῷ
664 3133 877 3205 βασιλεῖ
893 3132 1132 3203 ὑποὸολῇ
1164 3130 1259 3185 τοῦ
1305 3131 1593 3203 Μύρωνος,
1652 3132 1728 3191 ὡς
1761 3131 1860 3199 τῆς

1969 3134 2119 3189 ronis
2168 3133 2521 3203 suggestione
2571 3132 2715 3201 apud
2775 3132 3163 3202 imperatorem
3214 3132 3544 3187 calumniam

266 3226 564 3299 βασιλείας
586 3225 866 3297 ὀρέγεται,
903 3224 998 3277 καὶ
1027 3222 1326 3292 ἐμελετᾶτο
1367 3219 1554 3284 δεινῶς
1604 3220 1726 3273 κατ’
1766 3220 1865 3274 a6-

268 3321 401 3376 τοῦ.
447 3319 599 3373 Λέων
654 3316 710 3372 δὲ
754 3318 784 3371 6
834 3314 1337 3389 πρωτοσεστιάριος
1392 3312 1534 3384 ὑπὲρ
1606 3312 1868 3385 Μανουὴλ

276 3412 717 3485 προϊστάμενος,
755 3410 850 3464 καὶ
878 3407 1181 3480 φροντίζων
1213 3405 1587 3460 διεϐεδαιοῦτο
1610 3403 1687 3477 τῷ
1714 3404 1867 3476 βασιο

268 3507 382 3572 λεῖ,
406 3506 485 3570 ὡς
503 3505 674 3575 ψευδῆ
709 3506 819 3559 είσι
848 3502 917 3557 τὰ
940 3503 1061 3557 κατ’
1090 3500 1258 3555 αὐτοῦ
1300 3500 1594 3571 λεγόμενα,
1630 3498 1664 3553 ἃ
1682 3497 1870 3569 μαθὼν

273 3594 569 3668 Μανουὴλ,
599 3596 696 3651 καὶ
722 3594 821 3665 τὴν
850 3594 1020 3665 ὀργὴν
1048 3592 1142 3647 τοῦ
1184 3590 1469 3662 βασιλέως,
1491 3589 1586 3643 καὶ
1616 3590 1715 3653 τὰς
1746 3590 1868 3643 διαι-

273 3692 453 3756 ϐολὰς
485 3689 780 3753 ἐκκλίνων,
812 3688 989 3758 λάθρα
1018 3689 1119 3759 τῆς
1150 3686 1361 3750 πόλεως
1405 3684 1644 3750 ἐξελθὼν
1706 3682 1873 3753 μέχρι

274 3780 497 3846 πυλῶν,
522 3780 618 3834 καὶ
637 3781 750 3842 τοῖς
773 3776 1055 3848 δημοσίοις
1080 3776 1354 3847 ὀχήμασιν
1385 3773 1604 3841 ἐπιϐάς,
1625 3772 1875 3841 ἀπῆλθεν

279 3874 469 3948 φυγάς
510 3869 796 3944 μίχριτῶν
824 3868 1159 3940 κλεισουρῶν
1188 3868 1414 3941 Συρίας,
1439 3868 1535 3931 τὰς
1552 3867 1660 3920 τῶν
1684 3866 1873 3919 ἵππων

285 3966 489 4039 ἰγνύας
542 3964 830 4018 ἐκκόπτων
862 3978 878 3994 ο
964 3960 1205 4031 ἐδήλωσέ
1259 3976 1318 4013 τε
1367 3962 1480 4023 τοῖς
1554 3958 1878 4029 Ἀγαρηνοῖς

257 4059 507 4115 ⁶ταῦτα·
558 4056 667 4109 Τοῦ
708 4050 973 4125 βασιλέως
1010 4050 1179 4123 ὀργὴν
1240 4049 1519 4120 ἐκφεύγω,
1569 4050 1666 4103 καὶ
1700 4049 1749 4101 ei
1803 4047 1880 4121 μὴ

286 4149 756 4218 τῖαταναγκάσετε
811 4145 915 4214 τὴν
977 4142 1217 4215 ἐμαυτοῦ
1270 4144 1456 4197 πίστιν
1511 4142 1834 4196 καταλιπεῖν
1862 4181 1878 4207 ,

289 4244 636 4319 προσφεύγω
670 4243 820 4313 ὑμῖν.
858 4241 922 4295 Ei
952 4239 1047 4294 οὖν
1067 4237 1212 4293 οὕτω
1242 4236 1611 4310 προσδέχεσθέ
1665 4253 1755 4307 με,
1785 4235 1878 4289 λό-

288 4358 392 4410 γον
415 4337 686 4400 ἀπαθείας
721 4353 811 4408 μοι
843 4332 1235 4387 ἀποστείλατε.
1259 4333 1324 4387 Ol.
1356 4333 1411 4385 δὲ
1449 4331 1609 4385 τοῦτο
1637 4331 1883 4403 μεγάλην

260 4484 263 4487 λ
291 4434 462 4507 χάριν
499 4431 806 4502 δεξάμενοι,
834 4428 994 4496 λόγον
1012 4426 1454 4489 ἀποστείλαντες,
1487 4424 1883 4497 προσεδέξαντο

1966 3239 2164 3295 passus
2189 3231 2292 3289 est,
2322 3222 2469 3277 velut
2494 3220 2775 3277 aﬂ'cctaret
2817 3223 3131 3292 imperium,
3178 3232 3235 3277 et
3284 3225 3550 3279 adversus

1966 3332 2091 3372 eum
2130 3315 2335 3386 aliquid
2385 3315 2764 3370 meditaretur.
2816 3315 2874 3369 In
2923 3316 3214 3370 adversum
3281 3315 3549 3373 Manuclis

1967 3407 2225 3465 defensor
2263 3408 2453 3463 aderat
2500 3407 2610 3464 Leo
2661 3409 3137 3479 protovestiarius,
3194 3407 3371 3478 deque
3419 3408 3545 3480 ejus

1970 3504 2149 3559 salute
2213 3500 2487 3556 sollicitus
2542 3500 2854 3569 imperatori
2906 3500 3213 3555 allirmaltat
3254 3499 3390 3554 falsa
3432 3515 3554 3568 qun:

1971 3597 2076 3668 ipsi
2103 3596 2497 3666 objicerentur.
2538 3594 2746 3661 Quibus
2773 3593 3065 3663 perceptis,
3115 3592 3330 3648 Mauuel
3381 3592 3556 3662 impe‘

1973 3688 2177 3745 ratoris
2229 3688 2367 3743 iram
2422 3697 2475 3743 et
2530 3686 2827 3741 intentatas
2885 3686 3169 3742 declinans
3230 3684 3554 3746 calumnias.

1974 3782 2116 3836 clam
2149 3780 2303 3835 urbis
2332 3779 2508 3850 portis
2552 3780 2814 3845 excessit,
2876 3786 2933 3833 et
2996 3779 3253 3833 curribus
3319 3775 3558 3847 publicis

1975 3868 2139 3943 452
2161 3869 2499 3935 conscensis,
2521 3870 2586 3924 ad
2614 3869 2877 3925 Clusuras
2897 3884 3069 3939 usque
3096 3869 3266 3941 Syria:
3298 3867 3559 3937 fugitivus

1976 3963 2149 4027 abiit;
2181 3961 2272 4015 ubi
2310 3960 2511 4015 excisis
2538 3975 2807 4031 equorum
2842 3961 3138 4031 p0plitibus
3158 4001 3173 4027 ,
3204 3960 3319 4014 haec
3348 3961 3552 4030 Agare-

1980 4054 2067 4108 nis
2097 4052 2467 4108 manifestavit
2502 4069 2517 4106 :
2569 4051 2711 4106 Iram
2758 4052 3104 4122 imperatoris
3140 4053 3354 4107 declino
3385 4070 3398 4105 :
3424 4059 3479 4106 et
3510 4050 3559 4105 si

1984 4161 2093 4201 non
2126 4145 2421 4216 coegeritis
2447 4160 2623 4199 meam
2659 4160 2745 4199 me
2776 4144 3031 4200 deserere
3058 4144 3240 4207 tidem,
3278 4143 3334 4197 in
3368 4151 3553 4212 partes

1981 4246 2195 4291 vestras
2225 4245 2440 4290 transeo
2468 4252 2485 4303 ;
2519 4236 2564 4290 si
2593 4236 2673 4290 sic
2706 4235 2983 4306 excipitis.
3021 4234 3335 4290 securitatis
3363 4232 3562 4287 indicia

1986 4328 2187 4384 mittite
2241 4328 2399 4383 milii.
2464 4325 2569 4391 Illi,
2628 4327 2820 4381 nuntio
2884 4326 3143 4393 recreati,
3200 4324 3563 4379 immunitatis

1989 4422 2163 4475 misso
2191 4420 2395 4484 libello,
2439 4420 2584 4473 velut
2621 4418 2995 4474 Romanorum
3030 4419 3417 4489 imperatorem
3466 4415 3565 4471 ad-
3646 4422 3659 4445 λ’

291 4529 371 4591 ὡς
429 4524 659 4595 βασιλέα
712 4522 1021 4591 Ῥωμαίων.
1073 4522 1133 4575 '0
1181 4519 1238 4572 δὲ
1308 4516 1561 4589 βασιλεὺς
1624 4514 1860 4587 Moveo-qi

1988 4515 2210 4569 misere.
2260 4513 2559 4584 Imperator
2589 4528 2741 4580 vero,
2790 4511 2855 4566 ad
2917 4513 3203 4583 Agarenos
3260 4508 3565 4565 Mannelem

294 4619 650 4694 προσρυέντα
683 4619 795 4679 τοῖς
838 4616 1163 4685 ’Λγαρηνοῖς
1195 4612 1405 4683 μαθὼν,
1432 4614 1488 4664 ἐν
1508 4611 1676 4683 πολλῇ
1700 4609 1879 4679 θλίψει

294 4712 397 4767 καὶ
441 4709 653 4780 ἀγωνία
711 4708 983 4777 γέγονεν’
1045 4706 1140 4759 καὶ
1198 4705 1393 4776 βουλὴν
1444 4705 1680 4756 ἐποιεῖτο
1742 4704 1879 4773 μετὰ

307 4802 566 4859 Ἰωάννου
622 4800 919 4870 συγκὲλλου
952 4800 1085 4871 περὶ
1126 4798 1342 4851 τούτου.
1407 4797 1464 4849 Ὀ
1495 4795 1552 4849 δὲ
1600 4791 1783 4850 εἶπενο
1816 4794 1882 4849 Εἰ

304 4897 607 4970 προθύμως
665 4895 844 4966 βούλει
886 4894 980 4948 τὸν
1030 4893 1291 4963 Μανουὴλ
1324 4890 1462 4964 πρὸς
1498 4891 1557 4945 σέ
1610 4892 1808 4956 ἐλθεῖν,
1839 4886 1885 4946 ὦ

305 4989 558 5062 βασιλεῦ,
579 4987 744 5052 αὐτὸς
772 4985 885 5056 ἐγὼ
914 4985 1135 5056 ἕτοιμος
1190 4982 1353 5037 τοῦτο
1407 4984 1603 5047 ποιεῖν,
1635 4984 1888 5054 χρήματα

302 5080 507 5148 λαϐὼν,
533 5080 626 5135 καὶ
650 5080 788 5151 πρὸς
829 5078 925 5133 τόν
970 5074 1301 5150 ἁμερυμνῆν
1346 5073 1586 5141 σταλεὶς,
1620 5074 1696 5137 ὠς
1725 5073 1889 5142 δῆθεν

1988 4606 2253 4665 defecisse
2285 4606 2531 4672 audiens,
2564 4606 2735 4660 multo
2768 4621 3003 4661 maerore
3027 4612 3082 4659 et
3112 4602 3281 4657 animi
3310 4601 3567 4673 angustia

1989 4708 2272 4771 correptus
2300 4707 2404 4763 est,
2434 4707 2489 4754 et
2513 4714 2636 4753 cum
2660 4697 2870 4754 Joanne
2935 4696 3175 4768 syneello
3198 4696 3264 4750 de
3287 4694 3395 4750 hoc
3423 4709 3562 4748 con-

1992 4796 2301 4852 siliabatur.
2332 4793 2428 4849 Ille
2458 4808 2588 4846 vero
2618 4790 2794 4845 dixit:
2828 4790 2884 4844 Si
2913 4805 2979 4844 es
3008 4789 3197 4843 animo
3256 4786 3563 4842 Manuelem

1992 4890 2059 4945 ad
2092 4898 2145 4943 te
2170 4885 2377 4957 regredi
2408 4884 2581 4955 cupis,
2615 4883 2854 4953 acceptis
2883 4882 3153 4952 pecuniis,
3182 4879 3248 4935 ad
3282 4880 3571 4933 Amerum-

1992 4998 2118 5039 nem
2148 4981 2376 5045 missus,
2409 4976 2565 5048 quasi
2595 4977 2651 5031 in
2687 4989 2907 5030 carcere
2940 4975 3185 5027 delentes
3224 4970 3570 5035 visitaturus,

1994 5075 2274 5146 negotium
2304 5074 2411 5127 hoc
2439 5069 2711 5127 conﬁcere
2740 5068 2963 5139 paratus
2989 5080 3134 5134 sum,
3160 5074 3214 5120 et
3243 5062 3313 5118 ab
3343 5062 3575 5133 imperio

1467 5226 1716 5283 FRANC.
1744 5230 2139 5291 COMBEFISII
2180 5227 2422 5286 NOTIE.

379 5378 459 5451 (9)
486 5371 674 5451 Malim
723 5369 1175 5451 τὴνσύγκλητον.
1213 5365 1437 5423 Senatus
1469 5367 1756 5435 prmentia
1784 5385 1889 5439 pa-

308 5443 451 5507 me"
479 5444 737 5515 δειπνοίη,
773 5443 871 5495 ait.

380 5518 499 5593 (10)
545 5510 717 5593 "Illud,
771 5511 909 5593 μετὰ
960 5510 1385 5593 τιξοιρακλιίισεως,⁸
1407 5523 1674 5590 exponam
1741 5524 1884 5593 ego,

309 5580 683 5651 obsecrando;
712 5580 859 5638 velut
910 5581 1122 5638 scilicet
1165 5596 1263 5650 pro
1314 5580 1881 5651 injuriaexcusando,

311 5661 480 5731 cujus
505 5658 598 5713 ille
625 5650 888 5731 memoria
909 5650 1404 5731 __noluerit_sede_m
1428 5650 1671 5731 recipere
1704 5664 1768 5731 a_c
1799 5651 1883 5731 i—

315 5719 633 5801 gnitatem,
679 5722 981 5801 Theophili)
1051 5721 1265 5777 interim
1342 5719 1560 5788 Maioris
1593 5719 1886 5801 “ecclesiae.

315 5789 613 5860 Economiv
650 5789 884 5853 ollicinin
952 5794 1263 5863 imponente
1311 5810 1323 5846 :
1378 5807 1513 5860 quae
1552 5789 1729 5847 otiicia
1777 5808 1885 5849 non

1992 5369 2225 5425 minoris
2255 5376 2412 5423 erant
2462 5364 2691 5430 Graecis,
2744 5377 2907 5440 quam
2944 5375 3159 5440 summa
3226 5354 3572 5440 ipsansaeer.

1992 5440 2142 5496 dotia
2173 5453 2239 5493 ac
2272 5426 2685 5507 episcopatusa
2718 5426 2794 5488 uti
2830 5433 2961 5507 [ere
2985 5432 3189 5487 nostris
3236 5426 3579 5507 cardittalitia

1990 5512 2229 5580 dignitas
2276 5497 2748 5580 alquefpnrpura.
2814 5502 3135 5580 Gloriantnr
3187 5500 3353 5580 enim
3387 5497 3582 5580 etiam-

1991 5567 2121 5635 mi’m
2155 5567 2606 5647 clericijMajoris'
2636 5575 2886 5631 ecclesiae
2913 5574 3064 5648 Avelut
3083 5580 3149 5648 et
3186 5569 3289 5648 ipsi
3322 5567 3583 5648 (le-latere

1994 5652 2079 5707 sui
2112 5636 2370 5705 antistitis
2396 5665 2410 5713 ;
2440 5636 2601 5717 quem
2628 5648 2749 5702 ideo
2774 5645 3019 5717 proxime
3041 5636 3295 5717 aﬂ‘ectari
3325 5636 3580 5705 debeant,

1995 5737 2058 5779 ac
2090 5714 2517 5793 provincialibus
2544 5719 2677 5788 ipsis
2702 5714 2973 5788 episcopis
3010 5714 3225 5782 praeire.
