4046 6302
400 334 555 425 ιοδδγ

1622 338 1901 401 LEONIS
1936 338 2428 401 GRAMMATICI

3531 340 3666 427 1056

400 422 610 505 invitus
638 449 687 503 ei
723 448 1018 519 adjunctus
1049 458 1155 517 est,
1179 458 1234 505 et
1262 450 1350 517 vis
1381 450 1506 507 inde
1533 461 1775 523 ereptus,
1804 452 1975 525 Dory-

2091 453 2385 520 itaowOelc,
2455 421 2718 508 κάκεῖθεν
2780 453 3112 529 ύπεστράφη
3166 454 3224 510 ἐν
3269 455 3346 527 τῷ
3391 421 3670 533 Δορυλαίῳ

399 544 559 600 laeum
589 558 714 598 cum
743 542 953 614 pudore
978 553 1031 598 et
1061 542 1393 599 detrimento
1416 560 1476 600 se
1505 546 1731 617 recepit.
1764 548 1979 605 Manuel

398 651 531 692 vero
585 638 640 690 in
690 637 808 691 acie
850 637 1195 703 vulneratus,
1222 646 1277 692 et
1303 636 1469 711 454
1497 639 1822 710 aegritudine
1855 657 1981 697 cor-

399 740 608 802 reptus,
650 729 929 802 praeclaris
976 728 1323 786 facinoribus
1380 730 1435 785 iu
1489 730 1775 801 Agarenos
1816 734 1979 791 editis

400 833 654 879 mortuus
688 832 792 878 est.
820 822 1037 892 Corpus
1066 822 1185 894 ejus
1214 830 1561 891 asportatum
1595 824 1649 879 in
1702 835 2001 899 monaste-y

401 917 485 971 rio
510 916 578 971 ab
606 931 672 971 eo
701 923 1042 981 constructo,
1077 913 1166 970 cui
1202 913 1470 969 Manuelis
1502 913 1709 970 factum
1749 931 1979 983 nomen,

396 1009 631 1078 Aspar-is
655 1006 911 1064 cisternae
961 1004 1166 1070 vicino,
1217 1005 1530 1076 depositum
1561 1016 1642 1064 est
1667 1025 1683 1075 ;
1712 1015 1766 1063 et
1789 1025 1981 1066 rursus

397 1098 584 1155 Persa
616 1099 894 1155 auxiliarii
948 1098 1096 1170 apud
1158 1099 1544 1170 imperatorem
1591 1103 1857 1159 accusati.
1902 1102 1982 1160 Εο

400 1200 645 1263 tempore
678 1191 825 1248 filius
868 1191 1187 1262 imperatori
1232 1207 1303 1247 ex
1329 1189 1619 1249 Theodora
1665 1205 1979 1266 susceptus,

398 1301 563 1358 quem
593 1284 810 1342 vocavit
838 1284 1181 1341 Michaelem.
1234 1284 1561 1356 Imperatori
1590 1302 1721 1341 vero
1756 1287 1825 1341 ad
1860 1286 1982 1345 Bla-

400 1380 637 1436 chernas
659 1379 904 1449 profecto
920 1380 1167 1434 occurrit
1189 1394 1298 1433 non
1322 1394 1507 1445 nemo,
1534 1380 1627 1451 qui
1648 1380 1721 1434 ait
1750 1398 1763 1435 :
1796 1380 1981 1452 Equus

400 1472 490 1528 cui
523 1472 817 1542 imperium
855 1482 1010 1527 tuum
1053 1472 1258 1528 insidet
1305 1488 1464 1529 meus
1496 1483 1601 1530 est.
1648 1474 1803 1545 Equo
1850 1485 1982 1534 tunc

400 1562 713 1630 exsiliente,
756 1572 811 1617 et
857 1563 1213 1633 imperatoris
1269 1580 1439 1621 manu
1488 1566 1733 1635 detento,
1778 1571 1980 1625 stabuli

401 1657 656 1712 comitem
693 1658 1052 1727 interrogavit
1073 1659 1378 1729 imperator
1410 1679 1423 1715 :
1454 1661 1629 1734 Cujus
1651 1674 1735 1721 est
1756 1666 1982 1736 equus?

402 1748 707 1821 Respondit
749 1768 763 1806 :
801 1748 1013 1822 Opsicii
1060 1766 1249 1808 comes
1275 1764 1382 1809 ture
1413 1769 1538 1809 eum
1572 1757 1842 1827 maiestati
1879 1760 1983 1814 mi-

402 1844 495 1900 sit.
519 1843 770 1914 Cumque
803 1843 1007 1914 Opsicii
1039 1859 1225 1900 comes
1258 1845 1313 1899 in
1353 1847 1489 1903 urbe
1524 1856 1654 1905 tunc
1683 1851 1889 1921 ageret,
1918 1867 1983 1908 eo

402 1938 458 1991 in
498 1936 804 1992 crastinum
851 1936 1109 2006 adducto,
1143 1954 1252 1994 una
1285 1952 1410 1995 cum
1440 1955 1505 1997 eo
1550 1941 1644 2012 qui
1684 1946 1987 2012 proceden-

404 2030 511 2083 tem
543 2043 669 2085 eum
704 2029 1190 2101 linterpellaverat,
1236 2031 1317 2085 ait
1366 2032 1666 2102 imperator
1715 2050 1732 2089 :
1780 2033 1985 2092 Verum

402 2124 685 2193 eloquere,
728 2122 890 2193 cujus
919 2130 1003 2179 est
1031 2123 1246 2195 equus?
1280 2123 1374 2179 Ille
1423 2126 1771 2196 respondens
1801 2128 1941 2184 dixit
1969 2147 1983 2186 :

405 2212 558 2269 Meus
587 2220 747 2269 erat:
780 2213 1111 2284 mittensque
1154 2212 1289 2281 dux,
1341 2214 1393 2268 vi
1441 2230 1591 2281 eum,
1648 2232 1826 2287 neque
1856 2219 1986 2274 dato

403 2304 607 2376 pretio,
632 2317 811 2375 neque
843 2303 1215 2362 aestimatione
1249 2304 1415 2370 facta,
1446 2306 1582 2361 mihi
1616 2308 1846 2376 eripuit.
1897 2309 1987 2364 ln-

404 2396 705 2468 terrogavit
725 2396 982 2453 comitem
1012 2396 1313 2467 imperator
1357 2415 1371 2451 :
1409 2396 1552 2452 Num
1578 2414 1668 2454 res
1691 2401 1765 2454 ita
1796 2416 1856 2455 se
1890 2401 1988 2456 ha-

404 2491 498 2546 bet
526 2490 790 2557 edissere,
833 2499 889 2545 et
918 2503 1092 2561 quare
1119 2503 1232 2545 non
1265 2490 1448 2546 soluto
1479 2492 1641 2560 pretii
1664 2508 1831 2564 equo,
1860 2510 1987 2550 eum

405 2583 477 2639 ad
500 2597 588 2638 me
609 2582 813 2639 misisti
833 2583 856 2636 ?
878 2580 1189 2653 Respondit
1207 2582 1331 2637 ille:
1357 2582 1496 2649 Quia
1528 2586 1840 2642 scholarius
1868 2588 1986 2644 ﬁeri

405 2674 696 2745 expetebat
721 2693 735 2729 :
765 2690 867 2746 ego
896 2690 1028 2730 vero
1049 2690 1176 2729 num
1204 2692 1509 2746 generosus
1533 2677 1674 2733 foret
1703 2679 1985 2749 ignorans,

405 2767 745 2823 numismata
784 2775 1005 2823 centum
1041 2767 1290 2823 exhibui.
1319 2767 1411 2825 Ille
1441 2784 1569 2825 vero
1602 2785 1709 2825 non
1750 2773 1985 2842 accepit.

405 2857 487 2914 Re
516 2860 827 2931 examinata
865 2869 919 2915 et
962 2860 1138 2930 probe
1168 2868 1426 2931 percepta
1455 2871 1515 2916 ut
1541 2878 1640 2934 per
1672 2864 1778 2919 vim
1822 2866 1989 2921 nimi-

406 2964 530 3003 rum
553 2963 733 3021 equns
766 2949 1219 3014 ablatusfuisset,
1256 2951 1554 3021 imperator
1574 2954 1753 3025 dignis
1791 2956 1989 3012 verbe-

342 3117 347 3120 _
406 3040 562 3098 ribus
587 3044 783 3098 ducem
810 3043 1128 3099 emendavit
1160 3058 1175 3098 :
1214 3043 1425 3099 homini
1475 3061 1606 3100 vero
1644 3047 1711 3100 ad
1735 3062 1795 3103 se
1825 3063 1987 3105 acce-

2011 1808 2059 1868 B

2060 542 2205 617 p.21."
2237 546 2503 618 αἰσχύνης
2532 546 2628 600 καὶ
2666 546 2839 618 ἥττης
2865 546 3087 619 πολλῆς.
3126 548 3187 602 ’0
3240 547 3298 603 δὲ
3334 550 3593 620 Μανουὴλ
3612 554 3669 605 ἐν

2080 639 2159 712 τῷ
2203 640 2427 712 πολέμῳ
2480 639 2735 714 τρωθεὶς,
2766 641 3023 712 νοσήσας,
3082 640 3441 714 ἐτελεύτησεν
3475 643 3671 709 πολλὰς

2081 732 2452 803 ἀνδραγαθίας
2509 731 2652 787 κατὰ
2705 730 2816 786 τῶν
2876 731 3204 808 Ἀγαρηνῶν
3262 736 3671 807 ἐνστησάμενος

2083 823 2511 898 [ἐνδειξάμενος]
2551 840 2565 855 ⁸
2616 827 2680 879 τὸ
2728 825 2787 879 δὲ
2849 824 3009 897 σῶμα
3065 825 3234 881 αὐτοῦ
3296 828 3671 899 ἀποκομισθὲν

2081 918 2238 989 ἐτέθη
2273 921 2331 973 ἐν
2361 920 2427 991 τῇ
2453 919 2546 973 ὑπ’
2571 918 2739 972 αὑτοῦ
2797 918 3084 994 κτισθείσῃ
3134 921 3295 992 μονῇ,
3319 923 3388 992 τῇ
3436 921 3531 975 τοῦ
3560 923 3672 976 Μα-

2081 1010 2265 1084 νουὴλ,
2321 1010 2591 1081 σύνεγγυς
2641 1010 2706 1082 τῇ
2760 1011 3022 1084 κιστέρνῃ
3076 1010 3173 1066 τοῦ
3209 1012 3516 1083 Ἀσπαρος.
3562 1014 3671 1069 Καὶ

2050 1094 2248 1166 εὐθὺς
2270 1100 2522 1156 διαϐολαὶ
2548 1102 2688 1174 πρὸς
2713 1102 2808 1155 τὸν
2842 1101 3072 1173 βασιλέα
3103 1102 3247 1157 κατά
3273 1104 3505 1176 Περσῶν
3524 1105 3657 1179 (I7).

2081 1193 2217 1247 Τότε
2259 1192 2325 1264 δὴ
2358 1192 2572 1263 γίνεται
2604 1192 2685 1265 τῷ
2721 1192 2937 1265 βασιλεῖ
2986 1195 3119 1259 παῖς
3167 1196 3231 1250 ἐκ
3265 1195 3573 1268 Θεοδώρας,
3614 1198 3671 1251 δν

2082 1285 2445 1355 ἐπωνόμασεν
2496 1284 2743 1357 Μιχαήλ.
2795 1286 3207 1357 Ἀπερχόμενος
3266 1289 3381 1342 δέὁ
3414 1289 3667 1359 βασιλεὺς

2052 1376 2055 1379 λ
2083 1377 2143 1430 ἐν
2173 1376 2509 1453 Βλαχέρναις
2562 1378 2879 1449 ὑπήντησεν
2930 1377 3080 1449 αύτῷ
3111 1395 3217 1445 τις,
3251 1381 3349 1433 καὶ
3376 1379 3548 1448 λέγει,
3590 1383 3671 1436 ὅτι

2085 1461 2347 1536 Ἱπποςῷ
2380 1468 2665 1539 ἐποχεῖται
2695 1467 2815 1540 (18)
2851 1468 2884 1539 ὴ
2916 1468 3167 1539 βασιλεία
3200 1486 3316 1535 σου,
3341 1472 3474 1543 ἐμός
3505 1473 3672 1528 ἐστιν.

2085 1559 2192 1613 Τοῦ
2221 1559 2277 1614 δὲ
2318 1558 2491 1613 ῑππου
2544 1560 2885 1630 σκιρτῶντος
2914 1559 3129 1613 καὶτοῦ
3181 1560 3454 1631 βασιλέως
3485 1562 3674 1617 τοῦτον

2085 1654 2475 1724 κατασχόντος,
2499 1652 2593 1706 τὸν
2622 1652 2841 1725 κόμητα
2872 1654 3105 1708 σταύλου
3140 1655 3502 1726 ἐπηρώτησεν
3527 1660 3556 1710 6
3579 1656 3675 1725 βα-

2086 1744 2266 1809 σιλεύς
2289 1762 2304 1776 ·
2337 1744 2494 1808 Τίνος
2523 1744 2673 1798 ἐστὶν
2707 1739 2737 1798 ὁ
2772 1744 2981 1811 ἴπποςς
3011 1745 3068 1799 ὐ
3087 1744 3143 1799 δὲ
3188 1744 3292 1817 ἔφη
3313 1766 3328 1780 ·
3378 1746 3435 1801 '0
3493 1748 3673 1818 κόμης

2086 1837 2180 1892 τοῦ
2209 1836 2460 1908 Ὀψικίου
2493 1836 2815 1891 ἀπέστειλεν
2854 1836 3018 1891 αὐτὸν
3042 1840 3109 1910 τῇ
3144 1836 3397 1911 βασιλείᾳ
3423 1856 3541 1894 σου.
3568 1840 3670 1894 Τοῦ

2086 1930 2143 1984 δὲ
2163 1930 2403 2002 κόμητος
2433 1930 2528 1983 τοῦ
2556 1929 2803 1999 Ὀψικίου
2830 1932 2888 1983 ἐν
2912 1932 2978 2003 τῇ
3012 1931 3165 1983 πόλει
3199 1930 3375 1996 ὄντος,
3393 1934 3458 2003 τῇ
3488 1917 3674 2001 αὔριον

2086 2021 2310 2091 ἀγαγὼν
2387 2024 2553 2077 αὑτὸν
2594 2027 2623 2077 6
2691 2022 2973 2094 βασιλεὺς,
3023 2023 3247 2079 καὶτὸν
3305 2023 3675 2096 προσελθόντα

2087 2115 2260 2187 αὐτῷ,
2290 2115 2393 2187 ἔφη
2430 2134 2443 2150 ·
2470 2116 2609 2170 Εἰπὲ
2631 2118 2731 2184 τὴν
2788 2117 3052 2188 ἀλήθειαν
3083 2133 3100 2148 ο
3144 2117 3294 2180 τίνος
3347 2118 3498 2170 ἐστὶν
3524 2119 3551 2171 6
3588 2116 3688 2171 ῖπα

2087 2227 2221 2276 πος;
2260 2210 2320 2264 Ὀ
2372 2210 2429 2263 δὲ
2475 2210 2802 2279 ἀποκριθεὶς
2867 2206 3052 2275 εἶπεν,
3110 2211 3194 2265 ὅτι
3236 2210 3402 2282 Ἐμδς
3440 2206 3529 2282 ἦν,
3581 2214 3677 2266 καὶ

2089 2302 2420 2366 ἀποστείλας
2437 2303 2464 2355 ό
2480 2304 2789 2374 στρατηγὸς
2804 2302 3046 2356 ἀνείλετο
3063 2303 3225 2356 αὐτὸν
3248 2302 3306 2369 ἐξ
3334 2303 3469 2372 ἐμοῦ
3486 2303 3676 2374 βιαίως

2091 2398 2227 2471 μήτε
2258 2395 2483 2465 τίμημά
2516 2412 2607 2465 μοι
2638 2396 2782 2460 δοὺς,
2817 2397 2956 2466 μήτε
2989 2395 3209 2468 ἀξίωμα
3254 2396 3508 2467 ποιήσας.
3539 2392 3675 2453 Εἶπσ

2087 2486 2145 2541 δὲ
2179 2488 2316 2558 προς
2340 2487 2433 2540 τὸν
2456 2488 2680 2559 κόμητα
2712 2490 2739 2541 6
2758 2487 3014 2559 βασιλεύς
3035 2506 3047 2520 ·
3074 2487 3232 2553 Εἰπὲ,
3275 2487 3323 2540 εί
3356 2487 3678 2559 οῦτωςέχειο

2089 2580 2185 2635 καὶ
2216 2581 2305 2635 διά
2328 2580 2382 2634 τί
2403 2581 2478 2651 μὴ
2506 2579 2795 2650 ἀποκόψας
2822 2580 2955 2655 περὶ
2981 2579 3076 2634 τοῦ
3120 2581 3313 2649 ἵππου,
3348 2582 3677 2646 ἀπέστειλας

2093 2692 2184 2746 μοι
2219 2673 2421 2741 αύτόν;
2463 2672 2523 2728 '0
2550 2673 2609 2729 δὲ
2648 2673 2796 2745 ἔφη’
2836 2673 3206 2747 Οτιὲπεζήτει
3236 2676 3492 2744 γενέσθαι
3550 2674 3678 2748 alo;

2090 2768 2298 2839 λάριος.
2335 2766 2482 2835 Ἐγὼ
2506 2767 2671 2839 sum;
2704 2766 2861 2831 εἰδὼς
2892 2769 2941 2821 εί
2967 2768 3211 2838 ἀνδρεῖός
3245 2770 3390 2835 ἐστι,
3416 2772 3676 2840 παρεῖχον

2090 2859 2244 2931 αὐτῷ
2276 2860 2474 2913 ἑκατὸν
2514 2859 2865 2931 νομίσματα·
2928 2859 2956 2912 6
3004 2858 3062 2912 δὲ
3105 2859 3227 2912 οὐκ
3276 2858 3471 2913 ελαὸεν
3514 2860 3673 2917 αὐτὰ.

2092 2952 2206 3006 Καὶ
2241 2952 2641 3024 ἐρευνήσαντος
2669 2951 2764 3005 τοῦ
2789 2949 3079 3022 βασιλέως,
3110 2950 3204 3005 καὶ
3232 2951 3679 3023 πληροφορηθέν-

2089 3061 2183 3107 τος
2201 3045 2277 3106 ὡς
2323 3044 2515 3115 βιαίως
2538 3044 2704 3097 αὐτὸν
2732 3042 3005 3111 ἀφείλετο,
3048 3042 3140 3096 τὸν
3174 3042 3273 3113 μὲν
3304 3043 3681 3115 στρατηλάτην
3745 3101 3748 3103 λ

408 3134 561 3191 denti
590 3149 797 3205 equum
838 3134 1101 3190 restituit.
1152 3132 1250 3191 Ille
1281 3135 1532 3207 recipere
1565 3136 1898 3207 detrectans,
1934 3141 1989 3195 in

2095 3139 2208 3199 τοῖς
2264 3138 2603 3209 προσήκουσι
2666 3136 3030 3208 μαγγλαόίοις
3063 3137 3464 3208 ἐσωφρόνισεν·
3504 3137 3582 3209 τῷ
3621 3138 3680 3193 δέ

407 3227 531 3298 ejus
565 3226 801 3296 pretium
832 3226 1003 3283 libras
1030 3227 1169 3283 duas
1223 3230 1458 3299 accepit.
1492 3228 1608 3285 Dux
1662 3246 1793 3288 vero
1828 3234 1991 3290 indo-

408 3318 517 3375 lem
550 3318 671 3391 ejus
725 3322 961 3390 probare
1015 3318 1231 3389 jussus,
1281 3328 1335 3376 et
1394 3323 1439 3377 si
1486 3337 1789 3392 generosus
1854 3325 1994 3384 foret

409 3400 750 3469 scholarium
780 3420 1017 3467 crearet.
1067 3411 1167 3469 Hic
1209 3414 1264 3468 in
1315 3413 1519 3469 bellum
1575 3416 1874 3485 profectus,
1938 3421 1990 3475 in

409 3504 668 3561 conflictu
705 3506 853 3560 velut
881 3504 1118 3562 imbellis
1147 3514 1204 3562 et
1253 3506 1482 3563 timidus
1523 3506 1667 3564 inter
1723 3510 1993 3582 fugientes

409 3610 679 3670 repertus,
709 3597 928 3654 occisus
965 3605 1073 3654 est.

481 3766 801 3839 Imperatori
830 3784 961 3825 vero
986 3770 1054 3826 ad
1088 3770 1241 3844 Bryze
1267 3773 1534 3843 palatium
1560 3790 1685 3831 cum
1728 3780 1993 3836 comitatu

414 3862 733 3931 procedenti
768 3863 1082 3920 nuntiatum
1112 3874 1196 3921 est
1221 3865 1291 3922 ab
1323 3865 1683 3931 Orientalium
1717 3869 1858 3927 duce
1895 3870 1997 3929 Sa-

414 3968 743 4009 racenorum
792 3955 1269 4027 protosymbulum
1307 3973 1432 4012 cum
1484 3956 1730 4017 exercitii
1781 3963 1996 4034 praeda-

413 4043 654 4099 bundum
690 4044 873 4099 venire
896 4052 955 4097 ut
983 4044 1270 4099 Amorium
1309 4052 1550 4116 caperet.
1594 4047 1689 4103 Ille
1729 4060 1996 4108 consueta

413 4136 679 4191 exercitui
707 4135 1142 4205 proceribusque
1168 4136 1456 4207 largitione
1495 4137 1660 4205 facta,
1686 4140 1837 4197 brevi
1862 4150 1998 4197 tem-

415 4241 549 4300 pore
576 4242 769 4283 versus
798 4226 1208 4299 Cappadociam
1262 4227 1569 4286 contendit.
1628 4233 1996 4292 Amerumnes

415 4322 635 4377 selectis
668 4321 907 4376 militum
940 4332 1064 4377 octo
1091 4322 1356 4390 millibus,
1400 4322 1602 4380 Sudem
1630 4326 1771 4382 inter
1794 4329 1997 4400 Agare-

419 4430 518 4469 nos
550 4415 750 4470 virtute
802 4415 1204 4486 prudentiaque
1251 4416 1753 4474 nominatissimum
1798 4422 1994 4478 ducem

2099 3229 2453 3299 προσελθόντι
2501 3228 2652 3300 αύτῷ
2707 3228 3057 3300 ἀπέστρεψεν
3134 3230 3226 3283 τὸν
3290 3228 3478 3285 ἵππον.
3522 3229 3579 3285 '0
3622 3231 3681 3285 δὲ

2096 3322 2289 3377 τοῦτον
2312 3323 2415 3376 οὐκ
2442 3320 2721 3394 ἠϐουλήθη
2743 3337 2757 3353 ·
2793 3322 2987 3377 ἐλαϐεν
3020 3321 3077 3375 δὲ
3118 3321 3262 3394 ὑπὲρ
3296 3322 3466 3377 αὑτοῦ
3494 3324 3681 3394 λίτρας

2096 3412 2210 3467 δύο.
2255 3412 2602 3485 Ὀρισθέντος
2632 3413 2688 3467 δὲ
2717 3413 2813 3468 τοῦ
2839 3413 3149 3487 στρατηγοῦ
3171 3414 3466 3485 δοκιμάσαι
3497 3417 3679 3482 αὐτὸν,

2096 3504 2257 3558 καὶεί
2286 3501 2530 3574 ἀνδρεῖός
2558 3503 2674 3557 ἐστι
2708 3504 2934 3576 ποιῆσαι
2992 3504 3156 3560 αὑτὸν
3210 3505 3519 3576 σχολάριον.
3573 3506 3678 3560 Τοῦ

2096 3597 2156 3651 δὲ
2187 3598 2265 3659 είς
2298 3597 2539 3667 πόλεμον
2568 3596 2920 3664 ἀπελθόντος,
2955 3600 3013 3651 ἐν
3049 3599 3117 3669 τῇ
3155 3598 3399 3671 συμϐολῇ
3424 3599 3682 3667 ὡςδειλὸς

2099 3690 2157 3744 ἐν
2173 3692 2285 3756 τοῖς
2320 3690 2617 3760 φεύγουσιν
2639 3689 2889 3761 εὑρεθεὶς
2917 3690 3270 3763 κατεσφάγη.

2171 3783 2464 3851 Γεγονότος
2507 3782 2567 3836 δὲ
2607 3781 2703 3836 τοῦ
2761 3781 3028 3855 βασιλέως
3084 3786 3163 3850 είς
3195 3784 3495 3857 πρόκενσον
3517 3787 3575 3840 ἐν
3605 3786 3686 3858 τῷ

2101 3876 2275 3947 Βρύᾳ,
2305 3870 2469 3947 ἦλθεν
2491 3874 2644 3947 αύτῷ
2681 3877 2909 3948 μήνυμα
2943 3877 3095 3947 παρὰ
3124 3876 3218 3931 τοῦ
3248 3878 3557 3950 στρατηγοῦ
3577 3880 3685 3933 τῶν

2112 3965 2493 4033 Ἀνατολικῶν,
2524 3964 2600 4029 ὡς
2650 3967 2679 4020 6
2737 3965 3234 4038 πρωτοσύμϐουλος
3281 3966 3395 4038 (19)
3448 3966 3684 4033 ἐξελθὼν

2104 4060 2244 4129 μετά
2261 4057 2501 4132 πλήθους
2526 4057 2887 4130 ἐκπορθήσων
2942 4057 3247 4129 ἀπέρχεται
3298 4059 3361 4113 τὸ
3389 4060 3684 4131 ’Δμὼριον.

2111 4153 2170 4207 '0
2187 4153 2243 4207 δὲ
2273 4151 2342 4206 τά
2370 4156 2737 4222 νενομισμένα
2766 4149 2845 4222 τῷ
2878 4167 2937 4203 τε
2965 4148 3182 4222 στρατῷ
3208 4150 3301 4204 καὶ
3320 4152 3432 4213 τοῖς
3455 4148 3686 4220 ἄρχουσι

2100 4247 2354 4318 ποιήσας,
2412 4244 2693 4315 συντόμως
2776 4243 2938 4315 μέχρι
2989 4241 3393 4305 Καππαδοκίας
3434 4243 3685 4312 ἐξήλατο.

2112 4339 2172 4391 '0
2213 4338 2269 4391 δὲ
2326 4336 2687 4408 ἀμερουμνῆς
2709 4334 3063 4407 ἀποχωρίσας
3090 4334 3235 4388 ὀκτὼ
3260 4335 3503 4405 χιλιάδας
3531 4334 3687 4400 λαοῦ,

2078 4429 2198 4483 ’καὶ
2230 4428 2323 4481 τὸν
2353 4426 2565 4496 Σουόὲμ
2591 4424 3033 4497 ὀνομαστότατον
3080 4426 3139 4476 ἐν
3187 4424 3300 4485 τοῖς
3361 4421 3693 4491 Ἀγαρηνοῖς

413 4508 728 4573 instituens,
758 4508 1022 4564 adversus
1049 4508 1442 4579 imperatorem
1474 4513 1758 4568 submisit.
1814 4513 1989 4570 Mani~

2105 4520 2233 4574 ὄντα
2265 4520 2358 4574 ἐπί
2395 4535 2453 4573 τε
2482 4516 2707 4589 ἀνδρεία
2723 4517 2819 4571 καὶ
2840 4516 3099 4587 φρονήσει
3122 4515 3244 4578 δοὺς
3279 4513 3463 4577 αὐτοῖς
3511 4531 3684 4583 κεφαο

416 4604 522 4659 bus
551 4605 839 4679 consertis,
870 4602 1186 4673 proﬂigatus
1230 4604 1532 4674 imperator
1565 4605 1723 4678 fugit,
1772 4617 1829 4665 et
1872 4627 1997 4666 cum

417 4697 687 4753 dedecore
718 4696 881 4751 rediit
917 4714 932 4752 :
968 4697 1171 4767 vixque
1196 4698 1426 4753 salutem
1453 4707 1651 4757 nactus
1675 4711 1782 4758 est.
1825 4704 1996 4761 Anie-

418 4806 646 4847 rumnes
675 4790 1036 4847 verovirtute
1068 4791 1241 4847 multa
1278 4792 1534 4863 stipatus,
1568 4794 1721 4859 abiit,
1748 4805 1803 4851 ct
1830 4796 2000 4853 Amo.

414 4883 561 4939 rium
593 4884 828 4950 obsedit,
880 4883 1157 4955 variisque
1207 4884 1603 4942 certaminibus
1642 4886 1806 4943 editis
1855 4889 2000 4945 obti-

419 4990 550 5031 nere
598 4990 709 5031 non
766 4976 964 5046 potuit,
1010 4974 1226 5032 fortiter
1271 4984 1326 5031 et
1353 4993 1621 5049 generose
1666 4980 1881 5038 civibus
1939 4982 1997 5037 in

414 5070 712 5127 adversum
767 5070 1168 5141 proeliantibus.
1225 5070 1545 5142 Philosophi
1598 5089 1729 5129 vero
1796 5074 2000 5132 Leonis

419 5162 722 5233 discipulus
757 5162 979 5234 quidam
1022 5163 1075 5218 in
1132 5170 1317 5218 castro
1365 5164 1623 5220 habitans
1673 5165 2021 5222 AmerumuL

417 5257 677 5314 recedere
708 5258 927 5327 volenti,
961 5256 1249 5328 cujusdam
1277 5273 1400 5329 ope,
1433 5274 1530 5314 ceu
1564 5258 1875 5330 astrologiae
1900 5276 1998 5330 pe-

2099 4616 2221 4688 λὴν,
2253 4612 2578 4667 ἀπέστειλεν
2621 4610 2766 4664 κατά
2800 4607 2898 4662 τοῦ
2933 4607 3237 4680 βασιλέως·
3303 4606 3694 4678 συμϐαλόντων

2100 4710 2158 4763 δὲ
2195 4708 2460 4778 πόλεμον,
2496 4703 2756 4776 ήττηθεὶς
2783 4702 2811 4756 6
2840 4700 3102 4773 βασιλεὺς
3127 4700 3351 4769 ἔφυγεν,
3417 4702 3512 4753 καὶ
3572 4701 3694 4771 μετ’

2097 4798 2358 4871 αἰσχύνης
2395 4793 2757 4867 ὑπέστρεψεν,
2798 4794 2952 4863 μόλις
2980 4790 3304 4855 διασωθείς·
3342 4791 3371 4844 6
3423 4791 3481 4845 δὲ
3538 4793 3681 4862 ἀμε-

2105 4891 2345 4965 ρουμνῆς
2374 4885 2629 4943 ἀπελθὼν
2663 4886 2807 4957 μετά
2846 4884 3138 4955 δυνάμεως
3189 4881 3415 4954 πολλῆς,
3465 4901 3691 4955 περιχα.

2108 4982 2368 5058 ρακώσας
2400 4981 2462 5035 τὸ
2486 4977 2785 5051 Ἀμὼριον,
2834 4978 2931 5032 καὶ
2958 4976 3236 5047 πολέμους
3266 4975 3497 5039 πολλοὺς
3524 4979 3689 5048 ποιή-

2108 5094 2228 5140 σας,
2286 5076 2389 5128 οὑκ
2430 5073 2650 5144 ἴσχυσεν
2684 5070 2815 5125 αύτὸ
2863 5069 3227 5141 ἐκπορθῆσαι,
3267 5066 3536 5136 γενναίως
3594 5068 3694 5119 καὶ

2109 5166 2391 5238 σταθερῶς
2423 5164 2842 5236 ἀγωνιζομένων
2885 5162 2997 5216 τῶν
3063 5162 3297 5217 ἔνδοθεν.
3336 5159 3601 5229 Μαθητής
3634 5160 3696 5213 δέ

2104 5280 2190 5326 τις
2220 5262 2445 5324 Λέοντος
2475 5259 2571 5313 τοῦ
2602 5257 2897 5328 φιλοσόφου
2927 5249 2995 5327 ἦν
3024 5256 3085 5307 ἐν
3117 5253 3196 5323 τῷ
3215 5252 3440 5323 κάστρῳ
3460 5250 3696 5320 καὶβου-

1596 5354 1847 5412 FRANC.
1881 5355 2272 5414 COMBEFISII
2311 5353 2556 5412 NOTAE.

492 5452 606 5526 (Π)
667 5450 773 5519 Qui
825 5450 1095 5526 nimirum
1126 5451 1325 5526 ipsum
1367 5451 1639 5526 Arabibus
1689 5450 1993 5526 voluissent

416 5517 768 5597 prodere,_'ac
794 5523 899 5597 sibi
932 5517 1330 5597 Theophobutu
1367 5522 1548 5577 conati
1583 5532 1768 5577 essent
1814 5522 1994 5592 praefi-

420 5594 582 5659 cere;
615 5595 693 5650 uti
727 5594 914 5649 multis
945 5595 1322 5650 continuator.

496 5666 610 5738 (18)
643 5664 939 5738 Hanc_eq_ui
975 5664 1141 5718 ablati
1166 5662 1451 5721 historiam
1476 5664 1637 5732 longe
1666 5662 1824 5719 aliter
1859 5678 1996 5738 con-

423 5733 672 5792 tinuator
704 5752 769 5791 ac
789 5733 1074 5791 Cedrenus
1115 5743 1343 5790 narrant
1377 5753 1391 5791 :
1419 5749 1723 5803 eorumque
1752 5750 1879 5789 vero
1920 5733 1996 5788 si-

421 5807 605 5865 milior
652 5810 916 5865 narratio.
972 5806 1276 5865 Manuelem
1334 5806 1385 5860 iu
1452 5804 1738 5861 Persarum
1776 5805 1996 5875 expedi-

2103 5455 2253 5508 tione
2339 5451 2609 5507 adversus
2676 5444 2963 5502 Amorium
3036 5442 3221 5499 adhuc
3283 5440 3637 5510 superstitem

2102 5533 2336 5594 postque
2396 5525 2576 5592 ipsum
2631 5517 3055 5594 Theophilum,‘
3086 5512 3551 5594 iidemhfaciunt;
3583 5514 3651 5571 ni;

2103 5584 2206 5651 iste
2235 5584 2602 5661 alius,'atque
2625 5584 2814 5658 junior
2843 5586 3057 5640 Manuel
3096 5584 3333 5639 exsistit.

2174 5665 2289 5737 (l9)
2325 5664 2426 5737 Hie
2456 5675 2675 5732 quoque
2719 5662 2859 5737 i_pse_
2882 5670 3257 5736 ameruinnes,
3286 5670 3689 5737 supremusque

2107 5727 2345 5793 Arabum
2393 5727 2529 5800 dui,
2570 5727 2635 5788 ac
2665 5731 2814 5786 velut
2849 5729 3170 5798 imperator,
3206 5727 3286 5783 sic
3320 5728 3652 5797 appellatur.
