4046 6302
613 303 752 373 1063

1852 303 2132 365 LEONIS
2166 302 2651 364 GRAMMATICI

3748 303 3884 368 ιοθι

613 422 810 479 ratori.
892 420 986 478 ille
1038 421 1165 493 equi
1229 421 1295 477 ad
1368 419 1661 476 Circenses
1730 419 1890 476 ludos
1943 418 2180 473 mittend}

2296 422 2534 485 ὀδόντας,
2583 422 2644 489 ἐξ
2668 411 2743 476 ὧν
2778 416 2886 475 τῶν
2936 421 3073 476 ἐτῶν
3170 419 3403 494 ποσότης
3431 420 3882 489 διαγινώσκεται-

610 517 868 587 cupidus,
898 515 1088 570 dentes
1123 514 1329 584 quibus
1390 529 1656 583 equorum
1696 524 1827 568 aetas
1856 512 2194 584 dignoscitur

605 619 660 663 et
682 613 946 662 annorum
982 623 1268 661 numerum
1305 608 1593 677 explorare
1624 605 1973 660 moliebatur.
2037 605 2193 675 Equo

606 715 736 754 vero
769 699 1065 754 ferociente
1106 708 1161 753 et
1201 700 1523 754 calcitrante
1556 699 1857 768 angebatur
1897 698 2201 769 imperator

606 794 856 866 generosi
891 793 1126 848 sessoris
1160 808 1378 861 expers,
1410 794 1501 863 qui
1526 807 1727 861 equum
1762 792 2008 848 redderet
2037 807 2195 846 man-

606 895 850 940 suetum.
901 885 1082 938 Anxio
1133 885 1317 953 itaque
1350 884 1667 953 imperatori
1725 883 1881 937 adest
1910 884 2195 954 proximus

607 974 1017 1046 TbeOpbilitzes
1057 993 1070 1029 :
1133 974 1233 1029 Est
1275 975 1432 1039 mihi,
1469 975 1667 1045 inquit,
1716 976 2080 1045 peritissimus
2108 974 2197 1046 ju-

612 1069 769 1124 venis
798 1078 851 1123 et
882 1083 1200 1139 generosus,
1246 1069 1403 1138 equis
1442 1068 1779 1139 subigendis,
1820 1070 2038 1140 qualem
2090 1059 2195 1123 im-

606 1162 817 1229 perium
860 1172 1010 1215 tuum
1047 1161 1270 1230 expetit,
1310 1162 1558 1226 idoneus,
1589 1161 1676 1215 cui
1709 1176 1903 1217 nomen
1939 1162 2192 1219 Basilius.

605 1251 939 1323 lmperatore
959 1255 1219 1309 advocari
1270 1255 1515 1325 jubente,
1545 1272 1609 1311 ex
1659 1258 2014 1315 cubiculariis
2053 1274 2194 1315 unus

606 1348 674 1400 ad
703 1346 962 1400 Ferream
985 1358 1191 1416 portam
1222 1348 1427 1402 missus
1447 1357 1549 1412 est,
1577 1348 1668 1416 qui
1708 1350 1965 1403 Basilium
2000 1349 2191 1405 inven-

606 1446 723 1494 tum
745 1455 867 1494 cum
896 1438 1246 1494 festinatione
1270 1442 1336 1495 ad
1391 1442 1775 1511 imperatorem
1804 1443 2049 1498 adduxit.
2099 1446 2194 1499 llle

604 1545 805 1600 equum
836 1543 1020 1587 tenere
1044 1532 1259 1601 jussus,
1299 1548 1465 1587 manu
1503 1535 1719 1604 quidem
1753 1535 1966 1591 frenum
1993 1553 2193 1607 appre—

606 1624 811 1689 hendit,
837 1624 1009 1679 altera
1035 1640 1168 1679 vero
1197 1641 1384 1681 aurem
1409 1628 1654 1697 capiens,
1690 1628 1758 1683 ad
1792 1628 1911 1684 ovis
1937 1643 2194 1685 mansue—

605 1717 851 1771 tudinem
882 1716 1063 1787 adegit
1090 1734 1104 1771 :
1136 1732 1245 1788 quo
1290 1719 1590 1774 delectatus
1624 1728 1679 1774 et
1712 1721 1930 1791 gavisus
1966 1721 2197 1790 impera-

2300 513 2408 567 Τοῦ
2471 514 2529 567 δὲ
2590 515 2759 567 ἵππου
2817 513 3226 585 θρασυνομένου
3283 516 3375 568 καλ
3430 514 3788 585 σκιρτῶντος,
3815 509 3885 585 ἦν

2298 607 2599 678 ἀχθόμενος
2621 607 2706 661 διὰ
2727 606 2889 660 τοῦτο
2911 607 2939 659 ὀ
2972 606 3247 677 βασιλεὺς,
3266 608 3341 668 ὼς
3374 606 3603 677 μηδενὸς
3633 608 3885 677 εὐπορῶν

2297 700 2679 771 γενναιότητος
2732 700 2823 754 τὸν
2891 700 3059 754 ἵππον
3113 697 3584 770 ἐξημερώσαντος.
3651 698 3741 765 Ὠς
3792 697 3885 756 οὖν

2295 792 2513 863 ἤχθετο,
2538 792 2733 862 παρὼν
2760 793 2788 845 ό
2812 790 3167 861 Θεοφιλίτζης
3192 808 3206 821 ·
3249 791 3372 844 Ὀτι
3393 790 3450 844 δὲ
3483 792 3594 861 ἔχω
3618 794 3885 863 νεώτερον

2297 885 2695 956 ἐμπειρότατον
2720 925 2737 949 ,
2778 886 2876 939 καὶ
2928 884 3175 953 ἀνδρεῖον
3214 885 3294 947 είς
3336 884 3466 948 τοὺς
3504 885 3709 949 ῐππους
3772 881 3882 941 οἷον

2298 976 2554 1045 ἐπιζητεῖ
2577 977 2610 1047 ἡ
2644 975 2893 1043 βασιλεία
2920 992 3037 1039 σου,
3065 974 3307 1046 τοῦνομα
3336 976 3641 1031 Βασίλειον.
3687 977 3798 1032 Τοῦ
3826 978 3882 1034 δὲ

2299 1067 2565 1137 βασιλέως
2592 1066 2770 1120 ἐλθεῖν
2804 1066 2942 1139 πρὸς
2970 1066 3135 1121 αὑτὸν
3167 1067 3548 1134 κελεύσαντος,
3596 1069 3881 1139 ἀπεστάλη

2297 1160 2623 1229 κοιτωνίτης
2681 1160 2740 1212 ὲν
2783 1161 2851 1229 τῇ
2882 1160 3113 1228 Σιδηρᾷ
3145 1158 3310 1231 πύλῃ,
3352 1159 3446 1213 καὶ¹
3473 1160 3563 1215 τὸν
3596 1160 3883 1231 Βασίλειον

2297 1248 2494 1322 εὑρὼν,
2530 1248 2669 1318 μετὰ
2701 1248 2937 1318 σπουδῆς
2960 1248 3169 1319 ἢγαγεν
3203 1250 3340 1316 πρὸς
3362 1250 3456 1303 τὸν
3482 1249 3732 1320 βασιλέα.
3772 1252 3884 1307 Καὶ

2298 1342 2615 1403 κελευσθεὶς
2664 1341 2756 1395 τδν
2808 1342 2973 1394 ἵππον
3007 1341 3280 1411 κρατῆσαι
3305 1356 3321 1372 ’
3372 1345 3437 1413 τῇ
3474 1344 3573 1412 μὲν
3604 1345 3705 1413 μιᾷ
3740 1346 3885 1416 χειρὶ

2296 1436 2387 1491 τὸν
2412 1434 2629 1507 χαλινὸν
2661 1435 2965 1506 κρατήσας.
2993 1436 3058 1505 τῇ
3092 1434 3148 1487 δὲ
3182 1435 3348 1506 ἑτέρᾳ
3384 1435 3477 1488 τοῦ
3510 1435 3649 1499 ὠτὸς
3675 1434 3884 1508 δραξὼ

2301 1548 2462 1601 μενος
2485 1532 2564 1593 είς
2587 1528 2904 1600 ἡμερότητα
2932 1528 3209 1599 προϐάτου
3244 1527 3542 1599 μετέϐαλεν
3569 1546 3585 1561 ’
3664 1524 3712 1598 ᾧ
3750 1532 3880 1603 ἀρε-

2299 1625 2450 1688 σθεὶς
2474 1625 2569 1679 καὶ
2592 1622 2952 1695 θεραπευθεὶς
2975 1625 3003 1675 ὁ
3030 1622 3281 1692 βασιλεὺς
3310 1624 3630 1693 παρέδωκεν
3656 1623 3737 1696 τῷ
3760 1614 3884 1679 ’Ᾱν-

2296 1718 2430 1791 δρία
2463 1716 2811 1789 ἑταιριάρχῃ,
2862 1714 2959 1769 τοῦ
3012 1711 3152 1769 εἶναι
3203 1716 3285 1781 είς
3337 1716 3436 1786 τὴν
3465 1716 3736 1788 ἑταιρίαν,
3787 1718 3882 1770 καὶ

604 1815 693 1861 tor
721 1805 982 1861 Basilium
1017 1808 1248 1861 Andreas
1273 1808 1668 1877 hetaeriarchae,
1700 1819 1760 1864 ut
1786 1811 2070 1865 comitatui
2107 1811 2180 1865 al-

2291 1806 2566 1861 δουλεύειν
2592 1806 2652 1858 ὲν
2682 1808 2797 1868 τοῖς
2826 1804 3014 1868 ἵπποις
3063 1803 3253 1860 αὐτοῦ.
3297 1805 3625 1875 ’Δναγκαῖον
3650 1806 3708 1860 δὲ
3737 1809 3884 1878 ἡγη-

600 1898 875 1970 legeretur
900 1910 952 1954 et
979 1901 1135 1970 equis
1158 1903 1519 1969 subserviret,
1543 1905 1970 1960 commendavit.
1992 1904 2066 1961 De
2089 1904 2192 1961 Ba-

599 1991 726 2046 silio
760 2008 888 2047 vero
920 2008 1042 2061 qua:
1070 1992 1234 2049 fuerit
1284 1996 1404 2064 ejus
1435 1998 1714 2062 educatio,
1758 2008 1812 2053 et
1849 1998 1993 2055 unde
2026 1997 2192 2055 fuerit

598 2092 775 2149 ortus,
799 2099 1057 2139 enarrare
1096 2090 1507 2144 neccessarium
1542 2090 1697 2145 duxi.

669 2173 719 2231 Is
752 2174 1126 2232 Macedoniam
1176 2179 1368 2234 habuit
1396 2180 1630 2249 patriam
1664 2183 1717 2236 in
1756 2182 2191 2253 Adrianopoleos

600 2268 909 2336 pagis,sub
963 2268 1246 2325 Michaelis
1282 2271 1564 2342 Rangabe,
1619 2272 1812 2344 Ignatii
1866 2277 2190 2346 patriarchae

598 2363 870 2428 parentis,
918 2363 1168 2431 imperio.
1206 2364 1339 2430 Ejus
1373 2372 1617 2434 tempore
1656 2367 1888 2424 Crumus
1927 2368 2191 2439 Bulgaria:

600 2453 857 2523 princeps
886 2455 1151 2511 adversus
1178 2454 1523 2511 Christianos
1578 2472 1728 2513 arma
1767 2461 1960 2525 movit,
2002 2470 2057 2515 et
2086 2461 2188 2516 Mi-

596 2543 787 2600 cbaele
830 2545 883 2599 in
916 2544 1099 2616 fugam
1146 2562 1327 2613 verso,
1359 2547 1640 2618 Leonique
1666 2552 1927 2607 Armenio
1955 2553 2189 2609 subinde

599 2636 940 2705 tyrannidem
970 2638 1289 2707 arripientc,
1324 2647 1380 2692 et
1408 2639 1726 2709 imperante,
1750 2647 2029 2712 prolectus
2057 2643 2191 2699 Crn'

596 2740 723 2783 mus
758 2728 947 2782 urbem
971 2730 1207 2784 obsedit.
1263 2733 1309 2782 Λ
1348 2730 1529 2786 Leone
1570 2740 1752 2787 autem
1783 2735 2045 2790 Armenio
2080 2737 2190 2791 telo

596 2820 823 2887 petitus,
862 2829 917 2875 et
954 2820 1008 2873 in
1036 2819 1349 2891 Bulgariam
1397 2837 1744 2888 reversurus,
1785 2826 1937 2879 misit
1985 2827 2080 2896 qui
2115 2826 2183 2881 ad

596 2911 773 2966 sancti
828 2911 1118 2968 Mamautis
1149 2912 1266 2967 loca
1301 2912 1513 2983 praedas
1560 2926 1801 2987 agerent,
1834 2926 1889 2972 et
1930 2919 2186 2973 animalia

594 3018 736 3058 aerea
784 3004 985 3060 ibidem
1032 3007 1207 3078 posita
1258 3017 1532 3077 raperent.
1588 3009 1719 3065 Inde
1774 3010 2184 3082 Adrianopolim

2296 1896 2480 1968 σάμην
2504 1894 2869 1967 διηγήσασθαι
2892 1894 3020 1965 περὶ
3050 1894 3144 1948 τοῦ
3175 1894 3337 1949 αὐτοῦ
3360 1893 3669 1962 Βασιλείου,
3690 1898 3797 1967 τήν
3824 1914 3883 1950 τι

2292 1990 2633 2063 ἀνατροφὴν,
2661 1990 2755 2043 καὶ
2786 1988 2910 2043 ὅθεν
2944 1988 3113 2044 ἐστίν.

2310 2194 2315 2199 -
2374 2160 2434 2228 ’ὀ
2463 2170 2626 2234 αὐτὸς
2653 2172 2909 2241 γεννᾶται
2948 2171 3007 2223 ὲν
3057 2170 3369 2242 Μακεδονίᾳ
3396 2170 3455 2224 ὲν
3505 2172 3618 2235 τοῖς
3653 2171 3884 2244 χωρίοις

2305 2262 2800 2337 Ἀδριανουπόλεως
2846 2262 2943 2316 ἐπὶ
2991 2264 3092 2332 τῆς
3150 2261 3432 2333 βασιλείας
3495 2263 3717 2333 Μιχαὴλ
3784 2264 3881 2317 τοῦ

2306 2358 2581 2427 Ῥαγκάϐε
2612 2357 2819 2428 πατρὸς
2881 2356 3147 2425 Ἰγνατίου
3191 2356 3287 2411 τοῦ
3336 2356 3702 2429 πατριάρχου.
3753 2357 3885 2411 Ἐπὶ

2288 2451 2482 2507 τούτου
2532 2449 2759 2523 ἐξῆλθεν
2805 2450 2835 2502 ό
2862 2448 3120 2520 Κροῦμος
3151 2449 3336 2519 ἄρχων
3360 2449 3702 2519 Βουλγαρίας
3735 2450 3881 2504 κατὰ

2289 2545 2401 2599 τῶν
2450 2541 2829 2614 Χριστιανῶν·
2894 2541 2991 2595 καὶ
3043 2541 3279 2613 τραπεὶς
3323 2540 3566 2613 Μιχαὴλ,
3598 2542 3883 2598 καὶΛιων

2302 2635 2572 2707 ’Λρμένης
2602 2634 2950 2706 τυραννήσας
2977 2633 3162 2697 αὑτὸν,
3203 2633 3297 2687 καὶ
3322 2632 3673 2705 βασιλεύσας,
3702 2634 3879 2691 ὶλθὼν

2291 2727 2551 2799 Κροῦμος
2601 2724 3047 2798 πε-ριεκύκλωσεν
3099 2726 3200 2798 τὴν
3232 2726 3423 2781 πόλιν·
3456 2727 3783 2799 λογχευθεὶς
3820 2730 3879 2783 δὲ

2290 2820 2396 2874 ὑπὸ
2456 2820 2690 2883 Λέοντος
2744 2818 2838 2873 τοῦ
2889 2819 3153 2890 Ἀρμένη,
3189 2820 3286 2874 καὶ
3328 2820 3689 2893 ὑποστρέφων
3728 2823 3789 2875 ἐν
3814 2826 3879 2893 τῇ

2288 2906 2599 2984 Βουλγαρίᾳ
2623 2912 2872 2983 ἐπεμψεν
2900 2913 2981 2976 εἰς
3005 2912 3096 2965 τὸν
3125 2913 3315 2981 ’Δγιον
3358 2914 3635 2984 Μάμαντα
3679 2914 3881 2984 ἁφελό·

2292 3020 2455 3074 μενος
2496 3005 2565 3059 τὰ
2616 3006 2796 3059 ἐκεῖσε
2852 3005 3033 3075 χαλκᾶ
3070 3004 3236 3070 ζῶδα.
3286 3006 3564 3062 ’Δπελθὼν
3593 3008 3653 3063 δὲ
3690 3011 3792 3063 καὶ
3820 3010 3880 3062 ἑ)

594 3098 877 3155 declinans
903 3114 1182 3155 armorum
1212 3101 1263 3154 vi
1296 3100 1461 3171 cepit,
1488 3110 1543 3157 et
1575 3104 1819 3159 virorum
1851 3104 2018 3159 millia
2048 3106 2180 3161 duo-

2301 3098 2740 3168 Ἀδριανουπόλει
2792 3098 3105 3170 παρέλαϐεν
3168 3100 3360 3171 αὐτὴν,
3398 3101 3492 3155 καὶ
3538 3101 3881 3174 μετέστησεί

595 3189 773 3244 decim
806 3191 1013 3262 absque
1060 3192 1383 3248 mulieribus
1414 3195 1735 3250 transtulit:
1767 3212 1862 3253 eos
1902 3198 1967 3251 ad
1998 3197 2183 3253 Danu-

593 3281 743 3336 bium
787 3282 951 3350 jussit
999 3283 1266 3340 habitare.
1325 3283 1598 3357 Tempore
1641 3287 1836 3343 deinde
1895 3286 2185 3360 Theophili

595 3375 965 3445 imperatoris,
1018 3382 1136 3431 erat
1202 3376 1466 3448 magister
1504 3378 1713 3434 militiae
1762 3379 2025 3453 Cordyles
2081 3398 2184 3437 no-

594 3468 838 3522 minatus
878 3468 933 3521 in
988 3466 1332 3524 Macedonia.
1384 3467 1436 3525 is
1462 3470 1699 3526 habebat
1733 3472 1902 3527 filium
1949 3473 2183 3529 Bardam

596 3558 820 3613 nomine
853 3567 908 3614 et
934 3559 1077 3614 virili
1131 3569 1287 3615 aetate
1322 3572 1660 3630 provectum,
1712 3579 1875 3634 quem
1909 3566 2026 3621 vice
2081 3582 2184 3623 sua

593 3648 982 3706 Macedonibus
1019 3659 1173 3707 trans
1197 3650 1433 3707 Danubii
1466 3652 1709 3710 ﬂuminis
1748 3656 1899 3726 ripas
1928 3657 2184 3712 habitan-

592 3742 739 3798 tibus
782 3742 1060 3797 dominari
1107 3743 1351 3814 reliquit.
1402 3743 1519 3815 lpse
1553 3747 1794 3817 quodam
1855 3747 2079 3805 invento
2129 3760 2184 3805 et

591 3847 708 3892 arte
742 3837 809 3892 ad
841 3835 1204 3908 Theophilum
1234 3838 1491 3904 accessit,
1522 3855 1685 3909 quem
1734 3842 1980 3912 gaudens
2019 3858 2182 3899 exce-

593 3932 671 3999 pit
696 3940 748 3984 et
776 3944 841 3985 eo
862 3929 1005 4000 quod
1036 3930 1326 4000 expetebat
1371 3932 1607 4001 cognlto,
1641 3941 1701 3987 ut
1741 3936 1958 4006 navigia
1987 3953 2181 3997 cense-

590 4030 934 4090 querentur,
1007 4030 1063 4075 et
1136 4021 1190 4077 in
1261 4023 1451 4078 urbem
1522 4026 1799 4093 redirent,
1882 4029 2177 4085 mandavit.

591 4114 726 4167 Erat
780 4128 945 4183 porro
994 4112 1267 4169 Baldimer
1330 4115 1595 4186 Bulgaria:
1660 4120 1936 4193 princeps,
1987 4123 2177 4180 Crumi

590 4219 801 4274 nepos,
860 4217 915 4262 et
987 4216 1143 4277 pater
1217 4207 1513 4265 Simeonis.
1608 4210 1964 4283 Captivorum
2046 4234 2177 4273 vero

593 4305 785 4353 turum
850 4298 915 4354 de
967 4299 1142 4353 reditu
1199 4299 1251 4354 in
1302 4299 1641 4357 Romaniam'
1672 4320 1795 4360 cum
1830 4308 2092 4366 uxoribus
2126 4320 2180 4366 et

586 4386 752 4460 459
784 4388 911 4445 ﬁliis
954 4389 1194 4446 inieruttt
1222 4392 1537 4461 consilium,
1565 4405 1618 4449 et
1644 4396 1907 4453 Michaele
1936 4400 2170 4472 Bulgaro

2286 3191 2496 3263 ἀνδρῶν
2519 3192 2763 3263 χιλιάδας
2782 3191 2989 3249 δώδεκα
3011 3193 3181 3266 χωρὶς
3202 3194 3501 3263 γυναικῶν,
3524 3195 3621 3247 καὶ
3649 3194 3881 3257 τούτους

2286 3287 2609 3357 κατῴκησεν
2641 3286 2803 3357 μέχρι
2855 3286 2951 3339 τοῦ
2985 3286 3299 3342 Λανουϐίου.
3359 3287 3449 3341 Ἐν
3478 3286 3537 3341 δι
3564 3290 3692 3351 ταῖς
3736 3288 3880 3360 mtt-

2291 3396 2413 3450 ραις
2446 3378 2707 3449 Θεοφίλου
2730 3380 2825 3433 τοῦ
2854 3378 3120 3450 βασιλέως
3140 3374 3210 3450 ἦν
3248 3379 3627 3451 στρατηλάτης
3664 3380 3726 3432 ἒν
3756 3382 3881 3435 Ma.-

2286 3470 2503 3540 κεδονία
2523 3472 2551 3524 ό
2578 3470 2862 3543 Κορδύλης
2898 3471 3445 3542 προσαγορευόμενος
3465 3488 3479 3502 ·
3512 3467 3659 3541 εἶχεν
3692 3473 3753 3527 δὲ
3783 3474 3879 3528 καὶ

2287 3566 2403 3620 υἱὸν
2428 3564 2643 3635 Βάρδαν
2665 3564 2892 3635 ὀνόματι
2918 3564 3265 3636 ἠνδρωμένον
3288 3566 3457 3629 πάνυ,
3490 3565 3548 3616 ὃν
3576 3566 3879 3619 κατέλιπεν

2286 3658 2401 3713 ἀντ’
2430 3657 2597 3712 αὐτοῦ
2631 3659 2762 3729 ἆρχε
2774 3677 2820 3711 ιν
2844 3657 2953 3710 τῶν
3001 3657 3327 3713 Μακεδόνων
3358 3658 3467 3712 τῶν
3492 3657 3663 3712 ὄντων
3691 3659 3881 3732 πέραν

2283 3749 2379 3803 τοῦ
2406 3748 2653 3818 ποταμοῦ
2684 3748 2775 3802 τοῦ
2806 3748 3123 3802 Λανουϐίου.
3152 3749 3321 3812 Αὐτὸς
3348 3749 3407 3803 δὲ
3441 3751 3583 3819 μετὰ
3617 3752 3878 3822 μηχανῆς

2285 3857 2429 3903 τινος
2482 3839 2729 3910 εἰσῆλθεν
2782 3842 2863 3903 είς
2906 3838 3189 3910 Θεόφιλον,
3220 3839 3278 3892 ὃν
3304 3838 3600 3910 δεξάμενος
3636 3842 3875 3912 χαίρων,

2283 3932 2379 3985 καὶ
2412 3932 2573 4001 γνοὺς
2622 3932 2651 3985 ὃ
2695 3931 2861 3997 θέλει,
2914 3930 3236 3985 ἀπέστειλεν
3286 3932 3447 3985 πλοῖα
3497 3933 3877 3988 ἀναλαϐέσθαι

2282 4024 2504 4088 αὐτοὺς,
2538 4024 2628 4077 καὶ
2667 4022 2843 4077 ἐλθεῖν
2869 4026 2926 4078 ἐν
2957 4026 3022 4095 τῇ
3056 4023 3230 4077 πόλει.
3274 4018 3384 4077 Ἦν
3407 4023 3464 4077 δὴ
3493 4026 3680 4095 ἅρχων
3705 4025 3879 4082 Βουλ-

2282 4117 2482 4189 γαρίας
2516 4117 2811 4187 Βαλδίμερ,
2835 4117 3058 4184 ἔγγονος
3094 4115 3377 4187 Κρούμου,
3417 4118 3602 4190 πατὴρ
3637 4116 3877 4188 Συμεῶο

2282 4229 2390 4275 νος.
2437 4209 2733 4279 Ἐποίησαν
2778 4209 2836 4262 δὲ
2869 4208 3064 4280 βουλὴν
3126 4211 3155 4263 ὁ
3203 4208 3332 4270 λαὸς
3376 4211 3475 4263 σὺν
3522 4211 3745 4279 γυναιξὶ
3776 4213 3876 4266 καὶ

2280 4304 2490 4366 τέκνοις
2522 4301 2759 4369 ἐξελθεῖν
2816 4302 2873 4354 ἐν
2917 4301 3220 4372 Ῥωμανίᾳ.
3295 4300 3639 4366 Ἐξελθόντος
3674 4303 3736 4359 δὲ
3762 4306 3873 4359 Mt-

2281 4395 2419 4467 χαὴλ
2455 4394 2767 4465 Βουλγὰρου
2800 4396 2858 4448 ὲν
2886 4392 3278 4464 Θεσσαλονίκη,
3315 4394 3549 4464 ἤρξαντο
3597 4395 3874 4475 διαπερᾳν

589 4492 781 4535 versus
832 4476 1283 4535 Thessalonicam
1338 4481 1607 4552 profecto,
1647 4501 1774 4540 eum
1821 4474 2173 4547 facultatibus

2286 4492 2378 4545 σὺν
2437 4492 2555 4552 ταῖς
2620 4487 2987 4542 ὕποστάσεσιν
3040 4487 3246 4542 αὐτῶν.
3316 4486 3523 4542 Μαθὼν
3558 4489 3618 4542 δὲ
3669 4493 3698 4543 ό
3762 4474 3871 4547 lie.

588 4573 707 4629 suis
743 4572 998 4644 trajicere
1022 4582 1328 4643 cmperunt.
1362 4575 1519 4642 Quod
1550 4592 1672 4633 eum
1724 4580 1982 4636 rescisset
2034 4584 2174 4638 Cru-

584 4681 732 4728 mus,
788 4666 840 4722 in
869 4665 1155 4721 adversam
1191 4665 1438 4723 ﬂuminis
1482 4669 1654 4739 ripam
1696 4674 1934 4739 transiit,
1965 4675 2168 4731 bellum

584 4758 862 4816 illaturus.
914 4758 1242 4815 Macedones
1300 4775 1361 4815 re
1420 4762 1704 4831 desperata
1767 4764 2060 4823 Tzantzem
2116 4780 2172 4825 et

582 4850 874 4923 Cordylem
919 4851 1025 4908 sibi
1071 4853 1236 4907 duces
1281 4851 1603 4923 praeficiunt,
1632 4863 1687 4909 et
1718 4867 1972 4913 conserto
2031 4874 2171 4930 prae—

2285 4601 2393 4654 μης
2425 4581 2540 4654 (29)
2572 4579 2879 4653 [Κροῦμος]
2910 4580 3091 4645 τοῦτο,
3133 4582 3506 4653 ἀντεπέρασεν
3535 4583 3870 4655 πολεμήσων

2278 4676 2498 4741 αὐτούς.
2538 4676 2893 4743 Ἀπογνόντες
2914 4673 3009 4728 οὖν
3038 4674 3088 4727 οἱ
3114 4674 3422 4735 Μακεδόνες
3461 4674 3732 4745 ἐποίησαν
3772 4694 3869 4730 κεη

2280 4769 2457 4840 φαλήν
2487 4770 2577 4822 τόν
2605 4785 2664 4821 τε
2687 4767 2991 4836 Τζὰντζην,
3014 4768 3109 4821 καὶ
3138 4768 3232 4820 τὺν
3256 4768 3536 4838 Κορδύλην
3556 4784 3569 4797 ·
3596 4769 3695 4821 καὶ
3722 4785 3869 4840 συμς

2285 4865 2541 4927 ϐαλόντες
2602 4861 2838 4931 πόλεμον
2892 4861 3221 4915 ἀπέκτειναν
3276 4859 3525 4927 πολλοὺς,
3593 4860 3755 4926 τινας
3809 4862 3867 4915 δὲ

1738 4969 1984 5027 FRANC.
2019 4974 2409 5036 COMBEFISII
2434 4975 2669 5032 ΝΟΤᾸΕ.

656 5056 792 5130 (ίξξὶ)⁸
818 5056 1083 5130 Emcntlat
1123 5059 1186 5112 P.
1237 5058 1379 5113 ϐοτη·
1409 5059 1683 5130 Κροῧμος,
1728 5077 1834 5115 non
1892 5064 2064 5130 bene;
2107 5070 2152 5125 is

582 5129 727 5181 enim
775 5127 887 5195 jam
930 5128 1162 5190 obicrat,
1196 5130 1386 5196 primis
1418 5127 1529 5183 fere
1569 5127 1773 5185 Leonis
1800 5135 2020 5189 Armeni
2053 5127 2154 5193 an-

582 5196 783 5264 nis,.ac
814 5196 943 5250 dum
1002 5199 1269 5267 ingenti-tn
1321 5200 1467 5253 illam
1512 5203 1909 5268 expeditionem
1960 5207 2152 5263 urbem

581 5281 1086 5341 eversurus_parat,
1133 5270 1209 5341 uti
1244 5268 1373 5339 Reg.
1416 5271 1733 5341 Anonymus
1765 5290 1927 5336 supra
1957 5293 1969 5327 :
2004 5289 2152 5332 erat-

581 5352 689 5407 que
716 5337 1344 5415 jam-Balditnerillius:
1364 5357 1531 5409 nepos
1572 5337 1940 5415 :Bulgarurum
1995 5349 2147 5415 prin-

581 5420 815 5479 ceps.ut
846 5408 955 5463 Leo
989 5410 1104 5478 ipse
1130 5410 1241 5479 jam
1282 5412 1515 5465 dixerat.
1556 5408 1725 5479 Quem
1768 5415 1854 5469 hic
1906 5408 2151 5474 Michae-

579 5478 687 5532 lem
721 5477 1020 5555 [aurigarum
1071 5477 1412 5555 vocatpnum
1464 5477 1592 5555 ipse
1632 5486 1723 5546 sit,
1776 5501 1934 5554 quem
1992 5492 2156 5555 paulo

578 5559 705 5603 ante
737 5548 1097 5605 Baldimerem
1131 5548 1535 5622 appellaverat?
1567 5556 1677 5622 Ego
1702 5548 1945 5624 sie-puto
1992 5548 2160 5615 occu-

580 5626 860 5693 patoieu'm
907 5636 1154 5684 vocasse,
1190 5624 1297 5693 etsi
1345 5634 1399 5678 et
1444 5624 1573 5679 illud
1622 5637 1809 5693 postea
1853 5644 2049 5682 nomen
2104 5632 2158 5686 itt

580 5690 853 5766 baptismo
884 5694 1096 5766 accepit
1122 5709 1153 5747 a
1184 5692 1445 5750 Michaele
1488 5690 2163 5766 impdsitum,uti,habetur

482 5796 485 5799 ς
577 5774 635 5831 p.
669 5759 774 5816 462
809 5779 825 5814 :
858 5778 970 5837 quo
996 5759 1158 5820 etiam
1194 5766 1311 5821 loco
1338 5774 1391 5820 et
1434 5759 1579 5822 ante'
1603 5759 1938 5837 baptismum
1970 5772 2159 5827 eadem

2262 5073 2621 5140 occupatione
2666 5069 2894 5125 Michael
2932 5078 3292 5140 nuncupatus
3321 5070 3624 5122 invenitur.
3659 5068 3866 5126 Cedre-

2264 5159 2368 5197 nus
2395 5139 2582 5196 Crumi
2617 5156 3018 5204 successorem,
3053 5140 3242 5208 utique
3272 5139 3599 5208 Baldimeris
3637 5152 3857 5207 patrem

2259 5212 2449 5268 Crumi
2475 5212 2687 5281 nepotis
2716 5212 3079 5283 Crytagonetn
3104 5206 3449 5283 vocat.Quid
3479 5211 3522 5265 si
3547 5206 3662 5264 Leo
3693 5229 3861 5280 quem

2257 5295 2306 5337 et
2343 5284 2729 5343 Baldimercm,
2778 5281 2833 5337 et
2886 5281 3208 5336 Michaelem
3248 5282 3486 5343 dixerat,
3545 5295 3610 5333 ex
3680 5286 3862 5351 patris

2259 5354 2423 5409 etiam
2461 5356 2684 5408 nomine
2714 5353 2793 5407 sic
2824 5352 3180 5421 nuncupavit.
3213 5351 3545 5419 scripsitque
3582 5352 3862 5423 Κρυπτά-

2260 5442 2443 5495 γορος,
2509 5441 2573 5479 ev
2636 5440 2746 5492 quo
2795 5425 3082 5491 imperitus
3125 5423 3384 5495 librarius
3448 5437 3610 5495 suum
3675 5424 3862 5493 κόμης

2259 5494 2616 5564 expresscrit,
2657 5504 2713 5547 ut
2763 5504 2845 5547 est
2886 5495 3066 5547 facilis
3096 5508 3251 5547 error
3284 5494 3337 5546 in
3374 5494 3693 5565 nominibus
3726 5509 3857 5565 pro-

2261 5566 2439 5629 priis?
2488 5565 2850 5635 Bnlgarorutn
2918 5565 3215 5634 principem
3285 5579 3349 5617 ac
3405 5564 3695 5617 dominum
3759 5582 3857 5620 cu—

2266 5638 2451 5691 mitcm
2490 5637 2819 5707 appellatum
2863 5652 2963 5691 Δωε
3005 5639 3237 5707 legisse,
3276 5650 3385 5691 non
3428 5635 3689 5702 memini;
3754 5650 3857 5695 nec

2268 5707 2424 5764 aliter
2459 5705 2741 5763 emendem
2781 5722 2947 5781 quam
2988 5705 3240 5778 exposui.
