4046 6302
263 341 400 409 3065

1533 341 2103 404 CIIRONOGRAPH
2113 341 2210 406 [Α.

3401 335 3538 402 1066

258 457 595 529 ἐκράτησαν.
631 457 694 510 Οἱ
721 455 776 509 δὲ
812 454 887 527 μὴ
915 455 1238 527 δυνηθέντες
1269 459 1509 529 περάσαι
1541 458 1833 530 Βούλγαροι

1946 457 2039 521 lio,
2071 456 2338 527 quosdam
2392 453 2732 516 occiderunt,
2778 466 3041 520 quosnam
3087 451 3253 506 etiam
3291 452 3534 522 captivos

255 549 671 625 περιερῤύησαν
716 551 828 613 τοῖς
883 548 1156 622 Οὕγγροις
1210 549 1633 620 ἀναγγείλαντες
1659 553 1843 616 αὐτοῖς

255 642 433 696 πάντα
465 641 531 694 τὰ
561 641 672 695 τῶν
720 641 1064 695 Μακεδόνων.
1127 636 1334 695 Ἶὶλθον
1367 642 1424 696 δὲ
1469 645 1560 696 καὶ
1590 643 1658 698 τὰ
1684 642 1844 696 πλοῖα

253 732 350 788 τοῦ
381 733 647 805 βασιλέως
683 735 818 807 πρὸς
850 735 912 787 τὸ
969 734 1337 789 ἀναλαϐέσθαι
1369 736 1588 801 αὐτοὺς,
1620 737 1713 789 καὶ
1747 739 1842 790 ἀν·-

255 831 487 898 αγαγείν
517 829 572 880 ὲν
596 830 661 898 τῇ
696 827 870 881 πόλει.
893 827 1178 900 Παρευθὺς
1209 820 1303 882 οὖν
1327 830 1676 899 ἀνεφάνησαν
1709 828 1844 884 Οὕν-

253 936 336 972 νοι
364 919 445 992 τῷ
482 920 680 988 πλήθει
712 921 952 992 ἄπειροι.
1006 923 1070 974 Ui
1101 923 1160 974 δὲ
1218 923 1418 987 ἰδόντες
1458 923 1654 986 αὐτοὺς
1705 923 1844 994 μετά

249 1013 508 1084 δακρύων
535 1012 706 1068 ἐϐόων
736 1013 991 1084 λέγοντες
1008 1031 1022 1045 ·
1071 1013 1129 1070 Ὀ
1155 1015 1289 1081 Θεός
1312 1017 1406 1069 τοῦ
1433 1017 1591 1085 ἁγίου
1625 1016 1840 1088 Ἀδρια-

249 1105 368 1173 νοῦ,
401 1105 587 1178 βοήθει
618 1107 769 1177 ἡμῖν.
800 1109 908 1161 Καὶ
944 1109 1352 1181 παρετάσσοντο
1384 1107 1521 1182 πρὸς
1564 1108 1841 1182 συμϐολὴν

250 1197 520 1267 πολέμου.
577 1199 642 1250 Οἱ
683 1196 741 1251 δὲ
771 1197 1006 1269 Τοῦρκοι
1061 1196 1217 1253 εἷπον
1264 1202 1402 1273 πρὸς
1441 1178 1678 1264 αὐτούς’
1710 1201 1840 1255 Δότε

249 1290 386 1360 ἡμῖν
419 1289 519 1360 τὴν
550 1280 786 1359 ὓπαρξιν
811 1289 966 1360 ὑμῶν
1007 1293 1211 1356 πᾶσαν,
1264 1293 1357 1344 καὶ
1385 1291 1672 1358 ἀπέλθετε,
1704 1293 1839 1347 ὅπου

249 1377 538 1454 βοὺλεσθε.
567 1384 632 1436 Οἱ
659 1383 715 1438 δὲ
745 1383 906 1438 τοῦτο
932 1385 1032 1438 οὐκ
1054 1383 1328 1453 ἐδέξαντο,
1356 1385 1496 1439 ἁλλά
1531 1403 1838 1457 παρατετα-

247 1473 449 1545 γμένοι
479 1475 726 1546 ὑπῆρχον
753 1477 811 1529 ὲν
840 1478 1022 1546 τρισὶν
1055 1477 1290 1549 ἡμέραις
1314 1495 1328 1511 ν
1373 1477 1469 1532 καὶ
1509 1480 1576 1550 τῇ
1606 1479 1840 1552 τετάρτῃ

245 1561 488 1633 ἤρξαντο
513 1565 590 1626 εἰς
609 1565 678 1616 τά
707 1564 867 1619 πλοῖα
888 1566 1071 1620 αὐτῶν
1100 1567 1469 1639 εἰσέρχεσθαι.
1497 1569 1840 1640 Θεασάμενοι

244 1655 306 1710 δὲ
339 1657 499 1711 τοῦτο
537 1659 584 1711 οί
617 1657 853 1731 Τοῦρκοι
894 1661 1220 1717 συνέϐαλλον
1265 1664 1504 1736 πόλεμον
1538 1665 1648 1719 ἀπὸ
1688 1665 1838 1736 ὥραν

244 1748 512 1822 πέμπτην
547 1751 742 1822 μέχρις
773 1753 1010 1827 ἑσπέρας
1033 1770 1047 1785 ο
1073 1758 1166 1809 καὶ
1196 1756 1402 1827 τραπὲν
1426 1759 1485 1810 τὸ
1516 1757 1669 1824 ἔθνος
1701 1776 1836 1811 κατ-

1951 552 2324 606 abduxerunt.
2375 548 2594 620 Bulgari
2621 549 2714 619 qui
2753 547 3007 619 trajicere
3055 563 3164 603 non
3217 558 3533 619 potuerunt,

1949 658 2039 699 res
2075 658 2106 698 a
2157 642 2550 698 Macedonibus
2599 650 2783 712 gestas
2819 639 3224 705 annuntiaturi,
3267 640 3336 695 ad
3385 639 3538 696 "uti-

1948 753 2112 808 εει-οε
2143 737 2517 795 deﬂexerunt:
2562 735 2780 790 interim
2832 734 3049 805 navigia
3095 735 3178 788 .ab
3208 735 3537 805 imperatore

1950 834 2116 890 missa
2148 833 2504 902 captivosque
2541 838 2867 900 susceptura
2915 837 2976 884 ut
3034 828 3089 883 in
3149 828 3337 883 urbem
3370 828 3535 885 deve-

1946 926 2159 992 herent,
2189 925 2539 997 appulerunt,
2581 932 2635 978 et
2681 938 2790 978 una
2827 921 3035 992 pariter
3078 919 3261 975 Hunni
3306 934 3536 974 nurnero

1944 1019 2146 1076 inﬁniti
2182 1019 2476 1074 adventare
2505 1017 2606 1074 visi
2633 1027 2785 1072 sunt.
2820 1016 3147 1072 Macedones
3187 1015 3256 1071 iis
3300 1030 3534 1086 conspe-

1943 1113 2066 1177 ctis,
2110 1128 2234 1168 cum
2285 1111 2542 1183 lacrytnis
2582 1109 3029 1165 vociferabantur
3081 1108 3362 1166 dicentes:
3391 1109 3535 1166 Deus

1943 1205 2120 1262 sancti
2152 1205 2400 1270 Adriani,
2431 1219 2694 1261 succurre
2725 1203 2919 1258 nobis:
2950 1211 3006 1258 et
3044 1202 3110 1258 ad
3138 1202 3264 1258 belli
3294 1217 3533 1273 pugnam

1942 1315 2049 1355 una
2083 1315 2143 1356 se
2196 1307 2600 1370 praepararant.
2648 1296 2811 1352 Turci
2847 1311 2978 1352 vero
3004 1297 3298 1352 dicebant:
3340 1295 3534 1367 Supel-

1943 1393 2175 1452 lectilem
2203 1408 2424 1448 omnem
2454 1400 2693 1446 vestram
2720 1390 2942 1454 tradite,
2971 1398 3026 1445 et
3063 1405 3173 1458 quo
3204 1388 3533 1444 desideratis

1941 1489 2109 1545 abite.
2141 1487 2256 1542 Non
2294 1495 2696 1543 consenserunt
2745 1485 2863 1553 illi;
2907 1500 3094 1540 verum
3127 1483 3322 1539 diebus
3355 1484 3533 1540 conti.

1943 1581 2072 1636 nuis
2098 1579 2277 1634 tribus
2301 1579 2366 1634 ad
2401 1578 2645 1649 praelium
2682 1577 2855 1647 parati
2891 1575 3302 1632 consistebant:
3335 1585 3544 1645 quarta

1939 1686 2072 1728 vero
2125 1670 2344 1743 navigia
2383 1669 2853 1727 conscenderunt.
2897 1667 2976 1723 Eo
3009 1669 3230 1739 cognito
3266 1667 3429 1724 Turci
3461 1673 3531 1724 ab

1940 1765 2076 1822 hora
2107 1765 2215 1822 diei
2255 1764 2446 1837 quinta
2479 1765 2545 1821 ad
2575 1778 2856 1834 vesperam
2895 1778 3068 1833 usque
3103 1763 3350 1834 praelium
3387 1763 3528 1820 inie-

241 1842 474 1898 εδὶωκον
501 1845 699 1909 αὐτοὺς
724 1849 773 1901 οἰ
808 1849 1151 1914 Μακεδόνες·
1183 1853 1278 1906 καὶ
1301 1855 1367 1926 τῇ
1399 1853 1629 1926 ἐπιούσῃ
1651 1855 1833 1926 ἡμέρᾳ

1943 1866 2090 1923 runt,
2118 1833 2424 1928 eorumque
2446 1871 2579 1927 gens
2611 1833 2931 1927 fugantibus
2964 1833 3356 1911 Macedonibus
3379 1863 3528 1925 terga

241 1933 595 2006 βουλομένων
627 1939 810 1995 αὐτῶν
861 1945 1242 2018 ἀναχωρῆσαι,
1287 1947 1637 2019 ἀνεφάνησαν
1673 1950 1835 2006 πάλιν

240 2025 440 2085 Οὖννοι
477 2034 616 2103 πρὸς
644 2034 707 2087 τὸ
738 2035 1048 2108 πολεμῆσαι
1090 2039 1308 2105 αὐτούς.
1345 2042 1612 2106 Ἀναστὰς
1644 2043 1698 2096 δὲ
1717 2045 1835 2098 Μα-

240 2125 483 2180 κεδόνων
510 2127 722 2198 ἕτερος,
761 2130 914 2182 Λέων
964 2130 1213 2203 ὀνόματι,
1263 2135 1328 2186 ἐκ
1358 2135 1551 2204 γένους
1585 2136 1696 2191 τῶν
1729 2137 1835 2210 Γη-

241 2218 488 2291 μοστῶν,
540 2220 602 2284 ὃς
662 2226 802 2293 μετά
853 2224 1028 2278 ταῦτα
1072 2227 1295 2295 γέγονεν
1330 2228 1708 2302 ἑταιριάρχης,
1739 2233 1834 2285 καὶ

235 2311 426 2384 ιτεροι
483 2313 777 2386 ὀνομαστοὶ
819 2317 930 2370 τῶν
987 2319 1316 2374 Μακεδόνων
1368 2321 1604 2394 ἔτρεψαν
1636 2324 1834 2388 αὐτοὺς

237 2404 339 2458 καὶ
387 2404 686 2478 ἐξήλασαν,
723 2411 820 2463 καὶ
860 2410 1308 2480 ὑποστρέψαντες
1367 2413 1620 2484 εἰσῆλθον
1657 2416 1738 2480 εἰς
1761 2415 1832 2469 τὰ

238 2497 427 2566 πλοῖα,
455 2501 550 2555 καί⁵
585 2500 950 2573 ἀπεσώθησαν
975 2504 1109 2577 πρὸς
1146 2506 1237 2562 τὸν
1262 2505 1488 2577 βασιλέα
1507 2523 1524 2538 ο
1560 2509 1655 2563 καὶ⁴
1677 2508 1831 2578 φιλο-

231 2592 569 2664 τιμηθέντες
591 2597 721 2666 παρ’
753 2595 918 2650 αὐτοῦ
951 2598 1304 2672 ὑπέστρεψαν
1339 2602 1417 2666 εἰς
1443 2599 1544 2673 τὴν
1581 2601 1830 2655 Μακεδο-

231 2686 493 2753 νίαν,είς
525 2690 626 2760 τὴν
674 2689 812 2744 ἰδίαν
865 2689 1071 2762 χώραν.
1107 2686 1217 2745 Ἦν
1263 2691 1321 2746 δὲ
1374 2693 1494 2746 τότε
1545 2693 1830 2759 Βασίλειος

231 2781 463 2845 νεανίας
485 2783 550 2835 ἐκ
570 2781 670 2852 τῆς
693 2783 1074 2854 αἰχμαλωσίας
1099 2784 1271 2840 ἐλθών
1289 2799 1305 2816 ⁶
1337 2785 1562 2859 ἐποίησε
1587 2786 1645 2840 δὲ
1675 2787 1732 2841 ὲν
1761 2789 1827 2860 τῇ

230 2877 598 2951 αἰχμαλωσίᾳ
638 2879 730 2932 ἐπὶ
779 2879 1009 2945 Λέοντος
1035 2880 1129 2934 τοῦ
1169 2879 1460 2952 βασιλέως,
1489 2881 1583 2936 καὶ
1607 2882 1830 2956 Μιχαὴλ

228 2972 332 3025 τοῦ
378 2972 707 3044 Ἀμορραίου
745 2971 1151 3046 [Ἀέωραίουγ
1177 2975 1274 3029 καὶ
1300 2974 1550 3048 εἰσῆλθεν
1584 2977 1677 3029 ἐπὶ
1699 2976 1830 3030 Geo-

231 3067 399 3137 φίλου
420 3067 516 3119 τοῦ
543 3067 809 3137 βασιλέως
831 3083 844 3095 ·
895 3067 972 3130 ὡς
1002 3065 1144 3122 εἶναι
1171 3068 1241 3123 τά
1261 3070 1355 3142 ἔτη
1386 3070 1578 3134 αὑτοῦ,
1626 3071 1721 3143 ἔτη
1747 3071 1826 3126 εἴ·

229 3177 362 3216 κοσι
420 3159 610 3258 πέντε1
671 3159 1176 3246 Ἀποκατασταθεὶς
1216 3161 1272 3215 δὲ
1319 3163 1378 3216 ὲν
1406 3165 1474 3234 τῇ
1503 3162 1611 3236 ἰδίᾳ
1645 3165 1823 3236 χώρᾳ,
1850 3195 1896 3258 C

229 3251 655 3326 προσεκολλήθη
699 3238 975 3308 δουλεύειν
1014 3253 1304 3328 στρατηγῷ
1347 3256 1692 3320 Μακεδονίας
1745 3258 1824 3330 τῷ

228 3347 615 3419 ἐπιλεγομένῳ
646 3348 688 3400 Τ
692 3345 920 3424 ζάντξῃ,
944 3350 1040 3404 καὶ
1067 3349 1236 3423 μηδὲν
1271 3350 1402 3423 παρ’
1423 3351 1590 3405 αὑτοῦ
1616 3351 1828 3424 ὠφελη-

229 3443 374 3511 θεὶς,
401 3441 542 3514 (29')
589 3445 754 3514 μέχρι
802 3443 904 3515 τῆς
957 3444 1178 3516 Χρυσῆς
1213 3444 1442 3516 πόρτης,
1488 3444 1746 3500 εἰσελθὼν
1769 3445 1828 3499 δὲ

230 3537 682 3608 κεκοπιασμένος
706 3537 814 3590 ἀπὸ
837 3541 935 3609 τῆς
963 3536 1275 3609 ὁδοιπορίας
1302 3536 1579 3609 (Κυριακὴ
1602 3536 1710 3610 γάρ
1736 3533 1825 3611 ἦν,

231 3631 333 3684 καὶ
361 3631 391 3684 ὁ
420 3630 574 3700 ἥλιος
627 3631 765 3702 πρὸς
788 3631 1024 3703 δυσμὰς)
1086 3630 1347 3702 ἁνεκλίθη
1381 3629 1628 3704 [κατέδυ]
1659 3633 1717 3684 ὲν
1749 3631 1830 3703 τῷ

232 3723 515 3795 πεζουλίῳ
564 3723 659 3777 τοῦ
706 3723 889 3794 Ἁγίου
941 3724 1244 3798 Διομήδους
1317 3723 1600 3795 Καθολικὴ
1624 3723 1732 3795 γὰρ
1759 3719 1828 3796 ἦν

228 3818 360 3873 τότε
388 3819 422 3890 ή
450 3816 740 3890 ἐκκλησία,
763 3817 964 3890 ἔχουσα
985 3817 1392 3896 προσμονάριον
1412 3816 1638 3888 ὀνόματι
1661 3817 1857 3870 Νικό-’

230 3910 389 3966 hev.
417 3911 502 3984 Τῇ
533 3909 588 3964 δὲ
645 3906 803 3965 νυκτὶ
858 3909 1046 3985 ἐκείνῃ
1091 3911 1352 3966 ἐκάλεσεν
1401 3908 1523 3963 θεία
1553 3908 1707 3981 φωνὴ
1737 3907 1828 3964 τὸν

229 4006 672 4076 προσμονάριον,
706 4003 977 4072 λέγουσα·
1033 4002 1314 4074 Ἐγερθεὶς
1357 4001 1620 4070 εἰσάγαγε
1650 4001 1729 4066 εἰς
1766 4000 1828 4054 τὸ

230 4097 534 4167 εὐκτήριον
570 4095 659 4149 τὸν
689 4093 941 4167 βασιλέα.
987 4093 1048 4149 '0
1077 4094 1134 4149 δὲ
1158 4093 1406 4167 ἐγερθεὶς
1439 4094 1632 4148 οὐδένα
1660 4093 1828 4166 εὖρας

229 4190 380 4261 πλὴν
407 4189 575 4243 αὑτὸν
621 4189 714 4243 τὸν
767 4188 1048 4242 Βασίλειον
1077 4176 1331 4259 κείμενον
1372 4187 1446 4252 ὡς
1472 4186 1705 4263 πένητα,
1733 4187 1828 4242 καὶ

230 4285 600 4354 ἐπιστραφεὶς
647 4281 895 4336 ἔκλεισεν
950 4281 1044 4335 τὸν
1105 4281 1349 4346 πυλῶνα,
1400 4283 1497 4335 καὶ
1537 4281 1826 4336 ἀνέπεσεν.

229 4375 350 4431 Καὶ
372 4374 581 4439 εὐθέως
607 4376 746 4445 μετά
772 4373 1052 4448 ῥομφαίας
1079 4391 1162 4438 τις
1193 4375 1424 4430 δέδωκεν
1454 4375 1604 4448 αὐτῷ
1628 4376 1708 4439 εἰς
1728 4367 1827 4447 τήν

230 4468 488 4542 πλευρὰν
522 4465 692 4524 αὐτοῦ
729 4467 904 4541 λέγων
928 4485 944 4500 ·
989 4466 1255 4535 Ἐξελθὼν
1298 4470 1563 4538 εἰσάγαγε
1619 4467 1679 4523 δν
1709 4469 1830 4542 βλέ-

1937 1953 2106 2010 dedit.
2161 1951 2478 2023 Insequenti
2531 1950 2621 2005 die
2673 1951 2986 2005 discessum
3044 1949 3152 2005 illis
3203 1949 3526 2020 aggredien-

1937 2046 2108 2111 tibus,
2163 2043 2347 2098 Hunni
2399 2058 2622 2098 rursum
2674 2042 2742 2096 ad
2796 2041 3044 2113 pnelium
3081 2041 3327 2110 dispositi
3361 2056 3530 2112 appa~

1936 2147 2190 2195 ruerunt.
2231 2136 2592 2192 Macedonum
2642 2150 2775 2190 vero
2801 2134 3019 2205 quidam
3051 2135 3272 2190 nomine
3308 2134 3416 2190 Leo
3455 2149 3524 2189 ex

1935 2232 2324 2290 Gemostorum
2367 2245 2586 2302 genere,
2621 2228 2714 2300 qui
2747 2227 2946 2284 deinde
2973 2227 3363 2284 hetzeriarches
3397 2226 3524 2288 fuit.

1935 2324 2170 2396 sumptis
2224 2323 2425 2379 animis
2479 2337 2539 2378 se
2573 2321 2864 2392 opposuit:
2902 2319 3260 2391 adjunctique
3289 2320 3379 2375 alii
3415 2321 3526 2376 Ma-

1934 2419 2205 2472 cedonum
2272 2413 2531 2486 praecipui
2580 2412 2927 2468 adversarios
2987 2412 3043 2468 in
3105 2411 3288 2483 fugam
3344 2423 3524 2470 verte-

1932 2517 2081 2574 runt,
2113 2519 2168 2564 et
2214 2509 2478 2579 impetum
2537 2508 2591 2561 in
2624 2515 2723 2562 eos
2755 2505 3024 2574 fecerunt,
3067 2521 3133 2561 ac
3166 2507 3386 2562 tandem
3435 2522 3524 2562 re-

1933 2607 2100 2670 versi,
2177 2610 2346 2662 navcs'
2417 2605 2805 2674 imperatorem
2870 2587 3104 2657 'adituri
3189 2600 3528 2671 repetierunt

1932 2698 2264 2765 incolumes,
2306 2708 2354 2754 et
2403 2696 2646 2751 humane
2690 2693 2760 2750 ab
2810 2707 2875 2749 eo
2917 2692 3124 2764 recepti
3164 2691 3244 2746 in-
3270 2689 3524 2747 Macedo;-

1930 2793 2079 2847 niam
2111 2792 2343 2862 patriam
2379 2790 2485 2847 sibi
2521 2788 2802 2860 propriam
2833 2785 3068 2858 regressi
3096 2793 3246 2840 sunt.
3282 2783 3530 2842 Eratau.

1932 2885 2312 2941 temBasilius
2341 2891 2500 2940 aetate
2536 2881 2768 2953 juvenili
2800 2881 3021 2944 ﬂorens,
3047 2894 3076 2933 e
3097 2878 3410 2949 captivitate
3435 2893 3524 2933 re-

1928 2978 2064 3042 dux,
2099 2978 2153 3032 in
2185 2992 2294 3048 qua
2325 2976 2527 3032 Leonis
2561 2975 2914 3045 imperatoris
2961 2982 3015 3027 et
3043 2970 3324 3026 Michaelis
3355 2972 3525 3025 Amo-

1930 3078 1994 3132 rii
2073 3085 2186 3132 toto
2230 3085 2472 3144 tempore
2521 3072 2842 3144 permansit,
2884 3081 2937 3124 et
2979 3067 3283 3138 Theophilu
3340 3067 3522 3138 impe-

1930 3177 2089 3222 ranle
2157 3166 2353 3222 rediit:
2407 3164 2656 3233 adeoque
2720 3161 2851 3217 anni
2906 3159 3028 3230 ejus
3086 3158 3524 3214 numerabantur

1934 3261 2125 3334 viginti
2175 3260 2442 3331 quinque.
2495 3256 2693 3312 Patria:
2724 3255 2963 3326 proprias
3002 3254 3294 3309 restitutus
3340 3255 3518 3310 Mace-

1930 3358 2110 3412 donia:
2139 3355 2267 3412 duci
2316 3353 2712 3426 cognominato
2743 3352 2966 3406 Tzantzi
3021 3350 3347 3419 obsequium
3396 3353 3520 3406 red-

1929 3450 2149 3507 diturus
2176 3447 2428 3510 adhaesit,
2464 3461 2495 3500 a
2529 3460 2640 3518 quo
2681 3444 2818 3500 nihil
2872 3442 3230 3499 emolumenti
3271 3452 3519 3512 accepto.

1930 3543 2086 3600 urbis
2124 3541 2303 3613 regite.
2337 3540 2576 3610 experiri
2629 3538 2859 3608 cupiens
2913 3535 3242 3619 ubertatem,
3287 3535 3353 3596 ad
3395 3549 3521 3591 eam

1929 3635 2209 3710 profectus
2239 3644 2342 3698 est.
2365 3640 2418 3689 et
2447 3632 2512 3688 ad
2544 3630 2792 3701 Chry'sen
2816 3643 2990 3698 usque
3014 3637 3224 3700 portam
3249 3628 3520 3698 pervenit.

1930 3729 2008 3785 Ex
2062 3729 2262 3785 itinere
2309 3740 2478 3798 porro
2511 3724 2774 3795 fatigatus
2832 3722 3188 3796 (eratantem
3238 3719 3521 3777 Dominica

1929 3824 2071 3887 dies,
2100 3830 2155 3876 et
2183 3821 2299 3893 jam
2331 3819 2413 3873 sol
2467 3817 2534 3872 ad
2573 3815 2916 3873 occidentem
2954 3813 3233 3884 vergebat)
3267 3813 3524 3869 recubuit

1930 3917 1986 3971 in
2023 3919 2221 3970 exedra
2259 3913 2324 3967 ad
2360 3911 2548 3968 Sancti
2599 3908 2894 3964 Diumedis.
2929 3907 3059 3962 Erat
3091 3906 3352 3976 templum
3385 3907 3519 3962 illud

1929 4006 2075 4062 aedes
2116 4020 2273 4062 sacra
2309 4003 2528 4075 publica
2556 4001 2691 4057 viris
2730 4009 2785 4056 et
2816 3999 3143 4054 mulieribus
3183 3999 3515 4059 communis.

1928 4115 2053 4172 quae
2124 4096 2564 4154 mansion-arium
2623 4093 2848 4150 nomine
2908 4089 3197 4147 Nicolaum
3263 4091 3516 4148 habebat.

1931 4193 2101 4250 Nocte
2156 4192 2250 4247 illa
2306 4187 2746 4244 mansionarium
2797 4184 3092 4256 appellavit
3144 4184 3330 4239 divina
3389 4200 3514 4248 vox,

1931 4287 2152 4343 dicens:
2192 4275 2517 4354 Exsurgens
2565 4280 2731 4336 induc
2792 4281 3179 4349 imperatorem
3222 4279 3280 4334 in
3330 4287 3521 4334 o'rato-

1931 4379 2098 4434 rium.
2140 4376 2235 4433 Ille
2267 4381 2443 4431 strato
2498 4372 2688 4428 relicto
2735 4375 2934 4441 prieter
2990 4367 3250 4424 Basiliam
3310 4384 3520 4440 panpe-

1932 4486 2054 4525 rnm
2089 4483 2243 4524 more
2272 4469 2550 4537 iacentem
2587 4464 2795 4519 nullum
2835 4460 3042 4532 reperit
3069 4478 3082 4513 :
3114 4459 3281 4533 530
3309 4475 3523 4528 regres-

229 4576 358 4624 πεις
397 4559 601 4627 ἔξωθεν
651 4558 749 4615 τοῦ
803 4559 1053 4624 πυλῶνος
1088 4559 1361 4633 κείμενον,
1411 4554 1567 4626 οὗτός
1621 4561 1770 4614 ἔστιν
1801 4561 1830 4614 δ

1935 4578 2144 4635 susque
2185 4561 2378 4617 valvas
2407 4556 2645 4614 occlusit
2678 4564 2734 4611 et
2761 4553 3033 4610 recubuit.
3059 4551 3321 4608 Protinus
3348 4552 3517 4608 ictum

230 4653 520 4728 βασιλεύς.
559 4653 827 4721 Ἐξελθὼν
878 4649 972 4710 οὖν
1007 4654 1148 4726 μετά
1205 4654 1441 4727 σπουδῆς
1500 4653 1826 4728 σύντρομος,

228 4749 329 4806 καὶ
355 4746 539 4821 εὑρὼν
560 4747 842 4802 Βασίλειον
871 4747 1011 4819 μετά
1043 4751 1143 4822 τῆς
1175 4749 1359 4823 πήρας
1386 4750 1476 4804 καὶ
1495 4749 1594 4820 τῆς
1628 4748 1830 4820 ῥάϐδου

230 4841 539 4909 εἰσήγαγεν
571 4838 776 4894 ἔσωθεν
819 4840 920 4911 τῆς
945 4839 1275 4912 ἐκκλησίας,
1326 4842 1421 4895 καὶ
1475 4842 1542 4914 τῇ
1598 4840 1830 4914 δευτέρᾳ

228 4934 423 5008 ἡμέρᾳ
469 4933 724 4990 ἀπελθὼν
781 4937 863 4999 είς
898 4935 962 4989 τὸ
984 4935 1208 5008 λουτρὸν
1259 4935 1489 5006 ἧλλαξεν
1523 4937 1706 4996 αὑτὸν.
1735 4938 1830 4990 καὶ

227 5025 406 5082 ὶλθὼν
445 5027 507 5080 ὲν
535 5029 602 5100 τῇ
632 5027 902 5101 ἐκκλησίᾳ
932 5028 1192 5100 ἐποίησεν
1227 5028 1648 5101 ἀδελφοποίησιν
1671 5045 1684 5058 ·
1729 5029 1826 5083 καὶ

229 5121 706 5194 συνηυφραίνοντο
735 5124 794 5176 ὲν
816 5121 1090 5194 ἀλλήλοις.
1148 5123 1206 5176 '0
1254 5121 1313 5176 δὲ
1346 5122 1514 5186 αὐτὸς
1558 5121 1824 5187 Νικόλαος

226 5207 384 5284 εἶχεν
415 5211 645 5281 ἀδελφὸν
686 5211 891 5282 ἰατρὸν,
922 5211 981 5277 ὃς
1005 5211 1286 5266 ἐδούλευεν
1329 5210 1422 5264 τὸν
1466 5209 1822 5279 Θεοφιλίτζην

228 5304 332 5381 [τῷ
359 5302 737 5378 accedit-Cn].
803 5303 1007 5359 Ἐλθὼν
1062 5305 1120 5359 δὲ
1150 5305 1292 5359 κατά
1341 5302 1514 5375 τύχην
1557 5305 1586 5356 ὁ
1635 5303 1819 5375 ἰατρὸς

225 5400 371 5474 πρὸς
391 5398 487 5454 τὸν
508 5399 736 5469 ἀδελφὸν
760 5398 948 5465 αὑτοῦ,
979 5397 1102 5454 ἰδὼν
1123 5399 1216 5454 τὸν
1237 5399 1538 5464 Βασίλειον,
1563 5398 1656 5452 καὶ
1683 5397 1816 5452 θαυ-

227 5495 415 5566 μάσας
467 5493 532 5549 τδ
590 5493 821 5565 μέγεθος
878 5493 974 5547 καὶ
1021 5495 1122 5565 τὴν
1155 5492 1407 5564 ἀνδρείαν
1453 5487 1816 5557 αὐτοῦ,εἰπεν

226 5589 367 5661 πρὸς
395 5589 493 5644 τὸν
519 5588 750 5657 ἀδελφὸν
783 5586 951 5643 αὑτοῦ
972 5604 987 5619 ο
1044 5587 1214 5643 Πόθεν
1246 5588 1394 5640 ἐστὶν
1425 5579 1618 5652 οὗτος;
1668 5584 1726 5639 '0
1761 5585 1835 5638 δὲ’

1930 4657 2110 4730 gladio
2139 4654 2364 4726 impegit
2382 4652 2604 4724 quidam
2635 4649 2701 4706 ad
2737 4649 2882 4704 latus
2902 4647 3045 4718 ejus,
3073 4645 3298 4701 dicens:
3324 4645 3519 4716 Egres-

1931 4767 2028 4808 sus
2073 4748 2331 4805 introduc
2355 4755 2519 4818 quem
2555 4741 2708 4798 vides
2736 4751 2892 4797 extra
2936 4740 3162 4812 januam‘
3205 4737 3514 4810 iacentem:

1933 4843 2023 4899 hic
2073 4850 2159 4896 est
2211 4840 2533 4910 imperator.
2585 4833 2854 4905 Egressus
2882 4831 2976 4888 ille
3014 4830 3248 4887 festinus
3299 4842 3366 4884 ac
3407 4836 3518 4884 tre-

1933 4953 2092 4996 mens
2121 4909 2384 4991 Basilium
2417 4945 2540 4987 cum
2577 4938 2718 5005 pera.
2741 4936 2798 4982 et
2829 4925 3026 4981 b‘a‘cnlo
3072 4931 3347 4993 repertum
3375 4909 3517 4976 intra

1932 5029 2221 5088 ecclesiam
2259 5023 2505 5082 admisit.
2532 5021 2760 5078 Postero
2790 5029 2921 5074 vero
2950 5018 3039 5074 die
3065 5019 3132 5095 ad
3164 5015 3390 5071 balneas
3421 5014 3519 5070 de-

1930 5125 2118 5191 ducto,
2158 5131 2339 5179 vestes
2370 5115 2668 5175 mutandas
2695 5115 2914 5181 obtulit,
2939 5123 2993 5170 et
3023 5112 3203 5184 palam
3231 5109 3304 5183 in
3323 5103 3514 5192 eccle-

1929 5218 2012 5275 sia
2062 5217 2362 5273 fraternam
2398 5212 2716 5268 societatem
2760 5215 2985 5265 cum-eo
3034 5205 3176 5262 iniit.
3208 5203 3403 5273 Itaque
3430 5201 3517 5256 in-

1927 5313 2098 5369 vicem
2144 5307 2398 5366 collmtati
2446 5314 2597 5364 sunt.
2655 5305 2925 5362 Caeterum
2981 5301 3242 5359 Nicolaus
3287 5297 3380 5354 ille
3420 5296 3518 5352 ha-

1923 5403 2084 5461 bebat
2161 5401 2386 5468 fratrem
2438 5399 2708 5455 medicum
2775 5395 3176 5468 Theophilitzis
3250 5389 3518 5460 obsequio

1926 5499 2318 5567 mancipatum.
2375 5493 2618 5549 Medicus
2666 5491 2890 5548 fratrem
2941 5491 3221 5545 invisorus
3249 5485 3392 5542 forte
3421 5497 3516 5538 ve—

1930 5591 2086 5647 niens
2112 5589 2397 5661 conspexit
2429 5584 2714 5652 Basiliam,
2744 5593 2799 5640 et
2849 5584 3096 5654 corporis
3127 5581 3516 5653 proceritatem

1382 5728 1632 5785 FRANC.
1670 5720 2059 5785 COMBEFISII
2098 5725 2331 5782 NOTAE.

303 5860 442 5935 (29')
477 5858 658 5923 Addo,
688 5859 788 5930 τῆς
825 5855 1242 5930 μεγαλοπόλεως
1289 5857 1389 5930 τὴν
1427 5856 1690 5928 ἀφθονίαν
1721 5853 1833 5925 ἐπὸ(

1934 5869 2017 5909 εν·
2050 5850 2172 5906 ὅθεν
2207 5851 2301 5906 καὶ
2329 5848 2564 5919 φθάσας.
2602 5843 2778 5903 Cum.

559 5954 835 6016 PATROL.
875 5955 991 6016 Ga.
1013 5954 1231 6018 CVIII.

3076 5933 3156 5999 3ft
