4072 6296
543 286 680 354 Ιθῖι

1766 281 2041 343 LEONIS
2081 280 2571 351 GRAMMATICI

3682 269 3865 340 1072

534 399 766 457 Michael
820 396 1050 451 Bai-dam
1102 391 1435 452 avunculum
1479 401 1767 462 promovet
1800 391 2075 448 Cmsarem
2114 408 2124 444 :

2238 393 2299 446 τά
2346 391 2541 446 δυτικά
2597 387 2833 460 θέματα,
2893 383 3317 456 τελευτήσαντος
3371 380 3539 439 αὑτοῦ
3612 386 3832 438 ἐκεῖσε

532 496 627 566 qui
656 510 817 550 curru
850 508 945 562 per
985 490 1219 546 mediam
1249 490 1439 543 urbem
1464 496 1672 553 vectus,
1714 501 1943 542 munera
1974 502 2130 558 spar-

534 588 611 643 sit
640 585 696 642 in
735 583 1025 657 populum.

608 777 879 849 Egressus
926 779 1108 828 autem
1142 770 1543 827 Saracenorum
1594 768 1824 824 Ameras
1868 766 2127 839 Sinopem

537 885 712 941 usque
742 865 1050 928 descendit,
1082 861 1387 917 Romanam
1438 874 1659 915 omnem
1719 860 1994 929 regionem
2032 876 2129 914 va—

539 974 716 1019 stans.
744 958 975 1015 Michael
1006 972 1135 1012 vero
1172 972 1277 1010 una
1313 969 1438 1009 eum
1472 953 1645 1008 Barda
1687 953 1906 1007 Caesare
1941 950 2133 1007 advero

537 1074 633 1113 sus
660 1053 981 1110 Michaelem
1009 1052 1240 1105 alterum
1277 1048 1542 1119 Bulgaria:
1558 1047 1857 1117 principem
1887 1046 2131 1101 instruc-

537 1160 655 1207 tum
684 1148 988 1205 exercitum
1034 1153 1178 1198 terra
1215 1144 1463 1211 marique
1510 1151 1712 1205 movet,
1744 1141 1888 1210 quod
1931 1138 2131 1214 Bulga-

539 1256 729 1298 rorum
748 1247 959 1310 gentem
989 1236 1131 1290 fame
1151 1232 1384 1289 deficere
1410 1233 1711 1288 didicisset.
1734 1232 1951 1303 Bulgari
1972 1231 2129 1302 quasi

542 1333 775 1390 tonitrui
804 1331 987 1386 sonitu
1016 1327 1263 1399 percussi
1294 1326 1458 1382 soluti
1487 1336 1616 1381 sunt
1652 1324 1873 1389 animis,
1913 1335 1967 1380 et
2005 1335 2133 1381 ante

539 1438 812 1484 certamen
839 1421 1268 1492 conﬂictumquc
1296 1434 1517 1475 omnem
1550 1420 1618 1475 de
1660 1419 1891 1475 victoria
1931 1421 2131 1488 despe-

536 1530 749 1587 rantes,
780 1516 1129 1573 Christianos
1185 1530 1245 1571 se
1277 1512 1517 1578 futuros,
1574 1521 1630 1568 et
1674 1513 1993 1583 imperatori
2021 1511 2133 1569 Ro-

539 1611 828 1680 manisque
841 1610 1215 1678 obsequentes
1232 1606 1627 1679 promiserunt.
1655 1606 1954 1677 Imperator
1977 1609 2131 1677 priu-

537 1704 714 1773 cipem
793 1716 981 1756 eorum
1048 1713 1193 1769 aqua
1264 1699 1498 1752 tinctum
1572 1714 1728 1753 sacra
1797 1699 2125 1769 suscipiens,

541 1794 819 1866 proprium
855 1795 904 1849 ei
937 1807 1136 1847 nomen
1169 1791 1389 1855 indidit,
1419 1799 1474 1846 et
1503 1807 1758 1862 proceres
1792 1792 1912 1863 ejus
1936 1806 2128 1847 oumes

540 1889 797 1944 inurbem
817 1886 1071 1942 inductos
1091 1885 1414 1956 baptismate
1428 1884 1649 1940 lustrari
1673 1885 1905 1942 curavit.
1924 1885 2133 1941 Exinde

541 1994 673 2051 pace
718 1977 985 2050 profunda
1027 1978 1356 2046 composita,
1414 1976 1645 2032 Ameras
1704 1979 1755 2033 in
1804 1978 2130 2033 Romaniam

540 2068 749 2124 movit:
778 2066 1066 2137 eidemque
1124 2066 1414 2121 orientalis
1460 2064 1672 2120 militiae
1721 2066 1988 2137 magister
2025 2067 2128 2121 Pe-

541 2172 729 2219 troiias
760 2172 812 2217 et
838 2159 1085 2215 Nazarus
1111 2159 1551 2215 Buccelariorum
1592 2158 1727 2227 dux,
1778 2160 2007 2216 structis
2037 2176 2133 2231 per

538 2256 684 2311 viam
722 2253 940 2309 insidiis
974 2253 1042 2308 ad
1092 2253 1459 2307 Lalacaonem
1494 2252 1745 2309 redeunti
1783 2266 2083 2312 occurrunt
2113 2273 2127 2309 ι

540 2347 925 2417 consertisque
963 2346 1220 2401 manibus
1252 2346 1506 2401 Ameram
1561 2347 1615 2399 iu
1650 2345 1834 2417 fugam
1888 2358 2130 2417 vertunt,

538 2448 595 2495 et
620 2438 851 2495 salutem
884 2437 1116 2509 pedibus
1153 2451 1400 2507 quaerere
1428 2446 1650 2506 cogunt.
1682 2436 1959 2492 Comitum
1992 2455 2131 2494 non—

540 2530 728 2586 nullus
760 2527 1055 2601 fugientem
1124 2529 1453 2598 insequitur,
1502 2536 1556 2583 et
1610 2537 1776 2598 caput
1836 2529 1956 2598 ejus
2013 2544 2133 2585 arn—

540 2634 791 2697 putatum
840 2623 1063 2686 tollens,
1102 2624 1166 2676 ad
1201 2620 1492 2677 Petronaui
1549 2621 1757 2677 militia:
1806 2623 2130 2695 magistrum

538 2720 761 2776 detulit.
822 2716 1076 2788 Regressi
1126 2716 1292 2787 igitur
1321 2718 1488 2770 duces
1522 2730 1646 2771 cum
1683 2716 1925 2772 victoriae
1958 2717 2132 2774 titulis

539 2813 608 2869 de
639 2814 769 2883 ipsis
809 2814 862 2867 iu
888 2811 1049 2868 Circo
1081 2810 1487 2881 triumpharunt
1526 2827 1539 2863 :
1583 2819 1637 2865 et
1671 2826 1737 2864 ex
1773 2820 1904 2866 tunc
1932 2828 2129 2883 magna

542 2904 915 2974 tranquillitas
943 2903 1083 2957 facta
1111 2911 1193 2957 est
1215 2916 1310 2971 per
1341 2900 1642 2966 Orientem,
1674 2910 1894 2973 propter
1920 2904 2135 2959 Amare

541 2998 851 3055 interitum.
888 2994 953 3049 Et
983 2996 1219 3050 aliorum
1255 2994 1476 3064 quidem
1530 2995 1747 3051 labores
1777 3007 1832 3050 et
1867 2995 2135 3053 adversus

2232 487 2367 541 Μετ’
2398 485 2578 554 ὀλίγον
2600 482 2656 537 δὲ
2684 486 2752 557 τῇ
2788 482 3025 553 τετάρτῃ
3081 481 3179 552 τῆς
3210 480 3645 552 Διακαινησιμου
3689 493 3861 549 προ-

2233 578 2486 633 6άλλεται
2545 576 2768 647 Μιχαὴλ
2821 573 3034 645 Βάρδαν
3066 572 3209 627 θεῖον
3252 570 3417 626 αὑτοῦ
3456 570 3759 643 Καίσαρα,
3791 566 3863 630 ὃς

2226 673 2323 726 ἐπὶ
2377 671 2625 742 ἅρματος
2686 667 2979 739 ὲποχηθεὶς
3026 666 3227 719 ἔδωκεν
3257 662 3524 719 ὑπατείαν
3552 666 3619 735 τῇ
3650 663 3854 734 μέσῃ.

2315 764 2573 837 Ἐξῆλθεν
2600 761 2656 816 δὲ
2690 763 2783 815 καὶ
2815 764 2843 815 ὁ
2882 761 3050 833 ’Λμὲρ
3096 759 3190 813 καὶ
3214 758 3487 829 κατῆλθεν
3533 758 3705 829 μέχρι
3745 753 3857 806 Σιο

2231 860 2439 930 νώπης,
2470 860 2801 932 ληϊσάμενος
2848 860 3028 916 πάντα
3072 859 3139 911 τά
3173 855 3283 909 τῶν
3331 853 3640 925 Ῥωμαίων.
3708 851 3859 906 Ἐκ-

2235 951 2570 1024 στρατεύσας
2594 950 2650 1003 δὲ
2679 948 2899 1019 Μιχαὴλ
2925 949 3042 1016 ἅμα
3090 945 3275 1018 Βάρδᾳ
3313 944 3558 1016 Καίσαρι
3604 940 3857 1009 κίνησιν

2234 1045 2380 1097 ποιεῖ
2408 1043 2549 1096 κατὰ
2588 1041 2809 1113 Μιχαὴλ
2837 1040 3103 1113 ἄρχοντος
3150 1037 3490 1108 Βουλγαρίας
3517 1034 3605 1089 διά
3626 1050 3693 1086 τε
3730 1031 3855 1101 γῆς

2232 1139 2327 1192 καὶ
2352 1137 2650 1207 θαλάσσης,
2680 1131 2867 1204 μαθὼν
2901 1133 2961 1186 τὸ
2986 1132 3094 1187 τῶν
3135 1131 3462 1203 Βουλγάρων
3492 1128 3645 1192 ἔθνος
3682 1121 3857 1196 λιμῷ

2232 1228 2520 1301 τήκεσθαι.
2550 1231 2612 1281 Ui
2646 1227 2704 1279 δὲ
2744 1225 3045 1297 Βούλγαροι
3070 1224 3230 1278 τοῦτο
3275 1223 3561 1295 μαθόντες,
3599 1219 3678 1283 ὡς
3715 1219 3854 1288 ἤχῳ

2233 1324 2466 1397 βροντῆς
2497 1319 2910 1390 ὑπεκλύθησαν,
2937 1318 3031 1372 καὶ
3066 1317 3172 1387 πρὸ
3204 1315 3314 1369 τῶν
3344 1314 3570 1385 ἀγώνων
3595 1312 3697 1367 καὶ
3736 1310 3851 1380 τῆς

2236 1418 2417 1488 μάχης
2445 1416 2575 1487 περὶ
2626 1415 2725 1486 τῆς
2761 1414 2921 1483 νίκης
2970 1411 3319 1480 ἀπέγνωσαν,
3369 1410 3463 1461 καὶ
3500 1403 3855 1479 Χριστιανοὶ

2231 1511 2508 1581 γενέσθαι,
2576 1510 2671 1564 καὶ
2720 1504 3124 1562 ὑποτάττεσθαι
3175 1502 3251 1575 τῷ
3281 1502 3492 1574 βασιλεῖ
3533 1500 3628 1555 καὶ
3672 1498 3853 1553 Ῥω-

2234 1605 2414 1677 μαίοις
2444 1603 2741 1675 ᾐτήσαντο.
2791 1600 2851 1653 '0
2883 1599 2941 1653 δὲ
2976 1598 3229 1672 βασιλεὺς
3269 1596 3360 1649 τὸν
3393 1595 3630 1665 ἄρχοντα
3660 1589 3855 1646 αὑτὸν

2234 1698 2502 1772 βαπτίσας
2531 1696 2624 1749 καὶ
2657 1694 2973 1765 δεξάμενος,
3006 1688 3354 1745 ἐπιτέθεικεν
3372 1685 3522 1755 αὑτῷ
3544 1687 3604 1738 τὸ
3627 1684 3852 1752 ονομα.

2233 1794 2373 1855 Τοὺς
2413 1791 2468 1844 δὲ
2524 1789 2887 1861 μεγιστάνους
2931 1783 3100 1840 αὑτοῦ
3130 1784 3187 1838 ὲν
3215 1786 3281 1854 τῇ
3327 1782 3482 1835 πόλει
3512 1779 3853 1847 εἰσαγαγὼν

2236 1886 2531 1940 ἐϐάπτισεν
2552 1884 2785 1948 πάντας,
2802 1880 2989 1935 ἔκτοτε
3006 1876 3305 1948 γενομένης
3333 1877 3558 1945 εἰρήνης
3579 1872 3853 1945 βαθείας.

2232 1979 2337 2036 Τὸν
2380 1967 2549 2050 Ἀμὲρ
2574 1975 2736 2030 πάλιν
2760 1972 3049 2041 ἐξελθόντα
3065 1969 3208 2022 κατά
3246 1966 3578 2039 Ῥωμανίας,
3626 1981 3853 2038 στρατ-

2233 2074 2440 2145 ηλάτης
2460 2070 2534 2125 ὢν
2560 2070 2661 2140 τῆς
2691 2066 2985 2137 Ἀνατολῆς
3033 2064 3348 2137 Πετρωνᾶς,
3383 2060 3478 2114 καὶ
3498 2059 3693 2126 Νάσαρ
3724 2061 3854 2112 τῶν

2233 2166 2651 2234 Βουκελλαρίων
2696 2163 3031 2234 λοχήσαντες
3058 2160 3159 2233 τὴν
3182 2157 3300 2214 ὁδὸν
3342 2156 3441 2227 τῆς
3474 2150 3851 2224 ὑποστροφῆς

2233 2260 2399 2315 αὑτοῦ
2450 2258 2791 2313 συναντῶσιν
2839 2255 2990 2326 αὑτῷ
3048 2258 3129 2319 εἰς
3180 2253 3271 2306 τὸν
3317 2246 3688 2309 Λαλακάωνα,
3742 2244 3851 2297 καὶ

2235 2355 2514 2427 συμϐολῆς
2577 2352 2879 2424 γενομένης
2928 2350 3225 2421 τρέπουσιν
3268 2346 3475 2417 Ἀμέρ·
3529 2343 3623 2396 καὶ
3678 2341 3846 2411 φυγῇ

2234 2448 2581 2521 χρησάμενος
2610 2443 2940 2500 καταδιώκει
2978 2440 3128 2512 αὑτῷ
3169 2435 3381 2513 [αὐτόν]
3408 2454 3490 2500 τις
3520 2434 3627 2488 τῶν
3653 2431 3852 2503 κομή-

2230 2557 2366 2594 των·
2402 2540 2494 2594 καὶ
2536 2536 2730 2593 τούτου
2765 2536 2865 2609 τὴν
2894 2533 3141 2607 κεφαλὴν
3173 2532 3310 2605 ἄρας
3328 2530 3538 2602 ἢγαγεν
3564 2523 3849 2597 Πετρωνᾷ

2207 2631 2607 2704 στρατηλάτῃ.
2635 2627 2983 2691 Εῑσελθόντες
3015 2627 3070 2680 δὲ
3102 2625 3152 2679 οἱ
3187 2620 3487 2695 στρατηγοὶ
3528 2618 3669 2689 μετά
3705 2620 3844 2670 επι-

2233 2723 2423 2778 νικίων
2457 2722 2867 2796 ὲθριάμϐευσαν
2892 2718 3035 2774 αὑτά
3057 2720 3115 2773 ἐν
3140 2717 3219 2789 τῷ
3243 2713 3474 2784 ἱππικῷ.
3511 2714 3619 2765 Καὶ
3640 2709 3842 2765 ἔκτοτε

2234 2817 2451 2886 ἐγένετο
2492 2816 2702 2888 γαλήνη
2756 2815 2971 2887 μεγάλη
3030 2815 3088 2867 ὲν
3150 2814 3214 2884 τῇ
3281 2807 3540 2880 Ἀνατολῇ
3580 2804 3669 2860 διὰ
3733 2803 3844 2873 τὴν

2233 2910 2328 2963 τοῦ
2376 2908 2546 2982 Ἀμὲρ
2582 2910 2816 2980 σφαγήν.
2851 2904 2993 2963 Καὶ.
3017 2904 3194 2960 ἄλλων
3224 2902 3321 2976 μὲν
3350 2903 3399 2955 οἱ
3418 2902 3589 2965 πόνοι,
3627 2897 3729 2953 καὶ
3769 2898 3845 2950 τὰ

2236 3005 2378 3058 κατά
2405 3003 2515 3057 τῶν
2549 3002 2827 3073 πολεμίων
2875 3000 3413 3073 ἀνδραγαθήματα...
3434 2996 3496 3049 Ἦ
3528 2994 3586 3050 δὲ
3614 2992 3711 3049 τοῦ
3738 2993 3843 3065 βα-

542 3090 729 3146 hostes
762 3090 977 3158 egregia
1014 3086 1333 3143 facinora...
1360 3088 1662 3159 imperator
1688 3103 1788 3159 pro
1811 3105 1910 3144 sua
1944 3090 1997 3145 in
2031 3089 2130 3145 Ba-

2241 3097 2433 3159 σιλέως
2491 3096 2683 3165 ἀγάπη
2724 3094 2859 3166 πρὸς
2910 3093 3001 3147 τὸν
3046 3092 3330 3146 Βασίλειον
3377 3089 3690 3159 ἐξεκέχυτο,
3740 3087 3843 3140 καὶ

542 3182 725 3239 silium
760 3180 1079 3252 impensiori
1116 3181 1495 3237 benevolentia
1554 3182 1705 3253 parvi
1761 3180 2019 3251 faciebat,
2076 3191 2132 3239 et

541 3291 666 3332 eum
697 3275 900 3340 solum,
938 3290 966 3328 a
1025 3290 1135 3345 quo
1166 3277 1457 3330 commoda
1511 3276 1784 3346 reciperet
1840 3277 2129 3348 obsequia,

543 3370 852 3440 reputabat.
901 3368 1132 3424 Michael
1161 3367 1323 3440 463
1367 3384 1634 3439 equorqu
1677 3369 1952 3423 stabulum
1995 3386 2135 3425 mar-

540 3462 792 3519 moribus
856 3464 1179 3516 adornatum
1228 3471 1285 3515 et
1336 3476 1605 3531 aquarum
1657 3462 1815 3532 copia
1864 3462 2133 3535 irriguum

542 3554 825 3620 instruxit,
854 3553 1142 3624 eﬂ'ecitque
1187 3555 1305 3610 visu
1332 3556 1822 3624 jucundissimum.
1886 3556 1964 3613 Eo
2005 3574 2130 3629 per-

542 3643 689 3701 fecto
720 3646 914 3702 Petrus
973 3646 1218 3717 quidam,
1253 3663 1415 3717 quem
1478 3647 1797 3718 Magistrum
1834 3650 2132 3719 l’auperem

544 3741 835 3805 vocabant,
865 3742 946 3793 vir
975 3754 1142 3811 sagax
1172 3750 1225 3794 et
1274 3740 1519 3795 dicteriis
1569 3751 1845 3807 assuetus,
1904 3743 1957 3798 iu
2000 3746 2135 3800 urbe

544 3832 886 3888 morabatur.
922 3831 1155 3887 Michael
1179 3832 1355 3888 eidem
1384 3831 1452 3890 ad
1475 3848 1535 3889 se
1552 3834 1821 3891 advocato
1853 3838 2137 3893 instructae

545 3925 745 3979 domus
767 3923 1009 3994 ineptum
1034 3936 1285 3980 ornatum
1311 3925 1824 3993 demoustrabat,ab
1839 3926 2133 3986 eolaudem

546 4014 791 4086 recipere
816 4016 1070 4085 cupiens,
1099 4031 1163 4071 ac
1191 4023 1510 4086 perpetuam
1544 4019 1788 4074 nominis
1814 4023 2133 4075 memoriam

546 4124 614 4165 ex
670 4108 987 4179 hujusmudi
1038 4110 1224 4181 operis
1267 4118 1546 4165 structura
1606 4122 2017 4182 reportaturum
2078 4130 2138 4170 se

544 4204 781 4271 jaCtans.
840 4203 935 4259 llle
978 4204 1293 4274 imperatori
1347 4204 1425 4258 ait
1454 4220 1468 4257 :
1496 4202 1844 4262 Justiuianus
1884 4204 2135 4278 Magnam

547 4290 839 4346 ecclesiam
864 4306 1001 4348 auro
1031 4303 1261 4363 argento
1292 4293 1769 4364 marmoribusque
1798 4296 2136 4365 pretiosissi-

548 4382 653 4438 mis
676 4387 994 4445 decoratam
1020 4384 1285 4448 condidit,
1319 4388 1553 4456 ejusque
1591 4387 1855 4443 memoria
1898 4390 2135 4445 extincta

2241 3188 2429 3242 τοῦτον
2458 3186 2618 3258 μόνον
2644 3187 2897 3258 ενόμιζεν
2924 3179 3067 3239 εἶναι
3093 3186 3187 3239 τὸν
3236 3181 3613 3254 θεραπεύοντα
3641 3181 3841 3235 αὑτόν.

2247 3284 2472 3337 Ἕκτισε
2496 3283 2553 3336 δὲ
2580 3281 2802 3353 Μιχαὴλ
2823 3279 3053 3334 σταῦλον
3082 3280 3195 3340 τοῖς
3216 3277 3405 3340 ἵπποις
3424 3273 3592 3330 αὑτοῦ
3617 3274 3808 3344 κοσμή

2244 3393 2344 3439 σας
2378 3374 2695 3446 μαρμάροις
2718 3374 2812 3431 καὶ
2847 3372 3056 3427 ὑδάτων
3081 3371 3373 3444 ἐπιρροαῖς
3407 3371 3841 3431 κατασκευάσας

2241 3468 2594 3541 ὠραιώτατον
2622 3470 2785 3522 πάνυ.
2812 3467 2923 3523 Καὶ
2946 3456 3138 3521 τούτου
3174 3463 3519 3529 τελεσθέντος
3547 3458 3614 3531 ἦν
3652 3480 3739 3526 τις
3778 3465 3839 3515 ἐν

2243 3564 2308 3633 τῇ
2342 3562 2495 3616 πόλει
2521 3562 2749 3633 ὀνόματι
2783 3561 2989 3633 Πέτρος
3047 3557 3225 3629 λόγιος
3276 3556 3370 3611 καὶ
3412 3554 3744 3639 σκωπτικδς,
3778 3554 3841 3607 ὅ)

2244 3657 2339 3709 καὶ
2375 3656 2865 3727 πτωχομάγιστρον
2924 3652 3177 3707 ἐκάλουν.
3216 3649 3419 3703 Τοῦτον
3451 3647 3840 3722 προσκαλεσάο

2248 3762 2409 3816 μενος
2432 3746 2652 3818 Μιχαὴλ
2680 3747 2737 3800 ὲν
2769 3743 2847 3810 τῷ
2872 3743 3088 3813 σταύλῳ
3150 3741 3506 3794 ὑπεδείκνυεν
3549 3738 3696 3809 αὑτῷ
3737 3738 3839 3807 τὴν

2246 3840 2439 3908 ἄλογον
2469 3838 2562 3892 τοῦ
2595 3836 3135 3898 κατασκευασθέντος
3165 3834 3315 3890 οἴκου
3364 3834 3724 3906 εὐπρέπειαν,
3758 3835 3835 3896 ὼς

2248 3932 2575 4003 βουλόμενος
2630 3929 2987 4002 ἐπαινεθῆναι
3061 3928 3194 4000 παρ’
3254 3926 3452 3980 αὐτοῦ’
3511 3925 3682 3980 εἰπὼν
3741 3929 3838 3980 καὶ

2245 4026 2427 4092 τοῦτο,
2463 4027 2538 4092 ὡς
2586 4026 2672 4079 ἀεὶ
2737 4024 3177 4096 μνημονεύεσθαι
3229 4020 3438 4093 μέλλων
3481 4021 3568 4075 διὰ
3596 4021 3695 4092 τὴν
3738 4020 3835 4074 τοῦ

2246 4119 2411 4190 ἔργου
2465 4120 2659 4173 τούτου
2707 4119 3081 4190 κατασκευήν.
3129 4118 3187 4171 '0
3226 4118 3282 4170 δὲ
3341 4116 3445 4187 ἔφη
3485 4115 3560 4188 τῷ
3590 4115 3833 4186 βασιλεῖ’

2257 4211 2630 4274 Ἶουστινισνὸς
2650 4211 2866 4266 ἔκτισεν
2883 4210 2983 4283 τήν
3004 4210 3264 4283 Μεγάλην
3281 4210 3609 4280 Ἐκκλησίαν
3623 4210 3835 4279 κοσμή-

2246 4321 2345 4367 σας
2377 4303 2587 4375 χρυσῷ,
2641 4304 2737 4357 καὶ
2784 4303 3044 4375 ἀργύρῳ,
3099 4305 3191 4357 καὶ
3251 4304 3566 4376 μαρμάροις
3613 4300 3834 4356 πολυτί-

2249 4412 2390 4467 μοις·
2442 4397 2537 4451 καὶ⁸
2573 4398 2763 4469 μνήμη
2809 4397 2974 4450 αὑτοῦ
3000 4397 3095 4451 νῦν
3124 4398 3223 4450 οὑκ
3249 4398 3387 4452 ἔστι.
3428 4397 3537 4450 Καὶ
3566 4397 3649 4460 σὺ,
3679 4395 3833 4466 βασι-

541 4487 680 4533 est:
722 4488 781 4533 tu
818 4492 970 4542 vero,
1022 4479 1342 4548 imperator,
1402 4478 1633 4534 stercori
1686 4480 1815 4534 loco
1866 4480 2132 4538 destinato

2244 4489 2362 4554 λεῦ,
2409 4490 2768 4563 κοπροθέσιον
2821 4493 3055 4561 ποιήσας
3099 4492 3193 4545 καὶ
3236 4491 3451 4561 ἀλόγων
3500 4491 3830 4553 ἀνάπαυσιν,

542 4582 928 4637 equorumque
964 4567 1244 4625 domicilio
1274 4578 1620 4633 constructo,
1654 4569 1924 4626 celebrem
1959 4582 2142 4642 postc-

2245 4582 2425 4651 λέγεις
2479 4582 2921 4655 μνημονεύεσθαι
2983 4582 3073 4637 διά
3098 4583 3331 4649 τούτους
3368 4582 3425 4635 '0
3460 4580 3514 4635 δὲ
3544 4580 3831 4653 ἀποτυχὼν

551 4662 703 4717 ritati
750 4668 803 4717 te
858 4661 1113 4723 futurum.
1156 4660 1412 4719 asseris?
1440 4660 1539 4718 ille
1584 4662 1842 4719 laudibus
1884 4678 2024 4735 quas
2079 4680 2132 4720 ei

2245 4675 2354 4727 τῶν
2407 4675 2469 4742 ἐξ
2506 4674 2673 4729 αὑτοῦ
2716 4675 2979 4738 ἐπαίνων,
3026 4675 3123 4729 καὶ
3156 4674 3458 4747 ὀργισθεὶς,
3494 4674 3834 4744 τυπτόμενον

539 4754 667 4825 ejus
699 4768 797 4811 ore
832 4756 1143 4813 venabatur
1174 4754 1499 4822 frustratus,
1524 4770 1792 4813 accensus
1818 4757 1922 4823 ira,
1959 4758 2132 4815 verbe-

2247 4766 2347 4822 καὶ
2370 4768 2672 4839 συρόμενον
2695 4767 2966 4841 ἐξήγαγεν
2989 4767 3081 4822 τὸν
3104 4768 3619 4841 πτωχομάγιστρον.
3638 4768 3831 4839 Φήμης

544 4855 727 4903 ratum
760 4856 815 4903 et
844 4861 942 4917 per
958 4848 1069 4902 vim
1095 4858 1328 4902 tractum
1352 4844 1658 4916 Pauperem
1674 4846 1993 4918 Magistrum
2015 4865 2132 4905 cont

2250 4861 2307 4915 δὲ
2346 4861 2669 4934 διαοεοὺσης
2701 4864 2831 4935 περὶ
2882 4864 3065 4937 Βάρδα
3110 4864 3413 4936 Καίσαρος,
3437 4864 3519 4919 ὅτι
3550 4866 3614 4934 τῇ
3644 4861 3832 4934 νύμφῃ

546 4950 741 5010 specta
787 4939 1020 5009 expulit.
1084 4937 1327 4996 Bumore
1363 4954 1494 4996 vero
1547 4954 1644 5012 per
1701 4941 1893 4997 urbem
1953 4956 2132 5015 sparst

2253 4953 2419 5008 αὑτοῦ
2449 4955 2849 5029 συμφθείρεται
2888 4956 3024 5029 (54),
3068 4956 3229 5012 τοῦτο
3284 4959 3529 5020 ἀκούσας
3573 4957 3830 5027 Ἰγνάτιος

546 5036 787 5094 [tardam
839 5035 1116 5093 Caesarem
1170 5052 1297 5093 cum
1355 5053 1498 5093 nuru
1551 5040 1775 5109 propria
1821 5050 2132 5111 corruptam

2243 5047 2272 5099 ὁ
2314 5045 2663 5119 πατριάρχης
2708 5049 2974 5113 πολλάκις
3006 5048 3320 5124 παρῄνεσεν
3370 5050 3535 5103 αὑτὸν
3590 5049 3829 5121 ἀποσχέ-

546 5141 737 5187 tenere
783 5131 1265 5195 consuetudinem,
1296 5130 1619 5200 eodemque
1674 5130 1741 5185 ad
1775 5134 2132 5202 patriarcham

2247 5138 2371 5193 σθαι
2412 5139 2506 5193 τοῦ
2560 5141 2809 5196 τοιούτου
2842 5123 3175 5216 μιάσματος,
3232 5144 3327 5200 καὶ
3369 5144 3447 5216 μὴ
3497 5123 3829 5217 πρόσκομμα

541 5220 753 5284 delato,
795 5219 1061 5289 lgnatius,
1109 5228 1166 5275 ut
1219 5221 1323 5275 hoc
1386 5221 1594 5276 scelere
1648 5221 1973 5289 abstineret,
2033 5224 2132 5299 fre-

2242 5227 2389 5288 εἶναι
2421 5234 2656 5302 πολλῶν,
2688 5236 2782 5290 τὸν
2813 5238 3015 5308 ἀρετῆς
3061 5236 3371 5309 ὑπόδειγμα
3418 5239 3513 5292 καὶ
3556 5235 3831 5311 σώφρονος

548 5316 806 5385 queutius
830 5313 1142 5379 admonuit,
1179 5330 1247 5370 ne
1283 5314 1539 5383 plurimis
1572 5313 1964 5371 offendiculmn
2002 5333 2132 5389 prae-

2247 5325 2365 5397 βίου
2397 5325 2538 5383 εἶναι
2566 5329 2876 5400 ὀφείλοντα.
2921 5330 2981 5383 '0
3004 5329 3061 5384 δὲ
3096 5330 3172 5401 μὴ
3202 5328 3525 5401 πειθόμενος
3553 5331 3728 5401 ἐνεῖχε
3755 5327 3829 5399 τῷ

548 5407 724 5471 heret,
767 5408 862 5478 qui
896 5410 1115 5464 virtutis
1136 5418 1192 5463 et
1226 5408 1409 5464 omnis
1463 5411 1838 5479 temperantia:
1890 5412 2132 5483 exemplo

2243 5422 2585 5495 πατριάρχῃ·
2631 5425 2723 5479 καὶ
2775 5424 2838 5495 δή
2891 5440 3023 5478 ποτε
3061 5421 3349 5495 μέλλοντος
3378 5421 3695 5498 [μέλλοντα]
3718 5441 3828 5478 κοι-

544 5513 670 5553 esse
706 5497 991 5555 debuerat.
1052 5498 1147 5555 lite
1199 5510 1381 5556 autem
1420 5501 1747 5572 patriarcha:
1788 5516 1993 5558 morem
2027 5520 2132 5560 non

2246 5518 2439 5569 νωνετν
2462 5517 2551 5569 τὸν
2579 5517 2793 5588 Βάρδαν
2849 5518 2877 5570 ὁ
2919 5509 3270 5589 πατριάρχης
3318 5515 3599 5581 ἀπώσατο,
3640 5497 3717 5582 ὥς
3756 5513 3829 5588 μὴ

1703 5614 1958 5674 FRANC.
1992 5618 2390 5685 consensu
2430 5629 2662 5705 sema.

580 5706 1007 5799 Lfyjuﬂempe
1049 5712 1380 5799 repudiata,
1432 5719 1492 5769 ut
1546 5713 1714 5770 habet
1757 5705 2132 5769 .Continuator

2238 5729 2315 5786 lt..
2347 5722 2559 5792 ἀλόγως
2602 5724 2696 5776 καὶ
2722 5723 3001 5790 ἀναιτίως,
3042 5726 3192 5780 nulla
3238 5710 3463 5791 ratione,
3537 5732 3630 5778 aut
3676 5723 3827 5793 ,ἔεῃιε

545 5791 680 5833 mna
712 5796 899 5847 causa,
941 5797 1111 5838 uxore
1154 5791 1395 5855 propria.
