4046 6302
232 445 367 527 ⁴1073

1497 452 2170 515 CHRONOGRAPHIA.

3336 452 3471 516 1374

240 573 532 646 πειθόμενον
554 567 828 639 κανόσινῆ
854 566 1264 639 παραινέσεσιν.
1297 565 1392 631 ’ος
1416 563 1508 639 [⁸0
1538 564 1622 639 δὲ]
1644 566 1782 638 ὀργῇ

1899 566 2077 639 gessit.
2130 566 2211 622 Ad
2277 562 2721 628 communionem
2786 561 2955 632 igitur
3018 564 3248 621 Bardam
3319 579 3473 624 certo

240 668 443 743 πληγεὶς
482 661 579 733 τὴν
606 660 806 732 ψυχὴν,
827 660 921 714 τὸν
963 658 1302 729 παραινέτην
1333 657 1409 722 ὡς
1439 658 1641 729 ἄνομόν
1665 675 1787 713 τινα

1899 669 2133 728 tempore
2187 656 2559 721 accedentem,
2623 653 2816 724 repulit
2850 655 3184 725 patriarcha,
3231 674 3327 715 ceu
3380 663 3473 730 qui

241 761 324 817 καὶ
382 754 582 826 φθορέα
633 752 731 823 τῆς
775 752 1101 824 Ἐκκλησίας
1138 750 1389 819 ἐξέωσεν,
1420 751 1512 805 καὶ
1534 751 1787 821 βασάνοις

1899 747 2194 805 canonibus
2233 755 2286 802 et
2346 745 2570 803 monitis
2624 760 2732 801 non
2791 745 3215 816 obtemperaret.
3247 748 3471 806 Hieira:

238 852 461 923 ἀπείροις
510 849 606 902 καὶ
663 847 964 917 ἀνημέροις
1022 844 1311 910 ὑπέϐαλεν,
1368 845 1509 900 ὥστε
1560 847 1787 917 ποιῆσαι

1899 841 2047 913 plaga
2088 855 2385 911 percussus
2438 839 2705 899 animum.
2759 838 3080 893 monitorem
3113 840 3261 895 velut
3304 843 3477 899 scele-

237 946 540 1019 παραξτησιν
567 941 704 1009 (55).
734 940 841 993 Τοῦ
871 941 927 994 δὲ
958 939 1034 1013 μὴ
1083 938 1400 1003 πεισθέντος
1443 938 1648 993 Φὼτιον
1676 957 1786 992 πα-

1888 944 2068 991 ratum
2107 943 2162 991 et
2190 950 2403 989 morum
2432 942 2814 1004 corruptorem
2846 933 3088 989 Ecclesia
3138 934 3321 1003 ejecit,
3354 936 3478 992 inll-

236 1038 476 1110 τριάρχην
542 1033 657 1087 ἀντ’
718 1032 885 1087 αὐτοῦ
949 1034 1250 1104 χειροτονεῖ
1319 1031 1788 1104 πρωτασηκρῆτιν

1899 1028 2130 1097 nitisque
2153 1027 2533 1082 vexationibus
2564 1041 2619 1081 et
2652 1027 2948 1082 tormentis
3002 1025 3317 1083 crudelibus
3346 1028 3480 1084 sub.

236 1132 350 1185 ὄντα
378 1128 491 1183 κατ’
510 1128 688 1181 ἐκεῖνο
709 1124 930 1198 καιροῦ,
964 1126 1059 1178 καὶ
1083 1119 1415 1192 λογιώτατον
1447 1123 1613 1179 πάνυ.

1888 1120 2042 1192 jecit,
2073 1122 2239 1176 adeo-
2261 1130 2322 1175 ut
2348 1120 2612 1191 dignitate
2644 1136 2703 1175 se
2742 1121 3041 1176 abdicaret.
3095 1119 3304 1192 lgnatio
3337 1120 3478 1180 resi-

236 1233 410 1285 stemc,
444 1222 558 1275 loco
603 1218 779 1287 ipsius
827 1214 1084 1271 Photinm
1120 1215 1541 1273 secretariorum
1575 1215 1792 1280 ducem,
1834 1212 2011 1268 virum
2039 1213 2445 1284 ejustemporis
2473 1212 2907 1269 eruditissimum
2949 1208 3323 1284 patriarcham
3387 1229 3474 1272 or-

234 1315 392 1372 dinari
414 1322 584 1369 curat.

305 1407 359 1461 '0
385 1406 438 1460 δὲ
471 1402 724 1475 βασιλεὺς
748 1397 1184 1471 ἐπεστράτευσεν
1227 1398 1374 1455 κατὰ
1401 1398 1511 1453 τῶν
1554 1399 1789 1470 Ἀγαρη-

234 1501 328 1554 νῶν
368 1496 676 1553 καταλιπὼν
700 1498 758 1549 ἐν
784 1497 849 1567 τῇ
879 1494 1056 1559 πόλει,
1086 1491 1264 1567 ταύτῃ
1300 1490 1555 1565 [ταύτην]
1589 1487 1791 1562 φυλάτ-

233 1610 334 1647 τειν
372 1590 630 1661 ὀορύφαν
663 1587 912 1659 ὕπαρχον
949 1585 1102 1641 ὄντα.
1138 1585 1328 1650 Ὅστις
1366 1584 1520 1640 οὔπω
1557 1586 1651 1641 τοῦ
1692 1586 1791 1658 βα-

236 1684 409 1747 σιλέως
435 1681 584 1755 [ηάά.
640 1680 860 1752 μακρὰν
890 1677 1169 1753 ἁπόντος],
1218 1679 1341 1734 οὐδὲ
1374 1678 1432 1746 ἐξ
1452 1676 1526 1737 ὧν
1559 1680 1791 1751 ἐμελέτα

1962 1396 2132 1451 Porro
2163 1394 2462 1465 imperator
2484 1392 2723 1464 Ouripha
2754 1395 3028 1465 praefecto,
3058 1407 3115 1455 ttt
3141 1414 3261 1455 eam
3293 1408 3483 1457 custo-

1892 1489 2056 1556 diret,
2096 1489 2150 1543 in
2192 1488 2328 1545 urbe
2362 1488 2575 1555 relicto,
2621 1489 2885 1547 adversus
2923 1491 3202 1561 Agarcnos
3256 1496 3486 1564 CXthll"

1894 1582 2098 1637 tionem
2131 1579 2395 1651 suscepit.
2425 1579 2693 1651 Ooriphas
2720 1582 3034 1654 imperatori
3055 1585 3296 1641 nondum
3321 1587 3485 1660 longe

1894 1675 2095 1746 posito,
2124 1688 2304 1744 neque
2331 1687 2521 1729 eorum
2551 1688 2673 1741 quae
2701 1675 3067 1732 meditabatur
3124 1685 3178 1733 et
3209 1678 3263 1734 in
3300 1692 3485 1737 mente

236 1774 369 1851 [οάά.
399 1774 510 1849 καὶ]
539 1774 683 1830 κατὰ
714 1771 837 1829 νοῦν
870 1769 1014 1845 εἶχεν
1033 1772 1187 1846 [αάᾱ.
1218 1773 1328 1827 οὐδ’
1359 1772 1559 1847 ὁτιοῦν]
1587 1790 1787 1846 κατερ-

1899 1767 2153 1834 habebat,
2187 1766 2490 1838 quidquam
2517 1777 2801 1835 exsecuta,
2831 1769 3126 1841 impiorum
3169 1771 3476 1830 Russorum

234 1868 543 1940 γασαμένου,
591 1866 691 1938 τὴν
744 1865 854 1921 τῶν
910 1865 1088 1920 άθέων
1152 1863 1290 1931 Ῥὼς
1351 1864 1463 1939 (56)
1513 1866 1785 1937 ἐμήνυσεν

236 1961 397 2033 ἄφιξιν
418 1956 821 2031 γεγενημένους
844 1956 1207 2032 [γενομένων]
1234 1957 1336 2030 ἤδη
1369 1957 1511 2013 κατὰ
1528 1958 1621 2012 τὸν
1634 1958 1792 2014 Μαῦ-

236 2069 318 2123 ρον
351 2051 605 2121 ποταμόν.
633 2051 742 2105 Καὶ
767 2052 795 2105 ὁ
828 2050 928 2120 μὲν
953 2048 1208 2121 βασιλεὺς
1264 2050 1360 2103 καὶ
1392 2050 1490 2118 τῆς
1524 2049 1792 2121 ἐχομένης

235 2145 481 2217 ἐπεσχέθη
509 2145 654 2212 ὀδοῦ,
682 2145 776 2198 καὶ
827 2145 897 2197 δι’
922 2144 989 2216 ἢν
1032 2141 1238 2214 ταύτην
1277 2142 1365 2215 [δὴ
1397 2142 1625 2217 ταύτην]
1683 2147 1790 2211 ἀψ-

232 2238 371 2309 ῆκεν,
400 2237 514 2291 οὐδὲ
547 2236 671 2310 [καὶ
702 2234 877 2309 οὐδὲν]
904 2234 1183 2306 βασιλικὸν
1205 2235 1301 2289 καὶ
1330 2236 1576 2303 γενναῖον
1599 2235 1787 2308 εἰργάο

234 2348 369 2385 σατο.
398 2334 457 2384 Oi
486 2330 541 2385 δέ
581 2329 718 2395 Ῥὼς
740 2328 1051 2400 φθάσαντες
1098 2326 1249 2381 ἔνδον
1290 2324 1384 2380 τοῦ
1428 2326 1598 2397 Ἱεροῦ
1625 2327 1792 2381 πολὺν

233 2424 539 2495 εἰργάσαντο
590 2420 793 2496 φθόρον
857 2419 1229 2494 Χριστιανῶν,
1276 2419 1373 2475 καὶ
1422 2417 1597 2473 άθῶον
1654 2410 1794 2490 αἷμα

233 2517 448 2591 ἐξέχεον.
483 2518 763 2589 ’Υπῆρχον
787 2516 843 2571 δὲ
864 2516 1024 2570 πλοῖα
1054 2514 1336 2581 διακόσια,
1357 2513 1395 2569 ἃ
1425 2512 1794 2585 περιεκὺκλωο

233 2627 319 2665 σαν
346 2609 441 2683 τὴν
465 2610 642 2675 πόλιν,
662 2612 756 2665 καὶ
782 2611 949 2665 πολὺν
973 2609 1139 2679 φόϐον
1164 2611 1279 2673 τοῖς
1308 2607 1519 2662 ἔνδοθεν
1546 2608 1793 2679 ἐνεποίη-

233 2720 339 2759 σαν.
376 2704 435 2759 ὀ
457 2705 514 2759 δέ
544 2705 803 2775 βασιλεὺς
848 2702 1197 2765 καταλαϐὼν,
1234 2703 1390 2773 μόλις
1419 2700 1643 2772 ἴσχυσεν
1675 2700 1795 2754 δια-

232 2793 471 2866 περᾶσαι,
502 2796 598 2851 καὶ
628 2794 695 2867 δὴ
716 2796 813 2850 σὺν
868 2793 947 2865 τῷ
993 2794 1305 2864 πατριάρχῃ
1339 2791 1531 2864 Φωτὶῳ
1577 2794 1658 2855 εἰς
1703 2792 1795 2845 τὸν

231 2886 281 2940 ἐν
309 2884 636 2959 Βλαχέρναις
668 2885 797 2941 ναὸν
844 2884 945 2958 τῆς
992 2885 1087 2940 τοῦ
1117 2883 1255 2939 Θεοῦ
1285 2880 1515 2954 Μητρὸς
1560 2882 1798 2955 παρεγέ-

229 2994 365 3033 νοντο
391 2994 404 3008 '
427 2979 590 3034 κάκεῖ
610 2979 672 3035 τὺ
699 2979 854 3034 Θεῖον
893 2976 1246 3046 ἐξιλεοῦνται.
1315 2972 1450 3032 Εἶτα
1494 2976 1615 3046 μεθ’
1662 2978 1798 3048 ὑμν-

228 3070 378 3142 ῳδίας
397 3074 456 3128 το
477 3074 634 3144 άγιον
657 3073 1021 3144 ἐξαγαγόντες
1046 3072 1148 3143 τῆς
1167 3071 1433 3127 Θεοτόκου
1454 3069 1791 3141 ὡμοφόριον,

231 3165 289 3235 τῇ
319 3163 559 3240 θαλάσσῃ
588 3166 747 3238 άκρῳ
777 3165 1135 3237 προσέϐαλον.
1169 3158 1283 3219 Καὶ
1311 3162 1573 3236 νηνεμίας
1604 3161 1792 3235 οὔσης,
1820 3179 1864 3242 C

228 3254 376 3321 εὐθὺς
402 3255 623 3331 ἀνέμων
652 3258 914 3330 ἐπιφορὰ,
954 3259 1047 3314 καὶ
1096 3255 1511 3336 τῆςθθαλάσσης
1546 3254 1792 3327 ἠρεμού-

232 3364 337 3419 σης,
371 3351 635 3423 κυμάτων
665 3350 1070 3415 ἐπαναστάσεις
1093 3347 1487 3420 ἁλλεπάλληλοι
1518 3348 1792 3418 ἐγεγόνει-

231 3458 337 3508 σαν,
387 3442 482 3498 καὶ
538 3444 611 3499 τὰ
660 3440 769 3498 τῶν
814 3442 994 3498 ἀθέων
1040 3442 1177 3506 Ῥὼς
1208 3442 1370 3500 πλοῖα
1402 3440 1789 3518 κατεάγησαν,

230 3531 410 3601 ὀλίγων
466 3537 865 3607 ἐκπεφυγότων
922 3535 1014 3588 τὸν
1072 3533 1338 3590 κίνδυνον.
1388 3532 1571 3605 seps:
1609 3531 1665 3586 δὲ
1698 3528 1793 3585 τοῦ

228 3622 491 3696 Καίσαρος
517 3630 576 3681 ἐν
594 3630 662 3698 τῇ
696 3626 1018 3699 προελεύσει
1045 3624 1394 3698 διερχομένου
1419 3624 1558 3696 μετὰ
1584 3639 1793 3694 σκαρα-

230 3718 450 3783 μαγγῐου
477 3717 648 3784 ὀξέως
681 3718 761 3782 εἰς
789 3719 849 3772 τὸ
868 3716 1187 3789 ὡρολόγιον,
1212 3715 1582 3788 καθεζόμενος
1614 3715 1796 3769 ἐκεῖσε

228 3806 486 3875 Δαμιανὺς
518 3808 816 3882 πατρίκιος
870 3809 965 3862 καὶ
1005 3806 1507 3880 παρακοιμὼμενος
1559 3807 1661 3862 οὐκ
1698 3810 1795 3861 ἐπ-

229 3897 414 3971 εγέρθη
430 3901 665 3972 τιμῆσαι
687 3902 875 3956 αὐτόν.
891 3900 1093 3956 Τοῦτον
1111 3898 1237 3955 ἰδὼν
1252 3902 1279 3955 ὁ
1301 3902 1519 3971 Καῖσαρ
1539 3898 1797 3972 ἐθυμώθη

228 3989 366 4045 λίαν·
401 3993 492 4048 καὶ
514 3994 857 4060 εἰσελθόντος
915 3994 1082 4049 αὐτοῦ
1114 3997 1194 4059 εἰς
1224 3993 1285 4048 τὸ
1326 3993 1797 4067 χρυσοτρεκλινον,

229 4083 313 4137 καὶ
341 4087 808 4155 συγκαθεσθέντος
835 4086 915 4159 τῷ
946 4086 1180 4159 βασιλεῖ,
1219 4088 1310 4143 καὶ
1338 4087 1668 4159 δακρύοντος
1692 4087 1802 4140 ἀπὸ

226 4175 383 4247 ὀργῆς
424 4180 518 4234 καὶ
579 4178 778 4251 θυμοῦ,
807 4180 1098 4254 ἠρώτησεν
1124 4181 1225 4253 τὴν
1266 4180 1445 4235 αἰτίαν
1470 4182 1498 4235 ὁ
1522 4179 1797 4252 βασιλεῦς.

238 4267 290 4322 ’0
314 4269 367 4324 δέ
401 4271 528 4344 εφη,
559 4273 645 4328 ὅτι
674 4273 753 4346 Τῇ
785 4272 1034 4327 κελεύσει
1057 4272 1158 4343 τῆς
1190 4272 1470 4344 βασιλείας
1500 4290 1596 4326 σου
1629 4272 1801 4343 ἠξιώ-

1893 1860 1960 1916 ad
1990 1854 2220 1932 Nigrum
2252 1858 2477 1915 ﬂuvium
2510 1859 2880 1931 protectorum
2921 1862 3214 1919 adventum
3241 1866 3480 1922 nuntiat.

1892 1950 2212 2023 Imperator,
2274 1962 2507 2023 arrepta
2559 1953 2659 2009 viae
2718 1954 3014 2024 pmnitens,
3078 1957 3480 2027 expeditionem

1894 2045 2144 2109 remittit,
2195 2045 2332 2101 nihil
2383 2046 2593 2117 regium
2640 2046 2723 2103 vel
2775 2063 3102 2116 generosum
3158 2060 3476 2108 exsecutus.

1894 2137 2057 2194 Russi
2086 2136 2309 2193 Hierum
2333 2153 2507 2208 usque
2528 2144 2878 2209 penetrantes
2900 2141 3191 2211 plurimam
3214 2143 3478 2202 Christia-

1895 2245 2092 2285 norum
2133 2229 2337 2286 caedem
2393 2229 2685 2288 ediderunt
2738 2241 2793 2287 et
2837 2232 3124 2290 innoxium
3161 2235 3477 2294 eﬂ‘uderunt

1894 2323 2241 2394 sanguinem.
2302 2321 2476 2379 Erant
2537 2324 2645 2381 illis
2705 2325 2919 2399 navigia
2983 2327 3238 2394 ducenta,
3279 2331 3483 2401 quibus

1895 2420 2086 2475 urbem
2126 2420 2631 2487 circumdederunt,
2672 2428 2726 2477 et
2760 2422 2972 2480 civibus
3004 2432 3268 2481 terrorem
3299 2424 3487 2483 incus-

1895 2521 2088 2569 serunt
2114 2513 2412 2585 ingentem.
2455 2513 2655 2571 Urbem
2689 2531 2885 2573 versus
2933 2518 3210 2588 appelletis
3238 2519 3481 2591 impera-

1898 2611 2003 2668 tor,
2027 2603 2115 2658 vix
2143 2604 2319 2675 putuit
2342 2604 2678 2676 pertransire
2706 2618 2760 2662 et
2788 2608 3021 2678 ingredi,
3054 2619 3109 2665 et
3135 2609 3336 2667 exinde
3359 2626 3481 2667 cum

1897 2696 2207 2764 patriarcha
2235 2695 2432 2753 Photio
2450 2699 2518 2754 ad
2541 2709 2747 2756 sanctae
2777 2700 2868 2757 Dei
2893 2703 3191 2762 Genitricis
3215 2708 3478 2776 templum

1898 2787 2297 2847 Blachernense
2324 2793 2579 2856 accessit,
2609 2792 2701 2849 ubi
2736 2793 2982 2851 divinum
3009 2794 3222 2854 Numen
3261 2799 3483 2869 placare

1898 2876 2256 2933 contendunt.
2301 2876 2507 2934 Deinde
2543 2895 2668 2934 cum
2730 2881 3059 2961 hymnorum
3101 2886 3358 2944 cantibus
3382 2903 3474 2942 sa-

1899 2984 2044 3024 crant
2077 2970 2321 3041 Deiparm
2353 2983 2558 3027 vestem
2585 2972 2894 3042 ell‘crentes,
2924 2985 3169 3034 extremo
3203 2980 3371 3036 maris
3393 2979 3484 3035 lito

1898 3064 2001 3116 tori
2033 3077 2152 3117 eam
2186 3061 2354 3136 464
2382 3064 2778 3123 admoverunt:
2825 3083 3134 3140 magnaque
3168 3072 3322 3143 prius
3354 3072 3480 3129 data

1899 3154 2041 3209 aeris
2076 3156 2489 3227 tranquillitate,
2552 3157 2840 3214 confestim
2898 3170 3185 3218 ventorum
3240 3164 3482 3234 impetus

1898 3246 2194 3304 vehemens
2220 3248 2513 3317 excitatus,
2560 3258 2615 3305 et
2665 3252 2721 3306 in
2766 3253 2903 3308 mari
2948 3253 3100 3325 prius
3128 3257 3483 3326 pacatissimo

1894 3339 2161 3396 ﬂuctuum
2220 3341 2459 3400 insultus
2490 3346 2556 3400 ad
2591 3344 2827 3402 invicem
2865 3347 2992 3402 facti
3041 3358 3170 3405 sunt
3211 3351 3480 3421 ingentes,

1896 3433 2032 3488 adeo
2055 3446 2113 3488 ut
2137 3434 2430 3505 impiorum
2462 3434 2767 3494 Russorum
2811 3441 3026 3512 navigia
3071 3441 3485 3515 confringereno

1897 3533 2006 3591 tur,
2033 3528 2225 3597 paucis
2248 3543 2436 3584 eorum
2460 3531 2704 3601 periculo
2726 3533 2947 3604 ereptis.
2991 3533 3180 3589 Barda
3201 3550 3333 3591 vero
3359 3535 3477 3593 Cse-

1898 3619 2010 3677 sari
2041 3621 2241 3677 celebri
2265 3638 2525 3694 processu
2553 3624 2752 3691 delato,
2780 3633 2835 3682 et
2863 3626 3088 3684 violacei
3126 3627 3327 3684 coloris
3357 3643 3482 3685 sca—

1898 3714 2187 3786 ramangio
2217 3714 2430 3785 induto,
2466 3716 2767 3775 Damianus
2800 3720 3066 3790 patricius
3110 3729 3164 3776 et
3197 3720 3485 3779 accubitor

1901 3807 1967 3862 ad
2020 3808 2364 3879 horologium
2410 3810 2610 3867 sedens
2656 3811 2920 3868 honorem
2974 3812 3323 3872 exhibiturus
3371 3832 3480 3870 non

1900 3901 2222 3957 assurrexit.
2274 3902 2353 3958 Eo
2392 3902 2512 3961 viso
2544 3905 2730 3962 Caesar
2759 3906 2838 3963 ira
2875 3907 3194 3973 excanduit,
3250 3909 3485 3964 desurac

1905 3989 2136 4066 tumque
2183 3996 2482 4052 triclinium
2538 3996 2845 4070 ingressus,
2891 4010 2946 4056 et
2994 4001 3060 4056 ad
3093 4001 3481 4073 imperatorem

1902 4088 2217 4153 considens,
2250 4105 2318 4145 ex
2345 4104 2584 4146 mmrore
2621 4098 2677 4146 et
2709 4090 2898 4149 furore
2928 4093 3191 4167 lacrymis
3225 4094 3484 4166 perfusus

1902 4190 2005 4238 est.
2066 4182 2304 4238 Causam
2358 4183 2935 4256 imperatori'roganti
2984 4188 3123 4244 dixit
3176 4188 3269 4244 ille
3300 4206 3315 4243 :
3347 4187 3483 4243 Mihi

1904 4276 2122 4347 imperii
2155 4277 2231 4332 tui
2257 4277 2420 4350 jussu
2449 4278 2715 4351 dignitate
2746 4296 2940 4353 magna
2973 4290 3233 4352 provecto
3265 4280 3486 4337 Damia-

229 4358 319 4430 θην
373 4364 539 4436 τιμῆς
607 4365 889 4437 μεγάληςο
946 4366 1219 4435 Δαμιανὸς
1252 4366 1311 4420 δὲ
1361 4367 1440 4430 εἰς
1470 4365 1563 4421 σδν
1599 4364 1796 4428 ὄνειδος

1906 4386 2032 4435 nus,
2058 4370 2110 4423 in
2147 4370 2226 4424 tui
2267 4385 2334 4427 ac
2362 4370 2576 4440 imperii
2601 4372 2676 4426 tui
2710 4383 3105 4444 contemptum.
3157 4386 3346 4430 senatu
3391 4388 3485 4431 co-

230 4456 314 4508 καὶ
361 4457 459 4529 τῆς
516 4461 619 4530 σῆς
662 4458 968 4529 βασιλείας,
1017 4459 1118 4513 οὐκ
1156 4458 1432 4530 ὲπεγέρθη
1461 4476 1551 4529 μοι
1574 4459 1668 4512 ἐπὶ
1704 4459 1796 4531 τῆς

1909 4461 2214 4531 mitatuque
2245 4469 2518 4533 praesente
2572 4479 2681 4518 non
2719 4465 3046 4521 assurrexit.
3092 4464 3269 4521 Iratus
3314 4467 3487 4537 impe-

231 4549 848 4626 σνγκλήτου.Θυμωθεὶς
875 4553 931 4607 δὲ
957 4554 986 4607 ό
1013 4551 1289 4622 βασιλεὺς,
1313 4551 1659 4624 Μαξιμιανόν
1682 4540 1796 4604 τινα

1912 4564 2059 4609 rator
2094 4552 2486 4625 Maximianum
2516 4557 2793 4625 quondam
2830 4559 3226 4615 cubicularium
3267 4555 3486 4619 Damia-

231 4644 533 4718 κοιτωνιτην
593 4645 878 4715 παρευθὺς
944 4646 1281 4718 προστάσσει
1330 4640 1459 4715 ἆραι
1503 4642 1796 4713 Δαμιανδν,

1909 4662 2038 4702 num
2072 4647 2283 4711 tollere,
2322 4657 2377 4703 et
2413 4649 2481 4705 ad
2515 4648 2700 4705 Sancti
2739 4650 3033 4707 Mamantis
3057 4654 3364 4722 emporium
3392 4652 3487 4708 ab-

231 4737 311 4791 καὶ
328 4739 382 4793 ἐν
409 4740 486 4812 τῷ
516 4741 771 4812 ἐμπορίῳ
804 4739 899 4797 τοῦ
928 4740 1114 4811 ’Ᾱγίου
1134 4742 1432 4808 Μάμαντος
1462 4740 1796 4808 ἀπαγαγεῖν·

1907 4736 2139 4794 ductum
2173 4738 2492 4806 detondere,
2540 4747 2596 4795 et
2646 4740 2701 4796 in
2754 4743 3060 4798 custodiam
3106 4745 3321 4800 mittere
3352 4760 3484 4799 con-

232 4832 314 4884 καὶ
331 4833 515 4890 τοῦτον
548 4837 847 4906 ἀποκεῖραι
884 4835 1125 4907 πρῶτον,
1156 4835 1249 4888 καὶ
1288 4829 1429 4887 εἶναι
1461 4834 1520 4886 ὲν
1551 4832 1794 4902 φρουρᾷ·

1905 4829 2086 4885 festini
2114 4830 2311 4901 jubet:
2344 4831 2649 4903 eodemque
2680 4834 2767 4887 die
2813 4833 3071 4890 Basilium
3112 4847 3483 4906 pratostratu-

234 4920 317 4976 καὶ
341 4927 405 4996 τῇ
448 4928 591 5000 αὐτῇ
647 4926 831 4999 ἡμέρᾳ
890 4924 1257 4997 προϐάλλεται
1316 4925 1796 4996 πρωτοστράτωρα

1903 4939 2019 4979 rem
2057 4924 2109 4979 in
2142 4925 2508 4980 accubitorem
2543 4926 2743 4982 evehit.
2801 4925 2917 4984 Hoc
2966 4928 3153 4985 audito
3180 4929 3369 4986 Caesar.
3396 4930 3483 4984 in-

235 5013 497 5074 Βασελειον
530 5021 1058 5093 παρακοιμώμενον.
1104 5018 1544 5091 Ἐξηλοτύπησεν
1575 5016 1633 5072 δὲ
1666 5016 1801 5069 Καῖ-

236 5120 331 5176 σαρ
359 5108 516 5163 τοῦτο
544 5110 813 5179 ἀκούσας,
867 5112 964 5167 καὶ
1004 5110 1190 5165 ἔκτοτε
1248 5109 1435 5180 ἐζήτει
1478 5109 1800 5163 ἀποκτεῖναι

236 5194 519 5258 Βασίλειον.
572 5204 872 5276 Ἐχὼρισεν
918 5203 1071 5277 [adat
1116 5203 1197 5278 δὲ]
1238 5202 1522 5258 Βασίλειον
1577 5200 1799 5273 Μιχαὴλ

234 5286 322 5354 τῆς
338 5290 469 5359 [διας
494 5296 762 5364 γυναικὸς
798 5296 1036 5369 Μαρίας,
1060 5291 1310 5359 δεδωκὼς
1336 5294 1485 5364 αὐτῷ
1533 5296 1800 5363 γυναῖκαν

236 5374 485 5440 Εὖδοκὶαν
526 5386 631 5459 τὴν
684 5388 1001 5460 Ἰγγιριναν,
1027 5387 1405 5461 διορισάμενος
1428 5385 1579 5457 αὐτῷ
1604 5385 1801 5456 κυρίαν

1906 5017 2062 5082 viJit,
2110 5027 2164 5073 et
2194 5017 2263 5073 ab
2293 5033 2360 5073 eo
2390 5031 2669 5074 momento
2700 5019 2962 5076 Basilium
3000 5022 3250 5077 occidere
3312 5024 3486 5078 medi-

1906 5110 2145 5166 tabatur.
2187 5110 2423 5166 Michael
2456 5120 2639 5173 autem
2668 5111 2933 5169 Basilium
2970 5131 3095 5171 cum
3119 5129 3289 5171 uxore
3315 5112 3481 5169 Maria

1905 5200 2202 5256 divortium
2226 5201 2367 5257 inire
2388 5202 2584 5273 coegit,
2618 5203 2745 5261 data
2776 5206 2825 5260 ei
2863 5205 3102 5263 Eudocia
3135 5208 3485 5278 lngerina,et

1907 5293 2186 5350 dominam
2238 5310 2665 5368 germanamque
2731 5300 3019 5369 conjugem
3051 5300 3252 5357 habere
3294 5299 3480 5372 jussit.

1910 5384 2039 5441 Erat
2065 5388 2264 5458 quippe
2296 5387 2647 5460 imperatoris
2676 5391 2896 5461 pellex,
2924 5401 2979 5447 et
3020 5393 3089 5450 ab
3137 5408 3203 5450 eo
3250 5408 3352 5450 ceu
3391 5408 3483 5449 ve-

1354 5578 1603 5636 FRANC.
1633 5578 2024 5636 COMBEFISII
2067 5578 2301 5639 ΝΟΤιΕ.

302 5745 409 5817 ('55)
440 5746 557 5814 Quo
593 5765 646 5805 se
682 5749 771 5805 ille
812 5763 1025 5804 munere
1073 5747 1385 5817 abdicaret:
1429 5746 1573 5817 quod
1608 5757 1791 5802 tamen

240 5813 822 5877 tuinime’consecutus
860 5831 976 5886 est,
1020 5818 1302 5875 obnitente
1339 5813 1571 5888 lgnatio,
1617 5818 1795 5888 donec

240 5900 326 5948 per
356 5888 613 5962 iniuriam
656 5889 960 5962 depositus,
991 5890 1155 5962 vique
1180 5886 1441 5962 expulsus
1470 5898 1573 5945 est.
1607 5886 1795 5945 Multis

242 5959 549 6027 lragtediam
605 5956 956 6035 prosequitur
1020 5956 1138 6017 Vit.
1196 5956 1580 6030 continuator,
1628 5968 1687 6016 ut
1738 5968 1793 6014 ct

1894 5743 2474 5817 Nicetasaauctorque
2510 5742 2875 5817 Vitas‘Nicolai
2915 5743 3171 5800 Studitae.

1969 5815 2086 5888 (56)
2116 5814 2313 5888 Narrat
2344 5810 2597 5888 laudatus
2638 5810 3020 5888 Continuatqr,
3054 5830 3232 5886 exque
3263 5831 3344 5888 eo_
3382 5816 3482 5871 Ce~

1896 5882 2123 6013 dtu-enus,
2159 5887 2307 5945 brevi
2345 5894 2470 5960 post
2502 5885 2690 5944 missis
2720 5887 2914 5958 legatis
2946 5882 3273 5944 factos'esse
3314 5884 3480 5943 Chri-

1897 5972 2130 6016 stanos.
