  <div class='ocr_page' id='page_1' title='image "/cluster/home/n/w/nwhite01/storage/ocr_20150623/108/mdp.39015037042556/545.png"; bbox 0 0 4072 6296; ppageno 0'>
   <div class='ocr_carea' id='block_1_1' title="bbox 573 376 706 441">
    <p class='ocr_par' dir='ltr' id='par_1_1' title="bbox 573 376 706 441">
     <span class='ocr_line' id='line_1_1' title="bbox 573 376 706 441; baseline -0.015 -1"><span class='ocrx_word' id='word_1_1' title='bbox 573 376 706 441; x_wconf 82' lang='grc'><strong>1075</strong></span> 
     </span>
    </p>
   </div>
   <div class='ocr_carea' id='block_1_2' title="bbox 1806 374 2607 439">
    <p class='ocr_par' dir='ltr' id='par_1_2' title="bbox 1806 374 2607 439">
     <span class='ocr_line' id='line_1_2' title="bbox 1806 374 2607 439; baseline 0.004 -4"><span class='ocrx_word' id='word_1_2' title='bbox 1806 374 2082 436; x_wconf 74' lang='lat' dir='ltr'><strong>LEONIS</strong></span> <span class='ocrx_word' id='word_1_3' title='bbox 2117 376 2607 439; x_wconf 73' lang='lat' dir='ltr'><strong>GRAMMATICI</strong></span> 
     </span>
    </p>
   </div>
   <div class='ocr_carea' id='block_1_3' title="bbox 3683 386 3829 454">
    <p class='ocr_par' dir='ltr' id='par_1_3' title="bbox 3683 386 3829 454">
     <span class='ocr_line' id='line_1_3' title="bbox 3683 386 3829 454; baseline -0.007 0"><span class='ocrx_word' id='word_1_4' title='bbox 3683 386 3829 454; x_wconf 81' lang='grc'>1076</span> 
     </span>
    </p>
   </div>
   <div class='ocr_carea' id='block_1_4' title="bbox 566 487 2138 582">
    <p class='ocr_par' dir='ltr' id='par_1_4' title="bbox 566 487 2136 560">
     <span class='ocr_line' id='line_1_4' title="bbox 566 487 2136 560; baseline 0 -14"><span class='ocrx_word' id='word_1_5' title='bbox 566 499 784 546; x_wconf 88' lang='lat' dir='ltr'><strong>nustate</strong></span> <span class='ocrx_word' id='word_1_6' title='bbox 839 497 1102 560; x_wconf 70' lang='lat' dir='ltr'><strong>praestans</strong></span> <span class='ocrx_word' id='word_1_7' title='bbox 1162 489 1382 546; x_wconf 86' lang='lat' dir='ltr'><strong>dilecta.</strong></span> <span class='ocrx_word' id='word_1_8' title='bbox 1427 487 1601 544; x_wconf 80' lang='lat' dir='ltr'><strong>Priori</strong></span> <span class='ocrx_word' id='word_1_9' title='bbox 1644 504 1775 545; x_wconf 69' lang='lat' dir='ltr'><strong>vero</strong></span> <span class='ocrx_word' id='word_1_10' title='bbox 1813 491 1934 559; x_wconf 90' lang='lat' dir='ltr'><strong>eius</strong></span> <span class='ocrx_word' id='word_1_11' title='bbox 1980 492 2136 546; x_wconf 78' lang='lat' dir='ltr'><strong>uxori</strong></span> 
     </span>
    </p>
   </div>
   <div class='ocr_carea' id='block_1_5' title="bbox 2242 487 3827 582">
    <p class='ocr_par' dir='ltr' id='par_1_5' title="bbox 2245 488 3827 582">
     <span class='ocr_line' id='line_1_5' title="bbox 2245 488 3827 582; baseline 0.01 -35"><span class='ocrx_word' id='word_1_12' title='bbox 2245 492 2416 565; x_wconf 79' lang='grc' dir='ltr'>αὐτὴν</span> <span class='ocrx_word' id='word_1_13' title='bbox 2438 493 2582 567; x_wconf 76' lang='grc' dir='ltr'>ἔχειν</span> <span class='ocrx_word' id='word_1_14' title='bbox 2599 492 2732 565; x_wconf 77' lang='grc'><strong>(57).</strong></span> <span class='ocrx_word' id='word_1_15' title='bbox 2752 488 2860 549; x_wconf 83' lang='grc' dir='ltr'>Ἦν</span> <span class='ocrx_word' id='word_1_16' title='bbox 2879 495 2983 582; x_wconf 66' lang='grc' dir='ltr'>γάρ</span> <span class='ocrx_word' id='word_1_17' title='bbox 2997 497 3136 570; x_wconf 69' lang='grc' dir='ltr'>αὕτη</span> <span class='ocrx_word' id='word_1_18' title='bbox 3151 498 3245 554; x_wconf 84' lang='grc' dir='ltr'><strong>τοῦ</strong></span> <span class='ocrx_word' id='word_1_19' title='bbox 3266 498 3530 572; x_wconf 80' lang='grc' dir='ltr'>βασιλέως</span> <span class='ocrx_word' id='word_1_20' title='bbox 3546 506 3827 582; x_wconf 65' lang='grc' dir='ltr'><strong>παλλακὴ⁸</strong></span> 
     </span>
    </p>
   </div>
   <div class='ocr_carea' id='block_1_6' title="bbox 567 581 2144 653">
    <p class='ocr_par' dir='ltr' id='par_1_6' title="bbox 567 581 2144 653">
     <span class='ocr_line' id='line_1_6' title="bbox 567 581 2144 653; baseline 0.001 -16"><span class='ocrx_word' id='word_1_21' title='bbox 567 582 749 639; x_wconf 72' lang='lat' dir='ltr'><strong>Maria:</strong></span> <span class='ocrx_word' id='word_1_22' title='bbox 783 593 932 637; x_wconf 92' lang='lat' dir='ltr'><strong>certo</strong></span> <span class='ocrx_word' id='word_1_23' title='bbox 968 583 1086 636; x_wconf 83' lang='lat' dir='ltr'><strong>auri</strong></span> <span class='ocrx_word' id='word_1_24' title='bbox 1125 581 1365 653; x_wconf 89' lang='lat' dir='ltr'><strong>pondere</strong></span> <span class='ocrx_word' id='word_1_25' title='bbox 1393 591 1447 637; x_wconf 90' lang='lat' dir='ltr'><strong>et</strong></span> <span class='ocrx_word' id='word_1_26' title='bbox 1488 583 1609 637; x_wconf 90' lang='lat' dir='ltr'><strong>aliis</strong></span> <span class='ocrx_word' id='word_1_27' title='bbox 1650 582 1978 652; x_wconf 86' lang='lat' dir='ltr'><strong>quibusdam</strong></span> <span class='ocrx_word' id='word_1_28' title='bbox 2029 584 2144 639; x_wconf 83' lang='lat' dir='ltr'><strong>col-</strong></span> 
     </span>
    </p>
   </div>
   <div class='ocr_carea' id='block_1_7' title="bbox 573 672 2142 745">
    <p class='ocr_par' dir='ltr' id='par_1_7' title="bbox 573 672 2142 745">
     <span class='ocr_line' id='line_1_7' title="bbox 573 672 2142 745; baseline 0.002 -17"><span class='ocrx_word' id='word_1_29' title='bbox 573 676 716 739; x_wconf 84' lang='lat' dir='ltr'><strong>latis,</strong></span> <span class='ocrx_word' id='word_1_30' title='bbox 752 674 806 729; x_wconf 91' lang='lat' dir='ltr'><strong>in</strong></span> <span class='ocrx_word' id='word_1_31' title='bbox 831 672 1208 730; x_wconf 76' lang='lat' dir='ltr'><strong>Macedoniam</strong></span> <span class='ocrx_word' id='word_1_32' title='bbox 1241 674 1307 730; x_wconf 91' lang='lat' dir='ltr'><strong>ad</strong></span> <span class='ocrx_word' id='word_1_33' title='bbox 1336 686 1587 745; x_wconf 84' lang='lat' dir='ltr'><strong>parentes</strong></span> <span class='ocrx_word' id='word_1_34' title='bbox 1616 675 1846 730; x_wconf 81' lang='lat' dir='ltr'><strong>remisit.</strong></span> <span class='ocrx_word' id='word_1_35' title='bbox 1883 674 2142 732; x_wconf 84' lang='lat' dir='ltr'><strong>Thcciam</strong></span> 
     </span>
    </p>
   </div>
   <div class='ocr_carea' id='block_1_8' title="bbox 568 767 2146 840">
    <p class='ocr_par' dir='ltr' id='par_1_8' title="bbox 568 767 2146 840">
     <span class='ocr_line' id='line_1_8' title="bbox 568 767 2146 840; baseline -0.001 -16"><span class='ocrx_word' id='word_1_36' title='bbox 568 782 702 826; x_wconf 81' lang='lat' dir='ltr'><strong>vero</strong></span> <span class='ocrx_word' id='word_1_37' title='bbox 730 768 1007 840; x_wconf 79' lang='lat' dir='ltr'><strong>prapriam</strong></span> <span class='ocrx_word' id='word_1_38' title='bbox 1039 782 1286 824; x_wconf 82' lang='lat' dir='ltr'><strong>sororem</strong></span> <span class='ocrx_word' id='word_1_39' title='bbox 1321 767 1424 823; x_wconf 86' lang='lat' dir='ltr'><strong>sibi</strong></span> <span class='ocrx_word' id='word_1_40' title='bbox 1455 768 1673 834; x_wconf 87' lang='lat' dir='ltr'><strong>ascivit,</strong></span> <span class='ocrx_word' id='word_1_41' title='bbox 1713 777 1773 823; x_wconf 91' lang='lat' dir='ltr'><strong>ut</strong></span> <span class='ocrx_word' id='word_1_42' title='bbox 1804 784 1927 823; x_wconf 90' lang='lat' dir='ltr'><strong>eam</strong></span> <span class='ocrx_word' id='word_1_43' title='bbox 1965 769 2146 838; x_wconf 86' lang='lat' dir='ltr'><strong>priva-</strong></span> 
     </span>
    </p>
   </div>
   <div class='ocr_carea' id='block_1_9' title="bbox 571 859 2145 930">
    <p class='ocr_par' dir='ltr' id='par_1_9' title="bbox 571 859 2145 930">
     <span class='ocr_line' id='line_1_9' title="bbox 571 859 2145 930; baseline 0 -14"><span class='ocrx_word' id='word_1_44' title='bbox 571 863 666 916; x_wconf 94' lang='lat' dir='ltr'><strong>tim</strong></span> <span class='ocrx_word' id='word_1_45' title='bbox 714 862 959 917; x_wconf 89' lang='lat' dir='ltr'><strong>haberet.</strong></span> <span class='ocrx_word' id='word_1_46' title='bbox 1020 861 1104 916; x_wconf 84' lang='lat' dir='ltr'><strong>Ab</strong></span> <span class='ocrx_word' id='word_1_47' title='bbox 1155 876 1221 916; x_wconf 88' lang='lat' dir='ltr'><strong>eo</strong></span> <span class='ocrx_word' id='word_1_48' title='bbox 1277 870 1519 930; x_wconf 86' lang='lat' dir='ltr'><strong>tempore</strong></span> <span class='ocrx_word' id='word_1_49' title='bbox 1572 861 1639 914; x_wconf 89' lang='lat' dir='ltr'><strong>ab</strong></span> <span class='ocrx_word' id='word_1_50' title='bbox 1700 859 1934 916; x_wconf 80' lang='lat' dir='ltr'><strong>invicem</strong></span> <span class='ocrx_word' id='word_1_51' title='bbox 1982 860 2145 916; x_wconf 61' lang='lat' dir='ltr'><strong>dissic</strong></span> 
     </span>
    </p>
   </div>
   <div class='ocr_carea' id='block_1_10' title="bbox 568 951 2145 1023">
    <p class='ocr_par' dir='ltr' id='par_1_10' title="bbox 568 951 2145 1023">
     <span class='ocr_line' id='line_1_10' title="bbox 568 951 2145 1023; baseline 0 -17"><span class='ocrx_word' id='word_1_52' title='bbox 568 955 780 1020; x_wconf 81' lang='lat' dir='ltr'><strong>dentes,</strong></span> <span class='ocrx_word' id='word_1_53' title='bbox 822 961 876 1008; x_wconf 88' lang='lat' dir='ltr'><strong>et</strong></span> <span class='ocrx_word' id='word_1_54' title='bbox 907 953 1194 1008; x_wconf 87' lang='lat' dir='ltr'><strong>sinistrum</strong></span> <span class='ocrx_word' id='word_1_55' title='bbox 1240 951 1440 1020; x_wconf 87' lang='lat' dir='ltr'><strong>aliquid</strong></span> <span class='ocrx_word' id='word_1_56' title='bbox 1490 953 1556 1007; x_wconf 90' lang='lat' dir='ltr'><strong>de</strong></span> <span class='ocrx_word' id='word_1_57' title='bbox 1587 968 1646 1007; x_wconf 90' lang='lat' dir='ltr'><strong>se</strong></span> <span class='ocrx_word' id='word_1_58' title='bbox 1684 953 1916 1008; x_wconf 86' lang='lat' dir='ltr'><strong>invicem</strong></span> <span class='ocrx_word' id='word_1_59' title='bbox 1966 952 2145 1023; x_wconf 86' lang='lat' dir='ltr'><strong>suspi-</strong></span> 
     </span>
    </p>
   </div>
   <div class='ocr_carea' id='block_1_11' title="bbox 566 1044 2143 1114">
    <p class='ocr_par' dir='ltr' id='par_1_11' title="bbox 566 1044 2143 1114">
     <span class='ocr_line' id='line_1_11' title="bbox 566 1044 2143 1114; baseline -0.001 -12"><span class='ocrx_word' id='word_1_60' title='bbox 566 1054 774 1110; x_wconf 79' lang='lat' dir='ltr'><strong>cantes,</strong></span> <span class='ocrx_word' id='word_1_61' title='bbox 805 1046 985 1101; x_wconf 66' lang='lat' dir='ltr'><strong>Caesar</strong></span> <span class='ocrx_word' id='word_1_62' title='bbox 1035 1055 1088 1100; x_wconf 87' lang='lat' dir='ltr'><strong>et</strong></span> <span class='ocrx_word' id='word_1_63' title='bbox 1132 1044 1389 1109; x_wconf 84' lang='lat' dir='ltr'><strong>Basilius,</strong></span> <span class='ocrx_word' id='word_1_64' title='bbox 1421 1045 1696 1114; x_wconf 82' lang='lat' dir='ltr'><strong>quomodo</strong></span> <span class='ocrx_word' id='word_1_65' title='bbox 1739 1047 1874 1101; x_wconf 97' lang='lat' dir='ltr'><strong>alter</strong></span> <span class='ocrx_word' id='word_1_66' title='bbox 1906 1047 2143 1101; x_wconf 87' lang='lat' dir='ltr'><strong>alterum</strong></span> 
     </span>
    </p>
   </div>
   <div class='ocr_carea' id='block_1_12' title="bbox 570 1135 2143 1209">
    <p class='ocr_par' dir='ltr' id='par_1_12' title="bbox 570 1135 2143 1209">
     <span class='ocr_line' id='line_1_12' title="bbox 570 1135 2143 1209; baseline 0 -17"><span class='ocrx_word' id='word_1_67' title='bbox 570 1139 843 1209; x_wconf 85' lang='lat' dir='ltr'><strong>perderet,</strong></span> <span class='ocrx_word' id='word_1_68' title='bbox 878 1137 1196 1208; x_wconf 69' lang='lat' dir='ltr'><strong>qumrebanl</strong></span> <span class='ocrx_word' id='word_1_69' title='bbox 1225 1155 1238 1192; x_wconf 86' lang='lat'><strong>:</strong></span> <span class='ocrx_word' id='word_1_70' title='bbox 1300 1137 1557 1207; x_wconf 75' lang='lat' dir='ltr'><strong>privatim</strong></span> <span class='ocrx_word' id='word_1_71' title='bbox 1597 1151 1726 1190; x_wconf 89' lang='lat' dir='ltr'><strong>vero</strong></span> <span class='ocrx_word' id='word_1_72' title='bbox 1760 1135 1996 1192; x_wconf 86' lang='lat' dir='ltr'><strong>Basilius</strong></span> <span class='ocrx_word' id='word_1_73' title='bbox 2024 1137 2143 1193; x_wconf 73' lang='lat' dir='ltr'><strong>Cte-</strong></span> 
     </span>
    </p>
   </div>
   <div class='ocr_carea' id='block_1_13' title="bbox 567 1229 2145 1299">
    <p class='ocr_par' dir='ltr' id='par_1_13' title="bbox 567 1229 2145 1299">
     <span class='ocr_line' id='line_1_13' title="bbox 567 1229 2145 1299; baseline 0.001 -15"><span class='ocrx_word' id='word_1_74' title='bbox 567 1243 746 1285; x_wconf 88' lang='lat' dir='ltr'><strong>sarem</strong></span> <span class='ocrx_word' id='word_1_75' title='bbox 799 1229 956 1299; x_wconf 90' lang='lat' dir='ltr'><strong>quasi</strong></span> <span class='ocrx_word' id='word_1_76' title='bbox 993 1230 1284 1284; x_wconf 88' lang='lat' dir='ltr'><strong>adversum</strong></span> <span class='ocrx_word' id='word_1_77' title='bbox 1318 1244 1379 1284; x_wconf 89' lang='lat' dir='ltr'><strong>se</strong></span> <span class='ocrx_word' id='word_1_78' title='bbox 1425 1229 1829 1284; x_wconf 68' lang='lat' dir='ltr'><strong>machinantem</strong></span> <span class='ocrx_word' id='word_1_79' title='bbox 1871 1229 2145 1286; x_wconf 78' lang='lat' dir='ltr'><strong>convicia-</strong></span> 
     </span>
    </p>
   </div>
   <div class='ocr_carea' id='block_1_14' title="bbox 565 1321 2142 1392">
    <p class='ocr_par' dir='ltr' id='par_1_14' title="bbox 565 1321 2142 1392">
     <span class='ocr_line' id='line_1_14' title="bbox 565 1321 2142 1392; baseline -0.001 -12"><span class='ocrx_word' id='word_1_80' title='bbox 565 1324 748 1380; x_wconf 88' lang='lat' dir='ltr'><strong>batur.</strong></span> <span class='ocrx_word' id='word_1_81' title='bbox 805 1321 1044 1379; x_wconf 83' lang='lat' dir='ltr'><strong>Basilius</strong></span> <span class='ocrx_word' id='word_1_82' title='bbox 1079 1324 1466 1392; x_wconf 76' lang='lat' dir='ltr'><strong>imperatorem</strong></span> <span class='ocrx_word' id='word_1_83' title='bbox 1497 1323 1602 1378; x_wconf 88' lang='lat' dir='ltr'><strong>sibi</strong></span> <span class='ocrx_word' id='word_1_84' title='bbox 1634 1324 1932 1378; x_wconf 89' lang='lat' dir='ltr'><strong>conciliare</strong></span> <span class='ocrx_word' id='word_1_85' title='bbox 1965 1322 2142 1378; x_wconf 86' lang='lat' dir='ltr'><strong>medi-</strong></span> 
     </span>
    </p>
   </div>
   <div class='ocr_carea' id='block_1_15' title="bbox 565 1413 2142 1487">
    <p class='ocr_par' dir='ltr' id='par_1_15' title="bbox 565 1413 2142 1487">
     <span class='ocr_line' id='line_1_15' title="bbox 565 1413 2142 1487; baseline 0 -17"><span class='ocrx_word' id='word_1_86' title='bbox 565 1423 735 1479; x_wconf 86' lang='lat' dir='ltr'><strong>tatus,</strong></span> <span class='ocrx_word' id='word_1_87' title='bbox 792 1429 916 1471; x_wconf 89' lang='lat' dir='ltr'><strong>cum</strong></span> <span class='ocrx_word' id='word_1_88' title='bbox 968 1413 1250 1487; x_wconf 78' lang='lat' dir='ltr'><strong>Symbatio</strong></span> <span class='ocrx_word' id='word_1_89' title='bbox 1299 1414 1535 1486; x_wconf 85' lang='lat' dir='ltr'><strong>patricio</strong></span> <span class='ocrx_word' id='word_1_90' title='bbox 1593 1426 1646 1470; x_wconf 83' lang='lat' dir='ltr'><strong>et</strong></span> <span class='ocrx_word' id='word_1_91' title='bbox 1685 1431 1881 1472; x_wconf 85' lang='lat' dir='ltr'><strong>cursus</strong></span> <span class='ocrx_word' id='word_1_92' title='bbox 1937 1415 2142 1486; x_wconf 83' lang='lat' dir='ltr'><strong>publici</strong></span> 
     </span>
    </p>
   </div>
   <div class='ocr_carea' id='block_1_16' title="bbox 567 1508 2142 1579">
    <p class='ocr_par' dir='ltr' id='par_1_16' title="bbox 567 1508 2142 1579">
     <span class='ocr_line' id='line_1_16' title="bbox 567 1508 2142 1579; baseline 0.003 -19"><span class='ocrx_word' id='word_1_93' title='bbox 567 1508 840 1578; x_wconf 78' lang='lat' dir='ltr'><strong>logotheta</strong></span> <span class='ocrx_word' id='word_1_94' title='bbox 890 1508 1234 1579; x_wconf 78' lang='lat' dir='ltr'><strong>Caesarisque</strong></span> <span class='ocrx_word' id='word_1_95' title='bbox 1274 1524 1478 1579; x_wconf 81' lang='lat' dir='ltr'><strong>genero</strong></span> <span class='ocrx_word' id='word_1_96' title='bbox 1528 1509 1822 1563; x_wconf 84' lang='lat' dir='ltr'><strong>amicitiam</strong></span> <span class='ocrx_word' id='word_1_97' title='bbox 1874 1510 2039 1564; x_wconf 89' lang='lat' dir='ltr'><strong>iniit:</strong></span> <span class='ocrx_word' id='word_1_98' title='bbox 2087 1519 2142 1565; x_wconf 89' lang='lat' dir='ltr'><strong>et</strong></span> 
     </span>
    </p>
   </div>
   <div class='ocr_carea' id='block_1_17' title="bbox 565 1602 2142 1673">
    <p class='ocr_par' dir='ltr' id='par_1_17' title="bbox 565 1602 2142 1673">
     <span class='ocr_line' id='line_1_17' title="bbox 565 1602 2142 1673; baseline 0 -15"><span class='ocrx_word' id='word_1_99' title='bbox 565 1603 709 1658; x_wconf 86' lang='lat' dir='ltr'><strong>datis</strong></span> <span class='ocrx_word' id='word_1_100' title='bbox 750 1602 1080 1672; x_wconf 90' lang='lat' dir='ltr'><strong>iuramentis</strong></span> <span class='ocrx_word' id='word_1_101' title='bbox 1133 1617 1462 1658; x_wconf 85' lang='lat' dir='ltr'><strong>consensum</strong></span> <span class='ocrx_word' id='word_1_102' title='bbox 1506 1612 1828 1673; x_wconf 89' lang='lat' dir='ltr'><strong>perpetuum</strong></span> <span class='ocrx_word' id='word_1_103' title='bbox 1869 1611 1924 1658; x_wconf 87' lang='lat' dir='ltr'><strong>et</strong></span> <span class='ocrx_word' id='word_1_104' title='bbox 1962 1603 2142 1658; x_wconf 66' lang='lat' dir='ltr'><strong>foedus</strong></span> 
     </span>
    </p>
   </div>
   <div class='ocr_carea' id='block_1_18' title="bbox 564 1694 2141 1766">
    <p class='ocr_par' dir='ltr' id='par_1_18' title="bbox 564 1694 2141 1766">
     <span class='ocr_line' id='line_1_18' title="bbox 564 1694 2141 1766; baseline 0 -17"><span class='ocrx_word' id='word_1_105' title='bbox 564 1695 882 1751; x_wconf 82' lang='lat' dir='ltr'><strong>inviolabile</strong></span> <span class='ocrx_word' id='word_1_106' title='bbox 909 1695 974 1750; x_wconf 87' lang='lat' dir='ltr'><strong>ad</strong></span> <span class='ocrx_word' id='word_1_107' title='bbox 1013 1694 1244 1750; x_wconf 78' lang='lat' dir='ltr'><strong>invicem</strong></span> <span class='ocrx_word' id='word_1_108' title='bbox 1276 1695 1558 1751; x_wconf 89' lang='lat' dir='ltr'><strong>habituros</strong></span> <span class='ocrx_word' id='word_1_109' title='bbox 1581 1696 1970 1766; x_wconf 83' lang='lat' dir='ltr'><strong>promiserunt.</strong></span> <span class='ocrx_word' id='word_1_110' title='bbox 2007 1695 2141 1751; x_wconf 85' lang='lat' dir='ltr'><strong>Cer-</strong></span> 
     </span>
    </p>
   </div>
   <div class='ocr_carea' id='block_1_19' title="bbox 562 1787 2142 1861">
    <p class='ocr_par' dir='ltr' id='par_1_19' title="bbox 562 1787 2142 1861">
     <span class='ocr_line' id='line_1_19' title="bbox 562 1787 2142 1861; baseline -0.003 -16"><span class='ocrx_word' id='word_1_111' title='bbox 562 1789 758 1845; x_wconf 87' lang='lat' dir='ltr'><strong>tiorem</strong></span> <span class='ocrx_word' id='word_1_112' title='bbox 813 1799 995 1843; x_wconf 90' lang='lat' dir='ltr'><strong>autem</strong></span> <span class='ocrx_word' id='word_1_113' title='bbox 1044 1788 1278 1844; x_wconf 84' lang='lat' dir='ltr'><strong>reddidit</strong></span> <span class='ocrx_word' id='word_1_114' title='bbox 1333 1788 1566 1845; x_wconf 81' lang='lat' dir='ltr'><strong>Basilius</strong></span> <span class='ocrx_word' id='word_1_115' title='bbox 1611 1787 1975 1861; x_wconf 87' lang='lat' dir='ltr'><strong>Symhatium,</strong></span> <span class='ocrx_word' id='word_1_116' title='bbox 2015 1787 2142 1843; x_wconf 84' lang='lat' dir='ltr'><strong>hor-</strong></span> 
     </span>
    </p>
   </div>
   <div class='ocr_carea' id='block_1_20' title="bbox 2245 580 3832 674">
    <p class='ocr_par' dir='ltr' id='par_1_20' title="bbox 2245 580 3832 674">
     <span class='ocr_line' id='line_1_20' title="bbox 2245 580 3832 674; baseline 0.009 -33"><span class='ocrx_word' id='word_1_117' title='bbox 2245 587 2342 642; x_wconf 75' lang='grc' dir='ltr'><strong>καὶ</strong></span> <span class='ocrx_word' id='word_1_118' title='bbox 2363 589 2504 643; x_wconf 84' lang='grc' dir='ltr'>πάνυ</span> <span class='ocrx_word' id='word_1_119' title='bbox 2532 580 2942 662; x_wconf 72' lang='grc' dir='ltr'>ὴγάπαταῦτὴν,</span> <span class='ocrx_word' id='word_1_120' title='bbox 2973 590 3049 655; x_wconf 83' lang='grc' dir='ltr'><strong>ὡς</strong></span> <span class='ocrx_word' id='word_1_121' title='bbox 3079 593 3331 666; x_wconf 79' lang='grc' dir='ltr'><strong>εὐπρεπῆ</strong></span> <span class='ocrx_word' id='word_1_122' title='bbox 3352 611 3368 628; x_wconf 78' lang='grc' dir='ltr'>ο</span> <span class='ocrx_word' id='word_1_123' title='bbox 3393 601 3457 670; x_wconf 77' lang='grc' dir='ltr'><strong>τῇ</strong></span> <span class='ocrx_word' id='word_1_124' title='bbox 3487 597 3542 652; x_wconf 79' lang='grc' dir='ltr'>δὲ</span> <span class='ocrx_word' id='word_1_125' title='bbox 3578 580 3832 674; x_wconf 56' lang='grc' dir='ltr'>προτέρα</span> 
     </span>
    </p>
   </div>
   <div class='ocr_carea' id='block_1_21' title="bbox 2245 680 3830 761">
    <p class='ocr_par' dir='ltr' id='par_1_21' title="bbox 2245 680 3830 761">
     <span class='ocr_line' id='line_1_21' title="bbox 2245 680 3830 761; baseline 0.008 -28"><span class='ocrx_word' id='word_1_126' title='bbox 2245 680 2410 734; x_wconf 76' lang='grc' dir='ltr'>αὐτοῦ</span> <span class='ocrx_word' id='word_1_127' title='bbox 2467 684 2684 750; x_wconf 81' lang='grc' dir='ltr'>γυναικὶ</span> <span class='ocrx_word' id='word_1_128' title='bbox 2736 685 2927 760; x_wconf 76' lang='grc' dir='ltr'>Μαρίᾳ</span> <span class='ocrx_word' id='word_1_129' title='bbox 2969 686 3090 752; x_wconf 78' lang='grc' dir='ltr'>δοὺς</span> <span class='ocrx_word' id='word_1_130' title='bbox 3135 688 3359 761; x_wconf 77' lang='grc' dir='ltr'>χρυσίον</span> <span class='ocrx_word' id='word_1_131' title='bbox 3388 689 3484 744; x_wconf 77' lang='grc' dir='ltr'><strong>καὶ</strong></span> <span class='ocrx_word' id='word_1_132' title='bbox 3511 691 3647 751; x_wconf 76' lang='grc' dir='ltr'>ἄλλα</span> <span class='ocrx_word' id='word_1_133' title='bbox 3675 696 3830 757; x_wconf 71' lang='grc' dir='ltr'>τινὰ,</span> 
     </span>
    </p>
   </div>
   <div class='ocr_carea' id='block_1_22' title="bbox 2245 772 3830 858">
    <p class='ocr_par' dir='ltr' id='par_1_22' title="bbox 2245 772 3830 858">
     <span class='ocr_line' id='line_1_22' title="bbox 2245 772 3830 858; baseline 0.007 -30"><span class='ocrx_word' id='word_1_134' title='bbox 2245 772 2567 828; x_wconf 77' lang='grc' dir='ltr'>ἀπέστειλεν</span> <span class='ocrx_word' id='word_1_135' title='bbox 2599 777 2656 828; x_wconf 81' lang='grc' dir='ltr'>ὲν</span> <span class='ocrx_word' id='word_1_136' title='bbox 2685 777 2996 851; x_wconf 80' lang='grc' dir='ltr'>Μακεδονίᾳ</span> <span class='ocrx_word' id='word_1_137' title='bbox 3013 781 3094 845; x_wconf 77' lang='grc' dir='ltr'>εἰς</span> <span class='ocrx_word' id='word_1_138' title='bbox 3130 783 3198 834; x_wconf 77' lang='grc' dir='ltr'><strong>τὰ</strong></span> <span class='ocrx_word' id='word_1_139' title='bbox 3223 781 3350 838; x_wconf 71' lang='grc' dir='ltr'>ἴδια.</span> <span class='ocrx_word' id='word_1_140' title='bbox 3385 782 3593 837; x_wconf 72' lang='grc' dir='ltr'>Θέκλαν</span> <span class='ocrx_word' id='word_1_141' title='bbox 3632 785 3690 839; x_wconf 76' lang='grc' dir='ltr'>δὲ</span> <span class='ocrx_word' id='word_1_142' title='bbox 3723 785 3830 858; x_wconf 71' lang='grc' dir='ltr'>τὴν</span> 
     </span>
    </p>
   </div>
   <div class='ocr_carea' id='block_1_23' title="bbox 2248 864 3828 943">
    <p class='ocr_par' dir='ltr' id='par_1_23' title="bbox 2248 864 3828 943">
     <span class='ocr_line' id='line_1_23' title="bbox 2248 864 3828 943; baseline 0.008 -25"><span class='ocrx_word' id='word_1_143' title='bbox 2248 864 2389 919; x_wconf 77' lang='grc' dir='ltr'>ῐδέαν</span> <span class='ocrx_word' id='word_1_144' title='bbox 2444 865 2683 937; x_wconf 81' lang='grc' dir='ltr'>ἀδελφὴν</span> <span class='ocrx_word' id='word_1_145' title='bbox 2727 870 3112 940; x_wconf 78' lang='grc' dir='ltr'>προσήρμοσεν</span> <span class='ocrx_word' id='word_1_146' title='bbox 3138 871 3234 926; x_wconf 80' lang='grc' dir='ltr'><strong>τοῦ</strong></span> <span class='ocrx_word' id='word_1_147' title='bbox 3273 872 3418 943; x_wconf 76' lang='grc' dir='ltr'>ἔχειν</span> <span class='ocrx_word' id='word_1_148' title='bbox 3446 874 3617 943; x_wconf 67' lang='grc' dir='ltr'>αὐτὴν</span> <span class='ocrx_word' id='word_1_149' title='bbox 3655 876 3828 942; x_wconf 74' lang='grc' dir='ltr'>ἰδίως.</span> 
     </span>
    </p>
   </div>
   <div class='ocr_carea' id='block_1_24' title="bbox 2247 955 3833 1038">
    <p class='ocr_par' dir='ltr' id='par_1_24' title="bbox 2247 955 3833 1038">
     <span class='ocr_line' id='line_1_24' title="bbox 2247 955 3833 1038; baseline 0.008 -27"><span class='ocrx_word' id='word_1_150' title='bbox 2247 955 2474 1011; x_wconf 84' lang='grc' dir='ltr'>Ἐκτοτε</span> <span class='ocrx_word' id='word_1_151' title='bbox 2502 957 2560 1010; x_wconf 74' lang='grc' dir='ltr'>δὲ</span> <span class='ocrx_word' id='word_1_152' title='bbox 2601 959 2973 1014; x_wconf 70' lang='grc' dir='ltr'>ὑπεϐλέποντο</span> <span class='ocrx_word' id='word_1_153' title='bbox 3005 961 3292 1033; x_wconf 78' lang='grc' dir='ltr'>ἀλλήλους.</span> <span class='ocrx_word' id='word_1_154' title='bbox 3329 965 3356 1018; x_wconf 83' lang='grc' dir='ltr'>ὃ</span> <span class='ocrx_word' id='word_1_155' title='bbox 3385 982 3441 1017; x_wconf 84' lang='grc' dir='ltr'><strong>τε</strong></span> <span class='ocrx_word' id='word_1_156' title='bbox 3474 968 3833 1038; x_wconf 75' lang='grc' dir='ltr'>Καῖσαρ,καὶ</span> 
     </span>
    </p>
   </div>
   <div class='ocr_carea' id='block_1_25' title="bbox 2243 1049 3828 1134">
    <p class='ocr_par' dir='ltr' id='par_1_25' title="bbox 2243 1049 3828 1134">
     <span class='ocr_line' id='line_1_25' title="bbox 2243 1049 3828 1134; baseline 0.009 -32"><span class='ocrx_word' id='word_1_157' title='bbox 2243 1049 2270 1102; x_wconf 89' lang='lat'><strong>6</strong></span> <span class='ocrx_word' id='word_1_158' title='bbox 2298 1049 2597 1116; x_wconf 79' lang='grc' dir='ltr'>Βασίλειος,</span> <span class='ocrx_word' id='word_1_159' title='bbox 2624 1050 2912 1122; x_wconf 77' lang='grc' dir='ltr'>ζητοῦντες</span> <span class='ocrx_word' id='word_1_160' title='bbox 2936 1052 3051 1118; x_wconf 82' lang='grc' dir='ltr'><strong>πῶς</strong></span> <span class='ocrx_word' id='word_1_161' title='bbox 3076 1054 3266 1126; x_wconf 72' lang='grc' dir='ltr'>ἔτερος</span> <span class='ocrx_word' id='word_1_162' title='bbox 3291 1058 3384 1110; x_wconf 67' lang='grc' dir='ltr'><strong>τὸν</strong></span> <span class='ocrx_word' id='word_1_163' title='bbox 3415 1057 3606 1129; x_wconf 73' lang='grc' dir='ltr'>ἕτερον</span> <span class='ocrx_word' id='word_1_164' title='bbox 3635 1062 3828 1134; x_wconf 76' lang='grc' dir='ltr'>ἀνέλῃ.</span> 
     </span>
    </p>
   </div>
   <div class='ocr_carea' id='block_1_26' title="bbox 2256 1144 3832 1229">
    <p class='ocr_par' dir='ltr' id='par_1_26' title="bbox 2256 1144 3832 1229">
     <span class='ocr_line' id='line_1_26' title="bbox 2256 1144 3832 1229; baseline 0.009 -30"><span class='ocrx_word' id='word_1_165' title='bbox 2256 1144 2425 1210; x_wconf 79' lang='grc' dir='ltr'>Ἰδὶως</span> <span class='ocrx_word' id='word_1_166' title='bbox 2484 1147 2539 1202; x_wconf 84' lang='grc' dir='ltr'>δὲ</span> <span class='ocrx_word' id='word_1_167' title='bbox 2590 1144 2850 1221; x_wconf 69' lang='grc' dir='ltr'>ἐλοιδόρει</span> <span class='ocrx_word' id='word_1_168' title='bbox 2903 1151 2933 1204; x_wconf 92' lang='lat'><strong>6</strong></span> <span class='ocrx_word' id='word_1_169' title='bbox 2981 1151 3260 1215; x_wconf 80' lang='grc' dir='ltr'>Βασίλειος</span> <span class='ocrx_word' id='word_1_170' title='bbox 3307 1153 3398 1207; x_wconf 86' lang='grc' dir='ltr'>τὸν</span> <span class='ocrx_word' id='word_1_171' title='bbox 3438 1156 3721 1229; x_wconf 75' lang='grc' dir='ltr'>Καίσαρα,</span> <span class='ocrx_word' id='word_1_172' title='bbox 3751 1158 3832 1224; x_wconf 81' lang='grc' dir='ltr'><strong>ὡς</strong></span> 
     </span>
    </p>
   </div>
   <div class='ocr_carea' id='block_1_27' title="bbox 2245 1238 3833 1313">
    <p class='ocr_par' dir='ltr' id='par_1_27' title="bbox 2245 1238 3833 1313">
     <span class='ocr_line' id='line_1_27' title="bbox 2245 1238 3833 1313; baseline 0.008 -21"><span class='ocrx_word' id='word_1_173' title='bbox 2245 1238 2364 1292; x_wconf 83' lang='grc' dir='ltr'>κατ’</span> <span class='ocrx_word' id='word_1_174' title='bbox 2415 1239 2581 1295; x_wconf 74' lang='grc' dir='ltr'>αὐτοῦ</span> <span class='ocrx_word' id='word_1_175' title='bbox 2646 1242 2977 1313; x_wconf 82' lang='grc' dir='ltr'>μελετῶντα.</span> <span class='ocrx_word' id='word_1_176' title='bbox 3018 1243 3077 1298; x_wconf 84' lang='grc' dir='ltr'>Ὀ</span> <span class='ocrx_word' id='word_1_177' title='bbox 3140 1244 3197 1299; x_wconf 77' lang='grc' dir='ltr'>δὲ</span> <span class='ocrx_word' id='word_1_178' title='bbox 3255 1246 3536 1311; x_wconf 79' lang='grc' dir='ltr'>Βασίλειος</span> <span class='ocrx_word' id='word_1_179' title='bbox 3573 1250 3833 1305; x_wconf 78' lang='grc' dir='ltr'><strong>σπεύδων</strong></span> 
     </span>
    </p>
   </div>
   <div class='ocr_carea' id='block_1_28' title="bbox 2245 1329 3832 1414">
    <p class='ocr_par' dir='ltr' id='par_1_28' title="bbox 2245 1329 3832 1414">
     <span class='ocr_line' id='line_1_28' title="bbox 2245 1329 3832 1414; baseline 0.007 -31"><span class='ocrx_word' id='word_1_180' title='bbox 2245 1329 2661 1404; x_wconf 78' lang='grc' dir='ltr'>πληροφορῆσαι</span> <span class='ocrx_word' id='word_1_181' title='bbox 2697 1333 2788 1387; x_wconf 70' lang='grc' dir='ltr'>τὸν</span> <span class='ocrx_word' id='word_1_182' title='bbox 2827 1333 3078 1404; x_wconf 77' lang='grc' dir='ltr'><strong>βασιλέα,</strong></span> <span class='ocrx_word' id='word_1_183' title='bbox 3113 1339 3499 1408; x_wconf 64' lang='grc' dir='ltr'>συμφιλιοῦται</span> <span class='ocrx_word' id='word_1_184' title='bbox 3530 1341 3832 1414; x_wconf 79' lang='grc' dir='ltr'>Συμϐατιῳ</span> 
     </span>
    </p>
   </div>
   <div class='ocr_carea' id='block_1_29' title="bbox 2244 1424 3837 1505">
    <p class='ocr_par' dir='ltr' id='par_1_29' title="bbox 2244 1424 3837 1505">
     <span class='ocr_line' id='line_1_29' title="bbox 2244 1424 3837 1505; baseline 0.009 -31"><span class='ocrx_word' id='word_1_185' title='bbox 2244 1424 2520 1494; x_wconf 80' lang='grc' dir='ltr'>πατρικεῳ</span> <span class='ocrx_word' id='word_1_186' title='bbox 2545 1425 2640 1479; x_wconf 77' lang='grc' dir='ltr'><strong>καὶ</strong></span> <span class='ocrx_word' id='word_1_187' title='bbox 2672 1426 2934 1500; x_wconf 80' lang='grc' dir='ltr'><strong>λογοθέτῃ</strong></span> <span class='ocrx_word' id='word_1_188' title='bbox 2959 1429 3052 1482; x_wconf 81' lang='grc' dir='ltr'>τοῦ</span> <span class='ocrx_word' id='word_1_189' title='bbox 3085 1430 3289 1502; x_wconf 84' lang='grc' dir='ltr'><strong>δρόμου</strong></span> <span class='ocrx_word' id='word_1_190' title='bbox 3327 1432 3561 1505; x_wconf 83' lang='grc' dir='ltr'>γαμϐρῷ</span> <span class='ocrx_word' id='word_1_191' title='bbox 3586 1434 3646 1488; x_wconf 76' lang='grc' dir='ltr'>δὲ</span> <span class='ocrx_word' id='word_1_192' title='bbox 3689 1435 3837 1489; x_wconf 79' lang='grc' dir='ltr'><strong>Καί-</strong></span> 
     </span>
    </p>
   </div>
   <div class='ocr_carea' id='block_1_30' title="bbox 2245 1516 3836 1595">
    <p class='ocr_par' dir='ltr' id='par_1_30' title="bbox 2245 1516 3836 1595">
     <span class='ocr_line' id='line_1_30' title="bbox 2245 1516 3836 1595; baseline 0.009 -28"><span class='ocrx_word' id='word_1_193' title='bbox 2245 1530 2431 1584; x_wconf 85' lang='grc' dir='ltr'>σαρος,</span> <span class='ocrx_word' id='word_1_194' title='bbox 2450 1516 2542 1570; x_wconf 75' lang='grc' dir='ltr'><strong>καὶ</strong></span> <span class='ocrx_word' id='word_1_195' title='bbox 2579 1516 2646 1570; x_wconf 87' lang='grc' dir='ltr'>δι’</span> <span class='ocrx_word' id='word_1_196' title='bbox 2680 1519 2860 1589; x_wconf 85' lang='grc' dir='ltr'>ὅρκων</span> <span class='ocrx_word' id='word_1_197' title='bbox 2889 1520 3294 1577; x_wconf 80' lang='grc' dir='ltr'>ὲϐεϐαιώσαντο</span> <span class='ocrx_word' id='word_1_198' title='bbox 3331 1524 3590 1594; x_wconf 75' lang='grc' dir='ltr'><strong>ἀλλήλους</strong></span> <span class='ocrx_word' id='word_1_199' title='bbox 3618 1529 3676 1580; x_wconf 83' lang='grc' dir='ltr'>ὲν</span> <span class='ocrx_word' id='word_1_200' title='bbox 3698 1529 3836 1595; x_wconf 71' lang='lat' dir='ltr'><strong>6pc-</strong></span> 
     </span>
    </p>
   </div>
   <div class='ocr_carea' id='block_1_31' title="bbox 2241 1609 3834 1692">
    <p class='ocr_par' dir='ltr' id='par_1_31' title="bbox 2241 1609 3834 1692">
     <span class='ocr_line' id='line_1_31' title="bbox 2241 1609 3834 1692; baseline 0.008 -31"><span class='ocrx_word' id='word_1_201' title='bbox 2241 1609 2361 1682; x_wconf 82' lang='grc' dir='ltr'>νοιᾳ</span> <span class='ocrx_word' id='word_1_202' title='bbox 2385 1610 2480 1664; x_wconf 72' lang='grc' dir='ltr'><strong>καὶ</strong></span> <span class='ocrx_word' id='word_1_203' title='bbox 2508 1611 2746 1682; x_wconf 76' lang='grc' dir='ltr'><strong>διηνεκεῖ</strong></span> <span class='ocrx_word' id='word_1_204' title='bbox 2763 1615 2954 1689; x_wconf 80' lang='grc' dir='ltr'><strong>ἀγάπῃ</strong></span> <span class='ocrx_word' id='word_1_205' title='bbox 2981 1612 3144 1671; x_wconf 80' lang='grc' dir='ltr'>εἶναι.</span> <span class='ocrx_word' id='word_1_206' title='bbox 3172 1617 3621 1692; x_wconf 73' lang='grc' dir='ltr'>Ἑπληροφόρησε</span> <span class='ocrx_word' id='word_1_207' title='bbox 3651 1622 3706 1676; x_wconf 83' lang='grc' dir='ltr'>δὲ</span> <span class='ocrx_word' id='word_1_208' title='bbox 3731 1621 3834 1676; x_wconf 79' lang='grc' dir='ltr'><strong>καὶ</strong></span> 
     </span>
    </p>
   </div>
   <div class='ocr_carea' id='block_1_32' title="bbox 2241 1699 3833 1782">
    <p class='ocr_par' dir='ltr' id='par_1_32' title="bbox 2241 1699 3833 1782">
     <span class='ocr_line' id='line_1_32' title="bbox 2241 1699 3833 1782; baseline 0.01 -30"><span class='ocrx_word' id='word_1_209' title='bbox 2241 1699 2550 1769; x_wconf 82' lang='grc' dir='ltr'>Συμϐάτιον</span> <span class='ocrx_word' id='word_1_210' title='bbox 2610 1703 2889 1770; x_wconf 80' lang='grc' dir='ltr'>Βασίλειος</span> <span class='ocrx_word' id='word_1_211' title='bbox 2929 1705 2997 1760; x_wconf 82' lang='grc' dir='ltr'>δι’</span> <span class='ocrx_word' id='word_1_212' title='bbox 3044 1709 3224 1778; x_wconf 80' lang='grc' dir='ltr'>ὅρκων</span> <span class='ocrx_word' id='word_1_213' title='bbox 3276 1711 3544 1782; x_wconf 82' lang='grc' dir='ltr'>φρικτῶν,</span> <span class='ocrx_word' id='word_1_214' title='bbox 3598 1712 3673 1777; x_wconf 82' lang='grc' dir='ltr'><strong>ὡς</strong></span> <span class='ocrx_word' id='word_1_215' title='bbox 3719 1712 3833 1768; x_wconf 80' lang='grc' dir='ltr'><strong>Τοῦ</strong></span> 
     </span>
    </p>
   </div>
   <div class='ocr_carea' id='block_1_33' title="bbox 2244 1793 3833 1877">
    <p class='ocr_par' dir='ltr' id='par_1_33' title="bbox 2244 1793 3833 1877">
     <span class='ocr_line' id='line_1_33' title="bbox 2244 1793 3833 1877; baseline 0.009 -31"><span class='ocrx_word' id='word_1_216' title='bbox 2244 1793 2507 1864; x_wconf 79' lang='grc' dir='ltr'>βασιλέως</span> <span class='ocrx_word' id='word_1_217' title='bbox 2533 1797 2753 1869; x_wconf 77' lang='grc' dir='ltr'><strong>ἀγάπην</strong></span> <span class='ocrx_word' id='word_1_218' title='bbox 2812 1798 3013 1872; x_wconf 77' lang='grc' dir='ltr'>πολλὴν</span> <span class='ocrx_word' id='word_1_219' title='bbox 3059 1800 3278 1872; x_wconf 78' lang='grc' dir='ltr'>ἔχοντος</span> <span class='ocrx_word' id='word_1_220' title='bbox 3327 1803 3464 1876; x_wconf 80' lang='grc' dir='ltr'>πρὸς</span> <span class='ocrx_word' id='word_1_221' title='bbox 3512 1803 3596 1868; x_wconf 78' lang='grc' dir='ltr'><strong>σὲ,</strong></span> <span class='ocrx_word' id='word_1_222' title='bbox 3647 1805 3833 1877; x_wconf 77' lang='grc' dir='ltr'><strong>κάμοῦ</strong></span> 
     </span>
    </p>
   </div>
   <div class='ocr_carea' id='block_1_34' title="bbox 564 1857 2138 1966">
    <p class='ocr_par' dir='ltr' id='par_1_34' title="bbox 564 1877 2138 1952">
     <span class='ocr_line' id='line_1_34' title="bbox 564 1877 2138 1952; baseline -0.001 -18"><span class='ocrx_word' id='word_1_223' title='bbox 564 1881 750 1937; x_wconf 89' lang='lat' dir='ltr'><strong>rendis</strong></span> <span class='ocrx_word' id='word_1_224' title='bbox 796 1880 1124 1952; x_wconf 88' lang='lat' dir='ltr'><strong>iuramentis</strong></span> <span class='ocrx_word' id='word_1_225' title='bbox 1164 1895 1458 1936; x_wconf 85' lang='lat' dir='ltr'><strong>asserens:</strong></span> <span class='ocrx_word' id='word_1_226' title='bbox 1507 1878 1584 1935; x_wconf 88' lang='lat' dir='ltr'><strong>Te</strong></span> <span class='ocrx_word' id='word_1_227' title='bbox 1633 1878 1932 1950; x_wconf 91' lang='lat' dir='ltr'><strong>plurimum</strong></span> <span class='ocrx_word' id='word_1_228' title='bbox 1967 1877 2138 1950; x_wconf 70' lang='lat' dir='ltr'><strong>diligit</strong></span> 
     </span>
    </p>
   </div>
   <div class='ocr_carea' id='block_1_35' title="bbox 2242 1857 3835 1966">
    <p class='ocr_par' dir='ltr' id='par_1_35' title="bbox 2244 1857 3835 1966">
     <span class='ocr_line' id='line_1_35' title="bbox 2244 1857 3835 1966; baseline 0.009 -29"><span class='ocrx_word' id='word_1_229' title='bbox 2244 1857 2638 1953; x_wconf 78' lang='grc' dir='ltr'>σπουδάζοντος</span> <span class='ocrx_word' id='word_1_230' title='bbox 2650 1857 2720 1943; x_wconf 64' lang='grc' dir='ltr'><strong>τά</strong></span> <span class='ocrx_word' id='word_1_231' title='bbox 2750 1889 2892 1960; x_wconf 78' lang='grc' dir='ltr'>ὑπὲρ</span> <span class='ocrx_word' id='word_1_232' title='bbox 2917 1857 3035 1961; x_wconf 72' lang='grc' dir='ltr'><strong>σοῦ,</strong></span> <span class='ocrx_word' id='word_1_233' title='bbox 3072 1857 3274 1965; x_wconf 43' lang='lat' dir='ltr'><strong>galati;</strong></span> <span class='ocrx_word' id='word_1_234' title='bbox 3299 1857 3400 1966; x_wconf 64' lang='grc' dir='ltr'><strong>μὲν</strong></span> 
     </span>
    </p>
   </div>
   <div class='ocr_carea' id='block_1_36' title="bbox 565 1971 2140 2044">
    <p class='ocr_par' dir='ltr' id='par_1_36' title="bbox 565 1971 2140 2044">
     <span class='ocr_line' id='line_1_36' title="bbox 565 1971 2140 2044; baseline -0.002 -15"><span class='ocrx_word' id='word_1_235' title='bbox 565 1974 881 2044; x_wconf 87' lang='lat' dir='ltr'><strong>imperator,</strong></span> <span class='ocrx_word' id='word_1_236' title='bbox 914 1988 1109 2044; x_wconf 89' lang='lat' dir='ltr'><strong>meque</strong></span> <span class='ocrx_word' id='word_1_237' title='bbox 1147 1988 1244 2044; x_wconf 91' lang='lat' dir='ltr'><strong>pro</strong></span> <span class='ocrx_word' id='word_1_238' title='bbox 1276 1981 1326 2027; x_wconf 88' lang='lat' dir='ltr'><strong>te</strong></span> <span class='ocrx_word' id='word_1_239' title='bbox 1361 1987 1575 2043; x_wconf 89' lang='lat' dir='ltr'><strong>semper</strong></span> <span class='ocrx_word' id='word_1_240' title='bbox 1608 1971 1846 2027; x_wconf 86' lang='lat' dir='ltr'><strong>sollicito</strong></span> <span class='ocrx_word' id='word_1_241' title='bbox 1869 1971 2140 2026; x_wconf 78' lang='lat' dir='ltr'><strong>Caesarem</strong></span> 
     </span>
    </p>
   </div>
   <div class='ocr_carea' id='block_1_37' title="bbox 565 2061 2142 2138">
    <p class='ocr_par' dir='ltr' id='par_1_37' title="bbox 565 2061 2142 2138">
     <span class='ocr_line' id='line_1_37' title="bbox 565 2061 2142 2138; baseline -0.004 -14"><span class='ocrx_word' id='word_1_242' title='bbox 565 2075 617 2123; x_wconf 84' lang='lat' dir='ltr'><strong>te</strong></span> <span class='ocrx_word' id='word_1_243' title='bbox 655 2081 843 2124; x_wconf 87' lang='lat' dir='ltr'><strong>creare</strong></span> <span class='ocrx_word' id='word_1_244' title='bbox 901 2065 1123 2138; x_wconf 72' lang='lat' dir='ltr'><strong>cogitat,</strong></span> <span class='ocrx_word' id='word_1_245' title='bbox 1182 2064 1276 2120; x_wconf 85' lang='lat' dir='ltr'><strong>sed</strong></span> <span class='ocrx_word' id='word_1_246' title='bbox 1316 2064 1490 2119; x_wconf 75' lang='lat' dir='ltr'><strong>scr-eri</strong></span> <span class='ocrx_word' id='word_1_247' title='bbox 1546 2062 1622 2119; x_wconf 89' lang='lat' dir='ltr'><strong>tui</strong></span> <span class='ocrx_word' id='word_1_248' title='bbox 1673 2062 1904 2125; x_wconf 87' lang='lat' dir='ltr'><strong>ratione,</strong></span> <span class='ocrx_word' id='word_1_249' title='bbox 1955 2061 2142 2130; x_wconf 84' lang='lat' dir='ltr'><strong>nequit</strong></span> 
     </span>
    </p>
   </div>
   <div class='ocr_carea' id='block_1_38' title="bbox 567 2157 2139 2232">
    <p class='ocr_par' dir='ltr' id='par_1_38' title="bbox 567 2157 2139 2232">
     <span class='ocr_line' id='line_1_38' title="bbox 567 2157 2139 2232; baseline -0.004 -15"><span class='ocrx_word' id='word_1_250' title='bbox 567 2167 672 2219; x_wconf 92' lang='lat' dir='ltr'><strong>hoc</strong></span> <span class='ocrx_word' id='word_1_251' title='bbox 724 2161 975 2232; x_wconf 78' lang='lat' dir='ltr'><strong>exsequi.</strong></span> <span class='ocrx_word' id='word_1_252' title='bbox 1048 2160 1162 2228; x_wconf 83' lang='lat' dir='ltr'><strong>ille,</strong></span> <span class='ocrx_word' id='word_1_253' title='bbox 1230 2159 1415 2214; x_wconf 80' lang='lat' dir='ltr'><strong>Basilii</strong></span> <span class='ocrx_word' id='word_1_254' title='bbox 1478 2158 1806 2228; x_wconf 79' lang='lat' dir='ltr'><strong>iuramentis</strong></span> <span class='ocrx_word' id='word_1_255' title='bbox 1857 2157 2139 2227; x_wconf 79' lang='lat' dir='ltr'><strong>deceptus,</strong></span> 
     </span>
    </p>
   </div>
   <div class='ocr_carea' id='block_1_39' title="bbox 566 2248 2143 2322">
    <p class='ocr_par' dir='ltr' id='par_1_39' title="bbox 566 2248 2143 2322">
     <span class='ocr_line' id='line_1_39' title="bbox 566 2248 2143 2322; baseline -0.002 -15"><span class='ocrx_word' id='word_1_256' title='bbox 566 2252 756 2307; x_wconf 63' lang='lat' dir='ltr'><strong>Bardaa</strong></span> <span class='ocrx_word' id='word_1_257' title='bbox 806 2252 1012 2308; x_wconf 68' lang='lat' dir='ltr'><strong>Cresari</strong></span> <span class='ocrx_word' id='word_1_258' title='bbox 1071 2267 1263 2308; x_wconf 87' lang='lat' dir='ltr'><strong>socero</strong></span> <span class='ocrx_word' id='word_1_259' title='bbox 1308 2251 1529 2322; x_wconf 87' lang='lat' dir='ltr'><strong>proprio</strong></span> <span class='ocrx_word' id='word_1_260' title='bbox 1573 2250 1924 2306; x_wconf 85' lang='lat' dir='ltr'><strong>adversarius</strong></span> <span class='ocrx_word' id='word_1_261' title='bbox 1963 2248 2143 2304; x_wconf 84' lang='lat' dir='ltr'><strong>factus</strong></span> 
     </span>
    </p>
   </div>
   <div class='ocr_carea' id='block_1_40' title="bbox 564 2341 2139 2415">
    <p class='ocr_par' dir='ltr' id='par_1_40' title="bbox 564 2341 2139 2415">
     <span class='ocr_line' id='line_1_40' title="bbox 564 2341 2139 2415; baseline -0.003 -15"><span class='ocrx_word' id='word_1_262' title='bbox 564 2354 689 2400; x_wconf 87' lang='lat' dir='ltr'><strong>est:</strong></span> <span class='ocrx_word' id='word_1_263' title='bbox 742 2355 797 2400; x_wconf 88' lang='lat' dir='ltr'><strong>et</strong></span> <span class='ocrx_word' id='word_1_264' title='bbox 842 2344 908 2399; x_wconf 90' lang='lat' dir='ltr'><strong>ad</strong></span> <span class='ocrx_word' id='word_1_265' title='bbox 943 2345 1330 2415; x_wconf 87' lang='lat' dir='ltr'><strong>imperatorem</strong></span> <span class='ocrx_word' id='word_1_266' title='bbox 1364 2346 1630 2398; x_wconf 83' lang='lat' dir='ltr'><strong>accedens</strong></span> <span class='ocrx_word' id='word_1_267' title='bbox 1671 2341 2002 2411; x_wconf 87' lang='lat' dir='ltr'><strong>iuramentis</strong></span> <span class='ocrx_word' id='word_1_268' title='bbox 2040 2344 2139 2397; x_wconf 86' lang='lat' dir='ltr'><strong>ad-</strong></span> 
     </span>
    </p>
   </div>
   <div class='ocr_carea' id='block_1_41' title="bbox 566 2437 2142 2497">
    <p class='ocr_par' dir='ltr' id='par_1_41' title="bbox 566 2437 2142 2497">
     <span class='ocr_line' id='line_1_41' title="bbox 566 2437 2142 2497; baseline -0.002 -1"><span class='ocrx_word' id='word_1_269' title='bbox 566 2442 754 2497; x_wconf 90' lang='lat' dir='ltr'><strong>hibitis</strong></span> <span class='ocrx_word' id='word_1_270' title='bbox 784 2440 959 2496; x_wconf 84' lang='lat' dir='ltr'><strong>suasit</strong></span> <span class='ocrx_word' id='word_1_271' title='bbox 991 2458 1007 2494; x_wconf 88' lang='lat'><strong>:</strong></span> <span class='ocrx_word' id='word_1_272' title='bbox 1059 2439 1242 2495; x_wconf 66' lang='lat' dir='ltr'><strong>Caesar</strong></span> <span class='ocrx_word' id='word_1_273' title='bbox 1271 2437 1577 2493; x_wconf 72' lang='lat' dir='ltr'><strong>interficere</strong></span> <span class='ocrx_word' id='word_1_274' title='bbox 1616 2445 1668 2492; x_wconf 83' lang='lat' dir='ltr'><strong>te</strong></span> <span class='ocrx_word' id='word_1_275' title='bbox 1698 2437 2052 2493; x_wconf 89' lang='lat' dir='ltr'><strong>consiliatur:</strong></span> <span class='ocrx_word' id='word_1_276' title='bbox 2087 2448 2142 2493; x_wconf 90' lang='lat' dir='ltr'><strong>et</strong></span> 
     </span>
    </p>
   </div>
   <div class='ocr_carea' id='block_1_42' title="bbox 564 2531 2136 2605">
    <p class='ocr_par' dir='ltr' id='par_1_42' title="bbox 564 2531 2136 2605">
     <span class='ocr_line' id='line_1_42' title="bbox 564 2531 2136 2605; baseline -0.003 -17"><span class='ocrx_word' id='word_1_277' title='bbox 564 2533 962 2605; x_wconf 89' lang='lat' dir='ltr'><strong>coniurationis</strong></span> <span class='ocrx_word' id='word_1_278' title='bbox 1013 2531 1265 2588; x_wconf 88' lang='lat' dir='ltr'><strong>ordinem</strong></span> <span class='ocrx_word' id='word_1_279' title='bbox 1313 2532 1550 2601; x_wconf 88' lang='lat' dir='ltr'><strong>aperuit.</strong></span> <span class='ocrx_word' id='word_1_280' title='bbox 1614 2532 1920 2601; x_wconf 87' lang='lat' dir='ltr'><strong>Imperator</strong></span> <span class='ocrx_word' id='word_1_281' title='bbox 1982 2545 2136 2602; x_wconf 80' lang='lat' dir='ltr'><strong>ergo,</strong></span> 
     </span>
    </p>
   </div>
   <div class='ocr_carea' id='block_1_43' title="bbox 563 2627 2140 2703">
    <p class='ocr_par' dir='ltr' id='par_1_43' title="bbox 563 2627 2140 2703">
     <span class='ocr_line' id='line_1_43' title="bbox 563 2627 2140 2703; baseline -0.003 -17"><span class='ocrx_word' id='word_1_282' title='bbox 563 2631 825 2703; x_wconf 84' lang='lat' dir='ltr'><strong>Symbatii</strong></span> <span class='ocrx_word' id='word_1_283' title='bbox 862 2629 1191 2700; x_wconf 89' lang='lat' dir='ltr'><strong>iuramentis</strong></span> <span class='ocrx_word' id='word_1_284' title='bbox 1230 2627 1451 2695; x_wconf 88' lang='lat' dir='ltr'><strong>ductus,</strong></span> <span class='ocrx_word' id='word_1_285' title='bbox 1494 2627 1792 2698; x_wconf 89' lang='lat' dir='ltr'><strong>Basiliique</strong></span> <span class='ocrx_word' id='word_1_286' title='bbox 1822 2627 2140 2682; x_wconf 90' lang='lat' dir='ltr'><strong>testimonio</strong></span> 
     </span>
    </p>
   </div>
   <div class='ocr_carea' id='block_1_44' title="bbox 567 2721 2142 2788">
    <p class='ocr_par' dir='ltr' id='par_1_44' title="bbox 567 2721 2142 2788">
     <span class='ocr_line' id='line_1_44' title="bbox 567 2721 2142 2788; baseline -0.003 -8"><span class='ocrx_word' id='word_1_287' title='bbox 567 2725 943 2788; x_wconf 81' lang='lat' dir='ltr'><strong>confirmatus,</strong></span> <span class='ocrx_word' id='word_1_288' title='bbox 984 2731 1226 2779; x_wconf 90' lang='lat' dir='ltr'><strong>secretas</strong></span> <span class='ocrx_word' id='word_1_289' title='bbox 1258 2722 1311 2777; x_wconf 89' lang='lat' dir='ltr'><strong>in</strong></span> <span class='ocrx_word' id='word_1_290' title='bbox 1344 2721 1612 2778; x_wconf 69' lang='lat' dir='ltr'><strong>Cmsarem</strong></span> <span class='ocrx_word' id='word_1_291' title='bbox 1645 2722 1969 2777; x_wconf 87' lang='lat' dir='ltr'><strong>moliebatur</strong></span> <span class='ocrx_word' id='word_1_292' title='bbox 2009 2725 2142 2778; x_wconf 90' lang='lat' dir='ltr'><strong>insi-</strong></span> 
     </span>
    </p>
   </div>
   <div class='ocr_carea' id='block_1_45' title="bbox 565 2815 2139 2886">
    <p class='ocr_par' dir='ltr' id='par_1_45' title="bbox 565 2815 2139 2886">
     <span class='ocr_line' id='line_1_45' title="bbox 565 2815 2139 2886; baseline -0.003 -12"><span class='ocrx_word' id='word_1_293' title='bbox 565 2818 708 2876; x_wconf 88' lang='lat' dir='ltr'><strong>dias.</strong></span> <span class='ocrx_word' id='word_1_294' title='bbox 761 2816 1000 2874; x_wconf 87' lang='lat' dir='ltr'><strong>Basilius</strong></span> <span class='ocrx_word' id='word_1_295' title='bbox 1049 2826 1248 2872; x_wconf 89' lang='lat' dir='ltr'><strong>cuncta</strong></span> <span class='ocrx_word' id='word_1_296' title='bbox 1306 2823 1496 2871; x_wconf 87' lang='lat' dir='ltr'><strong>contra</strong></span> <span class='ocrx_word' id='word_1_297' title='bbox 1540 2816 1808 2870; x_wconf 65' lang='lat' dir='ltr'><strong>Caesarem</strong></span> <span class='ocrx_word' id='word_1_298' title='bbox 1856 2815 2024 2886; x_wconf 85' lang='lat' dir='ltr'><strong>probe</strong></span> <span class='ocrx_word' id='word_1_299' title='bbox 2057 2815 2139 2870; x_wconf 74' lang='lat' dir='ltr'><strong>in“-</strong></span> 
     </span>
    </p>
   </div>
   <div class='ocr_carea' id='block_1_46' title="bbox 566 2906 2136 2981">
    <p class='ocr_par' dir='ltr' id='par_1_46' title="bbox 566 2906 2136 2981">
     <span class='ocr_line' id='line_1_46' title="bbox 566 2906 2136 2981; baseline -0.003 -16"><span class='ocrx_word' id='word_1_300' title='bbox 566 2919 777 2966; x_wconf 89' lang='lat' dir='ltr'><strong>structa</strong></span> <span class='ocrx_word' id='word_1_301' title='bbox 807 2923 1168 2981; x_wconf 82' lang='lat' dir='ltr'><strong>cognoscens,</strong></span> <span class='ocrx_word' id='word_1_302' title='bbox 1218 2923 1386 2979; x_wconf 86' lang='lat' dir='ltr'><strong>seque</strong></span> <span class='ocrx_word' id='word_1_303' title='bbox 1416 2906 1578 2980; x_wconf 60' lang='lat'><strong>465</strong></span> <span class='ocrx_word' id='word_1_304' title='bbox 1605 2906 1750 2976; x_wconf 87' lang='lat' dir='ltr'><strong>quod</strong></span> <span class='ocrx_word' id='word_1_305' title='bbox 1775 2917 2052 2976; x_wconf 85' lang='lat' dir='ltr'><strong>paraverat</strong></span> <span class='ocrx_word' id='word_1_306' title='bbox 2083 2907 2136 2961; x_wconf 93' lang='lat' dir='ltr'><strong>in</strong></span> 
     </span>
    </p>
   </div>
   <div class='ocr_carea' id='block_1_47' title="bbox 566 2997 2135 3072">
    <p class='ocr_par' dir='ltr' id='par_1_47' title="bbox 566 2997 2135 3072">
     <span class='ocr_line' id='line_1_47' title="bbox 566 2997 2135 3072; baseline -0.003 -13"><span class='ocrx_word' id='word_1_307' title='bbox 566 3004 700 3059; x_wconf 87' lang='lat' dir='ltr'><strong>urbe</strong></span> <span class='ocrx_word' id='word_1_308' title='bbox 734 3018 842 3057; x_wconf 92' lang='lat' dir='ltr'><strong>non</strong></span> <span class='ocrx_word' id='word_1_309' title='bbox 871 3017 1033 3072; x_wconf 88' lang='lat' dir='ltr'><strong>posse</strong></span> <span class='ocrx_word' id='word_1_310' title='bbox 1061 3001 1308 3065; x_wconf 79' lang='lat' dir='ltr'><strong>exsequi,</strong></span> <span class='ocrx_word' id='word_1_311' title='bbox 1355 2999 1623 3055; x_wconf 85' lang='lat' dir='ltr'><strong>adversus</strong></span> <span class='ocrx_word' id='word_1_312' title='bbox 1657 2997 1876 3054; x_wconf 85' lang='lat' dir='ltr'><strong>Cretam</strong></span> <span class='ocrx_word' id='word_1_313' title='bbox 1903 2999 2135 3055; x_wconf 82' lang='lat' dir='ltr'><strong>classem</strong></span> 
     </span>
    </p>
   </div>
   <div class='ocr_carea' id='block_1_48' title="bbox 565 3091 2138 3163">
    <p class='ocr_par' dir='ltr' id='par_1_48' title="bbox 565 3091 2138 3163">
     <span class='ocr_line' id='line_1_48' title="bbox 565 3091 2138 3163; baseline 0 -13"><span class='ocrx_word' id='word_1_314' title='bbox 565 3109 618 3151; x_wconf 88' lang='lat' dir='ltr'><strong>et</strong></span> <span class='ocrx_word' id='word_1_315' title='bbox 647 3095 948 3151; x_wconf 82' lang='lat' dir='ltr'><strong>exercitum</strong></span> <span class='ocrx_word' id='word_1_316' title='bbox 992 3108 1212 3148; x_wconf 85' lang='lat' dir='ltr'><strong>movere</strong></span> <span class='ocrx_word' id='word_1_317' title='bbox 1237 3093 1429 3148; x_wconf 84' lang='lat' dir='ltr'><strong>suadet</strong></span> <span class='ocrx_word' id='word_1_318' title='bbox 1455 3092 1794 3163; x_wconf 85' lang='lat' dir='ltr'><strong>imperatori.</strong></span> <span class='ocrx_word' id='word_1_319' title='bbox 1846 3091 1981 3146; x_wconf 91' lang='lat' dir='ltr'><strong>Dum</strong></span> <span class='ocrx_word' id='word_1_320' title='bbox 2023 3094 2138 3150; x_wconf 59' lang='lat' dir='ltr'><strong>hac</strong></span> 
     </span>
    </p>
   </div>
   <div class='ocr_carea' id='block_1_49' title="bbox 2243 1977 3838 2068">
    <p class='ocr_par' dir='ltr' id='par_1_49' title="bbox 2243 1977 3838 2068">
     <span class='ocr_line' id='line_1_49' title="bbox 2243 1977 3838 2068; baseline 0.009 -38"><span class='ocrx_word' id='word_1_321' title='bbox 2243 1994 2303 2030; x_wconf 84' lang='grc' dir='ltr'><strong>σε</strong></span> <span class='ocrx_word' id='word_1_322' title='bbox 2340 1977 2619 2068; x_wconf 77' lang='grc' dir='ltr'>Καίσαρα,</span> <span class='ocrx_word' id='word_1_323' title='bbox 2677 1981 2814 2034; x_wconf 84' lang='grc' dir='ltr'>ἀλλὰ</span> <span class='ocrx_word' id='word_1_324' title='bbox 2861 1983 2952 2038; x_wconf 83' lang='grc' dir='ltr'>διὰ</span> <span class='ocrx_word' id='word_1_325' title='bbox 3007 1983 3101 2039; x_wconf 80' lang='grc' dir='ltr'>τὸν</span> <span class='ocrx_word' id='word_1_326' title='bbox 3144 1984 3405 2060; x_wconf 77' lang='grc' dir='ltr'>πενθερόν</span> <span class='ocrx_word' id='word_1_327' title='bbox 3449 2004 3544 2042; x_wconf 91' lang='grc' dir='ltr'><strong>σου</strong></span> <span class='ocrx_word' id='word_1_328' title='bbox 3573 1988 3838 2045; x_wconf 75' lang='grc' dir='ltr'><strong>ἀδυνατεῖ</strong></span> 
     </span>
    </p>
   </div>
   <div class='ocr_carea' id='block_1_50' title="bbox 2243 2068 3834 2152">
    <p class='ocr_par' dir='ltr' id='par_1_50' title="bbox 2243 2068 3834 2152">
     <span class='ocr_line' id='line_1_50' title="bbox 2243 2068 3834 2152; baseline 0.009 -31"><span class='ocrx_word' id='word_1_329' title='bbox 2243 2068 2403 2124; x_wconf 82' lang='grc' dir='ltr'>τοῦτο</span> <span class='ocrx_word' id='word_1_330' title='bbox 2444 2070 2690 2141; x_wconf 74' lang='grc' dir='ltr'>ποιῆσαι.</span> <span class='ocrx_word' id='word_1_331' title='bbox 2740 2073 2798 2126; x_wconf 85' lang='grc' dir='ltr'>Ὀ</span> <span class='ocrx_word' id='word_1_332' title='bbox 2851 2073 2918 2152; x_wconf 10' lang='grc' dir='ltr'><strong>δὲ.</strong></span> <span class='ocrx_word' id='word_1_333' title='bbox 2952 2070 3276 2146; x_wconf 62' lang='grc' dir='ltr'>’ἀπατηθεὶς</span> <span class='ocrx_word' id='word_1_334' title='bbox 3326 2080 3438 2145; x_wconf 77' lang='grc' dir='ltr'>τοῖς</span> <span class='ocrx_word' id='word_1_335' title='bbox 3501 2079 3684 2150; x_wconf 79' lang='grc' dir='ltr'>ὅρκοις</span> <span class='ocrx_word' id='word_1_336' title='bbox 3728 2078 3834 2136; x_wconf 72' lang='grc' dir='ltr'>τοῦ</span> 
     </span>
    </p>
   </div>
   <div class='ocr_carea' id='block_1_51' title="bbox 2242 2160 3830 2244">
    <p class='ocr_par' dir='ltr' id='par_1_51' title="bbox 2242 2160 3830 2244">
     <span class='ocr_line' id='line_1_51' title="bbox 2242 2160 3830 2244; baseline 0.01 -30"><span class='ocrx_word' id='word_1_337' title='bbox 2242 2160 2550 2228; x_wconf 77' lang='grc' dir='ltr'>Βασιλείου,</span> <span class='ocrx_word' id='word_1_338' title='bbox 2610 2165 2804 2234; x_wconf 74' lang='grc' dir='ltr'>γέγονε</span> <span class='ocrx_word' id='word_1_339' title='bbox 2852 2167 2994 2222; x_wconf 88' lang='grc' dir='ltr'>κατά</span> <span class='ocrx_word' id='word_1_340' title='bbox 3030 2169 3126 2223; x_wconf 79' lang='grc' dir='ltr'><strong>τοῦ</strong></span> <span class='ocrx_word' id='word_1_341' title='bbox 3170 2169 3452 2244; x_wconf 78' lang='grc' dir='ltr'>Καίσαρος</span> <span class='ocrx_word' id='word_1_342' title='bbox 3500 2172 3684 2244; x_wconf 84' lang='grc' dir='ltr'>Βάρδα</span> <span class='ocrx_word' id='word_1_343' title='bbox 3729 2173 3830 2229; x_wconf 71' lang='grc' dir='ltr'><strong>τοῦ</strong></span> 
     </span>
    </p>
   </div>
   <div class='ocr_carea' id='block_1_52' title="bbox 2245 2254 3834 2333">
    <p class='ocr_par' dir='ltr' id='par_1_52' title="bbox 2245 2254 3834 2333">
     <span class='ocr_line' id='line_1_52' title="bbox 2245 2254 3834 2333; baseline 0.008 -26"><span class='ocrx_word' id='word_1_344' title='bbox 2245 2254 2378 2308; x_wconf 74' lang='grc' dir='ltr'>ἰδίου</span> <span class='ocrx_word' id='word_1_345' title='bbox 2439 2255 2726 2328; x_wconf 72' lang='grc' dir='ltr'>πενθεροῦ.</span> <span class='ocrx_word' id='word_1_346' title='bbox 2772 2259 2879 2312; x_wconf 74' lang='grc' dir='ltr'>Καὶ</span> <span class='ocrx_word' id='word_1_347' title='bbox 2908 2259 3168 2314; x_wconf 75' lang='grc' dir='ltr'>εἰσελθὼν</span> <span class='ocrx_word' id='word_1_348' title='bbox 3219 2263 3302 2328; x_wconf 75' lang='grc' dir='ltr'><strong>εἰς</strong></span> <span class='ocrx_word' id='word_1_349' title='bbox 3332 2260 3427 2315; x_wconf 77' lang='grc' dir='ltr'>τὸν</span> <span class='ocrx_word' id='word_1_350' title='bbox 3479 2261 3702 2333; x_wconf 69' lang='grc' dir='ltr'>βασιλέα</span> <span class='ocrx_word' id='word_1_351' title='bbox 3735 2261 3834 2332; x_wconf 70' lang='lat' dir='ltr'><strong>tE-</strong></span> 
     </span>
    </p>
   </div>
   <div class='ocr_carea' id='block_1_53' title="bbox 2241 2347 3833 2430">
    <p class='ocr_par' dir='ltr' id='par_1_53' title="bbox 2241 2347 3833 2430">
     <span class='ocr_line' id='line_1_53' title="bbox 2241 2347 3833 2430; baseline 0.007 -29"><span class='ocrx_word' id='word_1_352' title='bbox 2241 2347 2497 2418; x_wconf 79' lang='grc' dir='ltr'>ωμόσατο</span> <span class='ocrx_word' id='word_1_353' title='bbox 2527 2349 2951 2424; x_wconf 79' lang='grc' dir='ltr'>πληροφορήσας</span> <span class='ocrx_word' id='word_1_354' title='bbox 3002 2353 3187 2418; x_wconf 75' lang='grc' dir='ltr'>αὑτὸν,</span> <span class='ocrx_word' id='word_1_355' title='bbox 3241 2357 3316 2418; x_wconf 82' lang='grc' dir='ltr'>ὡς</span> <span class='ocrx_word' id='word_1_356' title='bbox 3365 2353 3425 2408; x_wconf 87' lang='grc' dir='ltr'><strong>Ὀ</strong></span> <span class='ocrx_word' id='word_1_357' title='bbox 3457 2355 3668 2430; x_wconf 79' lang='grc' dir='ltr'>Καῖσαρ</span> <span class='ocrx_word' id='word_1_358' title='bbox 3699 2356 3833 2429; x_wconf 79' lang='grc' dir='ltr'><strong>βούο</strong></span> 
     </span>
    </p>
   </div>
   <div class='ocr_carea' id='block_1_54' title="bbox 2241 2440 3826 2524">
    <p class='ocr_par' dir='ltr' id='par_1_54' title="bbox 2241 2440 3826 2524">
     <span class='ocr_line' id='line_1_54' title="bbox 2241 2440 3826 2524; baseline 0.008 -30"><span class='ocrx_word' id='word_1_359' title='bbox 2241 2440 2392 2496; x_wconf 80' lang='grc' dir='ltr'>λεταί</span> <span class='ocrx_word' id='word_1_360' title='bbox 2419 2460 2478 2496; x_wconf 87' lang='grc' dir='ltr'><strong>σε</strong></span> <span class='ocrx_word' id='word_1_361' title='bbox 2528 2443 2758 2511; x_wconf 80' lang='grc' dir='ltr'>ἀνελεῖν,</span> <span class='ocrx_word' id='word_1_362' title='bbox 2800 2444 3031 2512; x_wconf 75' lang='grc' dir='ltr'>ἐξειπὼν</span> <span class='ocrx_word' id='word_1_363' title='bbox 3081 2449 3177 2506; x_wconf 67' lang='grc' dir='ltr'>καὶ</span> <span class='ocrx_word' id='word_1_364' title='bbox 3204 2446 3271 2502; x_wconf 81' lang='grc' dir='ltr'><strong>τά</strong></span> <span class='ocrx_word' id='word_1_365' title='bbox 3292 2448 3392 2523; x_wconf 82' lang='grc' dir='ltr'><strong>τῆς</strong></span> <span class='ocrx_word' id='word_1_366' title='bbox 3425 2447 3640 2524; x_wconf 80' lang='grc' dir='ltr'>βουλῆς.</span> <span class='ocrx_word' id='word_1_367' title='bbox 3682 2450 3745 2506; x_wconf 87' lang='grc'><strong>⁸0</strong></span> <span class='ocrx_word' id='word_1_368' title='bbox 3766 2450 3826 2506; x_wconf 69' lang='grc' dir='ltr'>δι</span> 
     </span>
    </p>
   </div>
   <div class='ocr_carea' id='block_1_55' title="bbox 2244 2533 3827 2609">
    <p class='ocr_par' dir='ltr' id='par_1_55' title="bbox 2244 2533 3827 2609">
     <span class='ocr_line' id='line_1_55' title="bbox 2244 2533 3827 2609; baseline 0.006 -22"><span class='ocrx_word' id='word_1_369' title='bbox 2244 2533 2502 2605; x_wconf 82' lang='grc' dir='ltr'>βασιλεὺς</span> <span class='ocrx_word' id='word_1_370' title='bbox 2558 2537 2673 2600; x_wconf 81' lang='grc' dir='ltr'>τοῖς</span> <span class='ocrx_word' id='word_1_371' title='bbox 2717 2537 2903 2609; x_wconf 79' lang='grc' dir='ltr'><strong>ὅρκοις</strong></span> <span class='ocrx_word' id='word_1_372' title='bbox 2936 2538 3032 2592; x_wconf 78' lang='grc' dir='ltr'>τοῦ</span> <span class='ocrx_word' id='word_1_373' title='bbox 3071 2538 3382 2609; x_wconf 74' lang='grc' dir='ltr'>Συμϐατίου</span> <span class='ocrx_word' id='word_1_374' title='bbox 3429 2542 3694 2607; x_wconf 79' lang='grc' dir='ltr'>πεισθεὶς,</span> <span class='ocrx_word' id='word_1_375' title='bbox 3727 2544 3827 2599; x_wconf 74' lang='grc' dir='ltr'><strong>καὶ</strong></span> 
     </span>
    </p>
   </div>
   <div class='ocr_carea' id='block_1_56' title="bbox 2241 2627 3828 2706">
    <p class='ocr_par' dir='ltr' id='par_1_56' title="bbox 2241 2627 3828 2706">
     <span class='ocr_line' id='line_1_56' title="bbox 2241 2627 3828 2706; baseline 0.006 -25"><span class='ocrx_word' id='word_1_376' title='bbox 2241 2630 2351 2692; x_wconf 81' lang='grc' dir='ltr'>τοῖς</span> <span class='ocrx_word' id='word_1_377' title='bbox 2385 2628 2565 2697; x_wconf 84' lang='grc' dir='ltr'><strong>λόγοις</strong></span> <span class='ocrx_word' id='word_1_378' title='bbox 2579 2627 2674 2682; x_wconf 81' lang='grc' dir='ltr'><strong>τοῦ</strong></span> <span class='ocrx_word' id='word_1_379' title='bbox 2708 2628 2987 2684; x_wconf 68' lang='grc' dir='ltr'>Ιῖασιλείου</span> <span class='ocrx_word' id='word_1_380' title='bbox 3011 2631 3352 2702; x_wconf 75' lang='grc' dir='ltr'>βεϐαιωοεὶς,</span> <span class='ocrx_word' id='word_1_381' title='bbox 3371 2633 3654 2706; x_wconf 74' lang='grc' dir='ltr'>ἐνδομύχει</span> <span class='ocrx_word' id='word_1_382' title='bbox 3680 2635 3828 2691; x_wconf 78' lang='grc' dir='ltr'>κατὰ</span> 
     </span>
    </p>
   </div>
   <div class='ocr_carea' id='block_1_57' title="bbox 2241 2720 3827 2793">
    <p class='ocr_par' dir='ltr' id='par_1_57' title="bbox 2241 2720 3827 2793">
     <span class='ocr_line' id='line_1_57' title="bbox 2241 2720 3827 2793; baseline 0.004 -19"><span class='ocrx_word' id='word_1_383' title='bbox 2241 2720 2334 2775; x_wconf 84' lang='grc' dir='ltr'><strong>τοῦ</strong></span> <span class='ocrx_word' id='word_1_384' title='bbox 2361 2721 2661 2793; x_wconf 75' lang='grc' dir='ltr'>Καίσαρος.</span> <span class='ocrx_word' id='word_1_385' title='bbox 2713 2723 2882 2787; x_wconf 81' lang='grc' dir='ltr'><strong>Εἰδὼς</strong></span> <span class='ocrx_word' id='word_1_386' title='bbox 2912 2723 2968 2778; x_wconf 79' lang='grc' dir='ltr'>δὲ</span> <span class='ocrx_word' id='word_1_387' title='bbox 3019 2723 3299 2792; x_wconf 78' lang='grc' dir='ltr'>Βασίλειος</span> <span class='ocrx_word' id='word_1_388' title='bbox 3335 2726 3418 2780; x_wconf 86' lang='grc' dir='ltr'>ὅτι</span> <span class='ocrx_word' id='word_1_389' title='bbox 3439 2727 3614 2780; x_wconf 85' lang='grc' dir='ltr'>πάντα</span> <span class='ocrx_word' id='word_1_390' title='bbox 3638 2727 3827 2792; x_wconf 80' lang='grc' dir='ltr'>καλῶς</span> 
     </span>
    </p>
   </div>
   <div class='ocr_carea' id='block_1_58' title="bbox 2242 2813 3828 2894">
    <p class='ocr_par' dir='ltr' id='par_1_58' title="bbox 2242 2813 3828 2894">
     <span class='ocr_line' id='line_1_58' title="bbox 2242 2813 3828 2894; baseline 0.004 -25"><span class='ocrx_word' id='word_1_391' title='bbox 2242 2813 2386 2870; x_wconf 85' lang='grc' dir='ltr'>κατά</span> <span class='ocrx_word' id='word_1_392' title='bbox 2431 2815 2526 2870; x_wconf 83' lang='grc' dir='ltr'><strong>τοῦ</strong></span> <span class='ocrx_word' id='word_1_393' title='bbox 2573 2817 2854 2889; x_wconf 83' lang='grc' dir='ltr'>Καίσαρος</span> <span class='ocrx_word' id='word_1_394' title='bbox 2905 2817 3328 2880; x_wconf 75' lang='grc' dir='ltr'>συνεσκεύαστο.</span> <span class='ocrx_word' id='word_1_395' title='bbox 3370 2821 3429 2874; x_wconf 81' lang='grc' dir='ltr'>ὲν</span> <span class='ocrx_word' id='word_1_396' title='bbox 3457 2822 3524 2892; x_wconf 82' lang='grc' dir='ltr'>τῇ</span> <span class='ocrx_word' id='word_1_397' title='bbox 3556 2820 3709 2875; x_wconf 69' lang='grc' dir='ltr'>πόλει</span> <span class='ocrx_word' id='word_1_398' title='bbox 3745 2820 3828 2894; x_wconf 71' lang='grc' dir='ltr'><strong>μὴ</strong></span> 
     </span>
    </p>
   </div>
   <div class='ocr_carea' id='block_1_59' title="bbox 2240 2905 3828 2982">
    <p class='ocr_par' dir='ltr' id='par_1_59' title="bbox 2240 2905 3828 2982">
     <span class='ocr_line' id='line_1_59' title="bbox 2240 2905 3828 2982; baseline 0.005 -21"><span class='ocrx_word' id='word_1_399' title='bbox 2240 2906 2539 2978; x_wconf 82' lang='grc' dir='ltr'>δυνάμενος</span> <span class='ocrx_word' id='word_1_400' title='bbox 2557 2906 2714 2962; x_wconf 77' lang='grc' dir='ltr'>τοῦτο</span> <span class='ocrx_word' id='word_1_401' title='bbox 2746 2911 2991 2981; x_wconf 81' lang='grc' dir='ltr'>ποιῆσαι,</span> <span class='ocrx_word' id='word_1_402' title='bbox 3011 2909 3191 2964; x_wconf 78' lang='grc' dir='ltr'>πείθει</span> <span class='ocrx_word' id='word_1_403' title='bbox 3219 2905 3312 2964; x_wconf 74' lang='grc' dir='ltr'>τὸν</span> <span class='ocrx_word' id='word_1_404' title='bbox 3338 2910 3564 2981; x_wconf 75' lang='grc' dir='ltr'><strong>βασιλέα</strong></span> <span class='ocrx_word' id='word_1_405' title='bbox 3597 2913 3828 2982; x_wconf 75' lang='grc' dir='ltr'><strong>κινῆσαι</strong></span> 
     </span>
    </p>
   </div>
   <div class='ocr_carea' id='block_1_60' title="bbox 2245 2983 3828 3077">
    <p class='ocr_par' dir='ltr' id='par_1_60' title="bbox 2245 2983 3828 3077">
     <span class='ocr_line' id='line_1_60' title="bbox 2245 2983 3828 3077; baseline 0.004 -19"><span class='ocrx_word' id='word_1_406' title='bbox 2245 3002 2432 3058; x_wconf 81' lang='grc' dir='ltr'>στόλον</span> <span class='ocrx_word' id='word_1_407' title='bbox 2479 3003 2573 3058; x_wconf 77' lang='grc' dir='ltr'><strong>καὶ</strong></span> <span class='ocrx_word' id='word_1_408' title='bbox 2612 2996 2844 3074; x_wconf 75' lang='grc' dir='ltr'>στρατδν</span> <span class='ocrx_word' id='word_1_409' title='bbox 2878 2983 3018 3060; x_wconf 61' lang='grc' dir='ltr'><strong>καῖὰ</strong></span> <span class='ocrx_word' id='word_1_410' title='bbox 3064 3005 3166 3074; x_wconf 84' lang='grc' dir='ltr'>τῆς</span> <span class='ocrx_word' id='word_1_411' title='bbox 3219 3007 3466 3077; x_wconf 79' lang='grc' dir='ltr'><strong>Κρήτης.</strong></span> <span class='ocrx_word' id='word_1_412' title='bbox 3515 3005 3722 3063; x_wconf 76' lang='grc' dir='ltr'>Τούτου</span> <span class='ocrx_word' id='word_1_413' title='bbox 3761 3008 3828 3064; x_wconf 75' lang='grc' dir='ltr'><strong>δι</strong></span> 
     </span>
    </p>
   </div>
   <div class='ocr_carea' id='block_1_61' title="bbox 2241 3095 3825 3170">
    <p class='ocr_par' dir='ltr' id='par_1_61' title="bbox 2241 3095 3825 3170">
     <span class='ocr_line' id='line_1_61' title="bbox 2241 3095 3825 3170; baseline 0.001 -20"><span class='ocrx_word' id='word_1_414' title='bbox 2241 3096 2560 3168; x_wconf 79' lang='grc' dir='ltr'>γενομένου,</span> <span class='ocrx_word' id='word_1_415' title='bbox 2578 3096 2730 3151; x_wconf 84' lang='grc' dir='ltr'>Λέων</span> <span class='ocrx_word' id='word_1_416' title='bbox 2756 3099 2784 3149; x_wconf 87' lang='lat'><strong>6</strong></span> <span class='ocrx_word' id='word_1_417' title='bbox 2806 3095 3097 3166; x_wconf 76' lang='grc' dir='ltr'>Φιλόσοφος</span> <span class='ocrx_word' id='word_1_418' title='bbox 3132 3097 3348 3169; x_wconf 84' lang='grc' dir='ltr'>Βάρδαν</span> <span class='ocrx_word' id='word_1_419' title='bbox 3376 3097 3634 3168; x_wconf 69' lang='grc' dir='ltr'>Καίσαρα</span> <span class='ocrx_word' id='word_1_420' title='bbox 3675 3116 3825 3170; x_wconf 67' lang='grc' dir='ltr'><strong>νεαρ⁴</strong></span> 
     </span>
    </p>
   </div>
   <div class='ocr_carea' id='block_1_62' title="bbox 563 3185 2138 3274">
    <p class='ocr_par' dir='ltr' id='par_1_62' title="bbox 563 3185 2133 3261">
     <span class='ocr_line' id='line_1_62' title="bbox 563 3185 2133 3261; baseline -0.001 -18"><span class='ocrx_word' id='word_1_421' title='bbox 563 3197 876 3261; x_wconf 76' lang='lat' dir='ltr'><strong>agerentur,</strong></span> <span class='ocrx_word' id='word_1_422' title='bbox 927 3186 1037 3243; x_wconf 87' lang='lat' dir='ltr'><strong>Leo</strong></span> <span class='ocrx_word' id='word_1_423' title='bbox 1104 3186 1537 3255; x_wconf 84' lang='lat' dir='ltr'><strong>Philososophus</strong></span> <span class='ocrx_word' id='word_1_424' title='bbox 1590 3185 1819 3240; x_wconf 83' lang='lat' dir='ltr'><strong>Banlam</strong></span> <span class='ocrx_word' id='word_1_425' title='bbox 1865 3185 2133 3242; x_wconf 78' lang='lat' dir='ltr'><strong>C.rsarent</strong></span> 
     </span>
    </p>
   </div>
   <div class='ocr_carea' id='block_1_63' title="bbox 2242 3185 3827 3274">
    <p class='ocr_par' dir='ltr' id='par_1_63' title="bbox 2242 3188 3827 3261">
     <span class='ocr_line' id='line_1_63' title="bbox 2242 3188 3827 3261; baseline 0.002 -19"><span class='ocrx_word' id='word_1_426' title='bbox 2242 3188 2359 3261; x_wconf 83' lang='grc' dir='ltr'>ῄνει</span> <span class='ocrx_word' id='word_1_427' title='bbox 2399 3188 2851 3252; x_wconf 78' lang='grc' dir='ltr'>ὑποστέλλεσθαι,</span> <span class='ocrx_word' id='word_1_428' title='bbox 2891 3192 2985 3243; x_wconf 60' lang='grc' dir='ltr'><strong>καὶ</strong></span> <span class='ocrx_word' id='word_1_429' title='bbox 3034 3192 3321 3260; x_wconf 77' lang='grc' dir='ltr'>συντηρεῖν</span> <span class='ocrx_word' id='word_1_430' title='bbox 3353 3190 3544 3244; x_wconf 67' lang='grc' dir='ltr'>ἑαυτὸν</span> <span class='ocrx_word' id='word_1_431' title='bbox 3577 3190 3684 3245; x_wconf 77' lang='grc' dir='ltr'>ἀπὸ</span> <span class='ocrx_word' id='word_1_432' title='bbox 3710 3191 3827 3245; x_wconf 82' lang='grc' dir='ltr'><strong>Βα-</strong></span> 
     </span>
    </p>
   </div>
   <div class='ocr_carea' id='block_1_64' title="bbox 564 3277 2132 3343">
    <p class='ocr_par' dir='ltr' id='par_1_64' title="bbox 564 3277 2132 3343">
     <span class='ocr_line' id='line_1_64' title="bbox 564 3277 2132 3343; baseline -0.002 -8"><span class='ocrx_word' id='word_1_433' title='bbox 564 3289 773 3343; x_wconf 83' lang='lat' dir='ltr'><strong>monet,</strong></span> <span class='ocrx_word' id='word_1_434' title='bbox 821 3290 882 3337; x_wconf 91' lang='lat' dir='ltr'><strong>ut</strong></span> <span class='ocrx_word' id='word_1_435' title='bbox 937 3295 995 3335; x_wconf 90' lang='lat' dir='ltr'><strong>se</strong></span> <span class='ocrx_word' id='word_1_436' title='bbox 1050 3279 1396 3341; x_wconf 72' lang='lat' dir='ltr'><strong>subduceret,</strong></span> <span class='ocrx_word' id='word_1_437' title='bbox 1452 3287 1506 3332; x_wconf 90' lang='lat' dir='ltr'><strong>et</strong></span> <span class='ocrx_word' id='word_1_438' title='bbox 1555 3295 1584 3332; x_wconf 91' lang='lat' dir='ltr'><strong>a</strong></span> <span class='ocrx_word' id='word_1_439' title='bbox 1639 3277 1838 3332; x_wconf 85' lang='lat' dir='ltr'><strong>Basiiio</strong></span> <span class='ocrx_word' id='word_1_440' title='bbox 1895 3287 2132 3332; x_wconf 78' lang='lat' dir='ltr'><strong>caveret.</strong></span> 
     </span>
    </p>
   </div>
   <div class='ocr_carea' id='block_1_65' title="bbox 561 3371 2140 3442">
    <p class='ocr_par' dir='ltr' id='par_1_65' title="bbox 561 3371 2140 3442">
     <span class='ocr_line' id='line_1_65' title="bbox 561 3371 2140 3442; baseline -0.003 -12"><span class='ocrx_word' id='word_1_441' title='bbox 561 3372 748 3430; x_wconf 75' lang='lat' dir='ltr'><strong>Caesar</strong></span> <span class='ocrx_word' id='word_1_442' title='bbox 802 3373 858 3427; x_wconf 92' lang='lat' dir='ltr'><strong>in</strong></span> <span class='ocrx_word' id='word_1_443' title='bbox 925 3372 1216 3428; x_wconf 85' lang='lat' dir='ltr'><strong>adversum</strong></span> <span class='ocrx_word' id='word_1_444' title='bbox 1277 3371 1594 3442; x_wconf 88' lang='lat' dir='ltr'><strong>imperatori</strong></span> <span class='ocrx_word' id='word_1_445' title='bbox 1655 3371 2022 3426; x_wconf 78' lang='lat' dir='ltr'><strong>attestabatur</strong></span> <span class='ocrx_word' id='word_1_446' title='bbox 2080 3380 2140 3425; x_wconf 90' lang='lat' dir='ltr'><strong>ut</strong></span> 
     </span>
    </p>
   </div>
   <div class='ocr_carea' id='block_1_66' title="bbox 564 3461 2138 3537">
    <p class='ocr_par' dir='ltr' id='par_1_66' title="bbox 564 3461 2138 3537">
     <span class='ocr_line' id='line_1_66' title="bbox 564 3461 2138 3537; baseline -0.003 -17"><span class='ocrx_word' id='word_1_447' title='bbox 564 3481 724 3537; x_wconf 89' lang='lat' dir='ltr'><strong>parce</strong></span> <span class='ocrx_word' id='word_1_448' title='bbox 750 3463 956 3521; x_wconf 90' lang='lat' dir='ltr'><strong>Basilio</strong></span> <span class='ocrx_word' id='word_1_449' title='bbox 996 3471 1257 3520; x_wconf 88' lang='lat' dir='ltr'><strong>uteretur.</strong></span> <span class='ocrx_word' id='word_1_450' title='bbox 1299 3461 1749 3518; x_wconf 86' lang='lat' dir='ltr'><strong>Annuntiationis</strong></span> <span class='ocrx_word' id='word_1_451' title='bbox 1783 3472 1964 3518; x_wconf 87' lang='lat' dir='ltr'><strong>autem</strong></span> <span class='ocrx_word' id='word_1_452' title='bbox 1997 3462 2138 3517; x_wconf 76' lang='lat' dir='ltr'><strong>festo</strong></span> 
     </span>
    </p>
   </div>
   <div class='ocr_carea' id='block_1_67' title="bbox 562 3555 2134 3626">
    <p class='ocr_par' dir='ltr' id='par_1_67' title="bbox 562 3555 2134 3626">
     <span class='ocr_line' id='line_1_67' title="bbox 562 3555 2134 3626; baseline -0.003 -11"><span class='ocrx_word' id='word_1_453' title='bbox 562 3558 631 3615; x_wconf 88' lang='lat' dir='ltr'><strong>ad</strong></span> <span class='ocrx_word' id='word_1_454' title='bbox 670 3559 982 3622; x_wconf 82' lang='lat' dir='ltr'><strong>ecclesiam,</strong></span> <span class='ocrx_word' id='word_1_455' title='bbox 1037 3572 1159 3626; x_wconf 85' lang='lat' dir='ltr'><strong>quae</strong></span> <span class='ocrx_word' id='word_1_456' title='bbox 1191 3563 1275 3612; x_wconf 85' lang='lat' dir='ltr'><strong>est</strong></span> <span class='ocrx_word' id='word_1_457' title='bbox 1325 3556 1379 3611; x_wconf 90' lang='lat' dir='ltr'><strong>in</strong></span> <span class='ocrx_word' id='word_1_458' title='bbox 1429 3555 1847 3625; x_wconf 85' lang='lat' dir='ltr'><strong>Chalcopratiis.</strong></span> <span class='ocrx_word' id='word_1_459' title='bbox 1874 3570 2134 3626; x_wconf 76' lang='lat' dir='ltr'><strong>procrssu</strong></span> 
     </span>
    </p>
   </div>
   <div class='ocr_carea' id='block_1_68' title="bbox 564 3646 2140 3720">
    <p class='ocr_par' dir='ltr' id='par_1_68' title="bbox 564 3646 2140 3720">
     <span class='ocr_line' id='line_1_68' title="bbox 564 3646 2140 3720; baseline -0.004 -13"><span class='ocrx_word' id='word_1_460' title='bbox 564 3650 731 3716; x_wconf 81' lang='lat' dir='ltr'><strong>facto,</strong></span> <span class='ocrx_word' id='word_1_461' title='bbox 767 3660 992 3720; x_wconf 89' lang='lat' dir='ltr'><strong>peracto</strong></span> <span class='ocrx_word' id='word_1_462' title='bbox 1045 3650 1318 3719; x_wconf 81' lang='lat' dir='ltr'><strong>ingressu,</strong></span> <span class='ocrx_word' id='word_1_463' title='bbox 1369 3655 1422 3703; x_wconf 87' lang='lat' dir='ltr'><strong>et</strong></span> <span class='ocrx_word' id='word_1_464' title='bbox 1456 3646 1752 3717; x_wconf 81' lang='lat' dir='ltr'><strong>Evangelio</strong></span> <span class='ocrx_word' id='word_1_465' title='bbox 1783 3647 1946 3711; x_wconf 86' lang='lat' dir='ltr'><strong>lecto,</strong></span> <span class='ocrx_word' id='word_1_466' title='bbox 1995 3646 2140 3702; x_wconf 82' lang='lat' dir='ltr'><strong>Pho-</strong></span> 
     </span>
    </p>
   </div>
   <div class='ocr_carea' id='block_1_69' title="bbox 562 3739 2138 3814">
    <p class='ocr_par' dir='ltr' id='par_1_69' title="bbox 562 3739 2138 3814">
     <span class='ocr_line' id='line_1_69' title="bbox 562 3739 2138 3814; baseline -0.003 -14"><span class='ocrx_word' id='word_1_467' title='bbox 562 3746 674 3800; x_wconf 91' lang='lat' dir='ltr'><strong>tius</strong></span> <span class='ocrx_word' id='word_1_468' title='bbox 709 3742 1023 3814; x_wconf 89' lang='lat' dir='ltr'><strong>patriarcha</strong></span> <span class='ocrx_word' id='word_1_469' title='bbox 1055 3749 1108 3796; x_wconf 88' lang='lat' dir='ltr'><strong>et</strong></span> <span class='ocrx_word' id='word_1_470' title='bbox 1143 3742 1442 3811; x_wconf 86' lang='lat' dir='ltr'><strong>imperator</strong></span> <span class='ocrx_word' id='word_1_471' title='bbox 1465 3754 1587 3794; x_wconf 89' lang='lat' dir='ltr'><strong>cum</strong></span> <span class='ocrx_word' id='word_1_472' title='bbox 1608 3739 1823 3795; x_wconf 85' lang='lat' dir='ltr'><strong>Caesare</strong></span> <span class='ocrx_word' id='word_1_473' title='bbox 1848 3749 1900 3797; x_wconf 84' lang='lat' dir='ltr'><strong>et</strong></span> <span class='ocrx_word' id='word_1_474' title='bbox 1935 3739 2138 3797; x_wconf 82' lang='lat' dir='ltr'><strong>Basilio</strong></span> 
     </span>
    </p>
   </div>
   <div class='ocr_carea' id='block_1_70' title="bbox 561 3832 2136 3908">
    <p class='ocr_par' dir='ltr' id='par_1_70' title="bbox 561 3832 2136 3908">
     <span class='ocr_line' id='line_1_70' title="bbox 561 3832 2136 3908; baseline 0 -17"><span class='ocrx_word' id='word_1_475' title='bbox 561 3837 877 3894; x_wconf 89' lang='lat' dir='ltr'><strong>accubitore</strong></span> <span class='ocrx_word' id='word_1_476' title='bbox 908 3835 974 3889; x_wconf 90' lang='lat' dir='ltr'><strong>ad</strong></span> <span class='ocrx_word' id='word_1_477' title='bbox 1007 3833 1398 3889; x_wconf 88' lang='lat' dir='ltr'><strong>catechumena</strong></span> <span class='ocrx_word' id='word_1_478' title='bbox 1439 3832 1899 3898; x_wconf 81' lang='lat' dir='ltr'><strong>conscenderunt,</strong></span> <span class='ocrx_word' id='word_1_479' title='bbox 1950 3843 2005 3890; x_wconf 86' lang='lat' dir='ltr'><strong>et</strong></span> <span class='ocrx_word' id='word_1_480' title='bbox 2038 3851 2136 3908; x_wconf 88' lang='lat' dir='ltr'><strong>pa-</strong></span> 
     </span>
    </p>
   </div>
   <div class='ocr_carea' id='block_1_71' title="bbox 563 3925 2137 3998">
    <p class='ocr_par' dir='ltr' id='par_1_71' title="bbox 563 3925 2137 3998">
     <span class='ocr_line' id='line_1_71' title="bbox 563 3925 2137 3998; baseline -0.001 -12"><span class='ocrx_word' id='word_1_481' title='bbox 563 3931 804 3986; x_wconf 90' lang='lat' dir='ltr'><strong>triarcha</strong></span> <span class='ocrx_word' id='word_1_482' title='bbox 856 3929 1159 3998; x_wconf 85' lang='lat' dir='ltr'><strong>pretiosum</strong></span> <span class='ocrx_word' id='word_1_483' title='bbox 1211 3941 1412 3992; x_wconf 89' lang='lat' dir='ltr'><strong>corpus</strong></span> <span class='ocrx_word' id='word_1_484' title='bbox 1463 3935 1518 3980; x_wconf 91' lang='lat' dir='ltr'><strong>et</strong></span> <span class='ocrx_word' id='word_1_485' title='bbox 1560 3927 1882 3997; x_wconf 76' lang='lat' dir='ltr'><strong>sanguinem</strong></span> <span class='ocrx_word' id='word_1_486' title='bbox 1918 3925 2137 3984; x_wconf 72' lang='lat' dir='ltr'><strong>Domini</strong></span> 
     </span>
    </p>
   </div>
   <div class='ocr_carea' id='block_1_72' title="bbox 563 4020 2140 4084">
    <p class='ocr_par' dir='ltr' id='par_1_72' title="bbox 563 4020 2140 4084">
     <span class='ocr_line' id='line_1_72' title="bbox 563 4020 2140 4084; baseline -0.002 -5"><span class='ocrx_word' id='word_1_487' title='bbox 563 4022 737 4080; x_wconf 88' lang='lat' dir='ltr'><strong>nostri</strong></span> <span class='ocrx_word' id='word_1_488' title='bbox 770 4020 898 4078; x_wconf 83' lang='lat' dir='ltr'><strong>Jcsu</strong></span> <span class='ocrx_word' id='word_1_489' title='bbox 927 4021 1128 4078; x_wconf 88' lang='lat' dir='ltr'><strong>Christi</strong></span> <span class='ocrx_word' id='word_1_490' title='bbox 1159 4021 1414 4075; x_wconf 87' lang='lat' dir='ltr'><strong>manibus</strong></span> <span class='ocrx_word' id='word_1_491' title='bbox 1453 4028 1695 4084; x_wconf 85' lang='lat' dir='ltr'><strong>tenente.</strong></span> <span class='ocrx_word' id='word_1_492' title='bbox 1728 4020 2002 4076; x_wconf 89' lang='lat' dir='ltr'><strong>calamum</strong></span> <span class='ocrx_word' id='word_1_493' title='bbox 2055 4021 2140 4076; x_wconf 82' lang='lat' dir='ltr'><strong>in-</strong></span> 
     </span>
    </p>
   </div>
   <div class='ocr_carea' id='block_1_73' title="bbox 562 4100 2139 4187">
    <p class='ocr_par' dir='ltr' id='par_1_73' title="bbox 562 4100 2139 4187">
     <span class='ocr_line' id='line_1_73' title="bbox 562 4100 2139 4187; baseline -0.002 -16"><span class='ocrx_word' id='word_1_494' title='bbox 562 4117 837 4187; x_wconf 79' lang='lat' dir='ltr'><strong>tingentes</strong></span> <span class='ocrx_word' id='word_1_495' title='bbox 886 4117 1183 4186; x_wconf 87' lang='lat' dir='ltr'><strong>imperator</strong></span> <span class='ocrx_word' id='word_1_496' title='bbox 1218 4124 1268 4169; x_wconf 92' lang='lat' dir='ltr'><strong>et</strong></span> <span class='ocrx_word' id='word_1_497' title='bbox 1319 4100 1554 4180; x_wconf 72' lang='lat' dir='ltr'><strong>Basilius</strong></span> <span class='ocrx_word' id='word_1_498' title='bbox 1593 4114 1920 4170; x_wconf 87' lang='lat' dir='ltr'><strong>venerandis</strong></span> <span class='ocrx_word' id='word_1_499' title='bbox 1960 4114 2139 4170; x_wconf 85' lang='lat' dir='ltr'><strong>cruci-</strong></span> 
     </span>
    </p>
   </div>
   <div class='ocr_carea' id='block_1_74' title="bbox 564 4206 2137 4279">
    <p class='ocr_par' dir='ltr' id='par_1_74' title="bbox 564 4206 2137 4279">
     <span class='ocr_line' id='line_1_74' title="bbox 564 4206 2137 4279; baseline 0 -16"><span class='ocrx_word' id='word_1_500' title='bbox 564 4211 669 4264; x_wconf 87' lang='lat' dir='ltr'><strong>bus</strong></span> <span class='ocrx_word' id='word_1_501' title='bbox 711 4208 998 4279; x_wconf 90' lang='lat' dir='ltr'><strong>appositis,</strong></span> <span class='ocrx_word' id='word_1_502' title='bbox 1052 4208 1495 4277; x_wconf 86' lang='lat' dir='ltr'><strong>subscripserunt</strong></span> <span class='ocrx_word' id='word_1_503' title='bbox 1542 4207 1881 4275; x_wconf 89' lang='lat' dir='ltr'><strong>iuramento,</strong></span> <span class='ocrx_word' id='word_1_504' title='bbox 1933 4206 2137 4264; x_wconf 72' lang='lat' dir='ltr'><strong>Cmsari</strong></span> 
     </span>
    </p>
   </div>
   <div class='ocr_carea' id='block_1_75' title="bbox 563 4299 2138 4370">
    <p class='ocr_par' dir='ltr' id='par_1_75' title="bbox 563 4299 2138 4370">
     <span class='ocr_line' id='line_1_75' title="bbox 563 4299 2138 4370; baseline -0.001 -14"><span class='ocrx_word' id='word_1_505' title='bbox 563 4300 898 4356; x_wconf 79' lang='lat' dir='ltr'><strong>aliirmantes</strong></span> <span class='ocrx_word' id='word_1_506' title='bbox 929 4315 1052 4355; x_wconf 90' lang='lat' dir='ltr'><strong>eum</strong></span> <span class='ocrx_word' id='word_1_507' title='bbox 1089 4316 1207 4353; x_wconf 90' lang='lat' dir='ltr'><strong>cum</strong></span> <span class='ocrx_word' id='word_1_508' title='bbox 1242 4301 1375 4370; x_wconf 87' lang='lat' dir='ltr'><strong>ipsis</strong></span> <span class='ocrx_word' id='word_1_509' title='bbox 1409 4299 1799 4370; x_wconf 88' lang='lat' dir='ltr'><strong>profectionem</strong></span> <span class='ocrx_word' id='word_1_510' title='bbox 1832 4303 1949 4354; x_wconf 87' lang='lat' dir='ltr'><strong>sine</strong></span> <span class='ocrx_word' id='word_1_511' title='bbox 1989 4301 2138 4370; x_wconf 84' lang='lat' dir='ltr'><strong>pori-</strong></span> 
     </span>
    </p>
   </div>
   <div class='ocr_carea' id='block_1_76' title="bbox 562 4391 2138 4464">
    <p class='ocr_par' dir='ltr' id='par_1_76' title="bbox 562 4391 2138 4464">
     <span class='ocr_line' id='line_1_76' title="bbox 562 4391 2138 4464; baseline -0.002 -15"><span class='ocrx_word' id='word_1_512' title='bbox 562 4393 687 4449; x_wconf 92' lang='lat' dir='ltr'><strong>culo</strong></span> <span class='ocrx_word' id='word_1_513' title='bbox 747 4407 910 4464; x_wconf 87' lang='lat' dir='ltr'><strong>posse</strong></span> <span class='ocrx_word' id='word_1_514' title='bbox 972 4407 1298 4462; x_wconf 85' lang='lat' dir='ltr'><strong>capessere:</strong></span> <span class='ocrx_word' id='word_1_515' title='bbox 1361 4392 1470 4447; x_wconf 85' lang='lat' dir='ltr'><strong>Leo</strong></span> <span class='ocrx_word' id='word_1_516' title='bbox 1516 4393 1714 4463; x_wconf 88' lang='lat' dir='ltr'><strong>quippe</strong></span> <span class='ocrx_word' id='word_1_517' title='bbox 1771 4391 2138 4460; x_wconf 84' lang='lat' dir='ltr'><strong>Philosophus</strong></span> 
     </span>
    </p>
   </div>
   <div class='ocr_carea' id='block_1_77' title="bbox 561 4484 2138 4555">
    <p class='ocr_par' dir='ltr' id='par_1_77' title="bbox 561 4484 2138 4555">
     <span class='ocr_line' id='line_1_77' title="bbox 561 4484 2138 4555; baseline -0.001 -13"><span class='ocrx_word' id='word_1_518' title='bbox 561 4487 794 4542; x_wconf 86' lang='lat' dir='ltr'><strong>Bardam</strong></span> <span class='ocrx_word' id='word_1_519' title='bbox 851 4486 1141 4541; x_wconf 79' lang='lat' dir='ltr'><strong>manifeste</strong></span> <span class='ocrx_word' id='word_1_520' title='bbox 1200 4486 1599 4549; x_wconf 84' lang='lat' dir='ltr'><strong>obtestabatur,</strong></span> <span class='ocrx_word' id='word_1_521' title='bbox 1655 4501 1725 4539; x_wconf 93' lang='lat' dir='ltr'><strong>ne</strong></span> <span class='ocrx_word' id='word_1_522' title='bbox 1775 4484 2138 4555; x_wconf 75' lang='lat' dir='ltr'><strong>expeditionis</strong></span> 
     </span>
    </p>
   </div>
   <div class='ocr_carea' id='block_1_78' title="bbox 2242 3281 3828 3355">
    <p class='ocr_par' dir='ltr' id='par_1_78' title="bbox 2242 3281 3828 3355">
     <span class='ocr_line' id='line_1_78' title="bbox 2242 3281 3828 3355; baseline 0.002 -18"><span class='ocrx_word' id='word_1_523' title='bbox 2242 3283 2460 3338; x_wconf 87' lang='grc' dir='ltr'>σιλειου.</span> <span class='ocrx_word' id='word_1_524' title='bbox 2498 3282 2556 3337; x_wconf 87' lang='grc' dir='ltr'>ὐ</span> <span class='ocrx_word' id='word_1_525' title='bbox 2589 3283 2644 3336; x_wconf 83' lang='grc' dir='ltr'>δὲ</span> <span class='ocrx_word' id='word_1_526' title='bbox 2675 3285 2894 3353; x_wconf 79' lang='grc' dir='ltr'>Καῖσαρ</span> <span class='ocrx_word' id='word_1_527' title='bbox 2919 3282 3010 3336; x_wconf 70' lang='grc' dir='ltr'><strong>τὸν</strong></span> <span class='ocrx_word' id='word_1_528' title='bbox 3046 3281 3271 3355; x_wconf 80' lang='grc' dir='ltr'><strong>βασιλέα</strong></span> <span class='ocrx_word' id='word_1_529' title='bbox 3295 3283 3456 3339; x_wconf 84' lang='grc' dir='ltr'>πάλιν</span> <span class='ocrx_word' id='word_1_530' title='bbox 3477 3284 3828 3354; x_wconf 78' lang='grc' dir='ltr'>ὲπεφωνεϊτο</span> 
     </span>
    </p>
   </div>
   <div class='ocr_carea' id='block_1_79' title="bbox 2240 3370 3828 3443">
    <p class='ocr_par' dir='ltr' id='par_1_79' title="bbox 2240 3370 3828 3443">
     <span class='ocr_line' id='line_1_79' title="bbox 2240 3370 3828 3443; baseline -0.001 -16"><span class='ocrx_word' id='word_1_531' title='bbox 2240 3372 2519 3443; x_wconf 81' lang='grc' dir='ltr'>φείδεσθαι</span> <span class='ocrx_word' id='word_1_532' title='bbox 2539 3373 2634 3427; x_wconf 77' lang='grc' dir='ltr'><strong>τοῦ</strong></span> <span class='ocrx_word' id='word_1_533' title='bbox 2664 3371 2967 3426; x_wconf 72' lang='grc' dir='ltr'>Βασιλεεου.</span> <span class='ocrx_word' id='word_1_534' title='bbox 2992 3372 3299 3442; x_wconf 75' lang='grc' dir='ltr'>Γενομένης</span> <span class='ocrx_word' id='word_1_535' title='bbox 3328 3371 3386 3425; x_wconf 81' lang='grc' dir='ltr'>δὲ</span> <span class='ocrx_word' id='word_1_536' title='bbox 3424 3370 3526 3442; x_wconf 82' lang='grc' dir='ltr'>τῆς</span> <span class='ocrx_word' id='word_1_537' title='bbox 3560 3370 3828 3442; x_wconf 82' lang='grc' dir='ltr'>προελεύ-</span> 
     </span>
    </p>
   </div>
   <div class='ocr_carea' id='block_1_80' title="bbox 2240 3463 3829 3537">
    <p class='ocr_par' dir='ltr' id='par_1_80' title="bbox 2240 3463 3829 3537">
     <span class='ocr_line' id='line_1_80' title="bbox 2240 3463 3829 3537; baseline -0.003 -15"><span class='ocrx_word' id='word_1_538' title='bbox 2240 3486 2378 3534; x_wconf 90' lang='grc' dir='ltr'>σεως</span> <span class='ocrx_word' id='word_1_539' title='bbox 2410 3469 2489 3531; x_wconf 79' lang='lat' dir='ltr'><strong>ei;</strong></span> <span class='ocrx_word' id='word_1_540' title='bbox 2533 3467 2604 3521; x_wconf 82' lang='grc' dir='ltr'>τὰ</span> <span class='ocrx_word' id='word_1_541' title='bbox 2655 3466 3052 3537; x_wconf 80' lang='grc' dir='ltr'>Χαλκοπράτια</span> <span class='ocrx_word' id='word_1_542' title='bbox 3078 3463 3172 3519; x_wconf 80' lang='grc' dir='ltr'>τοῦ</span> <span class='ocrx_word' id='word_1_543' title='bbox 3207 3463 3628 3534; x_wconf 76' lang='grc' dir='ltr'>Εὑαγγελισμοῦ</span> <span class='ocrx_word' id='word_1_544' title='bbox 3655 3505 3672 3527; x_wconf 91' lang='lat'><strong>,</strong></span> <span class='ocrx_word' id='word_1_545' title='bbox 3721 3464 3829 3518; x_wconf 73' lang='grc' dir='ltr'><strong>καὶ</strong></span> 
     </span>
    </p>
   </div>
   <div class='ocr_carea' id='block_1_81' title="bbox 2238 3555 3826 3632">
    <p class='ocr_par' dir='ltr' id='par_1_81' title="bbox 2238 3555 3826 3632">
     <span class='ocr_line' id='line_1_81' title="bbox 2238 3555 3826 3632; baseline -0.003 -17"><span class='ocrx_word' id='word_1_546' title='bbox 2238 3562 2340 3632; x_wconf 82' lang='grc' dir='ltr'>τῆς</span> <span class='ocrx_word' id='word_1_547' title='bbox 2386 3559 2595 3614; x_wconf 74' lang='grc' dir='ltr'>εἰσόδου</span> <span class='ocrx_word' id='word_1_548' title='bbox 2633 3558 2958 3631; x_wconf 80' lang='grc' dir='ltr'>γενομένης,</span> <span class='ocrx_word' id='word_1_549' title='bbox 3018 3558 3110 3611; x_wconf 69' lang='grc' dir='ltr'><strong>καὶ</strong></span> <span class='ocrx_word' id='word_1_550' title='bbox 3163 3556 3258 3611; x_wconf 82' lang='grc' dir='ltr'><strong>τοῦ</strong></span> <span class='ocrx_word' id='word_1_551' title='bbox 3303 3557 3636 3625; x_wconf 77' lang='grc' dir='ltr'>Εὑαγγελὶου</span> <span class='ocrx_word' id='word_1_552' title='bbox 3661 3555 3826 3611; x_wconf 78' lang='grc' dir='ltr'>τελεο</span> 
     </span>
    </p>
   </div>
   <div class='ocr_carea' id='block_1_82' title="bbox 2239 3647 3828 3721">
    <p class='ocr_par' dir='ltr' id='par_1_82' title="bbox 2239 3647 3828 3721">
     <span class='ocr_line' id='line_1_82' title="bbox 2239 3647 3828 3721; baseline -0.004 -15"><span class='ocrx_word' id='word_1_553' title='bbox 2239 3651 2479 3716; x_wconf 77' lang='grc' dir='ltr'>σῦέντος,</span> <span class='ocrx_word' id='word_1_554' title='bbox 2514 3649 2743 3721; x_wconf 77' lang='grc' dir='ltr'>ἀνῆλθεν</span> <span class='ocrx_word' id='word_1_555' title='bbox 2769 3652 2796 3703; x_wconf 81' lang='grc' dir='ltr'>ὅ</span> <span class='ocrx_word' id='word_1_556' title='bbox 2831 3666 2888 3702; x_wconf 85' lang='grc' dir='ltr'><strong>τε</strong></span> <span class='ocrx_word' id='word_1_557' title='bbox 2923 3649 3268 3721; x_wconf 77' lang='grc' dir='ltr'>πατριάρχης</span> <span class='ocrx_word' id='word_1_558' title='bbox 3316 3649 3519 3711; x_wconf 68' lang='lat' dir='ltr'><strong>dub-tto;</strong></span> <span class='ocrx_word' id='word_1_559' title='bbox 3546 3649 3639 3700; x_wconf 66' lang='grc' dir='ltr'><strong>καὶ</strong></span> <span class='ocrx_word' id='word_1_560' title='bbox 3664 3649 3693 3701; x_wconf 97' lang='lat'><strong>6</strong></span> <span class='ocrx_word' id='word_1_561' title='bbox 3719 3647 3828 3717; x_wconf 79' lang='grc' dir='ltr'><strong>βα-</strong></span> 
     </span>
    </p>
   </div>
   <div class='ocr_carea' id='block_1_83' title="bbox 2240 3740 3831 3813">
    <p class='ocr_par' dir='ltr' id='par_1_83' title="bbox 2240 3740 3831 3813">
     <span class='ocr_line' id='line_1_83' title="bbox 2240 3740 3831 3813; baseline -0.004 -15"><span class='ocrx_word' id='word_1_562' title='bbox 2240 3744 2418 3809; x_wconf 79' lang='grc' dir='ltr'>σιλεὺς</span> <span class='ocrx_word' id='word_1_563' title='bbox 2445 3745 2542 3800; x_wconf 81' lang='grc' dir='ltr'>σὺν</span> <span class='ocrx_word' id='word_1_564' title='bbox 2581 3744 2657 3813; x_wconf 76' lang='grc' dir='ltr'>τῷ</span> <span class='ocrx_word' id='word_1_565' title='bbox 2710 3744 2953 3811; x_wconf 79' lang='grc' dir='ltr'>Καίσαρι</span> <span class='ocrx_word' id='word_1_566' title='bbox 3006 3742 3103 3796; x_wconf 76' lang='grc' dir='ltr'><strong>καὶ</strong></span> <span class='ocrx_word' id='word_1_567' title='bbox 3151 3740 3418 3811; x_wconf 76' lang='grc' dir='ltr'>Βασιλεῐῳ</span> <span class='ocrx_word' id='word_1_568' title='bbox 3464 3757 3831 3811; x_wconf 72' lang='grc' dir='ltr'>παρακοιμω-</span> 
     </span>
    </p>
   </div>
   <div class='ocr_carea' id='block_1_84' title="bbox 2242 3830 3831 3904">
    <p class='ocr_par' dir='ltr' id='par_1_84' title="bbox 2242 3830 3831 3904">
     <span class='ocr_line' id='line_1_84' title="bbox 2242 3830 3831 3904; baseline 0.001 -20"><span class='ocrx_word' id='word_1_569' title='bbox 2242 3832 2388 3904; x_wconf 84' lang='grc' dir='ltr'><strong>μένῳ</strong></span> <span class='ocrx_word' id='word_1_570' title='bbox 2432 3833 2492 3885; x_wconf 84' lang='grc' dir='ltr'>ὲν</span> <span class='ocrx_word' id='word_1_571' title='bbox 2545 3834 2659 3895; x_wconf 72' lang='grc' dir='ltr'>τοῖς</span> <span class='ocrx_word' id='word_1_572' title='bbox 2713 3831 3168 3902; x_wconf 81' lang='grc' dir='ltr'>κατηχουμὲνοις,</span> <span class='ocrx_word' id='word_1_573' title='bbox 3203 3830 3300 3884; x_wconf 82' lang='grc' dir='ltr'><strong>τοῦ</strong></span> <span class='ocrx_word' id='word_1_574' title='bbox 3343 3832 3684 3902; x_wconf 68' lang='grc' dir='ltr'>πατριάρχου</span> <span class='ocrx_word' id='word_1_575' title='bbox 3723 3830 3831 3885; x_wconf 72' lang='grc' dir='ltr'><strong>ἐπὶ</strong></span> 
     </span>
    </p>
   </div>
   <div class='ocr_carea' id='block_1_85' title="bbox 2239 3909 3826 3994">
    <p class='ocr_par' dir='ltr' id='par_1_85' title="bbox 2239 3909 3826 3994">
     <span class='ocr_line' id='line_1_85' title="bbox 2239 3909 3826 3994; baseline 0 -18"><span class='ocrx_word' id='word_1_576' title='bbox 2239 3909 2429 3994; x_wconf 75' lang='grc' dir='ltr'>χεῖρας</span> <span class='ocrx_word' id='word_1_577' title='bbox 2451 3923 2668 3993; x_wconf 73' lang='grc' dir='ltr'>ἔχοντος</span> <span class='ocrx_word' id='word_1_578' title='bbox 2694 3923 2754 3976; x_wconf 81' lang='grc' dir='ltr'>τὸ</span> <span class='ocrx_word' id='word_1_579' title='bbox 2785 3922 2967 3992; x_wconf 79' lang='grc' dir='ltr'>τίμιον</span> <span class='ocrx_word' id='word_1_580' title='bbox 3000 3922 3160 3992; x_wconf 82' lang='grc' dir='ltr'>σῶμα</span> <span class='ocrx_word' id='word_1_581' title='bbox 3181 3923 3275 3976; x_wconf 77' lang='grc' dir='ltr'><strong>καὶ</strong></span> <span class='ocrx_word' id='word_1_582' title='bbox 3316 3916 3460 3992; x_wconf 70' lang='grc' dir='ltr'>αἷμα</span> <span class='ocrx_word' id='word_1_583' title='bbox 3489 3921 3584 3975; x_wconf 78' lang='grc' dir='ltr'>τοῦ</span> <span class='ocrx_word' id='word_1_584' title='bbox 3613 3921 3826 3994; x_wconf 76' lang='grc' dir='ltr'>Κυρίου</span> 
     </span>
    </p>
   </div>
   <div class='ocr_carea' id='block_1_86' title="bbox 2239 4012 3826 4086">
    <p class='ocr_par' dir='ltr' id='par_1_86' title="bbox 2239 4012 3826 4086">
     <span class='ocr_line' id='line_1_86' title="bbox 2239 4012 3826 4086; baseline 0.001 -18"><span class='ocrx_word' id='word_1_585' title='bbox 2239 4015 2397 4086; x_wconf 79' lang='grc' dir='ltr'><strong>ἡμῶν</strong></span> <span class='ocrx_word' id='word_1_586' title='bbox 2459 4014 2634 4083; x_wconf 83' lang='grc' dir='ltr'><strong>Ἰησοῦ</strong></span> <span class='ocrx_word' id='word_1_587' title='bbox 2686 4013 2946 4084; x_wconf 81' lang='grc' dir='ltr'>Χριστοῦ.</span> <span class='ocrx_word' id='word_1_588' title='bbox 3001 4015 3114 4068; x_wconf 72' lang='grc' dir='ltr'>Καὶ</span> <span class='ocrx_word' id='word_1_589' title='bbox 3165 4012 3440 4084; x_wconf 80' lang='grc' dir='ltr'>βάψαντες</span> <span class='ocrx_word' id='word_1_590' title='bbox 3487 4014 3516 4068; x_wconf 88' lang='grc' dir='ltr'><strong>δ</strong></span> <span class='ocrx_word' id='word_1_591' title='bbox 3551 4031 3611 4067; x_wconf 80' lang='grc' dir='ltr'><strong>τε</strong></span> <span class='ocrx_word' id='word_1_592' title='bbox 3658 4014 3826 4084; x_wconf 80' lang='grc' dir='ltr'>βασι-</span> 
     </span>
    </p>
   </div>
   <div class='ocr_carea' id='block_1_87' title="bbox 2238 4106 3825 4180">
    <p class='ocr_par' dir='ltr' id='par_1_87' title="bbox 2238 4106 3825 4180">
     <span class='ocr_line' id='line_1_87' title="bbox 2238 4106 3825 4180; baseline 0 -19"><span class='ocrx_word' id='word_1_593' title='bbox 2238 4108 2364 4172; x_wconf 79' lang='grc' dir='ltr'>λεὺς</span> <span class='ocrx_word' id='word_1_594' title='bbox 2391 4107 2529 4180; x_wconf 75' lang='lat'><strong>(58),</strong></span> <span class='ocrx_word' id='word_1_595' title='bbox 2557 4109 2652 4162; x_wconf 68' lang='grc' dir='ltr'><strong>καὶ</strong></span> <span class='ocrx_word' id='word_1_596' title='bbox 2681 4110 2707 4161; x_wconf 91' lang='lat'><strong>6</strong></span> <span class='ocrx_word' id='word_1_597' title='bbox 2737 4107 3042 4170; x_wconf 79' lang='grc' dir='ltr'>Βασίλειος,</span> <span class='ocrx_word' id='word_1_598' title='bbox 3073 4107 3201 4171; x_wconf 77' lang='grc' dir='ltr'>τοὺς</span> <span class='ocrx_word' id='word_1_599' title='bbox 3229 4107 3443 4178; x_wconf 78' lang='grc' dir='ltr'><strong>τιμίους</strong></span> <span class='ocrx_word' id='word_1_600' title='bbox 3490 4106 3825 4179; x_wconf 75' lang='grc' dir='ltr'>ὑπέγραψαν</span> 
     </span>
    </p>
   </div>
   <div class='ocr_carea' id='block_1_88' title="bbox 2242 4198 3826 4273">
    <p class='ocr_par' dir='ltr' id='par_1_88' title="bbox 2242 4198 3826 4273">
     <span class='ocr_line' id='line_1_88' title="bbox 2242 4198 3826 4273; baseline 0.003 -22"><span class='ocrx_word' id='word_1_601' title='bbox 2242 4200 2533 4270; x_wconf 70' lang='grc' dir='ltr'>σταυροὺς,</span> <span class='ocrx_word' id='word_1_602' title='bbox 2582 4200 2729 4269; x_wconf 82' lang='grc' dir='ltr'>ὅρκῳ</span> <span class='ocrx_word' id='word_1_603' title='bbox 2772 4198 3118 4270; x_wconf 83' lang='grc' dir='ltr'>βεϐαιοῦντες</span> <span class='ocrx_word' id='word_1_604' title='bbox 3158 4199 3248 4253; x_wconf 79' lang='grc' dir='ltr'>τὸν</span> <span class='ocrx_word' id='word_1_605' title='bbox 3299 4199 3554 4270; x_wconf 70' lang='grc' dir='ltr'>Καίσαρα</span> <span class='ocrx_word' id='word_1_606' title='bbox 3597 4199 3826 4273; x_wconf 74' lang='grc' dir='ltr'>ἀφόϐως</span> 
     </span>
    </p>
   </div>
   <div class='ocr_carea' id='block_1_89' title="bbox 2239 4288 3824 4363">
    <p class='ocr_par' dir='ltr' id='par_1_89' title="bbox 2239 4288 3824 4363">
     <span class='ocr_line' id='line_1_89' title="bbox 2239 4288 3824 4363; baseline 0.002 -21"><span class='ocrx_word' id='word_1_607' title='bbox 2239 4291 2472 4354; x_wconf 77' lang='grc' dir='ltr'>ἐξελθεῖν</span> <span class='ocrx_word' id='word_1_608' title='bbox 2505 4291 2622 4360; x_wconf 86' lang='grc' dir='ltr'>μετ’</span> <span class='ocrx_word' id='word_1_609' title='bbox 2671 4289 2854 4343; x_wconf 83' lang='grc' dir='ltr'>αὐτῶν</span> <span class='ocrx_word' id='word_1_610' title='bbox 2897 4291 2955 4342; x_wconf 77' lang='grc' dir='ltr'>ὲν</span> <span class='ocrx_word' id='word_1_611' title='bbox 3004 4289 3081 4359; x_wconf 84' lang='grc' dir='ltr'>τῷ</span> <span class='ocrx_word' id='word_1_612' title='bbox 3113 4288 3384 4358; x_wconf 76' lang='grc' dir='ltr'>ταξειδίῳ.</span> <span class='ocrx_word' id='word_1_613' title='bbox 3429 4293 3681 4361; x_wconf 78' lang='grc' dir='ltr'>Φανερῶς</span> <span class='ocrx_word' id='word_1_614' title='bbox 3706 4293 3824 4363; x_wconf 77' lang='grc' dir='ltr'><strong>γὰρ</strong></span> 
     </span>
    </p>
   </div>
   <div class='ocr_carea' id='block_1_90' title="bbox 2238 4381 3820 4455">
    <p class='ocr_par' dir='ltr' id='par_1_90' title="bbox 2238 4381 3820 4455">
     <span class='ocr_line' id='line_1_90' title="bbox 2238 4381 3820 4455; baseline 0.003 -21"><span class='ocrx_word' id='word_1_615' title='bbox 2238 4381 2391 4435; x_wconf 81' lang='grc' dir='ltr'>Λέων</span> <span class='ocrx_word' id='word_1_616' title='bbox 2420 4381 2763 4450; x_wconf 78' lang='grc' dir='ltr'>ὀΦιλόσοφος</span> <span class='ocrx_word' id='word_1_617' title='bbox 2811 4384 3177 4452; x_wconf 83' lang='grc' dir='ltr'>παρηγγυᾶτο</span> <span class='ocrx_word' id='word_1_618' title='bbox 3224 4382 3303 4450; x_wconf 81' lang='grc' dir='ltr'>τῷ</span> <span class='ocrx_word' id='word_1_619' title='bbox 3342 4382 3524 4454; x_wconf 66' lang='grc' dir='ltr'>Βάρδᾳ</span> <span class='ocrx_word' id='word_1_620' title='bbox 3563 4384 3637 4455; x_wconf 81' lang='grc' dir='ltr'><strong>μὴ</strong></span> <span class='ocrx_word' id='word_1_621' title='bbox 3666 4383 3820 4452; x_wconf 66' lang='grc' dir='ltr'>ἔξελ-</span> 
     </span>
    </p>
   </div>
   <div class='ocr_carea' id='block_1_91' title="bbox 2240 4472 3826 4547">
    <p class='ocr_par' dir='ltr' id='par_1_91' title="bbox 2240 4472 3826 4547">
     <span class='ocr_line' id='line_1_91' title="bbox 2240 4472 3826 4547; baseline 0.004 -21"><span class='ocrx_word' id='word_1_622' title='bbox 2240 4474 2353 4526; x_wconf 84' lang='grc' dir='ltr'>Οεϊν</span> <span class='ocrx_word' id='word_1_623' title='bbox 2385 4472 2482 4526; x_wconf 78' lang='grc' dir='ltr'>σὺν</span> <span class='ocrx_word' id='word_1_624' title='bbox 2542 4474 2746 4536; x_wconf 79' lang='grc' dir='ltr'>αὐτοῖς.</span> <span class='ocrx_word' id='word_1_625' title='bbox 2789 4473 3178 4546; x_wconf 77' lang='grc' dir='ltr'>Ἐξερχὸμενον</span> <span class='ocrx_word' id='word_1_626' title='bbox 3229 4475 3338 4545; x_wconf 81' lang='grc' dir='ltr'><strong>γὰρ</strong></span> <span class='ocrx_word' id='word_1_627' title='bbox 3369 4475 3554 4544; x_wconf 71' lang='grc' dir='ltr'>ἔλεγεν</span> <span class='ocrx_word' id='word_1_628' title='bbox 3587 4477 3660 4547; x_wconf 81' lang='grc' dir='ltr'><strong>μὴ</strong></span> <span class='ocrx_word' id='word_1_629' title='bbox 3690 4478 3826 4533; x_wconf 78' lang='grc' dir='ltr'><strong>ὑπο-</strong></span> 
     </span>
    </p>
   </div>
   <div class='ocr_carea' id='block_1_92' title="bbox 559 4562 2138 4648">
    <p class='ocr_par' dir='ltr' id='par_1_92' title="bbox 559 4577 2138 4648">
     <span class='ocr_line' id='line_1_92' title="bbox 559 4577 2138 4648; baseline -0.003 -14"><span class='ocrx_word' id='word_1_630' title='bbox 559 4594 744 4635; x_wconf 87' lang='lat' dir='ltr'><strong>comes</strong></span> <span class='ocrx_word' id='word_1_631' title='bbox 778 4579 996 4633; x_wconf 90' lang='lat' dir='ltr'><strong>abiret:</strong></span> <span class='ocrx_word' id='word_1_632' title='bbox 1044 4593 1331 4648; x_wconf 75' lang='lat' dir='ltr'><strong>egressum</strong></span> <span class='ocrx_word' id='word_1_633' title='bbox 1375 4578 1520 4632; x_wconf 90' lang='lat' dir='ltr'><strong>enim</strong></span> <span class='ocrx_word' id='word_1_634' title='bbox 1565 4577 1734 4632; x_wconf 87' lang='lat' dir='ltr'><strong>semei</strong></span> <span class='ocrx_word' id='word_1_635' title='bbox 1774 4592 1880 4630; x_wconf 93' lang='lat' dir='ltr'><strong>non</strong></span> <span class='ocrx_word' id='word_1_636' title='bbox 1932 4577 2138 4630; x_wconf 90' lang='lat' dir='ltr'><strong>reditu-</strong></span> 
     </span>
    </p>
   </div>
   <div class='ocr_carea' id='block_1_93' title="bbox 2242 4562 3819 4648">
    <p class='ocr_par' dir='ltr' id='par_1_93' title="bbox 2243 4565 3819 4639">
     <span class='ocr_line' id='line_1_93' title="bbox 2243 4565 3819 4639; baseline 0.002 -21"><span class='ocrx_word' id='word_1_637' title='bbox 2243 4565 2573 4636; x_wconf 76' lang='grc' dir='ltr'>στραφῆναι.</span> <span class='ocrx_word' id='word_1_638' title='bbox 2615 4565 2749 4618; x_wconf 80' lang='grc' dir='ltr'><strong>Ἀπὸ</strong></span> <span class='ocrx_word' id='word_1_639' title='bbox 2779 4566 2834 4619; x_wconf 81' lang='grc' dir='ltr'>δὲ</span> <span class='ocrx_word' id='word_1_640' title='bbox 2879 4567 2977 4636; x_wconf 84' lang='grc' dir='ltr'>τῆς</span> <span class='ocrx_word' id='word_1_641' title='bbox 3006 4566 3204 4638; x_wconf 76' lang='grc' dir='ltr'>ἑορτῆς</span> <span class='ocrx_word' id='word_1_642' title='bbox 3255 4566 3350 4621; x_wconf 79' lang='grc' dir='ltr'><strong>τοῦ</strong></span> <span class='ocrx_word' id='word_1_643' title='bbox 3398 4569 3554 4636; x_wconf 82' lang='grc' dir='ltr'>ἁγίου</span> <span class='ocrx_word' id='word_1_644' title='bbox 3601 4569 3819 4639; x_wconf 75' lang='grc' dir='ltr'>Πάσχα,</span> 
     </span>
    </p>
   </div>
   <div class='ocr_carea' id='block_1_94' title="bbox 561 4668 2133 4742">
    <p class='ocr_par' dir='ltr' id='par_1_94' title="bbox 561 4668 2133 4742">
     <span class='ocr_line' id='line_1_94' title="bbox 561 4668 2133 4742; baseline -0.003 -16"><span class='ocrx_word' id='word_1_645' title='bbox 561 4688 682 4727; x_wconf 86' lang='lat' dir='ltr'><strong>rum</strong></span> <span class='ocrx_word' id='word_1_646' title='bbox 728 4671 1082 4742; x_wconf 69' lang='lat' dir='ltr'><strong>praedicebat.</strong></span> <span class='ocrx_word' id='word_1_647' title='bbox 1127 4669 1297 4725; x_wconf 88' lang='lat' dir='ltr'><strong>Sacro</strong></span> <span class='ocrx_word' id='word_1_648' title='bbox 1323 4685 1450 4725; x_wconf 90' lang='lat' dir='ltr'><strong>vero</strong></span> <span class='ocrx_word' id='word_1_649' title='bbox 1477 4669 1760 4724; x_wconf 83' lang='lat' dir='ltr'><strong>Paschalis</strong></span> <span class='ocrx_word' id='word_1_650' title='bbox 1802 4668 1960 4731; x_wconf 87' lang='lat' dir='ltr'><strong>festo,</strong></span> <span class='ocrx_word' id='word_1_651' title='bbox 2009 4683 2133 4722; x_wconf 93' lang='lat' dir='ltr'><strong>cum</strong></span> 
     </span>
    </p>
   </div>
   <div class='ocr_carea' id='block_1_95' title="bbox 561 4759 2136 4833">
    <p class='ocr_par' dir='ltr' id='par_1_95' title="bbox 561 4759 2136 4833">
     <span class='ocr_line' id='line_1_95' title="bbox 561 4759 2136 4833; baseline -0.004 -13"><span class='ocrx_word' id='word_1_652' title='bbox 561 4764 804 4820; x_wconf 81' lang='lat' dir='ltr'><strong>exercitu</strong></span> <span class='ocrx_word' id='word_1_653' title='bbox 853 4765 1080 4833; x_wconf 90' lang='lat' dir='ltr'><strong>copioso</strong></span> <span class='ocrx_word' id='word_1_654' title='bbox 1131 4763 1349 4817; x_wconf 86' lang='lat' dir='ltr'><strong>solvens</strong></span> <span class='ocrx_word' id='word_1_655' title='bbox 1381 4762 1698 4832; x_wconf 88' lang='lat' dir='ltr'><strong>imperator,</strong></span> <span class='ocrx_word' id='word_1_656' title='bbox 1749 4760 1812 4815; x_wconf 88' lang='lat' dir='ltr'><strong>ad</strong></span> <span class='ocrx_word' id='word_1_657' title='bbox 1856 4759 2136 4814; x_wconf 91' lang='lat' dir='ltr'><strong>Thracen-</strong></span> 
     </span>
    </p>
   </div>
   <div class='ocr_carea' id='block_1_96' title="bbox 562 4854 2132 4913">
    <p class='ocr_par' dir='ltr' id='par_1_96' title="bbox 562 4854 2132 4913">
     <span class='ocr_line' id='line_1_96' title="bbox 562 4854 2132 4913; baseline -0.005 -1"><span class='ocrx_word' id='word_1_658' title='bbox 562 4859 703 4912; x_wconf 84' lang='lat' dir='ltr'><strong>sium</strong></span> <span class='ocrx_word' id='word_1_659' title='bbox 755 4858 936 4912; x_wconf 88' lang='lat' dir='ltr'><strong>thema</strong></span> <span class='ocrx_word' id='word_1_660' title='bbox 978 4872 1037 4910; x_wconf 90' lang='lat' dir='ltr'><strong>se</strong></span> <span class='ocrx_word' id='word_1_661' title='bbox 1079 4856 1349 4911; x_wconf 89' lang='lat' dir='ltr'><strong>contulit:</strong></span> <span class='ocrx_word' id='word_1_662' title='bbox 1391 4854 1569 4909; x_wconf 85' lang='lat' dir='ltr'><strong>classe</strong></span> <span class='ocrx_word' id='word_1_663' title='bbox 1608 4854 1898 4911; x_wconf 74' lang='lat' dir='ltr'><strong>autem..ad</strong></span> <span class='ocrx_word' id='word_1_664' title='bbox 1932 4854 2132 4913; x_wconf 82' lang='lat' dir='ltr'><strong>locum,</strong></span> 
     </span>
    </p>
   </div>
   <div class='ocr_carea' id='block_1_97' title="bbox 561 4945 2136 5017">
    <p class='ocr_par' dir='ltr' id='par_1_97' title="bbox 561 4945 2136 5017">
     <span class='ocr_line' id='line_1_97' title="bbox 561 4945 2136 5017; baseline -0.004 -13"><span class='ocrx_word' id='word_1_665' title='bbox 561 4951 650 5004; x_wconf 87' lang='lat' dir='ltr'><strong>cui</strong></span> <span class='ocrx_word' id='word_1_666' title='bbox 680 4949 835 5004; x_wconf 81' lang='lat' dir='ltr'><strong>Horti</strong></span> <span class='ocrx_word' id='word_1_667' title='bbox 897 4965 1126 5012; x_wconf 89' lang='lat' dir='ltr'><strong>nomen,</strong></span> <span class='ocrx_word' id='word_1_668' title='bbox 1178 4948 1509 5017; x_wconf 86' lang='lat' dir='ltr'><strong>appellcute,</strong></span> <span class='ocrx_word' id='word_1_669' title='bbox 1574 4945 1808 5000; x_wconf 86' lang='lat' dir='ltr'><strong>Basilius</strong></span> <span class='ocrx_word' id='word_1_670' title='bbox 1855 4946 2136 5000; x_wconf 86' lang='lat' dir='ltr'><strong>accubitor</strong></span> 
     </span>
    </p>
   </div>
   <div class='ocr_carea' id='block_1_98' title="bbox 560 5036 2134 5096">
    <p class='ocr_par' dir='ltr' id='par_1_98' title="bbox 560 5036 2134 5096">
     <span class='ocr_line' id='line_1_98' title="bbox 560 5036 2134 5096; baseline -0.003 -2"><span class='ocrx_word' id='word_1_671' title='bbox 560 5041 832 5096; x_wconf 78' lang='lat' dir='ltr'><strong>Caesarem</strong></span> <span class='ocrx_word' id='word_1_672' title='bbox 879 5042 1127 5096; x_wconf 87' lang='lat' dir='ltr'><strong>occidere</strong></span> <span class='ocrx_word' id='word_1_673' title='bbox 1177 5039 1583 5093; x_wconf 87' lang='lat' dir='ltr'><strong>meditabatur:</strong></span> <span class='ocrx_word' id='word_1_674' title='bbox 1633 5036 1857 5091; x_wconf 89' lang='lat' dir='ltr'><strong>aderant</strong></span> <span class='ocrx_word' id='word_1_675' title='bbox 1903 5036 2134 5090; x_wconf 87' lang='lat' dir='ltr'><strong>consilio</strong></span> 
     </span>
    </p>
   </div>
   <div class='ocr_carea' id='block_1_99' title="bbox 563 5127 2135 5203">
    <p class='ocr_par' dir='ltr' id='par_1_99' title="bbox 563 5127 2135 5203">
     <span class='ocr_line' id='line_1_99' title="bbox 563 5127 2135 5203; baseline -0.002 -17"><span class='ocrx_word' id='word_1_676' title='bbox 563 5133 842 5189; x_wconf 76' lang='lat' dir='ltr'><strong>Marianas</strong></span> <span class='ocrx_word' id='word_1_677' title='bbox 891 5133 1010 5203; x_wconf 81' lang='lat' dir='ltr'><strong>eius</strong></span> <span class='ocrx_word' id='word_1_678' title='bbox 1068 5131 1256 5196; x_wconf 84' lang='lat' dir='ltr'><strong>frater,</strong></span> <span class='ocrx_word' id='word_1_679' title='bbox 1308 5131 1497 5185; x_wconf 87' lang='lat' dir='ltr'><strong>Petrus</strong></span> <span class='ocrx_word' id='word_1_680' title='bbox 1555 5129 1845 5200; x_wconf 79' lang='lat' dir='ltr'><strong>Bulgarus,</strong></span> <span class='ocrx_word' id='word_1_681' title='bbox 1896 5127 2135 5183; x_wconf 84' lang='lat' dir='ltr'><strong>Joannes</strong></span> 
     </span>
    </p>
   </div>
   <div class='ocr_carea' id='block_1_100' title="bbox 2240 4658 3822 4730">
    <p class='ocr_par' dir='ltr' id='par_1_100' title="bbox 2240 4658 3822 4730">
     <span class='ocr_line' id='line_1_100' title="bbox 2240 4658 3822 4730; baseline 0.002 -17"><span class='ocrx_word' id='word_1_682' title='bbox 2240 4659 2460 4728; x_wconf 80' lang='grc' dir='ltr'>ἀπάρας</span> <span class='ocrx_word' id='word_1_683' title='bbox 2498 4660 2525 4711; x_wconf 90' lang='lat'><strong>6</strong></span> <span class='ocrx_word' id='word_1_684' title='bbox 2548 4658 2800 4730; x_wconf 77' lang='grc' dir='ltr'>βασιλεὺς</span> <span class='ocrx_word' id='word_1_685' title='bbox 2837 4659 2975 4728; x_wconf 84' lang='grc' dir='ltr'>μετά</span> <span class='ocrx_word' id='word_1_686' title='bbox 2995 4658 3193 4712; x_wconf 84' lang='grc' dir='ltr'>πολλοῦ</span> <span class='ocrx_word' id='word_1_687' title='bbox 3224 4660 3480 4728; x_wconf 74' lang='grc' dir='ltr'>στρατοῦ,</span> <span class='ocrx_word' id='word_1_688' title='bbox 3516 4663 3822 4716; x_wconf 82' lang='grc' dir='ltr'>κατέλαϐεν</span> 
     </span>
    </p>
   </div>
   <div class='ocr_carea' id='block_1_101' title="bbox 2239 4750 3818 4824">
    <p class='ocr_par' dir='ltr' id='par_1_101' title="bbox 2239 4750 3818 4824">
     <span class='ocr_line' id='line_1_101' title="bbox 2239 4750 3818 4824; baseline 0.004 -19"><span class='ocrx_word' id='word_1_689' title='bbox 2239 4755 2297 4806; x_wconf 82' lang='grc' dir='ltr'>ὲν</span> <span class='ocrx_word' id='word_1_690' title='bbox 2329 4753 2403 4822; x_wconf 86' lang='grc' dir='ltr'>τῷ</span> <span class='ocrx_word' id='word_1_691' title='bbox 2437 4751 2633 4822; x_wconf 81' lang='grc' dir='ltr'>θέματι</span> <span class='ocrx_word' id='word_1_692' title='bbox 2680 4751 2789 4805; x_wconf 85' lang='grc' dir='ltr'><strong>τῶν</strong></span> <span class='ocrx_word' id='word_1_693' title='bbox 2837 4750 3190 4823; x_wconf 78' lang='grc' dir='ltr'>Θρᾳκησίων.</span> <span class='ocrx_word' id='word_1_694' title='bbox 3234 4753 3724 4824; x_wconf 79' lang='grc' dir='ltr'>Ἀπληκευσάντων</span> <span class='ocrx_word' id='word_1_695' title='bbox 3758 4756 3818 4811; x_wconf 65' lang='grc' dir='ltr'>δὲ</span> 
     </span>
    </p>
   </div>
   <div class='ocr_carea' id='block_1_102' title="bbox 2237 4843 3820 4920">
    <p class='ocr_par' dir='ltr' id='par_1_102' title="bbox 2237 4843 3820 4920">
     <span class='ocr_line' id='line_1_102' title="bbox 2237 4843 3820 4920; baseline 0.004 -23"><span class='ocrx_word' id='word_1_696' title='bbox 2237 4844 2417 4898; x_wconf 74' lang='grc' dir='ltr'>αὐτῶν</span> <span class='ocrx_word' id='word_1_697' title='bbox 2440 4845 2518 4909; x_wconf 70' lang='grc' dir='ltr'>εἰς</span> <span class='ocrx_word' id='word_1_698' title='bbox 2553 4845 2800 4914; x_wconf 75' lang='grc' dir='ltr'><strong>Κήπους,</strong></span> <span class='ocrx_word' id='word_1_699' title='bbox 2835 4843 3113 4909; x_wconf 80' lang='grc' dir='ltr'>Βασίλειος</span> <span class='ocrx_word' id='word_1_700' title='bbox 3160 4847 3658 4917; x_wconf 82' lang='grc' dir='ltr'>παρακοιμώμενος</span> <span class='ocrx_word' id='word_1_701' title='bbox 3691 4849 3820 4920; x_wconf 81' lang='grc' dir='ltr'><strong>βου-</strong></span> 
     </span>
    </p>
   </div>
   <div class='ocr_carea' id='block_1_103' title="bbox 2238 4936 3814 5014">
    <p class='ocr_par' dir='ltr' id='par_1_103' title="bbox 2238 4936 3814 5014">
     <span class='ocr_line' id='line_1_103' title="bbox 2238 4936 3814 5014; baseline 0.003 -24"><span class='ocrx_word' id='word_1_702' title='bbox 2238 4937 2337 5007; x_wconf 86' lang='grc' dir='ltr'>λὴν</span> <span class='ocrx_word' id='word_1_703' title='bbox 2375 4939 2612 4991; x_wconf 81' lang='grc' dir='ltr'>ἐποιεῖτο</span> <span class='ocrx_word' id='word_1_704' title='bbox 2656 4937 2866 4990; x_wconf 84' lang='grc' dir='ltr'>ἀνελεῖν</span> <span class='ocrx_word' id='word_1_705' title='bbox 2907 4936 3180 5009; x_wconf 79' lang='grc' dir='ltr'>Καίσαρα.</span> <span class='ocrx_word' id='word_1_706' title='bbox 3242 4937 3520 5010; x_wconf 81' lang='grc' dir='ltr'>Ὑπῆρχον</span> <span class='ocrx_word' id='word_1_707' title='bbox 3551 4941 3606 4994; x_wconf 80' lang='grc' dir='ltr'>δὲ</span> <span class='ocrx_word' id='word_1_708' title='bbox 3649 4944 3703 4994; x_wconf 79' lang='grc' dir='ltr'>ὲν</span> <span class='ocrx_word' id='word_1_709' title='bbox 3745 4945 3814 5014; x_wconf 74' lang='grc' dir='ltr'>τῇ</span> 
     </span>
    </p>
   </div>
   <div class='ocr_carea' id='block_1_104' title="bbox 2245 5029 3824 5104">
    <p class='ocr_par' dir='ltr' id='par_1_104' title="bbox 2245 5029 3824 5104">
     <span class='ocr_line' id='line_1_104' title="bbox 2245 5029 3824 5104; baseline 0.003 -20"><span class='ocrx_word' id='word_1_710' title='bbox 2245 5031 2406 5102; x_wconf 82' lang='grc' dir='ltr'>βουλῇ</span> <span class='ocrx_word' id='word_1_711' title='bbox 2433 5030 2713 5100; x_wconf 84' lang='grc' dir='ltr'>Μαριανὸς</span> <span class='ocrx_word' id='word_1_712' title='bbox 2739 5032 2767 5084; x_wconf 92' lang='lat'><strong>6</strong></span> <span class='ocrx_word' id='word_1_713' title='bbox 2787 5029 3012 5100; x_wconf 76' lang='grc' dir='ltr'>ἁδελφὸς</span> <span class='ocrx_word' id='word_1_714' title='bbox 3036 5030 3227 5096; x_wconf 74' lang='grc' dir='ltr'>αὐτοῦ,</span> <span class='ocrx_word' id='word_1_715' title='bbox 3257 5032 3351 5086; x_wconf 73' lang='grc' dir='ltr'><strong>καὶ</strong></span> <span class='ocrx_word' id='word_1_716' title='bbox 3377 5032 3581 5104; x_wconf 85' lang='grc' dir='ltr'>Πέτρος</span> <span class='ocrx_word' id='word_1_717' title='bbox 3608 5035 3636 5087; x_wconf 90' lang='lat'><strong>6</strong></span> <span class='ocrx_word' id='word_1_718' title='bbox 3656 5034 3824 5089; x_wconf 80' lang='grc' dir='ltr'>Βούλ-</span> 
     </span>
    </p>
   </div>
   <div class='ocr_carea' id='block_1_105' title="bbox 2241 5122 3820 5196">
    <p class='ocr_par' dir='ltr' id='par_1_105' title="bbox 2241 5122 3820 5196">
     <span class='ocr_line' id='line_1_105' title="bbox 2241 5122 3820 5196; baseline 0.003 -18"><span class='ocrx_word' id='word_1_719' title='bbox 2241 5141 2431 5196; x_wconf 80' lang='grc' dir='ltr'>γαρος,</span> <span class='ocrx_word' id='word_1_720' title='bbox 2459 5124 2552 5176; x_wconf 69' lang='grc' dir='ltr'><strong>καὶ</strong></span> <span class='ocrx_word' id='word_1_721' title='bbox 2586 5123 2839 5194; x_wconf 86' lang='grc' dir='ltr'>Ἰωάννης</span> <span class='ocrx_word' id='word_1_722' title='bbox 2872 5124 2899 5176; x_wconf 88' lang='lat'><strong>6</strong></span> <span class='ocrx_word' id='word_1_723' title='bbox 2931 5122 3188 5190; x_wconf 87' lang='grc' dir='ltr'>Χαλδίας,</span> <span class='ocrx_word' id='word_1_724' title='bbox 3215 5126 3312 5177; x_wconf 72' lang='grc' dir='ltr'><strong>καὶ</strong></span> <span class='ocrx_word' id='word_1_725' title='bbox 3357 5125 3765 5192; x_wconf 82' lang='grc' dir='ltr'>Κωνσταντῖνος</span> <span class='ocrx_word' id='word_1_726' title='bbox 3788 5130 3820 5183; x_wconf 88' lang='lat'><strong>6</strong></span> 
     </span>
    </p>
   </div>
   <div class='ocr_carea' id='block_1_106' title="bbox 1691 5243 2648 5304">
    <p class='ocr_par' dir='ltr' id='par_1_106' title="bbox 1691 5243 2648 5304">
     <span class='ocr_line' id='line_1_106' title="bbox 1691 5243 2648 5304; baseline -0.001 -1"><span class='ocrx_word' id='word_1_727' title='bbox 1691 5247 1945 5304; x_wconf 71' lang='lat' dir='ltr'><strong>FRANC.</strong></span> <span class='ocrx_word' id='word_1_728' title='bbox 1989 5243 2374 5303; x_wconf 71' lang='lat' dir='ltr'><strong>COMBEFISII</strong></span> <span class='ocrx_word' id='word_1_729' title='bbox 2415 5245 2648 5302; x_wconf 62' lang='lat' dir='ltr'><strong>NOTAE.</strong></span> 
     </span>
    </p>
   </div>
   <div class='ocr_carea' id='block_1_107' title="bbox 638 5340 2138 5420">
    <p class='ocr_par' dir='ltr' id='par_1_107' title="bbox 638 5340 2138 5420">
     <span class='ocr_line' id='line_1_107' title="bbox 638 5340 2138 5420; baseline -0.009 -16"><span class='ocrx_word' id='word_1_730' title='bbox 638 5350 751 5420; x_wconf 75' lang='lat'><strong>(3&#39;7)</strong></span> <span class='ocrx_word' id='word_1_731' title='bbox 785 5347 877 5402; x_wconf 83' lang='lat' dir='ltr'><strong>Illi</strong></span> <span class='ocrx_word' id='word_1_732' title='bbox 919 5347 1165 5399; x_wconf 82' lang='lat' dir='ltr'><strong>honorem</strong></span> <span class='ocrx_word' id='word_1_733' title='bbox 1193 5360 1303 5420; x_wconf 49' lang='lat' dir='ltr'><strong>ceu</strong></span> <span class='ocrx_word' id='word_1_734' title='bbox 1336 5340 1838 5420; x_wconf 57' lang='lat' dir='ltr'><strong>dominre/tabem;</strong></span> <span class='ocrx_word' id='word_1_735' title='bbox 1877 5357 1996 5395; x_wconf 90' lang='lat' dir='ltr'><strong>eam</strong></span> <span class='ocrx_word' id='word_1_736' title='bbox 2035 5341 2138 5420; x_wconf 57' lang='lat' dir='ltr'><strong>ob-</strong></span> 
     </span>
    </p>
   </div>
   <div class='ocr_carea' id='block_1_108' title="bbox 564 5410 2132 5482">
    <p class='ocr_par' dir='ltr' id='par_1_108' title="bbox 564 5410 2132 5482">
     <span class='ocr_line' id='line_1_108' title="bbox 564 5410 2132 5482; baseline -0.009 -6"><span class='ocrx_word' id='word_1_737' title='bbox 564 5410 829 5482; x_wconf 70' lang='lat' dir='ltr'><strong>servaret,</strong></span> <span class='ocrx_word' id='word_1_738' title='bbox 865 5432 963 5472; x_wconf 85' lang='lat' dir='ltr'><strong>nec</strong></span> <span class='ocrx_word' id='word_1_739' title='bbox 1011 5427 1121 5469; x_wconf 88' lang='lat' dir='ltr'><strong>tam</strong></span> <span class='ocrx_word' id='word_1_740' title='bbox 1160 5415 1260 5468; x_wconf 90' lang='lat' dir='ltr'><strong>sibi</strong></span> <span class='ocrx_word' id='word_1_741' title='bbox 1306 5429 1529 5467; x_wconf 77' lang='lat' dir='ltr'><strong>uxorem</strong></span> <span class='ocrx_word' id='word_1_742' title='bbox 1572 5413 1796 5468; x_wconf 87' lang='lat' dir='ltr'><strong>haberet</strong></span> <span class='ocrx_word' id='word_1_743' title='bbox 1835 5427 1996 5480; x_wconf 89' lang='lat' dir='ltr'><strong>quam</strong></span> <span class='ocrx_word' id='word_1_744' title='bbox 2034 5410 2132 5464; x_wconf 76' lang='lat' dir='ltr'><strong>lili-</strong></span> 
     </span>
    </p>
   </div>
   <div class='ocr_carea' id='block_1_109' title="bbox 565 5484 2136 5556">
    <p class='ocr_par' dir='ltr' id='par_1_109' title="bbox 565 5484 2136 5556">
     <span class='ocr_line' id='line_1_109' title="bbox 565 5484 2136 5556; baseline -0.007 -9"><span class='ocrx_word' id='word_1_745' title='bbox 565 5490 740 5547; x_wconf 87' lang='lat' dir='ltr'><strong>chaeli</strong></span> <span class='ocrx_word' id='word_1_746' title='bbox 789 5488 1148 5556; x_wconf 88' lang='lat' dir='ltr'><strong>spurcissimo</strong></span> <span class='ocrx_word' id='word_1_747' title='bbox 1184 5484 1548 5556; x_wconf 76' lang='lat' dir='ltr'><strong>concubinam</strong></span> <span class='ocrx_word' id='word_1_748' title='bbox 1601 5492 1876 5556; x_wconf 85' lang='lat' dir='ltr'><strong>servaret:</strong></span> <span class='ocrx_word' id='word_1_749' title='bbox 1914 5498 1979 5537; x_wconf 81' lang='lat' dir='ltr'><strong>ex</strong></span> <span class='ocrx_word' id='word_1_750' title='bbox 2028 5497 2136 5554; x_wconf 87' lang='lat' dir='ltr'><strong>quo</strong></span> 
     </span>
    </p>
   </div>
   <div class='ocr_carea' id='block_1_110' title="bbox 565 5553 1955 5626">
    <p class='ocr_par' dir='ltr' id='par_1_110' title="bbox 565 5553 1955 5626">
     <span class='ocr_line' id='line_1_110' title="bbox 565 5553 1955 5626; baseline -0.009 -9"><span class='ocrx_word' id='word_1_751' title='bbox 565 5561 731 5617; x_wconf 88' lang='lat' dir='ltr'><strong>etiam</strong></span> <span class='ocrx_word' id='word_1_752' title='bbox 777 5553 906 5626; x_wconf 77' lang='lat' dir='ltr'><strong>.pag.</strong></span> <span class='ocrx_word' id='word_1_753' title='bbox 939 5557 1044 5611; x_wconf 68' lang='lat'><strong>668</strong></span> <span class='ocrx_word' id='word_1_754' title='bbox 1088 5556 1293 5610; x_wconf 88' lang='lat' dir='ltr'><strong>dicitur</strong></span> <span class='ocrx_word' id='word_1_755' title='bbox 1335 5553 1570 5626; x_wconf 81' lang='lat' dir='ltr'><strong>Leonem</strong></span> <span class='ocrx_word' id='word_1_756' title='bbox 1624 5555 1955 5626; x_wconf 83' lang='lat' dir='ltr'><strong>suscepisse.</strong></span> 
     </span>
    </p>
   </div>
   <div class='ocr_carea' id='block_1_111' title="bbox 635 5621 2135 5700">
    <p class='ocr_par' dir='ltr' id='par_1_111' title="bbox 635 5621 2135 5700">
     <span class='ocr_line' id='line_1_111' title="bbox 635 5621 2135 5700; baseline -0.006 -14"><span class='ocrx_word' id='word_1_757' title='bbox 635 5629 750 5700; x_wconf 73' lang='lat'>(38)</span> <span class='ocrx_word' id='word_1_758' title='bbox 781 5621 1011 5683; x_wconf 78' lang='lat' dir='ltr'><strong>Vivifico</strong></span> <span class='ocrx_word' id='word_1_759' title='bbox 1045 5640 1239 5700; x_wconf 75' lang='lat' dir='ltr'><strong>nempe</strong></span> <span class='ocrx_word' id='word_1_760' title='bbox 1270 5625 1439 5681; x_wconf 88' lang='lat' dir='ltr'><strong>calice</strong></span> <span class='ocrx_word' id='word_1_761' title='bbox 1482 5624 1562 5678; x_wconf 91' lang='lat' dir='ltr'><strong>usi</strong></span> <span class='ocrx_word' id='word_1_762' title='bbox 1599 5621 1902 5700; x_wconf 67' lang='lat' dir='ltr'><strong>atramenii</strong></span> <span class='ocrx_word' id='word_1_763' title='bbox 1924 5626 2042 5700; x_wconf 72' lang='lat' dir='ltr'><strong>loco</strong></span> <span class='ocrx_word' id='word_1_764' title='bbox 2070 5621 2135 5677; x_wconf 84' lang='lat' dir='ltr'><strong>ad</strong></span> 
     </span>
    </p>
   </div>
   <div class='ocr_carea' id='block_1_112' title="bbox 568 5694 2137 5766">
    <p class='ocr_par' dir='ltr' id='par_1_112' title="bbox 568 5694 2137 5766">
     <span class='ocr_line' id='line_1_112' title="bbox 568 5694 2137 5766; baseline -0.008 -8"><span class='ocrx_word' id='word_1_765' title='bbox 568 5694 850 5758; x_wconf 75' lang='lat' dir='ltr'><strong>horrorem</strong></span> <span class='ocrx_word' id='word_1_766' title='bbox 884 5714 947 5754; x_wconf 90' lang='lat' dir='ltr'><strong>ac</strong></span> <span class='ocrx_word' id='word_1_767' title='bbox 981 5694 1298 5766; x_wconf 77' lang='lat' dir='ltr'><strong>religionem</strong></span> <span class='ocrx_word' id='word_1_768' title='bbox 1329 5701 1674 5766; x_wconf 82' lang='lat' dir='ltr'><strong>sacramento</strong></span> <span class='ocrx_word' id='word_1_769' title='bbox 1709 5694 2137 5766; x_wconf 78' lang='lat' dir='ltr'><strong>conciliandam,</strong></span> 
     </span>
    </p>
   </div>
   <div class='ocr_carea' id='block_1_113' title="bbox 570 5763 2137 5842">
    <p class='ocr_par' dir='ltr' id='par_1_113' title="bbox 570 5763 2137 5842">
     <span class='ocr_line' id='line_1_113' title="bbox 570 5763 2137 5842; baseline -0.003 -19"><span class='ocrx_word' id='word_1_770' title='bbox 570 5785 736 5842; x_wconf 82' lang='lat' dir='ltr'><strong>quam</strong></span> <span class='ocrx_word' id='word_1_771' title='bbox 766 5779 950 5842; x_wconf 78' lang='lat' dir='ltr'><strong>tamen</strong></span> <span class='ocrx_word' id='word_1_772' title='bbox 967 5763 1108 5824; x_wconf 70' lang='lat' dir='ltr'><strong>{uade</strong></span> <span class='ocrx_word' id='word_1_773' title='bbox 1137 5773 1293 5820; x_wconf 88' lang='lat' dir='ltr'><strong>erant</strong></span> <span class='ocrx_word' id='word_1_774' title='bbox 1322 5765 1577 5842; x_wconf 75' lang='lat' dir='ltr'><strong>violaturi</strong></span> <span class='ocrx_word' id='word_1_775' title='bbox 1607 5780 1626 5842; x_wconf 9' lang='lat'><strong>:7</strong></span> <span class='ocrx_word' id='word_1_776' title='bbox 1658 5764 1794 5842; x_wconf 80' lang='lat' dir='ltr'><strong>quin</strong></span> <span class='ocrx_word' id='word_1_777' title='bbox 1816 5779 1994 5842; x_wconf 84' lang='lat' dir='ltr'><strong>neque</strong></span> <span class='ocrx_word' id='word_1_778' title='bbox 2027 5763 2137 5842; x_wconf 81' lang='lat' dir='ltr'><strong>alio</strong></span> 
     </span>
    </p>
   </div>
   <div class='ocr_carea' id='block_1_114' title="bbox 573 5834 2136 5905">
    <p class='ocr_par' dir='ltr' id='par_1_114' title="bbox 573 5834 2136 5905">
     <span class='ocr_line' id='line_1_114' title="bbox 573 5834 2136 5905; baseline -0.002 -14"><span class='ocrx_word' id='word_1_779' title='bbox 573 5834 755 5893; x_wconf 58' lang='lat' dir='ltr'><strong>animo</strong></span> <span class='ocrx_word' id='word_1_780' title='bbox 811 5838 1088 5905; x_wconf 87' lang='lat' dir='ltr'><strong>iurabant.</strong></span> <span class='ocrx_word' id='word_1_781' title='bbox 1134 5850 1296 5905; x_wconf 77' lang='lat' dir='ltr'><strong>qua-ru</strong></span> <span class='ocrx_word' id='word_1_782' title='bbox 1349 5843 1409 5890; x_wconf 91' lang='lat' dir='ltr'><strong>ut</strong></span> <span class='ocrx_word' id='word_1_783' title='bbox 1441 5834 1728 5905; x_wconf 87' lang='lat' dir='ltr'><strong>deceptum</strong></span> <span class='ocrx_word' id='word_1_784' title='bbox 1774 5834 2136 5905; x_wconf 86' lang='lat' dir='ltr'><strong>iureiura_ndo</strong></span> 
     </span>
    </p>
   </div>
   <div class='ocr_carea' id='block_1_115' title="bbox 572 5902 2122 5973">
    <p class='ocr_par' dir='ltr' id='par_1_115' title="bbox 572 5902 2122 5973">
     <span class='ocr_line' id='line_1_115' title="bbox 572 5902 2122 5973; baseline -0.005 -5"><span class='ocrx_word' id='word_1_785' title='bbox 572 5902 848 5968; x_wconf 83' lang='lat' dir='ltr'><strong>hominem</strong></span> <span class='ocrx_word' id='word_1_786' title='bbox 881 5908 1013 5965; x_wconf 88' lang='lat' dir='ltr'><strong>urbe</strong></span> <span class='ocrx_word' id='word_1_787' title='bbox 1053 5902 1368 5973; x_wconf 72' lang='lat' dir='ltr'><strong>educerent,</strong></span> <span class='ocrx_word' id='word_1_788' title='bbox 1412 5919 1475 5961; x_wconf 88' lang='lat' dir='ltr'><strong>ac</strong></span> <span class='ocrx_word' id='word_1_789' title='bbox 1507 5902 1788 5962; x_wconf 50' lang='lat' dir='ltr'><strong>necarent-2&#39;</strong></span> <span class='ocrx_word' id='word_1_790' title='bbox 1818 5902 1978 5962; x_wconf 87' lang='lat' dir='ltr'><strong>Solus</strong></span> <span class='ocrx_word' id='word_1_791' title='bbox 2013 5902 2122 5961; x_wconf 89' lang='lat' dir='ltr'><strong>Leo</strong></span> 
     </span>
    </p>
   </div>
   <div class='ocr_carea' id='block_1_116' title="bbox 2246 5337 3809 5408">
    <p class='ocr_par' dir='ltr' id='par_1_116' title="bbox 2246 5337 3809 5408">
     <span class='ocr_line' id='line_1_116' title="bbox 2246 5337 3809 5408; baseline 0.001 -16"><span class='ocrx_word' id='word_1_792' title='bbox 2246 5340 2384 5393; x_wconf 81' lang='lat' dir='ltr'><strong>hanc</strong></span> <span class='ocrx_word' id='word_1_793' title='bbox 2408 5339 2623 5393; x_wconf 84' lang='lat' dir='ltr'><strong>videtur</strong></span> <span class='ocrx_word' id='word_1_794' title='bbox 2653 5339 2942 5393; x_wconf 84' lang='lat' dir='ltr'><strong>hismriam</strong></span> <span class='ocrx_word' id='word_1_795' title='bbox 2975 5339 3258 5408; x_wconf 79' lang='lat' dir='ltr'><strong>tetigisse:</strong></span> <span class='ocrx_word' id='word_1_796' title='bbox 3284 5337 3404 5394; x_wconf 84' lang='lat' dir='ltr'><strong>Vat.</strong></span> <span class='ocrx_word' id='word_1_797' title='bbox 3424 5338 3809 5402; x_wconf 85' lang='lat' dir='ltr'><strong>Continuator,</strong></span> 
     </span>
    </p>
   </div>
   <div class='ocr_carea' id='block_1_117' title="bbox 2245 5409 3810 5479">
    <p class='ocr_par' dir='ltr' id='par_1_117' title="bbox 2245 5409 3810 5479">
     <span class='ocr_line' id='line_1_117' title="bbox 2245 5409 3810 5479; baseline 0.001 -15"><span class='ocrx_word' id='word_1_798' title='bbox 2245 5409 2428 5464; x_wconf 86' lang='lat' dir='ltr'><strong>Basilii</strong></span> <span class='ocrx_word' id='word_1_799' title='bbox 2465 5413 2604 5465; x_wconf 82' lang='lat' dir='ltr'><strong>forte</strong></span> <span class='ocrx_word' id='word_1_800' title='bbox 2639 5411 2965 5475; x_wconf 84' lang='lat' dir='ltr'><strong>reverentia,</strong></span> <span class='ocrx_word' id='word_1_801' title='bbox 2995 5412 3217 5478; x_wconf 85' lang='lat' dir='ltr'><strong>pressit.</strong></span> <span class='ocrx_word' id='word_1_802' title='bbox 3249 5411 3300 5464; x_wconf 92' lang='lat' dir='ltr'><strong>in</strong></span> <span class='ocrx_word' id='word_1_803' title='bbox 3329 5411 3559 5479; x_wconf 82' lang='lat' dir='ltr'><strong>gratiam</strong></span> <span class='ocrx_word' id='word_1_804' title='bbox 3592 5413 3810 5478; x_wconf 84' lang='lat' dir='ltr'><strong>nepotis</strong></span> 
     </span>
    </p>
   </div>
   <div class='ocr_carea' id='block_1_118' title="bbox 2243 5479 3812 5549">
    <p class='ocr_par' dir='ltr' id='par_1_118' title="bbox 2243 5479 3812 5549">
     <span class='ocr_line' id='line_1_118' title="bbox 2243 5479 3812 5549; baseline -0.004 -15"><span class='ocrx_word' id='word_1_805' title='bbox 2243 5481 2390 5534; x_wconf 88' lang='lat' dir='ltr'><strong>illius</strong></span> <span class='ocrx_word' id='word_1_806' title='bbox 2407 5481 2776 5536; x_wconf 89' lang='lat' dir='ltr'><strong>Constantini.</strong></span> <span class='ocrx_word' id='word_1_807' title='bbox 2795 5479 2881 5532; x_wconf 79' lang='grc' dir='ltr'>Ἐν</span> <span class='ocrx_word' id='word_1_808' title='bbox 2900 5479 3147 5547; x_wconf 52' lang='lat' dir='ltr'><strong>satietate:</strong></span> <span class='ocrx_word' id='word_1_809' title='bbox 3169 5480 3370 5534; x_wconf 89' lang='lat' dir='ltr'><strong>dicitur</strong></span> <span class='ocrx_word' id='word_1_810' title='bbox 3389 5496 3508 5534; x_wconf 87' lang='lat' dir='ltr'><strong>esse</strong></span> <span class='ocrx_word' id='word_1_811' title='bbox 3533 5479 3812 5549; x_wconf 70' lang='lat' dir='ltr'><strong>princeps,</strong></span> 
     </span>
    </p>
   </div>
   <div class='ocr_carea' id='block_1_119' title="bbox 2244 5550 3808 5617">
    <p class='ocr_par' dir='ltr' id='par_1_119' title="bbox 2244 5550 3808 5617">
     <span class='ocr_line' id='line_1_119' title="bbox 2244 5550 3808 5617; baseline -0.001 -12"><span class='ocrx_word' id='word_1_812' title='bbox 2244 5566 2364 5605; x_wconf 90' lang='lat' dir='ltr'><strong>cum</strong></span> <span class='ocrx_word' id='word_1_813' title='bbox 2417 5560 2568 5605; x_wconf 67' lang='lat' dir='ltr'><strong>extra</strong></span> <span class='ocrx_word' id='word_1_814' title='bbox 2612 5550 2801 5604; x_wconf 84' lang='lat' dir='ltr'><strong>urbem</strong></span> <span class='ocrx_word' id='word_1_815' title='bbox 2854 5551 2935 5603; x_wconf 87' lang='lat' dir='ltr'><strong>vel</strong></span> <span class='ocrx_word' id='word_1_816' title='bbox 2969 5551 3134 5603; x_wconf 87' lang='lat' dir='ltr'><strong>animi</strong></span> <span class='ocrx_word' id='word_1_817' title='bbox 3184 5565 3372 5614; x_wconf 85' lang='lat' dir='ltr'><strong>causa,</strong></span> <span class='ocrx_word' id='word_1_818' title='bbox 3420 5551 3500 5604; x_wconf 84' lang='lat' dir='ltr'><strong>vel</strong></span> <span class='ocrx_word' id='word_1_819' title='bbox 3535 5550 3808 5617; x_wconf 81' lang='lat' dir='ltr'><strong>exercitii,</strong></span> 
     </span>
    </p>
   </div>
   <div class='ocr_carea' id='block_1_120' title="bbox 2244 5619 3812 5690">
    <p class='ocr_par' dir='ltr' id='par_1_120' title="bbox 2244 5619 3812 5690">
     <span class='ocr_line' id='line_1_120' title="bbox 2244 5619 3812 5690; baseline 0.001 -14"><span class='ocrx_word' id='word_1_820' title='bbox 2244 5622 2360 5676; x_wconf 80' lang='lat' dir='ltr'><strong>sive</strong></span> <span class='ocrx_word' id='word_1_821' title='bbox 2393 5625 2554 5675; x_wconf 85' lang='lat' dir='ltr'><strong>etiam</strong></span> <span class='ocrx_word' id='word_1_822' title='bbox 2589 5621 2769 5675; x_wconf 84' lang='lat' dir='ltr'><strong>bellici</strong></span> <span class='ocrx_word' id='word_1_823' title='bbox 2798 5628 3094 5690; x_wconf 84' lang='lat' dir='ltr'><strong>apparatus</strong></span> <span class='ocrx_word' id='word_1_824' title='bbox 3139 5633 3397 5674; x_wconf 88' lang='lat' dir='ltr'><strong>moratur.</strong></span> <span class='ocrx_word' id='word_1_825' title='bbox 3432 5619 3812 5677; x_wconf 81' lang='lat' dir='ltr'><strong>Producemus</strong></span> 
     </span>
    </p>
   </div>
   <div class='ocr_carea' id='block_1_121' title="bbox 2245 5690 3813 5762">
    <p class='ocr_par' dir='ltr' id='par_1_121' title="bbox 2245 5690 3813 5762">
     <span class='ocr_line' id='line_1_121' title="bbox 2245 5690 3813 5762; baseline -0.001 -12"><span class='ocrx_word' id='word_1_826' title='bbox 2245 5691 2410 5750; x_wconf 88' lang='lat' dir='ltr'><strong>Pselli</strong></span> <span class='ocrx_word' id='word_1_827' title='bbox 2450 5692 2714 5760; x_wconf 88' lang='lat' dir='ltr'><strong>epistolas</strong></span> <span class='ocrx_word' id='word_1_828' title='bbox 2761 5700 2909 5762; x_wconf 81' lang='lat' dir='ltr'><strong>torno</strong></span> <span class='ocrx_word' id='word_1_829' title='bbox 2948 5692 3134 5762; x_wconf 70' lang='lat' dir='ltr'><strong>altero</strong></span> <span class='ocrx_word' id='word_1_830' title='bbox 3165 5690 3229 5762; x_wconf 79' lang='lat' dir='ltr'><strong>ad</strong></span> <span class='ocrx_word' id='word_1_831' title='bbox 3279 5691 3657 5762; x_wconf 86' lang='lat' dir='ltr'><strong>imperatores,</strong></span> <span class='ocrx_word' id='word_1_832' title='bbox 3711 5701 3813 5748; x_wconf 88' lang='lat' dir='ltr'><strong>aut</strong></span> 
     </span>
    </p>
   </div>
   <div class='ocr_carea' id='block_1_122' title="bbox 2243 5760 3811 5836">
    <p class='ocr_par' dir='ltr' id='par_1_122' title="bbox 2243 5760 3811 5836">
     <span class='ocr_line' id='line_1_122' title="bbox 2243 5760 3811 5836; baseline 0.001 -19"><span class='ocrx_word' id='word_1_833' title='bbox 2243 5762 2366 5830; x_wconf 85' lang='lat' dir='ltr'><strong>eius</strong></span> <span class='ocrx_word' id='word_1_834' title='bbox 2423 5763 2655 5836; x_wconf 71' lang='lat' dir='ltr'><strong>comites</strong></span> <span class='ocrx_word' id='word_1_835' title='bbox 2697 5764 2754 5815; x_wconf 69' lang='lat' dir='ltr'><strong>sv</strong></span> <span class='ocrx_word' id='word_1_836' title='bbox 2785 5760 3058 5836; x_wconf 77' lang='grc' dir='ltr'>ταξειδίῳ.</span> <span class='ocrx_word' id='word_1_837' title='bbox 3098 5761 3318 5836; x_wconf 65' lang='lat' dir='ltr'><strong>quibus</strong></span> <span class='ocrx_word' id='word_1_838' title='bbox 3359 5760 3565 5836; x_wconf 76' lang='lat' dir='ltr'><strong>nempe</strong></span> <span class='ocrx_word' id='word_1_839' title='bbox 3615 5775 3811 5821; x_wconf 79' lang='lat' dir='ltr'><strong>eorum</strong></span> 
     </span>
    </p>
   </div>
   <div class='ocr_carea' id='block_1_123' title="bbox 2246 5830 3171 5908">
    <p class='ocr_par' dir='ltr' id='par_1_123' title="bbox 2246 5830 3171 5908">
     <span class='ocr_line' id='line_1_123' title="bbox 2246 5830 3171 5908; baseline -0.003 -21"><span class='ocrx_word' id='word_1_840' title='bbox 2246 5840 2554 5908; x_wconf 77' lang='lat' dir='ltr'><strong>temporum</strong></span> <span class='ocrx_word' id='word_1_841' title='bbox 2583 5833 2888 5889; x_wconf 85' lang='lat' dir='ltr'><strong>illustretur</strong></span> <span class='ocrx_word' id='word_1_842' title='bbox 2919 5830 3171 5888; x_wconf 81' lang='lat' dir='ltr'><strong>historia.</strong></span> 
     </span>
    </p>
   </div>
  </div>
