4046 6302
537 394 678 463 1079

1769 396 2047 457 LEONIS
2083 397 2569 459 GRAMMATICI

3678 390 3816 465 108.)

536 511 650 567 Leo
690 509 876 578 ltaque
903 521 935 562 a
975 505 1204 564 secretis
1235 505 1438 575 incepit
1473 507 1671 577 legere.
1714 508 1904 564 dicens
1935 524 1949 562 :
1993 504 2097 561 Bar

2234 506 2459 579 γούρης,
2483 510 2579 561 καὶ
2611 510 2659 561 οἱ
2695 508 2970 578 δήμαρχοι
3024 504 3141 578 ἅμα
3177 507 3288 568 τοῖς
3318 504 3535 575 δήμοις.
3576 505 3818 576 Ἤρξατο

529 604 629 658 das
658 599 844 657 ϐαδι-
866 599 999 655 mihi
1034 614 1224 655 necem
1252 597 1598 654 machinatus
1632 608 1736 664 est,
1768 597 2000 664 ideoque
2031 613 2124 651 nr-

531 695 599 750 he
642 711 731 750 me
776 694 1040 751 subduxit
1075 709 1089 747 :
1125 700 1179 748 et
1226 692 1334 748 nisi
1381 692 1513 748 mihi
1553 706 1648 761 per
1684 690 2027 764 Symhatinm
2068 700 2121 746 et

531 784 793 841 Basiliam
832 784 1185 850 innotuisset,
1223 782 1374 838 vivos
1406 783 1548 837 inter
1580 797 1686 836 non
1720 783 1954 852 amplius
1995 796 2120 854 age-

527 892 646 933 rem
678 894 693 944 ;
745 887 968 949 propter
998 877 1203 933 scelera
1252 890 1382 931 vero
1413 890 1512 931 sua
1554 888 1746 944 pmnas
1776 884 2119 945 mortemque

529 970 796 1041 pertulit:
843 969 1100 1027 Basiliam
1143 984 1273 1025 vero
1330 968 1721 1033 accnbitorem,
1760 982 1873 1023 ceu
1904 967 2115 1023 fidelem

527 1072 583 1119 et
606 1064 818 1135 imperii
844 1072 1200 1128 servatorem,
1227 1061 1322 1134 qui
1350 1061 1505 1117 hoste
1534 1077 1622 1117 me
1651 1060 1918 1131 liberavit,
1944 1061 2118 1132 impe-

528 1158 596 1214 rii
624 1159 909 1214 custodem
940 1174 1061 1214 esse
1083 1158 1209 1212 volo
1233 1196 1248 1223 ,
1290 1166 1345 1211 et
1377 1159 1445 1210 ab
1470 1156 1725 1211 omnibus
1756 1156 1903 1211 velut
1943 1157 2113 1226 impe-

526 1259 767 1307 ratorcm
811 1252 1009 1323 excipi.
1048 1250 1268 1307 Interim
1301 1250 1534 1306 Basilius
1572 1251 1828 1323 lacrymis
1857 1252 2115 1322 oppleba-

527 1354 663 1400 tur:
708 1354 762 1399 et
818 1345 1150 1415 imperatore
1214 1344 1410 1399 Photio
1485 1345 1810 1415 patriarchae
1880 1354 2111 1400 stemma

525 1437 705 1508 capite
739 1439 988 1493 ablatum
1031 1427 1298 1505 tradente,
1353 1445 1414 1493 ut
1470 1440 1524 1492 in
1568 1446 1816 1494 sanctam
1863 1453 2109 1493 mensam

527 1530 774 1598 inferret,
813 1532 928 1601 ipse
968 1531 1196 1589 Photius
1227 1547 1392 1601 super
1430 1547 1497 1587 eo
1534 1546 1727 1602 preces
1765 1531 1905 1587 fudit
1942 1552 1955 1587 :
1995 1541 2109 1588 tum

523 1640 655 1682 vero
698 1625 973 1697 praepositi
1020 1624 1417 1697 insignioribus
1454 1625 1818 1689 vestimentis,
1856 1641 1978 1696 quae
2026 1626 2110 1681 di-

521 1717 731 1784 vitisia,
758 1730 813 1773 et
841 1719 1021 1773 ocreis
1050 1718 1426 1789 imperialibus
1464 1716 1727 1774 Basilium
1763 1719 2058 1775 induerunt
2092 1739 2105 1774 :

521 1811 616 1880 qui
642 1810 736 1865 ubi
777 1809 1300 1882 chlamydeindutus
1330 1819 1435 1875 est,
1461 1809 1526 1864 ad
1558 1809 1907 1880 imperatoris
1942 1810 2108 1881 pedes

2231 596 2324 655 οὖν
2346 601 2496 654 Λέων
2520 604 2545 653 ὀ
2565 600 2870 672 ἀσηκρῆτις
2909 597 3307 667 ἀναγινώσκειν
3338 596 3537 665 λέγων,
3565 597 3649 651 ὅτι
3676 598 3810 669 Βάρ‹

2231 695 2327 760 δας
2363 698 2390 749 6
2416 696 2632 767 Καῖσαρ
2653 692 3016 750 ἐϐουλεύσατο
3041 697 3164 748 κατ’
3194 694 3332 761 ἐμοῦ
3355 692 3570 747 ἀνελεῖν
3606 711 3698 764 με,
3721 694 3816 748 καὶ

2230 791 2319 845 διὰ
2346 788 2507 843 τοῦτο
2537 788 2856 858 ύπεξήγαγέ
2881 806 2948 858 με
2986 791 3086 860 τῆς
3115 788 3351 853 πόλεως·
3394 790 3493 842 καὶ
3533 789 3582 841 εί
3617 788 3692 858 μὴ
3727 787 3816 841 διὰ

2229 881 2540 952 Συμδατίου
2577 882 2670 935 καὶ
2704 880 2992 934 Βασιλείου
3042 879 3290 951 ἐμηνύθη
3332 898 3442 950 μοι,
3494 879 3597 933 οὐκ
3648 877 3715 933 ἂν
3756 878 3816 931 ὲν

2226 978 2340 1037 τοῖς
2359 973 2528 1040 ζῶσιν
2545 974 2714 1047 ήμην.
2748 973 3106 1043 Ἐτελεύτησε
3122 973 3179 1026 δὲ
3210 972 3315 1027 ὑπὸ
3331 972 3433 1043 τῆς
3464 972 3603 1033 ἰδίας
3629 972 3811 1041 ἀμαρ-

2224 1068 2364 1131 τίας.
2402 1068 2552 1121 Θέλω
2581 1068 2639 1121 δὲ
2673 1066 2956 1121 Βασίλειον
2989 1065 3487 1139 παρακοιμώμενον
3521 1065 3598 1129 ὡς
3621 1064 3813 1118 πιστὸν

2223 1163 2375 1228 ὄντα,
2412 1161 2508 1215 καὶ
2541 1161 2880 1230 φυλάττοντα
2939 1161 3038 1231 τὴν
3070 1158 3209 1231 ἐμὴν
3244 1157 3550 1227 βασιλείαν,
3583 1158 3679 1211 καὶ
3717 1156 3811 1211 τοῦ

2223 1255 2421 1329 ἐχθροῦ
2465 1253 2910 1325 ἐλευθερώσαντά
2948 1271 3014 1324 με
3050 1247 3192 1306 εἶναι
3245 1252 3465 1323 φύλακα
3521 1253 3619 1323 τῆς
3671 1250 3810 1322 ἐμῆς

2224 1350 2526 1421 βασιλείας,
2545 1348 2640 1402 καὶ
2670 1348 2775 1401 ὑπὸ
2799 1348 3019 1401 πάντων
3050 1348 3190 1415 εὔφη
3202 1340 3421 1417 μεῖσθαι
3446 1343 3519 1409 ὡς
3557 1342 3808 1414 βασιλέα.

2220 1443 2503 1506 Βασίλειος
2532 1441 2588 1495 δὲ
2620 1440 2921 1509 ἐπληροῦτο
2977 1437 3250 1509 δακρύων,
3272 1440 3364 1491 καὶ
3385 1433 3638 1499 δεδωκὼς
3659 1436 3688 1489 6
3708 1434 3813 1489 Βαο

2223 1538 2419 1602 σίλειος
2449 1532 2755 1610 [βασιλεὺς]
2774 1534 2965 1605 Φωτίῳ
2990 1532 3304 1604 πατριάρχῃ
3320 1529 3381 1585 τὸ
3415 1530 3636 1601 στέμμα
3669 1528 3811 1597 ἄρας

2218 1635 2282 1686 ἐκ
2304 1631 2404 1702 τῆς
2420 1629 2587 1684 αὑτοῦ
2614 1626 2879 1697 κεφαλῆς,
2900 1626 2975 1690 ὡς
3000 1626 3314 1694 εἰσαγαγεῖν
3342 1624 3400 1678 ἐν
3432 1626 3499 1694 τῇ
3523 1621 3658 1694 ἁγίᾳ
3676 1638 3809 1692 τρα-

2217 1722 2357 1794 πέζῃ
2379 1737 2393 1751 ”
2418 1718 2569 1793 [αάά.
2592 1718 2754 1782 αὐτὸς
2768 1717 2849 1792 δέ]
2870 1717 3127 1788 ἐποίησεν
3145 1715 3310 1787 εὐχὴν
3335 1714 3421 1768 ἐπ’
3446 1713 3620 1787 αὐτῷ,
3640 1715 3730 1768 καὶ
3757 1715 3807 1766 οἱ

2217 1815 2574 1886 πραιπόσιτοι
2601 1813 2931 1881 ἐνέγκαντες
2964 1809 3257 1865 δεδιτίσιον
3286 1812 3383 1863 καὶ
3407 1807 3650 1876 τζαγγία
3695 1805 3805 1878 (40)

523 1903 776 1971 procidit.
823 1904 1049 1960 Demum
1104 1918 1362 1974 egressus
1408 1902 1720 1973 patriarcha
1765 1912 1998 1959 stemma
2043 1919 2104 1958 ex

2221 1883 2479 1963 ἐνέδυσαν
2505 1905 2807 1967 Βασίλειον,
2832 1904 2983 1966 ὅστις
3008 1901 3186 1976 βαλὼν
3205 1902 3304 1973 τὴν
3339 1899 3587 1972 χλαμύδα
3612 1899 3807 1954 ἔπεσεν

522 1998 874 2067 imperatoris
893 1998 1069 2068 capite
1084 1996 1360 2053 sublatum
1389 1997 1487 2067 ipsi
1517 1997 1833 2067 imperatori
1867 1997 2113 2062 tradidit,

521 2092 863 2161 sceptrisque
902 2105 1003 2161 pro
1044 2105 1196 2146 more
1235 2090 1532 2151 inclinatis,
1567 2090 1828 2146 Basilium
1874 2090 2108 2146 Michael

517 2185 802 2239 coronavit
830 2202 843 2240 :
871 2183 1171 2253 cunctique
1213 2182 1410 2239 faustis
1432 2182 1595 2256 467
1620 2185 2118 2241 acclamationibus

516 2277 793 2347 prosecuti
818 2287 988 2333 sunt:
1046 2276 1295 2332 Michaeli
1324 2285 1377 2333 et
1418 2276 1623 2332 Basilio
1660 2278 1860 2334 multos
1898 2279 2110 2333 annos!

516 2370 690 2429 Porro
726 2371 924 2429 Castor
960 2387 991 2427 a
1021 2372 1275 2437 secretis,
1312 2371 1401 2443 qui
1437 2380 1648 2427 tomum
1684 2372 1908 2444 legerat,
1945 2371 2113 2428 Nico-

518 2465 751 2521 mediam
801 2479 1039 2536 pergens
1096 2464 1151 2519 in
1196 2464 1595 2520 monasterium
1642 2464 1918 2535 quoddam
1958 2465 2113 2521 virile

515 2557 822 2628 profectus,
853 2558 1037 2615 medio
1069 2558 1122 2613 in
1142 2559 1375 2629 pratello
1406 2558 1629 2613 mansit.
1658 2556 1786 2615 Erat
1815 2567 1998 2613 autem
2033 2557 2110 2612 ibi

515 2658 732 2719 puteus,
753 2658 807 2705 et
827 2650 882 2706 in
906 2665 1031 2705 eum
1053 2649 1334 2717 decidens,
1354 2650 1676 2706 submersus
1691 2658 1745 2704 et
1760 2650 2005 2720 sepultus
2028 2658 2111 2705 est

517 2742 743 2797 ibidem.
784 2739 1100 2814 Symbatius
1150 2756 1302 2807 vero,
1354 2742 1592 2798 Caesaris
1631 2757 1835 2812 gener,
1871 2741 2110 2799 Casaris

514 2833 780 2905 dignitate
819 2832 1143 2899 frustratus,
1185 2848 1214 2890 a
1265 2832 1471 2891 Basilio
1506 2849 1566 2890 se
1596 2833 1847 2890 delusum
1879 2848 2108 2905 persen-

515 2926 680 2994 tiens,
729 2927 995 2983 adversus
1027 2925 1290 2983 Basilium
1340 2926 1550 2983 exarsit
1576 2927 1704 2983 odio
1729 2967 1743 2992 ,
1780 2935 1837 2982 et
1871 2926 2106 2983 consilio

514 3035 640 3074 cum
667 3017 900 3091 Georgio
929 3018 1145 3091 Pegane
1165 3060 1183 3085 ,
1214 3017 1427 3089 militiae
1453 3019 1739 3089 magistro,
1770 3028 2016 3090 accepto,
2048 3020 2104 3077 in

509 3114 632 3182 ejus
651 3113 835 3170 locum
872 3112 983 3169 dux
1018 3112 1231 3170 institui
1276 3112 1595 3184 postulavit.
1637 3111 1843 3168 Gumer
1882 3114 2099 3180 deinde,

2219 2004 2300 2065 είς
2343 2002 2472 2064 τοὺς
2513 2000 2682 2062 πόδας
2717 1996 2814 2052 τοῦ
2858 1997 3149 2068 βασιλέως.
3197 1996 3310 2049 Καὶ
3354 1991 3579 2061 ἐξῆλθεν
3623 1995 3652 2045 ὁ
3700 2007 3802 2044 suo

2218 2096 2510 2166 τριόρχης,
2544 2093 2642 2147 καὶ
2671 2087 2808 2163 ἦρεν
2838 2091 2948 2145 ἀπὸ
2977 2090 3078 2161 τῆς
3102 2088 3352 2177 κεφαλῆς
3380 2084 3491 2159 (41)
3522 2084 3614 2177 τού
3648 2082 3801 2156 βασι-

2217 2187 2379 2253 λέως,
2426 2188 2519 2241 καὶ
2539 2185 2819 2240 ἐπέδωκεν
2842 2183 2977 2237 αὐτὸ
3004 2180 3083 2253 τῷ
3119 2176 3363 2251 βασιλεῖ·
3401 2180 3498 2232 καλ.
3531 2176 3640 2230 τῶν
3683 2178 3804 2245 σκή-

2218 2296 2409 2351 πτρων
2451 2278 2751 2339 πεσόντων,
2784 2276 2860 2340 ὡς
2918 2275 3064 2342 ἔθος,
3114 2272 3343 2343 ἔστεψεν
3388 2271 3417 2325 ό
3455 2269 3679 2341 Μιχαὴλ
3716 2269 3801 2323 τὸν

2217 2372 2524 2435 Βασίλειον,
2556 2372 2653 2425 καὶ
2695 2371 3024 2441 εὐφήμησαν
3054 2368 3288 2431 πάντες·
3322 2363 3544 2436 Μιχαὴλ
3573 2361 3671 2417 καὶ
3702 2362 3802 2415 Βα-

2218 2466 2418 2521 σιλείου
2458 2463 2630 2518 πολλὰ
2667 2464 2732 2517 τὰ
2765 2463 2894 2534 ἕτηί
2945 2462 3004 2515 '0
3035 2460 3094 2514 δέ
3132 2460 3226 2514 τὸν
3266 2459 3435 2529 τόμον
3464 2454 3806 2525 ἐπαναγνοὺς

2215 2561 2455 2631 Κάστωρ
2490 2561 2519 2614 6
2563 2557 2873 2630 ἀσηκρῆτις
2922 2554 3157 2621 ἐξελθὼν
3204 2555 3264 2608 ἐν
3298 2548 3667 2622 Νικομηδείᾳ,
3710 2546 3806 2602 καὶ

2212 2654 2384 2711 ἐλθὼν
2408 2656 2488 2719 είς
2514 2653 2682 2725 μονὴν
2700 2651 2955 2724 ἀνδρείαν
2984 2648 3200 2721 ἔμεινεν
3221 2647 3386 2719 μέσον
3411 2645 3506 2699 τοῦ
3535 2642 3801 2697 λιὸαδξου.

2209 2743 2322 2802 Ἦν
2349 2745 2407 2801 δὲ
2439 2747 2621 2798 ἐκεῖσε
2652 2742 2854 2815 φρέαρ,
2885 2742 2980 2797 καὶ⁵
3010 2739 3194 2795 πεσὼν
3222 2742 3282 2793 ἐν
3316 2736 3466 2803 αύτῷ
3495 2735 3800 2805 ἀπεπνίγη,

2210 2841 2306 2895 καλ
2334 2838 2508 2909 ἐτάφη
2537 2839 2742 2892 ἐκεῖσε.
2777 2835 3092 2907 Συμὸἀτιος
3118 2833 3175 2888 δέ
3198 2836 3225 2887 6
3250 2830 3502 2905 γαμϐρὸς
3530 2829 3625 2884 τοῦ
3667 2830 3803 2883 Καῖ-

2212 2950 2381 3007 σαρος
2413 2930 2708 3001 ἀποτυχὼν
2764 2930 2862 2999 τῆς
2907 2930 3000 2982 τοῦ
3038 2928 3319 2998 Καίσαρος
3349 2925 3528 2992 ἀξίας,
3562 2923 3689 2977 ίδὼν
3722 2924 3801 2976 ὃτι

2209 3028 2509 3097 ἐνεπαίχθη
2566 3024 2672 3077 ὑπὸ
2707 3022 2801 3076 τοῦ
2848 3022 3153 3083 Βασιλείου.
3204 3023 3284 3085 είς
3320 3022 3478 3090 μῖσος
3529 3018 3675 3073 κατὰ
3707 3016 3799 3071 τοῦ

2207 3119 2492 3175 Βασιλείου
2555 3120 2823 3172 κινεῖταν
2888 3115 2984 3168 καὶ
3048 3111 3598 3183 συμϐουλευσάμενος
3665 3107 3800 3180 μετὰ

510 3204 716 3275 Opsicii
740 3220 951 3273 comes,
967 3221 1167 3263 cursus
1190 3206 1392 3277 publici
1422 3207 1695 3279 logothela
1713 3206 1944 3262 euectus
1974 3216 2058 3262 est
2083 3226 2097 3263 :

2210 3212 2485 3282 Γεωργίου
2513 3207 2891 3282 στρατηλάτου
2921 3205 3017 3260 τοῦ
3057 3204 3286 3276 Πηγὰνη
3321 3208 3387 3276 τῇ
3417 3203 3686 3275 ἐπαύριον
3711 3202 3795 3255 αἱ·

507 3307 971 3370 ernmpentesque
999 3298 1164 3354 simul
1198 3297 1517 3369 Symbatius
1536 3306 1591 3354 et
1615 3297 1879 3369 Peganes,
1917 3302 2097 3371 regio-

511 3403 635 3445 nem
690 3403 906 3444 omnem
950 3388 1306 3453 subvertere,
1359 3397 1415 3445 et
1461 3402 1626 3461 agros
1676 3389 1927 3460 vitesque
1975 3390 2099 3460 igne

507 3484 793 3540 devastare
846 3491 1174 3553 cmperunt:
1234 3491 1354 3538 erat
1406 3483 1551 3539 enim
1609 3484 1804 3540 messis
1858 3492 2095 3555 tempus,

509 3573 801 3645 faustaque
836 3573 1203 3644 precabantur
1231 3574 1333 3631 soli
1369 3574 1635 3640 Michaeli,
1670 3574 1928 3631 Basiliam
1967 3590 2097 3631 vero

508 3667 647 3724 diris
679 3666 1049 3723 devovebant.
1092 3665 1166 3722 De
1196 3683 1308 3738 quo
1339 3668 1604 3724 certiores
1631 3667 1757 3724 facti
1796 3668 2095 3739 imperato-

505 3775 619 3827 res,
650 3759 895 3831 reliquos
921 3758 1095 3816 duces
1138 3761 1194 3815 in
1215 3775 1315 3817 eos
1342 3775 1496 3817 arma
1531 3776 1749 3817 movere
1777 3761 2093 3832 jusserunt.

505 3853 681 3908 Porro
710 3851 1050 3924 Nicephorus
1093 3854 1367 3911 Maleinus
1403 3865 1752 3912 commentus
1795 3867 1881 3912 est
1935 3858 2097 3913 sehe»

506 3943 665 4001 dulas
697 3960 795 4016 per
837 3946 1137 4001 exercitum
1167 3944 1501 4022 dispergere,
1536 3954 1596 4000 ut
1634 3946 1700 4003 iis
1728 3946 1856 4002 dolo
1881 3956 1936 4003 et
1975 3957 2095 4004 arte

506 4038 889 4109 deprehensis,
934 4040 987 4094 in
1031 4050 1279 4110 apertum
1312 4039 1473 4094 civile
1514 4040 1713 4095 bellum
1744 4042 1886 4097 haud
1926 4041 2093 4098 defle-

507 4138 736 4187 cterent.
769 4130 1216 4202 Comprehensus
1247 4141 1330 4188 est
1359 4132 1544 4204 itaque
1569 4132 1835 4205 Peganes,
1864 4142 1919 4190 et
1957 4136 2093 4192 sub-

505 4223 678 4279 latum
746 4224 801 4280 in
862 4225 1054 4280 urbem
1120 4224 1471 4295 imperatoris
1521 4227 1682 4294 jussu
1734 4225 2089 4283 induxerunt.

504 4315 1014 4384 Constantinusque
1029 4314 1265 4388 Myiares
1304 4317 1479 4372 oculis
1505 4332 1630 4371 eum
1655 4318 1889 4388 privavit
1923 4337 1936 4373 :
1974 4326 2090 4374 tum

504 4407 574 4463 ad
593 4408 801 4463 Milium
820 4410 1110 4465 considere
1132 4409 1292 4480 jnsso
1308 4409 1592 4465 vasculum
1622 4412 1876 4467 manibus
1902 4420 2092 4468 tenen-

2202 3307 2375 3360 τεῖται
2433 3301 2740 3373 στρατηγὸς
2817 3298 3199 3373 προδληθῆναι
3256 3297 3381 3352 ἀντ’.
3430 3294 3622 3351 αὐτοῦ.
3686 3295 3797 3349 Καὶ

2202 3395 2514 3470 προεϐλήθη
2540 3391 2833 3465 λογοθέτης
2856 3389 2950 3445 τοῦ
2985 3392 3188 3462 δρόμου
3216 3391 3243 3441 ὁ
3269 3386 3372 3442 Γοῢ
3381 3406 3445 3457 με
3455 3405 3508 3459 ρ,
3542 3387 3797 3448 κάκεῖνος

2200 3492 2382 3563 κόμης
2407 3489 2502 3543 τοῦ
2544 3485 2814 3558 ὐψικίου.
2851 3485 2960 3539 Kal
2994 3482 3305 3550 ἐξελθόντες
3336 3482 3454 3554 ἅμα
3487 3484 3515 3535 ὃ
3556 3497 3617 3534 τε
3650 3483 3796 3550 Συμο

2200 3586 2387 3650 δὰτιος
2407 3584 2504 3638 καὶ
2521 3584 2549 3636 6
2566 3580 2847 3653 Πηγάνης,
2861 3577 3095 3651 ἤρξαντο
3113 3575 3515 3649 καταστρέφειν
3538 3576 3637 3630 καὶ
3661 3591 3798 3644 πυρ-

2200 3678 2383 3733 πολεῖν
2415 3676 2512 3740 τάς
2540 3692 2599 3728 τε
2624 3672 2809 3745 χώρας
2842 3672 2938 3725 καὶ
2967 3671 3302 3742 ἀμπελῶνας
3349 3664 3441 3741 (ἦν
3468 3667 3577 3739 γὰρ
3601 3666 3796 3736 καιρὸς

2196 3771 2293 3827 τοῦ
2327 3771 2575 3843 θέρους),
2603 3765 2983 3839 εὐφημοῦντες
3011 3762 3235 3835 Μιχαὴλ
3266 3760 3561 3834 μόνον,τδν
3593 3761 3652 3814 δὲ
3687 3760 3796 3813 Βα-

2200 3865 2399 3921 σίλειον
2426 3860 2940 3923 ἀποόδελύττοντες.
2965 3858 3156 3913 Ταῦτα
3182 3858 3447 3928 μαθόντες
3473 3858 3521 3910 οἱ
3550 3854 3794 3927 βασιλεῖς

2204 3960 2506 4015 ἐκέλευσαν
2536 3955 2664 4017 τοὺς
2693 3953 2915 4017 λοιποὺς
2948 3951 3334 4025 στρατηλάτας
3364 3950 3596 4014 τούτους
3626 3966 3796 4004 καταο

2200 4049 2533 4120 πολεμῆσαι.
2574 4044 3015 4115 Βουλευσάμενος
3038 4044 3095 4097 δὲ
3125 4042 3443 4114 Νικηφόρος
3469 4045 3496 4096 6
3521 4040 3792 4105 Μαλεῖνος

2196 4144 2421 4217 ἔρριψεν
2472 4140 2725 4211 ἐγγραφα
2760 4137 2925 4209 μέσον
2955 4137 3161 4200 παντὸς
3192 4135 3288 4189 τοῦ
3340 4134 3497 4201 λαοῦ,
3536 4135 3623 4188 ἵνα
3652 4133 3789 4200 δόλῳ

2194 4235 2419 4298 τούτους
2450 4233 2827 4304 κρατήσωσιν,
2861 4231 2956 4284 καὶ
2989 4230 3064 4300 μὴ
3087 4227 3243 4301 Ῐαάά.
3278 4228 3381 4301 τῷ]
3416 4228 3672 4297 φανερῶς
3693 4243 3791 4281 πο-

2195 4330 2385 4400 λεμεῖν
2423 4329 2502 4392 είς
2538 4323 2781 4397 ἔμφυλον
2822 4325 3107 4394 ἐμπέσωσι
3162 4322 3421 4393 πόλεμον.
3474 4318 3783 4391 Ἐκρατήθη

2194 4424 2250 4478 δέ
2282 4426 2311 4476 ὁ
2347 4421 2631 4491 Πηγάνης,
2672 4422 2766 4474 καὶ
2810 4417 3045 4488 ἄραντες
3088 4416 3253 4470 αὑτὸν
3293 4416 3590 4486 εἰσήγαγον
3631 4415 3690 4467 ἐν
3718 4415 3782 4484 τῇ

502 4504 634 4557 dum
664 4502 1022 4569 tradiderunt,
1054 4504 1109 4563 in
1143 4502 1289 4574 quod
1318 4503 1576 4569 viatores,
1613 4506 1758 4574 quod
1791 4504 2075 4575 placitum,

2210 4516 2369 4581 πόλει,
2402 4514 2497 4568 καὶ
2528 4516 2593 4585 τῇ
2624 4512 2918 4583 προστάξει
2940 4508 3035 4562 τοῦ
3061 4508 3329 4580 βασιλέως
3350 4506 3658 4577 ἀποτυφλοῐ
3689 4505 3784 4560 a6-

505 4595 871 4667 projiciebant
904 4613 917 4649 :
970 4603 1025 4651 et
1062 4603 1184 4665 pest
1213 4594 1332 4650 dies
1364 4593 1587 4663 triginta
1620 4593 1937 4667 Symbatius
1976 4599 2082 4651 Ar-

2186 4610 2279 4663 τὸ)
2318 4610 2732 4669 Κωνσταντῖνος
2762 4605 3001 4674 ἔπαρχος
3033 4602 3354 4673 όΜυῖάρης,
3388 4603 3486 4655 καὶ
3518 4599 3782 4655 καθίσαν-

503 4688 722 4743 menius
751 4704 782 4743 a
818 4686 1053 4745 Μειιοίηο
1098 4688 1153 4742 in
1194 4685 1508 4745 Cheltsines
1555 4686 1795 4759 hospitio
1834 4690 2091 4749 detentus

2210 4720 2284 4766 τες
2332 4703 2392 4755 ἐν
2444 4700 2523 4772 τῷ
2586 4699 2768 4771 Μιλίῳ
2819 4694 3303 4772 ἐπέδωκανςαύτῷ
3346 4693 3542 4758 σκεῦος
3573 4695 3633 4748 ἐν
3663 4695 3784 4757 ταῖς

501 4791 608 4848 est,
635 4798 808 4853 quem
839 4783 901 4837 ad
934 4782 1321 4852 imperatorem
1350 4780 1417 4839 ad
1460 4778 1723 4837 Sanctum
1762 4782 2089 4838 Mamantem

2210 4796 2384 4869 (epclv
2406 4766 2591 4857 αὑτοῦ,
2624 4794 2718 4847 καὶ
2739 4766 3004 4864 ἔρριπτον
3031 4766 3233 4853 πάντες
3256 4791 3303 4842 οἱ
3329 4787 3782 4860 διαπορευόμενοι

502 4887 635 4930 tunc
677 4876 981 4946 profectum
1036 4873 1307 4932 Maleinus
1351 4876 1614 4932 induxit:
1661 4885 1716 4931 et
1761 4876 2092 4947 imperatore

2210 4896 2254 4943 εν
2284 4889 2455 4960 αύτῷ,
2478 4889 2594 4942 εἴτι
2620 4888 2683 4939 ἐκ
2702 4884 3075 4956 προαιρέσεως
3093 4877 3259 4952 εἷχον.
3280 4882 3393 4936 Καὶ
3423 4880 3544 4952 μεθ’
3566 4881 3783 4953 ἡμέρας

496 4970 723 5038 jnbcnte
760 4970 811 5022 in
852 4968 1115 5041 Syrnbatii
1171 4983 1462 5024 occursum
1507 4967 1779 5041 Peganem
1822 4970 2094 5024 advocant

2210 4980 2239 5035 ι’
2273 4980 2557 5052 ἐκρατήθη
2591 4978 2901 5049 Συμῦἀτιος
2921 4979 2948 5030 6
2990 4976 3263 5047 Ἁρμένης
3291 4976 3396 5029 ὑπὸ
3423 4976 3696 5031 Μαλεῖνου
3726 4980 3783 5031 ἐν

500 5071 742 5119 testaceo
771 5060 1075 5126 thurihulo,
1107 5070 1166 5116 ut
1188 5062 1237 5123 ei
1281 5064 1408 5120 thus
1437 5062 1700 5129 adoleret,
1728 5062 1959 5135 Peganis
1979 5079 2094 5118 ma,

2210 5070 2464 5142 Κελτζινῇ
2503 5072 2559 5124 ἐν
2590 5067 2895 5139 πανδοχείῳ
2917 5083 2931 5099 σ
2970 5067 3064 5120 καὶ
3093 5067 3389 5136 εἰσήγαγεν
3413 5066 3576 5120 αὑτὸν
3605 5069 3634 5120 ὀ
3661 5068 3783 5121 Μα-

500 5154 665 5209 nibus
704 5156 906 5225 posito.
954 5153 1312 5212 Postmodum
1352 5155 1638 5229 Symhatio
1669 5160 1889 5213 oculum
1923 5174 2092 5213 unum

2210 5166 2366 5229 κεῖνος
2418 5166 2499 5227 εἰς
2528 5163 2620 5217 τὸν
2674 5161 2921 5234 βασιλέα,
2964 5160 3115 5224 ὄντος
3150 5159 3316 5213 αὑτοῦ
3353 5160 3431 5223 εἰς
3464 5160 3557 5213 τὸν
3587 5159 3785 5231 Ἀγιον

498 5245 784 5311 effodiunt,
814 5255 867 5303 et
892 5247 1117 5303 dextera
1154 5251 1274 5317 ejus
1308 5265 1473 5305 manu
1505 5262 1802 5321 amputata,
1836 5253 1901 5307 ad
1928 5252 2093 5309 Lausi

2210 5258 2487 5327 ιὶάμαντα.
2523 5257 2635 5309 Καὶ
2665 5252 2961 5326 προστάξει
2992 5251 3085 5307 τοῦ
3122 5252 3391 5322 βασιλέως
3440 5252 3637 5321 ἄγουσι
3692 5252 3782 5307 τδν

500 5339 671 5393 ardent
699 5348 967 5407 statuunt,
1011 5342 1062 5394 in
1100 5339 1221 5410 ejus
1258 5344 1437 5397 sinnm
1469 5360 1594 5398 vase
1630 5345 1829 5402 locato.
1860 5345 1913 5398 in
1942 5346 2083 5415 quod

2210 5349 2455 5423 Ἱηγάνην
2477 5352 2557 5414 είς
2589 5348 2893 5405 ὑπάνττπσιν
2924 5346 3237 5415 Συμὸατίου
3270 5346 3453 5410 δόντες
3483 5348 3571 5411 είς
3589 5348 3779 5419 χεῖρας

1639 5461 1893 5518 FRANC.
1935 5464 2325 5523 COMBEFlSll
2358 5466 2593 5523 ΝΟΤίΕ.

593 5546 687 5629 4ο)
738 5545 934 5631 Putem
990 5563 1215 5631 saccum
1266 5551 1643 5631 imperatoris
1672 5556 1926 5631 insigne_
1953 5570 2080 5631 eum
2190 5566 2369 5628 puto:
2403 5560 2514 5627 iam
2570 5560 2717 5614 enim
2746 5558 2862 5631 ipse
2909 5559 3279 5631 sibiiMichael
3322 5574 3553 5631 stemma
3590 5562 3773 5620 detra-

502 5616 728 5705 caleeis,
763 5619 977 5703 quibus.
1003 5618 1238 5705 Basilius
1283 5616 1510 5705 indutus
1541 5616 1815 5705 dicitur};
1841 5626 2083 5705 euhion-7
2191 5616 2350 5705 ierat
2374 5616 3216 5705 a'ltari_imponenclum._Legam
3235 5616 3395 5705 ergo,
3415 5616 3553 5704 ἦρεν
3580 5616 3782 5691 rbiter—r6

502 5688 1106 5778 lar-iistsnperinjecta
1159 5694 1410 5778 clamjzde
1450 5711 1465 5749 :
1502 5710 1614 5778 quo
1652 5696 1874 5778 habitu_
1902 5696 2078 5778 grzeei

2210 5701 2437 5778 ιεφαλῆς
2469 5702 2563 5778 τού
2599 5688 2869 5771 βασιλέως
2913 5688 3156 5778 στέμμα,
3187 5688 3472 5778 accepturi;
3494 5706 3569 5778 _de

500 5762 869 5859 illiffl‘antﬂl‘es
902 5762 1107 5833 passim
1164 5762 1343 5819 induti
1390 5762 1693 5822 cernuntur
1732 5768 1876 5841 apud
1912 5767 2082 5824 Chal-
2190 5762 2618 5859 rat'griszcapilé
2650 5762 2898 5855 stemma,
2932 5762 3291 5859 siize'reqiurn
3316 5762 3451 5859 'tulft
3474 5773 3569 5859 lex
3611 5762 3781 5859 altl'ari

2190 5842 2423 5918 scilicet)
2454 5844 2658 5914 ipsique
2699 5843 3010 5918 imperatori
3057 5842 3305 5918 tradidit,
3336 5842 3511 5918 γαύτῷ
3566 5846 3647 5917 τῷ
3681 5847 3783 5918 βα-

2194 5914 2361 5979 σιλεϊ,
2385 5920 2444 5968 ιιι
2473 5928 2669 5986 nempe
2698 5914 2818 5985 ipse
2848 5915 2954 5970 ritu
2985 5916 3288 5973 coronandi
3317 5914 3738 5990 defungeretur.

498 5830 876 5975 co?gl.)cl‘l‘l:ud,
916 5904 1007 5960 καὶ
1034 5900 1169 5978 ἦρεν
1204 5905 1313 5961 ἀπὸ
1330 5908 1425 5979 τῆς
1462 5909 1725 5979 κεφαλῆς,
1759 5888 2081 5968 mendosum
