4046 6302
262 400 428 469 1081

1574 401 2137 464 CHRONOGRAPH
2152 394 2263 465 iA.

3428 384 3573 463 1082

279 521 375 576 τοῦ
404 517 1025 591 Πηγάνηθυμιατῆριον
1057 517 1381 589 οστράκινον
1433 517 1635 589 θυμιᾷν
1670 518 1866 572 αὐτόν·

1986 518 2225 591 quisque.
2262 518 2408 590 quod
2452 524 2768 588 suggereret
2815 514 3037 570 animus
3065 554 3080 578 ,
3119 513 3407 587 mittebat:
3465 513 3571 567 tri-

282 612 378 666 καὶ
408 610 815 680 ἁποτυφλοῦσιν
849 610 1014 666 αὑτὸν
1042 610 1356 679 Συμόάτιον
1380 609 1472 663 τὸν
1520 608 1618 663 ἕνα
1665 609 1869 679 ὀφθαλ-

285 705 407 775 μὸν,
437 704 532 758 καὶ
566 704 899 758 ἐκκόπτουσι
927 704 1022 757 καὶ
1044 704 1145 774 τὴν
1174 703 1354 769 δεξιὰν
1383 701 1548 756 αὐτοῦ
1570 705 1751 773 χεῖρα,
1776 701 1873 756 καὶ

282 797 547 853 ἐκάθισαν
582 797 743 850 αὑτὸν
764 797 846 861 είς
873 796 943 848 τά
972 796 1213 858 Λαύσου.
1250 796 1345 848 καὶ
1378 792 1646 847 δεδώκασι
1679 792 1874 857 σκεῦος

285 891 346 945 ἐν
377 890 457 961 τῷ
490 891 677 962 κόλπῳ
708 889 901 954 αὐτοῦ,
934 891 1025 942 ἵνα
1058 889 1115 952 6;
1146 889 1242 960 ἔχῃ
1278 888 1624 958 προαίρεσιν,
1656 886 1876 960 ὲπιρῤί-

285 1000 398 1057 πτῃ
448 984 599 1054 αὐτῷ
636 1000 708 1036 τι.
770 983 881 1037 Καὶ
939 984 1057 1053 μεθ’
1107 984 1323 1053 ἡμέρας
1387 982 1535 1052 τρεῖς
1587 980 1876 1048 ἀπήγαγον

288 1077 487 1140 αὐτοὺς
547 1081 606 1132 ὲν
667 1081 781 1142 τοῖς
845 1078 997 1141 ἰδίοις
1058 1076 1229 1141 οἴκοις
1283 1075 1501 1147 ἔχοντες
1540 1076 1598 1129 ὲν
1639 1076 1873 1147 φρουρᾷ.

299 1170 359 1225 Ὀ
386 1170 441 1225 δὲ
489 1170 743 1241 βασιλεὺς
782 1170 1002 1242 Μιχαὴλ
1048 1170 1377 1232 ἀποστείλας
1413 1167 1735 1240 μηχανικὸν,
1786 1167 1878 1221 τὸν

288 1262 584 1331 λεγόμενον
613 1262 883 1333 Λάόαριν,
931 1262 1115 1331 ἐξάγει
1150 1263 1562 1316 Κωνσταντῖνον
1612 1260 1702 1313 τὸν
1760 1260 1878 1313 Κα-

289 1356 537 1410 σαλλῐνον
566 1359 629 1410 ὲκ
654 1354 749 1409 τού
781 1356 973 1423 τάφου,
1004 1354 1062 1408 δν
1090 1349 1247 1425 εὗρεν
1274 1354 1421 1425 ὐγιῆ·
1452 1354 1546 1407 καλ⁹
1564 1352 1733 1406 θέλων
1762 1352 1880 1405 είσ-

290 1452 521 1519 αγαγεῖν
555 1450 612 1502 ὲν
650 1450 840 1521 σάκκῳ
870 1449 1003 1519 (ιε),
1040 1449 1135 1502 καὶ
1172 1448 1246 1518 μὴ
1276 1446 1630 1517 χωρούμενον
1692 1444 1880 1499 ἐνετύ-

289 1541 438 1609 λιξεν
464 1542 629 1595 αὐτόν
693 1542 956 1605 ὡσαύτως
991 1541 1082 1595 καὶ
1123 1539 1337 1608 ἰαννῆν
1391 1539 1739 1608 πατριάρχην
1788 1537 1879 1604 ἑξ-

292 1634 503 1705 ήγαγεν
538 1635 602 1688 ὲκ
625 1632 720 1687 τοῦ
747 1633 918 1702 τάφου
959 1630 1076 1701 ἅμα
1110 1631 1186 1697 τῷ
1210 1629 1508 1702 ὠμοφορίῳ
1550 1628 1736 1683 αὐτοῦ.
1769 1630 1879 1683 Καὶ

289 1726 515 1790 τούτους
545 1725 840 1795 προστάξει
870 1722 965 1778 τοῦ
998 1722 1264 1795 βασιλέως
1288 1722 1617 1776 ἀπέκλεισεν
1644 1724 1671 1775 6
1699 1720 1879 1793 ὓπαρ-

290 1836 386 1890 χος
418 1822 479 1875 ὲν
510 1819 589 1891 τῷ
616 1818 956 1891 πραιτωρίῳ,
980 1817 1075 1872 καὶ
1097 1819 1155 1871 ὲν
1182 1820 1248 1888 τῇ
1278 1814 1462 1887 ἡμέρα
1493 1813 1719 1868 ἱππικοῦ
1743 1815 1878 1883 ἀγαο

1980 608 2191 679 busque
2232 609 2423 665 diebus
2475 609 2706 676 peractis
2738 607 2793 662 in
2834 607 3081 677 proprias
3130 607 3324 661 domos
3373 614 3566 661 custo-

1975 698 2203 754 diendos
2226 697 2587 753 adduxerunt.
2616 698 2787 753 Porro
2814 697 3042 752 Michael
3069 697 3366 766 imperator
3396 696 3567 751 misso

1979 793 2187 848 artifice
2221 793 2443 848 nomine
2469 791 2663 847 Labari
2700 791 3122 847 Constantinum
3156 790 3503 847 Caballinum
3537 805 3569 845 c

1980 888 2232 956 sepulcro
2280 885 2493 951 eduxit,
2523 885 2683 954 cujus
2713 886 2945 941 cadaver
2974 901 3168 940 sanum
3211 895 3266 940 et
3292 866 3595 939 incolume.

1982 983 2202 1053 reperit,
2255 981 2549 1050 volensque
2584 994 2743 1034 sacco
2786 979 3203 1046 circumponere
3229 1018 3245 1043 ,
3281 994 3404 1033 cum
3448 977 3570 1047 capi

1980 1090 2089 1130 non
2123 1081 2327 1145 posset,
2358 1073 2742 1129 circumvolvit
2773 1072 2927 1126 illud.
2963 1070 3156 1126 Janem
3197 1072 3569 1142 patriarchanl

1981 1167 2187 1237 pariter
2208 1180 2316 1221 una
2343 1180 2467 1219 cum
2504 1164 2665 1233 pallio
2703 1172 3058 1218 monumento
3086 1164 3270 1218 eruit:
3306 1177 3427 1218 mox
3464 1164 3571 1216 im-

1982 1258 2250 1327 peratoris
2280 1259 2551 1314 sententia
2581 1257 2875 1326 praefectus
2904 1257 2955 1311 in
2982 1256 3222 1327 praetorii
3256 1255 3571 1312 carceribus

1984 1351 2227 1411 inclusit,
2261 1360 2314 1406 et
2349 1351 2590 1417 equestri
2623 1350 2926 1405 certamine
2955 1350 3233 1406 celebrato
3264 1349 3573 1403 denudatos

1982 1443 2303 1497 verberibus
2350 1441 2575 1504 afﬂixit.‘
2602 1454 2657 1498 et
2710 1445 2778 1500 ad
2834 1442 3171 1499 Amastriaui
3214 1442 3396 1497 locum
3444 1457 3573 1498 ossa

1983 1554 2174 1593 eorum
2214 1539 2382 1593 missa
2417 1539 2745 1596 combussit.
2781 1537 2822 1592 E
2857 1538 3038 1593 loculo
3075 1552 3206 1593 vero
3238 1537 3573 1609 Copronymi

1986 1630 2143 1683 viridi
2191 1644 2463 1683 marmore
2504 1639 2624 1685 arte
2668 1632 2805 1687 mira
2840 1631 3165 1701 composito,
3200 1639 3257 1686 et
3299 1646 3448 1686 serra
3479 1646 3576 1700 per

1984 1724 2267 1778 columnas
2296 1721 2463 1795 468
2502 1724 2679 1780 scisso
2731 1726 2992 1796 repagula
3024 1725 3076 1780 in
3131 1724 3467 1781 monasterio
3504 1725 3575 1780 ab

1983 1831 2050 1869 eo
2080 1817 2145 1870 ad
2179 1815 2339 1871 Phari
2377 1817 2638 1887 palatium
2672 1819 2893 1873 condito
2921 1816 3179 1873 confecit.

290 1915 401 1985 γὼν
455 1915 675 1977 αὐτοὺς,
711 1914 805 1967 καὶ
839 1909 1246 1983 ἀπογυμνώσας
1304 1909 1467 1978 ἔτυψε
1516 1907 1855 1979 μαγγλάὸια,
1897 1909 1993 1961 καὶ
2034 1912 2103 1963 τά
2162 1911 2296 1965 ὀστᾶ
2332 1912 2512 1965 αὐτῶν
2546 1912 2881 1981 ἀποστείλας
2927 1913 3273 1966 κατέκαυσεν
3339 1912 3399 1966 ὲν
3460 1913 3574 1966 τοῖς

303 2007 729 2079 Ἀμαστριανοῦ.
748 2008 859 2077 Τὴν
882 2006 938 2060 δὲ
959 2006 1205 2075 λάρνακα
1225 2004 1321 2057 τοῦ
1342 2002 1614 2075 Κοπρωνύ
1624 2020 1725 2074 μου
1758 2002 2046 2077 πράσινον
2063 2000 2231 2058 οὖσαν
2270 2006 2367 2060 καὶ
2407 2004 2729 2078 θαυμαστὴν
2758 2005 3055 2077 διαπρίσας
3083 2004 3341 2075 ἐποίησεν
3377 2002 3577 2072 στήθεα

290 2107 348 2159 ὲν
397 2104 477 2175 τῷ
526 2106 617 2158 ὑπ’
673 2103 839 2157 αὐτοῦ
894 2100 1168 2155 κτισθέντι
1215 2098 1327 2171 ναῷ
1380 2101 1440 2152 ὲν
1494 2098 1572 2169 τῷ
1628 2097 1881 2167 παλατίῳ
1922 2100 1980 2152 ἐν
2030 2100 2110 2173 τῷ
2146 2101 2330 2174 Φάρῳ.
2538 2081 2544 2087 ν

372 2197 674 2269 Ἐγεννήθη
697 2197 751 2250 δὲ
785 2196 941 2252 Λέων
972 2195 1000 2248 6
1034 2192 1287 2265 βασιλεὺς
1323 2193 1387 2248 ὲκ
1412 2191 1631 2262 Μιχαὴλ
1664 2192 1760 2246 καὶ
1784 2193 1883 2245 Εὖ-

2064 2195 2331 2250 Caeterum
2367 2195 2663 2267 imperator
2694 2194 2804 2253 Leo
2842 2211 2906 2252 ex
2943 2196 3203 2253 Michaeie
3247 2204 3301 2252 et
3332 2195 3573 2253 Eudocil

289 2291 475 2356 δοκίας
523 2291 625 2361 τῆς
664 2286 962 2357 ἰγγιρίνης
1013 2285 1094 2339 ἔτι
1121 2286 1406 2355 περιόντος
1436 2283 1606 2338 αὐτοῦ
1647 2283 1740 2339 τοῦ
1771 2285 1883 2340 Μι-

292 2383 455 2456 χαὴλ,
494 2381 666 2453 μηνὸς
722 2381 984 2452 τετάρτου
1018 2378 1129 2449 (45)
1166 2376 1380 2451 πρώτῃ,
1419 2376 1753 2439 ἱνδικτιῶνος
1795 2383 1878 2432 ιε’,

302 2477 595 2547 Ἐποίησεν
619 2474 676 2528 δὲ
727 2471 953 2526 ἱππικὸν
979 2471 1008 2524 6
1040 2469 1293 2542 βασιλεὺς
1337 2472 1395 2522 ὲν
1443 2468 1523 2538 τῷ
1551 2467 1717 2538 Ἀγίῳ
1761 2469 1883 2522 Md-

294 2589 459 2643 μανι-ι
485 2568 756 2632 ἱππεύσας
788 2567 1023 2637 βένετος.
1057 2564 1469 2627 Κωνσταντῖνος
1496 2563 1551 2616 δὲ
1598 2562 1626 2616 6
1657 2561 1717 2627 ἐξ
1761 2562 1882 2633 Ἀρ-

293 2664 517 2737 μενίων,
534 2664 561 2715 6
580 2662 760 2733 πατὴρ
776 2660 949 2729 Θωμᾶ
969 2658 1255 2729 πατρικίου
1283 2657 1377 2711 καὶ
1400 2656 1668 2726 γενεσίου,
1690 2656 1885 2729 δρουγ-

291 2758 487 2830 γάριος
522 2757 598 2810 ὢν
645 2755 742 2823 τῆς
774 2752 965 2823 βίγλας
1001 2751 1201 2805 ἵππευε
1237 2749 1452 2815 λευκὸς,
1513 2748 1774 2819 πράσινος
1824 2746 1882 2801 δὲ

295 2855 528 2907 ἵππευεν
574 2848 946 2918 Ἀγαλλιανδς,
1000 2844 1215 2918 ρουσίος
1265 2845 1375 2898 δὲό
1407 2845 1655 2915 Κρασᾶς.
1705 2842 1881 2914 Νική-

296 2957 491 3003 σαντος
511 2939 569 2993 δὲ
596 2938 693 2992 τοῦ
719 2937 1009 3009 βασιλέως.
1042 2936 1134 2990 καὶ
1162 2936 1252 2988 ἐπὶ
1274 2934 1492 2988 δείπνου
1524 2932 1886 2997 καθεσθέντος
1908 2944 1930 2978 ο

296 3034 410 3102 ἅμα
426 3032 693 3101 Βασιλείῳ
711 3033 801 3084 καὶ
827 3030 1061 3100 Εύδνικίᾳ
1089 3028 1507 3092 Βασιλισκιανδς
1536 3028 1565 3080 6
1591 3026 1883 3095 πατρίκιος

296 3125 485 3196 ἐπῄνει
517 3125 608 3177 τδν
644 3122 869 3195 βασιλέα
920 3122 996 3185 ὡς
1046 3120 1263 3188 εὐφυῶς
1294 3118 1566 3174 ἐλάσαντα
1600 3120 1657 3171 ἐν
1686 3116 1883 3189 reap-

301 3232 451 3285 ματι.
488 3213 690 3267 Τοῦτον
743 3211 1045 3278 ἀναστῆναι
1099 3208 1365 3273 κελεύσας
1425 3209 1454 3261 6
1508 3206 1765 3276 βασιλεὺς
1816 3206 1883 3259 τά

295 3306 535 3375 τξαγγία
567 3304 734 3359 αὐτοῦ
784 3302 1089 3376 προσέταξε
1147 3302 1315 3370 σῦραι
1348 3301 1442 3354 καλ⁸
1486 3296 1881 3369 ὑποδήσασθαι.

298 3402 403 3454 Τοῦ
432 3402 487 3455 δὲ
505 3398 859 3461 ἀνανεύοντος
883 3396 1130 3466 καὶπρὸς
1149 3395 1432 3447 Βασίλειον
1454 3392 1657 3446 ἀποϐλέ
1668 3408 1881 3457 ποντος,

298 3494 355 3546 ὲν
386 3492 544 3563 θυμῷ
575 3490 945 3561 προσέταττεν
971 3488 998 3541 6
1028 3487 1280 3558 βασιλεὺς
1305 3484 1463 3539 τοῦτο
1494 3486 1741 3554 ποιῆσαι.
1774 3482 1882 3535 Τιῦ

1984 2285 2235 2357 lngerina
2265 2296 2422 2341 natus
2442 2296 2549 2347 est.
2571 2288 2866 2357 superstite
2886 2288 3066 2343 adhuc
3082 2287 3369 2352 Michaele,
3400 2287 3576 2357 prima

1986 2380 2196 2437 mensis
2223 2381 2403 2451 quarti
2436 2381 2544 2445 die,
2570 2381 2871 2437 indictione
2901 2382 3117 2437 decima
3144 2382 3358 2452 quinta.
3392 2379 3577 2449 Eque-

1985 2484 2128 2530 stres
2158 2488 2320 2543 porro
2351 2474 2530 2538 ludos,
2574 2474 2691 2543 ipse
2743 2485 2954 2529 veneta:
2984 2474 3208 2529 factioni
3243 2489 3581 2530 annumera-

1987 2578 2095 2629 tus.
2128 2565 2193 2621 ad
2226 2566 2475 2622 sanctum
2512 2564 2843 2623 Mamantem
2892 2568 3187 2637 imperator
3215 2567 3406 2623 edidit.
3432 2566 3588 2623 Con-v

1986 2661 2264 2717 stantinus
2306 2671 2511 2726 autem,
2556 2678 2622 2718 ex
2677 2663 2928 2719 Armenis
2981 2665 3296 2732 oriundus,
3352 2663 3580 2721 Thema

1985 2754 2197 2824 patricii
2229 2764 2282 2809 et
2331 2756 2602 2825 generalis
2651 2754 2940 2827 logothelae
2988 2766 3163 2827 pater,
3218 2758 3576 2814 excubiarnm

1984 2846 2317 2918 drungarius
2360 2847 2505 2905 inter
2551 2849 2676 2905 illos
2723 2849 2899 2906 Albus
2947 2850 3235 2920 equitavit,
3278 2850 3577 2920 Agalianus

1985 2939 2252 3009 equitavit
2283 2938 2570 3005 Prasinus,
2608 2942 2713 2997 hoc
2758 2953 2845 2998 cst
2880 2943 3094 3010 viridis,
3126 2942 3327 2999 Crasas
3355 2946 3575 3000 tandem

1986 3032 2240 3089 Russius.
2261 3034 2599 3104 lmperatore
2618 3035 2895 3090 declarato
2927 3036 3155 3093 victore.
3187 3048 3241 3092 et
3267 3037 3332 3092 ad
3364 3053 3577 3093 cmnam

1988 3143 2093 3181 una
2126 3142 2251 3182 cum
2282 3125 2487 3181 Basilio
2516 3136 2569 3183 et
2606 3127 2845 3183 Eudocia
2891 3127 3116 3184 sedente
3137 3171 3151 3187 .
3181 3126 3579 3187 Basiliscianus

1987 3221 2285 3290 patricius,
2323 3220 2395 3276 ob
2424 3237 2650 3277 currum
2706 3222 2775 3277 ab
2808 3238 2877 3277 co
2918 3222 3151 3279 solerter
3194 3234 3426 3288 rectum,
3476 3225 3582 3279 im-

1989 3323 2291 3384 peratorem
2344 3313 2618 3370 laudabat.
2687 3314 2824 3369 Eum
2878 3317 3177 3382 imperator
3225 3332 3475 3388 surgere,
3526 3327 3583 3373 et

1989 3406 2301 3476 imperiales
2334 3422 2527 3463 ocreas
2562 3407 2870 3473 detrahere,
2910 3418 2965 3462 et
2998 3407 3228 3465 induere
3262 3409 3448 3479 jussit.
3484 3408 3582 3465 Illo

1989 3508 2274 3565 renuente,
2310 3509 2365 3555 et
2410 3500 2463 3553 in
2505 3500 2773 3555 Basilium
2810 3502 3003 3556 oculos
3036 3500 3383 3572 conjiciente,
3410 3501 3583 3570 impe-

298 3587 351 3641 δὲ
383 3585 668 3640 Βασιλείου
698 3581 1044 3644 ὲπινεύοντος
1082 3578 1255 3647 αὐτῷ,
1288 3579 1595 3650 ὑπεδήσατο
1629 3577 1699 3630 τὰ
1721 3573 1883 3643 τζαγ-

1990 3599 2141 3643 rator
2177 3605 2299 3644 eum
2335 3588 2520 3643 furore
2566 3590 2639 3643 ita
2678 3590 2793 3645 ﬁeri
2830 3591 3133 3646 mandavit.
3163 3594 3453 3647 Annuente
3476 3591 3581 3647 Ba-

298 3680 413 3749 γία.
447 3677 593 3746 Ἔφη
625 3677 678 3730 δὲ
707 3678 734 3729 6
759 3674 1013 3745 βασιλεὺς
1047 3672 1166 3743 μεθ’
1193 3673 1360 3743 ὅρκου
1378 3670 1457 3741 τῷ
1489 3668 1778 3739 Βασιλείῳ,
1810 3667 1883 3731 ὡς

311 3774 484 3843 ’Υπὲρ
518 3774 576 3826 σε
607 3772 829 3827 κάλλιον
865 3770 1015 3840 αὐτῷ
1050 3768 1375 3839 πρέπουσιν.
1408 3769 1498 3835 Μὴ
1522 3767 1632 3838 γὰρ
1658 3768 1759 3820 οὐκ
1777 3765 1885 3836 ἔχω

301 3865 661 3933 ὲξουσίαν,ὡς
690 3866 749 3917 σὲ
772 3864 995 3934 βασιλέα
1027 3862 1282 3930 ἐποίησα,
1318 3863 1413 3914 καὶ
1440 3860 1599 3914 ἄλλον
1624 3864 1882 3931 ποιῆσαι;

301 3964 393 4015 καὶ
430 3960 720 4030 ὠργίζετο.
756 3958 897 4011 κατά
939 3955 1223 4009 Βασιλείου
1260 3949 1623 4025 θυμούμενος.
1670 3953 1884 4022 Δακρύ-

300 4073 433 4110 ουσα
457 4055 515 4108 δὲ
545 4056 577 4125 ἡ
614 4052 845 4107 Εύδοκία
881 4052 984 4121 ἔφη
1020 4050 1096 4120 τῷ
1130 4048 1368 4120 βασιλεῖ·
1398 4049 1471 4101 Τὸ
1495 4049 1590 4118 τῆς
1608 4047 1886 4113 βασιλείας

301 4148 538 4218 ἀξίωμα,
583 4145 820 4199 δέσποτά
852 4162 975 4215 μου,
1035 4145 1175 4214 μέγα
1199 4142 1368 4201 ἐστὶν,
1401 4141 1495 4195 καὶ
1526 4140 1759 4208 ἀναξίως
1791 4143 1886 4193 καὶ

301 4243 462 4311 ἡμεῖς
508 4238 742 4308 ἐτιμήθη
753 4254 874 4307 μεν,
906 4238 1000 4291 καὶ
1024 4236 1086 4289 ού
1115 4233 1324 4289 δίκαιόν
1351 4237 1471 4287 ἐστι
1524 4236 1885 4305 καταφρονεί-

306 4340 428 4389 σθαι
471 4334 623 4388 αὐτὸ.
666 4334 727 4406 Ὀ
762 4333 818 4385 δὲ
879 4330 1135 4401 βασιλεὺς
1166 4326 1351 4383 εἶπεν⁶
1406 4329 1498 4401 Μὴ
1541 4329 1712 4383 λυποῦ
1758 4328 1887 4400 περὶ

305 4428 492 4481 τούτου
512 4444 526 4457 ·
552 4428 642 4479 καὶ
684 4424 793 4495 γὰρ
825 4424 1027 4477 καὶτὸν
1056 4423 1477 4477 Βασιλισκιανὸν
1504 4421 1731 4493 βασιλέα
1749 4420 1888 4473 θέλω

306 4522 550 4591 ποιῆσαι.
590 4518 873 4581 Βασίλειος
921 4517 978 4570 δὲ
1015 4518 1072 4568 ἐν
1130 4515 1287 4585 θυμῷ
1334 4514 1427 4568 καὶ
1474 4514 1619 4584 λύπῃ
1673 4512 1886 4583 μεγάλῃ

305 4613 545 4681 γέγονεν.
584 4608 926 4675 Ἑξελθὸντος
948 4608 1004 4661 δὲ
1032 4608 1121 4661 τοῦ
1142 4607 1410 4672 βασιλέως
1434 4608 1491 4658 ὲν
1520 4606 1597 4675 τῷ
1624 4606 1885 4676 κυνηγίῳ,

310 4705 540 4776 μοναχός
595 4721 680 4766 τις
712 4702 1033 4773 ὑπαντήσας
1076 4701 1308 4754 δέδωκεν
1339 4698 1491 4771 αύτῷ
1543 4701 1753 4769 χάρτην
1789 4698 1887 4767 τὴν

305 4797 427 4851 κατ’
475 4794 643 4852 αύτοῦ
699 4794 1081 4866 μελετωμένην
1114 4791 1408 4862 ἐπιϐουλὴν
1463 4790 1568 4844 ὑπὸ
1602 4789 1886 4842 Βατιλείου

1987 3680 2132 3746 silio,
2190 3694 2384 3735 ocreas
2435 3680 2750 3750 imposuit:
2821 3681 2896 3734 ait
2937 3696 3069 3735 vero
3116 3682 3339 3744 Basilio,
3403 3682 3574 3739 Deum

1988 3764 2294 3827 obtestatus
2340 3774 2634 3843 imperator
2669 3791 2682 3827 :
2746 3771 2949 3830 Melius.
2988 3774 3063 3828 illi
3100 3790 3267 3844 quam
3315 3776 3413 3831 tibi
3447 3792 3582 3832 con.

1987 3875 2190 3935 gruunt
2220 3882 2233 3918 :
2266 3864 2534 3935 numquid
2556 3868 2724 3931 enim,
2758 3876 2818 3919 ut
2848 3875 2900 3920 te
2933 3866 3213 3931 constitui,
3248 3868 3414 3922 alium
3442 3869 3582 3937 pari-

1990 3966 2072 4012 ter
2121 3958 2504 4026 imperatorem
2553 3960 2775 4014 creandi
2829 3960 2959 4014 mihi
3007 3969 3250 4030 potestas
3294 3959 3425 4016 est?
3458 3958 3583 4016 Haec

1988 4051 2176 4106 dicens
2202 4051 2280 4105 ira
2304 4052 2507 4107 sensim
2534 4052 2587 4104 in
2614 4050 2877 4107 Basiliam
2904 4050 3314 4108 exardescebat.
3345 4053 3582 4109 Eudocia

1988 4162 2117 4201 vero
2148 4148 2460 4217 lacrymans
2489 4148 2810 4215 imperatori
2843 4146 2979 4201 dicit
3012 4165 3026 4201 :
3069 4147 3289 4217 Imperii
3320 4147 3580 4218 dignitas,

1986 4239 2209 4293 domine
2239 4237 2334 4303 mi,
2370 4248 2634 4307 prmstans
2657 4248 2760 4297 est.
2787 4247 2841 4293 et
2870 4254 2931 4293 ea
2958 4253 3057 4293 nos
3084 4237 3291 4309 indigni
3325 4239 3579 4294 honorati

1988 4346 2183 4387 sumus
2207 4347 2222 4385 :
2248 4346 2424 4401 neque
2440 4331 2586 4384 illam
2613 4342 2963 4386 contemnere
2975 4330 3185 4401 justum
3207 4330 3586 4402 est.-Bespnn-

1987 4425 2066 4480 dit
2097 4425 2391 4495 imperator
2420 4441 2433 4478 :
2466 4423 2541 4479 Ne
2559 4440 2723 4494 super
2746 4424 2851 4480 hoc.
2880 4425 3136 4485 tristeris,
3162 4424 3578 4481 Basilisciauuru

1989 4516 2055 4571 ad
2084 4516 2372 4586 imperium
2407 4532 2731 4585 promovere
2761 4518 2978 4573 animus
3000 4528 3103 4572 est.
3140 4518 3311 4575 Porro
3342 4517 3581 4574 Basilius

1991 4609 2070 4664 ira
2116 4620 2169 4663 et
2223 4624 2461 4664 maerore
2503 4625 2700 4679 magno
2754 4610 3056 4665 tenebatur.
3117 4609 3353 4681 Egresso
3398 4620 3578 4667 autem

1993 4701 2306 4772 imperatori
2344 4702 2409 4756 ad
2442 4703 2771 4769 venandum,
2814 4712 3117 4758 monachus
3153 4704 3378 4773 quidam
3412 4704 3580 4759 char-

1992 4803 2102 4848 tam
2134 4811 2238 4863 qua
2284 4794 2497 4849 insidia:
2529 4810 2559 4849 a
2603 4793 2804 4849 Basilio
2846 4803 3051 4861 parata:
3085 4795 3374 4864 descriptae
3423 4804 3583 4850 erant

309 4888 458 4963 [add.
492 4884 823 4960 μηνύονταῙ.
864 4888 928 4939 Ὃ
964 4887 1229 4954 ἀναγνοὺς
1264 4886 1357 4937 καὶ
1389 4882 1665 4953 θυμωθεὶς
1687 4880 1883 4953 μελετᾷ

1996 4888 2237 4944 tradidit.
2274 4887 2346 4942 Ea
2382 4888 2540 4948 lecta.
2572 4891 2698 4943 etin
2722 4890 2963 4943 furorem
2995 4905 3205 4954 versus,
3231 4890 3283 4943 in
3321 4889 3581 4945 Basilium
3657 4941 3662 4947 .

306 4982 447 5035 κατά
480 4979 783 5034 Βασιλείου.
826 4978 938 5047 Τῆς
956 4977 1012 5031 δὲ
1056 4976 1261 5048 μητρὸς
1286 4975 1451 5031 αὐτοῦ
1484 4973 1766 5043 Θεοδώρας
1792 4990 1888 5025 κα-

306 5074 544 5143 λεσάσης
592 5069 941 5142 τὸνβασιλέα
991 5072 1072 5133 εἰς
1121 5070 1188 5123 τὰ
1227 5067 1532 5137 Ἀνθεμίου,
1565 5064 1886 5119 ἀπέστειλεν

308 5167 399 5220 τὸν
430 5166 745 5219 Ῥεντάκιον
771 5165 861 5217 τὸν
887 5162 1391 5234 πρωτοϐεστιάριον
1424 5160 1589 5215 αὑτοῦ
1621 5160 1758 5231 μετά
1792 5162 1889 5214 καὶ

310 5261 517 5331 ἑτέρων
554 5258 863 5331 ἀνθρώπων
892 5257 1109 5311 οίκείων
1144 5255 1333 5321 αὑτοῦ,
1372 5258 1508 5325 πρὸς
1535 5255 1595 5309 τδ
1624 5253 1890 5326 θηρεῦσαί

310 5370 384 5419 τι,
413 5355 508 5407 καὶ
533 5351 852 5408 ἀποστεῖλαι
890 5353 956 5423 τῇ
982 5350 1153 5422 μητρὶ
1202 5348 1387 5403 αὑτοῦ.
1432 5350 1488 5401 '0
1513 5348 1569 5401 δὲ
1611 5348 1891 5412 Βασίλειος

1998 4978 2365 5034 machinatur.
2410 4981 2577 5035 Matre
2626 4992 2805 5034 autem
2849 4979 3135 5035 Theodora
3194 4980 3582 5051 imperatorem

1997 5070 2066 5125 ad
2110 5072 2384 5126 Anthemii
2415 5073 2558 5127 mdes
2601 5074 2924 5138 advocante,
2963 5070 3287 5128 Rentacium
3324 5081 3583 5142 protove-

1997 5162 2245 5217 stiarium
2296 5180 2423 5218 cum
2476 5165 2793 5220 domesticis
2839 5166 2981 5228 aliis,
3019 5174 3077 5219 ut
3125 5173 3476 5225 venarentur,
3529 5174 3584 5219 et

1998 5256 2117 5325 ipse
2141 5258 2303 5312 matri
2334 5258 2576 5325 offerret,
2613 5261 2783 5314 misit.
2818 5259 3050 5315 Basilius
3088 5267 3269 5313 autem
3313 5259 3583 5314 adversus

1996 5347 2322 5405 Michaelem
2367 5351 2585 5407 facinus
2627 5352 2893 5418 Struebat,
2929 5362 2981 5408 et
3024 5351 3298 5423 profundo
3347 5366 3589 5409 mterore

1481 5487 1730 5544 FRANC.
1765 5437 2153 5548 COMBEft‘ISil
2195 5494 2427 5551 NOTAE.

386 5607 497 5683 (42)
560 5606 752 5683 Valens
798 5623 967 5683 sacco‘
1017 5607 1266 5683 indutum
1312 5605 1646 5673 producere;
1698 5607 1883 5683 tunica

2058 5614 2169 5683 (43)
2208 5612 2348 5675 Lege.
2368 5612 2727 5683 Δεκεμϐρίου,
2756 5614 2927 5683 prima
2953 5612 3036 5666 die
3062 5608 3368 5683 Decembris
3392 5623 3410 5662 :
3442 5606 3585 5663 male

318 5676 531 5756 scilicet
561 5678 857 5756 imperiali.
890 5678 967 5756 uti
1006 5681 1171 5756 etiam
1211 5676 1419 5734 Jannes
1450 5694 1575 5756 eum
1610 5677 1883 5756 archiepi-

1991 5676 2161 5753 μηνός
2188 5684 2478 5756 τετάρτου,
2510 5676 2930 5756 ac:fallentibr_ts
2961 5682 3140 5756 oculis
3172 5701 3184 5734 :
3219 5679 3311 5749 qui
3348 5687 3404 5756 et
3423 5693 3582 5756 com-

319 5750 529 5837 scopali
588 5746 769 5837 pa_l|_io_
796 5751 1007 5837 tu'tpulo
1033 5752 1263 5837 eductus
1304 5759 1405 5837 est,
1453 5746 1570 5817 ἅμα
1620 5746 1888 5837 τῷ.ὠμο-
1987 5746 2338 5837 pu'ti_inodtts'
2368 5746 2531 5837 quam
2583 5754 2828 5812 Hebraeis
2865 5753 3177 5816 familiaris,
3215 5746 3324 5805 tam
3364 5749 3583 5805 Graecis

320 5819 529 5893 φορίῳο
566 5831 626 5875 ιιι
652 5821 812 5875 hisin
833 5820 994 5876 Circo
1022 5822 1251 5877 solemni
1287 5821 1587 5893 ritu_e_xuta
1619 5819 1889 5875 cadavera
1987 5819 2236 5882 insolens
2266 5819 2504 5884 exsistit.

322 5888 661 5965 vapularent,
691 5906 756 5947 ac
784 5900 896 5949 tum
913 5903 1308 5960 cremarentur,
1335 5890 1411 5946 uti
1441 5888 1645 5949 factum
1668 5896 1773 5947 est.
