4046 6302
470 327 611 392 1083

1716 328 1995 394 LEONIS
2028 328 2517 413 GRAMMATICI

3611 317 3749 385 Ῑθϐδ

469 438 900 511 deprimebatur.
930 438 1012 495 Ad
1051 452 1265 498 cenam
1297 455 1426 497 vero
1449 440 1670 498 sedente
1701 443 2053 514 imperatore,

2174 439 2589 505 τυνεσκευάςετο
2606 433 2747 492 κατὰ
2764 435 3008 509 Μιχαὴλ,
3031 434 3127 491 καὶ
3139 430 3207 507 ἦν
3231 431 3564 507 σκυθρωπὸς
3584 434 3746 492 πάνυ.

472 534 716 592 Eudocia
770 531 1032 590 Basiliam
1064 535 1315 592 invitavit
1361 545 1420 592 ut
1459 538 1889 594 convivaretur:
1935 548 2051 592 tum

473 630 802 700 imperatore
842 627 970 691 vino
1007 643 1130 685 sese
1179 630 1572 701 ingurgitante,
1613 631 1849 688 Basilius
1894 631 2054 703 quasi

475 723 801 779 necessitate
827 721 1027 779 ductus
1066 723 1119 778 in
1153 725 1464 781 cubiculum
1495 727 1725 784 interius
1761 737 2054 798 penetrans

476 831 710 880 serram,
733 833 855 872 cum
887 818 1104 874 validus
1141 828 1309 885 esset,
1346 821 1601 882 turbavit.
1637 822 1775 876 adeo
1804 832 1861 877 ut
1899 831 2051 894 porta

474 907 702 962 nnuime
728 908 908 964 claudi
937 919 1122 980 posset
1146 927 1159 941 ο
1193 919 1246 965 et
1276 911 1557 981 digressus
1579 928 1703 968 eum
1725 913 2056 983 imperatore

476 997 544 1051 ad
575 1011 789 1053 coenam
823 999 1192 1055 recumbebat.
1228 1000 1530 1068 Imperator
1551 1001 1665 1072 jam
1698 1004 2052 1071 temulentus,

477 1099 532 1142 et
577 1088 822 1161 lngerina
872 1107 970 1161 pro
1016 1108 1165 1147 more
1207 1093 1255 1148 ei
1305 1094 1610 1150 collatante
1654 1111 1976 1166 exsurgens,
2022 1112 2050 1151 a

480 1178 683 1237 Basilio
719 1197 881 1236 manu
911 1181 1234 1246 ducebatur,
1266 1193 1319 1237 et
1354 1183 1408 1237 in
1439 1185 1715 1254 penetrale
1745 1165 2054 1250 accedebat,

478 1269 636 1343 cujus
675 1286 895 1328 manum
936 1288 1059 1328 cum
1102 1275 1453 1331 deosculatus
1473 1286 1621 1332 esset
1651 1276 1908 1344 Basilius,
1939 1279 2056 1335 dis-

480 1364 667 1421 cessit.
715 1366 858 1420 Intra
889 1367 1202 1423 cubiculum
1251 1367 1600 1439 imperatoris
1655 1371 1815 1442 jussu
1843 1388 2058 1428 recum-

477 1458 769 1516 cumbebat
817 1459 1210 1517 Basiliscianus
1265 1477 1462 1519 somno
1519 1475 1778 1534 gravatus
1821 1467 1876 1521 in
1916 1467 2058 1522 lecto

481 1548 724 1608 Reutaeii
767 1552 833 1608 ad
864 1553 985 1623 ejus
1014 1554 1342 1611 custodiam.
1389 1556 1633 1627 lgnatius
1671 1557 1836 1631 469
1875 1570 2057 1617 autem

478 1643 852 1704 cubicularius
891 1647 959 1702 ad
992 1647 1218 1718 jauuam
1255 1649 1494 1706 cubiculi
1536 1652 1899 1709 obserandam
1931 1669 2060 1726 pro-

477 1754 722 1809 gressus,
753 1741 1039 1798 confusam
1071 1745 1294 1814 reperit.
1320 1743 1501 1812 Quare
1522 1748 1575 1800 in
1618 1749 2056 1817 desperationem

477 1830 700 1896 ductus,
741 1832 972 1900 capillos
1011 1834 1115 1889 sibi
1151 1833 1381 1900 vellens,
1413 1834 1468 1890 in
1506 1835 1648 1890 lecto
1678 1835 1922 1892 sedebat.
1954 1833 2064 1890 lm-

480 1933 730 1993 pcratore
773 1941 902 1981 vero
941 1942 1196 1982 somnum
1238 1927 1403 1982 morti
1445 1931 1928 1999 quamproximum
1968 1929 2070 1986 ob-

479 2018 804 2078 dormiente.
843 2021 1136 2091 derepente
1176 2020 1413 2077 Basilius
1444 2038 1569 2078 eum
1603 2022 1729 2079 aliis
1769 2023 2068 2081 adveniens

473 2112 679 2180 jahuas
708 2113 920 2183 aperuit
955 2129 972 2169 :
1025 2113 1380 2171 tremefactus
1409 2113 1651 2184 lgnatius
1686 2115 1739 2171 in
1771 2117 2066 2174 adversum

480 2205 798 2273 obstitit,ne
822 2205 1062 2264 Basilius
1081 2208 1333 2265 intraret.
1361 2207 1556 2265 Petrus
1585 2219 1767 2266 autem
1799 2210 2071 2284 Bulgarus

481 2296 588 2353 sub
614 2298 796 2354 Basilii
831 2301 995 2357 axilla
1027 2300 1300 2371 irrepens,
1320 2311 1374 2356 et
1397 2301 1462 2357 ad
1491 2301 1839 2374 imperatoris
1865 2305 2069 2360 lectum

483 2402 800 2462 penetrans,
829 2393 899 2448 ab
927 2390 1138 2466 lgnatio
1171 2395 1316 2450 vires
1346 2395 1603 2451 adversas
1639 2405 1949 2467 opponente
1972 2397 2069 2452 de-

482 2492 670 2540 tentus
718 2493 823 2550 est,
881 2499 945 2541 ex
1006 2502 1114 2558 quo
1157 2501 1387 2543 somnus
1435 2485 1782 2560 imperatoris
1838 2490 2075 2550 solutus.

482 2572 724 2632 Joannes
761 2591 891 2632 vero
924 2577 1188 2634 Chaldius
1230 2579 1387 2652 plaga
1419 2581 1597 2651 gladio
1640 2582 1842 2637 inflicta
1874 2598 2088 2640 manus-

482 2661 605 2731 ejus
645 2664 900 2732 abscidit,
946 2664 1254 2724 Jacobitzes
1295 2685 1427 2724 vero
1470 2681 1522 2726 et
1559 2672 1724 2727 Persa
1759 2670 2074 2729 Basiliscia-

486 2771 616 2810 num
647 2770 780 2813 ense
809 2759 1151 2816 vulneratum
1182 2762 1372 2820 electo
1404 2765 1457 2819 in
1483 2766 1855 2835 pavimentum
1884 2768 2073 2824 detur-

485 2849 705 2906 barunt.
742 2850 1020 2909 Marianus
1046 2865 1251 2921 autem,
1284 2867 1337 2913 et
1366 2867 1520 2928 pater
1548 2856 1734 2924 Basilii
1759 2857 1986 2928 Bardas,
2018 2873 2072 2918 et

482 2940 879 3000 Constantinus
907 2945 1150 3004 Toxaras
1177 2950 1398 3005 stabant
1425 2933 1560 3007 foris
1595 2954 1644 3006 in
1681 2955 1931 3012 excubiis
1957 2976 1969 3011 :
1996 2957 2071 3013 ita

485 3045 548 3091 ut
577 3036 1002 3096 domesticorum
1035 3045 1219 3098 nullus
1245 3085 1259 3110 ,
1291 3061 1413 3115 qua
1445 3061 1569 3101 cum
1613 3046 1874 3105 Michaele
1915 3066 2073 3122 gere-

489 3127 708 3198 bantur,
737 3133 987 3190 resciret.
1022 3135 1093 3190 At
1129 3137 1399 3207 conjurati
1433 3153 1556 3194 cum
1594 3139 1797 3196 Basilio
1818 3143 2027 3200 collecti
2054 3165 2068 3202 :
2099 3172 2142 3232 ο

491 3219 639 3276 Licet
687 3237 886 3280 manus
936 3225 1055 3297 ejus
1116 3227 1583 3298 praesciderimus,
1640 3232 1830 3290 vivum
1887 3243 2072 3291 tamen

488 3312 836 3385 reliquimus.
872 3317 1131 3374 dixerunt
1164 3335 1180 3374 :
1207 3321 1252 3375 si
1282 3321 1634 3393 superfuerit,
1683 3341 1847 3394 quam
1880 3326 2073 3384 defen-

489 3404 700 3462 sionem
737 3407 1114 3470 habebimus?
1162 3413 1284 3469 Mos
1322 3414 1588 3474 Chaldius
1627 3417 1891 3475 Basilium
1941 3436 2074 3492 pro;

492 3498 792 3557 meriturus
852 3501 999 3559 intro
1062 3521 1391 3575 regressus,
1444 3508 1767 3568 Micliaelem
1831 3517 2075 3585 prazcisis

493 3593 747 3650 manibus
784 3594 851 3650 de
873 3595 1078 3652 Basilio
1105 3601 1308 3657 misere
1326 3614 1750 3674 conquerentem
1782 3607 1904 3662 etin
1935 3609 2076 3666 lecto

486 3683 760 3756 jaceutem
796 3691 1018 3761 reperit,
1054 3702 1106 3747 et
1137 3695 1444 3750 districtum
1475 3698 1716 3770 gladium
1751 3701 1804 3756 in
1840 3702 2078 3771 impera-

495 3777 629 3837 toris
650 3795 746 3838 cor
767 3783 1063 3840 crudeliter
1095 3786 1299 3857 adegit,
1322 3799 1374 3845 et
1399 3789 1656 3848 intestina
1680 3793 1795 3863 ejus
1813 3794 2026 3850 discidit
2059 3814 2073 3852 :

494 3889 859 3945 reversusque
883 3876 949 3932 ad
987 3876 1246 3934 Basilium
1277 3878 1646 3952 gloriabatur,
1671 3885 1828 3955 quasi
1861 3884 2077 3946 facinus

493 3968 771 4038 egregium
830 3979 1122 4039 patrasset.
1180 3973 1530 4044 Tempestate
1581 3985 1764 4033 autem
1826 3979 1880 4034 in
1936 3982 2075 4036 mari

491 4073 708 4130 exorta,
741 4079 848 4119 uua
878 4068 1263 4123 convenientes
1294 4069 1363 4124 ad
1391 4068 1614 4134 fretum,
1643 4071 1888 4142 illudque
1919 4073 2074 4144 traji-

494 4155 719 4219 cientcs.
747 4157 813 4212 ad
841 4157 1052 4230 Eulogii
1076 4162 1259 4218 Persa
1283 4163 1426 4220 aedes
1452 4163 1873 4230 descenderunt,
1901 4182 2078 4239 eoque

494 4260 800 4322 assumpto,
835 4251 902 4306 ad
955 4253 1174 4308 Marium
1205 4253 1541 4312 deﬂexeruut
1570 4273 1587 4312 :
1634 4272 1905 4325 muroque
1939 4275 2077 4326 eon-

497 4359 729 4414 seenso,
763 4347 830 4401 ad
863 4345 1125 4418 palatium
1171 4363 1344 4420 usque
1399 4360 1687 4407 venerunt.
1735 4351 1866 4407 Erat
1913 4367 2080 4423 porro

499 4439 684 4495 tabula
716 4441 983 4498 obturans
1004 4459 1248 4509 murum,
1279 4460 1441 4513 quam
1473 4443 1708 4501 Basilius
1746 4445 2079 4502 manuteutis

2170 535 2291 588 Ἐπὶ
2312 533 2534 589 δείπνου
2566 531 2622 586 δὲ
2643 530 2735 584 τοῦ
2771 529 3039 601 βασιλέως
3070 528 3451 594 καθεσθέντος,
3474 542 3751 598 προσεκα-

2157 625 2352 681 λέσατο
2373 625 2602 679 Εύδοκία
2622 623 2732 695 (44)
2756 623 2849 676 καὶ
2867 622 3152 676 Βασίλειον
3172 621 3562 692 συνδειπνῆσαι
3581 619 3746 690 αὐτῷ.

2158 716 2267 771 Τοῦ
2293 718 2350 770 δὲ
2392 715 2659 787 βασιλέως
2687 713 2815 785 οἴνῳ
2857 712 3040 786 πολλῷ
3069 713 3452 785 χρησαμένου,
3507 712 3755 775 ἀναστὰς

2159 809 2440 873 Βασίλειος
2480 810 2554 872 ὡς
2592 809 2681 863 δια
2729 825 2849 862 τινα
2896 808 3088 879 χρείαν
3126 808 3184 860 ὲν
3229 806 3309 879 τῷ
3361 807 3605 873 κοιτῶνι,
3639 805 3755 860 δια·

2162 902 2384 973 στρέφει
2414 901 2482 955 τὰ
2511 902 2738 971 κλεῖθρα
2768 902 2992 963 δυνατὸς
3012 901 3110 965 ὢν,
3130 901 3206 965 ὡς
3248 900 3321 972 μὴ
3349 899 3630 956 κλείεσθαι
3657 899 3757 972 τὴν

2160 993 2355 1066 θύραν.
2412 994 2524 1049 Καὶ
2574 993 2826 1048 ἀπελθὼν
2860 994 3200 1048 συνεδείπνει
3251 994 3417 1048 πάλιν
3485 995 3624 1064 μετὰ
3659 993 3754 1047 τοῦ

2163 1087 2448 1159 βασιλέως.
2509 1087 2618 1142 Τοῦ
2658 1088 2714 1141 δὲ
2770 1087 3038 1158 βασιλέως
3076 1089 3218 1142 πάνυ
3273 1087 3614 1152 οἱνωθέντος,
3657 1088 3759 1160 τῆς

2173 1181 2499 1252 Ἰγγερίνης,
2548 1181 2623 1244 ὼς
2677 1181 2819 1244 ἔθος,
2851 1180 3002 1252 αύτῷ
3037 1182 3476 1252 συγχαιρούσης,
3515 1183 3761 1248 ἀναστὰς

2160 1275 2381 1350 Μιχαὴλ
2427 1274 2957 1348 χειροκρατούμενος
3002 1275 3152 1346 παρὰ
3189 1275 3480 1329 Βασιλείου
3511 1276 3760 1347 ἀπῆλθεν

2163 1373 2223 1428 ιν
2262 1370 2340 1445 τῷ
2362 1371 2604 1434 κοιτῶνι,
2635 1364 2696 1424 οὒ
2735 1372 2834 1441 τὴν
2856 1373 3018 1444 χεῖρα
3050 1371 3285 1442 φιλήσας
3317 1370 3544 1442 ἐξῆλθεν
3588 1371 3762 1426 Βασί-

2162 1465 2328 1532 λειος.
2355 1463 2614 1521 Ἕνδοθεν
2637 1464 2696 1518 δὲ
2729 1463 2826 1519 τοῦ
2852 1463 3113 1530 κοιτῶνος
3159 1460 3227 1537 ἢν
3250 1465 3671 1530 Βασιλισκιανδς
3690 1468 3760 1537 τῇ

2162 1558 2412 1615 κελεύσει
2449 1557 2544 1614 τοῦ
2570 1556 2838 1628 βασιλέως
2867 1557 3126 1623 ὑπνώσας
3153 1559 3214 1615 ὲν
3236 1561 3303 1633 τῇ
3335 1557 3496 1632 κλίνῃ
3531 1559 3761 1614 Ῥεντα-

2165 1652 2285 1705 κίου
2338 1650 2479 1722 πρὸς
2511 1648 2762 1721 φυλακὴν
2793 1650 2981 1707 αὑτοῦ.
3025 1651 3289 1723 Ἰγνάτιος
3339 1651 3397 1705 δὲ
3429 1652 3763 1723 κοιτωνίτης

2164 1743 2419 1800 ἀπελθὼν
2461 1741 2560 1798 τοῦ
2598 1742 2816 1798 κλεῖσαι
2857 1744 2957 1816 τὴν
2984 1742 3160 1817 θύραν
3209 1744 3306 1799 τοῦ
3340 1744 3600 1810 κοιτῶνος
3630 1740 3764 1816 εὗρε

2166 1835 2647 1908 διεστραμμένηνο
2705 1835 2802 1890 καὶ
2853 1834 3134 1906 ἀπογνοὺς
3185 1834 3460 1906 ἑκαθέσθη
3508 1837 3602 1890 ἐπὶ
3661 1839 3764 1907 τῆς

2167 1926 2361 1999 κλίνης
2411 1926 2606 1983 τίλλων
2651 1927 2751 1993 τὰς
2803 1925 3000 1997 τρίχας
3036 1923 3228 1982 αὑτοῦ.
3261 1923 3370 1980 Τοῦ
3405 1926 3460 1980 δὲ
3494 1925 3763 1998 βασιλέως

2169 2017 2339 2074 ὕπνον
2381 2017 2601 2091 θανάτῳ
2646 2017 3036 2090 παραπλήσιον
3091 2016 3444 2088 κοιμωμένου
3471 2057 3486 2081 ,
3545 2016 3764 2090 ἀθρόως

2169 2111 2343 2167 ἐλθὼν
2359 2110 2638 2175 Βασίλειος
2665 2109 2806 2184 μετὰ
2826 2111 2922 2165 καὶ
2949 2109 3154 2181 ἐτέρων
3178 2111 3275 2176 τὰς
3300 2109 3473 2182 θύρας
3492 2110 3730 2181 ἀνέῳξεν
3746 2127 3760 2142 ·

2170 2206 2268 2263 καὶ
2293 2205 2533 2279 ἔμφοϐος
2563 2205 2802 2272 ἐξελθὼν
2841 2205 3104 2276 Ἰγνάτιος
3135 2206 3470 2261 ἀντέπιπτεν
3492 2207 3766 2279 Βασιλείῳ

2175 2300 2250 2372 μὴ
2298 2297 2582 2353 εἰσελθεῖν.
2617 2298 2824 2371 Πέτρος
2867 2297 2926 2350 δὲ
2963 2299 3006 2356 ,ὁ
3035 2296 3350 2369 Βούλγαρος
3379 2297 3468 2352 διὰ
3513 2297 3618 2368 τῆς
3668 2297 3765 2353 τοῦ

2171 2390 2458 2447 Βασιλείου
2490 2391 2781 2464 μασχάλης
2820 2388 3048 2444 διελθὼν
3082 2390 3223 2461 πρὸς
3271 2391 3373 2463 τὴν
3430 2389 3621 2463 κλίνην
3669 2389 3765 2446 τοῦ

2173 2483 2438 2558 βασιλέως
2468 2483 2746 2556 ἐκρατήθη
2777 2483 2933 2557 παρὰ
2972 2482 3264 2552 Ἰγνατίου,
3299 2484 3393 2537 καὶ
3413 2484 3771 2538 ἀντιπῖπτον.

2171 2596 2264 2643 σος
2288 2577 2458 2650 αὐτῷ,
2513 2578 2744 2646 ἔξυπνος
2789 2578 3006 2646 ἐγένετο
3035 2579 3067 2645 δ
3093 2576 3350 2650 βασιλεύς
3376 2594 3390 2608 ·
3433 2579 3694 2649 Ἰωάννης
3709 2579 3767 2633 δὲ

2171 2675 2202 2727 ὀ
2227 2672 2432 2736 Χάλδος
2459 2671 2710 2744 παρευθὺ
2743 2670 2883 2743 μετὰ
2914 2671 3011 2726 τοῦ
3035 2672 3226 2742 ξίφους
3251 2671 3378 2737 δοὺς
3436 2670 3609 2744 αὐτῷ,
3663 2676 3770 2727 ἀπ-

2173 2764 2376 2836 έκοψεν
2409 2764 2512 2829 τὰς
2540 2767 2734 2836 χεῖρας
2763 2763 2952 2820 αὐτοῦ.
2989 2763 3344 2834 Ἰακωόίτξης
3374 2764 3429 2819 δὲ
3454 2765 3549 2819 καὶ
3572 2767 3600 2820 ὁ
3629 2767 3774 2838 Πέρ-

2175 2869 2275 2925 σης
2298 2852 2408 2926 (45)
2435 2853 2527 2906 τὸν
2560 2852 2980 2909 Βασιλισκιανδν
3011 2852 3156 2925 ξίφει
3187 2854 3501 2922 τρώσαντες
3529 2855 3770 2930 ἔρριψαν

2174 2945 2340 3000 αὑτὸν
2367 2945 2576 3000 ἄνωθεν
2600 2947 2774 3012 κάτω,
2826 2947 3106 3021 Μαριανὸς
3143 2947 3203 3002 δὲ
3236 2949 3332 3003 καὶ
3355 2949 3572 3021 Βάρδας
3601 2951 3632 3004 δ
3668 2969 3775 3006 πα-

2173 3039 2280 3110 τὴρ
2315 3038 2622 3105 Βασιλείου,
2676 3039 2771 3094 καὶ
2804 3041 3217 3105 Κωνσταντῖνος
3249 3043 3279 3097 δ
3318 3040 3591 3115 Τοξαρᾶς,
3620 3038 3771 3100 οὗτοι

2179 3129 2396 3184 ἵσταντο
2435 3129 2572 3200 πρὸς
2602 3131 2852 3204 φυλακὴν
2882 3131 3084 3198 ἔξωθεν
3107 3149 3123 3166 ·
3159 3133 3254 3188 καὶ
3281 3133 3456 3199 οὐδεὶς
3482 3133 3594 3189 τῶν
3630 3136 3769 3208 μετὰ

2175 3223 2399 3296 Μιχαὴλ
2425 3224 2568 3294 ἔγνω
2583 3223 2952 3296 τὰιγινὸμενα.
2976 3210 3466 3298 Συναθροισθὲντες
3479 3229 3536 3284 δὲ
3561 3231 3610 3284 οί
3631 3234 3770 3302 μετὰ

2175 3317 2456 3371 Βασίλειον
2481 3315 2788 3389 [Βασιλείου
2827 3316 3068 3392 Davom]
3102 3317 3183 3372 ὅτι
3223 3319 3286 3373 El
3316 3322 3409 3374 καὶ
3454 3323 3556 3384 τὰς
3581 3325 3770 3394 χεῖρας

2176 3406 2343 3463 αὑτοῦ
2379 3409 2679 3480 ὲκόψαμεν,
2705 3408 2884 3478 ζῶντα
2917 3409 3083 3464 αὑτὸν
3108 3408 3397 3480 εἰάσαμεν.
3427 3413 3539 3467 K:‘t
3572 3415 3672 3467 ἐὰν
3701 3413 3769 3485 ζῇ

2173 3500 2228 3554 τί
2256 3500 2748 3573 ἀπολογησόμεθα;
2787 3503 2897 3557 Καὶ
2927 3501 3294 3575 χαριζόμενος
3327 3503 3406 3575 τῷ
3440 3505 3713 3579 Βασιλείῳ
3743 3509 3773 3560 ὁ

2175 3594 2406 3659 Χάλδος,
2457 3595 2809 3667 ὑποστρέψας
2853 3587 2980 3667 εὗρε
3025 3595 3245 3666 Μιχαὴλ
3299 3598 3489 3669 χεῖρας
3529 3598 3631 3669 μὲν
3691 3601 3772 3670 μὴ

2178 3685 2393 3759 ἔχοντα.
2423 3689 2514 3742 ἐπὶ
2542 3689 2644 3759 τῆς
2665 3689 2857 3759 κλίνης
2875 3689 2930 3743 δὲ
2953 3688 3207 3761 κείμενον
3233 3689 3773 3762 ὲλεεινο).ογούμενον

2179 3783 2320 3840 κατὰ
2350 3782 2649 3838 Βασιλείου.
2665 3782 2724 3836 '0
2740 3782 2796 3835 δὲ
2817 3783 2876 3836 τὸ
2899 3782 3051 3852 ξίφος
3075 3785 3283 3854 γυμνὸν
3301 3785 3542 3857 ἀνηλεῶς
3569 3786 3774 3858 ἔπηξεν

2180 3873 2323 3928 κατά
2354 3873 2453 3944 τῆς
2486 3873 2718 3942 καρδίας
2742 3873 2838 3926 τοῦ
2881 3872 3150 3944 βασιλέως
3191 3875 3479 3947 διασχίσας
3507 3877 3573 3932 τὰ
3605 3877 3775 3948 ἔγκα-

2179 3982 2247 4020 τα
2286 3965 2584 4029 αὑτοῦ,κα“ι
2622 3967 2882 4038 στραφεὶς
2905 3967 3241 4038 ὲνεκαυχᾶτο
3279 3968 3414 4040 πρὸς
3466 3970 3772 4037 Βασίλειον,

2181 4057 2258 4121 ὡς
2278 4059 2677 4131 ἀνδραγάθημα
2699 4060 3039 4132 πεποιηκώς.
3063 4061 3350 4126 Κλύδωνος
3365 4063 3421 4117 δὲ
3442 4063 3595 4130 ὄντος
3623 4067 3681 4119 ὲν
3706 4070 3771 4141 τῇ

2182 4149 2426 4222 θαλάσσῃ
2474 4150 2957 4222 συναθροισθέντες
2992 4152 3270 4225 κατῆλθον
3322 4155 3485 4228 μέχρι
3541 4155 3635 4212 τοῦ
3673 4177 3773 4227 περ

2184 4246 2456 4318 ράματος.
2509 4247 2602 4300 καί
2644 4248 3083 4318 διαπεράσαντες
3141 4245 3308 4322 ἦλθον
3356 4253 3438 4317 είς
3477 4253 3569 4309 τὸν
3621 4253 3774 4312 οἷκον

2183 4340 2441 4410 Εὐλογίου
2475 4340 2568 4396 τοῦ
2598 4342 2834 4412 Πέρσου,
2868 4343 2957 4395 καὶ
2996 4343 3190 4396 τοῦτον
3241 4343 3475 4416 ἄραντες
3499 4341 3664 4418 ἦλθον
3691 4351 3774 4412 είς

2180 4434 2247 4486 τὰ
2289 4433 2568 4505 Μαρίνης,
2622 4435 2718 4486 καὶ
2749 4433 3065 4498 ἀνελθόντες
3120 4435 3212 4489 διὰ
3238 4435 3332 4491 τοῦ
3363 4439 3580 4508 τείχους
3608 4436 3775 4514 ἦλθον

496 4535 790 4592 comitibus
842 4537 1060 4594 duobus
1102 4538 1336 4609 impacta
1384 4539 1536 4594 calce
1587 4538 1878 4608 coofregit,
1917 4547 1971 4593 et
2013 4539 2071 4595 ad

2192 4527 2356 4597 μέχρι
2384 4526 2479 4579 τοῦ
2510 4526 2801 4581 παλατίου.
2835 4527 2984 4593 Πλὰξ
3011 4528 3068 4581 δὲ
3102 4524 3171 4601 ἦν
3207 4531 3665 4602 περιφράσσουσα
3713 4535 3776 4588 τὸ

499 4636 711 4698 portam
741 4630 922 4699 palatii
955 4630 1279 4700 penetravit.
1320 4631 1460 4686 Tum
1497 4629 1758 4702 Eulogius
1787 4630 1956 4689 Persa
1989 4646 2083 4702 pa-

499 4715 605 4771 tria
637 4717 816 4789 lingua
864 4717 1170 4774 Artabast
1209 4720 1583 4775 heta‘riarchae
1622 4721 1841 4777 locutus
1872 4729 1978 4782 est.
2021 4723 2079 4775 ut

500 4809 727 4867 Michael
760 4812 939 4883 gladio
966 4813 1171 4869 interiit
1206 4832 1219 4867 :
1246 4823 1431 4882 atque,
1460 4813 1648 4885 Aperi,
1674 4814 1874 4886 inquit,
1909 4816 2083 4884 impe-

502 4902 690 4955 ratori.
720 4901 1062 4959 Artabasdus
1085 4904 1150 4958 ad
1192 4905 1409 4974 papiam
1456 4905 1818 4968 contendens.
1851 4903 2083 4961 sublatis

501 4993 553 5048 si
590 4993 658 5049 ab
693 5011 759 5049 eo
801 4997 1068 5064 clavibus,
1113 4997 1314 5053 Basilio
1361 4997 1593 5068 aperuit.
1634 4996 1784 5052 intro
1830 5005 2082 5066 receptus

501 5086 740 5144 Basilius
762 5088 946 5159 palatii
980 5090 1160 5145 claves
1189 5091 1340 5158 tulit,
1371 5102 1424 5146 et
1447 5090 1770 5164 Gregorium
1806 5090 2080 5146 Philemo-

503 5178 590 5232 nis
620 5177 849 5245 dictum,
876 5182 1097 5252 papiam
1138 5198 1298 5239 mane
1322 5183 1581 5239 instituit.
1612 5182 1915 5239 Confestim
1949 5198 2082 5238 vero

501 5271 571 5326 ad
611 5271 875 5328 Sanctum
913 5275 1241 5333 Mamantem
1292 5279 1464 5339 misit.
1513 5287 1565 5333 et
1607 5276 1903 5334 Eudoeiam
1952 5293 2079 5333 cum

504 5361 678 5420 multo
721 5377 985 5437 apparatu
1038 5369 1091 5424 in
1137 5369 1398 5440 palatium
1436 5369 1662 5425 intulit:
1701 5368 1871 5425 misso
1913 5372 2079 5424 etiam

2187 4624 2390 4691 τεῖχος,
2423 4620 2517 4674 καὶ
2550 4622 2836 4693 κρατήσας
2872 4620 3149 4684 Βασίλειος
3190 4622 3284 4676 δύο
3312 4623 3420 4678 τῶν
3460 4627 3580 4695 μετ’
3605 4625 3773 4681 αὑτοῦ

2187 4712 2377 4777 ὄντων,
2413 4711 2506 4767 καὶ
2533 4713 2798 4776 λακτίσας
2837 4712 3104 4780 κατέαξεν
3131 4714 3233 4785 τὴν
3271 4714 3476 4780 πλάκα,
3513 4716 3610 4769 καὶ
3657 4719 3771 4772 είσ-

2188 4807 2318 4878 ἦλθε
2360 4807 2526 4879 μέχρι
2587 4808 2690 4878 τῆς
2739 4808 2918 4879 πύλης
2967 4805 3063 4862 τοῦ
3097 4808 3380 4864 παλατίου.
3432 4809 3692 4878 Εὺλόγιος
3717 4811 3772 4863 δὲ

2191 4901 2409 4972 Πέρσης
2440 4899 2623 4954 ἐλάλει
2652 4904 2719 4973 τῇ
2749 4899 2918 4954 αὑτοῦ
2951 4898 3166 4971 γλιῦττη
3209 4900 3565 4974 ’Δρταόάσδῳ
3620 4904 3772 4958 ἑται-

2193 4997 2415 5068 ριάρχῃ.
2442 4996 2518 5059 ὡς
2545 4994 2765 5067 Μιχαὴλ
2798 4994 2943 5067 ξίφει
2977 4995 3332 5065 ἐτελεύτησεν
3350 5012 3364 5026 ·
3386 4995 3503 5056 καὶ.
3523 4995 3773 5063 Ἀνοιξον

2187 5089 2280 5143 τὸν
2305 5087 2529 5160 βασιλέα
2551 5087 2649 5159 [τῷ
2671 5085 2933 5159 βασιλεῖ].
2957 5087 3068 5142 Καὶ
3094 5089 3122 5141 ὁ
3162 5086 3216 5140 Ἀ
3228 5086 3530 5158 ρτάὁασδος
3553 5088 3771 5160 εἰσδρα-

2193 5183 2310 5254 μὼν
2334 5181 2473 5254 πρὸς
2500 5180 2589 5234 τὸν
2617 5181 2854 5242 παπίαν,
2883 5181 2977 5233 καὶ
3002 5178 3142 5250 ἄρας
3176 5179 3271 5233 ἀπ’
3305 5179 3469 5234 αὐτοῦ
3495 5179 3593 5244 τὰς
3623 5181 3773 5244 κλεῖς

2191 5274 2401 5348 βιαίως,
2436 5272 2645 5345 ἦνοιξεν
2686 5271 2778 5325 τδν
2827 5271 3109 5326 Βασίλειον
3308 5270 3623 5345 Βασιλείῳ].
3661 5273 3772 5327 Καὶ

2189 5366 2480 5437 γενόμενος
2532 5360 2744 5417 ἔνδοθεν
2779 5362 3060 5427 Βασίλειος
3086 5357 3187 5434 ἦρε
3229 5363 3328 5426 τὰς
3364 5363 3512 5428 κλεῖς
3541 5363 3637 5418 τοῦ
3668 5382 3770 5418 πα-

1637 5531 1893 5588 FRANC.
1928 5512 2321 5588 consensu
2361 5527 2593 5585 nom.

578 5643 687 5718 (44)
721 5645 1171 5718 Προσεζαλέσατο
1198 5646 1481 5718 Εμύδςίκίαν,
1511 5647 1757 5704 invitavit
1790 5649 2071 5718 imperator

2184 5643 2504 5718 Eudociau}.
2541 5645 2701 5718 Cujus
2736 5645 3290 5718 oecasione_vucntiis
3326 5643 3586 5718 Basilius.

497 5714 803 5773 Eudocian'i
826 5726 875 5771 et
912 5716 1196 5772 Basiliam.
1234 5715 1392 5780 Male,
1424 5733 1488 5772 ac
1518 5730 1710 5774 contra
1734 5714 1874 5775 cod.
1894 5719 2077 5785 fidem,

2187 5726 2189 5728 ’
2258 5716 2393 5789 (ιιι)
2434 5714 2592 5789 Hunc
2621 5715 2853 5789 Persam
2878 5717 2995 5789 ipsa
3043 5715 3146 5789 hac
3187 5729 3307 5789 pag.
3345 5713 3628 5789 Eulogium
3661 5729 3767 5789 ap.

507 5787 763 5852 Εὑδοκία,
798 5787 1041 5843 Eudocia
1071 5788 1338 5861 Basiliam
1389 5790 1650 5861 invitavit.
1694 5790 1815 5848 Non
1860 5783 2079 5861 poterat
2185 5783 2571 5860 pel'lat.'cu]us
2630 5802 2797 5843 sitasu
2832 5783 3408 5861 Aftabasdus‘palatii
3470 5785 3614 5840 fores
3660 5783 3766 5837 Bu-

509 5863 603 5919 ille
654 5875 871 5917 amores
907 5874 1038 5917 suos
1072 5860 1165 5916 diu
1219 5860 1476 5918 absentes
1527 5859 1689 5930 ferre,
1736 5877 1798 5921 ac
1832 5855 2074 5920 scortum
2186 5855 2309 5918 silio
2336 5855 2572 5931 aperuit,
2598 5861 2818 5931 vimque
2853 5855 3233 5934 papi:e~fecit.i
