4072 6296
294 397 424 465 i085

1587 392 2272 454 CIIRONOGRAPHIA.

3417 383 3555 448 1086

286 538 464 592 λατίου
494 536 586 591 ιπι
605 551 819 608 χειρας,
845 533 938 586 καὶ
960 535 1026 603 τῇ
1055 529 1224 585 ἔωθεν
1248 527 1551 601 Γρηγόριον
1572 529 1866 599 λεγόμενον

1984 528 2181 585 loanne
2244 529 2535 599 pra'posito
2589 527 3036 601 Decapolitissam
3083 529 3150 582 ad
3196 526 3444 600 proprios
3473 543 3567 596 pa.

285 632 369 685 τδν
403 630 706 700 Φιλήμονος
751 627 974 700 εποίησε
1029 624 1264 679 παπίαν.
1304 624 1563 694 Παρευθῦ
1615 623 1673 676 δὲ
1720 624 1861 677 ἀπο-

285 723 488 778 στέλλει
521 724 581 775 ιν
617 719 695 792 τῷ
731 719 898 790 ’Δγίῳ
932 719 1216 788 Μάμαντι.
1247 716 1342 770 καὶ
1375 717 1671 788 εἰσήγαγεν
1702 715 1868 770 Εὔδο-

286 819 405 873 κίαν
435 819 535 888 τὴν
566 816 661 870 τοῦ
696 817 947 886 Ἰγγερος
983 812 1124 884 μετά
1151 811 1309 881 δόξης
1345 811 1550 879 πολλῆς
1578 813 1635 863 ὲν
1657 809 1734 880 τῷ
1762 826 1870 863 πα-

1977 634 2160 680 rentes
2181 622 2396 690 retulit;
2419 621 2587 676 Paulo
2609 637 2828 692 quoque
2849 621 3208 686 cubiculario,
3231 630 3292 676 ut
3324 617 3565 674 Michaeo

1978 716 2087 772 lem
2117 718 2391 786 sepeliret,
2424 715 2724 769 mandavit.
2763 712 2895 769 illuc
2925 715 3042 784 ipse
3077 712 3359 784 profectus
3387 709 3565 767 dextri

1978 811 2106 877 equi
2138 824 2250 878 quo
2271 807 2570 862 vehebatur
2602 807 2848 876 stragulo
2875 805 3177 860 involutum
3198 803 3484 872 comperit,
3512 809 3568 856 et

285 912 469 980 λατίῳ.
515 910 834 964 Ἀπέστειλε
881 907 938 960 δὲ
971 907 1066 960 καὶ
1093 906 1350 975 Ἰωάννην
1378 905 1739 972 πραιπόσιτον
1770 901 1866 957 τοῦ

1984 903 2181 956 viscera
2209 900 2340 956 foris
2372 900 2692 968 pendentia:
2729 897 3056 969 feminisque
3087 896 3565 953 lamentatricibus

289 1000 412 1075 ἆραι
441 1002 540 1072 τὴν
568 1000 1061 1063 Δεκαπολίτισσαν,
1103 999 1196 1051 καὶ
1235 998 1372 1067 πρὸς
1405 997 1534 1058 τοὺς
1579 995 1746 1056 ἰδίους
1774 1010 1870 1065 yo-

1972 1002 2027 1047 et
2055 993 2238 1047 luctus
2269 1006 2521 1061 pompam
2546 1007 2715 1060 super
2737 1007 2802 1045 eo
2837 991 3218 1054 celebraturis,
3258 1000 3564 1057 matreque,

290 1099 391 1160 νεῖς
423 1097 677 1162 ἀγαγεῖν.
716 1090 1030 1146 Ἀπέστειλε
1067 1089 1124 1144 δὲ
1153 1089 1243 1142 καὶ
1296 1088 1512 1143 Παῦλον
1547 1085 1868 1155 κοιτωνίτην

1984 1094 2024 1140 3t
2063 1087 2347 1140 sorOribus
2370 1083 2533 1154 470
2566 1083 2866 1148 advocatis,
2903 1083 2956 1137 in
2989 1082 3294 1137 naviculam
3341 1079 3568 1150 imposi-

285 1189 374 1243 τοῦ
416 1188 748 1258 ἐνταφιάσαι
795 1183 1036 1256 Μιχαὴλ.
1075 1184 1184 1236 Καὶ
1219 1180 1471 1236 ἀπελθὼν
1511 1173 1670 1249 εὗρεν
1703 1179 1868 1232 αὐτὸν

1984 1193 2086 1235 tum
2120 1181 2186 1236 ad
2223 1180 2579 1251 Chrysopolis
2612 1180 3004 1234 monasterium
3058 1178 3236 1247 trajici
3285 1174 3564 1248 praecepit,

288 1281 729 1350 ξιτετυλιγμένον
775 1279 834 1331 ὲν
867 1277 945 1348 τῷ
978 1276 1281 1346 σαγίσματι
1333 1274 1428 1328 τοῦ
1469 1273 1648 1338 δεξιοῦ
1674 1273 1868 1334 ἵππου,

1981 1271 2293 1342 ibidemque
2328 1271 2539 1325 tumulo
2571 1271 2850 1326 conditum
2891 1270 3127 1342 sepeliri.

286 1371 343 1431 οὗ
371 1375 626 1447 ἡλαυνεν,
651 1373 747 1428 καὶ
764 1373 832 1426 τά
863 1371 1068 1440 ἔγκατα
1093 1368 1258 1422 αὐτοῦ
1283 1367 1482 1432 ἔξωθεν
1511 1367 1859 1436 κρεμάμενα.
1905 1363 2076 1434 ’Ἄρας
2107 1364 2164 1416 δὲ
2195 1366 2311 1416 ἐκεῖ
2374 1362 2680 1434 Θρηνούσας
2720 1363 2816 1415 καὶ
2858 1355 3405 1431 ὲλεεινολογουμένας
3476 1357 3549 1411 ὲπ

287 1471 428 1541 αὐτῷ
488 1471 585 1524 καὶ
634 1470 733 1538 τὴν
769 1469 983 1538 μητέρα
1017 1469 1110 1520 καὶ
1157 1467 1254 1528 τὰς
1286 1464 1524 1534 ἀδελφάς
1553 1461 1741 1526 αὐτοῦ,
1811 1461 1906 1515 καὶ
1944 1460 2256 1530 εἰσαγαγὼν
2314 1462 2393 1526 εἰς
2456 1461 2758 1531 πλοιάριον,
2813 1458 3138 1530 διεπέρασεν
3182 1459 3238 1511 ὲν
3284 1456 3353 1527 τῇ
3429 1455 3568 1527 μονῇ

285 1565 380 1635 τῆς
428 1562 1071 1636 Χρυσουπὸλεως,κακεῖ
1125 1561 1288 1614 αὑτὸν
1346 1561 1682 1627 ὲνταφιάσας
1736 1555 1960 1626 ἔθαψεν.

867 1709 1070 1762 ΒΑΣΙΛ
1084 1709 1264 1761 ΕΙΟΣ.

354 1824 634 1889 Βασίλειος
662 1823 1014 1878 ἐϐασίλευσεν
1054 1823 1192 1892 μετὰ
1222 1821 1442 1892 Μιχαὴλ
1471 1821 1593 1882 ἔτος
1622 1818 1702 1882 ἓν,
1762 1817 1866 1888 μῆο

285 1935 377 1981 νας
405 1913 470 1981 6',
501 1917 599 1972 καὶ
657 1916 819 1987 μόνος
861 1915 958 1987 ἐτη
1005 1913 1090 1969 ιϐ’.
1125 1911 1432 1986 Προσέταξε
1463 1912 1519 1966 δὲ
1547 1912 1624 1983 τῷ
1647 1913 1875 1984 ἐπάρχῳ

285 2011 375 2065 καὶ
398 2007 670 2083 Μαριανῷ
708 2008 809 2082 υἱῷ
856 2008 1121 2078 Πετρωνᾶ
1150 2005 1429 2061 συνελθεῖν
1490 2007 1549 2060 ἑν
1592 2003 1670 2076 τῷ
1705 2007 1878 2077 φόρῳ,

2579 1695 2949 1753 B.lSILIUS.

2050 1814 2286 1870 Basilius
2339 1830 2445 1868 una
2501 1829 2627 1868 cum
2694 1811 2961 1866 Michaele
3018 1825 3226 1867 annum
3279 1824 3448 1864 unum
3512 1816 3570 1864 et

1982 1922 2202 1963 menses
2250 1918 2488 1977 quatuor
2532 1905 2845 1976 imperavit,
2877 1913 2933 1959 et
2978 1901 3319 1973 undeviginti
3365 1901 3567 1967 solus;

1986 2002 2242 2073 praefecto
2295 2017 2446 2063 vero,
2479 2009 2532 2054 et
2566 1999 2812 2055 Mariano
2841 1997 3092 2053 Patrona:
3127 1996 3263 2059 llllo.
3300 1996 3366 2051 ad
3389 1994 3568 2050 forum

283 2104 374 2160 καὶ
403 2101 777 2174 ἀναγορεῦσαι
816 2101 957 2172 μετὰ
990 2100 1196 2164 παντὸς
1233 2098 1330 2153 τοῦ
1361 2098 1492 2152 λαοῦ
1526 2097 1688 2168 μόνον
1718 2097 1873 2168 βασι-

1984 2096 2299 2159 convenire.
2331 2105 2384 2149 et
2425 2094 2811 2164 imperatorem
2846 2093 3024 2146 solum
3056 2106 3240 2146 coram
3286 2089 3436 2144 omni
3467 2103 3570 2160 po-

284 2195 396 2250 λὲα.
441 2194 772 2265 Ἀναγκαῖον
805 2193 862 2249 δὲ
888 2193 1186 2266 ἡγησάμην
1209 2190 1422 2263 γράψαι
1455 2192 1550 2246 καὶ
1579 2191 1677 2262 τὴν
1722 2191 1873 2260 παρὰ

283 2286 374 2341 τοῦ
405 2284 547 2340 Θεοῦ
603 2286 907 2356 γενομένην
930 2283 1211 2356 ἐκδίκησιν
1244 2285 1325 2347 είς
1365 2282 1494 2347 τοὺς
1533 2282 1625 2336 τὸν
1653 2280 1876 2352 Μιχαὴλ

282 2378 820 2451 διαχειρισαμένους,
874 2375 970 2432 καὶ
1018 2375 1055 2431 ἃ.
1100 2375 1370 2431 πέπονθεν
1417 2374 1646 2438 ἕκαστος
1697 2373 1878 2428 αὐτῶν

281 2468 562 2541 διαφόροις
585 2472 820 2539 καιροῖς.
853 2469 911 2523 '0
948 2467 1046 2538 μὲν
1066 2464 1423 2539 ἰακωόίτζης
1453 2467 1711 2535 κυνηγῶν
1737 2465 1878 2537 μετὰ

282 2559 371 2615 τοῦ
403 2559 676 2630 βασιλέως
699 2562 756 2613 ὲν
782 2558 863 2632 τῷ
893 2559 1226 2632 Φιλοπατίῳ,
1259 2559 1354 2614 τοῦ
1384 2558 1572 2628 ξίφους
1603 2558 1754 2632 αὑτῷ
1783 2561 1879 2613 ix.

285 2654 545 2719 πεσόντος
581 2651 862 2709 κατελθὼν
897 2651 992 2708 τοῦ
1023 2653 1191 2706 ἵππου
1229 2648 1363 2720 ἆραι
1390 2651 1544 2721 αὐτὸ,
1587 2651 1683 2706 τοῦ
1714 2652 1878 2718 ποδός

283 2746 451 2803 αὐτοῦ
486 2746 564 2820 μὴ
595 2746 904 2816 φθάσαντος
931 2749 998 2819 τῇ
1053 2749 1124 2818 γῇ
1162 2747 1446 2819 ἐπιϐῆναι,
1474 2747 1612 2802 ἀλλὰ
1635 2747 1731 2801 τοῦ
1757 2747 1878 2802 ἑτέ-
1905 2813 1908 2816 γ

287 2854 380 2912 ρου
411 2839 788 2910 κρατηθέντος
832 2839 892 2891 ἐν
944 2841 1007 2909 τῇ
1071 2838 1272 2911 σκάλᾳ,
1339 2837 1593 2908 Θροηθεὶς
1635 2841 1666 2893 ό
1710 2840 1878 2906 ἵππος

282 2931 536 3002 διέσυρεν
564 2931 729 2985 αὑτὸν
761 2933 855 2984 καὶ
882 2931 962 2996 είς
996 2932 1288 3003 φάραγγαν
1316 2934 1410 2986 καὶ
1448 2932 1704 3003 βοθύνους
1735 2932 1880 2987 διελ-

285 3023 413 3094 θὼν,
451 3024 653 3078 τοῦτον
686 3024 916 3096 μεληδὸν
952 3025 1276 3095 κατέκοψεν.
1317 3027 1571 3097 Ἰωάννης
1597 3025 1654 3079 δὲ
1683 3028 1710 3079 6
1731 3027 1877 3081 Χάλ-

278 3114 370 3181 69;
407 3115 799 3189 στρατηλάτης
831 3116 1074 3187 γεγονὼς
1103 3119 1162 3173 εν
1191 3118 1420 3189 Χαλδίᾳ,
1473 3120 1568 3172 καὶ
1599 3121 1878 3191 φωραθεὶς

283 3208 418 3264 κατὰ
434 3209 534 3264 τοῦ
567 3209 834 3283 βασιλέως
867 3210 1131 3281 μελετῶν,
1166 3212 1465 3281 προστάξει
1487 3210 1580 3264 τοῦ
1611 3211 1880 3282 βασιλέως

283 3302 721 3373 ἀνεσκολοπίσθη
749 3303 900 3370 παρὰ
952 3302 1206 3374 Ἀνδρέου
1261 3303 1654 3374 στρατηλάτου.
1721 3305 1780 3357 '0
1821 3303 1880 3358 δὲ

280 3397 578 3467 ἐξάδελφος
614 3396 708 3450 τοῦ
740 3395 1007 3466 βασιλέως
1044 3395 1316 3449 ’Δσυλὲων
1345 3396 1571 3463 ὲξωθεὶς
1601 3396 1754 3468 παρὰ
1780 3397 1875 3452 τοῦ

284 3489 553 3561 βασιλέως
616 3492 673 3542 εν
705 3488 784 3560 τῷ
819 3488 1130 3561 προαστείῳ
1161 3489 1328 3542 αὑτοῦ
1383 3482 1428 3558 ᾧ
1457 3488 1748 3560 ἐπώνυμον
1786 3489 1880 3543 τοῦ
1911 3464 1955 3522 c

281 3584 671 3655 Χαρτοςρύλαν.
699 3583 774 3647 ὡς
804 3581 1020 3653 ἀπηνὴς
1056 3583 1152 3636 καὶ
1192 3582 1342 3653 ὠμὸς
1379 3583 1514 3653 πρὸς
1559 3584 1687 3647 τοὺς
1717 3583 1883 3637 αὑτοῦ

281 3675 504 3740 δούλους
529 3674 630 3740 ὢν,
659 3676 960 3746 μαχαίραις
979 3676 1112 3745 παρ’
1140 3675 1318 3728 αὐτῶν
1347 3679 1407 3729 ἐν
1433 3676 1589 3729 νυκτὶ
1614 3677 1890 3749 ἀνῃρέθη.

283 3767 388 3835 Οὓς
417 3771 447 3824 6
477 3767 742 3840 βασιλεὺς
797 3770 1082 3839 κρατήσας
1104 3809 1118 3833 ,
1156 3768 1251 3821 καὶ
1305 3768 1536 3836 μεληδὸν
1563 3769 1884 3839 κατακόψας

281 3859 630 3916 κατέκαυσεν
653 3859 712 3912 ὲν
744 3860 855 3923 τοῖς
899 3857 1324 3929 Ἀμαστριανοῦ.
1377 3858 1434 3913 Ὀ
1464 3860 1520 3913 δὲ
1562 3860 1887 3933 -Ὰπελάτης

283 3950 437 4021 [alibi
505 3951 848 4023 Ἀπελάκης]
905 3953 933 4007 6
980 3952 1199 4024 Πέρσης
1247 3951 1358 4025 (45)
1413 3952 1884 4025 σκωληκόϐρωτος

281 4049 584 4120 γενόμενος
628 4045 726 4099 τοῦ
783 4046 883 4118 ζῇν
939 4046 1253 4118 ἀπηλλάγη.
1298 4048 1711 4112 Κωνσταντῖνος
1752 4049 1810 4103 δὲ
1855 4049 1883 4101 6

283 4141 532 4214 Τοξαρᾶς
572 4142 658 4203 είς
687 4138 1112 4212 Κιόυῤῥαιώτας
1161 4140 1605 4212 σπαθοκοπηθεὶς
1630 4143 1878 4214 τελευτᾷ.

285 4232 391 4288 Καὶ
419 4232 714 4303 Μαριανδς
767 4232 796 4284 6
835 4230 1064 4301 ἁδελφὸς
1100 4229 1195 4284 τοῦ
1251 4231 1517 4302 βασιλέως
1549 4233 1656 4285 τῶν
1703 4233 1881 4288 ποδῶν

286 4325 626 4398 συντριϐεὶς,
660 4325 725 4378 ὲκ
753 4322 848 4378 τοῦ
875 4323 1044 4377 ῐππου
1078 4320 1284 4388 πεσὼν,
1318 4324 1413 4377 καὶ
1459 4324 1554 4377 τοῦ
1589 4324 1749 4390 ποδὸς
1783 4342 1879 4379 σα-

284 4420 479 4487 πέντος
512 4419 762 4490 σκώληξι
783 4418 1036 4491 τελευτᾷ.
1073 4417 1132 4472 Ὀ
1158 4418 1214 4472 δὲ
1231 4417 1487 4489 βασιλεὺς
1519 4418 1800 4490 προελθὼν
1823 4421 1883 4474 ὲν

285 4514 348 4585 τῇ
375 4513 571 4584 ἡμέρᾳ
600 4512 710 4564 τῶν
737 4509 979 4580 Χριστοῦ
1029 4509 1234 4577 γέννων
1264 4511 1324 4562 ὲν
1349 4511 1416 4580 τῇ
1460 4508 1781 4579 προελεύσει
1801 4512 1881 4572 είς

283 4606 382 4676 τὴν
425 4603 703 4673 Μεγάλην
746 4602 1078 4672 Ἐκκλησίαν
1099 4603 1395 4657 ἐϐάπτισεν
1443 4603 1716 4672 Στέφανον
1769 4603 1882 4657 υἱὸν

287 4696 474 4752 αὑτοῦ.
510 4693 772 4763 Ἀγαγὼν
802 4695 858 4748 δὲ
917 4695 1118 4757 ἵππους
1174 4693 1404 4756 λευκοὺς
1446 4695 1586 4764 μετὰ
1632 4693 1880 4766 ἅρματος

1980 2195 2107 2266 pulo
2137 2194 2455 2249 renuntiare
2480 2193 2670 2263 jussit.
2714 2191 3021 2247 Exercitam
3050 2203 3216 2260 porro
3252 2189 3307 2244 in
3338 2187 3572 2244 Michae-

1978 2287 2046 2341 lis
2075 2285 2378 2358 parricidas
2415 2301 2444 2340 a
2480 2284 2588 2338 Deo
2619 2283 2937 2346 vindictam,
2966 2290 3020 2337 et
3051 2298 3173 2352 qua:
3204 2281 3406 2352 singuli
3434 2290 3573 2336 tem-

1979 2380 2209 2452 poribus
2244 2378 2478 2434 diversis
2519 2375 2665 2447 passi
2717 2373 2954 2438 fuerint,
2992 2372 3197 2429 referre
3232 2387 3412 2444 operae
3449 2387 3574 2444 pre-

1977 2473 2116 2530 tium
2156 2473 2306 2529 duxi.
2341 2470 2648 2526 Jacobitzes
2680 2469 2899 2538 quidem
2937 2468 3078 2523 inter
3111 2465 3423 2521 venandum
3463 2477 3572 2519 una

1979 2584 2108 2623 rum
2145 2567 2474 2638 imperatore
2508 2563 2574 2619 ad
2603 2563 2972 2634 Philopatium
3011 2561 3248 2633 gladium
3282 2560 3337 2614 in
3371 2571 3570 2613 terram

1979 2662 2191 2734 lapsum
2233 2661 2513 2716 levaturus
2562 2674 2628 2712 ex
2673 2657 2818 2728 equo
2871 2655 3127 2711 desiliit:
3189 2669 3422 2724 cumque
3476 2665 3575 2724 pes

1981 2757 2100 2827 ejus
2157 2766 2357 2811 terram
2404 2751 2647 2808 nondum
2706 2749 2997 2821 attigisset.
3049 2749 3226 2803 altero
3277 2747 3331 2803 in
3376 2744 3574 2817 pensili

1982 2845 2245 2902 scandala
2291 2853 2524 2907 retento,
2570 2841 2896 2911 perterritus
2927 2856 3123 2911 equus,
3153 2850 3378 2909 arrepto
3407 2853 3574 2895 cursu

1981 2954 2080 3010 per
2095 2937 2260 2994 valles
2283 2947 2337 2991 et
2353 2934 2650 3008 praecipitia
2678 2934 2863 2998 traxit,
2885 2941 2939 2987 et
2975 2933 3324 2988 membratim
3363 2932 3575 2988 discer-

1983 3031 2111 3101 psit.
2158 3029 2401 3086 Joannes
2456 3028 2720 3084 Chaldins
2779 3025 2986 3096 pariter
3023 3025 3300 3080 exercitus
3351 3024 3459 3081 dux
3517 3023 3572 3079 in

1983 3122 2206 3178 Chaldia
2235 3120 2589 3187 constitutus,
2631 3117 2790 3189 quasi
2826 3125 3016 3172 contra
3045 3118 3429 3186 imperatorem
3458 3129 3575 3170 ma-

1983 3216 2304 3273 chinaretur
2349 3215 2588 3279 delatus,
2645 3210 2992 3282 imperatoris
3037 3208 3198 3281 jussu
3243 3208 3313 3264 ab
3359 3208 3577 3262 Andrea

1984 3311 2194 3367 militias
2262 3309 2534 3379 magistro
2609 3308 2734 3378 palo
2800 3304 2993 3360 afﬁxus
3059 3312 3164 3358 est.
3230 3299 3580 3372 Imperatoris

1985 3402 2251 3476 patruelis
2273 3401 2506 3474 Assyleo
2539 3401 2607 3456 ab
2640 3402 2760 3472 ipso
2787 3402 2840 3455 in
2875 3400 3156 3471 proprium
3193 3398 3576 3455 suburbanum

1989 3498 2212 3554 nomine
2258 3495 2672 3566 Chartophilam
2705 3494 2999 3564 relegatus,
3043 3503 3103 3547 ut
3130 3478 3368 3547 crudelis
3395 3500 3449 3544 et
3492 3490 3579 3545 in-

1988 3595 2266 3647 humanus
2298 3590 2354 3645 in
2381 3588 2739 3654 domesticos,
2771 3597 2932 3643 nocte
2961 3587 3027 3643 ab
3067 3586 3201 3655 ipsis
3223 3583 3417 3656 gladiis
3441 3597 3577 3640 con-

1987 3683 2174 3740 fossus
2218 3681 2426 3736 interiit
2471 3696 2488 3734 :
2543 3695 2638 3735 eos
2691 3679 3067 3749 apprehensos
3123 3684 3179 3731 et
3227 3667 3574 3730 membratim

1985 3778 2239 3833 concisos
2265 3775 2331 3830 ad
2361 3772 2698 3830 Amastriani
2739 3774 3035 3842 imperator
3068 3768 3399 3826 combussit.
3433 3769 3577 3840 Ape-

1987 3872 2126 3926 latcs
2183 3868 2348 3925 Persa
2412 3884 2441 3922 a
2490 3867 2770 3922 vermibus
2827 3879 3087 3921 corrosus
3140 3864 3307 3917 vitam
3369 3860 3574 3916 amisit.

1983 3961 2381 4020 Constantinus
2428 3958 2676 4015 Toxaras
2741 3959 2908 4030 apud,
2943 3959 3310 4029 Cibyrraeoms
3377 3955 3576 4028 gladiis

1986 4054 2362 4112 comminutas
2424 4053 2609 4122 periit.
2663 4050 2945 4106 Marianus
2998 4050 3344 4121 imperatoris
3406 4049 3577 4105 frater

1985 4161 2128 4217 equo
2154 4146 2342 4216 lapsus
2369 4154 2423 4199 et
2455 4145 2616 4215 pedes
2638 4144 2928 4209 contritus,
2948 4142 3120 4196 altero
3138 4141 3273 4212 pede
3300 4139 3578 4202 ventribus

1985 4247 2356 4310 putrescente,
2388 4239 2640 4292 moritur.
2667 4234 2838 4290 Porro
2871 4235 3167 4305 imperator
3192 4235 3577 4290 Natalitiorum

1984 4331 2187 4389 Christi
2215 4331 2305 4386 die
2335 4329 2539 4385 celebri
2588 4343 2880 4399 processus
2915 4342 3178 4398 apparatu
3220 4329 3288 4382 ad
3323 4325 3576 4399 Magnam

1985 4425 2282 4482 ecclesiam
2310 4422 2610 4495 profectus,
2641 4421 2982 4492 Stephanum
3007 4421 3176 4475 lilium
3200 4436 3359 4476 suum
3401 4405 3579 4492 bapti-

1985 4519 2150 4582 zavit,
2198 4526 2252 4571 et
2299 4513 2461 4588 equis
2499 4515 2748 4572 candidis
2789 4514 2851 4569 ad
2892 4530 3116 4570 currum
3173 4513 3399 4583 junctis,
3449 4528 3575 4568 cum

1981 4610 2231 4682 Augusta
2261 4610 2312 4664 in
2355 4624 2422 4664 eo
2457 4607 2617 4664 sedit.
2649 4607 2860 4664 Baanes
2891 4620 3073 4662 autem
3108 4606 3433 4678 praepositus
3468 4620 3576 4661 una

1986 4720 2112 4759 cum
2145 4705 2226 4759 eis
2253 4703 2321 4759 ad
2357 4703 2622 4774 palatium
2655 4718 2827 4772 usque
2857 4717 3084 4772 puerum
3126 4701 3365 4771 gerebat,
3405 4698 3576 4770 impe-

288 4787 544 4845 ὲκάθισεν
575 4787 698 4857 ἅμα
727 4789 792 4858 τῇ
827 4785 1134 4857 Αὖγούστῃ,
1179 4785 1276 4839 καὶ
1306 4785 1334 4838 6
1383 4786 1744 4856 πραιπόσιτος
1783 4787 1880 4841 σὺν

1987 4809 2174 4852 ratore
2222 4812 2318 4867 per
2363 4795 2510 4851 viam
2578 4809 2932 4849 nummorum
2997 4808 3200 4848 munus
3265 4801 3574 4863 spargente.

289 4882 468 4946 αὐτοῖς
498 4881 728 4948 Βαάνης
777 4878 1062 4948 βαστάζων
1092 4875 1162 4947 ἦν
1206 4879 1269 4932 τὸ
1311 4878 1522 4932 παιδίον
1569 4879 1732 4950 μέχρι
1785 4879 1880 4934 τοῦ

288 4973 581 5032 παλατίου.
637 4971 732 5024 τοῦ
771 4969 1037 5039 βασιλέως
1070 4971 1354 5044 ρίπτοντος
1406 4973 1674 5025 ὑπατείαν
1710 4975 1770 5028 ὲν
1808 4977 1878 5048 τῇ

291 5067 410 5140 ὸδῷ.
444 5070 710 5138 Ἐγένετο
733 5068 791 5120 δὲ
824 5067 1051 5138 σεισμὸς
1072 5067 1165 5121 τοῦ
1208 5069 1365 5135 ἁγίου
1411 5067 1759 5122 Πολυεύκτου
1792 5070 1884 5141 μέ-

293 5177 498 5231 γιστος,
554 5161 704 5216 ὥστε
737 5160 836 5231 τὴν
881 5160 984 5228 γῆν
1035 5159 1277 5213 σείεσθαι
1337 5161 1432 5213 ἐπὶ
1469 5163 1882 5233 τεσσαράκοντα

293 5255 506 5326 ἡμέρας
535 5253 636 5308 καὶ
663 5251 1078 5323 τεσσαράκοντα
1106 5252 1310 5315 νύκτας
1336 5267 1349 5281 ·
1375 5253 1540 5306 ἔπεσε
1558 5253 1614 5306 δὲ
1640 5254 1762 5312 τότε
1787 5257 1883 5309 καὶ

296 5345 329 5414 ἡ
361 5347 575 5417 σφαῖρα
606 5344 705 5398 τοῦ
734 5341 906 5410 ζώδου
952 5345 1048 5398 τοῦ
1095 5345 1263 5416 φόρου
1300 5347 1396 5400 καὶ
1441 5347 1537 5418 τῆς
1574 5348 1886 5418 ὺπεραγίας

297 5435 564 5490 Θεοτόκνιυ
597 5434 662 5487 τὸ
716 5435 910 5506 σῖγμα,
962 5434 1105 5488 ῶστε
1150 5437 1360 5500 πάντας
1400 5439 1527 5500 τοὺς
1577 5433 1886 5508 ψάλλοντας

299 5533 474 5584 ἐκεῖσε
497 5527 852 5601 τελευτῆσαι.
876 5528 1032 5583 Λέων
1061 5529 1118 5582 δὲ
1135 5529 1163 5582 6
1187 5529 1479 5600 Φιλόσοφος
1501 5532 1683 5603 τυχὼν
1706 5535 1884 5588 ἐκεῖσε

1989 4888 2186 4959 Ingens
2236 4897 2418 4942 autem
2479 4887 2651 4942 sancti
2718 4887 2994 4957 Polyeucti
3052 4885 3191 4941 festo
3234 4897 3578 4940 terrwmmus

1989 4993 2215 5036 exortus
2241 4993 2323 5035 ast
2349 4998 2363 5034 :
2391 4981 2527 5035 adeo
2556 4979 2825 5034 utdicbus
2854 4979 3211 5049 quadraginta
3239 4985 3293 5032 et
3320 4976 3574 5031 noctibus

1991 5073 2215 5129 totidem
2258 5081 2405 5128 terra
2456 5081 2864 5127 concuteretur.
2905 5070 3115 5125 Decidit
3162 5081 3290 5124 tunc
3339 5069 3466 5140 equi
3506 5067 3575 5123 ad

1989 5166 2170 5222 forum
2206 5167 2368 5237 positi
2401 5168 2634 5236 sphaera,
2665 5179 2718 5220 et
2757 5165 3121 5220 sanetissima:
3156 5162 3249 5220 Dei
3279 5161 3576 5220 Genitricis

1991 5259 2172 5315 fornix
2206 5276 2221 5327 ;
2252 5260 2389 5314 adeo
2421 5269 2480 5315 ut
2507 5262 2687 5316 cuncti
2720 5260 2785 5313 ad
2823 5258 3162 5329 psallendum
3187 5256 3364 5313 coacti
3387 5258 3576 5326 oppri-

1989 5359 2289 5408 merentur.
2353 5349 2463 5405 Leo
2532 5366 2660 5403 vero
2729 5348 3096 5418 Philosophus
3163 5348 3363 5402 ibidem
3436 5345 3575 5403 forte

1988 5453 2237 5514 repertus
2272 5445 2591 5498 cantoribus
2625 5454 2678 5498 et
2711 5443 2936 5512 reliquis
2967 5442 3070 5498 sub
3110 5457 3175 5497 eo
3214 5442 3484 5497 stantibus
3516 5448 3572 5496 ut

1987 5538 2217 5593 ecclesia
2261 5538 2606 5592 discederent
2658 5535 2932 5591 monebat.
2961 5536 3037 5590 llli
3071 5552 3198 5589 vero
3227 5535 3451 5590 minime
3480 5550 3571 5590 ac—

1432 5651 1680 5710 FllANC.
1715 5655 2104 5714 COMBEFISII
2146 5657 2378 5714 ΝΟΤιΕ.

373 5765 494 5841 (1.5),
519 5764 646 5837 Ipse
673 5758 772 5841 qui"
808 5769 1062 5841 superari
1095 5786 1148 5841 p.
1175 5770 1435 5840 Εὐλὸγιος
1474 5771 1657 5829 dictus
1682 5780 1788 5835 est.
1821 5789 1887 5831 ac

309 5837 494 5908 [rutilo
526 5837 794 5908 superius
822 5839 1074 5897 absolute
1097 5837 1147 5897 ‘6
1181 5837 1418 5908 ,Πέρσης
1440 5860 1456 5874 ο
1490 5857 1592 5899 nec
1625 5845 1786 5901 video
1829 5854 1888 5902 ut

310 5859 468 5906 paulo
526 5859 794 5920 superius
822 5859 1074 5923 absolute
1116 5859 1147 5897 ο
1181 5859 1275 5920 ,ειε
1319 5861 1352 5896 σ
1392 5860 1456 5908 ς·
1490 5859 1592 5899 nec
1625 5859 1786 5901 vtaeo
1829 5859 1886 5902 ut

310 5922 404 5964 vox
430 5905 748 5981 Ἀπελάτης
769 5923 903 5968 sana
931 5919 1024 5983 sit,
1047 5921 1140 5970 aut
1166 5859 1316 5987 ιιιιίιί⁵
1327 5861 1396 5972 :3
1416 5930 1528 5974 rem
1554 5915 1636 5982 τὸ,
1655 5913 1886 5972 ’Δπελάο

1995 5795 2098 5849 κης
2119 5795 2134 5812 ⁸
2168 5777 2365 5834 melius
2400 5774 2703 5849 ’Δπλάκης,
2740 5773 3023 5849 cil_j_us_est
3053 5771 3179 5826 alibi
3205 5769 3572 5849 mentiounon

1996 5837 2152 5906 ut'sit
2184 5851 2299 5916 ipse
2331 5849 2418 5903 hic
2461 5837 2751 5916 Pe'rsa'qui
2799 5837 3116 5916 Michaelem
3162 5842 3384 5916 occidit.
3427 5837 3570 5908 Quid

1996 5922 2071 5992 si,
2095 5911 2390 5988 ἀπελαθεὶς
2421 5919 2476 5973 δὲ
2515 5918 2544 5973 6
2580 5911 2815 5990 Πέρσης,
2851 5915 3046 5985 ejecta:
3078 5911 3290 5970 Persa?
3318 5920 3428 5970 ets.
