4046 6302
291 318 435 382 1089

1591 319 2267 382 CIIRONOGRAPIIIA.

3431 316 3566 385 ιοου

282 426 437 499 ᾧτινι
478 434 508 487 .6
557 433 767 505 μάρτυς
799 432 1072 506 ἐπεφάνη,
1103 432 1177 499 ὡς
1224 435 1570 508 προείρηται,
1604 436 1868 506 ἐτίμησεν

1984 436 2273 491 lecoravit.
2327 433 2593 490 Joannem
2656 446 2786 487 vero
2845 432 3078 489 alterum
3144 432 3265 504 ejus
3320 432 3565 508 fratrem.

284 524 451 578 αὐτὸν
480 526 765 595 οἰκονόμον
797 529 892 579 καὶ
929 527 1221 597 σύγκελλον
1243 544 1257 559 ’
1287 527 1379 582 τὸν
1406 529 1462 582 δὲ
1484 530 1671 601 ἕτερον
1703 529 1869 584 αὑτοῦ

298 617 556 689 Ἰωάννην
599 621 849 689 ἀδελφὸν,
879 621 1243 693 δρουγγάριον
1279 622 1379 693 τῆς
1415 622 1605 693 βίγλας
1627 640 1640 654 '
1687 625 1778 677 τὸν
1815 624 1871 677 δὲ

286 710 477 781 ἕτερον
526 712 756 782 ἀδελφὸν
792 713 974 766 αὐτῶν
1021 713 1255 778 Παῦλον,
1294 713 1387 768 τοῦ
1428 715 1751 768 Σακελλίου·
1784 715 1872 767 τὸν

286 803 345 857 δέ
376 803 664 874 τέταρτον,
694 808 915 874 γενικὸν
966 805 1277 878 λογοθέτην.
1332 808 1770 879 Τελευτήσαντος
1816 808 1873 862 δὲ

286 895 558 949 Νικολάου
587 896 681 950 τοῦ
710 897 1013 967 συγκέλλου
1044 898 1345 953 θάπτουσιν
1370 900 1533 953 αὑτὸν
1564 904 1643 964 είς
1676 902 1729 954 Ἀ
1742 918 1872 971 ρκα-

288 986 505 1052 διανοὺς
557 989 640 1052 εἰς
676 987 767 1041 τὸν
810 990 1004 1043 ἑαυτοῦ
1053 988 1239 1055 οἶκον,
1294 993 1424 1045 ἔνθα
1478 994 1595 1047 ἐστὶ
1647 993 1706 1047 τὸ
1742 1010 1875 1064 μετ-

289 1079 434 1149 όχιον
467 1080 580 1152 (50)
609 1080 702 1134 τοῦ
743 1080 927 1149 ’Δγίου
956 1084 1389 1138 Κωνσταντίνου.

375 1177 653 1249 Ἑμτμύθη
685 1178 740 1230 δὲ
771 1178 850 1249 τῷ
895 1177 1105 1249 βασιλεί
1132 1178 1207 1243 ὡς
1250 1180 1284 1250 ή
1326 1168 1684 1252 Συρρἀουσα
1726 1181 1876 1251 παρά

290 1265 402 1320 τῶν
440 1267 757 1338 ’Λγαρηνῶν
799 1270 1172 1340 ἐκπορθεῖται.
1219 1271 1659 1341 ’Δσχολουμένων
1682 1272 1738 1324 δέ
1767 1272 1875 1327 τῶν

292 1359 539 1428 πλοΐμων
570 1360 627 1412 ἐν
652 1362 767 1424 τοῖς
795 1360 1097 1431 κτίσμασιν
1128 1363 1224 1416 καὶ
1261 1363 1588 1432 ἐκχοῗσμασι
1606 1365 1702 1433 τῆς
1729 1364 1877 1427 Νέας

306 1451 655 1524 Ἐκκλησίας,
684 1456 955 1527 παρεδόθη
986 1456 1174 1528 ήαὺτὴ
1194 1457 1553 1529 Συρῤάκουσα
1586 1459 1712 1529 πρὶν
1744 1459 1878 1528 (pilci-

296 1560 388 1597 σαι
410 1546 501 1598 τδν
530 1546 717 1600 στόλον
747 1547 843 1601 τοῦ
887 1548 1154 1619 βασιλέως
1188 1550 1357 1603 πολλὰ
1387 1553 1441 1603 ἐν
1466 1551 1641 1618 τούτῳ
1671 1551 1875 1622 θρηνήο

294 1653 508 1702 σαντος.
535 1640 754 1712 Νικήτα
790 1641 846 1706 δὲ
884 1641 978 1695 τοῦ
1010 1644 1102 1695 ἐπὶ
1137 1644 1235 1712 τῆς
1275 1642 1559 1714 τραπέζης
1591 1643 1683 1697 τοῦ
1718 1644 1869 1697 Ξυλι-

293 1732 441 1783 νίτου
463 1734 960 1804 κατηγορηθέντος,
990 1734 1065 1797 ὠς
1089 1734 1413 1805 φιλουμένου
1458 1738 1604 1808 παρὰ
1639 1738 1738 1807 τῆς
1768 1738 1875 1790 Αὑ-

1974 526 2137 597 Bigla:
2194 528 2573 597 drungarium,
2628 526 2965 596 fratremque
3043 527 3266 581 tertium
3336 525 3566 582 Paulum

1976 620 2160 673 sacelli
2210 619 2587 689 przepositum,
2646 629 2902 687 quartum
2969 617 3206 686 denique
3258 617 3568 687 generalem

1974 712 2137 782 [.72
2171 712 2504 781 logothetam
2530 712 2759 765 creavit.
2790 710 3015 765 Nicolao
3047 710 3293 781 synccllo
3325 718 3571 780 postmo-

1976 808 2106 860 dum
2172 816 2412 869 mortuo,
2465 818 2667 874 corpus
2703 806 2823 874 ejus
2857 805 2922 859 ad
2968 806 3307 859 Arcadianos
3337 803 3570 873 sepelie-

1977 905 2108 951 runt
2156 897 2209 951 in
2270 897 2493 968 propria
2549 898 2733 961 domo,
2784 912 2894 967 qua
2936 898 3205 968 prmdium
3267 906 3352 952 est
3394 900 3568 951 sancti

1976 985 2346 1043 Constantini.

2050 1169 2221 1224 Porro
2272 1170 2576 1241 Syracusas
2619 1169 2688 1224 ab
2719 1169 2984 1241 Agarenis
3012 1170 3216 1226 vastari
3253 1171 3569 1242 imperatori

1978 1264 2292 1319 nuntiatum
2329 1275 2435 1319 est.
2484 1264 2784 1319 NaVaIibus
2839 1280 2965 1318 vero
3014 1266 3187 1333 copiis
3220 1265 3363 1320 circa
3418 1281 3575 1321 novae

1975 1358 2219 1412 ecclesiae
2253 1367 2583 1411 structuram
2621 1366 2674 1412 et
2713 1354 2970 1428 aggerum
3021 1357 3366 1413 elfossiunem
3400 1374 3571 1414 occu-

1978 1450 2139 1518 patis,
2172 1451 2491 1520 priusquam
2527 1451 2723 1507 deinde
2757 1452 3107 1517 imperatoria
3140 1452 3333 1506 classis
3368 1452 3573 1506 adven-

1981 1552 2139 1609 taret,
2182 1544 2531 1615 Syracusaua
2585 1545 2781 1599 civitas
2824 1544 3157 1598 deditionem
3190 1543 3337 1621 fecit,
3367 1547 3433 1599 de
3465 1562 3573 1615 qua

1980 1639 2283 1706 imperator
2336 1640 2634 1707 plurimum
2674 1638 2929 1692 indoluit.
2964 1636 3186 1694 Nicetas
3233 1648 3412 1694 autem
3456 1638 3572 1711 Xy-

1980 1728 2147 1781 liniue
2197 1728 2361 1793 filius,
2417 1745 2623 1784 mensae
2676 1729 3029 1800 praepositus,
3085 1744 3211 1783 cum
3259 1731 3453 1785 secreti
3504 1731 3571 1784 ad

293 1821 551 1893 γούστης,
601 1825 790 1878 τοῦτον
838 1826 867 1878 6
914 1826 1169 1896 βασιλεὺς
1226 1828 1566 1898 ἀποκείρας,
1637 1828 1873 1899 μοναχὴν

1984 1825 2281 1891 Augustam
2315 1826 2528 1878 autut-is
2562 1824 2774 1879 delatus
2826 1822 3044 1890 fuisset,
3085 1825 3229 1877 hunc
3281 1824 3574 1893 imperator

291 1914 547 1986 ἐποίησεν
574 1932 587 1945 ⁸
621 1917 680 1979 ὃς
717 1918 810 1972 ἐπὶ
841 1917 1069 1984 Λέοντος
1100 1920 1367 1990 βασιλέως
1397 1922 1621 1989 γέγονεν
1662 1922 1872 1975 οἰκονό-

294 2023 395 2077 μος
421 2010 479 2061 ἐν
500 2013 562 2079 τῇ
596 2010 1154 2085 ΜεγάληἙκκλησίᾳ,
1182 2015 1274 2066 καὶ
1303 2014 1633 2085 τελευτήσας
1662 2013 1873 2069 τίθεται

293 2102 352 2151 ἐν
375 2103 441 2171 τῇ
476 2105 633 2173 μονῇ,
664 2105 729 2174 ἦν
756 2105 920 2168 αὐτὸς
967 2106 1403 2160 κατεσκεύασενο
1437 2110 1533 2161 καὶ
1575 2110 1872 2180 ἀπέκειρεν

290 2196 390 2256 τὰς
429 2194 598 2248 αὐτοῦ
624 2197 882 2265 ἀδελφάς.
922 2197 1103 2252 Πολλὰ
1127 2199 1181 2252 δὲ
1210 2200 1480 2272 μάρμαρα
1514 2203 1606 2254 καὶ
1635 2203 1874 2273 ψηφῖδας

290 2286 355 2339 ἐκ
387 2286 598 2341 πολλῶν
625 2290 931 2361 ἐκκλησιῶν
956 2292 1217 2345 ἀνέλαϐεν
1249 2296 1275 2346 6
1304 2292 1557 2363 βασιλεὺς
1588 2294 1730 2365 λόγῳ
1774 2298 1873 2366 τῆς

291 2376 441 2440 Νέας
486 2379 837 2451 Ἐκκλησίας,
869 2384 926 2435 ἐν
947 2378 1029 2447 οἷς
1061 2386 1229 2457 στήλη
1264 2386 1450 2440 ἵστατο
1479 2387 1653 2458 χαλκῆ
1700 2390 1758 2440 ἐν
1794 2387 1872 2458 τῷ

294 2472 541 2543 σεννάτῳ
607 2475 791 2545 σχῆμα
835 2478 1134 2532 ἐπισκόπου
1168 2479 1412 2550 φέρουσα
1435 2497 1449 2510 ·
1494 2480 1715 2550 ἐκράτει
1748 2480 1803 2533 δὲ
1836 2482 1869 2550 ή

291 2564 432 2633 αὑτὴ
460 2565 626 2637 στήλη
658 2568 714 2621 ἐν
747 2572 812 2640 τῇ
854 2572 997 2642 χειρὶ
1032 2571 1227 2642 ῥάϐδον
1254 2573 1452 2643 ἔχουσα
1499 2573 1623 2642 ὅφιν
1657 2576 1873 2626 ἐντετυ-

289 2647 326 2704 λ
350 2655 586 2722 γμένον·
625 2658 830 2729 ταύτην
877 2662 1287 2728 καταγαγόντες
1324 2662 1529 2734 ἔθηκαν
1571 2665 1627 2717 ἐν
1666 2664 1744 2735 τῷ
1783 2665 1891 2734 βεσ,

292 2748 547 2820 στιαρέῳ.
597 2750 965 2818 Κατελθόντος
1006 2754 1063 2808 δέ
1101 2754 1195 2809 τοῦ
1248 2754 1514 2826 βασιλέως
1562 2758 1656 2810 καὶ
1699 2757 1840 2812 ἁπελ

291 2836 481 2902 θόντος
525 2839 655 2896 ἔνθα
688 2844 874 2898 ἵστατο
936 2846 1106 2919 στήλη
1156 2847 1313 2918 ὀρθὴ,
1364 2848 1589 2903 ἐνέϐαλε
1630 2849 1719 2901 τὸν
1774 2849 1871 2903 δε-

290 2928 492 2983 κτυλον
549 2932 716 2987 αὐτοῦ
774 2937 869 2989 ἐπὶ
927 2938 989 2991 τὸ
1034 2940 1208 3009 στόμα
1259 2938 1354 2993 τοῦ
1402 2940 1613 3009 ὄφεως·
1675 2939 1753 2995 ὢν
1812 2941 1869 2993 δὲ

291 3022 413 3076 ἐκεῖ
445 3024 558 3089 ζῶν
604 3026 726 3097 ὕφις
766 3029 925 3084 ἔδακε
967 3033 1062 3087 τοῦ
1123 3032 1391 3104 βασιλέως
1451 3035 1543 3088 τὸν
1583 3034 1866 3102 δάκτυλον,

290 3114 353 3179 ὃς
425 3118 580 3187 μόλις
631 3122 697 3175 δι’
762 3125 1200 3196 ἀντιφαρμάκων
1256 3126 1411 3198 ἰάθη,
1471 3126 1869 3198 θαυμασάντων

295 3209 519 3266 πάντων
556 3215 650 3267 ἐπὶ
695 3218 889 3288 τούτῳ.
965 3218 1122 3273 Ἀλλὰ
1170 3221 1265 3274 καὶ
1317 3222 1416 3290 τὴν
1463 3222 1665 3292 στήλην
1712 3221 1873 3274 Σολο-

293 3304 511 3373 μῶντος
542 3308 600 3362 ἐν
654 3312 719 3381 τῇ
766 3311 1030 3383 Βασιλικῇ
1069 3310 1202 3387 οὔσῃ
1240 3314 1472 3387 μεγίστῃ
1500 3311 1690 3385 [οὖσαν
1728 3315 1884 3385 μεγί-

294 3396 453 3470 στην]
479 3403 751 3470 κατεάξας
797 3404 1131 3476 προσέταξεν
1174 3407 1260 3460 ἐπ’
1302 3407 1527 3477 ὀνόματι
1577 3407 1743 3461 αὐτοῦ
1784 3409 1880 3461 ἐκ-

293 3492 622 3562 τυπωθῆναι
669 3495 763 3548 καὶ
803 3498 1028 3568 τεθῆναι
1071 3498 1318 3552 κάτωθεν
1366 3499 1424 3551 ἐν
1463 3501 1573 3561 τοῖς
1606 3498 1880 3568 θεμελίοις

292 3582 395 3653 τῆς
457 3584 629 3656 αὐτῆς
688 3589 846 3653 νέας·
889 3589 1029 3644 ὥστε
1077 3590 1270 3644 θυσίαν
1301 3591 1491 3647 ἑαυτὸν
1541 3589 1621 3660 τῷ
1656 3590 1880 3660 τοιούτῳ

297 3677 560 3750 κτίσματι
592 3682 686 3733 καὶ
725 3682 845 3755 Θεῷ
873 3686 1163 3754 προσάγων
1184 3684 1318 3757 (5i).
1359 3684 1792 3756 Ἐπεστράτευσε
1824 3685 1879 3739 δὲ

296 3770 466 3825 πάλιν
504 3774 533 3826 6
567 3773 823 3845 βασιλεὺς
855 3779 997 3832 κατὰ
1028 3778 1344 3849 Μελιτινῆς,
1378 3778 1470 3832 καὶ
1501 3778 1879 3849 αἰχμαλωσίαν

297 3866 504 3938 πολλὴν
558 3870 961 3941 ποιησάμενος,
1004 3874 1099 3926 καὶ
1148 3870 1378 3934 πολλοὺς
1429 3870 1730 3941 πολέμους,
1773 3871 1879 3924 ὑπ-

296 3959 585 4031 έστρεψεν.
614 3962 857 4035 Τελευτᾷ
897 3963 953 4016 δέ
984 3966 1012 4017 6
1064 3965 1125 4017 ἐν
1172 3964 1346 4031 ἁγίοις
1386 3962 1644 4032 Ἰγνάτιος
1690 3965 1718 4016 ὁ
1773 3980 1879 4018 παο

296 4055 590 4125 τριάρχης,
626 4058 718 4109 καὶ
762 4056 878 4110 ἀντ’
912 4056 1077 4110 αὐτοῦ
1118 4056 1282 4111 πάλιν
1326 4056 1647 4120 ἀναὸιϐἀζει
1675 4056 1879 4111 Φώτιον

296 4153 671 4221 πατριὰρχην.
695 4150 853 4205 Μετὰ
876 4151 931 4204 δὲ
963 4151 1135 4205 ταῦτα
1162 4153 1219 4204 ἐν
1241 4151 1425 4222 ἐξορίᾳ
1457 4150 1880 4221 τελευτήσαντος

292 4237 506 4291 Φωτίου
535 4241 878 4312 πατριάρχου
921 4240 1160 4312 ἀπε.τέοη
1194 4241 1256 4295 τὸ
1310 4241 1469 4311 σῶμα
1507 4240 1672 4294 αὑτοῦ
1724 4244 1781 4294 ἐν
1811 4245 1875 4314 τῇ

300 4334 439 4403 μονῇ
460 4334 526 4403 τῇ
559 4332 826 4406 λεγομένῃ
852 4334 951 4404 τῆς
984 4334 1250 4405 Ἐρημίας
1272 4336 1327 4387 ἐν
1354 4334 1430 4403 τῷ
1453 4334 1877 4409 Μερδοσαγάρῃ,

294 4420 466 4494 οὔσης
498 4410 764 4497 πρότερον
796 4426 1089 4497 καθολικῆ;
1121 4426 1440 4497 ἐκκλησίας.
1470 4427 1644 4491 Αὐτὸς
1671 4426 1726 4480 δὲ
1759 4427 1877 4480 Φώ-

1982 1916 2267 1971 detousum
2302 1917 2632 1971 monachum
2674 1917 2889 1973 effecit:
2921 1918 3012 1986 qui
3047 1917 3148 1971 sub
3186 1915 3368 1973 Leone
3402 1920 3575 1988 impe-

1982 2019 2162 2062 ratore
2209 2024 2532 2065 (ncouomus
2588 2010 2644 2064 in
2697 2009 2889 2082 Magna
2936 2011 3168 2066 ecclesia
3204 2020 3422 2067 creatus
3467 2021 3570 2078 est,

1980 2111 2033 2154 et
2086 2100 2198 2156 vita
2265 2102 2486 2157 functus
2526 2103 2580 2157 in
2630 2106 2965 2159 monasterio
3006 2104 3074 2158 ab
3133 2119 3198 2159 eo
3248 2114 3574 2160 constructo

1981 2194 2266 2263 depositus
2319 2206 2424 2251 est.
2461 2197 2590 2266 Ejus
2625 2212 2845 2268 quoque
2889 2212 3109 2253 sorores
3139 2198 3350 2268 capillis
3385 2209 3574 2253 tonsas

1982 2286 2248 2343 moniales
2298 2289 2552 2344 reddidit.
2593 2289 2861 2345 Caeterum
2904 2306 3182 2346 marmora
3234 2292 3465 2362 plurima
3518 2302 3574 2347 et

1980 2394 2046 2434 ex
2099 2395 2264 2450 Opere
2295 2384 2553 2437 tesselato
2584 2383 2790 2455 figuras
2843 2384 3025 2439 varias
3064 2401 3127 2439 ex
3162 2384 3415 2440 ecclesiis
3455 2385 3579 2456 plu-

1982 2472 2136 2527 rimis
2197 2491 2350 2530 nova:
2416 2458 2641 2531 alterius
2708 2478 3055 2532 exstruendae
3113 2479 3285 2548 gratia
3350 2482 3572 2536 sustulit

1982 2562 2295 2631 imperator.
2331 2564 2475 2619 Inter
2506 2566 2620 2621 haec
2672 2576 2996 2623 ornamenta
3040 2568 3140 2622 fuit
3170 2570 3332 2624 etiam
3387 2579 3570 2627 statua

1979 2667 2117 2707 terea
2159 2653 2225 2708 ad
2283 2667 2536 2711 senatum
2594 2659 2833 2729 episcopi
2877 2658 3107 2714 formam
3146 2658 3411 2726 referens,
3449 2677 3574 2731 qua:

1980 2746 2189 2817 virgam
2262 2759 2516 2819 serpente
2577 2752 3031 2808 circumvolutam
3091 2769 3256 2809 manu
3322 2756 3571 2825 gerebat,

1978 2855 2214 2911 eamque
2268 2843 2392 2899 loco
2444 2845 2751 2915 depositam
2806 2847 2860 2902 in
2914 2849 3174 2905 vestiario
3227 2850 3570 2928 locaverunt.-

1978 2935 2266 2993 l’rofectus
2302 2940 2431 2995 illuc
2474 2940 2792 3010 imperator,
2826 2952 2880 2998 et
2912 2944 2976 2997 ad
3016 2944 3197 2999 locum
3238 2962 3349 3015 quo
3386 2958 3569 3004 statua

1979 3028 2157 3085 fuerat
2211 3040 2392 3087 erecta
2426 3032 2785 3097 descendens,
2820 3035 2871 3089 in
2913 3036 3189 3106 serpentis
3232 3052 3298 3093 os
3342 3038 3574 3109 digitum

1981 3122 2237 3177 immisit.
2296 3120 2535 3194 Serpens
2593 3133 2774 3179 autem
2831 3126 3031 3181 ibidem
3102 3127 3256 3183 vivus
3320 3138 3574 3199 repertus

1983 3212 2214 3282 digitum
2260 3213 2609 3285 imperatoris
2648 3218 2965 3283 momordit,
3018 3218 3154 3273 adeo
3185 3229 3263 3287 ut,
3295 3222 3439 3291 quod
3471 3222 3575 3277 πή·-

1984 3321 2103 3358 rum
2159 3306 2419 3362 omnibus
2450 3309 2646 3363 deinde
2681 3309 2858 3364 visum
2892 3320 2997 3373 est,
3024 3310 3288 3366 adhibitis
3316 3315 3572 3369 remediis

1981 3398 2071 3450 vix
2114 3399 2297 3453 sanari
2352 3400 2610 3469 potuerit.
2644 3400 2836 3455 Statua
2887 3415 3107 3471 quoque
3160 3399 3473 3457 Salomonis
3504 3405 3569 3459 ad

1982 3489 2263 3546 basilicam
2319 3500 2499 3548 stante
2545 3492 2848 3558 confracta,
2898 3509 2962 3548 ex
3012 3493 3132 3564 ejus
3187 3496 3408 3551 metallo
3441 3511 3572 3567 pro-

1981 3586 2154 3655 priam
2211 3584 2514 3653 cliormari,
2570 3595 2623 3642 et
2672 3586 2725 3640 itt
2776 3588 3059 3644 excavatis
3108 3604 3263 3643 novae
3321 3590 3569 3659 ejusdem

1981 3679 2227 3733 ecclesiae
2262 3680 2638 3737 fundamentis
2689 3680 2861 3736 locari
2908 3682 3112 3752 jussit:
3152 3682 3310 3751 quasi
3357 3681 3469 3738 Deo
3513 3699 3573 3739 se

1983 3774 2035 3828 in
2090 3774 2405 3841 hujusmodi
2463 3792 2630 3847 opere
2685 3779 2965 3833 victimam
3036 3778 3275 3832 ollcrret.
3332 3776 3569 3832 Rursum

1982 3876 2161 3921 autem
2194 3871 2463 3926 adversus
2511 3870 2809 3927 Melitinem
2847 3886 2998 3926 arma
3036 3871 3208 3925 movit
3252 3870 3571 3941 imperator,

1981 3976 2045 4016 ex
2097 3978 2207 4032 qua
2257 3962 2510 4033 plurimis
2559 3964 2613 4018 itt
2650 3965 3017 4033 captivitatem
3073 3963 3273 4029 ductis,
3309 3972 3362 4017 et
3400 3971 3573 4018 Certa--

1982 4056 2224 4117 minibus
2270 4056 2545 4127 plerisque
2586 4056 2873 4125 confectis,
2933 4072 3188 4111 reversus
3245 4065 3348 4111 est.
3405 4053 3574 4111 Porro

1982 4160 2209 4205 sanctus
2270 4150 2584 4219 patriarcha
2640 4149 2885 4218 lgnati‘us
2939 4150 3044 4203 vita
3098 4149 3322 4203 functus
3370 4156 3484 4202 est:
3522 4156 3576 4201 tt

1982 4241 2037 4297 in
2099 4242 2222 4311 ejus
2272 4241 2451 4297 locum
2501 4240 2735 4297 Photius
2785 4242 2985 4297 iterum
3039 4240 3323 4295 sutfectus.
3379 4236 3575 4293 Phatio

1982 4335 2297 4406 patriarcha
2334 4335 2683 4406 postmodum
2715 4334 2768 4389 in
2812 4334 3007 4389 exsilio
3043 4341 3273 4387 mortem
3314 4331 3572 4396 abeunte,

1983 4442 2186 4498 corpus
2214 4427 2334 4497 ejus
2384 4428 2438 4482 in
2491 4427 2828 4483 monasterio
2881 4426 2949 4480 ad
2981 4424 3441 4495 Merdosagarem,
3476 4435 3576 4476 no-

296 4534 411 4582 τιος
466 4519 726 4590 ἐποίησεν
773 4519 943 4586 αὐτὴν
1007 4520 1176 4593 μονὴν
1225 4522 1569 4586 γυναικείαν.
1622 4520 1789 4574 Πάλιν
1822 4520 1875 4574 δὲ

1988 4521 2135 4575 mine
2186 4518 2460 4587 Ht'l'elllia,
2502 4536 2624 4590 quae
2677 4520 2832 4590 prius
2866 4517 3181 4574 communis
3230 4525 3286 4572 et
3355 4514 3573 4585 publica

299 4613 657 4684 ἐπιστρατεύει
702 4616 730 4668 ὁ
764 4614 1021 4683 βασιλεὺς
1051 4616 1195 4669 κατὰ
1234 4614 1430 4686 Συρίας
1481 4615 1560 4675 εἰς
1608 4614 1883 4685 Γερμανί-

300 4720 480 4766 κειαν,
524 4705 620 4758 καὶ
664 4706 870 4776 ταύτην
910 4706 1261 4777 ἐκπορθήσας
1308 4706 1405 4759 καὶ
1445 4705 1880 4777 αἰχμαλωτίσας,

302 4797 667 4870 ὑπέστρεψεν.
722 4800 964 4872 Τελευτᾷ
1010 4799 1067 4852 δὲ
1135 4800 1544 4863 Κωνσταντίνος
1599 4799 1713 4865 υἱὸς
1775 4800 1885 4855 Μι-

301 4891 439 4964 χαὴλ
467 4891 579 4963 (52)
607 4890 877 4961 βασιλέως
905 4894 969 4957 ἐξ
1000 4892 1287 4958 Εὐδοκίας,
1318 4892 1377 4947 ὃν
1404 4892 1574 4946 πολλὰ
1612 4891 1885 4964 ἐθρήνησε

303 4984 604 5049 Βασίλειος.
645 4986 808 5056 Μαΐῳ
850 4986 908 5041 δὲ
939 4986 1134 5059 πρώτῃ
1167 4984 1533 5055 ἐνθρονίζεται
1568 4986 1667 5041 καὶ
1691 4988 1881 5054 ἐγκαι-

303 5077 562 5149 νίζεταιή
596 5079 889 5151 ἐκκλησία,
910 5082 977 5151 ἣν
1005 5080 1217 5134 ἔκτισεν
1239 5080 1267 5135 6
1298 5079 1570 5149 βασιλεὺς,
1604 5079 1699 5134 καὶ
1722 5078 1882 5133 ἐκαλο

300 5171 507 5227 λώπισε
538 5174 731 5245 κόσμῳ
753 5173 934 5246 πολλῷ
961 5174 1115 5245 παρὰ
1146 5174 1354 5227 Φωτίου
1393 5172 1757 5243 πατριάρχου,
1788 5168 1883 5224 τού

1985 4613 2272 4667 exstiterat
2324 4611 2578 4677 ecclesia,
2620 4609 2931 4681 depositum
2976 4621 3102 4665 eSt:
3139 4605 3368 4661 PhOtius
3394 4615 3574 4659 autem

1985 4704 2256 4759 muliebre
2298 4702 2612 4757 reddiderat
2672 4699 3090 4755 monasterium.
3146 4696 3358 4753 Rursus
3407 4696 3579 4768 impe-

1987 4811 2137 4853 rator
2193 4794 2405 4867 Syriam
2466 4808 2653 4849 versus
2714 4792 2769 4847 in
2821 4790 3222 4848 Germaniciam
3271 4787 3572 4858 expeditio-

1993 4905 2118 4947 nem
2156 4889 2407 4960 suscipit,
2456 4902 2630 4957 eaque
2681 4894 2914 4948 vastata,
2945 4892 3000 4938 et
3042 4881 3272 4951 captivis
3325 4878 3576 4934 abductis

1993 4982 2217 5039 domum
2268 4981 2596 5051 regreditur.
2636 4979 3033 5035 Constantinus
3080 4973 3357 5029 Michaelis
3400 4971 3573 5042 impe-

1990 5077 2191 5132 ratoris
2238 5090 2304 5129 ex
2340 5073 2584 5128 Emloxia
2633 5072 2778 5127 ﬁlius
2832 5071 3097 5124 moritur:
3130 5068 3201 5122 ob
3230 5066 3389 5134 cuju‘s
3431 5078 3574 5118 mor-

1994 5180 2100 5224 tem
2151 5166 2381 5223 Basilius
2406 5166 2611 5220 luctum
2649 5163 2759 5235 egit
2784 5162 3105 5234 plurimum.
3134 5158 3257 5216 Maii
3278 5172 3406 5213 vero
3431 5170 3577 5211 men.

1451 5305 1703 5362 FRANC.
1745 5300 2138 5359 COMBEFISII
2167 5298 2402 5355 NOTJE.

375 5408 489 5481 (50)
525 5405 764 5481 Septum,
806 5407 1060 5481 ambitus,
1100 5406 1373 5476 porticus;
1410 5419 1534 5457 nam
1574 5410 1629 5457 et
1680 5400 1887 5472 μετοχὴ

303 5479 478 5535 etiam
495 5481 525 5534 ὁ
553 5479 840 5549 περίϐολος
864 5479 1133 5534 redditur.

399 5551 494 5623 5i)
536 5540 685 5607 Velut
710 5550 794 5605 illi
820 5540 881 5604 iu
914 5549 1144 5623 αᾴἱβείο
1177 5562 1238 5600 ac
1269 5542 1376 5600 Deo
1414 5544 1705 5611 devovens;
1741 5540 1886 5623 quod

376 5556 494 5676 (51)
538 5556 685 5607 Velut
710 5556 794 5605 illi
825 5566 881 5604 se
917 5556 1144 5618 adi/icio
1177 5562 1238 5600 ac
1269 5556 1376 5600 er
1414 5556 1705 5611 aevovens;
1741 5556 1886 5624 quod

307 5624 381 5679 sci
411 5625 514 5677 icet
536 5623 831 5677 adilicium
864 5620 929 5676 ad
963 5620 1055 5674 Dei
1102 5618 1364 5691 honorem
1390 5624 1704 5691 susceptum
1751 5621 1886 5691 tanti

309 5695 535 5776 taceret,
561 5702 617 5747 ut
649 5694 704 5749 in
735 5707 834 5749 sua
862 5701 1044 5748 statua
1068 5691 1188 5761 ejus
1206 5687 1485 5744 substerni
1508 5686 1884 5747 fundamentis

311 5764 621 5909 aniggjrgic
651 5832 888 5908 ingenue
924 5833 1055 5900 Leo,
1088 5845 1211 5888 cum
1250 5829 1343 5885 alii
1377 5829 1561 5886 Basilii
1594 5812 1768 5883 mium
1802 5822 1880 5879 die

1995 5405 2142 5454 eaut.
2173 5395 2456 5449 Cedrenus
2484 5411 2497 5447 :
2533 5392 2943 5454 Κωνσταντῖνος
2983 5390 3011 5443 6
3046 5386 3422 5458 πρεσϐύτερος
3449 5385 3574 5458 -τῶν

1994 5469 2087 5522 τοῦ
2137 5465 2407 5528 Βασιλέως
2468 5464 2599 5517 υἱῶν
2651 5460 2864 5526 ἐξέλιπε
2912 5461 3053 5530 νόσῳ
3092 5456 3395 5530 πυρετικῆ·
3428 5456 3573 5512 Con-

1994 5541 2261 5593 stantinus
2297 5535 2493 5589 Basilii
2527 5535 2760 5603 ﬁliorum
2808 5542 2937 5585 natu
2966 5528 3242 5603 inteximus
3278 5528 3415 5603 febri
3437 5543 3575 5603 con-

1994 5618 2236 5675 sumptus
2271 5600 2746 5675 mariturJBasilti
2784 5605 2937 5675 titius
2962 5601 3246 5659 hominum
3287 5600 3575 5675 existima-

1995 5669 2168 5744 tione,
2193 5685 2382 5747 utpote
2403 5676 2640 5731 Eudocia
2665 5674 2787 5743 ejus
2815 5670 3049 5743 conjuge
3072 5680 3398 5747 susceptus;
3432 5669 3573 5724 idem

1992 5742 2178 5808 tamen
2234 5742 2417 5821 τείρεα
2466 5746 2786 5813 Michaelis,
2848 5749 2945 5817 qui
2986 5742 3052 5803 ea
3091 5742 3577 5799 concubina-ute-

1993 5830 2167 5876 retur.
2646 5856 2651 5863 ν
