4046 6302
578 324 715 392 1099
1804 333 2081 394 LEONIS
2109 334 2594 399 GRAMMATICI
3710 341 3844 407 1160

572 448 667 504 sed
717 456 773 502 et
801 445 1043 505 tonitrua
1074 457 1473 521 ventorumque
1502 450 1739 519 impetus
1777 447 1939 521 477
1966 456 2019 502 et
2048 445 2145 501 ful-

2257 449 2399 505 ὥστε
2427 450 2598 508 νύκτα
2628 452 2883 521 γενέσθαι
2912 453 3065 527 ὧρας
3094 453 3156 523 ἒξ
3176 453 3270 511 καὶ
3293 457 3419 520 τοὺς
3446 456 3692 529 ἀστέρας
3720 461 3841 529 φαι-

569 555 705 613 gura
746 537 888 595 facta
944 551 1072 596 sunt
1102 550 1211 597 tam
1244 543 1487 609 horrida,
1541 553 1601 598 ut
1636 542 1689 596 in
1730 538 1835 598 furi
1892 540 2145 611 gradibus

2261 544 2450 599 νεσθαι
2472 563 2486 577 ·
2512 544 2651 600 ἀλλὰ
2683 548 2778 601 καὶ
2811 547 3054 619 βρονταὶ,
3093 552 3188 603 καὶ
3227 551 3428 621 συνοχὴ
3461 551 3707 621 ἀνέμων,
3750 554 3841 606 καὶ

569 642 774 704 septem
814 634 1064 692 homines
1096 636 1218 705 igne
1277 636 1592 707 consumpti
1648 637 1781 693 sint.
1817 635 1988 707 Capta
2020 636 2145 691 urbs

2260 638 2543 709 ἀστραπαὶ
2591 641 2902 708 γεγόνασιν,
2936 639 3077 694 ὥστε
3108 641 3312 712 καῆναι
3358 642 3418 695 ὲν
3468 644 3584 706 τοῖς
3631 644 3839 698 ἀναϐα-

571 722 774 782 Samus
796 725 865 781 ab
889 728 1177 799 Agarenis,
1204 729 1443 786 abducto
1464 731 1626 785 etiam
1650 740 1884 800 praetore
1906 729 2143 800 captivo.

2262 731 2420 802 θμοῖς
2453 730 2547 785 τοῦ
2575 734 2744 804 φόρου
2775 732 3099 804 ἀνθρώπους
3128 734 3291 788 ἑπτά.
3332 736 3441 790 Καὶ
3473 736 3840 810 ἐπολιορκήθη

570 816 679 872 Leo
706 827 885 873 autem
924 817 1184 876 Zantzam
1213 821 1556 893 imperatoris
1596 820 1775 876 Patris
1802 820 1966 887 titulo
1996 836 2145 875 exor-

2261 824 2366 879 ὑπὸ
2396 824 2506 880 τῶν
2541 827 2863 898 Ἀγαρηνῶν
2895 830 2926 897 ἡ
2963 828 3147 900 Σάμος
3173 828 3233 882 τὸ
3263 832 3524 901 κάστρον,
3557 830 3839 901 αἰχμαλω-

569 913 743 976 navit,
786 912 947 983 cujus
1002 915 1171 969 ﬁliam
1230 912 1375 971 Zoen
1427 915 1541 986 jam
1585 916 1896 983 adamabat,
1953 916 2145 971 marito

2255 916 2533 981 τισθέντος
2575 917 2671 972 τοῦ
2722 919 3029 990 στρατηγοῦ
3068 920 3160 973 τοῦ
3193 921 3486 977 Πασπαλᾶ.
3522 921 3842 995 Προεχειρί-

568 1004 687 1075 ejus
723 1002 1018 1063 Theodoro
1047 1006 1356 1063 Guzuniata
1384 1023 1595 1064 veneno
1628 1010 1863 1079 quodam
1913 1008 2145 1064 sublato.

2260 1028 2391 1065 σατο
2434 1010 2491 1065 δὲ
2553 1012 2704 1067 Λέων
2735 1015 2763 1066 6
2796 1014 3051 1084 βασιλεὺς
3086 1015 3365 1081 Ζαοῦτζαν
3406 1015 3842 1090 βασιλεοπάτορα

568 1096 786 1154 Mortuo
817 1111 999 1155 autem
1038 1100 1318 1172 Stephano
1356 1102 1691 1172 patriarcha,
1727 1104 1783 1158 in
1815 1104 1935 1175 ejus
1970 1103 2145 1159 locum

2260 1106 2658 1178 συμφιλιωθεὶς
2687 1107 2791 1179 ἤδη
2817 1109 2937 1180 Ζωῇ
2981 1112 3045 1179 τῇ
3077 1109 3240 1163 αὐτοῦ
3271 1110 3527 1183 θυγατρὶ,
3567 1112 3842 1184 φαρμάκῳ

568 1192 843 1249 Antonius
862 1204 1225 1265 cognomento
1256 1196 1490 1251 Cauleas
1516 1196 1825 1252 ordinatur.

2261 1199 2370 1253 τινί
2407 1200 2834 1270 τελευτήσαντος
2868 1203 2961 1256 τοῦ
2989 1204 3181 1276 ἀνδρὸς
3211 1205 3382 1278 αὐτῆς
3425 1204 3710 1278 Θεοδώρου
3750 1205 3840 1259 τοῦ

570 1287 964 1355 Γουζουνιάτου
1028 1290 1165 1363 (6i).
1204 1291 1483 1361 Στεφάνου
1541 1292 1597 1347 δὲ
1649 1294 1993 1366 πατριάρχου
2040 1295 2150 1349 τῶν
2187 1296 2316 1367 τῇδε
2381 1298 2754 1368 μεταστάντος
2792 1302 3187 1371 χειροτονεῖται
3267 1300 3383 1353 ἀντ’
3430 1299 3596 1354 αὐτοῦ
3644 1298 3839 1353 Ἀντώο

567 1400 703 1451 νιος,
731 1387 759 1438 ὁ
793 1386 1092 1458 λεγόμενος
1117 1386 1392 1451 Καυλέας.

639 1478 687 1533 Δ
717 1477 857 1534 duce
880 1490 1011 1533 vero
1030 1476 1363 1535 Macedoniae
1385 1479 1533 1536 venit
1580 1480 1811 1537 nuntius
1841 1480 2153 1538 Simeonem

569 1573 838 1644 Bulgaria:
868 1571 1173 1643 principem
1199 1571 1466 1628 adversus
1493 1570 1819 1629 Romaniam
1863 1574 2158 1644 perfectio-

568 1682 691 1720 nem
725 1665 999 1723 meditari.
1030 1665 1204 1721 Causa
1242 1680 1372 1721 vero
1412 1680 1538 1737 qute
1578 1665 1893 1723 Simeonem
1956 1668 2153 1732 movit,

568 1758 684 1814 haec
706 1767 826 1814 erat
855 1774 867 1810 :
904 1758 1139 1817 Zautzas
1168 1759 1516 1830 imperatoris
1542 1769 1695 1831 pater
1722 1776 1940 1817 servum
1968 1761 2145 1817 habuit

2253 1754 2524 1828 ὠργίζετο
2557 1753 2782 1827 Συμεὼν
2828 1751 2897 1826 ἦν
2955 1750 3129 1826 αῦτη·
3193 1754 3472 1820 Ζαοῦτζας
3525 1758 3558 1809 6
3597 1754 3841 1826 βασιλεο-

565 1852 881 1906 eunuchum
918 1852 1142 1909 nomine
1180 1852 1473 1911 Music-um.
1508 1851 1607 1909 Hic
1644 1852 1929 1911 Stauracio
1959 1866 2013 1910 et
2053 1856 2145 1911 Co-

2255 1839 2451 1919 πάτ’ωρ
2500 1846 2644 1921 εἶχεν
2706 1847 2963 1921 εὐνοῦχον
3020 1848 3207 1903 δοῦλον
3262 1848 3488 1920 ὀνόματι
3540 1850 3839 1904 Μουσικόν.

569 1960 702 2001 δηιῖε
756 1945 1134 2016 pmdivitibus
1198 1946 1602 2003 mercatoribus
1637 1946 1843 2005 Graecis
1910 1949 2145 2005 amicitia

2258 1937 2430 2009 Οὗτος
2455 1942 2718 2014 ὲφιλιώθη
2751 1944 3080 2015 Σταυρακὶῳ
3112 1943 3205 1997 καὶ
3232 1944 3453 2015 Κοσμᾷ,
3501 1942 3840 2008 Ἑλλαδικοῖς

561 2040 790 2110 junctus
822 2046 942 2095 est:
978 2038 1071 2109 qui
1117 2038 1341 2111 quidem
1381 2040 1527 2111 turpi
1568 2040 1722 2096 lucro
1747 2041 1939 2097 intenti
1971 2052 2145 2097 aucto-

2257 2038 2607 2110 φιλοχρὺσοις
2637 2038 2733 2091 καὶ
2758 2040 3107 2111 πραγματεῖς
3134 2035 3597 2111 [πραγματεῦσι],
3641 2038 3838 2103 οἵτινες

566 2134 728 2188 ritate
771 2130 992 2197 Musici,
1024 2132 1171 2204 quod
1204 2142 1323 2189 erat
1357 2133 1414 2189 in
1442 2135 1579 2191 urbe
1617 2134 1974 2205 Bulgarorum
2002 2151 2145 2193 com-

2255 2133 2392 2203 πρὺς
2415 2132 2868 2204 αἰσχροκέρδειαν
2896 2131 3233 2203 ἀφορῶντες,
3271 2131 3521 2204 μεσιτεέᾳ
3540 2135 3636 2185 καὶ
3670 2131 3834 2185 δυνά-

2322 1472 2498 1532 Ἦλθε
2523 1477 2581 1531 δὲ
2608 1476 2838 1546 ἀγγελία
2901 1475 3055 1549 παρὰ
3086 1472 3182 1529 τοῦ
3237 1471 3549 1545 στρατηγοῦ
3591 1473 3839 1527 Μακεδο-

2254 1572 2393 1638 νίας,
2424 1572 2546 1635 ὼςῦ
2579 1571 2768 1643 ἄρχων
2800 1569 3142 1641 Βουλγαρίας
3172 1568 3401 1639 Συμεὼν
3458 1568 3712 1639 βούλεται
3751 1572 3841 1624 ἑκ·

2256 1662 2589 1734 στρατεῦσαι
2639 1659 2783 1716 κατὰ
2824 1658 3157 1731 Ῥωμανίας.
3230 1661 3292 1713 Ἦ
3344 1660 3402 1714 δὲ
3450 1662 3602 1715 αἰτία
3648 1662 3717 1715 δι’
3777 1666 3841 1735 ἢν

564 2226 855 2292 mercium,
886 2224 1340 2285 Thessalonicam
1374 2230 1793 2293 transtulerunt.
1827 2241 1881 2286 et
1913 2234 2153 2303 vectiga-

564 2320 710 2377 libus
746 2320 1014 2392 impositis
1042 2323 1280 2392 pessime
1309 2322 1577 2392 Bulgaros
1621 2334 2010 2380 exercuerunt.
2056 2323 2151 2381 His

567 2414 814 2469 Simeoni
845 2433 873 2470 ει
906 2414 1155 2486 Bulgaris
1186 2415 1534 2487 significatis,
1566 2418 1755 2473 eadem
1788 2416 1905 2473 haec
1928 2417 2151 2474 Simeon

565 2504 738 2562 LeOni
768 2505 1086 2577 imperatori
1115 2506 1247 2564 fecit
1283 2508 1594 2564 manifesta.
1624 2507 1944 2579 Imperator,
1981 2526 2008 2563 a
2051 2525 2152 2580 pa-

565 2606 652 2656 tre
696 2600 1050 2671 imperatorio
1095 2598 1304 2657 Musico
1345 2600 1512 2658 nimis
1553 2599 1748 2657 aﬂ‘ecto
1796 2600 2148 2673 praepeditus,

565 2704 765 2753 cuncta
792 2694 967 2751 nihilo
993 2695 1171 2767 magis
1198 2695 1513 2753 aestimavit.
1558 2694 1772 2753 Furens
1817 2698 1986 2768 igitur
2018 2693 2147 2751 Bul-

566 2802 736 2859 garus
773 2785 1045 2845 adversus
1095 2784 1380 2845 Romanos
1412 2789 1715 2846 exercitum
1747 2789 1986 2845 instruit.
2012 2788 2148 2855 Qui-

567 2880 675 2936 bus
731 2878 982 2947 auditis,
1037 2880 1207 2936 miltit
1271 2881 1573 2953 imperator
1622 2881 1889 2937 Crinitem
1943 2882 2150 2939 militia:

566 2973 893 3043 magistrum
944 2988 1068 3028 cum
1104 2973 1273 3030 armis
1314 2989 1379 3030 ac
1413 2974 1600 3031 multis
1649 2974 1799 3032 urbis
1829 2975 2148 3047 proceribus

565 3064 834 3122 adversus
867 3063 1166 3137 Bulgaros:
1214 3078 1576 3140 consertaque
1628 3084 1811 3140 pugna
1864 3069 1920 3123 in
1970 3066 2147 3125 Mace-

566 3156 755 3227 donia,
783 3166 1073 3214 vertuntur
1110 3158 1165 3237 in
1200 3157 1383 3231 fugam
1412 3160 1670 3226 Romani,
1700 3163 1821 3232 ipso
1846 3160 2076 3226 Crinite,
2094 3169 2148 3217 et

2257 2243 2345 2297 μει
2389 2224 2484 2279 τοῦ
2522 2224 2806 2280 Μουσικοῦ
2867 2225 3157 2296 διέστησαν
3182 2228 3281 2297 τὴν
3306 2229 3365 2280 ὲν
3397 2229 3463 2298 τῇ
3503 2225 3661 2280 πόλει
3700 2244 3839 2299 πραο

2251 2317 2523 2388 γματείαν
2554 2318 2664 2371 τῶν
2724 2318 3048 2390 Βουλγάρων
3092 2321 3151 2373 ὲν
3188 2321 3582 2394 Θεσσαλονίκῃ,
3639 2321 3829 2386 κακῶς

2252 2413 2379 2474 τοὺς
2402 2411 2748 2483 Βουλγάρους
2771 2411 3110 2478 διοικοῦντες
3138 2413 3195 2466 ὲν
3228 2414 3306 2483 τῷ
3334 2414 3833 2488 κουμερκεύεινγυὶ

2252 2503 2310 2557 δὲ
2338 2503 2639 2575 Βούλγαροι
2671 2504 2766 2560 τοῦ
2792 2503 2918 2577 [τῷ]
2969 2503 3196 2576 Συμεὼν
3229 2505 3342 2577 (65)
3375 2506 3549 2561 ταῦτα
3574 2509 3837 2579 ἀνήγγει-

2250 2597 2350 2652 λαν
2373 2612 2388 2627 '
2424 2599 2451 2651 6
2480 2597 2538 2652 δὲ
2567 2597 2708 2668 δῆλα
2740 2598 3043 2669 πεποίηκεν
3081 2599 3161 2671 τῷ
3194 2600 3413 2670 βασιλεῖ
3442 2600 3659 2656 Λέοντι.
3700 2602 3760 2659 '0
3782 2602 3835 2658 δὲ

2254 2688 2507 2763 βασιλεὺς
2540 2690 2646 2744 ὑπὸ
2675 2688 2768 2743 τοῦ
2801 2689 3262 2763 βασιλεοπάτορος
3284 2693 3631 2764 κωλυόμενος
3664 2712 3836 2767 προσ-

2251 2782 2556 2847 παθοῦντος
2620 2783 2906 2855 Μουσικῷ,
2963 2785 3146 2841 πάντα
3203 2784 3281 2851 ὼς
3341 2785 3510 2858 λῆρον
3576 2787 3832 2858 ἤκουσεν.

2250 2875 2459 2939 Μανεὶς
2480 2873 2574 2929 οῦν
2604 2876 2632 2929 6
2653 2875 2967 2948 Βούλγαρος
3002 2876 3359 2950 ὲκστρατεύει
3388 2878 3532 2935 κατὰ
3554 2881 3670 2933 τῶν
3709 2881 3834 2935 Ῥω-

2254 2968 2451 3041 μαίων.
2475 2968 2587 3023 Καὶ
2615 2968 2806 3041 μαθὼν
2836 2969 3012 3025 ταῦτα
3037 2971 3066 3024 6
3099 2969 3355 3042 βασιλεὺς
3385 2970 3714 3026 ἀποστέλλει
3744 2970 3833 3026 τὸν

2216 3120 2219 3123 _
2250 3062 2517 3135 Κρινίτην
2548 3062 2929 3135 στρατηλάτην
2962 3064 3107 3119 κατὰ
3156 3063 3266 3117 τῶν
3320 3064 3648 3138 Βσυλγάρων
3688 3063 3829 3136 μετὰ

2250 3154 2431 3208 ὃπλων
2470 3155 2566 3209 καὶ
2601 3155 2882 3226 ἀρχόντων
2917 3154 3132 3241 πολλῶν
3161 3156 3262 3227 τῆς
3292 3157 3525 3223 πόλεως,
3556 3156 3654 3210 καὶ
3695 3173 3831 3227 συμ-

565 3250 800 3308 Cortice
827 3252 1114 3319 Armenio,
1146 3253 1468 3325 caeterisque
1508 3256 1765 3311 omnibus
1807 3255 2031 3312 occisis.
2066 3254 2145 3311 Ex

2250 3248 2413 3322 ϐολῆς
2464 3249 2766 3320 γενομένης
2819 3252 2879 3305 ὲν
2915 3251 3228 3325 Μακεδονίᾳ
3267 3251 3402 3323 (66),
3430 3253 3734 3325 τρέπονται
3778 3252 3828 3307 οξ

567 3344 835 3402 Chazaris
857 3344 950 3416 qui
981 3346 1279 3402 auxiliares
1308 3345 1475 3403 Leoni
1505 3349 1864 3417 advenerant,
1899 3364 2150 3418 compre-

568 3438 754 3505 hensi,
796 3439 1137 3511 naribusque
1173 3441 1408 3512 pracisi,
1447 3441 1499 3497 in
1541 3449 1912 3511 contemptum
1945 3443 2150 3498 Roma-

568 3549 767 3590 norum
818 3533 886 3590 ad
942 3533 1136 3591 urbem
1185 3551 1216 3591 a
1255 3534 1511 3591 Simeone
1542 3536 1758 3592 remissi
1814 3546 1963 3592 sunt.
2000 3536 2149 3603 Quos

568 3628 872 3700 imperator
896 3627 1252 3699 conspicatus
1274 3637 1328 3684 et
1356 3643 1624 3685 accensus
1665 3628 1767 3691 ira.
1807 3629 1959 3685 misit
1992 3620 2150 3685 Nice-

567 3728 707 3785 tam,
725 3728 1091 3792 cognomento
1115 3718 1356 3776 Sclerum
1384 3720 1450 3776 ad
1470 3711 1709 3776 Danubii
1739 3719 1981 3779 ﬂuminis
2000 3721 2147 3793 ripas

566 3826 697 3870 cum
721 3812 1000 3869 celocihus
1020 3827 1250 3869 munera
1268 3806 1464 3869 Turcis
1486 3812 1821 3879 oblaturum,
1836 3819 1889 3867 et
1906 3811 1973 3867 ad
1994 3818 2146 3867 arma

569 3912 765 3960 contra
818 3902 1138 3960 Simeonem
1196 3896 1584 3959 excitaturum.
1614 3902 1900 3959 Profectus
1954 3903 2046 3959 ille
2091 3913 2148 3959 et

567 3997 880 4054 collocutus
905 3996 1072 4053 etiam
1102 4012 1227 4053 cum
1258 3995 1533 4067 capitibus
1562 3995 1780 4067 Arpade
1811 4006 1865 4051 et
1907 3994 2146 4063 Cusane,

567 4090 625 4146 in
660 4088 786 4145 belli
839 4088 1165 4145 societatem
1224 4088 1697 4146 consentientibus
1728 4089 1860 4155 illis,
1908 4089 2147 4161 acceptis

567 4179 875 4245 obsidibus,
904 4178 972 4235 ad
1014 4179 1400 4250 imperatorem
1430 4178 1611 4235 rediit.
1658 4177 1752 4236 ille
1784 4195 2003 4236 rursum
2040 4181 2148 4235 Eu-

568 4272 834 4331 stathium
889 4271 1185 4343 patricium
1234 4280 1288 4327 et
1338 4271 1536 4328 classis
1566 4273 1925 4345 drungarium
1982 4274 2144 4339 mari,

566 4377 712 4427 terra
750 4380 881 4423 vero
913 4363 1287 4437 Nicephorum
1340 4364 1636 4431 patricium
1699 4377 1753 4421 et
1799 4364 2061 4433 Phocam,
2091 4375 2147 4423 et

564 4453 843 4532 legionum
867 4457 1226 4514 domesticum
1255 4456 1489 4527 delegat,
1513 4458 1607 4529 qui
1636 4455 1944 4528 Bulgariam
1969 4475 2145 4530 usque

564 4558 1013 4622 penetraverunt.
1046 4548 1203 4606 Pacis
1247 4550 1598 4619 postmodum
1640 4550 1875 4622 cupidus
1906 4551 2142 4623 impera-

562 4652 671 4710 tor,
703 4639 1192 4699 Constantinacem
1241 4651 1569 4712 quaestorem
1602 4642 1670 4697 de
1707 4657 1841 4713 pace
1888 4657 2012 4699 cum
2056 4642 2138 4699 Si-

561 4748 757 4790 meonc
790 4731 1175 4789 consulturum
1224 4732 1392 4789 misit.
1432 4731 1654 4788 Si'meon
1702 4748 1854 4789 arma
1914 4735 2141 4791 bellum-

565 4841 673 4898 que
708 4833 854 4881 terra
886 4830 941 4881 et
980 4824 1124 4880 mari
1184 4824 1241 4879 in
1276 4836 1337 4879 se
1395 4831 1543 4879 mota
1581 4824 1949 4894 conspiciens,
1996 4842 2145 4898 qua:-

565 4930 769 4975 storem
806 4917 964 4989 quasi
994 4916 1185 4974 dolose
1215 4924 1466 4989 agentem
1495 4916 1600 4973 sub
1627 4916 1878 4973 custodia
1901 4918 2141 4977 inclusit.

566 5010 826 5068 Simeonc
857 5027 989 5067 vero
1018 5024 1139 5068 cum
1172 5008 1375 5069 Phoca’e
1400 5011 1576 5081 copiis
1622 5022 1913 5084 occupato,
1951 5010 2139 5083 Turci,

562 5106 789 5176 traiecto
819 5103 1089 5172 Danubio,
1116 5108 1288 5163 totam
1334 5104 1647 5176 Bulgariam
1676 5107 1945 5176 captivam
1975 5105 2143 5180 478

561 5200 760 5256 fecere.
808 5196 906 5255 llis
936 5198 1138 5255 auditis
1164 5197 1388 5255 Simeon
1412 5205 1597 5254 movet
1619 5198 1882 5257 adversus
1904 5197 2139 5258 Turcos.

560 5290 645 5349 Illi
674 5291 730 5349 in
764 5290 1097 5351 contrariam
1131 5293 1308 5365 ripam
1337 5299 1685 5350 transeuntes
1735 5307 1860 5349 cum
1892 5284 2145 5366 Bulgaris

2265 3343 2527 3416 Ῥωμαῖοι
2554 3346 2856 3416 σφαγέντος
2890 3344 2985 3400 τοῦ
3018 3344 3259 3417 Κρινίτοι
3284 3386 3300 3412 ,
3332 3344 3428 3399 καὶ
3458 3343 3550 3399 τοῦ
3587 3343 3828 3416 ’Δρμένη

2248 3438 2345 3492 τοῦ
2378 3432 2651 3510 Κορτίκη,
2690 3438 2784 3492 καὶ
2813 3438 2921 3492 τῶν
2968 3438 3176 3492 λοιπῶν
3202 3437 3444 3494 πάντων.
3490 3438 3587 3492 Ἐκ
3624 3436 3687 3490 δὲ
3721 3435 3829 3489 τῶν

2248 3529 2526 3601 Χαζάρων
2583 3529 2633 3585 οἳ
2687 3525 2829 3603 ἦσαν
2881 3532 2963 3595 είς
3012 3529 3112 3602 τὴν
3150 3530 3400 3602 ἑταιρίαν
3451 3530 3548 3584 τοῦ
3602 3529 3829 3594 Λέοντος

2249 3621 2641 3694 κρατηθέντες,
2682 3623 2897 3688 καὶτὰς
2931 3624 3087 3695 ῥῖνας
3123 3622 3304 3678 αὐτῶν
3340 3625 3601 3688 κοπέντες
3634 3625 3718 3689 είς
3740 3623 3823 3677 al-

2250 3713 2456 3785 σκύνην
2500 3714 2791 3787 Ῥωμαίων
2833 3717 2898 3769 ὲν
2957 3718 3023 3789 τῇ
3071 3716 3227 3770 πόλει
3256 3717 3408 3787 παρὰ
3458 3716 3688 3787 Συμεὼν
3721 3717 3826 3771 άπ-

2249 3806 2560 3879 εστάλησαν
2581 3824 2596 3840 ·
2629 3806 2723 3871 οὓς
2758 3806 2885 3861 ἰδὼν
2913 3810 2941 3863 6
2975 3806 3249 3878 βασιλεὺς,
3288 3808 3384 3862 καὶ
3410 3807 3691 3880 θυμωθεὶς
3720 3811 3826 3862 ἀπο

2248 3899 2490 3955 έστειλεν
2530 3900 2803 3973 Νικήταν,
2833 3901 2924 3955 τὸν
2956 3900 3345 3974 ἐπιλεγόμενον
3390 3901 3661 3975 Σκληρδν,
3689 3902 3826 3975 μετὰ
3846 3900 3857 3941 ί

2245 3993 2541 4066 δρομὼνων
2564 3995 2622 4049 ἐν
2647 3994 2721 4066 τῷ
2747 3995 2978 4066 ποταμῷ
3010 3994 3106 4050 τοῦ
3146 3995 3441 4050 Λανουϐίου
3474 3995 3659 4050 δοῦναι
3679 3996 3824 4068 δῶρα

2245 4091 2358 4153 τοῖς
2388 4077 2678 4160 Τούρκοις,
2709 4087 2967 4161 καὶπρὸς
3018 4088 3258 4161 πόλεμον
3296 4090 3517 4160 κινῆσαι
3552 4089 3693 4160 μετὰ
3729 4089 3824 4143 Συ-

2250 4180 2416 4253 μεών.
2455 4180 2515 4235 '0
2546 4181 2602 4234 δὲ
2624 4180 2894 4249 ἀπελθὼν,
2928 4182 3021 4236 καὶ
3055 4179 3335 4250 συντυχὼν
3370 4179 3467 4235 καὶ
3494 4181 3619 4257 ταῖς
3659 4196 3823 4249 κιφα-

2248 4272 2371 4339 λαῖς
2413 4271 2666 4345 Ἀρπάδη
2716 4274 2812 4329 καὶ
2869 4274 3129 4349 Κουσάνῃ
3171 4274 3267 4328 καὶ
3299 4274 3644 4344 συνθεμένων
3671 4271 3823 4327 πολε-

2249 4367 2443 4439 μῆσαι,
2466 4368 2712 4440 ὁμήρους
2745 4368 2927 4424 λαϐὼν
2948 4365 3081 4442 ἦλθε
3111 4370 3248 4440 πρὸς
3272 4369 3365 4424 τὸν
3395 4367 3641 4440 βασιλέα.
3672 4370 3732 4423 Ὀ
3768 4367 3822 4423 ιι

2249 4459 2505 4531 βασιλεὺς
2528 4461 2692 4516 πάλιν
2727 4461 2817 4517 διὰ
2847 4461 2946 4532 τῆς
2978 4461 3258 4534 θαλάσσης
3277 4461 3596 4517 ἀπέστειλεν
3616 4461 3822 4517 Εὗστά-

2248 4554 2362 4608 θιον
2397 4555 2690 4626 πατρίκιον
2736 4554 2832 4609 καὶ
2862 4544 3225 4627 δρουγγάριον
3253 4555 3363 4610 τῶν
3409 4554 3681 4627 πλοΐμων,
3722 4555 3819 4610 Νι-

2244 4649 2487 4722 κηφόρον
2530 4650 2587 4707 δὲ
2630 4649 2923 4723 πατρίκιον
2972 4650 3067 4703 τὸν
3107 4650 3303 4703 Φωκᾶν
3357 4649 3451 4705 καὶ
3504 4648 3819 4720 δομέστικον

2248 4744 2387 4815 μετὰ
2415 4742 2521 4799 τῶν
2575 4743 2833 4814 θεμάτων
2876 4741 3202 4799 ἀπέστειλεν
3245 4742 3335 4797 διὰ
3368 4742 3494 4813 γῆς,
3526 4742 3628 4796 καὶ
3658 4736 3818 4816 ἦλθεν

2248 4836 2410 4907 μέχρι
2463 4836 2830 4908 Βουλγαρίας.
2888 4826 2955 4891 Ὅ
3013 4834 3072 4889 δὲ
3129 4834 3387 4907 βασιλεὺς
3435 4834 3538 4907 τὴν
3599 4834 3818 4907 signﬁqu

2244 4930 2628 5001 ἀσπαζόμενος
2672 4934 2809 5002 μετὰ
2838 4930 2997 4985 τοῦτο
3025 4931 3317 4986 ἀπέστειλε
3347 4930 3441 4985 καὶ
3474 4928 3843 4996 Κωνειτιιντι-⁴

2247 5022 2423 5094 νάκην
2458 5023 2794 5096 κοιαίστωρα
2851 5024 2986 5097 πρὸς
3017 5023 3284 5097 Συμεῶνα
3326 5023 3395 5078 τά
3430 5021 3561 5093 περὶ
3596 5022 3819 5093 εἰρήνης

2248 5115 2703 5186 συμϐουλεύοντα.
2738 5117 2963 5189 Συμεὼν
3008 5118 3090 5185 δὲ,
3137 5118 3237 5191 τὴν
3266 5116 3389 5173 κατ’
3410 5115 3578 5172 αὑτοῦ
3610 5118 3816 5187 κίνησιν

2246 5207 2337 5262 διά
2358 5226 2417 5263 τε
2441 5213 2544 5279 γῆς
2570 5213 2665 5265 καὶ
2694 5208 2975 5284 θαλάσσης
3009 5211 3155 5278 ἰδὼν,
3174 5213 3233 5267 ὲν
3254 5212 3469 5284 φρουρᾷ
3503 5208 3813 5267 κατακλείει

2211 5315 2214 5318 '
2255 5299 2347 5353 τὸν
2379 5300 2734 5373 κοιαίστωρα,
2772 5302 2847 5367 ὡς
2892 5304 2987 5358 ἐπὶ
3029 5301 3167 5375 δόλῳ
3198 5302 3443 5358 ἐλθόντα.
3476 5300 3814 5374 Περάσαντες

1720 5404 1974 5464 FRANC.
1997 5407 2389 5467 COMBEFISII
2426 5411 2661 5469 NOTAE.

638 5502 751 5582 (ﬂ)
789 5498 1547 5582 Adul’terii_consuetudinem
1574 5518 1700 5582 cum
1742 5502 2135 5582 Zoe_l_iahui_sse

560 5574 801 5633 Leonem
845 5577 1005 5632 docet
1047 5574 1328 5648 Cedrenus
1371 5577 1535 5648 etiam
1561 5577 1816 5648 vivente
1843 5575 2135 5648 Theopha-

562 5662 727 5717 none.
749 5655 899 5715 utea
917 5660 1085 5703 causa
1111 5646 1277 5702 fuerit
1298 5647 1571 5717 propitiati
1603 5647 1719 5701 viro
1744 5646 1891 5703 illius
1912 5646 2129 5703 veneni.

2245 5511 2674 5595 citius‘m‘axi‘me
2706 5510 2956 5595 consiliis
2985 5524 3162 5581 remp.
3190 5518 3427 5595 regeret.
3449 5581 3471 5595 ρ
3642 5580 3655 5595 .
3740 5580 3755 5593 .

2314 5582 2424 5653 (65)
2456 5582 2830 5654 De_Symeone
2861 5583 3021 5654 plura
3057 5592 3247 5639 auctor
3286 5581 3423 5638 Vita:
3449 5581 3611 5638 Lucae
3636 5581 3814 5652 iunio.

2240 5652 2477 5735 toni.
2508 5652 2546 5705 ll
2583 5652 2805 5735 Auctar‘.
2833 5653 3132 5735 decerpta,
3157 5669 3228 5735 ac
3251 5655 3565 5735 pmpediem
3604 5654 3813 5725 pleniul

560 5720 636 5793 Τὸ
684 5714 1118 5793 βασιλεοπάτωρ,
1148 5714 1343 5772 titulus
1377 5714 1417 5771 a'
1446 5715 1628 5772 Leone
1672 5719 1947 5793 inventus,
1986 5719 2130 5774 idem

2247 5722 2502 5778 Bollando
2535 5738 2723 5780 mense
2759 5714 3056 5779 Februario
3092 5714 3479 5793 producenda.

560 5792 676 5844 fere
702 5788 1225 5861 αιιὶίσυμπένθερος,
1252 5803 1519 5861 consocer,
1542 5802 1644 5861 seu
1678 5790 1866 5853 etiam,
1893 5791 1922 5843 6
1954 5806 2133 5861 napa-

556 5859 931 5919 δυναστεύων·
963 5861 1053 5916 cui
1080 5868 1341 5932 tanquam
1369 5859 1511 5931 patri
1540 5859 1842 5931 imperator
1870 5860 2129 5931 deferret,

2314 5795 2426 5870 (θὸ)
2461 5794 2553 5852 Sic
2581 5795 3014 5874 etAnonymus.
3047 5796 3233 5865 Goar.,
3261 5797 3319 5850 ὲν
3380 5796 3685 5881 Ῥωμανίᾳ.
