4072 6296
498 383 632 446 1103
1743 349 2020 435 ηοω
2055 373 2536 434 GRAMMATICI
3625 369 3759 433 uos

492 504 698 562 rulum,
726 495 901 550 donec
930 492 1037 548 Leo
1063 492 1322 562 magister
1351 501 1400 548 et
1427 490 1801 544 Thcodotaees
1831 486 2077 542 criminis

2182 487 2280 556 τῆς
2327 488 2536 555 βίγλαε,
2567 489 2658 557 καὶ
2701 487 3105 557 προϐαλόμενος
3143 487 3344 541 Πάνδον
3369 486 3480 557 (69)
3515 487 3628 539 υἱον
3661 487 3758 537 Νι-

492 609 586 648 ros
617 589 1002 644 convicissent.

2185 580 2384 632 κολάου
2418 579 2769 650 ἐταιριάρχου
2799 579 2986 632 αὐτοῦ.
3033 581 3090 632 '0
3137 581 3246 648 γὰρ
3296 581 3561 641 Νικόλαος
3605 574 3761 633 οὗτος

495 684 888 757 σομφιλιωθεὶς
946 682 1024 753 τῷ
1081 682 1294 752 βασιλεῖ
1346 678 1622 748 κατάδηλα
1678 676 1852 731 ἐποίει
1917 675 2064 747 αὐτῷ
2104 673 2288 728 πάντα
2313 676 2380 728 τὰ
2410 674 2505 728 τοῦ
2538 675 2804 740 Ζαούτξα.
2870 677 2981 729 Καὶ
3053 676 3239 728 ἔκτοτε
3263 677 3361 728 οὐκ
3409 677 3696 744 εἰσήρχετο
3736 675 3764 724 ὀ

497 782 750 854 βασιλεὺς
781 781 861 842 εἰς
890 778 950 830 τὸ
995 777 1204 831 κελλίον
1247 775 1340 830 τοῦ
1373 775 1637 838 Ζαούτζα,
1683 773 1788 838 ἕως
1864 770 1931 826 ἂν
1992 771 2144 825 Λέων
2187 770 2487 841 μάγιστρος
2519 769 2614 822 καὶ
2640 770 2667 821 6
2695 768 3032 838 Θεοδοτάκης
3076 767 3364 838 διήλεγξαν
3393 767 3506 836 (70)
3536 765 3762 829 αὐτούς.

569 875 798 930 Moritur
839 881 1019 926 autem
1053 870 1388 940 Theophano
1419 870 1663 940 Augusta
1710 876 1834 939 post
1865 866 2076 937 imperii

2255 867 2495 938 Τελευτᾷ
2540 867 2596 920 δὲ
2648 863 2907 935 Θεοφανὼ
2952 865 3238 932 Αὑγοῦοτα
3275 863 3640 933 βασιλεύσασα
3667 865 3762 934 ἔτη

494 984 666 1023 annos
696 967 1004 1030 duodecim,
1034 981 1198 1035 quam
1225 965 1375 1020 brevi
1410 963 1586 1034 spatio
1617 962 1876 1032 temporis
1907 961 2078 1015 inter-

490 1061 656 1130 jecto,
711 1056 1070 1126 operatricem
1130 1055 1536 1119 miraculorum,
1593 1053 1739 1122 quod
1797 1053 2078 1122 zelotypiae

493 1162 546 1206 et
578 1149 902 1217 injuriarum
931 1147 1208 1202 memoria:
1235 1147 1370 1201 vitio
1397 1144 1593 1200 fuisset
1618 1145 1898 1210 immunis,
1933 1143 2077 1200 Deus

491 1222 733 1297 estendit
767 1256 780 1294 :
813 1251 876 1295 et.
906 1239 1031 1310 quia
1072 1240 1437 1309 eleemosynis
1479 1248 1531 1292 et
1577 1238 1923 1295 orationibus
1978 1251 2072 1306 per

497 1350 683 1390 sacras
706 1333 969 1389 ecclesias
989 1331 1219 1388 assidue
1251 1329 1362 1385 Deo
1386 1338 1661 1385 vacasset.
1703 1329 1946 1383 Ceronat
1972 1343 2072 1380 au-

499 1438 603 1480 tem
636 1426 743 1479 Leo
780 1426 1073 1494 imperator
1105 1422 1251 1479 Zoen
1293 1421 1510 1478 Zautzae
1534 1421 1721 1488 ﬁliam,
1765 1431 1817 1476 et
1847 1437 1971 1476 cum
2011 1436 2072 1476 ea

497 1517 796 1586 nuptialem
844 1514 1284 1569 benedictionem
1321 1514 1511 1577 subiit,
1546 1514 1731 1568 clerici
1785 1513 2074 1582 cujusdam

494 1628 523 1663 e
560 1610 762 1678 palatio
802 1615 1168 1679 cognomento
1202 1605 1447 1678 Synapes
1482 1605 1816 1660 ministerio.
1853 1604 2078 1660 Benedi-

494 1704 692 1756 ctionis
740 1701 989 1755 minister
1020 1698 1202 1755 olIicio
1237 1699 1518 1770 depositus
1555 1707 1658 1753 est.
1693 1696 1793 1752 llla
1819 1712 1949 1753 vero
1993 1713 2078 1752 re-

495 1796 677 1864 gnarit
704 1809 909 1848 annum
944 1808 1114 1848 unum
1143 1800 1199 1847 et
1245 1806 1465 1847 menses
1506 1799 1651 1846 octo.
1705 1789 1816 1845 Zoe
1849 1790 1938 1846 isti
1982 1790 2076 1844 de-

495 1898 724 1944 mortua:
785 1888 1040 1942 inventus
1119 1895 1203 1941 est
1263 1885 1480 1940 loculus
1553 1885 1620 1939 ad
1689 1898 1890 1954 corpus
1956 1883 2076 1952 ejus

2180 959 2390 1013 δώδεκα
2412 974 2423 987 ⁸
2456 962 2522 1030 ἣν
2552 959 2611 1012 οὐ
2650 958 2788 1028 μετὰ
2810 957 3012 1021 πολλὰς
3043 957 3254 1029 ἡμέρας
3281 956 3548 1021 ἀνέδειξεν
3579 961 3604 1010 6
3631 958 3766 1020 θεὸς

2183 1051 2599 1123 θαυματουργὺν
2627 1052 2714 1104 διὰ
2750 1052 2810 1103 τὸ
2860 1049 3200 1122 ἀζηλότυπον
3241 1049 3410 1120 αὐτῆς
3443 1051 3535 1102 καὶ
3582 1050 3765 1120 ἀμνη-

2186 1145 2431 1209 σίκακον,
2457 1146 2551 1197 καὶ
2584 1143 2672 1196 διὰ
2700 1143 2761 1196 τὸ
2789 1145 2846 1196 ἐν
2875 1142 3272 1214 ἐλεημοσύναις
3305 1144 3398 1196 καὶ
3435 1136 3770 1212 προσευχαῖξ

2181 1239 2544 1300 ἀδιαλείπτως
2572 1239 3008 1308 προσκαρτερεῖν
3033 1235 3112 1307 τῷ
3135 1236 3252 1303 Θεῷ
3280 1237 3373 1288 καὶ
3394 1241 3524 1298 -ταῖς
3577 1236 3768 1304 ἁγίαις

2179 1331 2522 1400 ἐκκλησίαις.
2576 1332 2771 1400 Στέφει
2820 1330 2875 1382 δὲ
2906 1330 3060 1383 Λέων
3111 1332 3138 1381 6
3173 1329 3424 1399 βασιλεὺς
3473 1329 3629 1398 Ζωὴν
3667 1327 3772 1396 τὴν

2180 1426 2451 1494 θυγατέρα
2483 1425 2747 1490 Ζαούτςα,
2785 1425 2876 1477 καὶ
2901 1424 3204 1491 εὐλογεῖται
3247 1421 3367 1491 μετ’
3405 1421 3574 1489 αὐτῆς
3614 1421 3772 1490 παρὰ

2179 1514 2442 1585 κληρικοῦ
2475 1515 2568 1568 τοῦ
2604 1514 2869 1569 παλατίου
2902 1508 2945 1583 ᾧ
2994 1514 3225 1582 ἐπίκλην
3281 1513 3544 1583 Σινάπης.
3581 1514 3693 1566 Καὶ
3743 1515 3773 1564 6

2183 1609 2281 1678 μὲν
2333 1608 2635 1677 εὐλογήσας
2668 1605 2946 1677 καθῃρέθη
2982 1605 3115 1678 (71).
3184 1604 3246 1658 Ἠ
3297 1605 3352 1658 δὲ
3414 1606 3772 1658 ἐϐασίλευσεν

2177 1698 2298 1761 ἔτος
2352 1697 2433 1762 ἐν,
2488 1700 2664 1768 μῆνας
2723 1698 2886 1750 ὀκτώ.
2922 1697 3334 1768 Τελευτηςάσης
3379 1696 3434 1748 δὲ
3467 1699 3563 1768 τῆς
3594 1696 3773 1766 αὐτῆς

2177 1792 2331 1862 Ζωῆς
2363 1789 2612 1861 λάρνακα
2646 1789 2877 1860 ἐφεῦρεν
2927 1791 3006 1853 είς
3043 1789 3102 1843 τὸ
3134 1789 3464 1860 ἀποτεθῆναι
3497 1790 3558 1842 τὸ
3605 1789 3776 1858 σῶμα

2178 1884 2351 1954 αὐτῆς
2383 1883 2614 1955 ἔχουσαν
2636 1881 2846 1936 ἔνδοθεν
2869 1883 3175 1955 γράμματα
3212 1882 3600 1951 κεκολαμμένα
3629 1897 3775 1951 γρα-

493 1980 870 2051 deponendum
905 2019 922 2045 ,
979 1979 1224 2049 sculptas
1278 1979 1426 2033 intus
1497 1979 1838 2048 scriptaeque
1890 1991 2077 2047 gerens

2184 1977 2349 2047 φέντα
2379 1977 2552 2041 οὕτως
2573 1993 2587 2006 ·
2625 1976 2900 2044 Θυγάτηρ
2915 1975 3277 2041 Βαϐυλῶνος
3296 1976 3332 2043 ἡ
3363 1975 3772 2042 ταλαίπωρος.

495 2070 703 2124 litteras
737 2068 1047 2123 istiusmodi
1083 2083 1097 2121 :
1136 2065 1285 2120 Filia
1312 2066 1603 2136 Babylonis
1638 2069 1852 2121 misera.
1891 2069 2072 2121 Accu-

493 2163 596 2216 sali
631 2170 970 2235 suntautem
1001 2161 1145 2231 apud
1181 2161 1568 2231 imperatorem
1604 2159 1710 2215 Leo
1745 2160 1990 2215 Musicus
2021 2168 2076 2214 et

497 2253 840 2321 Stauracius,
866 2255 1021 2326 quasi
1053 2270 1281 2308 munera
1310 2269 1337 2308 a
1365 2256 1502 2309 duce
1525 2255 1709 2324 aliquo
1734 2264 1787 2309 et
1822 2253 2075 2310 oﬂiciali-

497 2347 596 2399 bus
631 2347 993 2417 accepissent,
1016 2355 1076 2401 ut
1109 2345 1504 2403 intercessione
1535 2347 1678 2416 apud
1729 2347 2077 2417 imperatoris

496 2449 701 2507 patrem
732 2453 826 2493 eos
855 2439 1132 2508 jurarent.
1162 2437 1459 2493 ~Stauracio
1488 2439 1671 2508 itaque
1718 2455 1836 2493 cum
1875 2439 2076 2493 ducum

495 2531 918 2600 alicujuslihello
939 2532 1002 2586 ad
1033 2530 1290 2587 Zautzam
1310 2532 1579 2603 ingresso,
1604 2540 1662 2586 ut
1686 2547 1808 2586 eum
1841 2533 2077 2601 impera-

495 2634 580 2678 tor
599 2625 665 2678 ad
684 2624 1028 2694 horologium
1061 2625 1240 2680 solare
1270 2636 1425 2680 stans
1453 2625 1764 2695 conspexit,
1790 2625 2073 2679 hominem

495 2732 634 2786 pone
651 2725 870 2771 secutus
887 2725 1045 2783 est,et
1062 2718 1690 2788 cerviceapprehensum
1708 2717 1854 2771 foras
1872 2718 2077 2773 eduxit.

499 2809 651 2864 Utdc
679 2809 834 2864 ducis
853 2813 1068 2880 negotio
1093 2811 1447 2880 interrogavit
1470 2811 1768 2874 hominem,
1799 2811 1864 2864 ad
1897 2809 2082 2865 Mono-

498 2903 712 2972 thyrum
735 2902 977 2969 traxit,et
995 2903 1226 2958 sublatis
1244 2919 1273 2956 e
1297 2918 1458 2958 manu
1489 2903 1713 2968 tabulis,
1739 2912 1795 2956 et
1818 2903 1871 2957 in
1897 2917 2080 2958 aerem

500 2989 762 3060 projectis
793 2999 848 3044 et
897 2992 1167 3054 excussis,
1226 2992 1400 3045 obviis
1446 2991 1772 3062 quibusdam
1816 3007 1846 3046 c
1883 2993 2084 3063 palatio

498 3081 897 3136 extrudendum
956 3082 1203 3148 tradidit,
1235 3093 1288 3138 et
1333 3086 1605 3154 praecepit
1653 3083 2082 3140 dctundeudum.

502 3170 578 3224 Eo
606 3173 839 3240 cognito,
876 3171 1117 3231 Musicus
1149 3175 1552 3246 desperationis
1583 3189 1732 3233 motu
1763 3179 2081 3249 angebatur.

500 3262 636 3317 Tum
691 3265 992 3334 imperator
1072 3269 1351 3338 ingressus
1416 3271 1616 3336 locum,
1669 3286 1778 3341 quo
1841 3271 2082 3329 Musieus

499 3350 722 3409 Zautzaa
755 3362 940 3412 astans
962 3359 1318 3425 consistebat,
1349 3376 1470 3414 cum
1505 3363 1644 3416 collo
1675 3364 2075 3434 apprehensum

501 3450 725 3502 trudens
755 3450 985 3519 expulit,
1021 3462 1074 3506 et
1112 3451 1509 3522 ChristOphoro
1552 3457 1899 3511 cubiculario
1934 3458 2078 3515 inter

502 3539 745 3594 Studitas
777 3540 1184 3605 abducendum,
1219 3553 1271 3598 et
1301 3549 1602 3600 monastica
1636 3531 1950 3616 paenitentia
1984 3565 2076 3604 su-

500 3632 793 3700 bigendum
827 3634 1070 3689 tradidit.
1122 3635 1332 3690 Modico
1379 3647 1503 3706 post
1552 3637 1786 3695 Zautzas
1846 3641 2079 3696 moritur

502 3723 554 3776 in
618 3724 845 3793 palatio,
901 3740 1214 3796 corpusque
1266 3742 1361 3796 per
1425 3729 1819 3786 Bucoleontem
1874 3733 2076 3788 elatum

502 3816 553 3866 tu
587 3815 768 3870 Caulae
806 3820 1200 3874 monasterium
1232 3820 1429 3877 ibidem
1463 3822 1836 3892 sepeliendum
1871 3825 2080 3881 detule-

501 3917 647 3962 runt.

570 4001 698 4056 l‘ost
728 4001 942 4059 Zautzze
977 4014 1231 4071 mortem,
1287 4006 1522 4065 Basilius
1568 4024 1856 4082 operarum
1903 4013 2078 4085 regia-

502 4108 620 4146 rum
658 4095 946 4163 praefectus
979 4096 1188 4153 Nicolai
1218 4098 1590 4157 helaeriarchaa
1621 4103 1789 4171 ﬁlius,
1823 4103 2078 4161 Samona:

502 4185 841 4241 cubiculario
883 4203 949 4243 ex
995 4189 1382 4260 Agarenorum
1405 4209 1606 4264 genere
1666 4207 1790 4251 orto
1839 4198 2077 4252 amicitia

497 4276 730 4344 junctus
760 4288 862 4341 est,
897 4288 952 4333 et
981 4280 1195 4350 imperii
1227 4284 1529 4353 cupiditate
1553 4287 1780 4342 exarsit.
1830 4286 2081 4343 Santones

502 4385 628 4423 vero
655 4380 887 4425 mentem
912 4374 1248 4430 conﬁdenter
1282 4379 1534 4446 exposuit
1566 4397 1579 4432 :
1621 4380 1884 4436 Defuncta
1933 4397 2081 4438 nunc

502 4457 606 4514 Zoe
642 4471 935 4518 matertera
973 4476 1182 4531 nostra,
1213 4483 1437 4524 uxorem
1464 4474 1626 4526 aliam
1657 4476 1950 4542 imperator
1976 4476 2080 4532 sibi

500 4555 855 4621 i-opulaturus
885 4567 991 4621 est,
1024 4573 1238 4628 nosque
1260 4576 1450 4618 omnes
1482 4565 1757 4620 deleturus
1797 4585 1811 4622 :
1848 4569 1939 4623 sed
1963 4571 2083 4639 pol-

2177 2070 2552 2142 Διεὸλήοηπαν
2607 2070 2664 2122 δὲ
2719 2068 2814 2122 τοῦ
2877 2069 3142 2139 βασιλέως
3209 2070 3360 2123 Λέων
3392 2086 3451 2122 τε
3488 2071 3516 2122 ὁ
3557 2070 3776 2122 Μουσι-

2177 2163 2270 2224 κὸς
2291 2162 2425 2234 (72),
2453 2161 2548 2215 καὶ
2574 2165 2600 2215 6
2629 2163 2988 2233 Σταυράκιο;,
3020 2161 3092 2225 ὡς
3117 2162 3198 2215 ὅτι
3228 2162 3378 2234 παρὰ
3426 2159 3523 2214 τοῦ
3557 2177 3767 2233 στρατ-

2179 2257 2317 2329 ηγοῦ
2342 2260 2436 2312 καὶ
2451 2258 2813 2328 ὀφφικιαλίων
2845 2259 2957 2331 (75)
2975 2258 3343 2331 λαμϐάνοντες
3365 2258 3512 2330 δῶρα
3536 2258 3632 2312 καὶ
3668 2275 3776 2328 με·

2181 2349 2483 2414 σιτεύοντες
2514 2351 2649 2419 πρὸς
2681 2350 2771 2403 τὸν
2803 2349 3255 2421 βασιλεοπάτορα.
3285 2349 3394 2403 Καί
3425 2368 3553 2403 ποτε
3591 2349 3778 2402 εἰσελ-

2181 2446 2367 2510 θόντος
2422 2445 2516 2500 τοῦ
2551 2447 2891 2518 Σταυρακίου
2943 2446 3080 2518 μετὰ
3127 2446 3456 2517 γράμματος
3507 2447 3641 2515 πρὸς
3671 2446 3775 2497 τὸν

2181 2539 2478 2605 Ζαοῦτςαν,
2529 2540 2604 2604 ὡς
2635 2536 2772 2593 εἶδεν
2811 2537 2974 2593 αὑτὸν
3031 2541 3059 2594 6
3095 2539 3347 2609 βασιλεὺς
3403 2538 3572 2601 ἑστὼς
3601 2541 3658 2592 ἐν
3686 2538 3774 2606 τῷ

2181 2631 2410 2702 ἡλιακῷ,
2463 2631 2713 2702 εἰσῆλθεν
2742 2631 2966 2685 ὄπισθεν
3001 2630 3194 2694 αὑτοῦ,
3231 2633 3322 2684 καὶ
3353 2633 3630 2702 κρατήσας
3659 2632 3773 2684 αὒ-

2181 2724 2274 2777 τὸν
2309 2727 2372 2778 ἐκ
2413 2723 2505 2778 τοῦ
2554 2725 2800 2788 τένοντος
2835 2725 3104 2796 ἐξήγαγεν
3135 2725 3258 2791 ἔξω.
3307 2726 3395 2788 Ὠς
3427 2726 3590 2796 δῆθεν
3619 2725 3773 2795 ἐρώ-
3855 2725 3868 2744 ³

2184 2834 2316 2887 τησε
2358 2818 2486 2888 περὶ
2511 2817 2603 2870 τὸν
2650 2818 2954 2888 στρατηγὸν
2980 2815 3094 2889 (74)
3126 2818 3220 2871 καὶ
3248 2819 3328 2882 είς
3360 2819 3419 2872 τὸ
3449 2819 3773 2890 Μονόθυρον

2186 2907 2432 2978 ἀγαγὼν,
2468 2909 2649 2962 καὶτὰ
2674 2910 2975 2981 γράμματα
3022 2909 3181 2980 ἄρας,
3220 2911 3312 2963 καὶ
3355 2910 3771 2981 ἀποσφενδονή-

2189 3021 2285 3066 σας
2320 3004 2639 3071 παρέδωκεν
2668 3007 2778 3068 τοῖς
2804 3006 3178 3076 παρατυχοῦσι
3209 3005 3502 3075 ἐξαγαγεῖν
3525 3005 3616 3060 τοῦ
3654 3025 3771 3060 πα-

2185 3096 2391 3162 λατίου,
2438 3095 2813 3167 διορισάμενος
2850 3097 3173 3175 ἀποκεῖραι,
3202 3099 3385 3152 αὐτόν.
3443 3097 3648 3152 Μαθὼν
3700 3100 3771 3151 δὲ

2185 3187 2344 3243 τοῦτο
2370 3192 2398 3243 6
2421 3189 2695 3252 Μουσικὸς
2727 3191 2783 3243 ἐν
2810 3188 3114 3259 ἀπογνώσει
3143 3191 3352 3260 γέγονε.
3407 3191 3676 3246 Είσελθὼν
3703 3192 3771 3246 δὲ

2108 3322 2152 3382 c
2186 3283 2214 3335 6
2247 3281 2500 3352 βασιλεὺς
2551 3281 2679 3335 ἔνθα
2731 3282 2916 3336 ἵστατο
2965 3285 2995 3336 6
3043 3284 3317 3350 Μουσικὺς
3350 3285 3635 3355 παρεστὼς
3679 3285 3770 3357 τῷ

2184 3373 2451 3444 Ζαοὺτζᾳ,
2479 3373 2664 3427 τοῦτον
2687 3374 2780 3428 ἐπὶ
2811 3374 3082 3446 τράχηλον
3102 3375 3320 3448 ὠθήσας
3348 3377 3614 3449 ἐξήγαγεν
3644 3395 3765 3431 πα-

2183 3465 2379 3538 ραδοὺς
2408 3466 2767 3538 Χριστοφόρῳ
2800 3469 3088 3544 κοιτωνίτῃ
3127 3470 3187 3522 ἐν
3227 3473 3336 3534 τοῖς
3369 3471 3617 3524 Στουδίου
3644 3471 3762 3525 άπ-

2182 3563 2431 3627 αγαγεῖν,
2458 3559 2549 3612 καὶ
2576 3559 2804 3629 μοναχὸν
2823 3563 3065 3631 ποιῆσαι.
3086 3560 3220 3614 Μετ’
3239 3561 3419 3631 ὀλίγον
3446 3563 3504 3617 δέ
3528 3562 3762 3635 τελευτᾷ

2181 3651 2457 3717 Ζαοῦτζας
2487 3655 2544 3705 ἐν
2572 3654 2650 3723 τῷ
2681 3651 2961 3724 παλατίῳο
3008 3655 3105 3706 καὶ
3137 3656 3324 3709 τοῦτον
3356 3655 3443 3710 διὰ
3491 3655 3584 3709 τοῦ
3620 3657 3764 3710 Βου-

2180 3745 2459 3810 κολέοντος
2499 3747 2940 3815 καταγαγόντες,
2970 3748 3258 3818 ἀπήγαγον
3281 3751 3340 3803 ἐν
3378 3752 3446 3822 τῇ
3492 3751 3629 3821 μονῇ
3657 3750 3760 3803 τοῦ

2181 3838 2420 3905 Καυλέα,
2449 3840 2627 3893 ἐκεῖσε
2656 3838 2817 3892 αὐτὸν
2843 3838 3122 3911 Θάψοντες.

2218 4062 2222 4067 .
2251 4014 2408 4070 Μετὰ
2435 4014 2618 4089 δὲξτὴν
2666 4017 2925 4088 τελευτὴν
2959 4019 3206 4084 Ζαούτζα
3255 4021 3536 4086 Βασίλειος
3575 4023 3761 4077 Ἐπεί-

2181 4124 2316 4180 κτης
2348 4111 2377 4164 6
2403 4111 2516 4174 υἱὸς
2546 4110 2817 4164 Νικολάου
2846 4113 3194 4185 ἐταιριάρχου
3240 4116 3599 4189 συνεφιλιὼθη
3649 4119 3759 4172 Σα-

2185 4203 2340 4274 μωνᾷ
2388 4202 2822 4276 κουϐικουλαρίῳ
2851 4204 2930 4277 τῷ
2965 4206 3025 4272 ἐξ
3068 4208 3383 4279 Ἀγορηνῶν
3427 4211 3759 4282 ὀρεγόμενος

2180 4293 2274 4348 τοῦ
2304 4295 2403 4366 τῆς
2426 4294 2704 4365 βασιλείας
2743 4296 3076 4369 ἀξιώματος.
3119 4286 3421 4372 Ἐθάῤῥησε
3455 4304 3509 4355 δὲ
3544 4304 3620 4374 τῷ
3647 4304 3756 4356 Σα-

2185 4388 2359 4458 μωνᾷ,
2405 4387 2487 4441 ὅτι
2517 4388 2628 4458 Τῆς
2660 4387 2810 4453 θείας
2861 4391 3016 4461 ἡμῶν
3046 4392 3198 4462 Ζωῆς
3255 4394 3675 4467 τελευτησάσης,
3729 4402 3758 4452 6

2185 4478 2438 4548 βασιλεὺς
2459 4479 2646 4533 λαϐεῖν
2669 4479 2783 4550 ἔχει
2819 4482 3011 4550 ἐτέραν
3045 4486 3297 4552 γυναῖκα,
3323 4487 3417 4539 καὶ
3439 4489 3584 4558 ἡμᾶς
3615 4491 3758 4542 πάν-

2182 4587 2280 4635 τας
2310 4571 2457 4625 θέλει
2515 4572 2799 4642 ἀφανίσαι.
2843 4575 3002 4628 Ἀλλὰ
3050 4576 3140 4640 δός
3197 4595 3286 4648 μοι
3317 4574 3509 4647 λόγον,
3547 4582 3641 4636 καὶ
3669 4582 3760 4636 ἵνα

502 4645 661 4699 licere
692 4658 992 4714 secretum,
1024 4661 1102 4716 ut,
1134 4667 1257 4721 quae
1289 4647 1452 4708 modo
1485 4656 1858 4714 deliberantur
1903 4662 2075 4717 [iden-

2183 4680 2263 4717 σοι
2287 4662 2547 4735 θαῤῥήσω
2583 4666 2762 4720 πάντα
2787 4666 2856 4720 τὰ
2891 4645 3275 4740 βουλευόμενα.
3310 4645 3420 4726 καὶ
3452 4673 3634 4738 δόντος
3654 4677 3758 4729 αὑ-

503 4746 585 4790 ter
629 4741 893 4808 aperiam.
947 4743 1026 4797 Eo
1073 4743 1239 4816 5.80
1275 4745 1480 4802 Basilio
1516 4752 1712 4806 secreti
1762 4753 1920 4808 tidem
1956 4771 2084 4825 pro-

502 4831 771 4897 mittente,
803 4835 1080 4892 animatus
1112 4839 1199 4893 ille
1227 4850 1462 4895 mentem
1499 4843 1775 4912 exposuit.
1811 4845 2082 4904 Samouas

504 4922 568 4974 ad
613 4921 998 4993 imperatorem
1025 4927 1304 4996 ingressus
1349 4932 1555 4986 dixitei
1596 4933 1906 5003 :Cuperem
1930 4977 1948 5006 ,
1986 4941 2086 4995 do-

506 5019 648 5074 mine
679 5021 773 5087 mi,
791 5021 899 5092 aliq
915 5023 1006 5078 uid
1027 5034 1239 5081 secreto
1263 5028 1580 5096 enuntiare;
1605 5030 1752 5101 quod
1773 5033 1817 5087 si
1845 5035 2084 5103 edixere,

2180 4756 2273 4811 τοῦ
2303 4757 2462 4825 λόγον
2488 4756 2570 4825 τῷ
2595 4756 2863 4828 Βασιλείῳ
2883 4799 2899 4824 ,
2934 4759 3235 4831 ἐθάρρησεν
3263 4761 3410 4834 αὖτῷ
3460 4765 3658 4820 πάντα.
3697 4768 3760 4819 Ὀ

2181 4851 2237 4905 δέ
2266 4851 2532 4920 Σαμωνᾶς
2563 4848 2820 4903 εἰσελθὼν
2851 4851 2934 4915 είς
2962 4853 3052 4906 τὸν
3095 4854 3340 4924 βασιλέα.
3388 4853 3544 4911 εἶπεν
3581 4861 3757 4930 αὐτῷ,

2183 4941 2532 4995 ὄτιΔέσποτὰ
2564 4958 2687 5010 μου,
2737 4940 2877 4996 Θέλω
2932 4960 3014 4997 σοι
3047 4946 3224 4999 είπεῖν
3255 4963 3306 5000 τι
3332 4949 3498 5012 ἰδίως,
3532 4951 3671 5022 ὅπερ
3711 4955 3760 5005 εἰ

2191 5034 2288 5105 μὲν
2324 5033 2467 5086 εἴπω
2502 5033 2865 5104 ἀποθνήσκειν
2900 5035 2951 5089 εἰ
2976 5035 3034 5090 δὲ
3066 5039 3143 5109 μὴ
3191 5039 3350 5106 είπω,
3388 5043 3762 5116 ἀποθνήσκεις

1619 5257 1624 5262 1
1652 5168 1902 5229 FRANC.
1936 5176 2332 5235 COMBEFISH
2375 5175 2612 5232 ΝΟΤᾸΕ.

574 5277 680 5364 ((79)
719 5278 845 5348 Leg.
882 5279 1113 5364 ῌᾱιρᾷον2
1153 5285 1228 5364 uti
1264 5284 1424 5364 intra,
1457 5294 1509 5340 et
1538 5287 1838 5359 Anonyms,
1867 5307 1929 5347 ex
1964 5307 2074 5364 quo

503 5353 686 5402 statim
715 5353 955 5414 emend”
998 5354 1110 5406 ἀντ’
1142 5354 1330 5407 αὑτοῦ.

575 5419 684 5486 (70)
718 5418 956 5475 Eruenda
1002 5438 1066 5476 ex
1094 5422 1342 5478 Cedreno
1389 5423 1706 5550 ai?t).aesv-
1756 5430 1926 5485 Donec
1965 5432 2070 5487 Leo

575 5489 864 5543 reodobaces
892 5508 977 5546 eos
1000 5495 1138 5546 inter
1165 5511 1219 5548 se
1241 5504 1441 5550 recouci
1472 5501 1619 5550 iam-it.
1646 5500 1748 5550 Uhi
1785 5518 2066 5550 memorum

507 5487 864 5572 Tlieorlobaces
892 5508 977 5572 eos
1000 5495 1138 5572 inter
1165 5511 1219 5548 se
1235 5487 1619 5572 reconciliavit.
1646 5500 1748 5555 Ubi
1785 5518 2066 5572 perperam

504 5560 712 5632 adjecta
746 5564 1075 5616 cxscribenti
1109 5568 1372 5632 particula
1419 5572 1531 5627 καὶ.
1561 5586 1624 5626 ac
1669 5574 1715 5628 si
1745 5560 1930 5628 essent
1956 5574 2067 5630 duo

511 5629 805 5703 νίτρου-ού
844 5643 896 5684 et
932 5629 1130 5703 interp'.
1162 5635 1268 5689 sibi
1297 5639 1582 5694 conlinxit.

579 5697 906 5771 altVetito
975 5697 1112 5758 forte
1169 5705 1347 5762 Leone
1373 5724 1496 5764 cum
1538 5727 1598 5765 ea
1632 5715 1958 5770 contrahere
1992 5716 2063 5771 ob

504 5770 817 5842 praecedens
871 5774 1232 5842 adulterium;
1267 5779 1406 5834 forte
1451 5782 1614 5835 etiam
1647 5786 1748 5838 viri
1794 5783 1931 5842 Zoes
1958 5770 2061 5840 lio-9

2187 5311 2217 5350 a
2539 5365 2750 5435 βασιλεῖ
2798 5371 2989 5423 Λέοντι
3043 5372 3071 5422 6
3137 5371 3431 5436 Μουσικός.
3482 5370 3576 5428 Sic
3622 5375 3763 5433 bene

2178 5437 2476 5559 tum.)qu
2507 5440 2758 5493 Accusati
2795 5453 2918 5495 sunt
2955 5441 3094 5510 apud
3128 5441 3352 5498 Leonem
3383 5445 3759 5512 imperatorem

2244 5523 2446 5559 ustcus.

2244 5523 2446 5560 ustcus.

2247 5579 2357 5658 (75)
2395 5577 2549 5648 Παρὰ
2580 5581 2699 5658 τῶν.
2719 5585 3162 5658 στρατηγῶνκαὶ
3183 5584 3568 5658 ὀφιρικιαλὶων·
3591 5603 3758 5658 quam

2171 5647 2420 5728 ultimam
2456 5647 2640 5728 Vocem
2677 5647 2951 5728 Anoiiyul.
2995 5656 3173 5722 eﬂ'ert,
3213 5647 3518 5728 ἀρχόντων,
3553 5676 3584 5712 a
3610 5647 3756 5727 ληισ-

2168 5719 2372 5772 toribns
2407 5729 2460 5791 et
2497 5719 2923 5791 magistratibus.

2239 5791 2350 5871 (74)
2403 5790 2730 5871 Ἐρωτήᾳων
2765 5797 2891 5864 περὶ
2939 5797 3049 5871 τιῖιν
3071 5800 3439 5871 στρατηγῶν,
3473 5801 3615 5859 velut
3644 5805 3757 5862 εεί-

566 5839 576 5847 -
620 5840 627 5848 ι
680 5842 685 5847 -
1216 5839 1223 5842 ν
1293 5848 1303 5858 .
1626 5856 1634 5864 ,
1797 5858 1806 5866 ,
1852 5839 1925 5842 "‘
1962 5839 1969 5840 ί
2241 5839 2347 5860 \"I
2424 5839 2723 5862 *‘r—"t'w'
2771 5839 2891 5864 "'.'"
2949 5839 3043 5849 ""'
3095 5839 3288 5867 "V"!

508 5839 806 5903 nuculium,
824 5859 948 5912 qut»
973 5855 1212 5900 monstra
1235 5856 1396 5903 etiam
1430 5850 1672 5908 Ecclesna
1693 5857 1882 5911 Latina
1909 5866 2055 5914 arcet
2158 5858 2282 5915 licet
2310 5867 2373 5915 de
2397 5863 2712 5923 pra'toribus
2735 5881 2955 5922 examen
2991 5868 3288 5924 habiturus.
