4046 6302
327 359 471 427 1105

1606 362 2179 425 CHRONOGRAPH
2188 363 2282 427 [Α.
2299 369 2302 373 λ

3444 371 3579 436 1106

318 487 410 536 σύ.
441 481 547 537 Καὶ
568 479 833 547 διεξεῖπεν
866 478 979 552 (75)
1016 479 1150 551 πρὸς
1176 477 1267 534 τδν
1308 479 1533 551 βασιλέα
1570 481 1751 534 πᾶσαν
1796 478 1896 549 τὴν

2006 491 2151 533 mors
2182 493 2269 532 me
2298 484 2447 533 certa
2472 485 2675 545 manet,
2722 479 2768 534 si
2806 487 3049 549 tacuero,
3082 483 3180 538 tibi
3210 470 3585 559 moriendum:

316 573 415 627 τοῦ
447 573 727 627 Βασιλείου
753 572 1082 645 ἐπιϐουλήν(
1128 574 1558 644 ’Δπιστήσαντος
1587 574 1643 627 δὲ
1669 573 1765 627 τοῦ
1808 574 1903 644 βα·
1934 644 1939 647 _

317 665 515 727 σιλέως
541 667 655 728 τοῖς
698 664 1011 736 λαληθεῖσιν
1045 667 1177 736 παρ’
1228 666 1417 732 αὑτοῦ,
1450 668 1545 720 καὶ
1577 666 1860 737 εἰρηκότος
1884 683 1899 700 ⁸

315 757 410 827 Μὴ
441 756 524 821 τίς
557 774 640 810 σοι
669 756 941 811 ὑπέϐαλεν
966 757 1141 812 ταῦτα
1173 759 1347 813 εἰπεῖν
1385 776 1499 828 μοι,
1532 759 1626 812 καὶ
1645 761 1709 812 ὲκ
1737 759 1904 830 δωρο-

316 848 508 913 δοκίας
527 848 687 904 τοῦτο
718 849 1084 921 ὲποίησας;⁹υ
1108 850 1165 904 δὲ
1196 849 1351 906 εἶπεν
1372 868 1386 881 ⁸
1429 853 1787 907 ’Λπόστειλον
1815 873 1904 908 πι-

316 944 503 1006 στοὺς,
538 942 635 1006 οὓς
683 943 947 1007 κελεύεις,
1004 946 1062 999 εν
1104 944 1184 1015 τῷ
1231 945 1451 1015 κελλίῳ,
1501 946 1739 1000 δέσποτά
1775 964 1902 1016 μου,

317 1033 416 1086 καὶ
450 1033 537 1085 ῐνα
567 1032 706 1087 εἰσιν
741 1034 1212 1106 ἐγκεκρυμμένοι,
1240 1037 1335 1089 καὶ
1376 1035 1428 1090 εἴ
1444 1054 1496 1090 τι
1534 1036 1600 1090 ἂν
1627 1037 1905 1092 ἀκούσωσι

318 1126 472 1197 παρὰ
500 1126 595 1181 τοῦ
631 1127 913 1181 Βασιλείου
939 1127 1034 1181 καὶ
1060 1130 1189 1197 παρ’
1227 1128 1383 1199 ἐμοῦ,
1418 1130 1672 1201 γράφωσι
1708 1130 1902 1186 ταῦτα.

318 1192 577 1289 Παρευθὺ
633 1218 691 1273 δὲ
751 1220 780 1273 ὁ
842 1219 1097 1290 βασιλεὺς
1139 1192 1481 1275 ’ἀποστέλλει
1530 1192 1964 1295 Χριστοφόρον.

315 1310 817 1381 πρωτοωστιάριον
877 1312 993 1382 ἄμα
1057 1312 1365 1384 Καλοκύρῳ
1421 1316 1748 1388 κοιτωνίτῃ·
1811 1317 1907 1370 καὶ

316 1400 660 1465 εἰσελθόντες
698 1401 1014 1473 ὲκρύσησαν
1039 1404 1097 1456 ὲν
1120 1402 1200 1473 τῷ
1247 1402 1447 1473 κελλίῳ
1502 1404 1689 1458 αὐτοῦ.
1741 1404 1907 1459 Βασί-

316 1492 461 1555 λειος
484 1488 578 1546 οὖν
604 1492 936 1561 δελεασθεὶς,
968 1494 1063 1548 καὶ
1093 1492 1276 1548 λαϐὼν
1306 1493 1463 1563 λόγον
1496 1494 1718 1565 ἔνορκον
1755 1496 1907 1566 παρά

316 1584 558 1655 Σαμωνᾶ
586 1586 669 1651 είς
714 1586 776 1640 τὸ
824 1586 1217 1657 προσευχάδιον
1268 1586 1459 1649 αὐτοῦ,
1506 1586 1723 1654 ὲξεῖπεν
1754 1589 1906 1661 αὐτῷ

317 1678 501 1732 πάντα
548 1680 616 1734 τά
664 1680 767 1748 τῆς
825 1680 1057 1752 βουλῆς,
1125 1682 1220 1754 καὶ
1284 1683 1412 1747 τοὺς
1471 1683 1909 1755 συμϐουλευομέ-

314 1788 466 1836 νους.
542 1770 912 1828 Ἀνιστώντων
960 1774 1018 1828 δὲ
1088 1774 1271 1829 αὐτῶν
1340 1774 1494 1847 (76),
1546 1777 1904 1841 κατελθόντες

313 1864 692 1937 Χριστοφόρος
742 1867 835 1919 καὶ
880 1867 1190 1939 Καλοκῦρις
1251 1868 1566 1938 ἀνέγνωσαν
1614 1870 1790 1925 πάντα
1824 1871 1903 1942 τῷ

316 1956 551 2025 βασιλεῖ.
620 1959 730 2013 Καὶ
783 1960 1030 2033 παρευθὺ
1073 1962 1172 2033 μὲν
1224 1963 1746 2037 προσκαλεσάμενος
1797 1966 1903 2019 Βα-

314 2051 519 2104 σίλειον
547 2049 780 2107 δέδωκεν
803 2054 1113 2126 μιλιαρίσια
1142 2056 1389 2127 χιλιάδας
1432 2056 1609 2111 εἴκοσι
1637 2057 1752 2131 (77)
1776 2072 1791 2086 '
1826 2055 1902 2124 ὡς

312 2143 478 2212 δῆθεν
505 2144 711 2217 ψυχικά
739 2149 839 2219 τῆς
883 2150 1048 2204 αὐτοῦ
1084 2149 1233 2215 θείας
1269 2151 1423 2223 Ζωῆς
1448 2151 1757 2223 ὁρισθέντα,
1804 2154 1900 2207 καὶ

313 2236 639 2295 ἀπέστειλεν
678 2242 739 2295 ὲν
780 2242 1130 2315 Μακεδονίᾳ·
1182 2246 1278 2299 καὶ
1323 2246 1417 2299 τὸν
1463 2246 1562 2317 μὲν
1617 2246 1899 2302 Βασίλειον

314 2328 464 2385 οὕτω
512 2335 614 2404 τῆς
666 2334 874 2399 πόλεως
910 2335 1183 2408 ἐξήγαγεν
1206 2354 1218 2368 ·
1244 2339 1372 2402 τοὺς
1421 2339 1478 2393 δὲ
1508 2338 1732 2405 λοιποὺς
1774 2342 1902 2408 τοὺς

312 2421 418 2492 τῆς
450 2422 619 2478 αὐτοῦ
640 2424 835 2497 βουλῆς
867 2429 1298 2500 μετεσχηκότας.
1352 2431 1563 2503 Πάρδον
1587 2433 1685 2503 μὲν
1705 2433 1899 2504 δρουγ-

317 2515 515 2584 γάριον
553 2515 656 2586 τῆς
688 2517 878 2589 βίγλσς
915 2521 1236 2577 ἀποστέλλει
1267 2523 1407 2596 πρὸς
1435 2525 1527 2579 τὸν
1554 2525 1895 2597 Στυπιώτην,

316 2604 482 2673 δῆθεν
504 2607 732 2677 ἀγαγεῖν
752 2610 933 2675 αὑτὸν,
970 2612 1417 2684 προμηνυθὲντος
1442 2614 1651 2669 ἐκείνου
1684 2617 1773 2672 διά
1803 2617 1899 2689 βα-

316 2697 531 2754 σιλικοῦ
557 2703 841 2758 πιττακίου
878 2704 991 2779 (78)
1023 2706 1188 2761 αὑτὸν
1222 2707 1513 2781 δισμῆσαι.
1544 2713 1896 2783 Προφασισά-

316 2808 487 2862 μενος
510 2794 567 2848 δὲ
599 2798 627 2848 6
657 2797 908 2867 βασιλεὺς
956 2800 1213 2855 ἀπελθεῖν
1250 2804 1341 2856 καὶ
1384 2803 1670 2873 δειπνῆσαι
1699 2806 1779 2871 εἰς
1803 2807 1895 2861 τὸν

314 2884 511 2955 Ἀγιον
549 2888 802 2960 Λάζαρον
838 2893 919 2954 εἰς
937 2892 998 2946 τὸ
1017 2894 1349 2949 καταϐάσιον
1373 2897 1467 2950 τοῦ
1491 2896 1897 2972 Τζουκανιστη-

313 2978 437 3048 ρίου
466 2979 576 3051 (79)
598 2980 828 3055 ἔστησεν
872 2987 1122 3056 Ἰωάννην
1142 2987 1376 3060 Γαριδᾶν
1398 2990 1535 3059 μετά
1565 2990 1673 3045 τῶν
1695 2991 1899 3050 λοιπῶν

312 3068 414 3135 τῆς
463 3070 711 3142 ἑταιρίας
748 3076 805 3127 ἐν
832 3075 910 3147 τῷ
936 3077 1331 3151 κουϐουκλείῳ·
1372 3082 1466 3136 καὶ
1499 3084 1557 3136 ὲν
1584 3081 1663 3154 τῷ
1696 3085 1898 3159 κατέρ-

2004 568 2407 642 confestimque
2434 570 2619 627 Basilii
2650 572 3086 643 conjurationem
3115 590 3332 631 omnem
3360 592 3588 630 enarra-

2006 666 2101 718 vit.
2136 662 2456 735 Imperatori
2504 673 2686 720 autem
2738 668 2977 723 narratis
3024 667 3182 723 fidem
3226 669 3369 724 haud
3431 668 3589 724 adhi-

2007 756 2179 820 benti,
2213 758 2325 810 imo
2354 756 2558 812 dicenti
2591 774 2604 810 :
2639 755 2781 812 Num
2816 759 2941 828 quis
2965 774 3029 814 ea
3054 760 3191 815 mihi
3214 761 3430 815 edicere
3462 775 3591 829 sug-

2007 850 2195 919 gessit,
2216 854 2270 903 et
2294 847 2560 905 mercedis
2580 864 2675 920 spe
2701 849 2806 904 hoc
2830 848 3056 906 fecisti?
3088 851 3230 907 Dixit
3252 852 3340 906 ille
3369 872 3382 907 :
3413 853 3589 915 Mitte,

2006 936 2251 1007 domine,
2306 956 2447 1010 quos
2501 940 2767 1010 placuerit
2796 941 2895 996 tibi
2932 941 3119 997 ﬁdeles
3156 930 3589 1008 incubiculum,

2010 1040 2072 1087 ut
2124 1031 2415 1097 occultati,
2464 1033 2612 1102 quod
2645 1049 2674 1086 a
2706 1032 2911 1090 Basilio
2940 1046 2995 1090 et
3041 1050 3071 1090 a
3108 1052 3193 1091 me
3226 1039 3590 1109 perceperim,

2009 1135 2203 1181 cuncta
2231 1124 2571 1181 describant.
2633 1124 2940 1182 Confestim
2979 1128 3281 1199 imperator
3339 1130 3592 1191 Christo-

2005 1218 2240 1288 phorum
2271 1218 2753 1287 protovestiarium
2783 1233 2908 1274 cum
2947 1219 3211 1292 Calocyro
3243 1221 3590 1277 cubicularis

2010 1309 2158 1364 misit
2192 1326 2207 1363 :
2240 1319 2295 1364 et
2333 1309 2565 1381 ingressi
2592 1310 2649 1364 in
2673 1310 2793 1381 ejus
2823 1311 3158 1369 delituerant
3186 1314 3461 1370 cubiculo.
3490 1315 3594 1370 Ba-

2007 1402 2165 1459 silius
2198 1403 2384 1473 itaque
2405 1402 2518 1472 jam
2555 1404 2857 1470 inescatus,
2887 1415 3108 1476 accepta
3141 1405 3443 1477 juramenti
3482 1407 3591 1464 tlde

2008 1510 2038 1550 a
2074 1493 2339 1561 Samona,
2376 1495 2443 1550 ad
2487 1495 2610 1565 ejus
2646 1497 2974 1565 oratorium,
3024 1498 3316 1553 consilium
3347 1499 3397 1553 ei
3430 1515 3592 1556 suum
3674 1494 3677 1495 ⁷

2006 1590 2303 1646 ctronsilii
2355 1590 2651 1661 participes
2701 1593 2937 1662 aperuit.
2994 1592 3103 1649 Illis
3164 1593 3605 1666 exsul-gentibus

2007 1680 2440 1752 Christopltorus
2463 1692 2518 1737 et
2547 1682 2842 1756 Calocyres
2869 1685 3099 1755 digressi
3136 1695 3330 1740 cuncta
3356 1686 3593 1755 impera-

2008 1775 2111 1830 tori
2144 1776 2495 1846 perlegerunt
2537 1795 2551 1831 :
2585 1785 2639 1831 et
2663 1775 2951 1832 confestim
2986 1776 3186 1832 Basilio
3212 1778 3278 1832 ad
3317 1793 3377 1834 se
3403 1778 3579 1834 advo-

2010 1876 2134 1923 cato
2192 1866 2605 1923 Miliarisiorum
2660 1869 2832 1924 millia
2877 1868 3064 1940 viginti
3117 1871 3589 1943 eleemosynarum

2008 1959 2231 2016 nomine
2261 1960 2316 2015 in
2352 1970 2662 2017 matertera:
2711 1961 2851 2019 Zoes
2885 1963 3083 2018 animm
3127 1963 3395 2032 levamen,
3446 1965 3592 2021 velut

2007 2052 2183 2122 legata
2221 2054 2467 2118 tradidit,
2498 2060 2555 2110 et
2582 2052 2637 2108 in
2671 2052 3044 2110 Macedoniam
3093 2054 3303 2111 dimisit
3349 2073 3363 2109 :
3405 2066 3460 2109 et
3485 2055 3599 2110 Ba-'

2008 2145 2194 2201 silium
2227 2146 2448 2217 quidem
2484 2147 2589 2203 hoc
2635 2155 2793 2218 pacto
2841 2146 2977 2203 urbe
3033 2147 3289 2204 detrusit.
3328 2145 3593 2218 Reliquos

2006 2254 2135 2295 vero
2165 2239 2571 2308 coniurationis
2599 2248 2884 2297 consortes
2911 2238 3148 2296 Pardum
3171 2241 3391 2314 quidem
3419 2257 3589 2297 excu-

2008 2330 2221 2386 biarum
2264 2332 2627 2404 drungarium
2659 2332 2727 2388 ad
2759 2331 3072 2403 StipiOtem,
3099 2334 3256 2404 quasi
3282 2348 3407 2387 eum
3438 2334 3503 2387 ad
3530 2348 3589 2388 se

2007 2432 2332 2480 vocaturum
2395 2424 2740 2480 amandavit.
2777 2423 2828 2481 Is
2853 2434 3035 2480 tamen
3076 2434 3139 2481 ut
3178 2441 3303 2481 eum
3350 2425 3586 2481 vinculis

2005 2524 2283 2571 coerceret
2332 2516 2689 2584 imperatorio
2767 2516 2919 2572 brevi
2968 2517 3321 2584 praemonitus
3387 2516 3585 2572 fuerat.

2007 2606 2289 2662 Simulans
2346 2608 2512 2663 etiam
2567 2606 2862 2679 imperator
2886 2606 3037 2666 foras
3078 2608 3375 2681 proﬁcisci,
3426 2618 3482 2664 et
3517 2611 3584 2670 ad

2005 2698 2263 2757 Sanctum
2284 2699 2549 2757 Lazarum
2577 2711 2792 2758 cmnatu
2801 2718 2943 2768 rum,
2960 2702 3027 2758 ad
3041 2700 3249 2774 Equilis
3262 2702 3584 2759 descensum

2003 2791 2264 2849 Joannem
2286 2793 2543 2850 Garidam
2562 2811 2684 2850 cum
2710 2796 2931 2866 reliquis
2951 2794 3338 2853 confederatis
3355 2796 3589 2853 detinuit

2006 2888 2060 2941 in
2083 2886 2375 2954 cubiculo;
2409 2903 2645 2960 eumque
2682 2888 2979 2959 imperator
3028 2888 3408 2956 descenderet,
3460 2903 3582 2944 cum

2002 2976 2215 3035 Joanne
2288 2979 2572 3035 Nicolaum
2642 2979 3057 3036 hctmiarcham
3142 2990 3363 3053 captum
3452 2979 3586 3035 urbe

2004 3068 2213 3125 eduxit.
2264 3068 2528 3126 Basilium
2592 3085 2756 3140 porro
2811 3086 2843 3127 e
2906 3069 3221 3126 Macedonia
3269 3076 3582 3125 revocatum

313 3159 511 3255 χεσθαι
540 3162 633 3216 τὸν
663 3161 890 3233 βασιλέα
917 3167 1261 3239 κρατηθέντα
1315 3173 1454 3241 μετά
1496 3173 1742 3229 Ἰωάννου
1794 3177 1894 3231 Νι-

2007 3172 2058 3217 et
2106 3163 2173 3219 de
2231 3163 2465 3219 crimine
2513 3162 2873 3234 inquisitum,
2924 3162 3246 3219 verberibus
3317 3162 3582 3233 subjecit,

314 3250 515 3306 κόλαον
539 3253 897 3328 ἑταιριάρχην
936 3259 1209 3330 ἐξήγαγεν
1248 3262 1349 3333 τῆς
1379 3263 1605 3329 πόλεως.
1651 3267 1900 3337 Ἀγαγὼν

314 3340 373 3396 δὲ
398 3346 465 3398 ἐκ
496 3345 839 3415 Μακεδονίας
868 3351 1171 3419 Βασίλειον,
1206 3354 1300 3407 καὶ
1334 3356 1655 3429 ἀνακρίνας,
1685 3360 1778 3414 καὶ
1809 3359 1901 3415 τύ-

312 3434 448 3503 ψας,
487 3440 583 3491 καὶ
609 3438 708 3503 τὰς
748 3442 945 3512 τρίχας
976 3443 1142 3498 αὐτοῦ
1175 3447 1532 3513 κατακαύσας
1553 3489 1568 3514 ,
1611 3450 1707 3504 καὶ
1754 3452 1812 3505 ὲν
1833 3455 1899 3524 τῇ

320 3528 465 3601 μέσῃ
502 3529 897 3602 θριαμϐεύσας,
930 3535 1191 3608 ἐξώρισεν
1243 3539 1301 3592 ἐν
1347 3540 1627 3611 Ἀθήναις,
1679 3544 1772 3611 καὶ
1800 3562 1899 3600 κα-

318 3618 435 3681 κῶς
467 3619 648 3674 ἐκεῖσε
678 3623 1097 3695 τετελεύτηκεν.
1138 3628 1419 3693 Ὡσαύτως
1447 3609 1716 3687 Νικόλαον
1750 3634 1898 3689 ἑται-

321 3707 575 3780 ριάρχην,
611 3713 704 3765 καὶ
742 3713 1049 3781 Στυλιανδν,
1079 3718 1178 3771 καὶ
1218 3718 1489 3793 Ἰωάννην,
1528 3722 1623 3776 καὶ
1646 3723 1745 3795 τὴν
1772 3742 1903 3794 συγ-

316 3800 538 3868 γένειαν
571 3805 751 3857 πᾶσαν
784 3806 1049 3872 Ζαούτξα,
1075 3807 1205 3872 τοὺς
1233 3810 1331 3881 μὲν
1360 3812 1674 3885 ἀπέκειρεν,
1694 3817 1822 3880 τοὺς
1844 3816 1899 3870 δὲ

317 3890 603 3960 ἐξώρισεν,
652 3895 932 3966 δημεύσας
981 3898 1080 3962 τὰς
1124 3901 1315 3964 οὐσίας
1343 3903 1544 3959 αὐτῶν.
1600 3904 1818 3973 Πάντας
1844 3907 1901 3961 δὲ

319 3985 679 4069 μαγίστρους-
705 3989 799 4042 καὶ
842 3991 971 4055 τοὺς
1023 3992 1082 4044 ὲν
1118 3993 1263 4047 τέλει
1302 3996 1817 4069 προσκαλεσάμενος
1875 4002 1903 4055 6

320 4073 597 4144 βασιλεὺς,
628 4080 839 4148 ἀνέγνω
887 4082 1226 4139 κατενώπιον
1261 4086 1446 4141 αὐτῶν
1494 4088 1562 4144 τά
1596 4090 1904 4162 μηνυθέντα

320 4168 472 4238 παρά
514 4171 768 4242 Σαμωνᾶ.
800 4175 862 4228 Ui
893 4174 950 4230 δὲ
982 4176 1173 4231 τοῦτον
1209 4178 1652 4253 ὑπερεπῄνεσαν,
1679 4181 1755 4248 ὼς
1802 4183 1904 4254 τῆς

319 4254 468 4328 ζωῆς
516 4260 612 4346 τοῦ
667 4260 933 4333 βασιλέως
986 4266 1407 4338 προνοούμενον,
1462 4272 1560 4324 καὶ
1616 4273 1904 4346 εἰρήκασιν

319 4348 471 4414 ἄξιον
499 4344 641 4406 εῖναι
673 4355 841 4424 τιμῆς
889 4358 1175 4428 μεγίστης.
1221 4360 1281 4415 Ὀ
1311 4361 1367 4415 δὲ
1417 4344 1681 4435 παρευθὺή
1715 4367 1905 4423 τοῦτον

321 4446 822 4518 πρωτοσπαθαρίου
869 4451 996 4522 ἀξίᾳ
1040 4451 1357 4523 τετίμηκεν.
1413 4455 1797 4529 Ἐτελεύτησεν
1847 4459 1903 4514 δὲ

2006 3262 2061 3309 et
2093 3254 2341 3311 crinibus
2374 3255 2496 3325 ejus
2528 3255 2839 3318 succensis.
2869 3270 2967 3326 per
2993 3254 3229 3311 mediam
3255 3254 3448 3309 urbem
3480 3264 3586 3311 tra-

2005 3346 2231 3402 ductum
2255 3348 2494 3403 Athenas
2518 3347 2780 3419 relegavit
2808 3347 3081 3413 exsulem,
3113 3346 3206 3403 ubi
3253 3348 3453 3403 misere
3488 3348 3591 3417 ρει-³

2006 3438 2123 3494 riit.
2154 3438 2438 3494 Nicolaum
2482 3439 2686 3509 pariter
2712 3440 3127 3496 hetmriarcham
3174 3449 3231 3495 et
3278 3437 3591 3512 Stylianum'

2003 3540 2057 3587 et
2087 3530 2351 3588 Joannem
2379 3542 2434 3588 et
2460 3531 2680 3588 Zaulzaa
2706 3548 2881 3604 genus
2903 3546 3090 3601 omne,
3124 3529 3226 3586 hos
3253 3529 3481 3602 quidem
3501 3531 3585 3585 de-

2005 3622 2202 3684 tondit,
2233 3622 2372 3679 alios
2401 3622 2695 3692 publicatis
2723 3637 2915 3680 eorum
2956 3621 3312 3678 facultatibus
3346 3620 3398 3675 in
3432 3621 3584 3675 exsi-

2004 3716 2140 3771 lium
2159 3715 2387 3786 expulit.
2422 3714 2698 3787 Magistris
2734 3730 2863 3770 vero
2888 3713 3215 3784 cunctisque
3240 3713 3295 3767 in
3320 3711 3586 3783 dignitate

2005 3806 2206 3879 positis
2226 3806 2295 3861 ab
2327 3806 2660 3876 imperatore
2684 3805 2989 3871 advocatis,
3018 3819 3140 3874 quae
3172 3818 3204 3857 a
3240 3802 3479 3857 Samoua
3504 3801 3583 3855 si-

2004 3895 2260 3969 gniti'cata
2286 3895 2529 3965 fuerant,
2561 3907 2759 3953 cuneta
2795 3896 3030 3967 perlecta
3077 3901 3224 3950 sunt.
3269 3892 3350 3947 Illi
3404 3892 3581 3947 virum

2004 3991 2155 4045 velut
2208 3990 2565 4061 imperatoris
2616 3990 2742 4045 vita:
2776 3988 3155 4061 providentem
3220 3984 3588 4054 maximisque

2003 4083 2309 4139 honoribus
2339 4084 2567 4157 dignum
2598 4084 3070 4155 pronuntiarunt;
3096 4097 3266 4153 quare
3298 4088 3585 4151 protospa-

2004 4176 2167 4232 tharii
2201 4176 2469 4246 dignitate
2496 4177 2791 4233 confestim
2822 4177 3148 4233 honoratur.
3197 4175 3445 4229 Mortuus
3498 4183 3583 4227 est

2004 4279 2187 4325 autem
2227 4268 2540 4340 Stephanus
2570 4270 2900 4340 patriarcha,
2934 4278 2989 4325 et
3024 4268 3077 4323 in
3100 4267 3219 4336 ejus
3254 4266 3431 4320 locum
3481 4263 3581 4319 Ni~

2005 4362 2195 4417 colaus
2237 4361 2587 4430 imperatoris
2616 4360 2882 4432 mysticus
2914 4368 3223 4431 provectus.
3282 4348 3583 4411 Demetrias

2005 4465 2189 4509 autem
2221 4455 2479 4525 oppidum
2514 4455 2581 4511 ad
2613 4455 2835 4511 Graeciae
2868 4455 3049 4513 thema
3084 4462 3361 4523 spectans,
3400 4466 3430 4504 a
3465 4448 3580 4503 Da-

320 4534 596 4603 Στέφανος
633 4541 661 4593 6
695 4544 1071 4615 πατριάρχης·
1123 4548 1217 4599 καὶ
1260 4546 1376 4601 ἀντ’
1424 4549 1592 4603 αὐτοῦ
1627 4553 1901 4621 ἐχειροτο-

2006 4546 2191 4600 miano
2212 4545 2463 4617 Agareuo
2498 4555 2717 4615 captum
2745 4556 2851 4602 est.
2892 4545 3197 4615 Imperator
3232 4541 3344 4597 Leo
3366 4542 3579 4595 Annam

319 4625 456 4697 νήθη
477 4628 747 4695 Νικόλαος
778 4635 805 4686 6
834 4640 1183 4709 πατριάρχης
1203 4679 1217 4701 ,
1269 4640 1530 4709 μυστικὸς
1558 4639 1634 4695 ὢν
1659 4641 1771 4715 (80)
1805 4643 1900 4699 τοῦ

324 4717 607 4787 βασιλέως.
638 4725 966 4798 Παρελήφθη
995 4729 1051 4784 δὲ
1088 4730 1148 4784 τὸ
1172 4732 1406 4804 κάστρον
1436 4736 1469 4807 ὴ
1502 4736 1822 4807 Δημητριάς
1842 4737 1902 4791 ὲν

321 4807 399 4879 τῷ
420 4809 620 4881 θὲματι
652 4815 753 4885 τῆς
797 4817 1047 4882 Ἑλλάδος
1074 4819 1181 4874 ὑπὸ
1211 4822 1485 4892 Δαμιανοῦ
1520 4823 1612 4877 τοῦ
1661 4824 1901 4894 Ἀγαρη-

322 4898 435 4955 νοῦ.
466 4901 619 4957 Λέων
642 4904 702 4958 δὲ
732 4908 761 4959 6
809 4907 1062 4977 βασιλεὺς
1116 4913 1303 4981 στέφει
1363 4914 1567 4967 Ἀνναν
1623 4913 1901 4985 θυγατέρα

323 4991 501 5061 Ζωῆς,
536 4994 639 5063 τῆς
684 4998 791 5049 ἀπὸ
821 4998 914 5052 τοῦ
958 5000 1223 5074 Ζαούτζη,
1270 5002 1360 5059 διά
1407 5003 1468 5057 τὸ
1524 5004 1599 5075 μὴ
1638 5002 1899 5058 δύνασθαι

324 5084 498 5137 ποιεῖν
522 5086 592 5140 τὰ
623 5090 686 5141 ὲκ
716 5088 886 5144 τύπου
914 5092 1212 5164 κλητὼρια,
1248 5094 1325 5166 μὴ
1367 5093 1532 5166 οὔσης
1562 5094 1897 5165 Αὐγούστης.

338 5175 605 5248 Ἠγάγετο
626 5180 729 5235 δὲό
759 5184 1014 5255 βασιλεὺς
1043 5186 1212 5259 κόρην
1237 5190 1301 5242 ὲκ
1326 5188 1417 5242 τοῦ
1456 5188 1691 5259 θέματος
1745 5189 1897 5257 ’06:-

2006 4631 2167 4706 48],
2202 4632 2360 4701 Zoes,
2393 4649 2514 4702 quae
2539 4633 2757 4690 Zautzaz
2784 4634 2907 4701 fuit,
2940 4635 3105 4689 filiam
3139 4632 3350 4703 imperii
3381 4646 3582 4685 corona

2009 4729 2311 4794 redimivit,
2362 4730 2507 4799 quod
2567 4718 2852 4787 deficiente
2899 4732 3167 4802 Augusta,
3225 4730 3473 4784 instituta
3517 4745 3582 4784 ex

2008 4837 2162 4878 more
2179 4824 2431 4878 convivia
2453 4824 2729 4879 celebrare
2747 4839 2854 4878 non
2882 4833 3083 4892 posset.
3114 4822 3417 4892 Imperator
3442 4822 3581 4876 idem

2008 4914 2174 4971 ducta
2201 4930 2230 4971 e
2257 4916 2499 4971 themate
2542 4913 2748 4986 Opsicii
2801 4915 3190 4972 venustissima
3234 4916 3435 4986 puella,
3490 4929 3586 4967 no-

2008 5008 2157 5063 mine
2175 5006 2439 5075 Eudocia,
2463 5008 2764 5076 Augustam
2789 5009 3093 5075 coronavit,
3110 5018 3163 5063 et
3181 5008 3581 5077 imperatricem

2010 5114 2351 5169 uxoremque
2375 5097 2743 5154 renuntiavit:
2766 5115 2830 5154 ex
2850 5114 2911 5153 ea
2938 5112 3107 5170 puero
3127 5098 3372 5153 masculo
3394 5112 3583 5154 susce-

2005 5198 2119 5262 pto,
2157 5200 2330 5247 mater
2351 5200 2407 5246 et
2423 5192 2515 5261 qui
2540 5192 2758 5261 genitus
2785 5190 2887 5245 fuit
2912 5205 3045 5261 puer
3070 5191 3276 5261 pariter
3306 5189 3584 5245 obierunt.

1467 5299 1715 5355 FIlANC.
1746 5298 2136 5360 COMBEFISII
2176 5304 2408 5361 ΝΟΤᾸΕ.

537 5390 809 5463 Anonym.
840 5391 1139 5461 διεξῆλθεν.

398 5459 509 5531 (76)
529 5459 953 5537 ’Ἀριστώντωνί
975 5459 1031 5519 δὲ
1059 5464 1257 5537 αὐτῶν,
1285 5466 1471 5529 Cedr.,
1516 5465 1695 5521 Anon.
1720 5466 1903 5537 perin-

328 5528 503 5605 deque
526 5528 658 5605 Leo,
695 5534 908 5589 interim
938 5536 1049 5591 illis
1074 5535 1475 5605 mandantibus.

399 5602 513 5677 (Z7)
548 5603 816 5677 Ananym.
867 5602 1111 5677 χιλιάδας
1149 5608 1245 5662 κδ’.

550 5670 766 5748 Ediluini
798 5670 937 5740 erat,
967 5678 1053 5731 διὰ
1088 5678 1415 5732 Βασιλίσκου
1458 5679 1773 5744 ιΙιττακίου,
1805 5697 1898 5748 per

331 5741 651 5826 Basiliscum
713 5746 1025 5816 Pinacium,
1087 5749 1246 5821 quasi
1290 5762 1474 5806 essent
1522 5752 1631 5806 duo
1674 5741 1894 5807 nomina

330 5828 568 5885 propria.

2085 5400 2196 5469 (79)
2254 5398 2334 5453 Ad
2388 5401 2695 5455 descensum
2753 5398 3130 5469 spliwrialerii;
3175 5397 3445 5467 siquidem
3501 5412 3587 5463 τι,

2010 5468 2379 5535 τζυκανὶζειν,
2425 5472 2636 5525 Acmeti
2683 5468 2789 5524 est
2822 5470 2927 5539 pila
2978 5469 3180 5524 ludere.
3242 5469 3333 5522 Sic
3359 5483 3487 5539 vero
3518 5483 3579 5518 θλ

2010 5542 2167 5607 equis
2199 5540 2493 5605 ludebant;
2540 5539 2787 5609 adeoque
2823 5536 3002 5594 fuerit
3042 5540 3157 5594 haec
3191 5554 3405 5610 quoque
3440 5536 3583 5592 Circi

2009 5626 2164 5688 pars1
2196 5627 2291 5688 seu
2334 5613 2463 5688 quid
2507 5612 2582 5665 illi
2615 5611 2993 5688 conjunctum.
3031 5680 3063 5688 _
3258 5678 3270 5688 _
3319 5676 3352 5688 Α
3412 5676 3442 5688 η

2080 5683 2191 5753 (8οὶ
2225 5681 2298 5735 De
2350 5676 2463 5753 hac
2512 5696 2654 5753 voce
2707 5676 2866 5753 docte
2915 5680 2975 5736 P.
3024 5680 3179 5753 Goar
3206 5678 3271 5732 ad
3314 5676 3583 5753 Codinum

2008 5750 2132 5825 pag.
2169 5753 2293 5821 599,
2328 5752 2421 5809 ubi
2450 5752 2615 5810 etiam
2672 5752 2908 5817 militare
2952 5751 3281 5808 vocabulum
3319 5750 3581 5804 ostendit;
