4072 6296
284 332 415 403 1113

1548 339 1905 401 (ΣΙΙΗΟΝΟΒ
1922 340 2202 404 RAPHIA
2216 392 2231 408 .

3405 342 3542 410 11H

276 447 541 518 Εὖθύμιος
569 447 866 518 σύγκελλος
893 449 1035 520 ἀνὴρ
1082 449 1440 522 ἱεροπρεπὴς,
1488 451 1765 525 ἐγκρατής
1794 471 1851 505 τε

1961 457 2083 512 nive
2107 458 2274 512 multa
2307 457 2584 515 delibutus
2618 461 2888 525 pervenit.
2934 459 2996 516 In
3028 460 3148 531 ejus
3196 460 3373 515 locum
3436 458 3542 515 Eu-

273 542 363 596 καὶ
394 541 626 613 εὐλαϐὴς
651 542 826 596 πάνυ·
860 543 921 597 ὅν
972 558 1105 612 φασι
1133 542 1536 608 καταδέξασθαι
1596 544 1753 599 τοῦτο
1788 548 1853 599 ἐκ

276 632 419 696 θείας
450 633 872 704 ἀποκαλύψεως,
917 634 995 699 ὼς
1028 632 1123 688 τοῦ
1154 634 1420 704 βασιλέως
1457 635 1850 708 βουλευομένου

274 728 476 801 αἵρεσιν
496 730 591 783 καὶ
606 726 774 799 νόμον
801 727 1062 791 ἐκθεῖναι,
1087 726 1182 781 τοῦ
1211 728 1355 797 ἔχειν
1381 729 1551 799 ἄνδρα
1574 730 1682 802 (9|)
1703 732 1852 799 τρεῖς

274 832 529 898 γυναῖκας
564 828 598 898 ἢ
628 827 937 899 τέσσαρας·
972 825 1184 880 πολλῶν
1213 827 1293 890 εἰς
1323 827 1478 880 τοῦτο
1506 826 1853 897 λογιωτάτων

273 921 474 994 ἀνδρῶν
503 919 914 993 συνεργούντων
943 920 1108 974 αὐτόν
1133 917 1354 993 [αὐτῴ].
1398 921 1601 989 Ἰουνίῳ
1632 922 1687 974 δὲ
1722 919 1853 993 μηνὶ

275 1012 622 1087 προσεκλήθη
662 1013 813 1067 Λέων
845 1015 873 1067 ό
932 1012 1187 1081 βασιλεὺς
1222 1014 1376 1083 παρὰ
1434 1013 1852 1067 Κωνσταντίνου

272 1106 363 1160 τοῦ
387 1105 551 1168 Λιόὸς
584 1108 641 1159 ἐν
669 1107 735 1176 τῇ
770 1106 906 1175 μονῇ
930 1102 1093 1158 αὑτοῦ
1118 1106 1185 1175 τῇ
1217 1102 1354 1177 οὔσῃ
1383 1105 1442 1157 ὲν
1472 1104 1549 1175 τῷ
1572 1106 1853 1177 Μερδοσα-

273 1198 415 1271 γάρῃ
442 1197 539 1252 τοῦ
560 1214 620 1251 τε
654 1197 877 1268 ποιῆσαι
904 1196 972 1251 τὰ
999 1197 1251 1265 ἐγκαίνια
1284 1197 1377 1251 καὶ
1407 1199 1723 1267 ἀριστῆσαι.
1742 1198 1858 1253 Καὶ

272 1293 491 1361 γέγονεν
549 1291 751 1362 ἄνεμος
798 1292 827 1345 ὁ
872 1289 1166 1360 λεγόμενος
1196 1289 1326 1359 Λὶψ,
1362 1290 1468 1355 ἕως
1499 1292 1687 1363 τρίτου
1720 1309 1854 1363 σφο-

272 1386 411 1457 δρῶς
444 1387 719 1457 φυσήσας,
756 1384 1050 1449 συσσείσας
1087 1401 1146 1438 τε
1192 1385 1285 1438 καὶ
1314 1383 1544 1456 δονήσας
1574 1386 1854 1457 οἰκήματα

274 1482 363 1534 καὶ
394 1479 713 1550 ἐκκλησίας,
749 1479 890 1534 ὥστε
923 1478 1133 1543 πάντας
1170 1479 1396 1548 φεύγειν
1448 1480 1506 1532 ὲν
1563 1479 1854 1552 ὑπαίθροις

272 1574 458 1636 τόποις
486 1573 748 1642 λέγοντας
798 1572 1112 1626 συντέλειαν
1158 1571 1432 1643 κοσμικὴν
1482 1566 1646 1637 εἶναι,
1684 1573 1734 1626 εἰ
1776 1570 1854 1643 μὴ

272 1665 429 1738 ήτοῢ
483 1665 621 1719 Θεοῦ
667 1665 1049 1737 φιλανθρωπία
1096 1666 1163 1719 δι’
1213 1665 1435 1738 ὄμϐρων
1480 1664 1721 1720 ἔπαυσεν
1755 1665 1855 1736 τὴν

272 1760 524 1831 τοιαύτην
552 1759 688 1832 (ἑραῦ
698 1777 800 1814 σιν.

342 1996 688 2069 Προεόἁλετο
714 1996 771 2051 δὲ
818 1998 846 2050 ὀ
882 1994 1134 2067 βασιλεὺς
1175 1994 1408 2068 Ίμέριον
1437 1996 1729 2067 λογοθέτην
1757 1995 1854 2050 τοῦ

271 2094 473 2166 δρόμου
527 2091 773 2162 κεφαλὴν
825 2089 1044 2144 πάντων
1072 2089 1181 2143 τῶν
1211 2089 1493 2160 πλωῖμων,
1546 2088 1856 2156 ἐξελθόντος

270 2186 358 2242 τοῦ
385 2185 578 2239 στόλου
610 2183 717 2237 τῶν
761 2181 1077 2253 Ἀγαρηνῶν
1098 2181 1239 2235 κατὰ
1276 2179 1581 2251 Ῥωμαίων.
1613 2179 1856 2246 Ἐδέξατο

270 2281 322 2335 δὲ
355 2279 450 2334 καὶ
499 2276 840 2348 Ἀνδρόνικος
872 2278 900 2330 ὁ
940 2275 1065 2340 δοὺξ
1092 2275 1179 2328 διὰ
1229 2274 1535 2338 κελεύσεως
1581 2272 1858 2327 συνελθεῖν

281 2373 501 2444 Ἰμερίῳ
532 2371 795 2442 λογοθέτῃ
825 2372 882 2422 ὲν
902 2371 1014 2432 τοῖς
1039 2367 1266 2431 πλοίοις,
1287 2368 1383 2421 καὶ
1399 2367 1857 2437 καταπολεμῆσαι

268 2467 389 2530 τοὺς
428 2464 792 2536 Ἀγαρηνούς.
851 2463 912 2517 '0
951 2463 1008 2515 δὲ
1059 2462 1326 2533 Σαμωνᾶς
1375 2455 1443 2531 ἧν
1503 2459 1860 2524 ἀδιάλλακτος

268 2557 460 2630 ἐχθρὸς
490 2556 588 2610 τοῦ
637 2554 1001 2626 Ἀνδρονίκου,
1020 2554 1117 2608 καὶ
1144 2553 1315 2607 πολλὰ
1336 2553 1457 2607 κατ’
1484 2552 1651 2607 αὐτοῦ
1682 2553 1859 2625 διηνε-

268 2652 377 2716 κῶς
431 2650 859 2715 συνεσκεύαζεν,
915 2649 1012 2702 καὶ
1067 2648 1385 2719 ἐμηχανᾶτο
1436 2647 1689 2701 κακῶσαι
1765 2649 1858 2701 τὸν

279 2746 625 2816 Ἀνδρόνικον
652 2744 818 2797 παντὶ
849 2742 1037 2813 τρόπῳ
1068 2741 1162 2795 καὶ
1192 2741 1341 2814 πάσῃ
1365 2741 1568 2812 σπουδῇ
1587 2741 1861 2812 διαμηχαο

266 2836 511 2907 νὼμενος
544 2835 654 2889 ἀπὸ
700 2836 799 2904 τῆς
833 2832 1000 2888 αὐτοῦ
1052 2833 1250 2904 φυγῆς.
1312 2832 1582 2888 ’Υπέὸαλε
1635 2833 1693 2887 δέ
1748 2850 1859 2887 τινι

266 2931 476 3002 γράψαι
504 2929 589 2996 τῷ
637 2926 961 2999 ’Δνδρονίκῳ
998 2928 1215 2999 κρύφαο
1247 2928 1338 2998 Μὴ
1391 2927 1638 2998 εἰσέλθῃς
1687 2929 1766 2989 είς
1790 2926 1859 2981 τὰ

266 3025 532 3096 καράὄια,
569 3025 663 3077 καὶ
693 3021 975 3093 κρατηθῇς
1027 3021 1178 3093 παρὰ
1221 3020 1479 3092 Ἱμερίου.
1523 3020 1583 3075 Ὀ
1612 3022 1720 3093 γὰρ
1751 3022 1859 3075 Σα-

269 3118 453 3189 movi;
488 3116 739 3187 ὑπέθηκε
767 3115 846 3187 τῷ
885 3112 1219 3185 βασιλεῖτοῦ
1270 3112 1613 3185 κρατηθῆναί
1648 3132 1730 3179 σε,
1764 3116 1860 3169 καὶ

1952 548 2194 620 thymius
2232 552 2505 621 syncellus
2536 554 2618 607 vir
2640 551 2844 621 gravis,
2878 550 3236 622 temperantia
3257 562 3309 605 ct
3337 550 3537 617 pietate

1953 640 2213 711 insignis,
2253 642 2512 699 suffectus
2544 653 2628 699 est
2664 662 2679 699 :
2713 660 2874 715 quem
2898 644 3090 699 dicunt
3117 643 3305 698 divina
3331 642 3542 697 revela-

1954 735 2099 791 tione
2128 736 2179 790 id
2208 738 2451 794 muneris
2469 739 2800 807 suscepisse.
2828 736 3220 793 Volcbatenim
3242 736 3544 806 imperator

1954 830 2203 886 haeresim
2244 841 2299 888 et
2351 831 2525 903 legem
2593 847 2818 902 ponere,
2866 848 2974 904 qua
3011 831 3191 885 virum
3248 839 3359 886 tres
3409 844 3544 900 qua-

1955 929 2147 978 tuorve
2182 938 2387 979 uxores
2414 924 2617 979 ducere
2666 923 2879 990 liceret,
2926 922 3176 995 pluribus
3209 920 3545 978 doctissimis

1956 1017 2089 1073 viris
2116 1018 2183 1073 ad
2210 1017 2279 1097 id
2298 1034 2457 1089 opem
2482 1018 2915 1074 conferentibus.
2941 1016 3109 1073 Juuio
3136 1022 3321 1071 autem
3354 1028 3545 1069 mense

1955 1112 2256 1185 imperator
2287 1111 2395 1168 Leo
2422 1128 2451 1167 a
2486 1112 2853 1168 Constantino
2883 1110 3016 1166 Libe
3043 1111 3100 1165 in
3138 1098 3537 1164 monasterium

1959 1203 2026 1259 ad
2071 1202 2513 1275 Merdosagarem
2556 1204 2821 1276 positum,
2874 1212 2933 1259 ut
2992 1203 3114 1274 ejus
3149 1200 3543 1257 dedicationem

1951 1298 2273 1364 celebraret,
2320 1307 2374 1354 et
2400 1298 2614 1354 adesset
2658 1296 2934 1361 convivio,
2968 1304 3198 1351 vocatus
3239 1301 3347 1349 est.
3383 1290 3543 1346 Post.

1956 1390 2075 1447 hac
2096 1397 2291 1447 ventus
2314 1392 2537 1447 nomine
2552 1390 2770 1447 Africus
2798 1405 2894 1460 per
2909 1387 3028 1444 dies
3046 1396 3162 1444 tres
3198 1383 3429 1441 invaluit
3456 1396 3549 1437 ve-

1959 1482 2368 1543 hementissime
2425 1486 2666 1556 spirans,
2699 1483 3042 1548 concutiens,
3089 1488 3422 1537 etevertens
3456 1476 3549 1531 do-

1958 1594 2079 1635 mos
2113 1598 2128 1635 :
2161 1579 2297 1635 adeo
2324 1588 2384 1634 ut
2409 1593 2606 1635 omnes
2644 1578 2712 1635 ad
2753 1578 2872 1633 lora
2913 1574 3217 1634 subdivalia
3276 1572 3544 1644 fugerent,

1957 1681 2014 1727 et
2051 1672 2240 1728 mundi
2271 1671 2433 1727 linem
2490 1670 2822 1727 adventasse
2878 1668 3182 1740 cogitarent
3213 1686 3227 1722 :
3260 1664 3365 1721 nisi
3402 1663 3548 1718 Deus
3650 1702 3653 1703 ν

1961 1782 2060 1822 sua
2097 1767 2151 1821 in
2181 1766 2433 1822 homines
2487 1764 2829 1836 benignitate
2884 1761 3315 1819 concussionem
3355 1757 3547 1829 hujus-

1890 1873 1935 1931 Β
1962 1860 2108 1916 modi
2136 1860 2456 1931 placandam
2484 1858 2746 1929 jussisset

2032 2000 2330 2071 imperator
2352 2008 2533 2054 autem
2588 1996 2914 2065 Himerium,
2943 2010 3140 2055 cursus
3160 1993 3359 2066 publici
3396 1992 3549 2061 logo-

1958 2095 2191 2157 thetam,
2221 2091 2414 2148 classis
2458 2091 2626 2146 totius
2677 2099 2844 2162 caput
2870 2089 3128 2144 instituit.
3166 2087 3546 2160 Agarcnorum

1960 2203 2089 2241 vero
2122 2185 2302 2242 navali
2332 2185 2579 2239 exercitu
2603 2183 2874 2239 adversus
2907 2184 3186 2238 Romanos
3219 2190 3390 2243 moto,
3426 2179 3537 2231 An-

1960 2278 2219 2335 dronicus
2246 2278 2379 2340 dux,
2408 2285 2469 2331 ut
2492 2291 2553 2332 se
2596 2275 2653 2331 in
2696 2275 2936 2331 navibus
2971 2272 3215 2329 Himerio
3258 2270 3551 2342 logothetas

1960 2369 2305 2440 adiungeret,
2349 2378 2404 2424 et
2462 2368 2748 2440 Agarenos
2786 2377 3150 2439 oppugnaret,
3206 2364 3397 2437 jussus
3441 2372 3545 2417 est.

1960 2464 2081 2533 Quo
2122 2472 2365 2535 tempore
2400 2462 2673 2519 Samonas
2703 2463 2756 2517 in
2788 2460 3173 2517 Andronicum
3218 2457 3551 2529 implacatus

1963 2557 2369 2628 perseverabat,
2406 2555 2690 2625 multaque
2718 2554 2986 2609 adversus
3012 2567 3137 2608 eum
3164 2550 3556 2608 comminisce-

1962 2654 2147 2718 batur,
2171 2661 2227 2706 et
2249 2651 2508 2707 omnibus
2540 2650 2719 2706 modis
2744 2650 3007 2719 omnique
3032 2648 3213 2705 studio
3239 2643 3553 2701 Andronico

1962 2744 2271 2801 molestiam
2333 2743 2562 2807 inferre,
2595 2758 2658 2798 ex
2695 2757 2805 2814 qua
2830 2740 3017 2812 fugam
3056 2741 3173 2811 ipse
3220 2738 3552 2809 arripuerat,

1963 2837 2352 2893 meditabatur.
2387 2836 2673 2908 Suggessit
2698 2845 2880 2891 autem
2908 2833 3124 2889 cuidam
3157 2832 3252 2902 qui
3285 2831 3559 2886 scriberet,

1964 2928 2276 2985 Andronico
2304 2934 2519 2984 secreto
2555 2944 2569 2981 :
2598 2924 2676 2982 Ne
2710 2942 2881 2982 naves
2922 2922 3271 2996 ingrediaris,
3302 2936 3373 2977 ne
3411 2919 3557 2977 forte

1964 3020 2202 3091 capiaris
2237 3021 2307 3075 ab
2332 3019 2602 3076 Himerio.
2635 3016 2911 3074 Samonas
2936 3016 3085 3072 enim
3122 3013 3403 3086 suggessit
3448 3012 3555 3068 im-

1963 3113 2226 3184 peratori,
2254 3121 2317 3167 ut
2345 3110 2414 3166 ab
2442 3127 2509 3166 eo
2538 3110 2995 3181 comprehensus,
3026 3104 3220 3161 oculos
3247 3104 3552 3158 amitteres.

264 3210 623 3280 τυφλωθῆναι
662 3209 795 3279 παρ’
849 3207 1035 3266 αὑτοῦ.
1086 3206 1264 3261 Πολλὰ
1295 3206 1354 3260 δὲ
1409 3209 1856 3278 προτρεπομένου

1963 3207 2210 3263 Himerio
2248 3205 2451 3261 exinde
2502 3202 2884 3258 Andronicum
2914 3198 3170 3271 pluribus
3200 3196 3553 3259 adhortante,

277 3305 518 3375 Ἰμερίου
566 3303 907 3373 Ἀνδρόνικον
940 3301 1204 3356 εἰσελθεῖν
1235 3301 1293 3354 ὲν
1325 3303 1439 3364 τοῖς
1473 3300 1681 3364 πλοίοις
1718 3301 1858 3354 κατὰ

265 3398 369 3450 τῶν
415 3394 886 3467 Ἀγαρηνῶν(92)
933 3393 1300 3464 ἐπικειμένων
1327 3390 1481 3465 [add.
1516 3394 1616 3446 οὐκ
1674 3393 1861 3464 ἐθέλη-

266 3488 398 3561 σεν].
440 3488 687 3558 Ἱμέριος
720 3485 778 3539 δὲ
834 3485 995 3556 μόνος
1026 3472 1087 3538 ἐν
1116 3486 1300 3555 ἡμέρα
1349 3484 1443 3537 τοῦ
1490 3484 1647 3553 ἁγίου
1687 3483 1860 3555 Θωμᾶ

267 3580 566 3651 συμὸαλὼν
598 3579 833 3648 πόλεμον
896 3575 1035 3647 μετὰ
1085 3575 1195 3630 τῶν
1238 3576 1558 3647 Ἀγαρηνῶν
1611 3574 1859 3646 μεγάλην

264 3674 420 3743 νίκην
440 3670 766 3744 εἰργάσατο.
789 3668 961 3723 Τοῦτο
994 3668 1183 3741 μαθὼν
1225 3668 1564 3738 Ἀνδρόνικος
1586 3668 1859 3737 ἀπογνοὺς
1879 3724 1883 3729 ,

264 3767 379 3837 ἃμα
404 3762 737 3834 συγγενέσιν
768 3762 933 3816 αὐτοῦ
978 3759 1233 3815 ἀπελθὼν
1267 3762 1576 3833 ἐκράτησεν
1619 3760 1860 3831 κὰστρον

263 3864 358 3936 τὴν
406 3860 736 3925 Κάὗόαλαν,
774 3861 857 3922 εἰς
899 3857 1112 3912 τελείαν
1144 3858 1484 3912 ἀποστασίαν
1538 3856 1746 3913 ὲλθὼνο
1783 3856 1860 3923 ὡς

264 3959 437 4012 εἰπεῖν
465 3954 563 4009 καὶ
586 3953 859 4024 Σαμωνᾶν
887 3952 1027 4024 πρὸς
1072 3952 1166 4006 τὸν
1199 3952 1450 4023 βασιλέα·
1506 3952 1619 4007 Οὐκ
1651 3952 1857 4021 ἔλεγον,

265 4047 308 4107 ὦ
334 4051 605 4113 δέσποτα,
630 4046 906 4117 ἀντὰρτην
928 4042 1066 4100 εἶναι
1102 4063 1195 4099 σου
1223 4044 1315 4099 τὸν
1351 4044 1561 4111 δοῦκας
1608 4045 1859 4118 Παρευθὺ

265 4140 594 4199 ἀπέστειλεν
620 4142 648 4194 δ
680 4138 936 4210 βασιλεὺς
959 4138 1242 4209 Γρηγορᾶν
1271 4136 1591 4209 δομέστικον
1613 4138 1722 4192 τῶν
1746 4154 1864 4209 σχο-

264 4235 370 4288 λῶν
427 4234 529 4288 τὸν
592 4229 889 4301 λεγόμενον
954 4228 1263 4300 Ἰϐηρίτζην
1310 4229 1687 4301 συμπένθερον
1731 4228 1861 4283 ὄντα

278 4328 654 4399 Ἀνδρονίκου,
684 4322 1138 4395 καταπολεμῆσαι
1166 4323 1352 4377 αὐτόν.
1386 4321 1593 4376 Μαθὼν
1623 4323 1679 4376 δὲ
1704 4322 1864 4376 τοῦτο

277 4422 645 4494 Ἀνδρόνικος,
677 4418 773 4472 καὶ
800 4417 876 4480 ὡς
904 4419 932 4471 ό
955 4417 1306 4488 πατριάρχης
1340 4416 1609 4481 Νικόλαος
1634 4415 1737 4487 τῆς
1772 4418 1865 4470 ὲκ·-

264 4516 500 4587 κλησίας
544 4510 783 4584 ἒξεώθη,
820 4511 1170 4582 προσέφυγεν
1216 4513 1330 4574 τοῖς
1368 4511 1710 4582 Ἀγαρηνοῖς,
1743 4512 1861 4583 ἅμα

1962 3311 2022 3359 ut
2040 3299 2234 3358 classis
2271 3300 2490 3354 adesset
2517 3311 2727 3361 comes,
2752 3303 2807 3351 et
2841 3308 2965 3349 cum
2995 3290 3264 3353 Agarenis
3303 3287 3416 3359 jam
3450 3286 3555 3340 im-

1962 3394 2301 3452 mittentibus
2339 3390 2666 3453 decertaret,
2735 3403 2845 3444 non
2870 3385 3116 3442 admisit.
3150 3381 3431 3438 Himerius
3457 3379 3556 3450 igi-

1962 3501 2052 3548 tur
2101 3489 2252 3546 solus
2285 3487 2377 3543 die
2418 3485 2598 3542 sancti
2653 3482 2900 3548 Thomat,
2936 3481 3074 3536 inito
3109 3493 3236 3535 cum
3288 3474 3557 3547 Agat-onis

1960 3585 2170 3659 praalio,
2202 3596 2457 3652 magnam
2495 3574 3150 3651 rcportavitivictoriam.
3182 3570 3305 3639 Quo
3341 3568 3555 3630 audito,

1961 3675 2015 3732 in
2045 3674 2486 3746 desperationem
2541 3670 2812 3726 adductus
2853 3666 3220 3730 Andronicus,
3276 3662 3332 3718 in
3375 3669 3559 3717 extre-

1964 3785 2107 3825 mam
2132 3766 2495 3823 defectionem
2542 3763 2946 3836 prmcipitatus,
2992 3755 3420 3828 consanguineis
3470 3753 3558 3806 fu—

1959 3878 2083 3935 gam
2109 3861 2515 3926 comitantibus,
2552 3868 2794 3916 castrum
2826 3855 3119 3913 Cabbalam
3142 3849 3431 3921 occupavit
3455 3862 3557 3904 :ex

1962 3972 2070 4028 quo
2094 3955 2359 4012 Samonas
2384 3953 2703 4026 imperatori
2729 3947 3139 4023 lmproperabat
3166 3965 3181 4004 :
3209 3944 3405 4001 Nonne
3423 3958 3560 4013 prae-

1960 4049 2230 4114 dixeram,
2259 4047 2503 4114 domine,
2544 4048 2738 4102 ducem
2773 4045 3065 4100 adversum
3105 4051 3157 4095 te
3201 4036 3556 4093 rebellionem

1963 4141 2219 4197 meditari
2250 4141 2494 4196 ?Statim
2531 4155 2664 4211 ergo
2720 4137 2873 4194 misit
2925 4136 3227 4206 imperator
3256 4131 3558 4204 Gregoram

1962 4234 2277 4291 scholarum
2327 4234 2691 4290 domesticum
2725 4271 2741 4295 ,
2790 4237 3162 4301 cognomento
3213 4224 3558 4291 Hiberitzen,

1964 4327 2264 4385 Andronici
2322 4343 2723 4391 consocerum,
2764 4333 2825 4379 ut
2873 4339 2996 4380 eum
3041 4321 3357 4377 debellaret.
3400 4316 3560 4384 Quod

1963 4438 2089 4479 cum
2148 4421 2433 4478 didicisset
2484 4418 2875 4485 Andronicus:
2922 4427 2977 4472 et
3030 4413 3314 4469 Nicolaum
3386 4407 3559 4480 patri-

1963 4516 2184 4572 archam
2239 4515 2309 4571 ab
2367 4515 2601 4572 ecclesia
2630 4515 2850 4586 pulsum
2898 4524 3054 4571 esse.
3088 4521 3193 4563 una
3220 4521 3346 4562 cum
3385 4501 3561 4557 amni-

266 4611 375 4675 τοῖς
407 4605 734 4678 συγγενέσι,
767 4604 862 4659 καὶ
890 4604 1127 4668 τέκνοις,
1154 4604 1250 4658 καὶ
1274 4606 1385 4669 τοῖς
1410 4605 1585 4674 φίλοις
1614 4604 1858 4678 ἐξεληλυ-

1977 4615 2083 4671 bus
2113 4622 2169 4670 et
2191 4612 2338 4671 natis
2366 4622 2424 4670 et
2449 4610 2643 4669 amicis
2678 4608 2916 4665 fortume
2940 4605 3237 4664 comitibus
3284 4597 3449 4675 485
3490 4595 3562 4652 ad

1409 4773 1662 4836 FRANC.
1707 4780 2104 4839 COMBEFISH

332 4917 449 4991 (91)
476 4914 781 4991 Anonym._,
811 4911 906 4965 τοῦ
930 4910 1075 4991 έχειν
1103 4913 1341 4991 γυναῖκα
1369 4912 1593 4991 ἄνδρας.
1630 4914 1777 4991 _Qui_d
1814 4916 1860 4972 si

269 4984 574 5058 utrumque
625 4984 839 5038 sancire
864 4985 1055 5058 voluit,
1110 4985 1372 5058 pariaque
1420 4984 1592 5039 valuit
1625 4986 1845 5042 femina).

267 5055 635 5131 viriquejura
665 5074 679 5110 :
707 5064 818 5131 tnnt
851 5056 1103 5108 nimirum
1155 5055 1326 5108 uirum
1379 5066 1863 5131 tres,_quatuorve,

270 5124 463 5189 ηποιῑεε
504 5124 691 5195 ’ροεδε
750 5124 961 5189 ducere,
1007 5136 1117 5179 tum
1168 5141 1388 5179 uxorem
1437 5124 1657 5182 totidem
1698 5131 1861 5184 viros.

268 5206 385 5263 Νυιι
446 5198 841 5272 κατὰ-ταυτὸν,
871 5197 1032 5272 simul
1071 5206 1120 5272 et
1160 5198 1341 5272 semei,
1371 5199 1516 5272 quod
1543 5199 1681 5272 male
1713 5201 1863 5272 adje-

269 5280 344 5335 cit
364 5270 537 5332 Cedr.
582 5268 994 5341 (ineptum_hoc
1024 5269 1242 5341 opinari
1284 5269 1351 5325 de
1382 5268 1501 5325 viro
1528 5270 1732 5341 alioqui
1770 5268 1864 5325 sae

269 5350 474 5416 piente,
503 5356 574 5395 ac
616 5336 784 5407 probe
833 5336 1386 5416 _C|iristiano,_cuiet
1428 5336 1864 5416 doctissimiviri

272 5409 739 5489 astipularentur,
765 5410 945 5479 ntipse
968 5411 1169 5465 fatetur
1202 5410 1342 5475 Leo;
1363 5427 1560 5489 nempe
1594 5409 1864 5489 (jeciden-

272 5483 522 5558 tale'sqtii
563 5498 673 5538 non
707 5488 974 5558 respuunt
1024 5490 1251 5558 quartas
1283 5484 1525 5553 nuptias,
1548 5483 1863 5558 _aliique_iis

273 5553 501 5634 addicti,
545 5570 613 5634 ac
668 5553 1174 5634 sanioristnentis,
1223 5569 1363 5634 quos
1404 5569 1514 5634 non
1548 5553 1863 5634 lateret_R9o

274 5615 420 5687 niani
449 5615 695 5682 maxime
738 5624 1016 5691 pontificis
1053 5615 1356 5681 auctoritas
1400 5625 1758 5695 dispensandi
1800 5615 1856 5681 in

274 5703 362 5769 iis,
406 5704 711 5775 qttzensunt
755 5696 906 5775 juris
947 5696 1214 5775 duntaxat
1244 5696 1630 5775 ecclesiastici,
1662 5711 1765 5775 nec
1804 5696 1856 5775 id

277 5765 636 5828 universalis.
675 5767 769 5823 sed
814 5767 1109 5835 peculiaris
1144 5766 1199 5821 in
1238 5765 1484 5827 Oriente,
1514 5768 1589 5821 uti
1618 5767 1760 5823 istud
1789 5768 1858 5823 de

278 5847 478 5912 tertiis,
542 5848 601 5897 et
657 5839 869 5911 quartis
895 5838 1099 5907 nuptiis
1136 5839 1359 5911 vetitis),
1396 5840 1489 5896 sed
1551 5841 1620 5894 ita
1665 5848 1716 5894 ut
1753 5839 1851 5897 de-

2178 4782 2418 4840 NOT/E.

1974 4917 2178 4975 functis
2211 4918 2330 4975 aliae
2359 4918 2481 4973 aliis
2522 4917 2903 4981 succederent,
2937 4913 3053 4971 sive
3076 4912 3242 4968 etiam
3278 4910 3367 4965 alii
3398 4910 3559 4967 aliis:

1973 4989 2092 5073 lege
2119 4991 2211 5044 illa
2244 4991 2542 5072 universali
2577 4988 2893 5069 prmsidium
2921 4999 3175 5073 timeretis
3207 4983 3423 5067 quartis
3452 4982 3564 5073 illis

1974 5055 2092 5117 suis
2123 5062 2351 5130 nuptiis,
2406 5055 2640 5130 quarum
2693 5058 2913 5113 non-ine
2961 5055 3219 5130 Nicolaus
3250 5055 3561 5130 patriarcha

1974 5125 2345 5187 anathemate
2380 5125 2637 5195 feriet-at;
2687 5131 2931 5198 adeoque
2960 5126 3246 5198 scripserit
3275 5125 3562 5198 Cedrenus

1974 5203 2119 5272 quod
2147 5213 2202 5259 et
2257 5192 2772 5272 Curopalata,'xa1:'
2830 5192 3013 5265 αὐτόν,
3050 5192 3365 5272 perindeac
3416 5192 3563 5264 ipse;

1972 5267 2067 5344 qui
2126 5277 2208 5330 sic
2266 5267 2509 5344 quatuor
2562 5288 2761 5327 uxores
2788 5267 3056 5344 duxerat.
3090 5267 3353 5344 "aere-sim
3404 5275 3565 5344 vocat

1966 5339 2099 5409 Leo,
2138 5344 2216 5401 uti
2270 5339 2383 5400 fere
2431 5344 2606 5409 Graeci
2658 5342 3011 5404 calentiores,
3069 5339 3342 5411 quidquid
3393 5339 3560 5411 etiam

1966 5431 2155 5469 eorum
2190 5416 2499 5486 disciplina:
2546 5415 2893 5480 adversatur,
2934 5408 3134 5467 nedum
3180 5408 3329 5481 quod
3372 5408 3565 5464 catho-

1969 5487 2086 5541 lica:
2119 5488 2239 5541 fidei
2275 5487 2617 5542 contrarium
2657 5495 2762 5540 est.

2038 5556 2151 5627 (92)
2190 5557 2427 5613 Delcnda
2452 5573 2595 5627 vox,
2617 5559 2776 5625 μετά,
2810 5571 2876 5612 ac
2912 5566 3113 5627 suppl.
3135 5569 3215 5627 est
3245 5552 3558 5627 Anonymo,

1964 5623 2372 5700 ἀπεσκίρτησε,
2406 5629 2480 5698 μὴ
2504 5623 2665 5681 τοῦτο
2696 5627 2921 5697 ποιῆσαι
2949 5623 3413 5700 καταδεξάμ-ενοςο
3446 5625 3562 5700 An-

1967 5695 2217 5823 gronicus
2248 5695 2586 5767 resiliit,'uec
2635 5716 2745 5755 rem
2781 5695 3044 5771 ,πωπω
3085 5697 3141 5752 in
3184 5696 3427 5750 animum
3479 5695 3563 5747 in.

2006 5782 2139 5823 um.

2006 5782 2139 5827 ιιῶιί.
