4072 6296
539 342 681 423 illi)

1085 456 1570 513 ALEXANDER.

613 551 911 623 Imperavit
960 551 1273 609 Alexander
1302 566 1410 605 una
1447 566 1571 605 cum
1603 548 1972 605 Constantino
2004 547 2134 603 Leo-

545 650 635 704 nis
663 646 775 718 filio
810 662 1015 703 annum
1067 660 1260 709 unum,
1293 644 1411 700 dies
1448 645 1640 711 viginti
1679 659 1895 701 novem.
1934 645 2135 699 Misso-

542 758 651 810 que
676 741 743 796 ad
766 738 1052 797 Nicolaum
1076 737 1144 793 ad
1175 737 1510 793 Galacrenas
1540 737 1736 791 nuntio
1780 735 2134 805 Euthymium

548 832 918 903 patriarcbam
963 831 1261 902 deposuit,
1296 838 1348 885 et
1381 828 1668 885 Nicolaum
1704 830 1945 885 secundo
1977 829 2137 884 reSti-

547 926 669 979 tuit.
708 923 914 979 Habuit
938 934 1120 979 autem
1149 922 1461 978 Alexander
1493 922 1558 977 ad
1588 921 1942 999 Magnanram
1969 921 2137 976 sileno

545 1015 709 1079 tium,
758 1022 814 1070 et
843 1015 1139 1071 concilium
1189 1013 1509 1080 celebravit,
1569 1022 1734 1084 atque
1784 1011 2134 1084 Euthymium

544 1109 615 1165 ab
658 1108 875 1175 Agatho
920 1107 1229 1164 advocavit.
1285 1106 1625 1177 Sedenteque
1656 1104 1969 1161 Alexandro
2012 1119 2135 1159 cum

549 1201 779 1257 Nicolao
816 1199 1155 1271 patriarcha,
1208 1214 1524 1255 assessores
1572 1198 1852 1272 Euthymii
1914 1197 2133 1267 deposi-

549 1295 681 1351 tioni
721 1295 994 1350 vacabant
1023 1294 1311 1359 attentius,
1344 1307 1471 1349 cum
1524 1291 1793 1348 dedecore
1839 1291 2138 1349 venerandi

546 1399 599 1445 et
622 1405 717 1460 per
744 1388 930 1445 omnia
965 1387 1201 1444 mirandi
1256 1387 1361 1442 viri
1411 1386 1695 1442 colendam
1737 1385 1964 1441 barbam
2026 1384 2140 1439 vel-

550 1482 802 1548 licantes,
837 1480 1057 1552 aliaque
1101 1480 1396 1550 opprobria
1443 1490 1497 1534 et
1534 1479 1767 1550 injurias
1816 1476 2136 1544 inferentes,

1793 342 1990 404 LEON
1998 342 2070 402 IS
2106 339 2595 401 GRAMMATICI

3685 326 3839 395 1120

2767 458 2860 507 AA
2878 450 3276 507 ΕΞΛΝΔΡΟΣ.

2319 546 2670 618 Ἀλέξανδρος
2707 544 3056 599 ἐϐασίλευσεν
3085 543 3204 606 ἔτος
3250 541 3309 595 ἓν
3375 541 3587 615 ἡμέρας
3620 539 3702 595 κθ⁹
3728 539 3840 596 σὺν

2233 639 2637 711 Κωνσταντίνῳ
2675 637 2775 708 υἱῷ
2824 635 3074 696 Λέοντος.
3120 631 3477 695 ’Δποστείλας
3525 632 3583 687 δὲ
3617 633 3838 702 ἤγαγεν

2236 731 2508 787 Νικόλαον
2561 732 2627 785 ἐκ
2702 727 3092 799 Γαλακρηνῶν,
3159 724 3492 793 καταγαγὼν
3549 725 3839 793 Εὑθύμιον

2236 823 2608 894 πατριάρχην,
2643 823 2739 877 καὶ
2770 820 3108 893 ὲνεθρόνισεν
3135 818 3195 873 τὸ
3232 817 3488 890 δεύτερον
3534 817 3629 871 τὸν
3666 815 3842 870 αὑτὸν

2237 916 2526 970 Νικόλαον.
2575 917 2833 986 Ἐποίησε
2862 914 2920 969 δὲ
2967 914 3238 969 σελέντιον
3289 915 3383 966 καὶ
3419 910 3639 965 σύνοδον
3681 910 3841 964 Ἀλέ-

2238 1008 2464 1078 ξανδρος
2495 1010 2552 1061 ὲν
2582 1010 2649 1079 τῇ
2681 1004 3013 1078 Μαγναύρᾳ,
3046 1004 3273 1074 ἀγαγὼν
3305 1002 3581 1073 Εύθύμιον
3604 1002 3713 1056 ἀπὸ
3735 997 3837 1054 τοῦ

2252 1099 2506 1165 ’Δγαθοῦ,
2549 1101 2644 1152 καὶ
2692 1097 3030 1167 συγκαθίσας
3065 1097 3181 1168 ἅμα
3203 1095 3459 1161 Νικολάῳ
3493 1092 3837 1167 πατριάρχῃ,

2241 1197 2572 1269 ἐποιήσαντο
2604 1194 2704 1267 τὴν
2737 1197 2861 1249 κατ’
2895 1193 3062 1250 αὐτοῦ
3094 1193 3417 1265 καθαίρεσιν
3448 1192 3665 1262 ἀτίμως
3696 1191 3842 1245 ἀπο·

2245 1288 2517 1353 τίλλοντες
2536 1287 2631 1342 τοῦ
2658 1286 3022 1359 ἱεροπρεποῦς
3051 1285 3150 1342 καλ⁵
3166 1286 3502 1354 ἅξιαγάστου
3520 1284 3715 1355 ἀνδρὸς
3737 1283 3842 1354 τὴν

2242 1381 2432 1453 τιμίαν
2462 1380 2736 1450 γενειάδα,
2768 1380 2861 1435 καὶ
2888 1380 3054 1444 ἄλλας
3098 1379 3252 1443 τινὰς
3284 1379 3473 1450 ὕϐρεις
3514 1382 3609 1434 καὶ
3642 1378 3845 1440 ποινὰς

2244 1471 2395 1543 αὐτῷ
2442 1473 2820 1545 ἐπιφέροντες,
2850 1472 2917 1536 ἃς
2939 1471 3159 1544 ἡσύχως
3193 1471 3290 1526 καὶ
3321 1472 3514 1544 πράως
3540 1471 3847 1543 ὑπέμεινεν

549 1592 690 1644 quas
732 1576 920 1647 quiete
951 1583 1008 1629 et
1051 1582 1337 1630 mansuete
1385 1571 1726 1627 honorabilis
1768 1580 1822 1627 et
1866 1586 2023 1627 sacer
2058 1570 2141 1625 vir

2255 1563 2479 1635 δτίμιος
2519 1565 2616 1619 καὶ
2665 1565 2809 1637 ἱερὸς
2846 1566 3015 1637 ἀνήρ·
3050 1566 3182 1620 ἔνθα
3232 1565 3329 1620 καὶ
3372 1566 3451 1629 είς
3486 1563 3555 1619 τὰ
3602 1559 3846 1632 ’Δγαθοῦ

550 1669 839 1725 tolerabat.
866 1669 947 1724 Ex
973 1667 1177 1737 quibus
1218 1666 1287 1721 ad
1327 1665 1523 1734 Agathi
1563 1665 1709 1720 :edes
1738 1666 1851 1719 vita
1880 1652 2144 1731 functus,

2255 1658 2601 1729 τελευτήσας,
2631 1660 2985 1715 κατατίθεται
3014 1660 3072 1715 ὲν
3098 1662 3163 1732 τῇ
3192 1660 3328 1731 αὐτῇ
3365 1662 3524 1730 μονῇ,
3559 1659 3618 1712 ὲν
3651 1660 3721 1727 τῇ
3746 1656 3850 1709 πό-

551 1762 606 1816 in
638 1761 863 1831 proprio
908 1758 1247 1815 monasterio
1293 1758 1449 1829 juxta
1500 1756 1800 1813 Psamathii
1854 1757 2139 1826 depositus

2256 1749 2338 1804 λει
2366 1751 2473 1805 τῶν
2489 1751 2897 1823 Ψαμαθίουῌ).
2923 1750 3112 1816 Οὕτως
3142 1750 3489 1823 Ἀλέξανδρος
3519 1752 3593 1820 l2)
3621 1750 3711 1805 διὰ
3737 1749 3849 1809 τὰς

548 1830 653 1908 est.
686 1830 1015 1914 Alexander,
1048 1848 1461 1919 suspicionibus
1492 1848 1633 1903 liber
1662 1862 1801 1917 quas
1827 1848 1995 1903 frater
2024 1847 2132 1903 Leo

2255 1843 2514 1910 inovoiac,
2540 1846 2608 1911 ἃς
2638 1848 2667 1901 ό
2685 1845 2917 1916 ἀδελφὸς
2953 1845 3122 1901 αὐτοῦ
3146 1846 3299 1901 Λέων
3322 1848 3405 1899 ἔτι
3428 1844 3537 1910 ζῶν
3566 1841 3685 1916 εἶχε
3718 1844 3853 1899 κατ’

550 1943 820 1999 adversus
845 1942 1047 2013 ipsum,
1070 1941 1200 1996 dum
1241 1941 1293 1995 in
1338 1939 1477 1997 vivis
1508 1950 1669 2005 esset,
1698 1939 1937 2005 fovebat,
1968 1955 2136 1995 vena-

2255 1936 2437 2002 ιύτοῦ,
2472 1938 2559 1991 ἀεὶ
2603 1940 2717 2002 τοῖς
2755 1938 3101 2008 κυνηγεσίοις
3133 1939 3228 1993 ml.
3274 1941 3387 2002 τοῖς
3420 1936 3526 2002 ἔξω
3555 1936 3853 2000 παλατὶοις

553 2036 705 2092 tibus
752 2034 1034 2091 continuis
1089 2044 1144 2088 et
1196 2048 1293 2105 per
1348 2034 1499 2088 varia
1557 2033 1760 2104 palatia
1792 2032 2139 2090 discursibus

2255 2028 2559 2100 ἐσχόλαζεν,
2621 2030 2792 2103 μηδὲν
2840 2030 3107 2102 βασιλέως
3164 2029 3326 2103 ἔργον
3351 2030 3853 2101 διαπραττόμενος,

552 2127 788 2182 vacabat
845 2139 1262 2195 usquequaque,
1324 2124 1460 2178 nihil
1521 2125 1850 2195 imperatore
1912 2122 2137 2193 dignum

2255 2128 2390 2183 ma:
2421 2128 2626 2197 διάγων
2662 2129 2720 2183 ὲν
2748 2131 3007 2201 τρυφαῖς,
3048 2128 3335 2193 ἀσωτίαις,
3368 2129 3465 2183 καὶ
3501 2127 3723 2199 μέθαις,
3751 2128 3857 2182 καὶ

558 2219 858 2276 meditatus
922 2225 1019 2273 aut
1073 2223 1394 2283 exsecutus,
1465 2214 1559 2271 sed
1629 2228 1845 2284 semper
1898 2213 2137 2281 deliciis,

554 2309 793 2368 luxuria;
825 2318 878 2364 et
907 2306 1271 2363 ebrietatibus
1310 2305 1627 2378 indulgens,
1660 2314 1834 2361 totum
1863 2321 1921 2361 se
1948 2304 2142 2376 hujus—

553 2402 704 2461 modi
737 2400 1055 2457 tradiderat.
1101 2397 1257 2456 Unde
1303 2398 1557 2469 protinus
1606 2398 1798 2455 Janem
1853 2398 2141 2463 clericum,

557 2496 888 2568 cognomine
940 2492 1228 2559 Lazarem,
1261 2504 1532 2548 rectorem
1583 2492 1844 2559 instituit,
1892 2494 1985 2562 qui
2016 2501 2143 2563 post

557 2567 853 2643 Alexandri
902 2594 1133 2643 mortem
1166 2585 1370 2642 misere
1415 2584 1581 2639 vitam
1612 2567 1834 2653 abrupit
1877 2584 2146 2640 :Gabrie-

558 2680 804 2750 lopulum
836 2680 1043 2749 pariter
1070 2686 1123 2734 et
1163 2675 1480 2742 Basilitzen,
1523 2674 1909 2743 Sclavinorum
1945 2692 2145 2747 genere

558 2785 711 2828 ortos
744 2770 931 2841 palatii
968 2769 1173 2825 divitiis
1229 2769 1583 2824 vehementer
1634 2770 1830 2835 auxit,
1891 2768 2032 2824 adeo
2085 2777 2144 2823 ut

558 2860 709 2916 nulla
740 2860 891 2930 prole
934 2866 1188 2930 suscepta
1225 2857 1460 2914 Basilius
1492 2858 1595 2913 iste
1624 2858 2037 2928 imperatorem,
2062 2861 2145 2925 fut

559 2954 737 3021 aiunt,
768 2953 1037 3008 haeredem
1092 2950 1383 3006 instituere
1418 2950 1713 3005 meditatus
1762 2949 1952 3004 fuerit.
2000 2949 2147 3005 Con-

563 3043 863 3101 stantinum
897 3043 1065 3099 etiam
1113 3040 1311 3097 Leonis
1342 3041 1514 3098 ﬁlium
1548 3042 1866 3097 eunuchum
1915 3041 2147 3098 reddere

2249 2222 2379 2296 περὶ
2410 2220 2587 2277 ταῦτα
2620 2222 2709 2277 ἀεὶ
2734 2221 3080 2294 διακειμένου
3100 2219 3489 2295 [διακείμενος]
3510 2236 3522 2251 ο
3552 2220 3676 2275 ὅθεν
3701 2236 3856 2289 παρα

2249 2312 2379 2368 ευθὺ
2416 2314 2623 2385 Ἰαννῆν
2669 2312 2884 2379 παπᾶν,
2937 2311 3031 2366 τὸν
3085 2310 3321 2391 ἐπίκλην
3373 2310 3657 2382 Δαζάρην,
3722 2309 3853 2380 ῥαί-

2249 2421 2440 2475 κτωρα
2493 2403 2818 2484 πεποίηκεν,
2850 2402 2909 2469 δς
2942 2404 3038 2459 καὶ
3091 2402 3241 2459 κακὰ
3286 2401 3349 2455 τὸ
3381 2401 3484 2473 ζῇν
3528 2401 3853 2474 ἀπέρρηξεν

2254 2497 2393 2571 μετὰ
2423 2498 2655 2554 θάνατον
2692 2497 3048 2571 Ἀλεξάνδρου
3075 2513 3093 2529 ο
3129 2495 3396 2560 ὡσαύτως
3423 2494 3520 2549 οὖν
3544 2490 3714 2563 φασιν
3740 2494 3865 2577 Γα-⁷

2251 2591 2610 2663 ϐριλόπουλον
2665 2592 2762 2646 καὶ
2814 2589 3149 2663 Βασιλίτζην
3205 2590 3316 2644 ἀπὺ
3354 2580 3470 2644 τοῦ
3522 2585 3855 2642 Σκλαϐίνων

2252 2685 2441 2750 ἔθνους
2474 2684 2720 2756 σφοδρῶς
2745 2682 3177 2739 κατεπλούτισεν
3211 2684 3276 2737 ὲκ
3308 2681 3420 2737 τῶν
3449 2678 3546 2734 τοῦ
3574 2678 3853 2733 παλατίου

2252 2774 2578 2846 χρημάτων.
2615 2774 2717 2839 Ὠς
2761 2791 2926 2845 φασιν
2977 2772 3059 2840 δὲ,
3120 2772 3284 2828 αὐτὸν
3329 2771 3609 2827 Βασίλειον
3640 2770 3720 2840 (5)
3754 2772 3857 2824 καὶ

2256 2868 2483 2941 βασιλέα
2510 2867 2776 2938 ἠϐούλετο
2807 2869 3058 2939 ποιῆσαι,
3088 2865 3165 2931 ὡς
3193 2867 3363 2929 ἄπαις
3416 2864 3583 2929 αὐτὸς
3618 2864 3719 2929 ὢν,
3754 2866 3859 2917 καὶ

2256 2962 2673 3015 Κωνσταντίνον
2702 2956 2819 3012 υἱὸν
2845 2959 3073 3022 Λέοντος
3104 2956 3361 3028 εὐνοῦχον
3385 2959 3617 3028 ποιῆσαι
3638 2972 3651 2985 ·
3684 2956 3713 3010 ὃ
3754 2956 3858 3009 καὶ

2255 3053 2517 3116 πολλάκις
2541 3050 2855 3122 βουλευθεὶς
2876 3048 3235 3120 διεσκεδάσθη
3266 3048 3419 3120 παρὰ
3460 3050 3570 3101 τῶν
3614 3046 3721 3100 ὑπὸ
3751 3046 3855 3101 τεῦ

561 3135 864 3201 censuluit,
900 3145 956 3191 ct
980 3134 1302 3205 frequenter
1349 3134 1400 3189 id
1449 3150 1741 3205 aggressus
1789 3134 1858 3189 ab
1893 3135 1981 3199 iis,
2007 3149 2149 3205 quos

2255 3148 2480 3211 Λέοντος
2509 3144 3008 3218 εὐεργετηθέντων,
3040 3144 3170 3197 ποτε
3209 3142 3308 3214 μὲν
3341 3142 3417 3207 ὡς
3459 3144 3655 3213 νήπιον
3706 3144 3857 3195 ὐπο-

561 3226 677 3287 Leo
708 3229 989 3285 beneﬁciis
1042 3227 1325 3297 aﬂ‘ecerat,
1360 3228 1522 3283 modo
1549 3226 1854 3283 infantilem
1909 3236 2150 3298 aetatem,

565 3321 732 3379 modo
760 3321 1135 3377 inﬁrmitatem
1166 3306 1634 3394 pretend‘entibns
1664 3320 1993 3392 praepeditus
2023 3319 2148 3376 fuit.

564 3412 698 3483 Ejus
719 3420 966 3483 tempore
996 3413 1248 3485 apparuit
1279 3420 1524 3468 cometes
1551 3428 1645 3483 per
1677 3414 1795 3468 dies
1829 3413 2146 3483 quindecim

564 3506 634 3562 ad
689 3505 1067 3573 occidentem,
1108 3521 1271 3574 quem
1331 3503 1590 3577 Xiphiam
1649 3508 1833 3561 vocari
1872 3505 2150 3573 dicebant,

564 3608 620 3654 et
646 3598 935 3668 sanguinis
965 3598 1295 3655 effusionem
1330 3600 1385 3654 in
1416 3598 1551 3653 urbe
1580 3598 1902 3654 euecturum
1932 3609 2154 3670 porten-

565 3692 717 3749 dere.
750 3690 853 3746 Hic
883 3691 1174 3746 erronibus
1223 3698 1279 3745 et
1322 3690 1817 3760 praestigiatoribus
1868 3706 1929 3745 se
1980 3699 2154 3745 totum

567 3784 738 3851 dedit,
768 3783 865 3854 qui
914 3784 1080 3840 etiam
1117 3792 1411 3840 suaserunt
1441 3799 1454 3835 :
1485 3783 1616 3853 Apri
1668 3783 1843 3839 fatum
1888 3784 2005 3841 sive
2048 3784 2157 3856 sig-

567 3893 703 3933 num
773 3877 922 3948 quod
978 3876 1034 3933 in
1089 3875 1252 3934 Circo
1299 3886 1544 3933 erectum
1585 3883 1701 3940 est,
1770 3876 1865 3931 tibi
1923 3877 2157 3947 vitaeque

570 3982 682 4027 tuae
727 3971 1032 4043 repositum
1087 3972 1396 4041 est:porci
1458 3972 1622 4026 vitam
1677 3981 1948 4026 amentem
2003 3972 2155 4026 illum

574 4079 733 4139 agere
784 4065 1225 4123 subindicantes.
1279 4065 1378 4122 His
1431 4064 1523 4120 ille
1593 4065 1855 4120 seductus
1906 4066 2157 4137 pudenda

570 4156 875 4227 dentesque
901 4170 1070 4225 porco
1099 4155 1259 4227 quasi
1288 4155 1394 4212 sibi
1425 4154 1735 4212 deﬁeienlia
1761 4157 2011 4212 renovari
2037 4157 2160 4227 jus-

573 4247 668 4305 sit.
698 4246 904 4306 Eodem
943 4250 1108 4305 etiam
1155 4265 1456 4320 persuasus
1486 4265 1699 4318 errore,
1727 4250 1969 4321 equestri
2016 4252 2161 4306 cele-

572 4339 736 4396 brato
774 4341 1096 4409 certamine,
1128 4342 1361 4413 prolatis
1410 4343 1659 4398 ecclesiae
1689 4342 1958 4408 vestibus,
1990 4342 2162 4415 488

575 4431 976 4505 productisque
1004 4433 1351 4490 candelabris
1391 4434 1680 4489 multilidis
1718 4434 1876 4489 ludos
1929 4450 2160 4490 exorna-

2253 3236 2545 3301 ϐαλόντων,
2571 3233 2704 3289 ποτε
2724 3233 2783 3289 δὲ
2809 3234 2886 3299 ὡς
2908 3231 3264 3287 ἀσθενοῦντα.
3296 3232 3422 3286 Ἐπὶ
3446 3231 3640 3286 τούτου
3664 3233 3852 3302 ἐφάνη

2255 3329 2429 3400 ἀστὴρ
2486 3328 2739 3401 κομήτης
2783 3328 2849 3382 ἐκ
2888 3326 3101 3392 δύσεως
3136 3326 3228 3381 ἐπὶ
3258 3326 3475 3399 ἡμέρας
3522 3326 3859 3391 δεκαπέντε,

2254 3423 2314 3477 ὃν
2341 3423 2528 3492 ἔλεγον
2560 3420 2746 3491 ξιφίαν
2773 3420 3087 3487 καλεῖσθαι,
3113 3420 3207 3476 καὶ
3229 3420 3667 3492 αἱματεκχυσίαν
3697 3422 3761 3472 ὲν
3786 3422 3859 3489 τῇ

2260 3514 2415 3567 πόλει
2456 3502 2815 3586 ἐργάσεσθαι,
2844 3504 3015 3575 Οὗτος
3047 3510 3272 3574 πλάνοις
3302 3509 3397 3564 καὶ
3428 3509 3620 3579 γόησιν
3653 3509 3862 3562 ἑαυτὸν

2256 3608 2485 3674 ἐξέδοτο,
2505 3607 2555 3660 οἳ
2583 3607 2677 3660 καὶ
2707 3604 3039 3659 πεπείκασιν
3066 3602 3256 3666 αὑτὸν,
3278 3601 3355 3666 ὡς
3383 3601 3456 3654 Τὸ
3484 3599 3580 3654 τοῦ
3604 3600 3859 3671 συάγρου

2260 3703 2522 3772 στοιχεῖον
2550 3700 2627 3771 (4)
2663 3700 2724 3753 τὸ
2758 3700 2816 3752 ἒν
2852 3697 2933 3767 τῷ
2975 3694 3191 3768 ἱππικῷ
3224 3696 3307 3750 σοὶ
3355 3695 3451 3749 καὶ
3498 3697 3565 3764 τῇ
3614 3697 3679 3765 σῇ
3731 3693 3861 3764 ζωῇ

2258 3795 2711 3868 προσανάκειται,
2746 3790 3019 3863 χοιρόϐιον
3066 3789 3159 3843 τὸν
3200 3789 3427 3858 ἀνόητον
3480 3788 3863 3857 ύπεμφαίνον-

2260 3904 2373 3951 τες.
2421 3888 2480 3940 Ὀ
2510 3886 2566 3939 δὲ
2605 3883 2824 3947 τούτοις
2853 3882 3162 3954 ἀπατηθεὶς
3188 3882 3364 3935 αἰδοία
3392 3882 3487 3935 καὶ
3516 3879 3734 3943 ὀδόντας
3774 3879 3862 3950 τῷ

2260 3980 2428 4052 χοίρῳ
2461 3979 2906 4050 προσανενὲωσεν
2931 3976 3008 4041 ὡς
3038 3976 3396 4047 λειπομένους
3420 3975 3605 4047 αὐτῷ·
3642 3975 3736 4029 καὶ
3786 3977 3861 4047 τῇ

2260 4071 2428 4126 αὑτοῦ
2454 4071 2628 4143 πλάνῃ
2671 4068 2947 4132 πεποιθὼς
2976 4068 3074 4134 ὢν,
3104 4068 3327 4123 ἱππικὸν
3356 4069 3590 4141 ποιήσας
3617 4069 3713 4132 τὰς
3736 4069 3863 4122 τῶν

2260 4166 2572 4237 ἐκκλησιῶν
2598 4165 2820 4229 ὲνδυτὰς
2846 4165 2941 4218 καὶ
2972 4163 3354 4234 πολυκάνδηλα
3374 4164 3513 4236 ἄρας
3537 4164 3599 4217 τὸ
3620 4163 3857 4218 ἱππικὸν

2262 4261 2561 4326 ὲστόλισεν,
2595 4262 2831 4324 καὶτοῖς
2874 4257 3065 4323 ζώδοις
3106 4259 3395 4329 φωταψίαν
3442 4258 3731 4330 ἐποίησενο
3763 4258 3863 4312 διὰ

2264 4354 2423 4409 τοῦτο
2455 4356 2599 4427 ἤρθη
2626 4354 2721 4408 ἀπ’
2751 4354 2920 4408 αὑτοῦ
2957 4356 2991 4426 ἡ
3025 4353 3119 4407 τοῦ
3154 4353 3293 4407 Θεοῦ
3326 4352 3473 4424 χεὶρ,
3505 4350 3583 4415 ὡς
3621 4352 3721 4422 τὴν
3752 4350 3860 4416 τοῦ

2264 4443 2401 4498 Θεοῦ
2436 4443 2603 4515 τιμὴν
2640 4447 2758 4509 τοῖς
2808 4444 3052 4517 είδιὶξλοις
3083 4444 3487 4517 προσάψαντος.
3531 4442 3768 4515 Ἰμερίου
3803 4444 3862 4498 δὲ

575 4526 676 4591 vit,
734 4535 789 4582 et
844 4526 1120 4583 luminum
1180 4527 1475 4599 splendore
1539 4529 1801 4583 animalia
1856 4527 2149 4585 decoravit.

2267 4514 2647 4605 λογοθέτουὲκ
2667 4537 2767 4608 τῆς
2787 4538 2897 4591 τῶν
2928 4514 3258 4609 ⁷Ἀγοιρηνῶν
3283 4535 3453 4605 ἥττης
3479 4514 3864 4607 ὑποστρέψαν-

576 4617 712 4675 Eam
750 4620 822 4677 ob
851 4637 966 4677 rem
999 4619 1096 4677 Dei
1144 4636 1343 4678 manus
1393 4621 1678 4678 auxiliaris
1727 4621 1797 4677 ab
1831 4637 1899 4679 eo
1949 4634 2157 4679 remota

578 4721 685 4779 est,
715 4713 811 4785 qui
846 4712 939 4769 Dei
965 4714 1227 4771 honorem
1258 4715 1418 4771 idolis
1439 4714 1659 4770 adolere
1679 4732 1786 4771 non
1812 4725 1899 4771 est
1930 4717 2156 4773 veritus.

577 4802 881 4862 Himerium
915 4823 1044 4864 vero
1079 4808 1411 4880 Iogotbetam
1446 4824 1475 4864 a
1511 4809 1665 4867 clade
1699 4794 1867 4880 quani
1901 4809 1969 4864 ab
2018 4812 2161 4881 Aga-

577 4897 732 4953 renis
782 4899 1106 4969 pertulerat,
1147 4899 1492 4966 redeuntem,
1542 4900 1715 4955 misso
1763 4900 1997 4965 nuntio,
2034 4902 2160 4956 Ale-

576 4989 787 5050 lauder
828 4992 887 5050 in
931 4993 1119 5065 palatii
1195 4994 1617 5072 monasterium
1671 4994 1878 5068 Campa
1922 4995 2157 5058 dictum,

2266 4648 2381 4694 τος,
2406 4631 2737 4694 ἀποστείλας
2772 4631 3129 4702 Ἀλέξανδρος
3171 4628 3503 4702 περιώρισεν
3532 4629 3590 4682 ὲν
3611 4630 3679 4700 τῇ
3715 4630 3859 4700 μονῇ

2268 4726 2363 4779 τοῦ
2394 4725 2687 4790 παλατίου,
2725 4728 2795 4797 τῇ
2831 4724 3105 4796 λεγομένῃ
3148 4726 3384 4795 Καμπᾶ,
3432 4722 3736 4793 ἀπειλήσας
3778 4722 3861 4786 ὡς

2271 4815 2465 4885 ἐχθρὸν
2505 4815 2671 4869 αὐτοῦ
2701 4815 2832 4869 ὄντα
2865 4816 2957 4870 ἐπὶ
2989 4816 3082 4869 τοῦ
3116 4814 3345 4884 ἀδελφοῦ
3388 4814 3554 4869 αὐτοῦ
3590 4812 3857 4877 Λέοντοςο

2269 4908 2296 4959 ὁ
2318 4909 2374 4960 δὲ
2404 4908 2469 4961 ἐκ
2494 4908 2725 4978 θλίψεως
2752 4908 2955 4976 πολλῆς
2986 4909 3368 4981 ἁρρωστήσας,
3397 4906 3862 4979 περιορισὰμενος

2269 4998 2343 5053 ὢν
2371 5000 2465 5053 ἐπὶ
2503 4999 2683 5071 μῆνας
2715 4999 2795 5068 ἓξ,
2829 4996 3206 5072 ἐτελεύτησεν.
3249 5000 3597 5054 Ἀπέστειλεν
3637 4998 3700 5052 δὲ
3750 4999 3859 5051 Συ-

1734 5162 1984 5222 FRANC.
2020 5165 2405 5224 COMBEFISII
2459 5166 2695 5224 NOTAE.

648 5276 727 5347 (1)
760 5278 838 5352 Ex
874 5279 1160 5351 Anonymo
1180 5290 1235 5337 et
1262 5280 1451 5340 Cedr.,
1477 5280 1538 5333 ἐν
1567 5283 1632 5352 τῇ
1669 5279 1837 5352 πόλει
1860 5281 2159 5351 εἰσαχθεὶς,

578 5351 1005 5408 κατατίθεταιὲν
1034 5354 1100 5421 τῇ
1146 5352 1312 5407 αὑτοῦ
1352 5353 1487 5421 μονῇ
1519 5351 1957 5420 τούΨαμαθίου,
1992 5356 2044 5406 iu
2069 5371 2160 5405 ur-

580 5422 693 5475 bem
725 5422 909 5478 illatus
944 5424 1263 5492 sepeliturin
1297 5440 1394 5479 suo
1420 5432 1649 5478 mouast.
1669 5422 1809 5492 quod
1834 5422 1901 5475 ad
1934 5423 2164 5477 Psama-

580 5492 680 5565 thii
719 5494 857 5565 aedes
890 5497 1119 5564 positum
1149 5507 1265 5549 est:
1297 5510 1422 5550 cum
1461 5494 1673 5551 scilicet
1700 5494 1765 5547 ad
1796 5492 1993 5565 Agathi
2018 5500 2165 5552 .edes

583 5563 637 5616 in
665 5564 862 5631 exsilio
896 5578 1146 5622 mortuus
1168 5576 1337 5622 esset.

674 5632 732 5705 ‘2)
766 5634 824 5690 '0
851 5632 947 5690 οὖν
984 5637 1358 5709 Ἀλέξανδρος,
1396 5636 1694 5709 Anonym.,
1737 5652 1801 5692 ex
1836 5652 1948 5706 quo
1980 5636 2159 5705 suppl.

580 5715 709 5775 post
751 5722 964 5780 vocent
1000 5708 1367 5780 διακείμενος,
1424 5708 1735 5779 μονώτατος
1782 5709 1977 5780 ἄρξας,
2006 5708 2161 5759 οὐδὲν

580 5779 830 5849 γενναῖον
885 5779 982 5832 καὶ
1039 5780 1200 5847 λόγου
1246 5780 1395 5843 ἄξιον
1455 5780 1857 5849 κατεπράξατο.
1894 5779 2025 5833 Cum
2082 5782 2157 5830 sic

583 5848 692 5903 otia
726 5851 885 5907 vitam
910 5851 1097 5924 egisset
1125 5850 1185 5908 ob
1204 5850 1390 5921 fratris
1413 5852 1465 5906 in
1494 5868 1610 5907 cum
1636 5848 1977 5921 Suspiciones,
2011 5849 2154 5905 solus

2266 5286 2545 5353 imperium
2578 5284 2797 5354 adeplus
2823 5282 2955 5337 nihil
2982 5282 3122 5353 quod
3155 5282 3397 5354 generosi
3427 5277 3655 5351 pectoris
3676 5294 3740 5332 ac
3766 5278 3856 5333 di-

2267 5370 2447 5426 gnum'
2466 5356 2622 5411 laude
2642 5358 2797 5423 foret.
2827 5360 3044 5425 peregit.

2341 5428 2417 5498 (5i
2453 5428 2679 5482 Emend.
2706 5442 2771 5480 ex
2807 5424 3044 5481 laudatis
3069 5424 3418 5498 auctoribus,
3442 5424 3612 5493 ipsum
3648 5441 3857 5498 quoque

2271 5495 2584 5551 Basilitzem
2623 5500 2994 5566 imperatorem
3054 5513 3237 5551 creare
3287 5495 3515 5560 volebat,
3577 5514 3700 5551 cum
3744 5497 3855 5566 ipse

2268 5568 2415 5637 prole
2446 5577 2669 5627 careret,
2700 5569 2899 5621 evirato
2918 5567 3293 5622 Constantino.

2342 5640 2418 5707 (4)
2450 5640 2582 5712 Apri
2608 5638 2979 5712 simulacrum,
3009 5639 3149 5712 velut
3203 5644 3272 5692 ad
3313 5636 3544 5712 cwlestiqs
3590 5639 3735 5712 signi
3768 5656 3855 5692 ru-

2271 5710 2465 5763 Iioncm
2501 5710 2583 5763 illi
2612 5710 2984 5776 compositum.
3034 5710 3523 5778 Στοιχειωματικοί
3574 5709 3854 5773 di,cuntur,

2268 5783 2360 5907 (γὸιὶ
2417 5785 2618 5907 Iigutl‘as
2672 5780 2943 5853 ejusmodi
3002 5779 3406 5837 astronomicas
3463 5784 3857 5853 superrstitiose

2268 5870 2293 5907 ε
2340 5868 2525 5907 erman
2562 5894 2574 5907 .

2265 5860 2574 5909 clleunt.
