4038 6298
486 252 625 322 1127

1718 248 1995 311 LEONIS
2026 247 2509 310 GRAMMATXCI

3612 239 3765 304 1128

485 383 606 423 rum
648 380 705 421 se
732 363 1138 437 pollicebatur:
1182 360 1488 431 delatisque
1528 373 1715 414 secum
1743 358 2064 412 muneribus

2194 357 2426 410 νενέσθαι
2455 354 2744 424 πατρίκιος
2786 356 2921 428 (l5),
2967 354 3335 425 ὑποσχόμενος
3371 353 3599 421 ἀγαγεῖν
3648 353 3766 411 ,Πα-

485 463 540 518 iu
593 459 941 515 Patzinacam
991 457 1270 528 regionem
1307 454 1587 526 profectus
1616 460 1720 508 est.
1769 449 2070 507 Obsidibus

487 555 613 610 inde
642 553 916 617 abductis,
948 566 1071 605 cum
1125 550 1236 603 illis
1277 551 1327 602 iu
1361 550 1553 602 urbem
1597 544 1810 614 appulit
1842 561 1856 597 :
1888 541 2070 597 Patzi-

489 648 716 704 nacibus
748 646 1006 716 trajicere
1059 644 1169 713 jam
1199 639 1482 713 pollicitis,
1534 649 1588 694 et
1622 637 1936 692 Simeonem
1977 637 2072 691 de-

492 738 719 797 bellare.
776 739 1021 794 Accessit
1050 738 1215 790 etiam
1251 735 1318 790 ad
1354 734 1543 788 urbem
1578 733 1829 795 Asotius,
1858 730 1943 784 vir
1977 744 2076 800 ped

490 834 618 889 ritia
681 830 1153 887 uominatissimus
1210 826 1479 897 principis
1535 825 1846 895 principum
1904 821 2070 888 ﬁlius,

491 942 653 998 quem
681 927 888 995 virgam
943 921 1177 977 ferream
1228 920 1445 976 duabus
1498 916 1941 973 extremitatibus
1974 930 2070 986 ap-

494 1022 821 1092 prehensam
852 1024 1124 1073 tenentem
1159 1014 1229 1069 ob
1260 1012 1430 1067 robur
1470 1008 1734 1065 invictum
1776 1006 2073 1071 inﬁexisse,

495 1127 550 1173 et
575 1116 639 1172 ad
670 1113 1001 1170 circularem
1030 1111 1260 1183 ﬁgurant
1309 1106 1624 1163 traduxisse
1663 1111 1910 1168 narrant,
1946 1101 2075 1156 ferri

497 1211 700 1267 duritia
732 1205 1143 1274 renitentiaque
1183 1202 1424 1257 naturali
1468 1199 1652 1256 robori
1686 1212 1947 1253 manuum
1982 1195 2081 1251 oh-

498 1312 708 1358 secuta.
756 1299 891 1353 Eum
925 1294 1304 1351 advenientem
1337 1291 1509 1349 multo
1556 1306 1680 1347 cum
1730 1289 1940 1344 honore
1984 1302 2078 1341 ex-

499 1400 781 1464 (cperunt,
817 1400 871 1445 et
900 1390 1016 1460 pari
1051 1386 1526 1459 congratulatioue
1569 1384 1624 1439 in
1679 1382 1953 1453 propriam
1984 1396 2077 1435 re-

500 1480 716 1556 gionem
774 1481 976 1536 iterum
1022 1479 1376 1534 remiserunt.
1410 1473 1716 1547 Septembri
1748 1488 1958 1537 mense,
1992 1472 2081 1525 in-

501 1576 756 1632 dictionis
791 1572 982 1640 tertim,
1034 1570 1410 1626 Panerutucas
1464 1567 1759 1622 Armenius
1809 1565 2079 1619 Adriano-

2173 448 2481 513 τξινάκους.
2518 449 2630 518 Τῆς
2683 450 2956 519 αἰτήσεως
3015 447 3214 519 τυχὼν,
3268 447 3416 515 δῶρά
3476 463 3531 499 τε
3584 446 3767 498 πολλὰ

2174 539 2354 594 λαϐὼν
2386 542 2465 604 εἰς
2486 539 2583 609 τὴν
2622 539 2730 593 τῶν
2760 540 3114 605 Πατζινάκων
3161 540 3344 612 χώραν
3392 536 3561 608 ἀπῄει
3584 554 3598 566 ·
3667 535 3770 589 καὶ

2174 634 2237 706 δὴ
2276 634 2519 704 ὁμήρους
2569 634 2777 687 ἐκεῖθεν
2810 632 3016 695 λαϐὼν,
3078 635 3283 703 ἢγαγεν
3342 634 3398 685 ἐν
3450 634 3519 702 τῇ
3580 630 3767 690 πόλει,

2178 723 2523 794 συνθεμένων
2569 723 2676 777 τῶν
2722 723 3078 789 Πατζινὰκων
3110 722 3463 790 διαπερᾶσαι,
3526 718 3621 773 καὶ
3676 716 3772 768 τὸν

2176 818 2404 890 Συμεὼν
2441 819 2921 890 καταπολεμῆσαι.
2958 819 3297 889 Παρεγένετο
3320 817 3374 870 δὲ
3406 818 3461 869 ἐν
3501 817 3566 885 τῇ
3610 813 3771 866 πόλει

2178 915 2271 968 καὶ
2296 912 2575 979 Ἀσὼτιος,
2606 913 2745 986 ἀνὴρ
2774 913 3038 987 ἐμπειρίᾳ
3062 912 3513 982 ὀνομαστότατος,
3544 910 3663 970 υἱὸς
3695 906 3772 960 ὢν

2176 1008 2271 1063 τοῦ
2307 1007 2567 1079 ἄρχοντος
2598 1006 2706 1061 τῶν
2732 1007 3031 1078 ἀρχόντων,
3057 1008 3115 1061 ὃν
3149 1022 3277 1075 φασι
3304 1005 3533 1076 σιδηρᾶν
3568 1003 3774 1075 ῥάϐδοι

2179 1103 2242 1156 ὲκ
2264 1102 2372 1158 τῶν
2398 1103 2586 1174 ἄκρων
2624 1102 2916 1173 ἑκατέραις
2947 1100 3104 1171 χερσὶ
3160 1098 3466 1169 κρατοῦντα
3496 1100 3559 1169 τῇ
3596 1098 3777 1166 ὑπερ-

2181 1194 2458 1269 ϐαλλούσῃ
2504 1195 2645 1266 ἀλκῇ
2686 1193 3075 1264 διακάμπτειν,
3107 1193 3367 1263 καὶπρὸς
3394 1191 3457 1244 τὸ
3508 1190 3776 1245 κυκλικὸν

2184 1274 2368 1359 σχῆμα
2408 1288 2669 1358 μετάγειν
2699 1287 2797 1357 τῆς
2833 1286 3129 1340 ἀντιτύπου
3160 1285 3257 1339 τοῦ
3300 1286 3521 1356 σιδήρου
3551 1284 3777 1355 φύσεως

2180 1380 2247 1448 τῇ
2300 1376 2391 1448 βίᾳ
2436 1377 2545 1429 τῶν
2580 1376 2778 1448 χειρῶν
2808 1376 3142 1448 ὑπεικούσης
3174 1396 3187 1409 σ
3219 1377 3279 1431 ὃν
3316 1377 3778 1447 παραγενόμενον

2185 1470 2329 1541 μετὰ
2364 1470 2565 1539 πολλῆς
2617 1469 2786 1540 τιμῆς
2840 1470 3188 1535 ὑπεδέξαντο,
3230 1469 3325 1523 καὶ
3358 1468 3521 1523 πάλιν
3551 1470 3634 1532 εἰς
3677 1467 3780 1536 τὴν

2188 1562 2327 1616 ἰδίαν
2378 1560 2563 1632 χώραν
2614 1560 2956 1632 ἐξέπεμψαν.
3017 1560 3378 1632 Σεπτεμϐρίῳ
3452 1560 3584 1631 μηνὶ
3650 1559 3781 1613 [νδι-

480 1670 668 1739 ’ροιὶηι
701 1665 945 1721 Simeoni
977 1662 1241 1734 prodidit.
1288 1661 1443 1717 Haud
1492 1660 1581 1717 diu
1638 1668 1781 1729 post,
1841 1657 2079 1713 Basilius

2194 1653 2415 1716 κτιῶνος
2480 1653 2672 1725 τρίτης
2748 1653 3207 1723 Παγκρουτούκας
3268 1654 3296 1705 6
3344 1652 3624 1723 Ἀρμένης
3678 1651 3782 1721 τὴν

505 1761 787 1830 patricius,
818 1768 872 1814 et
896 1758 1167 1821 Canieles,
1225 1768 1278 1811 et
1324 1755 1544 1811 Nicetas
1604 1752 2081 1825 protospatharius

506 1853 821 1909 llelladicus
852 1867 978 1908 cum
1026 1849 1186 1906 donis
1229 1849 1419 1904 multis
1469 1847 1535 1903 ad
1581 1846 1897 1901 Simeonem
1928 1842 2081 1899 missi

507 1955 659 2013 sunt,
695 1946 791 2017 qui
823 1943 1014 1999 urbem
1049 1943 1246 1997 iterum
1282 1941 1335 1995 in
1381 1956 1536 1996 suam
1564 1946 1893 2009 potestatem
1927 1950 2081 1991 rece-

502 2046 729 2111 perunt.
762 2037 818 2092 In
840 2034 1155 2107 Strobylum
1184 2033 1349 2089 etiam
1369 2033 1603 2087 insulam
1621 2029 2085 2097 Ameras,bellicis

504 2129 736 2183 navibus
763 2124 1022 2198 plurimis
1069 2123 1383 2192 virtuteque
1405 2138 1512 2176 non
1543 2120 1755 2175 modica
1783 2119 2086 2175 instructus

504 2220 756 2291 appulit:
788 2232 1021 2288 eamque
1051 2215 1284 2287 cepisset
1313 2256 1328 2280 ,
1390 2215 1495 2269 nisi
1526 2213 1715 2284 lapsus
1747 2212 1801 2267 in
1832 2212 2084 2268 morbum

507 2314 755 2368 obiisset.
812 2310 1034 2367 Graeciae
1062 2320 1243 2364 autem
1284 2316 1340 2362 et
1366 2306 1702 2361 Athenarum
1739 2303 1929 2360 incolae
1958 2319 2089 2358 con-

506 2406 677 2461 tinuis
731 2420 761 2460 a
808 2404 989 2460 Chase
1072 2402 1186 2457 tilio
1239 2399 1393 2456 Iubae
1442 2399 1659 2454 damnis
1703 2398 1906 2465 aﬂ'ecti,
1966 2398 2088 2466 ejus

507 2500 697 2554 luxum
730 2509 780 2553 et
810 2496 1191 2564 inexplebilem
1243 2493 1598 2564 cupiditatem
1655 2490 1802 2547 ferre
1856 2508 1966 2547 non
2001 2508 2091 2545 va-

507 2595 701 2658 lentes,
765 2591 1043 2662 lapidibus
1088 2590 1344 2644 obrutum
1397 2587 1466 2643 ad
1520 2587 1701 2658 ipsum
1752 2587 2089 2642 Athenarum

509 2686 693 2757 templi
730 2686 1011 2757 penetrale
1041 2684 1182 2739 male
1214 2691 1585 2754 peremerunt.

581 2872 904 2944 lmperatrix
932 2885 1060 2927 vero
1093 2870 1224 2938 Zoe,
1256 2870 1473 2939 cognita
1504 2867 1780 2922 Simeonis
1814 2856 2089 2935 superbia,

508 2983 565 3023 et
590 2967 832 3037 ejusdem
864 2964 1007 3019 odiis
1030 2964 1324 3017 adversum
1352 2960 1697 3016 Christianos
1728 2974 1838 3015 non
1870 2959 2090 3031 ignotis,

511 3063 698 3116 habito
729 3074 850 3113 cum
888 3056 1245 3127 optimatibus
1279 3055 1531 3121 consilio,
1592 3052 1771 3117 foedus
1819 3065 1873 3107 et
1900 3066 2088 3121 pacem

511 3170 637 3209 eum
693 3150 959 3222 Agarenis
1016 3148 1450 3220 componendam
1524 3130 1761 3211 Statuit,
1809 3155 2091 3215 totumque

509 3244 750 3305 Orientis
807 3242 1111 3298 exercitum
1159 3240 1228 3295 ad
1276 3238 1661 3295 debellandum
1697 3246 1752 3294 et
1800 3238 2089 3294 delendum

511 3338 824 3395 Simeonem
854 3333 1277 3389 traducendum.
1312 3329 1513 3387 Missus
1550 3342 1635 3386 est
1675 3340 1856 3386 autem
1903 3330 1958 3385 in
1992 3329 2092 3403 Sy-

510 3427 647 3483 riam
678 3426 743 3481 ad
777 3424 958 3481 {tedas
990 3424 1290 3479 ineundum
1334 3420 1578 3479 Joannes
1621 3423 1884 3493 patricius
1915 3421 2093 3477 Rade—

512 3536 617 3576 nus
651 3536 665 3571 :
705 3518 930 3571 Michael
958 3532 1086 3571 vero
1116 3515 1366 3569 Toxaras
1403 3516 1458 3569 in
1504 3513 1793 3570 Thraciam
1860 3516 2092 3583 trajecit,

514 3613 778 3683 magistro
808 3610 989 3664 Leone
1039 3606 1220 3663 Plioca
1257 3607 1543 3662 domestici
1594 3622 1797 3663 munus
1829 3607 2091 3663 obeunte.

512 3706 739 3762 Eductis
769 3713 946 3759 autem
984 3701 1396 3759 renerabilibus
1451 3708 1506 3756 et
1553 3701 1781 3757 riviﬁcis
1844 3700 2004 3772 lignis
2061 3715 2092 3756 a

512 3799 878 3858 Constantino
946 3798 1133 3867 palatii
1192 3797 1478 3852 sacerdote
1531 3797 1794 3867 primore,
1854 3795 2091 3866 Cephala

513 3893 682 3958 dicto,
736 3899 791 3947 et
819 3906 847 3945 a
874 3889 1235 3945 Constantino
1271 3906 1302 3945 e
1344 3888 1556 3944 Malelia
1601 3887 1869 3946 Thracica
1909 3890 2095 3945 cuncti

514 3988 571 4041 in
607 3994 807 4041 terram
835 3983 1115 4055 prostrati,
1161 3983 1289 4037 data
1333 3982 1631 4053 juramenti
1667 3983 1770 4038 tide
1802 3998 1861 4039 se
1885 3998 1982 4055 pro
2010 3984 2096 4038 in-

516 4082 690 4135 vicem
721 4078 1165 4139 commorituros,
1194 4092 1316 4133 cum
1346 4076 1620 4133 universis
1660 4077 1834 4148 copiis
1884 4078 1938 4133 in
1962 4079 2096 4151 Bul-

518 4165 682 4245 garos
717 4172 1057 4244 irruperunt.
1100 4168 1381 4225 Praeerant
1422 4179 1599 4225 autem
1632 4172 1872 4226 exeubiti
1901 4178 2097 4228 turma:

515 4266 759 4322 Joannes
781 4263 1052 4335 Grapson,
1078 4261 1306 4329 lcanati,
1341 4260 1571 4318 Marulis
1595 4262 1740 4317 ﬁlius
1766 4276 1780 4315 :
1812 4261 2095 4318 Romanus

2198 1748 2647 1821 Ἀδριανούπολιν
2706 1747 2785 1819 τῷ
2832 1747 3058 1820 Συμεὼν
3116 1748 3477 1820 προδέδωκεν.
3531 1748 3671 1801 Μετ’
3717 1747 3779 1801 οὐ

2187 1842 2324 1895 πολὺ
2356 1842 2412 1895 δὲ
2456 1840 2842 1910 ἀπεστάλησαν
2878 1840 3157 1902 Βασίλειος
3198 1841 3484 1912 πατρίκιος
3533 1842 3629 1893 καὶ
3682 1858 3782 1893 κα-

2186 1935 2398 2005 νέκλης,
2451 1936 2545 1989 καὶ
2585 1934 2827 2005 Νικήτας
2871 1933 3364 2005 πρωτοσπαθάριος
3395 1933 3423 1986 6
3465 1933 3783 1996 Ἑλλαδικὲς

2188 2030 2340 2099 παρὰ
2370 2030 2525 2100 Ζωῆς
2561 2028 2699 2101 μετὰ
2732 2029 2920 2101 δώρων
2956 2029 3187 2096 πολλῶν,
3222 2028 3316 2083 καὶ
3342 2029 3785 2102 ἀντιπαρέλαϐεν

2190 2124 2353 2176 πάλιν
2383 2124 2576 2194 αὑτήν.
2612 2120 2816 2178 Ἦλθεν
2844 2124 2899 2176 δὲ
2931 2124 3025 2176 καὶ
3072 2124 3294 2194 ἀμηρᾶς
3342 2124 3421 2186 είς
3471 2124 3785 2196 Στρὸὁηλ‹.ν

2190 2217 2355 2288 νῆσον
2387 2217 2527 2283 μετὰ
2556 2218 2758 2271 πλοίων
2786 2216 3101 2289 πολεμικῶν
3123 2219 3217 2271 καὶ
3237 2217 3437 2289 πολλῆς
3456 2218 3745 2287 δυνάμεως
3766 2234 3780 2248 ·

2192 2312 2285 2365 καὶ
2314 2311 2517 2383 ταύτην
2557 2311 2868 2382 παρέλαϐεν
2901 2311 2985 2375 ἂν,
3018 2312 3067 2363 εἰ
3106 2310 3181 2381 μὴ
3220 2310 3456 2381 νοσήσας
3490 2310 3783 2381 ἐτελεύτη-

2193 2422 2307 2459 σεν.
2340 2407 2402 2459 Οἱ
2427 2407 2482 2459 δὲ
2513 2405 2615 2475 τῆς
2677 2405 2925 2469 Ἑλλάδος
2957 2405 3049 2458 καὶ
3076 2404 3184 2457 τῶν
3227 2403 3466 2474 Ἀθηνῶν
3494 2406 3784 2475 οἰκήτορες

2195 2498 2430 2569 συνεχῶς
2460 2497 2893 2571 ἐπηρεαζόμενοι
2938 2497 3089 2568 παρὰ
3122 2497 3272 2550 Χασὲ
3297 2496 3413 2550 υἱοῦ
3445 2496 3536 2550 τοῦ
3581 2497 3782 2569 Ἰούεη,

2191 2593 2291 2664 τὴν
2323 2592 2489 2647 αὐτοῦ
2527 2592 2764 2647 ἀσωτίαν
2814 2591 2908 2645 καὶ
2934 2590 3244 2660 ἀπληστίαν
3304 2589 3379 2661 μὴ
3439 2591 3784 2659 ἐνεγκόντες,

2193 2687 2363 2750 λίθοις
2389 2684 2577 2739 τοῦτον
2612 2685 2919 2755 βάλλοντες,
2960 2684 3168 2737 ἀνεῖλον
3216 2683 3403 2745 κακῶς
3430 2682 3646 2737 ἔνδοθεν
3692 2685 3785 2737 τοῦ

2196 2779 2587 2851 θυσιαστηρίου
2619 2778 2712 2832 τοῦ
2743 2779 2803 2832 ὲν
2831 2777 3085 2850 Ἀθήναις
3113 2777 3263 2832 ναοῦ.

2267 2874 2553 2928 Βλέπουσα
2604 2871 2663 2925 δὲ
2717 2872 2838 2943 Ζωὴ
2874 2873 2906 2944 ή
2949 2871 3237 2942 βασίλισσα
3286 2872 3384 2941 τὴν
3411 2870 3647 2943 ἔπαρσιν
3681 2874 3784 2925 Συ-

2201 2967 2369 3038 μεὼν,
2403 2967 2494 3019 καὶ
2525 2966 2623 3036 τὴν
2649 2964 2790 3019 κατὰ
2832 2964 2941 3018 τῶν
3004 2965 3353 3035 Χριστιανῶν
3398 2965 3564 3018 αὑτοῦ
3596 2967 3785 3019 ἐπίθεσ-

2200 3077 2307 3123 σιν,
2343 3058 2536 3129 βουλὴν
2582 3059 2719 3130 μετὰ
2751 3056 2859 3111 τῶν
2906 3059 2965 3109 ἐν
2997 3056 3140 3110 τέλει
3176 3056 3491 3128 βουλεύεται
3524 3059 3785 3127 ἀλλάγιον

2196 3153 2289 3207 καὶ
2332 3153 2559 3223 εἰρήνην
2609 3150 2747 3221 μετὰ
2805 3150 2912 3207 τῶν
2983 3151 3304 3223 Ἀγαρηνῶν
3351 3153 3782 3225 διαπράξασθαι,

2195 3246 2526 3315 διαπερᾶσαι
2580 3243 2634 3296 δὲ
2693 3244 2872 3297 πάντα
2920 3241 3008 3295 τδν
3054 3242 3156 3312 τῆς
3201 3242 3495 3313 Ἀνατολῆς
3551 3244 3785 3316 στρατὸν

2196 3337 2333 3409 πρὸς
2363 3338 2421 3388 τὸ
2452 3335 2903 3406 καταπολεμῆσαι
2933 3334 3027 3387 καὶ
3082 3335 3347 3400 ἀφανίσαι
3393 3335 3483 3388 τὸν
3532 3335 3780 3405 Συμεών.

2207 3416 2515 3501 Ἀπεστάλη
2572 3428 2664 3483 οὖν
2706 3430 2763 3482 ὲν
2789 3429 2961 3499 Συρίᾳ
2990 3429 3084 3481 ἐπὶ
3141 3429 3201 3482 τὸ
3253 3433 3477 3500 ποιῆσαι
3526 3429 3784 3499 ἀλλάγιον

2208 3524 2462 3594 Ἰωάννης
2497 3524 2782 3594 πατρίκιος
2811 3523 2839 3574 6
2891 3523 3169 3594 Ῥαδηνδς,
3202 3524 3295 3577 καὶ
3347 3524 3568 3597 Μιχαὴλ
3619 3527 3648 3578 6
3688 3525 3786 3577 To-

2197 3614 2369 3685 ξαρᾶς
2406 3613 2518 3687 (ιϐ)
2549 3614 2685 3683 πρὸς
2709 3615 2807 3685 τὴν
2840 3614 3064 3685 θρᾲκην
3092 3613 3435 3683 διεπέρασεν,
3480 3615 3781 3685 μαγίστρου

2195 3709 2422 3773 Λέοντος
2482 3707 2577 3762 τοῦ
2630 3709 2793 3762 Φωκᾶ
2851 3707 3174 3778 δομεστίκου
3228 3706 3338 3777 (l7)
3403 3706 3782 3778 τυγχάνοντος.

2210 3801 2625 3872 Ἐξοιγαγόντων
2670 3798 2727 3854 δὲ
2754 3800 2854 3855 ,τὰ
2897 3800 3168 3872 σεδάσμια
3226 3801 3320 3855 καὶ
3362 3798 3608 3863 ζωοποιὰ
3654 3799 3781 3864 ξύλα

2198 3894 2614 3949 Κωνσταντίνου
2662 3892 2754 3948 τοῦ
2809 3896 3157 3967 πρωτοπαπᾶ
3201 3894 3297 3947 τοῦ
3349 3893 3639 3958 παλατίου,
3687 3891 3781 3945 τοῦ

2199 3989 2430 4058 Κεφαλᾶ
2453 3988 2774 4061 λεγομένου,
2799 3988 2894 4043 καὶ
2928 3987 3342 4042 Κωνσταντὶνου
3376 3987 3474 4058 τῆς
3508 3985 3783 4047 Μαλελίας

2199 4083 2258 4139 ὲν
2278 4086 2345 4157 τῇ
2378 4084 2590 4157 Θρᾴκῃ,
2623 4084 2859 4147 ἅπαντες
2883 4082 3363 4155 προσκυνήσαντες
3388 4080 3484 4134 καὶ
3506 4078 3781 4150 ὲπομοαά-

2204 4195 2354 4249 μενοι
2422 4177 2893 4249 συναποθνήσκειν
2960 4174 3211 4245 ἀλλήλοις
3285 4173 3595 4242 πανστρατὶ
3646 4172 3783 4227 κατὰ

2202 4270 2528 4341 Βουλγάρων
2554 4269 2907 4341 ἐξώρμησαν.
2943 4262 3153 4339 Ἦρχον
3194 4266 3263 4328 δὲ,
3278 4266 3374 4321 τοῦ
3417 4266 3517 4337 μὲν
3573 4268 3783 4337 τάγμα·

518 4368 702 4415 autem
725 4358 991 4429 Argyrus,
1020 4366 1072 4412 et
1101 4354 1210 4412 Leo
1237 4356 1358 4426 ejus
1386 4354 1574 4421 frater,
1614 4364 1669 4410 et
1700 4354 1907 4409 Bardas
1947 4355 2087 4410 Pho-

2201 4380 2293 4426 τος
2315 4362 2409 4417 τοῦ
2437 4361 2776 4429 ὲξκουϐίτου,
2822 4360 3073 4429 Ἰωάννης
3091 4361 3119 4411 6
3155 4358 3405 4430 Γράψων,
3434 4355 3528 4411 τοῦ
3572 4357 3782 4412 Ἰκανά-

517 4465 635 4513 cas,
662 4448 865 4521 quibus
885 4449 1075 4503 aderat
1102 4445 1291 4501 Melias
1318 4461 1442 4501 cum
1465 4445 1759 4511 Armeniis,
1781 4456 1833 4501 et
1863 4446 2092 4502 aliorum

515 4541 683 4614 492
714 4543 1010 4597 thematum
1050 4537 1337 4610 praefecti,
1372 4548 1546 4594 totum
1589 4539 1892 4595 exercitum
1928 4540 2097 4595 duce-

518 4637 673 4690 bant.
703 4634 822 4691 Una
850 4649 976 4689 cum
1013 4633 1137 4688 aliis
1187 4631 1581 4687 Constantinus
1618 4634 1785 4687 etiam
1830 4635 2095 4703 patricius

518 4728 650 4785 Libs
682 4728 850 4783 Leoni
884 4727 1186 4783 domestico
1231 4726 1457 4797 junctus
1485 4737 1622 4790 erat,
1654 4736 1708 4782 et
1737 4726 1900 4781 datus
1927 4742 2097 4797 nego-

520 4824 722 4876 tiorum
750 4820 997 4875 omnium
1028 4817 1402 4874 consiliarius.
1423 4816 1627 4874 Mensis
1655 4818 1840 4887 itaque
1864 4817 2097 4889 Augusti

519 4916 610 4971 die
644 4913 930 4979 vicesimo,
966 4912 1266 4967 indictione
1294 4913 1507 4981 quinta,
1557 4910 1624 4966 ad
1659 4910 1961 4966 Acheloum
1998 4913 2097 4965 tiu-

522 5005 670 5059 vium
698 5002 964 5075 Bulgaros
988 5004 1129 5057 inter
1145 5012 1199 5057 et
1219 5001 1497 5058 Romanos
1519 5001 1721 5057 bellum
1740 5004 2095 5059 commissum

519 5106 627 5165 est,
661 5107 718 5153 et
742 5105 803 5152 ut
828 5112 888 5153 se
925 5097 1127 5152 habent
1172 5094 1266 5151 Dei
1313 5094 1545 5167 judicia,
1595 5109 1715 5166 quae
1745 5095 1972 5152 omnino
2012 5097 2096 5152 in-

2203 4474 2322 4517 του,
2353 4459 2382 4511 6
2409 4456 2503 4509 τοῦ
2534 4454 2795 4528 Μαρούλη
2827 4454 2942 4516 υἱός
2974 4471 2990 4486 ·
3036 4452 3317 4523 Ῥωμανὸς
3345 4452 3399 4505 δὲ
3442 4452 3471 4505 6
3512 4450 3781 4528 ’Δργυρὸς

2204 4551 2551 4619 ἐστρατήγει,
2579 4526 2674 4601 καὶ
2708 4548 2861 4601 Λέων
2891 4550 2918 4601 6
2960 4545 3187 4612 ἀδελφὸς
3221 4544 3408 4607 αὑτοῦ,
3445 4544 3541 4598 καὶ
3572 4526 3783 4616 Βάρδας

2200 4644 2229 4696 6
2268 4643 2480 4704 Φωκεῖς,
2510 4636 2591 4703 οἷς
2622 4640 2787 4709 συνῆν
2813 4640 2908 4693 καὶ
2937 4642 2965 4692 ὁ
2995 4637 3201 4701 Μελίας
3237 4638 3376 4710 μετᾶ
3427 4636 3535 4691 τῶν
3580 4637 3779 4709 ’Ᾱρμε-

2203 4735 2356 4796 νίων,
2392 4733 2489 4786 καὶ
2535 4734 2583 4785 ot
2613 4731 2762 4786 ἄλλοι
2793 4731 3008 4785 πάντων
3038 4732 3337 4802 στρατηγοὶ
3371 4731 3482 4785 τῶν
3510 4730 3778 4801 Θεμάτων.

2205 4824 2380 4894 Συνῆν
2413 4825 2469 4877 δὲ
2502 4824 2638 4896 πρὸς
2674 4826 2784 4887 τοῖς
2819 4823 2997 4886 ἄλλοις
3023 4826 3113 4877 καὶ
3146 4825 3557 4888 Κωνσταντῖνος
3588 4823 3781 4897 πατρί·

2206 4933 2321 4980 κιος
2348 4917 2378 4969 6
2406 4916 2514 4986 Λὶψ
2543 4916 2735 4970 Λέοντι
2759 4916 3064 4988 δομεστίκῳ
3099 4914 3390 4987 συμϐούλῳ
3433 4912 3777 4989 [σύμεουλος]

2205 5008 2372 5064 αὐτοῦ
2400 5010 2458 5062 ὲν
2488 5011 2623 5063 πᾶσι
2652 5012 2764 5071 τοῖς
2797 5010 3090 5080 ἀνήκουσιν
3116 5008 3209 5060 ὢν.
3242 5008 3391 5077 Μηνὶ
3411 5009 3468 5061 δὲ
3493 5008 3778 5076 Αὐγούστῳ

2207 5102 2381 5158 εἰκάδι
2414 5102 2743 5166 ενδικτιῶνος
2768 5103 3023 5173 πέμπτης
3050 5101 3077 5151 6
3124 5099 3361 5170 πόλεμος
3395 5099 3596 5170 μεταξὺ
3626 5098 3781 5152 Βουλ-

1676 5208 1925 5266 FRANC.
1958 5210 2343 5271 COMBEFlSll
2372 5214 2606 5273 ΝΟΤᾸΞ.

595 5330 709 5402 (l5)
734 5330 1023 5401 Perperatn
1079 5346 1399 5401 expressum
1429 5336 1548 5385 erat
1584 5330 1964 5400 πατριάρχηςε
1994 5347 2098 5387 nec

522 5406 667 5458 enim
702 5418 765 5457 ea
809 5403 1108 5473 negotiatio
1161 5414 1280 5457 erat
1330 5402 1633 5473 ambiendo
1674 5402 2094 5470 patriarcliatui,

524 5482 619 5528 aut
674 5472 1119 5543 tabularaliquaa
1184 5473 1453 5541 ejusmodi
1508 5472 1669 5526 nobis
1729 5473 2095 5542 patriarebant

526 5545 956 5616 produxerunt._
980 5544 1054 5599 De
1095 5544 1480 5616 Patzinacibus
1505 5586 1518 5610 ,
1581 5557 1857 5616 quamque
1906 5557 2097 5616 eorum

528 5613 765 5672 Societas
787 5629 817 5669 e
844 5630 902 5668 re
929 5614 1172 5669 Romana
1214 5617 1370 5673 foret.
1404 5614 1519 5683 ipse
1566 5613 1752 5668 multis
1784 5614 2096 5669 Constanti-

527 5702 633 5742 nus
656 5685 728 5740 De
755 5683 1181 5740 administrando
1212 5684 1451 5751 imperio.

598 5756 710 5829 (16)
744 5757 867 5813 l’ost
903 5770 1085 5811 vocem
1112 5747 1359 5827 Τοξαρᾶς
1406 5756 1585 5829 suppl.
1613 5771 1677 5814 ex
1706 5755 1827 5813 aliis
1854 5774 1866 5811 ε
1896 5747 1970 5811 οὗ
2002 5773 2094 5826 γε-
2119 5789 2123 5793 .

2202 5335 2581 5413 γονᾲτος,“τηνι
2609 5331 2811 5403 συνήθη
2847 5330 2949 5413 τῆς
2980 5330 3439 5413 ρὁαςιδιανομιῂν
3475 5328 3774 5413 ποιησάμξο

2146 5434 2169 5463 ,ν
2201 5398 2281 5459 νοι
2309 5407 2366 5458 ὲν
2388 5407 2499 5468 τοῖς
2522 5398 2809 5473 τάγμασι,
2829 5398 3003 5456 ταῦτα
3036 5398 3093 5456 δὲ
3141 5398 3655 5473 ἀναλαμϐανόμενοι
3687 5398 3774 5451 σὺν

2200 5478 2315 5538 τοῖς
2344 5475 2576 5545 θέμασιν
2606 5472 2685 5538 εἰς
2716 5473 2813 5541 τὴν
2840 5473 3064 5545 Θρᾴκην
3108 5473 3463 5545 διεπέρασαν.
3496 5472 3643 5545 Inita
3665 5483 3773 5521 cum

2202 5543 2489 5601 Saracenis
2511 5563 2659 5616 pace,
2695 5543 3307 5614 solitisque'muneribus
3343 5543 3773 5616 irt_ntil_iteit_ero-

2200 5619 2358 5687 gulis,
2396 5612 2686 5684 assumptis
2737 5612 3040 5670 cohortibus
3093 5631 3201 5668 una
3233 5630 3351 5668 cum
3381 5612 3495 5667 illis
3526 5614 3579 5667 in
3613 5612 3774 5668 Thrar

2199 5688 2339 5742 ciam
2368 5687 2713 5757 trajecerant.

2274 5753 2743 5832 (Π)Δομεςτίκου
2770 5759 2896 5816 ’τῶν
2940 5757 3171 5833 σχολῶν,
3214 5757 3487 5830 Anonytn.
3526 5767 3580 5812 et
3614 5753 3767 5810 Cedr.
