4034 6298
407 318 537 384 1131

1639 317 1916 381 LEONIS
1950 318 2436 383 GRAMMATICI

3535 313 3673 381 1132

402 430 820 490 Constantinum
851 430 1219 486 accubitorem
1271 440 1324 485 et
1373 431 1495 502 ejus
1540 434 1980 504 consanguineos

2098 435 2354 506 Βπέσχετο
2400 435 2502 507 τὴν
2541 435 2684 494 κατὰ
2712 436 2806 502 τοῦ
2850 432 3352 506 παρακοιμωμένου
3384 433 3680 487 Κωνσταν-

405 541 790 598 aggressurum
843 540 926 592 se,
964 540 1090 581 eum
1132 539 1272 596 opus
1316 523 1478 592 foret,
1536 527 1816 597 pollicitus
1849 538 1980 584 est:

403 619 549 674 1ama
581 619 745 689 igitur
796 617 1103 672 istiusmodi
1141 616 1342 687 ubique
1375 634 1589 688 sparsa,
1627 630 1679 674 et
1709 620 1986 676 Constan-

404 713 518 768 tino
546 712 860 766 accubitore
887 712 1220 775 Romanum,
1248 724 1304 765 ιιι
1328 728 1451 766 cum
1470 714 1649 768 classe
1681 717 1982 781 recederet,

405 802 737 873 impellente,
797 803 1009 870 ipsein
1069 803 1406 857 contrarium
1448 803 1723 858 dillicilem
1787 806 1986 861 classis

403 895 838 964 expeditionem,
873 903 1082 949 statuto
1116 896 1386 952 militibus
1437 897 1709 965 stipendio
1743 901 1985 954 nondum

403 990 672 1050 exhibito.
723 999 1061 1058 praetexere:
1093 989 1342 1045 Romano
1390 1007 1519 1046 vero
1578 996 1984 1061 expeditionem

405 1082 710 1138 instruente
751 1092 807 1136 et
851 1084 1078 1137 classem
1117 1095 1482 1154 praeparante,
1532 1088 1799 1154 processit
1836 1087 1986 1142 Cou-

405 1180 678 1232 stantiuus
731 1176 1033 1240 accubitor,
1073 1186 1130 1230 ut
1179 1179 1411 1232 classem
1455 1180 1713 1244 solveret,
1743 1181 1984 1235 animum

405 1275 782 1337 suggesturus.
819 1265 938 1337 Ipse
973 1276 1151 1320 autem
1191 1267 1373 1321 servili
1414 1267 1600 1321 habitu
1635 1270 1897 1330 occurrit,
1934 1275 1988 1321 et

407 1359 662 1414 Inaudata
699 1358 1005 1427 promptius
1038 1372 1096 1410 se
1127 1366 1517 1410 exsecuturum
1549 1357 1821 1425 pollicitus
1875 1364 1985 1410 est.

406 1452 737 1506 Arcubitore
793 1451 988 1504 deinde
1019 1449 1230 1519 regredi
1267 1457 1477 1517 parato,
1535 1459 1590 1503 et
1643 1465 1772 1504 num
1829 1448 1986 1502 vultu

405 1547 687 1611 speciosus
728 1544 1038 1611 animisque
1091 1541 1258 1596 fortes
1291 1543 1437 1596 viros
1470 1541 1719 1607 haberet,
1777 1541 1870 1612 qui
1905 1557 1988 1596 re-

405 1638 545 1709 giam
587 1639 865 1691 triremem
895 1636 1065 1691 remis
1089 1635 1452 1706 impellerent,
1482 1635 1787 1689 Romanum
1823 1635 1988 1689 inter-

405 1729 992 1801 rogaute:coufestim
1056 1727 1145 1782 ille
1200 1727 1467 1796 quosdam
1519 1742 1714 1781 manus
1769 1740 1989 1780 morere

2093 529 2240 582 τίνου
2293 529 2530 584 καὶτῶν
2585 529 2865 599 συγγενῶν
2897 527 3066 582 αὐτοῦ
3123 527 3392 592 ἐπίθεσιν,
3447 527 3524 590 ὡς
3563 524 3677 580 δέοι

2095 621 2448 692 ποιήσασθαι.
2488 622 2603 692 Τῆς
2637 625 2825 694 φήμης
2855 618 2950 678 οὖν
2976 620 3178 691 ταύτης
3203 618 3549 689 διαθεούσης,
3579 617 3679 671 καὶ

2093 712 2187 766 τού
2261 714 2767 784 παρακοιμωμένου
2848 711 3265 767 Κωνσταντίνου
3326 707 3680 774 καταναγκὰ-

2095 806 2280 868 ςοντος
2322 805 2604 874 Ῥωμανδν
2669 803 3001 874 ἀποκινῆσαι
3054 803 3194 874 μετὰ
3254 801 3464 867 στόλου,
3516 799 3681 863 αὐτὸς

2096 896 2515 966 προεφασίζετο,
2538 897 2623 959 ὡς
2653 896 2930 960 ἀδυνάτως
2965 895 3079 966 ἔχει
3109 894 3204 948 τοῦ
3251 893 3538 957 ἀποπλεῖν,
3601 891 3681 962 μὴ

2093 986 2187 1039 τοῦ
2221 987 2410 1041 στόλου
2437 989 2538 1056 τὴν
2562 989 2961 1059 νενομισμένην
2990 990 3158 1060 ρόγαν
3180 987 3453 1049 λαϐόντος.
3488 985 3578 1040 Ἐν
3605 988 3681 1055 τῇ

2094 1083 2380 1153 ἐξαρτύσει
2421 1083 2478 1136 δὲ
2525 1082 2678 1146 ὄντος
2711 1083 2804 1136 τοῦ
2845 1082 3150 1153 Ῥωμανοῦ,
3181 1081 3276 1135 καὶ
3304 1082 3370 1134 τὰ
3399 1081 3559 1134 πλοῖα
3589 1079 3686 1132 εὑ·-

2094 1177 2465 1246 τρεπίζοντος,
2494 1176 2685 1248 ἐξῆλθε
2718 1177 3124 1238 Κωνσταντίνος
3159 1173 3681 1244 παρακοιμώμενος.

2095 1268 2168 1331 ὠς
2197 1269 2618 1322 ἐπισπουδάσων
2665 1269 2828 1321 αὐτὸν
2866 1268 2961 1322 τοῦ
3020 1267 3340 1328 ἐκπλεῦσαι.
3385 1266 3442 1317 ’0
3469 1266 3526 1320 δὲ
3554 1265 3686 1318 δου-

2095 1361 2232 1432 λικῷ
2263 1363 2340 1433 τῷ
2371 1364 2620 1432 σχήματι
2653 1363 3094 1434 προῦπήντησεν,
3131 1361 3226 1414 καὶ
3268 1358 3687 1431 προθυμοποιή-

2097 1472 2209 1507 σειν
2235 1455 2294 1508 τὸ
2337 1455 2696 1524 κελευόμενον
2749 1454 3141 1524 ἐπηγγέλλετο.
3201 1451 3569 1523 Ὑποστρέψω.
3620 1451 3683 1504 δέ

2099 1545 2428 1616 βουλομένου
2461 1546 2556 1599 τοῦ
2583 1549 3107 1623 παρακοιμωμένου.
3138 1546 3232 1600 καὶ
3259 1547 3308 1598 εί
3337 1545 3448 1615 ἔχει
3480 1544 3686 1614 ἄνδρας

2097 1639 2320 1703 εὐειδεῖς
2378 1639 2477 1692 καὶ
2529 1640 2813 1706 γενναίους
2839 1637 3176 1708 ἐπιτηδείους
3235 1639 3336 1709 τὴν
3387 1635 3687 1708 ’βασιλικὴν

2101 1734 2344 1800 ἐρέττειν
2401 1734 2606 1802 τριήρη
2654 1733 2901 1797 εἰπόντος
2956 1731 3092 1802 πρὸς
3151 1729 3462 1801 Ῥωμανὸν.
3521 1721 3686 1788 οὗτος

402 1823 514 1895 jam
547 1823 872 1894 dispositos,
899 1822 968 1876 ad
1003 1837 1061 1877 se
1101 1821 1330 1891 propius
1398 1819 1660 1874 accedere
1693 1820 1874 1886 jussit.
1917 1818 1990 1872 Illi

2099 1826 2260 1889 εὐθὺς
2297 1825 2482 1878 ἔνευσε
2511 1824 2734 1888 τούτους
2770 1828 2835 1894 τῇ
2882 1825 3027 1896 χειρὶ
3083 1822 3334 1893 ἑτοίμους
3374 1822 3492 1894 (2'5)
3542 1820 3702 1899 0531

407 1917 487 1972 rei
551 1915 801 1987 gerendae
863 1914 1070 1969 conscii
1141 1913 1366 1982 jamque
1443 1911 1674 1966 Romani
1733 1911 1984 1964 dromoni

403 2026 570 2080 quam
599 2010 761 2062 vicini
802 2008 1056 2061 manibus
1105 2022 1231 2060 eum
1281 2014 1582 2075 rapuerunt
1613 2045 1626 2065 ,
1661 2013 1714 2058 et
1744 2022 1756 2058 :
1792 2001 1988 2058 Tollite

409 2105 585 2170 illum,
638 2100 923 2156 vociferati
966 2109 1115 2156 sunt.
1164 2096 1480 2168 Derepente
1511 2099 1674 2169 igitur
1711 2098 1988 2152 sublatum

405 2196 462 2252 in
492 2194 775 2264 drungarii
802 2191 1043 2248 ιίὶοιιιιιιί
1068 2193 1350 2247 triremem
1376 2194 1780 2262 imposuerunt,
1810 2203 1862 2246 et
1906 2201 1987 2246 te-

405 2297 648 2344 nuerunt
681 2286 787 2342 sub
839 2286 1114 2350 custodia,
1152 2285 1302 2340 riullo
1329 2285 1591 2340 comitum
1634 2287 1751 2354 ejus
1783 2301 1990 2355 propu-

407 2394 577 2450 gnare
632 2378 714 2433 vei
766 2377 1064 2433 defendere
1097 2392 1285 2433 auso:
1324 2377 1574 2449 quiuiuto
1614 2379 1830 2433 cunctis
1863 2377 1989 2448 fuga

409 2473 644 2543 turpiter
669 2471 860 2542 lapsis.

474 2653 605 2710 Istis
633 2654 698 2708 ad
735 2651 903 2710 Zoem
947 2655 1250 2723 Augustam
1311 2651 1526 2718 deletis,
1559 2652 1651 2720 illa
1690 2650 1990 2706 Nicolaum

408 2747 773 2816 patriarcham
814 2755 866 2800 et
900 2748 1192 2816 optimates
1235 2746 1339 2802 sibi
1385 2746 1789 2802 beneaﬂ'ectos
1822 2746 1992 2800 advoo

407 2849 521 2903 cat,
575 2848 631 2893 et
674 2839 740 2893 ad
791 2837 1096 2893 Romanum
1163 2840 1330 2893 mittit
1379 2839 1448 2894 de
1501 2853 1686 2894 rerum
1742 2837 1990 2892 omnium

407 2944 686 3000 gestarum
727 2929 917 2984 ordine
961 2931 1163 2984 certior
1218 2931 1334 2985 fieri
1367 2929 1629 2984 sollicita.
1684 2927 1811 2989 Illos
1863 2945 1996 2986 vero

406 3023 477 3078 ad
530 3039 650 3077 eam
714 3023 1120 3091 proficiscentes
1192 3023 1464 3093 lapidibus
1525 3023 1707 3078 missis
1760 3023 1995 3094 populus

408 3117 806 3173 insectabatur.
844 3116 1113 3173 Postridie
1162 3118 1349 3187 itaque
1378 3133 1599 3188 egressa
1625 3118 1740 3173 .Zoe
1790 3120 1858 3173 ad
1904 3133 1996 3175 so-

2021 3167 2068 3229 C

2090 1917 2295 1992 [ὄντας]
2330 1918 2557 1989 πλησίον
2583 1917 2778 1972 ἐλθεῖν.
2817 1919 2880 1971 Oi
2903 1917 2960 1970 δέ
2987 1919 3053 1970 τὰ
3081 1917 3180 1987 τῆς
3209 1915 3404 1986 βουλῆς
3454 1914 3683 1978 ἰδόντες,

2091 2013 2327 2080 ἔγγιστα
2386 2011 2486 2082 ἤδη
2542 2008 2640 2064 τοῦ
2697 2009 2976 2080 δρόμωνος
3039 2007 3322 2078 Ῥωμανοῦ
3367 2006 3688 2076 γεγονότες,

2087 2105 2344 2175 ἥρπασαν
2368 2104 2531 2156 αὑτὸν
2558 2105 2674 2166 ταῖς
2697 2103 2911 2174 χερσὶν,
2937 2102 3053 2166 καὶ,
3090 2101 3296 2169 ’Ἄρατε
3327 2100 3510 2165 αὐτὸν,
3533 2099 3686 2168 ἐφώ-

2091 2211 2283 2264 νησαν.
2304 2193 2658 2264 Παραχρῆμα
2687 2186 2833 2246 οὗτοι
2859 2190 3050 2245 τοῦτον
3088 2190 3438 2261 ἁρπάσαντες
3474 2192 3551 2253 είς
3580 2189 3690 2260 τὴν

2090 2286 2184 2339 τοῦ
2229 2285 2598 2357 δρουγγαρίου
2657 2284 2942 2355 Ῥωμανοῦ
2985 2286 3186 2355 τριήρη
3234 2284 3548 2355 εἰσήγαγον,
3585 2283 3690 2336 καὶ

2092 2381 2150 2433 ἐν
2199 2380 2472 2450 ἀσφαλείᾳ
2522 2381 2796 2448 κατεῖχον.
2848 2378 3038 2442 Οὐδεὶς
3087 2373 3180 2430 οὖν
3214 2378 3242 2429 ὁ
3287 2377 3690 2448 ὑπερασπίζων

2093 2469 2160 2544 ἦν
2191 2472 2412 2526 πάντων
2441 2472 2550 2525 τῶν
2585 2473 2854 2526 συνόντων
2889 2471 3056 2526 αὑτὸν
3090 2469 3284 2542 [αὐτῷ]
3316 2471 3688 2542 χρησαμένων

2097 2569 2266 2636 φυγῇ.

2165 2659 2352 2714 Ταῦτα
2410 2659 2531 2729 ῖωὴ
2565 2657 2854 2728 Αὐγούστα
2899 2656 3146 2727 μαθοῦσα
3177 2656 3562 2726 προσκαλεῖται
3588 2657 3691 2714 τὸν

2097 2755 2443 2825 πατριάρχην
2474 2753 2762 2816 Νικόλαον,
2797 2751 2891 2804 καὶ
2916 2750 3048 2814 ’τοὺς
3088 2749 3260 2818 αὐτῆς
3295 2749 3683 2819 μεγιστάνους,

2097 2849 2192 2904 καὶ
2245 2845 2567 2900 ἀποστέλλει
2626 2843 2764 2915 πρὸς
2822 2843 3108 2912 Ῥωμανὸν
3147 2841 3206 2895 τὸ
3239 2843 3461 2910 γεγονὸς
3492 2840 3686 2911 βούλοι-

2101 2941 2235 3012 μὲνη
2299 2938 2513 3010 μαθεῖν.
2576 2935 2881 2989 Τούτωνδέ
2925 2933 3400 3004 διαπερασάντων,
3461 2933 3685 2996 λίθοιςὸ

2096 3030 2222 3092 λαὸς
2261 3030 2458 3091 αὐτοὺς
2514 3026 2797 3097 ἐξήλασεν.
2837 3025 3051 3078 Ἐωθεν
3103 3020 3196 3080 οὖν
3231 3022 3522 3089 ἐξελθοῦσα
3553 3025 3683 3097 Ζωὴ

2100 3124 2158 3176 ἐν
2187 3122 2264 3194 τῷ
2291 3120 2386 3174 τοῦ
2434 3120 2823 3181 Βουκολέοντος
2859 3116 3093 3188 ἡλιακῷ,
3162 3115 3435 3183 ἐπεφώνει
3468 3113 3545 3186 τῷ
3575 3115 3682 3187 υίῷ

407 3205 524 3262 lare
594 3207 941 3262 Bucoleontis
1005 3208 1371 3279 horologium,
1431 3208 1547 3265 lilio
1611 3217 1665 3263 et
1722 3209 1990 3264 universis

2098 3217 2189 3270 καὶ
2217 3217 2348 3270 πᾶσι
2374 3231 2389 3245 ο
2421 3213 2545 3276 Πῶς
2571 3213 2678 3283 ἄρα
2695 3211 2965 3280 γέγονενή
2989 3209 3254 3281 ἀνταρσία
3286 3207 3464 3278 αὕτη;
3504 3206 3685 3278 Ἔφη-

408 3301 787 3356 inclamabat:
828 3299 1117 3368 Quomodo
1170 3302 1398 3356 rebellio
1449 3303 1563 3358 hare
1605 3305 1876 3375 contigit?
1903 3305 1996 3360 Ait

407 3395 474 3448 ad
525 3393 674 3447 illam
737 3391 1057 3448 Theodorus
1088 3392 1438 3449 Constantini
1491 3394 1838 3465 imperatoris
1891 3413 1996 3468 pte-

411 3486 680 3557 dagogus,
732 3484 886 3551 Quod
932 3484 1045 3540 Leo
1094 3486 1306 3542 Phocas
1354 3485 1635 3542 Romanos
1676 3489 1995 3559 perdiderit,

406 3587 460 3634 et
515 3581 913 3635 Constantinus
970 3581 1257 3635 accubitor
1316 3581 1648 3637 subverterit
1709 3584 1993 3654 palatium,

408 3670 755 3740 contigerunt
805 3671 940 3725 haec.
999 3669 1297 3742 Imperator
1370 3683 1552 3728 autem
1604 3685 1910 3732 revocatam
1966 3693 1994 3731 a

407 3777 604 3826 matre.
640 3774 694 3818 et
723 3763 791 3818 ad
823 3779 884 3820 se
907 3765 1229 3820 translatam
1265 3763 1481 3834 imperii
1518 3757 1839 3835 potestatem
1875 3785 1996 3823 om-

405 3872 533 3912 nem
583 3857 899 3921 deelaravit,
937 3866 991 3911 et
1025 3856 1308 3914 Nicolaum
1367 3860 1732 3928 patriacham
1765 3859 1998 3932 Stepha-

407 3964 650 4016 numque
679 3949 1008 4018 magistrum
1046 3949 1100 4002 in
1153 3949 1356 4018 palatio
1384 3950 1489 4004 sibi
1533 3950 1724 4005 adesse
1774 3954 2000 4007 manda-

408 4040 501 4094 vit.
555 4038 817 4109 Sequenti
847 4039 978 4094 =luce
1025 4037 1292 4093 J0annem
1346 4037 1645 4106 Tubacem,
1701 4045 1794 4112 qui
1831 4042 1994 4100 Zoem

405 4132 708 4204 Augustam
761 4148 792 4187 e
845 4132 1060 4203 palatio
1115 4132 1450 4197 detruderet,
1501 4135 1669 4189 misit.
1723 4135 1819 4191 llla
1870 4153 1994 4191 cum

406 4223 618 4293 ejulatu
665 4234 721 4278 et
766 4223 1031 4295 lacrymis
1063 4224 1234 4279 filium
1271 4227 1556 4298 complexa
1587 4228 1652 4282 ad
1694 4237 1995 4284 maternam

409 4316 849 4386 couzpassionem
906 4325 960 4386 et
1003 4316 1249 4370 dolorem
1303 4318 1505 4372 movit:
1541 4319 1677 4375 adeo
1724 4328 1783 4374 ut
1825 4320 1998 4390 impe—

401 4417 564 4463 rator
617 4409 845 4472 diceret,
893 4407 1118 4464 Matrem
1151 4425 1327 4464 meam
1380 4425 1595 4472 mecum
1647 4426 1769 4465 esse
1813 4413 1996 4467 sinite.

2098 3324 2190 3360 σεν
2253 3306 2312 3359 δέ
2370 3304 2508 3375 πρὸς
2571 3304 2740 3373 αὐτὴν
2787 3303 2815 3356 ὁ
2869 3301 3218 3370 παιδαγωγὸς
3266 3298 3362 3354 τοῦ
3415 3299 3685 3371 βασιλέως

2097 3398 2512 3454 Κωνσταντίνου
2542 3397 2836 3467 Θεόδωρος,
2862 3396 2943 3450 δτι
2969 3394 3067 3448 Διά
3090 3393 3152 3447 τὸ
3176 3393 3444 3448 ἀπολέσαι
3474 3392 3684 3448 Λέοντα

2095 3491 2188 3545 τὸν
2208 3492 2407 3551 Φωκᾱν
2433 3488 2562 3552 τοὺς
2594 3487 2920 3559 Ῥωμαίους,
2941 3487 3035 3540 καὶ
3064 3487 3474 3540 Κωνσταντῖνον
3495 3502 3681 3556 παρα-

2095 3581 2441 3653 κοιμώμενον
2473 3581 2533 3632 τὸ
2559 3580 2840 3640 παλάτιον,
2867 3577 3038 3632 ταῦτα
3067 3579 3376 3648 γεγόνασιν.
3403 3577 3682 3648 Προσελά-

2097 3671 2301 3725 6ετοδὲ
2335 3672 2362 3723 ὁ
2395 3670 2650 3741 βασιλεὺς
2695 3671 2966 3724 Νικόλαον
3011 3671 3104 3725 τὸν
3175 3671 3526 3742 πατριάρχην
3582 3673 3683 3726 καί

2098 3763 2372 3830 Στέφανον
2405 3763 2711 3831 μάγιστρον
2741 3764 2990 3814 συνεῖναι
3025 3759 3176 3832 αὐτῷ
3207 3765 3266 3816 ἐν
3294 3761 3373 3832 τῷ
3403 3763 3678 3834 παλατίῳ,

2095 3854 2194 3927 τὴν
2229 3854 2484 3919 ἐξουσίαν
2539 3855 2619 3917 είς
2651 3855 2849 3908 ἐαυτὸν
2896 3854 3006 3908 ἀπὸ
3050 3855 3149 3924 τῆς
3189 3855 3396 3928 μητρὸς
3426 3855 3683 3911 ἐπισπῶ.

2099 3965 2260 4022 μενον
2293 3946 2752 4020 [ἐπισπώμενοςί.
2805 3947 2884 4019 Τῇ
2942 3946 3001 3999 δὲ
3046 3947 3309 4017 ἐπαύριον
3357 3947 3688 4015 eraque”

2111 4040 2362 4111 Ἰωάννην
2392 4039 2485 4092 τὸν
2517 4038 2808 4109 Τουὸακῆν
2841 4037 2992 4109 Ζωὴν
3026 4037 3346 4107 Αὑγοῦσταν
3374 4037 3470 4092 τοῦ
3499 4039 3684 4094 παλα-

2095 4129 2282 4184 λατίου
2344 4129 2732 4184 καταϐιϐάσαι.
2777 4129 2840 4181 'H
2863 4129 2919 4180 δὲ
2961 4128 3076 4198 μετ’
3129 4129 3394 4201 ὀλολυγῆς
3421 4129 3684 4199 δακρύων

2097 4221 2176 4292 τῷ
2215 4221 2416 4292 ἑαυτῆς
2463 4221 2880 4291 προσπλακεῖσα
2937 4221 3079 4292 υἱῷ,
3139 4221 3274 4293 πρὸς
3329 4221 3686 4292 συμπάθειαν

2101 4312 2377 4382 μητρικὴν
2406 4312 2500 4363 καὶ
2515 4305 2694 4363 οἶκτον
2718 4311 2992 4381 ἐκίνησεν,
3019 4313 3092 4375 ὡς
3113 4314 3204 4365 τὸν
3223 4313 3449 4384 βασιλέα
3479 4316 3679 4368 εἰπεῖν·

2112 4403 2344 4457 Ἐάσατε
2415 4404 2535 4474 μετ’
2595 4401 2732 4470 ἐμοῦ
2792 4398 2934 4456 είναι
2975 4405 3074 4474 τὴν
3125 4393 3337 4476 μητέρα
3380 4391 3588 4475 μού.οί
3620 4407 3686 4460 δέ

409 4501 490 4556 Illi
528 4502 646 4556 solo
690 4502 859 4562 verbo
908 4502 1131 4571 petitam
1167 4502 1518 4558 dimiserunt.
1565 4505 1866 4574 Imperator
1891 4522 1990 4560 au-

2101 4497 2303 4568 ταύτην
2337 4496 2455 4566 ἃ.μὰ
2485 4494 2560 4566 τῷ
2587 4496 2730 4567 λόγῳ
2784 4498 3026 4567 ἀφῆκαν.
3065 4498 3586 4572 Προσκαλεσὰμενοι
3619 4500 3684 4554 δέ

406 4601 518 4657 tem
555 4600 609 4645 et
629 4591 942 4662 patriarcha
973 4590 1240 4647 Joannem
1268 4592 1523 4648 Gariilam
1556 4597 1623 4650 ad
1654 4612 1713 4651 se
1748 4607 1996 4654 vocatum

411 4683 722 4764 scholarum
776 4685 1135 4740 domesticum
1186 4700 1309 4743 esse
1359 4683 1672 4756 jusserunt,
1721 4691 1879 4743 veriti
1931 4707 2001 4745 ne

412 4775 621 4832 Pliocgts
675 4775 784 4830 Leo
821 4776 874 4829 in
935 4776 1284 4831 rebellionem
1343 4765 1624 4834 deficeret.
1675 4779 1874 4836 Reuuit
1912 4783 1998 4838 ille

412 4881 612 4919 munus
656 4864 862 4929 subire,
894 4866 1003 4920 nisi
1049 4863 1399 4920 Theodorum
1447 4867 1674 4920 levirum
1722 4867 1998 4937 Zupliine-

411 4956 553 5010 aeris
577 4954 744 5030 [σθᾷ
771 4956 943 5010 tilium
978 4966 1031 5011 et
1066 4957 1378 5012 Simeonem
1421 4957 1544 5028 ejus
1594 4958 1765 5013 ﬁlium
1815 4961 1993 5016 hetae-

410 5051 683 5104 riarcliem
727 5060 961 5103 crearet.
1002 5047 1338 5104 Juramentis
1368 5051 1534 5120 igitur
1569 5053 1770 5106 certior
1795 5052 1993 5117 factus,

402 5139 466 5206 in
519 5141 741 5194 domum
791 5155 947 5195 suam
981 5141 1257 5211 profectus
1282 5153 1382 5197 est.
1418 5144 1500 5196 illi
1541 5142 1831 5198 confestim
1864 5162 1996 5201 cou-

411 5233 746 5301 sauguiucos
794 5232 913 5300 ejus
949 5247 980 5286 e
1026 5232 1230 5301 palatio
1273 5233 1589 5298 deturbant,
1626 5250 1765 5303 quos
1819 5237 1885 5291 ad
1938 5252 1997 5292 se

409 5321 754 5386 conﬂuentes
787 5334 848 5380 ut
876 5324 1106 5381 Garidas
1137 5329 1442 5396 conspexit,
1471 5329 1734 5383 inusitato
1777 5333 1994 5397 timore,

2105 4590 2133 4643 ὃ
2164 4605 2224 4643 τε
2259 4587 2512 4660 βασιλεὺς
2539 4589 2632 4642 καὶ
2657 4591 2685 4642 ὁ
2705 4590 3053 4661 πατριάρχης
3094 4589 3348 4662 Ἰωάννην
3381 4592 3471 4646 τὸν
3510 4593 3684 4663 Γαρι⁹

2104 4680 2200 4744 δᾷν
2258 4679 2623 4751 προεϐάλοντο
2673 4680 2994 4752 δομέστικον
3044 4683 3151 4736 τῶν
3199 4684 3683 4753 σχολὼκηδεδιὸτες

2108 4772 2181 4843 μὴ
2210 4772 2293 4833 είς
2337 4773 2654 4860 ἁνταρσίανχ
2683 4775 2908 4845 χωρήσῃ
2939 4775 3176 4839 ὀψωκᾱς
3212 4776 3388 4839 Λέων·
3439 4775 3496 4841 νο
3536 4776 3592 4840 δὲ
3617 4778 3683 4832 οὐ

2106 4866 2399 4920 κατι-ἔνευεν
2429 4867 2588 4919 τοῦτο
2608 4866 2883 4935 γενέσθαι,
2918 4866 2966 4919 εί
3001 4867 3078 4938 μὴ
3112 4868 3385 4937 Θεόδωρον
3425 4869 3685 4937 ,ουναικά-

2103 4958 2298 5028 δελφον
2359 4958 2524 5011 αὑτοῦ
2550 4960 2641 5011 τὸν
2671 4959 3003 5031 Ζουφινέζερ
3036 4961 3132 5014 καὶ
3160 4960 3422 5031 Συμεῶνα
3443 4960 3534 5015 τὸν
3565 4961 3688 5016 υἱὸν

2102 5051 2266 5106 αὑτοῦ
2323 5051 2686 5122 προεϐάλλετο
2740 5053 3114 5123 ἐταιριάρχην.
3172 5053 3398 5122 Ὃρκοις
3445 5049 3537 5122 οὖν
3576 5054 3685 5124 ⁵βεο

2102 5143 2360 5205 ϐαιωθεὶς
2395 5143 2486 5197 ὑπ’
2503 5145 2681 5197 αὐτῶν
2703 5145 2972 5213 κατῆλθεν
2996 5146 3053 5196 ἐν
3085 5144 3162 5208 τῷ
3191 5146 3324 5216 οἴκῳ
3342 5146 3528 5199 αὑτοῦ.
3546 5147 3684 5202 Οίδέ

2105 5240 2419 5310 παραυτίκα
2453 5242 2574 5304 τοὺς
2606 5242 2889 5308 συγγενεῖς
2917 5240 3083 5294 αὑτοῦ
3111 5241 3202 5294 τοῦ
3231 5244 3490 5296 παλατίου
3513 5260 3689 5296 κατα-

2105 5332 2444 5398 ϐιδάζουσιν.
2483 5336 2524 5386 Τ
2527 5334 2701 5387 ούτων
2730 5334 2824 5388 οὖν
2857 5335 2994 5402 πρὸς
3017 5336 3180 5389 αὑτὸν
3201 5339 3684 5407 παραγεγονότων,
3782 5365 3790 5371 -

1577 5419 1826 5478 FRANC.
1850 5423 2236 5484 COMBEFISII
2281 5425 2517 5482 NU'I'JE.

486 5510 600 5589 (ἒό)
629 5511 853 5589 Τούτοις
900 5515 964 5584 τῇ
1026 5513 1173 5584 χειρὶ
1225 5513 1464 5589 ἑτοίμοις
1523 5511 1667 5589 οὖσι.
1713 5517 1983 5589 Auouym.

411 5581 610 5656 Amittit
631 5584 712 5639 his
739 5585 829 5655 qui
871 5581 1057 5656 essent
1079 5581 1239 5654 ηιᾳηιι
1266 5581 1530 5656 expediti.
1563 5588 1634 5641 Ex
1679 5603 1790 5656 quo
1821 5581 1984 5643 etiam

411 5663 468 5708 et
503 5653 666 5729 Cedr.
724 5653 923 5729 suppl.
957 5670 1022 5729 ac
1079 5653 1298 5729 emend.
1347 5653 1632 5724 Sequentia
1669 5653 1984 5729 εῬωμανοῦ

413 5724 726 5800 γεγονότος.Δ
755 5721 940 5796 ἐπειδὴ
965 5721 1120 5789 οὗτος
1138 5727 1326 5800 Δὸπίσω
1349 5721 1442 5782 τοῦ
1477 5721 1982 5800 παρακοιμωμενου

405 5787 819 5851 Κώνσταντίνου
878 5787 1198 5870 περιπατῶν
1234 5787 1741 5868 ἀνήρπασενάὑτδν
1793 5787 1980 5866 τάῖς...

2094 5521 2398 5590 ἐφώνησεν,
2451 5520 2797 5592 παραχρῆμα
2832 5538 2847 5552 ⁸
2883 5521 3016 5576 Cum
3055 5523 3172 5591 jam
3215 5521 3482 5592 Romam:
3522 5524 3690 5580 calcei

2092 5594 2366 5658 proximus
2399 5603 2554 5656 esset,
2583 5594 2730 5662 isque
2748 5611 2879 5656 poue
2899 5593 3308 5651 Constantinum
3327 5595 3688 5650 accubitorent

2093 5665 2374 5728 ambulans
2410 5667 2524 5733 ipso
2573 5665 2816 5719 manibus
2873 5678 3139 5734 correpto,
3172 5665 3365 5720 Tollite
3408 5683 3553 5731 eum,
3588 5681 3686 5727 βαι

2093 5736 2399 5801 (tentasset,
2434 5734 2617 5791 statim
2647 5735 2730 5789 illi
2761 5734 3039 5792 sublatum
3069 5739 3145 5803 in,
3178 5746 3289 5792 etc.
3409 5737 3414 5740 ’
