4038 6298
570 316 724 381 4135

1826 311 2103 374 LEONlS
2140 309 2621 372 GRAMMATICI

3717 308 3858 378 1136

568 428 738 495 feria.
770 424 1005 481 Caldam
1030 424 1192 491 dicta,
1219 421 1561 477 bcncdicilur
1588 439 1599 476 :
1640 432 1692 477 et
1719 437 1840 476 cum
1875 438 1936 477 ea
1968 420 2149 490 nuptia

2282 418 2465 472 νοῧται
2517 419 2631 487 ἅμα
2665 418 2799 491 αὺτῇ
2836 421 2985 490 παρὰ
3031 420 3299 474 Νικολάου
3335 420 3678 492 πατριάρχου
3722 423 3852 475 Ῥω-

581 515 725 571 libus
759 517 981 571 corollis
1014 514 1301 569 redimitur
1340 528 1369 566 a
1400 512 1622 569 Nicolao
1654 513 1988 589 patriarcha,
2021 521 2171 565 tunc—

577 624 688 676 que
737 607 1018 662 Romanus
1084 605 1427 676 imperatoris
1496 604 1653 659 Pater
1700 602 2065 657 declaratur:
2117 610 2169 655 et

578 682 811 755 ltomani
857 701 974 755 vice
1000 700 1433 771 Cliristopborus
1467 699 1583 770 ejus
1607 697 1749 752 lilius
1785 696 2170 751 ltetairiarclies

588 792 914 846 instituitur.

649 882 806 939 Ilaud
848 882 1023 937 multo
1046 893 1190 953 post,
1216 881 1325 937 Leo
1356 881 1568 937 Phocas
1595 897 1622 937 a
1660 880 1860 952 pepulo
1884 880 2164 945 seductus,

575 983 631 1028 et
666 990 694 1029 a
755 972 1014 1028 nonnulis
1059 988 1347 1043 procerum
1379 984 1435 1028 et
1478 973 1752 1043 legionum
1794 971 1842 1027 ei
1883 986 2166 1025 commen-

567 1067 823 1127 daturum
895 1064 1161 1119 militibus
1238 1074 1452 1129 motus,
1520 1065 1809 1118 tumultum
1883 1064 2164 1127 oscitavit,

575 1158 860 1229 missoque
891 1158 1088 1212 nuntio
1124 1155 1544 1212 Constantinum
1595 1157 1992 1219 accubitorem,
2029 1155 2166 1209 Con-

575 1250 991 1317 stantinumqne
1022 1250 1279 1315 alterum,
1302 1258 1357 1304 et
1383 1249 1735 1304 Auastasium
1764 1248 2090 1318 Γογγυλίους
2113 1258 2165 1302 et

574 1340 778 1397 fratres
802 1357 1093 1413 germanos
1117 1382 1133 1405 ,
1165 1350 1220 1396 et
1254 1340 1675 1396 Constantinum
1719 1355 1749 1395 a
1786 1341 2010 1397 secretis
2061 1339 2165 1393 Mu-

572 1435 715 1491 leliae
762 1435 935 1489 ﬁlium
998 1434 1101 1489 sibi
1142 1435 1362 1499 ascivit,
1395 1434 1499 1489 hoc
1543 1435 1757 1489 cunctis
1790 1434 2073 1489 insinuans
2112 1442 2165 1488 et

570 1527 929 1598 persuadens,
978 1536 1189 1580 motum
1233 1541 1450 1580 onmem
1502 1540 1598 1596 pro
1631 1526 1980 1596 imperatoris
2018 1524 2163 1580 Con-

568 1621 793 1676 stantini
828 1620 1092 1689 obsequio
1123 1620 1372 1673 excitari.
1429 1618 1713 1674 Romanus
1760 1630 1941 1673 autem
1991 1620 2165 1688 impe-

567 1711 769 1777 ratoris
834 1710 993 1765 Pater
1042 1710 1204 1765 bullis
1269 1709 1451 1764 aurei's
1505 1709 1718 1764 tabulas
1770 1708 2057 1779 insignitas
2109 1721 2161 1766 et

2275 514 2441 582 μανὸν
2493 512 2933 583 βασιλεοπάτορα
2996 514 3403 585 προϐαλόμενος
3444 532 3459 547 ·
3513 516 3633 569 ἀντ’
3689 515 3854 570 αὑτοῦ

2271 604 2326 657 δὲ
2378 605 2750 676 Χριστοφόρον
2809 606 2921 657 υἱὸν
2965 604 3129 659 αὑτοῦ
3186 607 3546 679 ἑταιριάρχην
3583 610 3855 678 κατέστη.

2274 711 2389 748 σεν.

2341 868 2473 923 Μετ’
2515 871 2575 923 οὐ
2607 870 2739 925 πολὺ
2793 871 2947 925 Λέων
2978 873 3006 925 6
3037 873 3234 937 Φωκᾶς
3273 874 3413 942 μετὰ
3430 872 3565 926 λαοῦ
3598 872 3855 926 πλείστου

2267 961 2573 1033 ἀπατηθεὶς
2620 965 2772 1035 παρά
2804 963 2863 1016 τέ
2901 981 3062 1017 τινων
3079 965 3356 1035 ἀρχόντων
3381 965 3477 1019 καὶ
3515 963 3628 1019 τῶν
3690 962 3854 1018 αὑτοῦ

2266 1058 2566 1124 ταγμάτων
2601 1058 2739 1127 πρὸς
2765 1057 3064 1129 ἀνταρσίαν
3097 1061 3355 1122 κινεῖται,
3390 1058 3487 1111 καὶ
3518 1058 3855 1119 ἀποστείλας

2265 1148 2559 1203 ἀνελάϐετο
2612 1145 2754 1202 εἶναι
2820 1150 2917 1202 σὺν
2953 1150 3103 1221 αὐτῷ
3142 1151 3233 1203 τόν
3256 1167 3315 1203 τε
3348 1148 3854 1222 παρακοιμώμενον

2267 1242 2697 1307 Κωνσταντῖνον,
2755 1243 2851 1295 καὶ
2889 1244 3301 1297 Κωνσταντῑνον
3348 1242 3444 1296 καὶ
3486 1242 3850 1296 Ἀναστάσιον

2262 1332 2388 1394 τοὺς
2412 1330 2737 1399 Γογγυλίους
2766 1334 2862 1385 καὶ
2884 1332 3276 1402 αὑταδέλφους,
3308 1336 3406 1386 καὶ
3438 1334 3852 1387 Κωνσταντῖνον

2264 1424 2569 1495 ἀσηκρῆτις
2606 1425 2699 1478 τὸν
2721 1426 3023 1490 Μαλελίας,
3070 1427 3431 1499 πληροφορῶν
3470 1428 3730 1491 ἅπαντας
3757 1429 3851 1481 καὶ

2268 1514 2526 1585 βεϐαιῶν,
2592 1517 2667 1580 ὡς
2702 1518 2842 1589 ὑπὲρ
2870 1518 2964 1572 τοῦ
3003 1520 3271 1590 βασιλέως
3307 1519 3729 1574 Κωνσταντίνου
3753 1520 3853 1592 τὴν

2264 1609 2522 1679 τοιαύτην
2550 1613 2786 1665 ποιεῖται
2831 1613 3176 1681 συγκίνησιν.
3216 1613 3497 1684 Ῥωμανὸς
3528 1614 3587 1668 δὲ
3634 1616 3663 1667 6
3696 1613 3853 1684 βασι-

2264 1701 2547 1771 λεοπάτωρ
2603 1704 3002 1774 χρνυσοῦούλλια
3048 1708 3281 1779 ποιήσας
3328 1706 3725 1777 ὲνυπόγραφα,
3777 1706 3853 1770 ὠς

574 1802 983 1871 subscriptione
1037 1801 1301 1865 ﬁrmatas,
1338 1800 1483 1854 velut
1543 1800 1891 1870 imperatoris
1939 1799 2149 1853 nomine

2261 1796 2324 1847 ὲκ
2394 1795 2687 1867 προσώπου
2751 1797 2845 1851 τοῦ
2906 1798 3174 1867 βασιλέως
3256 1801 3673 1855 Κωνσταντίνου
3754 1800 3853 1872 τὴν

565 1891 784 1958 {acinus
835 1891 1147 1961 liujusmodi
1202 1900 1530 1945 attentatum
1570 1906 1919 1960 repressuras
1957 1891 2160 1954 edidit:

564 1987 766 2059 quibus
808 1985 1125 2056 jubebatur,
1178 1995 1258 2050 ut,
1299 1984 1485 2040 Phoca
1541 1985 1778 2052 deserto,
1812 1985 1904 2055 qui
1940 1985 2007 2041 ad
2057 1985 2163 2045 im-

566 2077 841 2146 peratoris
901 2085 1080 2145 partes
1130 2075 1449 2137 transirent,
1504 2090 1601 2142 pro
1641 2074 1971 2143 imperatore
2012 2083 2161 2128 stare

563 2178 962 2235 censerentur:
999 2169 1221 2223 easdem
1256 2183 1381 2221 vero
1409 2167 1583 2222 Anna:
1614 2168 1835 2221 cuidam
1874 2167 2160 2237 impuden-

564 2264 637 2319 tis
690 2264 803 2319 oris
838 2256 893 2317 et
922 2260 1223 2333 proﬂigatae
1280 2262 1551 2316 castitatis
1586 2262 1805 2317 mulieri
1849 2263 2159 2333 clerienqne

562 2354 781 2425 cuidam
835 2354 1105 2423 Micltaeli,
1162 2362 1221 2407 ut
1280 2368 1372 2423 per
1421 2353 1797 2409 adversarium
1852 2355 2153 2410 exercitum

563 2456 906 2519 Spargerent,
943 2446 1365 2501 commendavit.
1398 2444 1478 2499 llli
1532 2458 1781 2515 receptas
1819 2447 2029 2503 litteras
2059 2462 2158 2518 per

563 2551 781 2592 omnem
820 2535 1125 2591 exercitum
1167 2535 1417 2591 distribui
1474 2547 1774 2593 curarunt:
1820 2547 1875 2597 et
1926 2535 2155 2593 Michael

563 2627 786 2698 quidem
811 2626 863 2681 in
898 2626 975 2682 rei
1009 2635 1175 2695 gesta:
1202 2625 1573 2695 suspicionem
1596 2627 1839 2691 veniens,
1862 2629 2155 2689 crudeliter

564 2731 832 2791 exceptus
882 2735 913 2774 a
968 2717 1175 2787 Pboca,
1226 2721 1455 2777 naribus
1516 2732 1571 2776 et
1630 2723 1860 2779 auribus
1913 2724 2155 2795 praacisis

560 2812 866 2868 mulctatus
911 2822 1016 2878 est,
1070 2814 1163 2884 qui
1215 2814 1565 2882 postmodum
1609 2829 1909 2886 congruam
1958 2832 1988 2870 a
2046 2816 2153 2871 Ro-

559 2921 726 2962 mano
772 2913 1109 2961 consecutus
1141 2914 1225 2960 est
1255 2905 1711 2970 vicissitudinem,
1740 2917 1795 2961 et
1833 2908 2034 2977 pariter
2064 2922 2149 2976 ea,

558 3016 681 3070 quae
726 3014 851 3053 cum
911 3013 976 3053 eo
1036 2999 1206 3053 missa
1264 2997 1460 3064 fuerat,
1514 2999 1730 3053 mulier.
1780 3000 1883 3066 Qui
1941 3001 2149 3069 primus

559 3093 801 3149 Phocum
827 3091 1103 3159 deseruit,
1158 3100 1213 3146 et
1268 3090 1322 3145 in
1394 3090 1620 3145 ltomani
1674 3100 1856 3161 partes
1906 3092 2143 3155 transiit,
2170 3132 2214 3195 Ο

558 3183 987 3257 Barymicliaells
1025 3182 1183 3238 ﬁlius
1233 3183 1473 3249 exstitit,
1528 3183 1700 3239 cladis
1735 3185 1975 3239 adversa:
2006 3193 2058 3238 et
2088 3184 2141 3240 in

559 3276 869 3337 contrarias
902 3284 1083 3345 partes
1118 3290 1181 3330 se
1220 3276 1446 3331 ditionis
1482 3286 1535 3331 et
1565 3278 1868 3347 tyrannidis
1914 3276 2139 3332 auctor:

559 3368 821 3431 comitem
876 3383 936 3423 se
993 3367 1231 3438 praebuit
1268 3367 1572 3431 Baiantius,
1629 3368 1793 3423 ambo
1840 3380 2139 3423 turmarum

556 3465 879 3526 praestantes
908 3455 1188 3526 -.pr.afecti.
1222 3455 1330 3510 Leo
1366 3455 1579 3509 Pliocas
1633 3470 1761 3509 vero
1813 3471 1938 3509 cum
1986 3469 2140 3508 exer-

555 3547 668 3621 citu
705 3548 953 3603 omnium
1004 3560 1288 3611 armorum
1343 3560 1542 3617 genere
1592 3545 1804 3600 fortiter
1847 3547 2138 3611 instructo,

554 3638 938 3712 Chrysopolim
992 3638 1290 3708 profectus,
1332 3648 1388 3693 et
1426 3638 1933 3707 Constantinoiiolis
1994 3640 2141 3694 cives

553 3732 935 3795 exterriturus,
1010 3731 1211 3786 milites
1260 3730 1429 3799 longe
1493 3738 1800 3784 castrorum
1846 3730 2054 3784 ambitu
2108 3745 2139 3784 a

553 3823 799 3879 Iuvenca
853 3821 1066 3893 lapidea
1113 3823 1183 3876 ad
1237 3821 1636 3876 Clialcedonem
1692 3838 1867 3892 usque
1916 3823 2137 3877 locavit.

555 3917 695 3972 Dum
729 3918 843 3971 hac
893 3924 1211 3987 gererentur
1254 3931 1283 3977 a
1322 3915 1593 3982 Ronnauo,
1633 3916 1853 3976 Simeon
1899 3916 2137 3973 Cauiclei

554 4008 843 4081 praefectus
920 4010 1106 4063 celoce.
1183 4019 1393 4071 vectus,
1460 4008 1704 4063 libellum
1786 4011 2139 4079 imperatoris

551 4099 899 4157 Constantini
951 4115 1117 4153 manu
1167 4099 1537 4169 subscriptum
1566 4100 1850 4155 delaturus
1881 4102 2135 4156 mittitur.

554 4192 683 4248 llaec
748 4206 913 4263 porro
950 4191 1169 4246 libellus
1219 4192 1541 4245 enuntiabat
1590 4211 1605 4255 ι
1662 4192 1734 4247 Ut
1772 4194 1984 4263 imperii
2034 4195 2139 4247 mei

550 4286 833 4340 custodem
859 4282 1337 4352 vigilantissimum
1362 4293 1415 4336 et
1447 4284 1823 4338 ﬁdelissimum
1847 4301 1877 4339 e
1906 4286 2139 4341 subditis

546 4383 745 4447 praeter
781 4372 1090 4428 Romanum
1125 4374 1338 4427 nullum
1377 4376 1584 4430 inveni.
1616 4375 1757 4431 Huic
1813 4387 1936 4446 post
1965 4377 2134 4433 Deum

2264 1888 2523 1959 τοιαύτης
2568 1889 2859 1962 ἐπιϐουλῆς
2898 1891 3213 1965 ἀνατροπὴν
3255 1892 3613 1965 περιέχοντα,
3640 1895 3739 1946 καὶ
3776 1894 3851 1958 ὡς

2258 1983 2310 2033 oi
2327 1980 2418 2033 τὸν
2436 1982 2634 2036 Φωκᾶν
2697 1984 3229 2054 καταλιμπάνοντες,
3257 1984 3335 2055 τῷ
3363 1984 3581 2054 βασιλεῖ
3598 1985 3654 2039 δὲ
3681 2002 3852 2057 προσ.

2263 2075 2592 2143 φεύγοντες,
2652 2076 2794 2147 ὑπὲρ
2854 2077 2953 2131 τοῦ
3011 2076 3281 2147 βασιλέως
3331 2078 3462 2143 εἰσὶ,
3523 2078 3649 2142 δοὺς
3704 2078 3851 2133 αὐτά

2263 2164 2431 2236 Ἀννῃ
2448 2167 2557 2219 τινὶ
2579 2170 2801 2236 γυναικὶ
2829 2166 3035 2220 ἀναιδεῖ
3065 2168 3158 2222 καὶ
3194 2167 3448 2241 θρασείᾳ,
3471 2169 3563 2221 κα)
3590 2168 3850 2239 κληρικῷ

2256 2274 2362 2311 τινι
2418 2258 2656 2330 Μιχαὴλ,
2689 2262 2748 2312 ἐν
2791 2259 2868 2331 τῷ
2895 2242 3448 2332 αὐτῷ’στρατοπέδῳ
3503 2261 3843 2331 ἐξέπεμψεν.

2257 2350 2321 2402 Οἱ
2353 2349 2409 2403 δὲ
2433 2350 2606 2404 ταῦτα
2640 2351 3061 2422 ἀναλαϐόμενοι,
3113 2353 3361 2406 ἔστειλαν
3381 2352 3649 2424 παντὶτῷ
3673 2370 3847 2425 στρα-

2254 2441 2353 2512 τῷ.
2408 2443 2516 2495 Καὶ
2537 2445 2563 2495 6
2597 2442 2699 2513 μὲν
2759 2444 2980 2515 Μιχαὴλ
3034 2445 3333 2516 φωραθεὶς,
3370 2445 3521 2516 παρὰ
3555 2446 3650 2498 τοῦ
3677 2446 3851 2500 Φωκά

2254 2532 2498 2602 ἀνηλεῶς
2557 2535 2805 2605 τυφθεὶς,
2842 2536 2945 2605 τήν
2974 2553 3032 2588 τε
3065 2537 3216 2607 ρίναν
3248 2535 3368 2608 [τάς
3405 2553 3465 2589 τε
3529 2534 3712 2610 ῥῖνας]
3747 2537 3843 2590 καὶ

2251 2625 2321 2678 τά
2349 2617 2465 2678 ὦτα
2527 2626 2824 2700 ἀπετμήθη
2852 2643 2867 2659 ο
2893 2628 2952 2691 ὃς
2978 2628 3115 2698 μετά
3148 2629 3325 2683 ταῦτα
3356 2630 3510 2699 παρά
3550 2629 3845 2699 Ῥωμανοῦ

2250 2723 2353 2791 τῆς
2413 2724 2802 2796 προσηκούσης
2860 2723 3053 2794 ἔτυχεν
3083 2724 3322 2794 ἀμοιϐῆς
3342 2742 3358 2757 ο
3387 2724 3652 2787 ὡσαύτως
3674 2725 3779 2781 καὶ
3809 2728 3841 2796 ἡ

2253 2817 2349 2870 σὺν
2405 2815 2556 2887 αὑτῷ
2592 2818 2851 2871 σταλεῖσα
2885 2819 3044 2889 γυνή.
3079 2818 3305 2890 Πρῶτος
3337 2821 3365 2873 6
3393 2819 3510 2883 υἱός
3532 2818 3625 2873 τοῦ
3653 2819 3843 2892 Βαρυ-

2253 2909 2457 2982 μιχαὴλ
2506 2910 2823 2965 καταλιπὼν
2886 2910 2977 2963 τὸν
3010 2912 3209 2965 Φωκᾶν
3238 2911 3319 2981 τῷ
3354 2910 3624 2982 Ῥωμανῷ
3663 2930 3843 2984 προσ-

2248 3000 2506 3073 έδραμεν,
2561 3002 2705 3075 ἀρχὴ
2756 3002 2999 3072 γεγονὼς
3054 3002 3408 3066 καταλύσεως
3434 3004 3531 3074 τῆς
3575 3004 3842 3077 τοιαύτης

2248 3093 2543 3166 ἀνταρσίας
2572 3094 2665 3147 καὶ⁸
2694 3094 3008 3165 τυραννίδος
3029 3135 3043 3159 ,
3081 3096 3178 3149 σὺν
3211 3094 3359 3166 αὐτῷ
3375 3096 3431 3150 δὲ
3453 3098 3481 3149 6
3516 3095 3842 3163 Βαλάντιος.

2245 3186 2591 3258 τουρμάρχαι
2648 3188 2802 3252 ὄντες
2858 3190 3182 3260 ἀμφότεροι.
3249 3190 3403 3244 Λέων
3462 3189 3518 3243 δὲ
3556 3192 3585 3243 6
3637 3192 3844 3255 Φωκεῖς

2248 3277 2384 3347 μετά
2435 3278 2564 3331 λαοῦ
2628 3280 2885 3334 πλείστου
2947 3281 3189 3352 ίσχυρῶς
3246 3270 3706 3353 καθωπλισμένοι»
3781 3286 3840 3337 ἐν

2242 3368 2587 3439 Χρυσοπόλει
2639 3370 2986 3439 καταλαϐὼν,
3015 3372 3267 3444 διέστησε
3328 3372 3669 3443 παρατάξεις
3729 3376 3841 3430 ἀπὸ

2241 3459 2340 3529 τῆς
2370 3461 2579 3532 λιθίνης
2604 3462 2903 3534 Δαμάλεως
2953 3465 3115 3535 μέχρι
3146 3464 3492 3537 Χαλκηδόνος
3522 3465 3651 3530 τοὺς
3674 3469 3741 3520 ὲν
3769 3470 3839 3540 τῇ

2244 3554 2395 3607 πόλει
2426 3554 2625 3622 φοόῶν.
2658 3558 3189 3614 Ἀποστέλλεταιοῦν
3209 3559 3349 3631 μετά
3374 3559 3652 3631 δρόμωνος
3678 3559 3842 3634 παρὰ

2253 3646 2535 3718 Ῥωμανοῢ
2560 3651 2783 3721 Συμεὼν
2804 3654 2832 3705 6
2857 3652 2949 3706 ἐπὶ
2986 3654 3298 3707 κανικλείου
3320 3654 3481 3721 λόγον
3510 3654 3833 3726 ὲνυπὸγραο

2243 3754 2341 3806 (ρον
2374 3738 2467 3790 τοῦ
2503 3740 2769 3809 βασιλέως
2803 3743 3219 3797 Κωνσταντίνου
3260 3744 3664 3814 ἐπιφερόμενος
3697 3744 3830 3799 τάδε

2241 3831 2651 3901 διαγορεύοντα,
2683 3836 2757 3900 ὡς
2802 3836 2945 3906 Ἐγὼ
2976 3836 3197 3908 φύλακα
3234 3839 3335 3909 τῆς
3370 3840 3511 3909 ἐμῆς
3548 3838 3835 3906 βασιλείας

2242 3925 2698 3997 ἐγρηγορὼτατον
2762 3930 2859 3988 καὶ
2929 3932 3254 3986 πιστότατον
3306 3932 3500 3987 οὐδένα
3554 3933 3667 3987 τῶν
3726 3936 3836 3990 ὑπὸ

2241 4020 2402 4087 χεῖρα
2464 4019 2497 4090 ἢ
2572 4020 2858 4092 Ῥωμανον
2912 4022 3185 4095 εὑρηκὼς,
3217 4024 3407 4078 τούτου
3461 4023 3689 4100 [τούτῳ]
3730 4027 3832 4098 τὴν

2240 4112 2379 4183 ὲμὴν
2435 4114 2703 4184 φυλακὴν,
2769 4116 2907 4185 μετά
2933 4132 2998 4185 γε
3057 4117 3210 4182 Θεὸν,
3257 4116 3690 4183 κατεπίστευσα,
3736 4123 3834 4174 καὶ

2238 4205 2359 4257 ἀντὶ
2416 4206 2623 4276 πατρὸς
2678 4205 2839 4258 αὐτὸν
2893 4204 3039 4276 ἔχειν
3109 4205 3324 4276 ἔκρινα,
3386 4208 3679 4279 σπλάγχνα
3710 4226 3823 4282 μη-

2239 4296 2403 4367 τρικὰ
2456 4296 2569 4370 (26)
2604 4300 2697 4350 καὶ
2748 4298 2994 4351 διάθεσιν
3050 4299 3275 4371 γονικὴν
3308 4300 3444 4370 πρὸς
3477 4301 3579 4369 ἐμὲ
3651 4302 3828 4355 ὲνδειυ

2243 4389 2504 4459 ξάμενον*
2535 4391 2743 4444 Λέοντα
2777 4391 2833 4445 δὲ
2871 4391 3063 4445 τοῦτον
3114 4393 3206 4446 τον
3263 4394 3457 4446 Φωκᾶν
3491 4394 3579 4447 ἀεὶ
3603 4398 3675 4467 τῇ
3716 4396 3827 4466 ἐμῇ

542 4466 856 4521 custodiam
910 4480 1091 4519 meum
1152 4465 1426 4529 commisi,
1473 4475 1528 4522 et
1576 4468 1695 4522 vice
1752 4470 1942 4539 patris,
1991 4471 2135 4541 quod

2250 4482 2494 4555 βασιλείᾳ
2519 4484 2847 4538 ὑποπτεύειν
2879 4484 3251 4558 ίὺποπτεύων]
3287 4485 3684 4551 ἐπιϐουλεύειν,
3733 4486 3833 4541 νῦν

546 4562 760 4615 viscera
796 4567 1043 4613 materna
1083 4567 1138 4612 et
1194 4559 1537 4628 propositum
1582 4576 1708 4615 vere
1757 4569 2041 4630 paternum
2075 4564 2131 4617 iu

548 4666 637 4704 me
680 4649 1003 4710 exercuerit,
1040 4647 1243 4703 habere
1285 4650 1571 4704 constitui.
1618 4650 1853 4707 Leonem
1892 4652 2130 4709 Phocum

545 4742 602 4797 in
662 4742 953 4794 adversum
1019 4739 1255 4807 imperio
1322 4755 1443 4794 meo
1506 4757 1724 4811 semper
1787 4743 2130 4800 insidiantem

544 4832 711 4905 496
743 4834 1074 4901 suspicatus,
1103 4832 1155 4884 in
1191 4830 1323 4886 illud
1356 4833 1659 4887 machinari
1690 4850 1853 4904 opere
1883 4837 2131 4906 probavi,

542 4919 599 4979 i:t
666 4924 720 4978 in
788 4922 1131 4994 maiestatem
1197 4925 1477 4994 tyrannice
1535 4926 1792 4981 rebellem
1856 4931 2129 5000 comperi:

542 5032 716 5087 quare
740 5015 1101 5070 domesticum
1125 5016 1361 5085 amplius
1390 5031 1495 5071 non
1522 5033 1643 5072 esse
1671 5019 1927 5087 decerno,
1954 5037 2134 5092 neque

541 5094 841 5164 tumultum
922 5108 1069 5162 hunc
1142 5124 1230 5162 me
1288 5110 1504 5164 volente
1579 5115 1959 5181 commovisse,
2037 5116 2133 5171 sed

540 5212 851 5273 Spontaneo
891 5202 1123 5257 consilio
1155 5202 1445 5272 imperium
1472 5204 1575 5258 sibi
1621 5206 1986 5262 vindicantem
2019 5210 2135 5264 haec

543 5308 866 5364 aggressum
919 5310 1042 5350 esse
1098 5296 1340 5351 declaro.
1404 5294 1499 5352 llis
1560 5298 1632 5352 ita
1694 5314 1877 5354 coram
1932 5304 2133 5371 ροιιυιι)

542 5386 723 5453 lectis,
757 5388 1066 5443 subducere
1098 5403 1158 5444 se
1208 5390 1415 5453 euneti,
1453 5399 1507 5444 et
1558 5391 1806 5447 Romano
1838 5394 2131 5463 imperato-

538 5479 620 5534 ris
669 5480 813 5534 Patri
845 5482 1125 5537 adlitcrerc
1155 5491 1460 5551 cmperunt.
1489 5481 1700 5540 Placeas
1744 5486 1798 5538 in
1850 5490 2130 5556 angustias

2240 4574 2416 4642 ἔργοις
2440 4576 2623 4639 αὐτοῖς
2645 4574 2927 4630 ὲπίὸουλον
2962 4578 3175 4648 εὕρηκα
3212 4580 3307 4632 κα)⁵
3336 4579 3435 4647 τῆς
3466 4580 3606 4649 ἐμῆς
3645 4581 3829 4651 ἀρχῆς

2239 4669 2579 4736 τυραννικῶς
2604 4670 3147 4740 κατεξανιστάμενον·
3167 4672 3245 4723 διὸ
3260 4670 3380 4725 οὔτε
3398 4672 3719 4742 δομέστικον
3733 4675 3832 4726 αὺ-

2241 4759 2332 4810 τὸν
2345 4758 2451 4811 ἀπὸ
2466 4758 2563 4811 τοῦ
2577 4759 2672 4813 νῦν
2691 4756 2830 4815 εἷναι
2848 4760 3132 4832 βούλομαι,
3146 4764 3265 4815 οὐδὲ
3288 4762 3491 4833 ταύτην
3512 4764 3614 4834 τὴν
3631 4766 3829 4836 ἀνταρ-

2243 4852 2363 4904 σίαν
2397 4852 2537 4922 μετά
2564 4853 2758 4923 βουλῆς
2781 4856 2919 4925 ἐμῆς
2946 4855 3290 4926 πεπραχέναι
3321 4856 3609 4926 φημὶ,ἀλλ⁹
3630 4856 3827 4911 αὐθαι-

2244 4945 2383 5015 ρέτῳ
2413 4944 2607 5016 γνώμῃ
2634 4948 2840 5017 ταύτην
2866 4948 3202 5015 ποιήσασθαι
3231 4947 3330 5019 τὴν
3348 4948 3596 5002 ἐπίθεσιν
3641 4950 3827 5021 ἑαυτῷ

2240 5038 2339 5107 τὴν
2379 5038 2660 5107 βασιλείαν
2690 5039 3170 5110 σφετεριζόμενον.
3198 5040 3416 5094 Τούτων
3455 5036 3548 5094 οὖν
3575 5041 3653 5111 τῷ
3691 5042 3810 5113 λαῷ

2242 5129 2798 5194 ἐπαναγνωσθέντων,
2856 5130 3091 5201 ἤρξαντο
3122 5133 3326 5195 πάντες
3369 5132 3701 5204 ὑποχωρεῖν,
3730 5136 3827 5188 καὶ

2239 5220 2316 5287 τῴ
2336 5217 2756 5289 βασιλεοπάτορι
2776 5222 3183 5292 προσέρχεσθαι
3203 5222 3491 5293 Ῥωμανῷ.
3508 5222 3618 5275 Τοῦ
3634 5224 3690 5277 δὲ
3710 5224 3827 5275 Φω-

2240 5312 2313 5363 κᾶ
2333 5312 2409 5372 εἰς
2436 5311 2719 5380 ἀμήχανον
2748 5312 3105 5382 περιστάντος
3136 5312 3231 5366 καὶ
3254 5311 3607 5379 ἀπογνόντος,
3622 5312 3701 5377 ὡς
3718 5315 3798 5367 πά

2243 5418 2343 5471 an;
2376 5402 2589 5464 ἐλπίδος
2615 5403 2984 5473 ὴστοχηκότος
3008 5404 3104 5457 καὶ
3155 5403 3503 5475 χρησαμένου
3527 5407 3698 5476 φυγῇ,
3728 5406 3839 5458 καὶ.

2241 5494 2379 5563 πρὸς
2411 5494 2473 5544 τὸ
2511 5494 2746 5564 κάστρον
2799 5494 2911 5566 (27)
2964 5497 3297 5565 ἀπογνόντος
3355 5498 3580 5563 ἀτελοῦς
3635 5516 3824 5571 παρα-

1728 5602 1980 5660 FRANC.
2014 5606 2410 5665 COMBEFISII
2445 5607 2680 5663 NOTIE.

606 5687 725 5756 (26)
756 5687 948 5746 Melius
975 5688 1131 5745 Anon
1159 5707 1275 5756 'm.,
1308 5693 1574 5762 πατρικά.

611 5759 723 5816 (Ξῖι
777 5759 920 5816 Πρὸς
974 5760 1037 5814 τὺ
1087 5708 1325 5816 κάστοον
1377 5764 1574 5816 Ἀτεοῡ‹

611 5759 723 5834 (27.)
777 5759 920 5831 Πρὸς
974 5760 1037 5823 τὸ
1087 5780 1119 5815 κ

1165 5779 1325 5832 στρον
1377 5764 1593 5827 Ἀτεούς
1647 5782 1856 5837 παραγ.
1918 5767 2012 5824 Sic
2070 5778 2139 5832 et.

2240 5702 2517 5771 Anonym.
2557 5705 2613 5755 et
2634 5698 2895 5771 Cedren.,
2922 5770 2925 5771 ν
2948 5698 3169 5755 Veniens
3201 5701 3271 5754 ad
3302 5702 3483 5755 urbem
3524 5700 3688 5756 Αιριιε
3721 5719 3822 5756 no-

2235 5771 2381 5839 mine
2404 5786 2423 5825 :
2455 5771 2573 5827 solo
2594 5770 2966 5827 exscribentis
2996 5788 3185 5828 errore
3213 5772 3462 5838 ἀτελοῦς,
3488 5776 3633 5844 quod
3658 5774 3819 5834 nullo
