4038 6298
150 427 153 429 ’
200 423 334 495 1137

1510 445 2192 515 CIIRONOGRAPHIA.

3353 460 3489 531 1133

197 548 519 619 γενομένου,
580 550 674 605 καὶ
733 553 808 626 μὴ
862 556 1170 628 δεχθέντος’
1206 561 1264 614 ἐν
1290 562 1476 634 χωρίῳ
1499 563 1555 617 δὲ
1586 565 1774 637 όνομα-

1891 569 2181 637 deductus,
2229 573 2378 629 omni
2422 590 2519 647 spe
2553 576 2741 646 lapsus
2792 586 2897 644 est,
2955 595 3126 650 quare
3178 578 3303 651 luga
3354 598 3492 639 usus

198 638 403 711 ζομένῳ
444 641 735 714 Γοηλέοντι
802 647 1059 717 φεύγοντι
1094 650 1415 724 [φεύγοντος
1447 656 1565 730 κάη
1593 660 1792 730 συλλη-

198 733 419 801 φθέντας
443 753 457 767 ο
521 737 845 795 ἀπέστειλεν
889 742 1172 816 Ῥωμανὸς
1239 749 1495 819 Ἰωάννην
1524 751 1614 805 τὸν
1651 753 1791 807 Του-

195 827 357 898 σάκη,
393 832 490 883 καὶ
520 832 725 886 Λέοντα
752 836 843 888 τὸν
871 837 1039 891 αὑτοῦ
1078 844 1345 912 συγγενῆ,
1382 841 1525 896 ὥστε
1560 847 1790 915 εἰσαγαο

193 923 306 989 γείν
347 923 517 977 αὑτὸν
577 926 635 977 ἐν
663 930 729 999 τῇ
788 930 964 984 πόλει.
999 934 1062 985 υί
1091 934 1147 987 δὲ
1174 936 1366 990 τοῦτον
1409 941 1791 1009 κρατήσαντες

194 1015 618 1084 ἀπετύιρλωσαν,
686 1023 865 1077 καίτοι
914 1027 1189 1097 μηδεμίαν
1214 1034 1365 1103 παρὰ
1395 1031 1573 1106 [περὶ]
1596 1035 1786 1087 τούτου

192 1108 477 1180 δεξάμενοι
543 1114 788 1184 ἐντολὴν,
842 1117 958 1170 ἀλλ’
1018 1122 1330 1195 αὐθαιρέτῳ
1387 1125 1581 1199 γνώμῃ
1626 1126 1786 1181 τοῦτο

194 1204 582 1271 πεποιηκότες,
613 1206 690 1270 ὼς
730 1208 1112 1282 ἀγανακτῆσαι
1163 1218 1256 1268 ἐπὶ
1308 1217 1486 1289 τούτῳ
1514 1220 1608 1272 καὶ
1632 1219 1789 1289 βασι-

191 1294 497 1367 λεοπάτορα
534 1298 835 1371 Ῥωμανόν.
861 1304 1157 1377 Αὐγούστῳ
1189 1308 1245 1362 δὲ
1277 1311 1407 1379 μηνὶ
1435 1313 1784 1386 κατεμηνύθη

190 1388 255 1441 τὰ
286 1390 386 1465 τῆς
438 1393 738 1463 ἐπιϐουλῆς
791 1398 1210 1454 Κωνσταντίνου
1265 1404 1656 1476 Κτηματηνοῦ,
1690 1407 1785 1459 καὶ

190 1482 349 1537 Δαϐὶδ
399 1486 815 1556 Καμουλιανοῦ,
871 1494 968 1545 καὶ
1046 1494 1269 1567 Μιχαὴλ
1297 1497 1647 1570 κουράτωρος
1677 1499 1785 1553 τῶν

190 1577 540 1645 Μαγγάνων·
596 1582 693 1635 καὶ
745 1584 1042 1653 τυφθέντες
1090 1581 1237 1640 οὗτοι
1267 1589 1360 1643 καὶ
1397 1589 1782 1662 δημευθέντες,

189 1670 273 1724 διὰ
308 1672 490 1745 μέσης
550 1675 769 1743 διῆλθον
796 1679 894 1749 τῆς
927 1680 1161 1744 πόλεως,
1216 1683 1309 1735 καὶ
1342 1685 1398 1736 ἐν
1422 1685 1609 1758 ἐξορίᾳ
1641 1704 1782 1759 παρ⁶

190 1768 579 1838 επέμιρθησαν.
651 1773 898 1841 Ἤγαγον
942 1774 998 1826 δὲ
1054 1776 1263 1828 Λέοντα
1333 1777 1638 1851 μάγιστρον
1686 1780 1782 1834 καὶ

188 1864 511 1935 δομέστικον
552 1867 660 1921 τῶν
710 1870 919 1941 σχολῶν
971 1872 1028 1925 ἐν
1061 1875 1127 1944 τῇ
1182 1873 1360 1940 πόλει,
1428 1876 1522 1928 καὶ
1564 1876 1780 1947 διῆλθεν

186 1960 243 2011 ἐν
273 1961 413 2032 μέσῃ
439 1964 509 2033 τῇ
545 1962 724 2035 ἀγορᾷ
748 1964 958 2036 ἡμιόνῳ
992 1967 1345 2037 ἐφεζόμενος.
1390 1944 1683 2043 Έφωράθη
1720 1972 1778 2025 δέ
1812 1944 1854 1999 Β

187 2055 278 2104 καὶ
331 2053 454 2122 Ζωὴ
499 2055 799 2123 Αὐγοῦστα
874 2059 1304 2115 ἐπιϐουλεύουσα
1364 2061 1631 2134 Ῥωμανῷ
1690 2064 1781 2118 διὰ

187 2147 677 2216 πεφαρμαγμένων
712 2148 1022 2221 βρωμάτων
1049 2154 1155 2206 ὑπὸ
1191 2152 1498 2222 Θεοκλήτου
1527 2157 1778 2229 νοταρίου

186 2238 282 2303 τῆς
338 2240 647 2311 ὑπουργίας
699 2244 1139 2299 σκευασθέντων·
1177 2248 1273 2300 καὶ
1303 2247 1512 2317 ταύτην
1544 2249 1639 2303 τοῦ
1670 2268 1777 2305 πα-

184 2330 364 2384 λατίου
434 2334 928 2404 καταῦιόάζουσιν,
959 2340 1052 2392 καὶ
1080 2341 1159 2403 είς
1186 2340 1248 2393 τὸ
1270 2341 1502 2412 Πετρίον
1526 2333 1773 2412 ἆπάγου-

189 2442 287 2488 σιν,
311 2426 465 2499 [ηάά.
503 2429 562 2480 ἐν
580 2427 671 2501 τῇ]
702 2430 800 2501 τῆς
844 2412 1355 2505 Ἀγίαςθῐζύφημίας
1389 2439 1521 2507 μονῇ
1553 2438 1776 2491 ἀποκει-

189 2536 395 2589 ραντες.
427 2522 790 2595 Προσεκ).ήθη
814 2524 873 2577 δέ
898 2526 1051 2597 παρά
1073 2527 1455 2597 Θεοφυλάκτου
1477 2531 1771 2602 πατρικίου

187 2614 274 2665 καὶ
305 2613 554 2684 κόμητος
584 2614 676 2668 τοῦ
711 2617 940 2671 σταύλου
972 2620 1052 2684 είς
1098 2621 1319 2692 ἄριστον
1350 2624 1378 2676 ὁ
1423 2622 1777 2693 παιδαγωγὸς

188 2704 609 2760 Κωνσταντίνου
661 2706 929 2776 βασιλέως
966 2711 1276 2784 Θεόδωρος,
1335 2718 1427 2771 καὶ
1492 2720 1775 2791 Συμεὼνὸ

187 2796 345 2851 αὑτοῦ
374 2799 632 2868 ἀδελφός.
667 2801 996 2858 Ἐσθιόντων
1024 2806 1081 2860 δὲ
1112 2809 1293 2864 αὺτῶν
1325 2813 1774 2882 είσιῖιλθενἸωάν⁸

186 2904 276 2958 νης
298 2890 669 2963 δρουγγάριος
700 2895 728 2948 ὁ
764 2897 1090 2968 Κουρκούας
1124 2903 1284 2973 μετὰζ
1313 2903 1569 2961 πλείστου
1618 2909 1771 2974 λαοῦ,

187 2984 277 3035 καὶ
323 2984 556 3050 τούτους
617 2987 944 3060 ἀναρπάσας
992 2994 1073 3053 είς
1114 2994 1176 3047 τὸ
1219 2996 1460 3067 ὐψίκιον
1510 3001 1772 3073 ἐξώρισεν

187 3074 240 3126 ἐν
273 3078 383 3141 τοῖς
413 3078 601 3133 αὐτῶν
626 3085 994 3152 προαστείοις,
1025 3086 1099 3151 ὡς
1131 3090 1277 3143 κατὰ
1320 3092 1604 3163 Ῥωμανοῦ
1671 3114 1768 3166 με·

184 3166 471 3236 λετῶντας.
518 3174 711 3228 Εἰκάδι
752 3177 809 3230 δὲ
846 3180 1085 3253 τετάρτῃ
1152 3181 1535 3258 Σεπτεμϐρίου
1597 3190 1767 3260 μηνὸς

1894 670 1947 716 et
1977 662 2045 717 de
2079 663 2328 733 ingressu
2358 666 2412 721 in
2448 667 2639 723 urbem
2694 670 2934 740 aliquam
2981 671 3302 742 desperans,
3339 670 3486 743 quod

1894 752 2013 807 sine
2042 752 2330 823 dignitatis
2359 756 2518 813 titulo
2562 766 2615 814 et
2665 759 2875 817 viribus
2905 762 3208 830 accederet,
3239 772 3294 818 et
3345 762 3489 820 forte

1894 861 2001 901 non
2035 849 2393 917 reciperetur,
2429 850 2485 905 in
2520 851 2702 909 locum
2736 854 2821 910 cui
2855 856 3094 912 Goelcon
3128 872 3353 924 nomen,
3394 857 3485 914 fu-

1892 940 2049 1010 giens
2078 943 2515 1012 comprehensus
2559 954 2680 1001 est:
2722 949 2920 1004 exinde
2976 948 3259 1006 Romanus
3311 950 3484 1006 Joan-

1892 1048 2014 1086 nem
2049 1031 2324 1091 Tuhacem
2358 1045 2413 1092 et
2451 1037 2686 1094 Leonem
2716 1039 2838 1112 ejus
2874 1050 3169 1112 cognatum
3203 1043 3482 1099 hominem

1891 1127 1944 1181 in
1979 1127 2171 1183 urbem
2219 1129 2554 1188 adducturos
2587 1134 2758 1189 misit.
2792 1134 3263 1205 Comprehensum
3298 1135 3485 1207 itaque

1890 1221 2067 1278 oculis
2114 1224 2490 1293 privaverunt,
2535 1228 2683 1283 nullo
2728 1228 2856 1284 licet
2895 1246 3059 1301 super
3112 1232 3219 1287 hoc
3254 1238 3483 1302 accepto

1886 1310 2069 1382 jussu,
2103 1316 2196 1370 sed
2231 1328 2531 1387 spontanea
2573 1321 2854 1377 voluntate
2882 1322 2951 1377 ad
2986 1322 3091 1378 hoc
3129 1323 3317 1379 ducti:
3343 1323 3480 1380 adeo

1891 1417 1949 1462 ut
1980 1410 2329 1478 imperatoris
2382 1410 2541 1469 Pater
2588 1415 2868 1471 Romanus
2894 1418 2961 1472 de
2995 1415 3242 1474 facinore
3287 1418 3481 1475 trista-

1889 1511 1981 1556 tus
2044 1502 2229 1560 fuerit.
2309 1505 2496 1562 Mense
2561 1507 2743 1563 autem
2804 1511 3056 1581 Augusto
3126 1511 3479 1568 Constantini

1889 1595 2217 1661 Clematcni,
2252 1596 2472 1656 Davidis
2503 1601 2837 1669 Camuliani,
2865 1612 2921 1659 et
2950 1602 3233 1661 Michaelis
3257 1620 3482 1676 mansa-

1887 1703 2084 1743 norum
2118 1692 2390 1747 curatoris
2420 1695 2645 1750 detecta:
2674 1703 2803 1751 sunt
2833 1695 3080 1753 insidiae:
3112 1712 3284 1769 quare
3312 1698 3477 1754 etiam

1888 1779 1964 1845 hi,
2000 1780 2161 1838 bonis
2210 1785 2525 1854 publicatis,
2563 1789 2883 1846 verberibus
2912 1789 3118 1857 allecti,
3146 1799 3202 1847 et
3242 1807 3339 1863 per
3366 1808 3487 1849 me-

1885 1872 2033 1928 diam
2082 1874 2271 1931 urbem
2305 1879 2566 1949 traducti,
2596 1880 2652 1936 in
2686 1882 2944 1940 exsilium
2976 1884 3132 1941 missi
3162 1895 3315 1941 sunt.
3347 1884 3481 1941 Leo.

1886 1977 2010 2016 nem
2051 1963 2277 2037 insuper
2308 1969 2634 2039 magistrum
2669 1981 2730 2027 et
2760 1973 3077 2029 scholarum
3112 1974 3476 2032 domesticum

1888 2055 1939 2109 in
1974 2057 2163 2112 urbem
2200 2059 2559 2127 induxerunt,
2600 2063 2695 2134 qui
2740 2064 2891 2120 mulo
2937 2064 3188 2121 insidens
3215 2078 3318 2137 per
3356 2082 3487 2123 me-

1885 2148 2035 2204 dium
2072 2151 2251 2207 forum
2287 2156 2631 2224 pertransiit.
2670 2155 2859 2213 Delata
2893 2167 2973 2216 est
3026 2160 3192 2214 etiam
3226 2156 3337 2216 Zoe
3360 2159 3476 2215 Au.

1882 2256 2065 2312 gusm,
2098 2257 2155 2301 ut
2187 2262 2311 2318 quae
2360 2246 2611 2321 Romano
2642 2267 2758 2327 per
2798 2253 2953 2310 cibos
3002 2268 3211 2310 veneno
3238 2251 3493 2311 infectos.

1882 2352 1913 2391 a
1943 2338 2239 2398 Theocleto
2270 2344 2590 2421 ministeriit
2606 2347 3216 2406 notarioinsidiaretur
3244 2367 3259 2405 :
3300 2364 3474 2421 quare

1883 2432 2025 2489 hanc
2063 2450 2093 2489 e
2120 2436 2319 2504 palatio
2352 2426 2612 2495 recedere
2641 2450 2914 2506 coactam,
2946 2442 3000 2498 in
3035 2451 3240 2499 sancta:
3265 2440 3491 2514 Eupbeo‘

1880 2526 2004 2582 miae
2045 2531 2377 2587 monasterio
2434 2532 2501 2588 ad
2556 2532 2797 2601 Petrium
2863 2535 2974 2591 sito
3028 2536 3207 2594 tonsis
3260 2535 3476 2607 capillis

1880 2621 2174 2676 monialem
2233 2622 2503 2679 fecerunt.
2538 2625 2864 2684 Theodorus
2907 2637 3091 2685 autem
3124 2628 3472 2686 Constantini

1878 2712 2231 2784 imperatoris
2286 2718 2614 2791 paedagogus
2662 2730 2717 2776 et
2760 2717 2984 2777 Simeon
3036 2721 3156 2792 ejus
3206 2722 3394 2789 frater,
3436 2737 3471 2779 a

1878 2807 2291 2882 Theopbylacto
2329 2812 2564 2883 patricio
2615 2822 2671 2868 et
2704 2815 2906 2871 stabuli
2943 2816 3150 2872 comite
3180 2816 3248 2873 ad
3279 2817 3473 2874 convi-

1876 2901 2025 2957 vium
2077 2915 2304 2960 vocatus
2338 2912 2474 2960 est.-
2507 2905 2976 2965 Recumbentibus
3032 2908 3164 2972 illis,
3224 2907 3505 2967 Joanner

1877 2995 2217 3067 Drungnrius
2264 2996 2512 3055 Curcuas
2546 3015 2675 3057 cum
2710 3000 2897 3073 populi
2949 3000 3109 3057 turba
3158 2999 3499 3073 ingressus,

1876 3100 2061 3158 raptos
2086 3091 2305 3145 eosdem
2343 3091 2409 3146 ad
2448 3091 2731 3163 Opsicium
2775 3091 3092 3148 eliminatos
3126 3091 3364 3164 propriis
3413 3091 3472 3147 in

1874 3178 2230 3244 suburbanis,
2273 3184 2419 3240 velut
2455 3186 2720 3241 adversus
2767 3183 3077 3240 Romanum
3123 3184 3470 3241 machinatos

189 3264 250 3333 τῇ
280 3263 375 3317 τοῦ
440 3267 723 3340 Καίσαρος
753 3270 903 3342 ἀξίᾳ,
930 3273 1027 3326 καὶ
1056 3277 1381 3349 Δεκεμϐρίῳ
1408 3280 1545 3351 ’μηνὶ
1568 3281 1769 3356 δεκάτῃ

1877 3274 2125 3331 exsulare
2192 3276 2394 3347 coegit.
2443 3277 2651 3346 Quarto
2717 3293 2853 3336 vero
2905 3294 3074 3349 supra
3105 3306 3109 3315 ι
3141 3278 3467 3336 vicesimum

190 3357 386 3431 ἐϐδόμῃ
412 3365 480 3433 τῇ
508 3362 617 3416 τῶν
640 3368 1007 3439 προπατόρων
1035 3371 1227 3442 κυρίου
1258 3373 1337 3444 τῷ
1354 3377 1455 3446 τῆς
1486 3376 1766 3446 βασιλείας

190 3452 439 3521 στέφεται
490 3456 791 3536 διαδήματι
834 3462 989 3531 παρὰ
1038 3463 1453 3520 Κωνσταντίνου
1504 3468 1769 3540 βασιλέως

190 3545 277 3598 κοιλ⁹
306 3547 582 3604 Νικολάου
616 3552 988 3625 πατριάρχου.
1014 3558 1108 3610 καὶ
1123 3561 1188 3629 τῇ
1220 3559 1332 3613 τῶν
1366 3562 1540 3630 ἁγίων
1564 3564 1768 3618 Φώτων

186 3637 363 3713 ἡμέρᾳ
414 3645 606 3713 στέφει
632 3646 915 3718 Θεοδώραν
946 3649 1046 3721 τὴν
1096 3656 1334 3720 γυναῖκα
1357 3656 1545 3711 αὐτοῦ.
1606 3658 1769 3730 Μαΐῳ

187 3728 239 3822 δὲ
265 3736 393 3821 μηνὶ
445 3737 651 3811 δεκάτῃ
680 3739 884 3813 ἐϐδόμῃ
916 3740 1250 3809 ίνδικτιῶνος
1297 3746 1361 3812 ε’,
1393 3728 1769 3822 Χριστοφόρος

186 3820 346 3889 ὸυὶδς
388 3827 674 3899 Ῥωμανοῠ
706 3833 1107 3906 ἀναγορεύεται
1156 3838 1442 3909 βασιλεύς·
1503 3844 1763 3913 στέφεται

186 3913 237 3967 δὲ
258 3920 318 3988 τῇ
352 3923 530 3977 εἰκάδι
588 3926 683 3979 τοῦ
727 3928 894 3982 αὐτοῦ
951 3923 1129 4003 μηνὸς
1150 3933 1304 4005 παρᾶ
1344 3936 1765 3992 Κωνσταντίνου

188 4004 442 4102 βασιλέως
498 4017 562 4088 τῇ
590 4017 686 4087 τῆς
745 4020 911 4087 ἁγίας
983 4004 1373 4099 Πεντηκοστῆς
1432 4030 1636 4102 ἡμέρᾳ,
1671 4036 1766 4089 καὶ

189 4101 329 4198 μόνοι
361 4100 508 4161 οὗτοι
545 4110 594 4161 oi
653 4111 747 4166 δύο
774 4114 833 4168 ἐν
883 4118 947 4188 τῇ
976 4117 1115 4190 αὐτῇ
1157 4100 1475 4193 προελεύσει
1520 4100 1764 4198 προσῆλ-

188 4190 270 4246 ιον
301 4196 443 4267 (28).

261 4381 463 4457 Ἰουλίῳ
504 4386 563 4441 δέ
586 4389 717 4461 μηνὶ
767 4390 930 4466 ὀγδόῃ
981 4394 1313 4461 ἰνδικτιῶνος
1336 4399 1521 4473 ἡμέρᾳ
1548 4400 1759 4473 Κυρίου

185 4472 337 4555 ἠτῆς
383 4477 713 4549 Ἐκκλησίας
760 4484 915 4556 παρὰ
948 4486 1237 4557 Ῥωμανοῠ
1265 4472 1501 4559 γέγονεν
1544 4493 1759 4559 ἐνωσις,

184 4564 427 4657 ἁπάντων
465 4571 776 4628 ἑνωθέντων
796 4580 1217 4650 μητροπολιτῶν
1259 4601 1318 4637 τε
1340 4584 1434 4637 καὶ
1456 4585 1757 4657 κληρικῶν,

185 4654 285 4708 τῶν
322 4660 430 4715 ἀπὸ
492 4663 764 4720 Νικολάου
819 4671 1161 4744 πατριάρχου
1224 4674 1319 4728 καὶ
1351 4654 1631 4744 Εὐθυμίου
1682 4658 1837 4731 δι-Ῑ)

188 4755 536 4824 εσχισμένων.
576 4759 767 4833 Ὄγδόῃ
789 4762 847 4815 δὲ
876 4763 1250 4836 Φεϐρουαρίου
1275 4768 1465 4838 μηνὸς,
1489 4769 1759 4823 ίνδικτιῶ-

186 4860 267 4909 νος
306 4848 506 4922 δεκάτῃ
528 4852 722 4925 ἐννάτῃ
753 4856 1084 4922 ἀποστείλας
1128 4859 1406 4930 Ῥωμανδς
1432 4860 1753 4933 ὑπερορίζει

188 4938 272 4992 τὸν
318 4943 618 5017 μάγιστρον
682 4948 957 5018 Στέφανον
1006 4953 1100 5006 τὸν
1126 4952 1226 5022 τῆς
1280 4954 1645 5025 Καλομαρίας
1676 4958 1793 5021 εἰςΔ

187 5034 275 5103 τὴν
318 5041 616 5109 Ἀντιγόνου
682 5044 865 5115 νῆσον,
899 5046 992 5110 ’ὡς
1019 5047 1119 5119 τῆς
1181 5048 1461 5118 βασιλείας
1498 5050 1751 5119 ἐφίεσθαι

188 5130 624 5201 κατηγορηθέντα
655 5150 670 5165 ⁸
727 5138 943 5207 πρῶτον
968 5139 1133 5192 αὐτὸν
1163 5140 1463 5211 ἀποκείρας
1485 5142 1598 5211 ἅμα
1629 5142 1756 5195 Θεο-

188 5214 335 5278 φάνει
385 5221 680 5296 Τειχειὼτῃ
732 5228 827 5281 καὶ
862 5229 1058 5299 Παύλῳ
1097 5230 1497 5304 ὀρφανοτρόφῳ
1547 5233 1759 5305 ἀνθρὼ-

189 5318 300 5372 rm;
351 5314 538 5369 αὐτοῦ.
585 5316 875 5389 Ἐποίησεν
941 5322 1224 5393 Ῥωμανὸς
1273 5324 1528 5396 βασιλεὺς
1583 5327 1637 5378 ἐν
1680 5324 1757 5396 τῷ

189 5395 548 5489 ΪΓριόουναλίῳ
578 5410 904 5481 πρόκενσον,
942 5395 1302 5487 συνηγμένων
1337 5417 1600 5471 ἁπάντων
1634 5395 1756 5489 μεθ’

190 5486 361 5547 ὃπλων.
407 5499 612 5557 ἐκεῖσε.
648 5504 781 5559 Τοῦ
840 5507 1134 5581 ἀδνουμίου
1194 5510 1249 5563 δὲ
1285 5517 1583 5584 γενομένου
1635 5486 1753 5590 QQ)

1873 3368 2216 3438 Septembris
2268 3371 2500 3437 mensis,
2537 3370 2775 3429 Caesaris
2824 3373 3113 3445 dignitate,
3153 3372 3469 3429 Decembris

1871 3472 2051 3516 autem
2118 3462 2325 3518 mensis
2386 3463 2608 3519 decimo
2654 3464 2916 3534 septimo,
2968 3462 3173 3520 Christi
3240 3461 3465 3519 Domini

1869 3564 2259 3625 proparentum
2298 3554 2462 3622 festo,
2496 3556 2713 3627 imperii
2748 3556 3062 3614 diademate
3112 3573 3142 3611 a
3193 3556 3468 3614 Constan-

1868 3647 1985 3702 tino
2043 3649 2377 3719 imperatore
2432 3657 2488 3705 el.
2533 3648 2760 3706 Nicolao
2824 3651 3137 3721 patriarcha
3183 3649 3466 3707 Romanus

1868 3751 2134 3809 ornatur;
2184 3753 2502 3799 sanctorum
2552 3743 2752 3800 deimle
2805 3742 3103 3799 Luminum
3143 3744 3233 3799 die
3288 3741 3468 3799 Theo-

1865 3833 2057 3889 doram
2105 3828 2328 3891 uxorem
2359 3845 2623 3905 coronat;
2652 3851 2778 3892 mox
2811 3836 2935 3891 Maii
2991 3835 3197 3892 mensis
3246 3833 3463 3891 decimo

1867 3926 2118 3995 septimo,
2168 3928 2469 3983 indictione
2495 3929 2706 3999 quinta,
2742 3926 3179 3999 Christophorus
3231 3925 3464 3983 Romani

1868 4020 2010 4077 lilius
2063 4021 2363 4091 imperator
2398 4022 2786 4076 renuntiatur:
2845 4030 2902 4076 et
2953 4019 3200 4091 ejusdem
3256 4020 3464 4077 mensis

1864 4112 2128 4183 vicesimo
2164 4123 2369 4169 sanctae
2410 4113 2768 4171 Pentecostes
2799 4115 2886 4170 die
2916 4113 3078 4179 festo,
3110 4129 3138 4168 a
3181 4112 3460 4170 Constan-

1865 4207 1978 4262 tino
2026 4207 2355 4263 redimitur:
2390 4208 2591 4279 istique
2637 4209 2745 4264 duo
2776 4208 2879 4264 soli
2910 4208 3157 4279 ejusdem
3187 4206 3294 4261 diei
3327 4220 3458 4279 pro-

1863 4317 2022 4359 ccssu
2068 4302 2297 4358 solemni
2347 4317 2446 4373 per
2492 4303 2683 4358 urbem
2734 4301 3012 4374 progressi
3058 4310 3208 4357 sunt.

1934 4394 2103 4451 Porro
2134 4393 2280 4451 Julio
2312 4410 2521 4459 mense,
2558 4394 2856 4451 indictione
2905 4393 3068 4468 497
3123 4402 3313 4449 octava
3368 4390 3482 4447 die.

1863 4488 2145 4544 Dominico
2179 4489 2346 4543 totius
2403 4474 2661 4545 Ecclesiae
2690 4503 2719 4542 a
2748 4486 2999 4543 Romano
3048 4486 3180 4542 inita
3209 4494 3294 4541 est
3318 4498 3456 4541 con-

1863 4583 2069 4650 cordia,
2114 4582 2332 4639 cunctis
2379 4582 2746 4654 metropolitis
2774 4589 2829 4637 et
2880 4580 3121 4649 clericis,
3159 4579 3253 4664 qui
3284 4576 3457 4636 milii-

1864 4676 2003 4733 colai
2038 4685 2094 4733 et
2128 4676 2405 4746 Euthymii
2441 4678 2689 4748 partibus
2720 4676 2912 4733 divisis
2941 4683 3208 4732 steterant
3230 4673 3452 4736 animis,

1866 4770 1920 4826 in
1962 4770 2383 4826 consensionem
2434 4769 2809 4827 redeuntibus.
2865 4768 3072 4825 Mensis
3119 4778 3303 4823 autem
3349 4764 3457 4822 Fe.

1864 4866 2069 4921 bruarii
2103 4866 2192 4923 die
2207 4876 2423 4932 octavo,
2456 4866 2763 4922 indictione
2798 4865 3011 4922 decima
3045 4877 3208 4929 nona,
3231 4860 3455 4917 mittens

1864 4956 2144 5014 Romanus
2172 4959 2491 5030 magistrum
2541 4956 2882 5026 Stephanum
2925 4954 3451 5013 Caloniariaatilinm

1860 5047 1914 5103 iu
1967 5050 2312 5120 Antigoniam
2351 5048 2586 5105 insulam
2635 5050 2880 5105 exsulem
2926 5048 3113 5118 cjccit,
3144 5043 3450 5117 imperandi

1861 5143 2179 5213 cupiditatis
2225 5152 2576 5198 accusatum:
2630 5157 2756 5197 cum
2798 5140 2948 5212 prius
2975 5154 3085 5194 una
3118 5153 3242 5193 cum
3281 5135 3454 5190 Theo-

1865 5236 2043 5303 phane
2097 5233 2346 5289 Tichiote
2395 5243 2451 5290 et
2502 5234 2673 5290 Paulo
2719 5231 3164 5303 orphanotropho
3214 5225 3453 5301 propriis

1866 5328 2182 5383 domesticis
2239 5328 2292 5382 in
2326 5329 2657 5384 monachum
2701 5329 2972 5384 detonsus
3021 5328 3233 5383 fuisset.
3282 5325 3452 5382 Caete-

1867 5440 1986 5478 rum
2023 5423 2304 5479 ltomanus
2352 5424 2657 5494 imperator
2684 5423 2749 5479 ad
2826 5422 3208 5479 Tribunalium
3242 5422 3447 5477 solem-

1866 5533 1987 5570 nem
2038 5515 2244 5572 habens
2304 5532 2645 5587 processum,
2700 5518 2917 5573 cunctis
2967 5531 3246 5572 armorum
3297 5514 3460 5569 omui.

1347 5677 1597 5735 FRANC.
1629 5681 2025 5740 COMBEFISII
2058 5684 2286 5740 NOTZE.

192 5834 349 5918 sensi:
371 5840 605 5918 constat,
669 5837 1035 5918 agrcdditum
1067 5849 1170 5893 est.
1211 5842 1308 5895 Διὰ
1339 5848 1747 5918 πεφαρμαγμέ-

320 5897 652 5974 βρωςιάτων·
707 5906 807 5964 Per
848 5910 987 5965 cibos
1022 5926 1387 5982 pra'paralos,
1422 5897 1748 5973 't'eircuouim

216 5980 240 6017 ε
292 5985 361 6025 or.

292 5985 361 6025 08.

2084 5850 2409 5927 ῃροελεύσει
2441 5852 2965 5927 προῆλθονηιῖιιοιῃ.
3126 5925 3135 5927 _
3258 5925 3266 5927 ξ
3314 5914 3317 5915 ν

1933 5919 2046 5991 (29‘,
2076 5919 2252 5975 Facta
2286 5919 2514 5976 militum
2561 5919 2878 5979 recensione.
2918 5922 3021 5979 Est
3051 5925 3222 5989 enim,
3257 5925 3434 5986 intuit

1860 5993 2079 6056 Suidas,
2109 5994 2406 6067 ἀπογραφὴ
2438 5996 2719 6067 Omnium-1
2754 5994 2903 6068 παρὰ
2940 5995 3255 6068 Ῥιιηιαιοις.
