4038 6298
210 421 348 488 1145

1512 434 2188 499 (ῘΗΒΟΝΟῦΒΑΡΗῐΑ.

3335 438 3477 505 1146

199 546 406 616 σφόδρα
432 543 525 599 ἐπὶ
562 545 735 619 τούτῳ
766 547 1137 617 ἠγαλλιάσατο
1157 566 1172 581 ·
1219 549 1408 604 ἐπόθει
1441 552 1549 622 γὰρ
1580 553 1680 623 τὴν
1704 553 1780 607 εί-

1896 553 2052 610 Valde
2091 556 2303 609 laetatus
2337 554 2638 625 imperator
2666 556 3008 625 postulatum
3045 556 3285 621 admisit,
3320 560 3472 627 pacis

202 640 500 708 ρήνηνοκαὶ
528 639 629 704 τὰς
656 642 952 712 γενομένας
976 643 1087 717 (44)
1110 644 1218 697 τῶν
1242 645 1489 715 αἱμάτων
1529 647 1782 716 ἐκχύσεις

197 734 485 803 ὁσημέραι.
568 735 921 800 Ἀποστείλας
976 732 1069 791 οὖν
1113 739 1170 789 ὲν
1208 737 1291 808 τῷ
1332 738 1425 791 τοῦ
1478 739 1780 810 Κοσμιδίου

197 826 431 900 αἰγιαλῷ
484 829 889 884 κατεσκεύασεν
951 833 1010 884 ὲν
1065 835 1131 903 τῇ
1200 832 1443 903 θαλάσσῃ
1506 834 1785 903 ὀχυρωτά-

197 939 296 992 την
321 920 438 994 (45)
457 922 600 977 ὥστε
627 924 725 995 τὴν
740 923 1026 995 βασιλικὴν
1044 927 1245 997 τριήρη
1276 926 1664 981 διεκπλέουσαν
1696 929 1789 981 αὐ-

196 1019 261 1089 τῇ
297 1018 789 1089 προσορμίζεσθαι.
814 1020 1167 1092 Περιφράξας
1208 1015 1302 1075 οὖν
1330 1020 1501 1094 αὐτὴν
1521 1021 1787 1076 πάντοθεν

197 1111 569 1183 διατείχισμα,
612 1126 778 1183 μέσον
819 1114 1074 1181 γενέσθαι
1132 1114 1489 1185 προσέταξεν,
1527 1118 1585 1168 έν
1620 1108 1665 1184 ᾧ
1691 1116 1787 1169 ἀλ-

196 1201 376 1273 λήλοις
426 1202 654 1272 ἔμελλον
710 1204 940 1275 ὁμιλεῖν.
1021 1203 1372 1270 Ἀποστείλας
1422 1202 1515 1259 οὖν
1562 1206 1790 1276 Συμεὼν

197 1296 285 1349 τὸν
315 1296 417 1365 τῆς
450 1297 761 1366 ὑπεραγίας
821 1297 1087 1351 Θεοτόκου
1129 1298 1256 1351 ναὸν
1282 1298 1585 1369 ἐνέπρησεν
1618 1299 1707 1351 τὸν
1732 1301 1791 1352 ὲν

200 1390 263 1460 τῇ
303 1390 464 1461 ῐιηγῇ
501 1392 599 1443 καὶ
645 1389 716 1443 τά
747 1389 910 1460 πέριξ
957 1389 1123 1445 αὐτοῦ
1156 1390 1470 1461 σύμπαντα,
1507 1391 1670 1461 δῆλος
1717 1390 1793 1446 ὣν

198 1482 449 1537 ἐντεῦθεν
479 1483 555 1556 μὴ
570 1484 671 1555 τὴν
701 1485 924 1557 είρήνην
952 1484 1113 1551 ἐλὼν,
1137 1484 1252 1539 ἀλλ’
1279 1485 1462 1539 ἐλπίσι
1494 1484 1794 1559 μετεώροις

198 1573 385 1627 τοῦτον
414 1573 724 1638 ἐξαπατῶν.
747 1576 1200 1646 Παραγενόμενος
1236 1576 1294 1628 δὲ
1310 1577 1373 1629 έν
1412 1564 1795 1647 Βλαχέρναιςό

200 1666 481 1730 Βασίλειος
503 1664 806 1740 [βασιλεὺς]
832 1668 945 1738 ἅμα
957 1668 1215 1739 Νικολάῳ
1230 1668 1309 1739 τῷ
1329 1669 1643 1742 πατριάρχῃ
1661 1669 1719 1721 ὲν
1734 1672 1795 1740 τῇ

203 1757 333 1831 ἁγίᾳ
356 1759 627 1827 εἰσῆλθον
652 1758 818 1830 σορῷ,
867 1759 962 1813 καὶ
1015 1759 1113 1822 τὰς
1176 1744 1367 1831 χεῖρας
1401 1760 1678 1827 ἐξέτεινεν
1711 1761 1794 1825 εἰς

205 1852 391 1921 εὐχήν.
430 1847 567 1904 Εἶτα
593 1850 811 1922 πρηνὴς
876 1850 1060 1904 πεσὼν
1111 1850 1341 1920 δάκρυσι
1375 1852 1436 1905 τὸ
1466 1850 1620 1917 ἀγιον
1662 1869 1798 1904 κατ-

201 1944 426 2014 έϐρεχεν
457 1944 657 2013 ἔδαφος
674 1942 772 2014 τὴν
804 1942 1185 2014 πανάχραντον
1212 1943 1475 1997 Θεοτόκον
1498 1945 1793 1999 ἀντιϐολῶν

200 2037 298 2106 τὴν
328 2037 568 2107 ἀκαμπῆ
601 2038 696 2091 καὶ
718 2038 1036 2107 ἀμείλικτον
1055 2038 1154 2092 τοῦ
1174 2038 1530 2108 ὑπερηφάνου
1564 2036 1791 2108 Συμεὼν

205 2129 444 2199 μαλάξαι
475 2129 731 2200 καρδίαν,
755 2132 851 2184 καὶ
896 2132 1087 2185 πεῖσαι
1116 2131 1184 2184 τά
1222 2131 1364 2201 πρὸς
1395 2132 1643 2203 εἰρήνην.
1670 2131 1779 2185 Καὶ

200 2221 261 2275 τὸ
293 2222 453 2290 ἀγιον
480 2222 741 2277 κιϐώτιον
787 2223 1177 2289 διανοίξαντες,
1213 2223 1343 2279 ἔνθα
1374 2227 1433 2278 τὸ
1464 2225 1664 2278 σεπτὸν
1690 2226 1792 2295 τῆς

204 2312 366 2381 ἁγίας
425 2312 696 2369 Θεοτόκου
731 2314 1134 2385 τεθησαύριστο
1181 2316 1493 2386 ὠμοφόριον
1522 2331 1537 2347 ·
1569 2319 1729 2370 τοῦτο
1763 2318 1793 2371 ό

207 2404 460 2476 βασιλεὺς
484 2405 833 2476 ἀνελόμενος,
872 2407 967 2460 καὶ⁵
1010 2407 1111 2477 τὴν
1165 2408 1348 2463 πίστιν
1378 2409 1479 2480 τὴν
1534 2408 1675 2480 ὑπὲρ
1709 2410 1792 2473 είς

205 2502 304 2570 τὴν
351 2500 591 2572 ἄμωμον
621 2498 734 2573 (46)
763 2502 1048 2567 Θεοτόκον,
1081 2495 1169 2556 οἷα
1202 2502 1639 2574 περικεφαλαίαν
1669 2502 1791 2557 τινὰ

209 2593 591 2664 περιθέμενος,
618 2592 766 2665 ἐξῄει
793 2594 887 2647 τοῦ
906 2592 1035 2648 ναοῦ
1060 2593 1246 2655 ὅπλοις
1276 2594 1546 2664 ἀσφαλέσι
1577 2593 1791 2665 φραξά-

213 2702 391 2755 μενος,
412 2686 509 2740 τὺν
534 2687 632 2740 σὺν
660 2685 813 2758 αὑτῷ
845 2686 1055 2749 στόλον,
1116 2688 1309 2741 ἀσπίσι
1366 2704 1427 2741 τε
1458 2687 1577 2752 καὶ»
1606 2687 1794 2751 ὅπλοις
1818 2748 1821 2751 μ

208 2780 440 2852 κομίσας
466 2776 826 2853 [κοσμήσας],
852 2778 945 2832 τὸν
966 2778 1270 2852 ὡρισμένον
1300 2778 1465 2832 τόπον
1492 2778 1795 2833 κατέλαϐεν

211 2873 569 2945 ωνομιλῆσαι
618 2871 697 2944 τῷ
738 2869 988 2942 Συμεών.
1068 2873 1307 2945 Πέμπτῃ
1336 2867 1430 2926 οὗν
1486 2872 1670 2945 ἡμέρᾳ
1703 2860 1821 2928 ὅτε

208 2964 377 3019 ταῦτα
404 2963 646 3032 ἐγένετο,
668 2964 866 3036 ἱννάτῃ
886 2962 982 3017 τοῦ
1011 2963 1324 3033 Νοεμϐρίου
1357 2963 1528 3034 μηνὸς
1554 2963 1793 3037 τετάρτῃ

209 3056 305 3127 τῆς
335 3057 556 3129 ἡμέρας
587 3058 727 3129 ῶρᾳ,
758 3054 1092 3128 παρεγένετο
1134 3054 1362 3125 Συμεὼν
1401 3054 1606 3127 πλῆθος
1631 3055 1793 3108 ἀπει-

214 3165 301 3219 ρον
346 3142 716 3218 ἐπαγόμενος,
747 3146 857 3202 τῶν
908 3146 1007 3219 μὲν
1035 3148 1423 3219 χρυσασπίδων
1453 3147 1550 3201 καὶ
1591 3164 1793 3218 χρυσο-

210 3242 474 3314 δοράτων,
507 3242 690 3297 τῶνδὲ
715 3242 1145 3315 ἀργυρασπίδων
1182 3241 1277 3295 καὶ
1311 3241 1789 3315 ἀργυροδοράτων,
1818 3280 1862 3339 c

212 3336 316 3390 τῶν
340 3336 398 3390 δὲ
446 3335 598 3409 πάσῃ
628 3335 811 3390 ὃπλων
862 3334 1024 3407 χρείᾳ
1064 3335 1519 3405 κεκοσμημένων,
1573 3334 1793 3388 πάντων

215 3424 767 3495 καταπεφραγμένων
801 3424 1007 3495 σιδήρῳ
1031 3438 1047 3456 ο
1078 3422 1135 3491 οἳ
1191 3423 1357 3495 μέσον
1388 3423 1571 3477 αὐτῶν
1594 3421 1795 3493 διειλη-
1826 3500 1829 3501 ν

216 3516 371 3585 φύτες
402 3516 497 3570 τὸν
524 3513 772 3587 Συμεὼν,
813 3514 888 3578 ῶς
946 3514 1191 3586 βασιλέα,
1236 3515 1522 3585 εὐφήμουν
1550 3517 1618 3586 τῇ
1660 3515 1829 3592 Ῥωγ

220 3608 388 3678 μαίων
420 3610 602 3680 φωνῇ.
628 3607 838 3671 Πάντες
878 3607 941 3661 δὲ
980 3607 1032 3661 oi
1076 3607 1175 3677 τῆς
1227 3606 1536 3677 συγκλήτου
1598 3604 1795 3676 βουλῆς

216 3704 323 3767 τοῖς
347 3702 584 3774 τείχεσιν
603 3699 905 3771 ἐφεστῶτες
920 3698 1258 3753 κατεθεῶντο
1284 3700 1353 3752 τά
1382 3696 1655 3769 δρώμενα.
1685 3694 1796 3751 Ἦν

216 3793 304 3849 οὖν
333 3796 457 3849 τότε
490 3794 619 3849 ίδεῖν
642 3790 821 3863 ψυχὴν
856 3789 1147 3862 βασιλικὴν
1180 3790 1259 3859 τῷ
1276 3789 1392 3843 ὄντι
1422 3790 1519 3844 καὶ
1555 3788 1796 3861 μεγαλέ-

221 3905 407 3959 φρονα,
442 3885 541 3941 καὶ
569 3886 869 3964 θαυμάσαι
919 3883 981 3937 τὸ
1020 3882 1116 3937 τοῦ
1180 3883 1528 3953 φρονήματος
1588 3880 1798 3934 ἀκατςιὶ⁴

222 3980 484 4051 πληκτον,
512 3980 662 4043 ὅπως
700 3976 974 4049 τοσαύτην
1008 3976 1285 4046 πολεμίων
1344 3974 1558 4047 βλέπων
1601 3968 1799 4043 ὲπιφοέ

224 4074 337 4145 ράν,
359 4077 422 4128 οὐ
452 4071 771 4142 κατεπλάγη
808 4071 901 4125 καὶ
926 4069 1227 4139 συνεστάλη
1250 4069 1347 4123 καὶ
1395 4065 1754 4139 ὑπεχώρησεν
1779 4081 1794 4097 ο

223 4171 333 4225 ἀλλ’
365 4171 557 4242 ὥσπερ
574 4171 654 4232 είς
677 4168 847 4238 φίλων
878 4164 1085 4235 πλῆθος
1116 4165 1314 4235 χωρῶν
1343 4161 1521 4226 οὕτως
1546 4162 1796 4232 ἀτρέμας

225 4263 404 4335 ἀπῄει,
464 4261 749 4333 μονονουχὶ
791 4251 890 4330 τὴν
927 4257 1111 4330 ψυχὴν
1177 4260 1289 4321 τοῖς
1349 4256 1632 4325 πολεμίοις
1688 4255 1800 4307 τῶν

226 4354 477 4426 ὑπηκόων
502 4354 678 4417 διδοὺς
731 4351 1072 4421 ἀντίλυτρον.
1106 4348 1329 4418 Πρῶτος
1376 4346 1470 4401 οὖν
1508 4348 1566 4400 ιν
1603 4349 1668 4416 τῇ
1698 4347 1799 4417 ρη-

226 4448 372 4520 θείση
401 4447 693 4518 ἀποϐάθρᾳ
727 4444 1050 4499 καταλαϐὼν
1107 4443 1199 4497 τὸν
1230 4440 1459 4512 Συμεὼν
1500 4440 1797 4510 ἐξεδέχετο.

237 4540 383 4593 Ἐπεὶ
410 4538 467 4593 δδ
494 4540 694 4609 ὅμηροι
723 4536 784 4602 ἐξ
810 4535 1136 4607 ἀμφοτέρων
1190 4532 1525 4605 ἐλήφθησαν,
1578 4532 1673 4585 καὶ
1700 4531 1801 4601 τὴν

1886 648 2088 718 quippe
2118 648 2419 719 cupiditate
2467 638 2788 716 ducebatur,
2841 658 2893 704 et
2939 649 3174 705 eﬂ‘nsum
3228 652 3472 718 quotidie

1887 742 2209 813 sanguinem
2254 742 2590 813 deplorabat.
2655 743 2733 799 Ad
2787 742 2941 797 littus
2973 744 3158 813 itaque
3194 743 3478 809 Cosmidii

1890 834 2201 888 machinam
2232 834 2285 889 in
2316 835 2453 889 mari
2479 836 2871 890 validissimam
2909 837 3132 891 excitari
3161 837 3367 906 jussit:
3402 839 3471 893 ad

1889 942 2048 998 quam
2068 928 2343 983 triremem
2371 928 2575 998 regiam
2605 929 2771 984 remis
2800 939 3001 984 rectam
3022 928 3183 985 facile
3210 943 3353 986 esset
3374 931 3472 986 de-

1889 1022 2108 1087 ducere,
2153 1032 2418 1093 septaque
2448 1021 2832 1078 munitissimo
2869 1038 2990 1078 eam
3042 1022 3470 1080 circumvallatis

1891 1113 2130 1179 spatium
2170 1112 2288 1182 eius
2337 1111 2576 1167 medium
2626 1114 2699 1166 ita
2749 1112 2965 1183 disponi
3024 1113 3299 1184 prteccpit,
3336 1125 3393 1169 ut
3414 1115 3479 1169 itr

1890 1220 1953 1258 ea
2012 1204 2078 1259 ad
2133 1206 2369 1259 invicem
2401 1204 2467 1258 de
2518 1218 2651 1274 pace
2711 1204 3177 1274 colloquerentur.
3237 1206 3460 1261 Simeon

1894 1308 2073 1353 autem
2123 1298 2311 1353 missis
2364 1297 2649 1358 militibus.
2688 1297 3051 1353 sanctissimae
3111 1297 3353 1369 Deiparae
3405 1299 3475 1354 ad

1896 1393 2088 1465 Pegem
2128 1392 2387 1462 templum
2424 1392 2747 1456 combussit,
2800 1401 2857 1447 et
2909 1392 3027 1447 loca
3081 1391 3472 1463 circumposita

1895 1484 2217 1549 devastavit,
2244 1500 2274 1539 a
2306 1499 2439 1555 pace
2466 1484 2703 1539 alienum
2738 1498 2818 1550 se,
2842 1487 2938 1539 sed
2965 1498 3104 1538 vana
3136 1493 3348 1537 tantum
3378 1500 3474 1554 spe

1898 1582 2277 1649 imperatorem
2311 1572 2590 1643 deludere,
2624 1577 2750 1632 inde
2781 1578 3121 1648 signiﬁcans.
3168 1578 3475 1647 Imperator

1900 1688 2005 1727 una
2067 1687 2191 1725 eum
2249 1671 2563 1742 patriarcha
2628 1669 2854 1724 Nicolao
2908 1671 2975 1724 ad
3035 1668 3368 1739 Blachernas
3420 1680 3495 1724 et.

1900 1774 2148 1820 sanetum
2204 1764 2444 1818 loculum
2493 1777 2838 1833 progressus,
2899 1761 2966 1817 ad
3026 1770 3216 1832 preces
3274 1777 3479 1816 manus

1901 1859 2158 1923 extendit,
2205 1857 2400 1914 deinde
2454 1872 2659 1926 pronus
2689 1857 2743 1910 in
2776 1866 2981 1911 terram
3010 1856 3214 1911 cadens
3255 1870 3477 1910 sacrum

1897 1951 2151 2023 lacrymis
2181 1951 2550 2021 pavimentum
2581 1948 2853 2019 irrigavit,
2912 1946 3208 2017 Deiparam
3281 1962 3312 2001 a
3353 1946 3475 2002 labe

1895 2044 2194 2098 immunem
2227 2043 2552 2107 obtestatus,
2601 2048 2658 2094 ιιι
2706 2038 2963 2095 inﬂexum
3004 2050 3057 2096 et
3106 2039 3340 2110 rigidum
3376 2053 3481 2094 su-s

1892 2135 2043 2206 perhi
2083 2133 2355 2190 Simeonis
2404 2133 2675 2189 emolliret
2726 2149 2843 2198 cor,
2897 2144 2954 2188 et
2987 2146 3111 2202 qua:
3160 2141 3291 2187 sunt
3320 2132 3477 2202 pacis

1893 2229 2234 2297 inspiraret:
2295 2242 2563 2297 sacroque
2626 2226 2889 2281 scriniolo
2925 2264 2939 2287 ,
2996 2240 3105 2294 quo
3161 2224 3471 2278 veneranda

1893 2332 2098 2377 sancta:
2146 2320 2393 2391 Deipara:
2440 2320 2611 2375 vestis
2648 2319 2887 2390 reposita
2922 2309 3040 2385 est,
3080 2330 3291 2388 aperto,
3326 2316 3473 2372 illam

1892 2412 2021 2468 inde
2076 2412 2347 2468 sublatam
2402 2426 2467 2466 ex
2524 2410 2627 2465 tide
2669 2426 2776 2480 qua
2826 2410 2879 2464 in
2933 2410 3339 2465 immaculatam
3379 2408 3471 2464 Dei

1892 2503 2223 2560 Genitricem
2276 2503 2529 2574 pollebat,
2573 2501 2720 2557 velut
2768 2502 2976 2572 galeam
3024 2502 3189 2572 capiti
3237 2501 3529 2571 circum-ﬂ

1894 2610 2108 2666 ponens
2131 2594 2429 2665 imperator
2452 2591 2785 2648 ﬁrmissimis
2817 2593 2989 2647 armis
3012 2594 3277 2656 munitus,
3308 2593 3474 2648 classi

1893 2688 1994 2742 vite
2036 2686 2233 2741 comite
2266 2685 2471 2755 clypeis
2500 2689 2555 2740 et
2595 2684 2764 2739 armis
2801 2686 3067 2739 adornata
3099 2685 3165 2740 ad
3196 2683 3474 2755 praefixum

1893 2780 2070 2836 locum
2102 2795 2226 2834 eum
2270 2780 2527 2833 Simeone
2571 2788 2910 2834 tractaturus
2949 2778 3202 2833 accessit.
3265 2777 3479 2845 Quinto

1893 2872 2060 2942 igitur
2092 2855 2326 2941 die'qno
2363 2871 2478 2925 hinc
2513 2868 2652 2925 facta
2694 2878 2845 2933 sunt,
2896 2869 3220 2926 Novembris
3264 2870 3475 2925 mensis

1894 2963 1983 3019 die
2014 2978 2179 3029 nono,
2218 2964 2348 3017 hora
2377 2963 2487 3017 diei
2521 2974 2719 3032 quarta
2764 2962 2987 3018 Simeon
3024 2963 3289 3017 immensa
3317 2978 3480 3017 exer-

1893 3056 2039 3113 citus
2073 3056 2228 3126 plebe
2260 3055 2709 3124 circumstipatus
2759 3057 3048 3127 processit.
3110 3055 3341 3111 Militum
3385 3057 3477 3111 alii

1894 3150 2077 3205 aureis
2125 3149 2332 3220 clypeis
2365 3158 2418 3204 et
2470 3151 2750 3206 deauratis
2813 3152 3007 3215 haStis,
3055 3150 3147 3205 alii
3202 3152 3481 3221 argenteis

1894 3243 2098 3315 clypeis
2134 3244 2347 3321 pariter,
2370 3254 2425 3298 et
2478 3244 2654 3299 hastis
2705 3252 2933 3316 argento
2972 3245 3345 3308 rutilantibus,
3385 3245 3478 3301 alii

1894 3347 2113 3405 quoque
2166 3332 2315 3387 omni
2363 3349 2645 3389 armorum
2680 3349 2879 3405 genere
2913 3336 3118 3397 ornati,
3164 3337 3346 3391 cuncti
3378 3350 3478 3389 au-

1896 3434 2001 3479 tem
2057 3423 2203 3479 ferro
2254 3424 2652 3488 circumcincti,
2701 3426 2940 3480 medium
2980 3426 3332 3481 admiserunt
3388 3423 3480 3480 Si-

1896 3531 2170 3582 meonem,
2195 3532 2359 3586 quem
2387 3516 2594 3573 Graseis
2623 3519 3012 3587 pronuntiatis,
3045 3533 3142 3572 ceu
3177 3516 3473 3588 imperato-

1896 3625 2011 3665 rem
2051 3609 2247 3664 faustis
2279 3610 2754 3681 prosequebantur
2797 3610 3313 3667 acclamationibus.
3381 3610 3479 3665 Se-

1897 3703 2096 3759 natorii
2127 3718 2296 3773 porro
2327 3702 2538 3758 ordinis
2571 3703 2674 3758 viri
2718 3703 3094 3759 muris‘innixi
3121 3719 3244 3774 quae
3276 3702 3481 3758 ﬂebant

1896 3791 2431 3861 contemplabautur.
2501 3789 2756 3860 Spectatu
2815 3797 2945 3846 vero
3006 3791 3327 3862 dignissima
3391 3805 3480 3847 res

1898 3882 2000 3936 fuit
2054 3881 2276 3937 animus
2327 3881 2416 3936 ille
2470 3880 3068 3951 imperatorisdig‘nus
3117 3890 3173 3934 et
3202 3880 3478 3944 excelsus,

1899 3977 2033 4030 mira
2070 3990 2158 4028 res
2185 3974 2277 4028 illa
2325 3975 2521 4029 mentis
2571 3972 2726 4027 nullo
2758 3979 2916 4042 pacto
2952 3981 3113 4027 motae
3147 3972 3481 4033 constantia,

1899 4082 2022 4137 quae
2073 4073 2286 4120 tantum
2318 4062 2649 4133 percipiens
2699 4061 2955 4123 hostium
2989 4060 3297 4131 appulsnm,
3330 4060 3487 4115 nullo

1902 4159 2062 4214 modo
2092 4165 2440 4214 consternata
2487 4164 2585 4209 aut
2620 4169 2871 4223 repressa
2923 4162 3050 4209 est:
3105 4154 3200 4207 sed
3244 4167 3346 4207 nec
3395 4167 3484 4208 re-

1902 4251 2195 4315 troeessit,
2247 4250 2378 4320 quin
2431 4250 2544 4304 imo
2603 4249 2752 4303 velut
2800 4249 2852 4302 in
2914 4248 3219 4303 amicorum
3275 4255 3485 4301 cretum

1901 4361 1959 4401 se
2015 4344 2321 4408 conferret,
2394 4342 2477 4398 sic
2539 4340 2841 4410 intrepidus
2891 4340 3191 4410 processit,
3264 4346 3481 4393 tantum

1901 4438 2140 4492 animam
2174 4435 2519 4491 subditorum
2567 4433 2762 4488 salutis
2797 4433 3031 4502 pretium
3079 4431 3330 4487 hostibus
3371 4445 3481 4485 non

1903 4532 2158 4587 efferens.
2214 4528 2372 4583 Prior
2422 4528 2609 4598 itaque
2653 4526 2721 4581 ad
2751 4526 2956 4582 dictam
2998 4526 3310 4580 machinam
3358 4539 3485 4596 per-

228 4633 535 4704 ἀποϐἀθραν
566 4634 616 4685 οἱ
669 4630 965 4701 Βούλγαροι
993 4628 1411 4699 διερευνήσαντο
1444 4624 1692 4696 ἀκριϐῶς
1722 4624 1795 4695 μή

1904 4625 2132 4679 veniens
2184 4622 2495 4677 Simeonem
2552 4620 2985 4691 praestolabatur.
3040 4616 3110 4674 lit
3154 4616 3377 4673 obsides
3416 4633 3483 4671 ex

232 4729 338 4791 πώς
355 4745 440 4792 τις
461 4725 688 4797 odiaodi
728 4724 917 4796 ἐνεδρα
947 4723 1191 4791 τυγχάνῃ
1215 4738 1228 4749 ·
1275 4720 1542 4791 κατῆλθεν
1564 4717 1793 4789 Συμεὼν

230 4820 315 4874 τοῦ
336 4822 522 4884 ἵππου,
550 4820 812 4891 καὶπρὸς
853 4817 945 4871 τὸν
996 4815 1220 4886 βασιλέα
1270 4812 1542 4885 εἰσῆλθεν.
1583 4813 1793 4866 Ἀσπα-

232 4912 448 4983 σίμενοι
491 4910 585 4968 οὖν
623 4910 907 4984 ἀλλήλους,
966 4909 1192 4980 εἰρήνης
1261 4907 1452 4976 λόγους
1517 4905 1796 4975 ἐκίνησαν.

233 5009 407 5063 Εἰπεῖν
425 5009 483 5062 δὲ
507 5008 726 5074 λέγεται
756 5006 847 5058 τὸν
896 5002 1115 5075 βασιλέα
1148 5001 1286 5071 πρὸς
1332 4998 1558 5070 Συμεών
1583 5015 1595 5027 ·
1634 4999 1797 5068 Ἀκή-

234 5101 329 5157 κοά
369 5119 427 5156 σε
471 5100 698 5171 θεοσεϐῆ
745 5098 1031 5169 ἄνθρωπον
1092 5096 1187 5149 καὶ
1240 5092 1563 5163 Χριστιανὸν
1620 5091 1798 5162 ὑπάρ-

234 5212 387 5265 χοντα
431 5195 724 5267 ἀληθινόν·
783 5192 963 5264 βλέπω
990 5190 1046 5243 δὲ
1074 5191 1144 5242 τά
1190 5190 1327 5260 ἔργα
1368 5185 1633 5258 μηδαμῶς
1687 5187 1799 5247 τοῖς

234 5286 400 5357 λόγοις
428 5288 812 5358 συμϐαίνοντα.
854 5286 1012 5338 Ἰδιον
1070 5282 1170 5353 μὲν
1205 5283 1312 5352 γὰρ
1359 5278 1643 5343 θεοσεϐοῦς
1704 5280 1796 5331 ἀνι

236 5380 441 5449 θρωπου
484 5382 575 5435 καὶ
592 5377 917 5453 Χριστιανοῦ
944 5376 1005 5430 τὸ
1030 5376 1127 5447 τὴν
1154 5376 1383 5447 εἰρήνην
1413 5374 1507 5428 καὶ
1536 5374 1635 5441 τὴν
1660 5372 1799 5439 ἀγά-

1900 4718 2057 4790 501
2124 4726 2357 4784 utraque
2404 4725 2558 4784 parte
2605 4714 2718 4768 dati
2764 4723 2937 4768 sunt:
2984 4710 3207 4779 Bulgari
3250 4724 3383 4764 vero
3416 4724 3485 4763 ue
3522 4768 3525 4771 λ

1899 4816 2024 4888 quis
2051 4815 2211 4871 dolus
2243 4821 2338 4868 aut
2366 4812 2579 4867 insidiae
2614 4812 2881 4875 laterent,
2911 4807 3220 4864 machinam
3251 4806 3485 4877 diligen-
3522 4866 3523 4869 η

1902 4919 1979 4964 ter
2035 4906 2362 4975 perscrutati
2422 4916 2596 4960 sunt:
2651 4903 2874 4959 Simeon
2934 4917 3081 4985 equo
3119 4899 3378 4955 desiliens
3418 4898 3486 4953 ad

1901 5004 2286 5073 imperatorem
2319 5002 2570 5063 accessit,
2597 4999 2834 5067 dataque
2856 4996 3091 5051 invicem
3117 4994 3309 5056 salute,
3341 4993 3486 5062 pacis

1902 5105 2192 5153 tractatum
2250 5103 2559 5150 moverunt.
2614 5090 2915 5161 Imperator
2962 5089 3169 5144 dixisse
3204 5085 3378 5141 fertur
3420 5085 3486 5139 ad

1903 5189 2213 5245 Simeonem
2250 5205 2263 5241 :
2318 5186 2507 5241 Virum
2558 5184 2648 5240 Dei
2678 5177 2940 5239 cultorem
2971 5191 3026 5237 et
3055 5195 3183 5262 vere
3219 5177 3484 5234 Christia-

1902 5296 2033 5335 nmn
2084 5279 2268 5336 audivi
2331 5288 2432 5333 te:
2479 5294 2669 5333 verum
2715 5292 2883 5347 opera
2937 5276 3121 5331 verbis
3171 5274 3489 5329 nullatenus

1899 5371 2259 5427 consonantia
2291 5370 2345 5423 in
2376 5380 2431 5423 te
2457 5368 2747 5438 perspicio.
2774 5366 3067 5437 Proprium
3092 5364 3236 5421 enim
3265 5362 3368 5429 viri
3392 5361 3485 5421 Dei

1476 5514 1724 5571 FRANC.
1753 5514 2145 5573 COMBEFISII
2182 5512 2418 5570 NOTIE.

304 5648 411 5717 (44)
460 5647 570 5703 Καὶ
622 5647 686 5702 τὸ
732 5644 933 5717 στῆναι
976 5642 1071 5705 τὰς
1122 5639 1435 5709 γινομένας.
1492 5638 1790 5717 Αιιοηγιηπ,

245 5707 583 5784 Quotidianae
628 5716 797 5773 credes
830 5707 1009 5770 solens
1051 5707 1414 5780 compescere;
1441 5707 1664 5763 modum
1709 5707 1791 5761 eis

244 5804 302 5845 ac
330 5792 482 5845 tinem
515 5790 797 5844 adhibere.

310 5862 415 5931 (i5)
452 5860 829 5932 Ὀχυρωτάτην
856 5857 1150 5932 ἀπόϐασιν..
1173 5852 1341 5915 Hem,
1369 5860 1428 5907 ut
1452 5858 1513 5932 et.
1533 5848 1788 5932 ςζιξιίιηιιι.ε

251 5919 595 5988 Τιιίἱεεὶειιιὶῖιί
632 5919 862 6002 septum;
917 5926 1337 5991 r.t‘srcnsioucm,
1374 5922 1684 5980 machinam
1723 5919 1789 5973 ad

1901 5636 1957 5690 id
2018 5640 2508 5706 comparatamdtt
2536 5646 2599 5706 es
2634 5628 2758 5706 nari
2791 5626 2844 5706 in
2880 5640 2999 5679 eam
3028 5620 3485 5682 descenderetur,

1901 5722 2079 5776 exque
2106 5699 2167 5761 ea
2207 5714 2328 5761 tuto
2354 5702 2698 5776 colloquium
2726 5699 3045 5752 haberetur.
3120 5763 3133 5776 _
3244 5762 3258 5776 ‘
3378 5759 3391 5773 .
3419 5775 3422 5776 ν
3451 5759 3474 5771 ⁹

1976 5762 2090 5849 (Ἇϐ)
2129 5778 2241 5849 Τὴν
2273 5778 2354 5837 είς
2382 5762 2796 5849 ὑπεράμωμον..
2824 5777 2879 5823 et
2907 5781 3055 5829 mox,
3083 5763 3185 5849 τὸν.
3209 5762 3306 5816 σὺν
3334 5762 3487 5829 αὐτῷ

1902 5834 1994 5906 οὖν
2031 5834 2238 5914 στόλον,
2270 5834 2717 5916 κατακοσμήσας.
2754 5839 3050 5910 Anonytn.,
3078 5834 3328 5891 Cedrett.~
