4034 6298
531 398 670 467 1M7

1743 397 1940 460 LEON
1950 397 2020 458 IS
2048 397 2154 461 GR
2167 397 2200 456 5i
2211 395 2535 458 MMATICI

3675 391 3833 464 1143

527 514 754 574 cultoris
778 520 832 568 et
869 511 1165 589 Christiani
1197 520 1280 569 est
1308 526 1495 583 pacem
1528 521 1583 567 et
1643 511 1965 567 charitatem
2015 526 2129 564 am-

2242 525 2350 580 πην
2401 509 2825 576 ἁπασπάζεσθαι
2858 525 2872 539 ·
2901 509 3102 584 ιῖπερό
3124 503 3257 577 Θεὸς
3287 511 3477 582 ἀγάπη
3533 511 3677 576 ἐστὶ,
3724 518 3837 570 καὶ

525 607 982 681 ριεσιιί,εἱ‹ιυίι1οῐη
1007 605 1145 661 Deus
1166 606 1404 661 charitas
1417 614 1497 662 est
1520 605 1808 672 etdicitur,
1823 607 1976 676 impii
1993 621 2120 660 vero

528 714 583 759 et
609 702 841 757 inlidelis
872 713 950 755 cst
985 700 1229 755 aedibus
1267 711 1320 754 et
1372 715 1570 754 cruore
1603 699 1801 768 injuste
1843 698 1963 754 fuso
1991 715 2121 769 gau-

529 799 680 854 dere.
712 796 880 867 Igitur
904 793 950 847 si
988 810 1114 847 vere
1152 801 1200 846 te
1233 793 1606 848 Christianum
1641 793 1937 860 promi-ris,
1978 792 2120 846 sicut

530 897 682 947 certo
713 900 983 953 tenemus,
1004 902 1294 956 compesce
1322 888 1540 940 tandem
1575 886 1749 940 credes
1781 885 2033 955 injustas,
2069 895 2122 939 et

531 983 762 1037 scelesta
802 971 1085 1049 sanguinis
1125 976 1392 1032 effusione
1441 978 1676 1039 abstine,
1712 985 1766 1030 et
1833 977 2119 1030 nobiscum

531 1072 882 1137 Christianis,
924 1071 1049 1125 cum
1079 1071 1195 1139 ipse
1226 1069 1574 1126 Christianus
1609 1071 1686 1124 sis
1713 1079 1767 1124 et
1794 1071 2120 1136 nomineris,

531 1167 684 1240 pacis
736 1167 914 1222 foedus
978 1173 1247 1235 percute;
1286 1173 1340 1218 et
1389 1165 1830 1220 Christianorum
1869 1166 2121 1220 dexteras

536 1262 700 1314 unius
727 1259 849 1314 fidei
885 1259 1329 1314 Christianorum
1350 1257 1709 1327 sanguiuibus
1733 1273 1802 1312 ne
1834 1257 2120 1327 permittas

531 1354 724 1425 pollui.
758 1352 934 1407 llomo
963 1355 1162 1423 quippe
1188 1368 1267 1419 es,
1295 1363 1347 1406 et
1377 1360 1605 1406 mortem
1642 1352 1759 1422 ipse
1787 1360 1841 1405 et
1874 1366 2122 1406 resurre—

534 1449 770 1502 ctionem
806 1455 860 1502 et
891 1461 1117 1516 eperum
1159 1445 1573 1500 retributionem
1607 1443 1938 1514 prmstolaris
1971 1460 1986 1498 :
2019 1443 2123 1498 ho-

535 1541 733 1609 dieque
756 1555 881 1594 cum
915 1539 1171 1605 cxsistas,
1205 1540 1483 1594 crastinus
1509 1537 1626 1594 dies
1664 1538 1715 1591 in
1754 1538 2029 1608 pulverem
2071 1546 2123 1593 te

535 1634 816 1689 resolvet:
868 1632 1038 1689 febris
1076 1634 1160 1688 vel
1211 1633 1376 1688 unica
1418 1649 1631 1688 omnem
1684 1631 1995 1703 exstinguet
2035 1631 2122 1702 ja-

534 1730 818 1785 ctantiam.
861 1727 1034 1795 Quam
1084 1731 1248 1800 igitur
1277 1729 1342 1785 ad
1379 1728 1471 1784 Dei
1510 1728 1746 1783 tribunal
1790 1727 2122 1784 constitutus

537 1835 636 1892 pro
689 1819 930 1874 caedibus
978 1820 1198 1890 injustis
1246 1819 1356 1875 Deo
1413 1821 1608 1875 reddes
1658 1819 1923 1875 rationem
1956 1820 1982 1873 ?
2013 1834 2124 1892 quo

2229 601 2470 670 λέγεται.
2508 603 2766 668 Ἀσεϐοῦς
2791 604 2846 658 δὲ
2886 606 2978 659 καὶ
3005 606 3236 659 ἀπίστου
3297 605 3359 660 τδ
3421 607 3637 678 χαίρειν
3685 624 3842 679 σφα-

2230 698 2355 763 γαῖς
2394 696 2488 750 καὶ
2523 698 2752 768 αἶμασιν
2797 699 2996 762 ἀδίκως
3032 700 3374 770 ἐκχεομένων
3395 700 3841 779 [ἐκχεομένοιςῙ.

2234 792 2294 844 Εἰ
2327 791 2424 861 μὲν
2449 791 2542 845 οὖν
2571 792 2778 864 ἀληθὴς
2804 794 3130 864 Χριστιανὸς
3163 794 3450 866 ὑπάρχεις,
3481 797 3668 860 καθὼς
3725 814 3843 854 περ

2234 882 2719 961 πληροφορήμεθα,
2749 885 2947 955 στῆσόν
3001 903 3134 939 ποτε
3186 887 3287 951 τάς
3334 888 3556 951 ἀδίκους
3610 893 3842 960 σφαγὰς

2234 975 2446 1037 καὶτὰς
2470 974 2576 1028 τῶν
2599 976 2826 1029 ἀνοσίων
2862 978 3108 1045 αἱμάτων
3159 978 3437 1050 ἐκχύσεις,
3474 981 3571 1035 καὶ
3602 985 3840 1038 σπεῖσαι

2235 1066 2354 1137 μεθ’
2384 1068 2540 1137 ἡμῶν
2574 1069 2684 1122 τῶν
2717 1071 3061 1141 Χριστιανῶν
3093 1073 3192 1144 τὴν
3219 1075 3472 1146 εἰρήνηνς
3499 1063 3842 1144 Χριστιανὸς

2229 1159 2305 1212 ὢν
2338 1161 2431 1214 καὶ
2457 1163 2639 1227 αὐτὸς,
2676 1165 2768 1217 καὶ
2788 1165 3192 1237 ὀνομαζόμενος
3213 1182 3226 1196 ·
3258 1168 3353 1222 καὶ
3387 1169 3462 1240 μὴ
3508 1169 3631 1223 θέλε
3664 1171 3845 1241 μολό-

2233 1257 2417 1311 νεσθαι
2447 1260 2799 1342 ¹Χριστιανῶν
2832 1262 3018 1330 δεξιὰς
3052 1263 3282 1334 αἴμασιν
3314 1266 3632 1336 όμοπίστων
3681 1269 3844 1350 ’Χρι-

2234 1351 2488 1406 στιανῶν.
2547 1354 2871 1424 Ἀνθρωπος
2892 1351 2940 1408 εῐ
2967 1355 3060 1409 καὶ
3112 1357 3278 1421 αὐτὸς
3317 1356 3547 1412 θάνατον
3595 1360 3841 1430 προσδοέ

2232 1444 2345 1499 κῶν
2368 1447 2461 1499 καὶ
2494 1447 2789 1501 ἀνάστασιν
2810 1449 2903 1502 καὶ
2925 1448 3302 1506 ἀνταπόδοσιν.
3337 1452 3590 1522 Σήμερον
3649 1453 3852 1525 ὑπάρ-

2231 1555 2370 1611 χεις,
2418 1541 2510 1594 καὶ
2543 1541 2734 1610 αὔριον
2758 1543 2835 1606 είς
2873 1541 3023 1596 κόνιν
3079 1543 3406 1619 διαλυθήσῃ.
3447 1541 3539 1608 Εἷς
3593 1547 3846 1616 πυρετὸς

2234 1634 2378 1686 ἅπαν
2413 1634 2744 1688 κατασϐέσει
2776 1635 2839 1688 τὸ
2863 1636 3147 1706 φρύαγμα.
3183 1635 3319 1692 Τίνα
3372 1633 3468 1691 οὖν
3506 1638 3668 1706 λόγον
3723 1639 3852 1693 6d)—

2235 1741 2347 1788 σεις
2367 1724 2446 1795 τῷ
2476 1726 2595 1797 Θεῷ
2624 1727 2740 1781 ἐκεῖ
2759 1726 3009 1781 ἀπελθὼν
3043 1728 3187 1798 ὑπερ
3207 1728 3318 1781 τῶν
3345 1728 3546 1783 ἀδίκων
3571 1732 3812 1800 σφαγῶν
3823 1747 3858 1797 ;-

2235 1819 2374 1890 ποίῳ
2406 1821 2685 1893 προσώπῳ
2718 1820 2796 1893 τῷ
2827 1821 3047 1893 φοϐερῷ
3100 1821 3198 1875 καὶ
3246 1822 3443 1894 δικαίῳ
3494 1825 3848 1890 ὲνατενίσεις

536 1914 687 1968 vultu
726 1912 778 1966 in
823 1913 1170 1968 tremendum
1214 1922 1267 1968 et
1307 1914 1517 1986 justum
1546 1914 1785 1985 judicent
1816 1913 2005 1968 oculos
2049 1888 2126 1967 in:

2237 1918 2398 1989 κριτῇ
2432 1933 2449 1982 ;
2481 1917 2545 1970 Εί
2588 1916 2820 1972 πλούτου
2877 1917 3020 1988 ἐρῶν
3050 1915 3228 1971 ταῦτα
3261 1920 3458 1983 ποιεῖς,
3489 1918 3599 1988 ἐγώ
3635 1937 3698 1974 σε
3734 1936 3856 1974 καρ

537 2009 780 2063 tendes?
828 2009 884 2064 Si
932 2008 1242 2065 divitiarum
1279 2009 1576 2081 cupiditate
1614 2007 1813 2064 ductus
1849 2009 1951 2064 hoc
1991 2011 2131 2079 agis,

535 2119 637 2174 ego
665 2106 730 2159 ad
763 2105 1071 2161 satietatem
1098 2119 1294 2175 usque,
1324 2118 1391 2159 eo
1429 2103 1574 2174 quod
1603 2103 1904 2167 desideras,
1936 2103 2132 2172 imple-

536 2198 626 2255 bo.
663 2197 852 2255 Solum
909 2199 1135 2256 contine
1188 2196 1496 2262 dexteram,
1536 2195 1868 2265 amplectere
1918 2209 2130 2264 pacem,

485 2321 488 2324 ~
537 2290 702 2363 dilige
726 2291 1109 2355 concordiam,
1147 2299 1208 2346 ut
1238 2298 1291 2344 et
1320 2289 1574 2343 tu'vitam
1611 2303 1742 2357 agas
1779 2287 2132 2358 tranquil-lam

536 2394 592 2439 et
639 2385 1027 2440 sollicitudinis
1077 2391 1400 2453 expertem,
1445 2389 1500 2434 et
1551 2379 1966 2436 calamitatibus
2021 2393 2139 2433 non'

538 2478 672 2532 nihil
702 2477 1004 2533 Christiani
1029 2477 1411 2532 subleventur.
1450 2473 1619 2528 Nefas
1648 2476 1794 2528 enim
1829 2483 1912 2527 est
1939 2473 2131 2526 adver-

537 2585 636 2626 sus
680 2568 926 2640 ejusdem
976 2567 1098 2623 ﬁdei
1146 2566 1397 2622 homines
1441 2578 1493 2622 te
1534 2581 1689 2620 arma
1738 2580 1978 2620 movere.
2036 2561 2134 2621 His

535 2663 697 2719 dietis
735 2664 1032 2734 imperator
1059 2659 1248 2717 tacuit.
1279 2658 1667 2730 Simeon,ejus
1699 2660 2138 2715 moderationem

535 2763 593 2811 et
626 2754 746 2825 ejus
778 2769 1066 2810 sermones
1102 2768 1226 2807 cum
1266 2751 1596 2808 verecundia
1629 2753 1888 2817 miratus.
1941 2769 2129 2822 pacem

535 2849 790 2919 componi
831 2847 1051 2904 annuit.
1088 2846 1226 2901 Cum
1272 2846 1441 2917 igitur
1475 2846 1581 2901 sibi
1623 2847 1855 2903 invicem
1891 2848 2012 2903 vale
2050 2848 2135 2904 di-

537 2942 763 3006 xissent,
821 2958 851 2998 a
901 2958 961 2998 se
1011 2951 1207 2998 mutuo
1270 2939 1533 3012 disjuneti
1586 2950 1747 3006 sunt,
1803 2942 2133 3013 imperatore

540 3035 847 3106 magnilicis
885 3036 1210 3091 muneribus
1247 3034 1562 3090 Simeonem
1603 3036 1942 3092 cumulante.
1975 3035 2140 3104 Quod-

542 3141 670 3179 vero
709 3135 839 3183 tunc
878 3126 1076 3181 accidit
1111 3125 1346 3182 narrabo
1379 3126 1689 3196 prodigium
1720 3142 1909 3182 eorum
1940 3129 2128 3192 etiam,

537 3220 630 3290 qui
666 3220 780 3275 hace
827 3220 1139 3290 dijudicant
1170 3221 1328 3276 fidem
1376 3236 1730 3290 exsuperans.
1780 3219 2131 3292 Principibus

537 3313 744 3384 quippe
777 3314 844 3369 ad
876 3314 1110 3369 invicem
1139 3315 1607 3385 colloquentibus,
1634 3315 1851 3385 aquilas
1872 3316 2006 3371 duas
2037 3318 2130 3372 de-

538 3423 704 3477 super
740 3408 891 3479 ipsos
921 3410 1140 3464 volasse
1171 3421 1480 3479 praestoque
1511 3409 1830 3476 advenisse,
1862 3420 1913 3464 et
1952 3410 2015 3465 ad
2051 3410 2133 3465 in-

536 3500 712 3554 vicem
753 3501 1074 3556 commistas
1107 3501 1300 3554 dicunt
1331 3518 1345 3554 :
1396 3511 1450 3555 et
1474 3499 1773 3556 confestim
1811 3503 1878 3556 ab
1902 3501 2131 3558 invicem

539 3594 877 3662 disjnnctas,
900 3593 1042 3648 hanc
1071 3593 1290 3664 quidem
1329 3594 1395 3648 ad
1424 3595 1612 3647 urbem
1645 3594 1949 3659 advolasse,
1969 3595 2131 3649 aliam

537 3701 670 3741 vero
719 3687 772 3740 in
808 3683 1104 3742 Thraciam
1138 3686 1347 3740 alarum
1384 3701 1548 3755 opere
1588 3687 1848 3740 delatam.
1879 3685 1983 3753 Qui
2018 3687 2134 3740 haec

538 3780 815 3836 curiosius
849 3779 1133 3851 indaganti
1166 3795 1327 3835 omen
1355 3780 1673 3850 judicavere
1708 3797 1815 3835 non
1846 3779 2086 3836 faustum
2113 3797 2137 3847 ',_

538 3873 824 3930 discordes
847 3874 1071 3944 quippe,
1105 3881 1159 3928 et
1189 3887 1322 3944 pace
1356 3873 1554 3928 infecta
1579 3888 1895 3929 recessuros
1924 3875 2136 3930 divina-

539 3967 692 4022 bant.
727 3964 953 4021 Simeon
984 3966 1218 4021 collecto
1253 3968 1519 4031 exercitu,
1553 3983 1736 4022 coram
1771 3968 2135 4037 eptimatibus

540 4062 891 4132 imperatoris
935 4061 1214 4116 solertiam
1257 4069 1312 4115 et
1353 4061 1791 4116 moderationem
1847 4063 2131 4132 exposuit.

617 4152 933 4209 Decembris
953 4163 1135 4208 autem
1159 4152 1362 4208 mensis
1383 4153 1471 4208 die
1493 4153 1755 4208 vicesimo
1774 4155 1966 4223 quinto
1993 4154 2133 4210 filios

541 4259 673 4300 suos
708 4242 1051 4315 Stephanum
1090 4252 1146 4300 et
1188 4243 1608 4300 Constantinum
1652 4243 1934 4299 Romanus
1973 4245 2140 4316 503

543 4339 755 4410 imperii
788 4354 994 4394 corona
1026 4338 1202 4394 cinxit
1227 4356 1240 4392 :
1275 4339 1369 4394 sed
1394 4336 1936 4410 etTheOphylactum
1961 4339 2131 4393 lilium

541 4435 804 4490 clericum
854 4433 1089 4490 totondit
1129 4433 1464 4504 patriarcha,
1499 4443 1552 4488 ct
1589 4433 1989 4492 subdiacounm
2044 4450 2136 4487 or-

540 4532 776 4600 dinavit,
808 4533 1140 4602 tandemque
1172 4529 1470 4602 syncellum
1502 4529 1795 4598 promovit,
1830 4545 1952 4583 cum
1984 4531 2134 4600 prius

2233 2010 2484 2081 τακόρως
2527 2009 2622 2062 τοῦ
2675 2009 3114 2081 ὲπιθυμουμένόυ
3147 2009 3439 2083 ἐμπλήσω,
3479 2013 3661 2084 μόνον
3706 2012 3846 2067 ἑπτ-

2236 2123 2362 2176 σχες
2383 2105 2482 2178 τὴν
2515 2104 2729 2169 δεξιὰν-
2776 2105 3022 2160 ἀσπασαι
3072 2105 3172 2178 τὴν
3228 2106 3476 2177 εἰρήνην,
3540 2106 3852 2178 ἀγάπησονν

2234 2199 2332 2270 τὴν
2365 2200 2756 2268 όμόνοιαν,ῖνα
2799 2200 2895 2253 καὶ
2943 2199 3106 2264 αὐτὸς
3159 2199 3276 2271 βίον
3319 2200 3496 2273 ζήσης
3550 2202 3854 2272 εἰρηνικὸν

2235 2295 2328 2347 καὶ
2357 2295 2710 2365 ἀπράγμονα,
2744 2294 2839 2348 καὶ
2887 2296 2937 2348 ot
2972 2292 3293 2366 Χριστιανοὶ
3337 2293 3660 2352 παύσωνται
3702 2314 3847 2352 ποτε

2230 2388 2341 2443 τῶν
2383 2389 2702 2458 συμφορῶν.
2740 2388 2815 2444 Οὐ
2874 2388 3032 2459 θέμις
3075 2391 3185 2463 γὰρ
3241 2383 3442 2456 αὐτοὺς
3471 2391 3651 2464 αἴρειν
3696 2391 3854 2446 ὅπλα-

2233 2482 2356 2537 καθ¹
2401 2484 2736 2553 ὁμοπίστων.
2791 2484 3046 2540 Τοσαῦτα
3092 2484 3188 2539 οὖν
3238 2485 3417 2540 εἰπὼν
3466 2487 3496 2538 ὁ
3551 2487 3849 2558 βασιλεὺς.

2235 2579 2507 2649 ἐσίγησεν.
2549 2579 2825 2642 Αίδεσθεὶς
2849 2574 2942 2633 οὖν
2983 2569 3212 2650 Συμεὼν
3255 2579 3354 2651 τὴν
3406 2580 3602 2634 τούτου
3638 2581 3848 2635 ταπεί-

2231 2689 2418 2738 νωσιν,
2451 2672 2542 2727 καὶ
2576 2674 2703 2738 τοὺς
2731 2672 2924 2742 λόγους
2947 2670 3139 2740 αὐτοῦ,
3205 2673 3507 2728 ἐπένευσεν
3532 2676 3634 2746 τὴν
3679 2676 3848 2746 εἰρή-

2233 2784 2332 2838 νην
2355 2765 2710 2837 ποιήσασθαι.
2755 2766 3173 2837 Ἀσπασάμενοι-
3206 2765 3304 2821 οὖν
3331 2767 3597 2838 ἀλλήλους
3636 2767 3848 2840 διεχωο

2236 2859 2504 2933 ρίσθησαν
2558 2858 2760 2930 δώροις
2821 2857 3264 2931 μεγαλοπρεπέσι
3296 2857 3392 2911 τοῦ
3434 2857 3706 2927 βασιλέως
3753 2859 3861 2912 δας

2235 2954 2573 3024 ξιωσαμένου
2617 2953 2711 3007 τδν
2757 2952 3042 3023 Συμεῶνα.
3093 2953 3163 3006 Ὃ
3209 2952 3266 3006 δὲ
3321 2953 3444 3006 τότε
3483 2950 3862 3022 συμϐέϐηκεν.

2233 3048 2565 3118 διηγήσομαι
2624 3045 2909 3118 τεράστιόν
2936 3063 3014 3113 τι,
3046 3045 3156 3100 καὶ·
3185 3048 3302 3109 τοῖς
3333 3045 3404 3098 τά
3429 3043 3669 3100 τοιαῦτα
3705 3061 3847 3113 συγ-

2235 3142 2640 3213 κρίνεινείδόσι
2704 3140 3028 3211 παράδοξον.
3081 3141 3186 3194 Δύο
3248 3141 3423 3209 φασὶν·
3473 3140 3672 3203 ἀετοὺς
3728 3138 3846 3192 τῶν

2235 3236 2501 3308 βασιλέων
2558 3234 2896 3307 ὁμιλούντων
2952 3233 3171 3289 ἀνωθεν
3224 3233 3408 3288 αὐτῶν
3458 3232 3842 3304 ὑπερπτῆναι,

2234 3325 2362 3399 ἦξαί
2388 3326 2500 3401 (47)
2536 3345 2595 3380 τε
2617 3328 2715 3381 καὶ
2749 3327 2891 3399 πρὸς
2941 3326 3212 3396 ἀλλήλους
3250 3325 3541 3396 συμμίξαι,
3573 3320 3672 3378 καὶ
3729 3333 3843 3377 πα-

2238 3422 2469 3492 ραυτίκα
2501 3418 2887 3490 διαζευχθῆναι
2917 3419 3164 3492 ἀλλήλων
3190 3435 3204 3450 ⁶
3238 3419 3332 3472 καὶ
3360 3419 3454 3472 τὸν
3488 3419 3588 3489 μὲν
3609 3419 3706 3472 ἐπὶ
3740 3418 3856 3489 τὴν.

2234 3515 2390 3568 πόλιν
2421 3515 2617 3579 ἐλθεῖν,
2639 3513 2729 3568 τὸν
2758 3514 2816 3567 δὲ
2839 3515 2932 3567 ἐπὶ
2952 3513 3054 3585 τὴν
3075 3513 3303 3584 Θρᾴκην
3324 3496 3636 3584 δἰαπτῆναι.
3659 3513 3846 3566 Τοῦτο

2234 3610 2290 3662 ol-
2314 3607 2561 3676 ἀκριϐῶς
2600 3609 2670 3661 τά
2715 3607 2945 3661 τοιαῦτα
2992 3606 3346 3669 σκοπούντες,
3379 3607 3453 3660 ού
3483 3604 3652 3660 καλὸν
3682 3605 3848 3676 ἔκρι-

2236 3717 2334 3753 ναν
2365 3700 2577 3752 οἰωνόν.
2632 3699 3010 3770 Ἀσυμϐάτους
3037 3699 3145 3769 γάρ
3172 3700 3264 3752 ἐπὶ
3291 3699 3400 3770 τὴν
3442 3697 3674 3769 είρήνην
3720 3699 3858 3754 δια-κ

2234 3791 2566 3863 λυθήσεσθαι
2602 3791 2831 3865 ἔφησαν.
2867 3792 3093 3864 Συμεὼν
3122 3792 3179 3846 δὲ
3207 3793 3268 3846 τὸ
3302 3793 3506 3846 ἑαυτοῦ
3533 3795 3844 3866 στρατόπε-

2234 3886 2324 3940 δον
2349 3883 2676 3941 καταλαϐὼν
2705 3885 2815 3949 τοῖς
2865 3884 3073 3939 ἑαυτοῦ.
3099 3887 3441 3955 μεγιστᾶσιν
3469 3885 3570 3957 τὴν
3613 3885 3715 3942 τοῦ
3745 3885 3844 3958 βας

2238 3978 2426 4043 σιλέως
2475 3978 2810 4049 ἀπήγγειλεν
2867 3977 3088 4032 σύνεσιν
3119 3979 3217 4033 καὶ
3267 3978 3621 4036 ταπείνωσιν.

2307 4159 2630 4230 Δεκεμϐρίῳ
2653 4158 2712 4213 δὲ
2739 4159 2869 4230 μηνὶ
2896 4157 3071 4214 εἰκάδι
3085 4158 3318 4230 πέμπτῃ
3345 4157 3575 4228 ἔστεψεν
3615 4158 3845 4232 Ῥωμα.

2234 4253 2324 4316 νδς
2351 4251 2480 4315 τοὺς
2497 4249 2651 4314 υίοὺς
2681 4248 2848 4304 αὑτοῦ
2884 4251 2958 4303 ὲν·
2973 4252 3040 4322 τῇ
3072 4250 3168 4304 τοῦ
3190 4248 3324 4303 Θεοῦ
3349 4249 3578 4322 Μεγάλῃ
3598 4249 3856 4325 Ἐκκληκ

2238 4345 2330 4415 σία
2359 4343 2637 4412 Στέφανόν
2671 4361 2730 4396 τε
2765 4345 2861 4397 καὶ
2888 4344 3326 4407 Κωνσταντῖνον,
3387 4344 3526 4398 ἀλλά
3563 4345 3656 4397 καὶ
3711 4347 3841 4399 θεο-

2239 4435 2514 4508 φύλακτον
2571 4436 2664 4490 τὸν
2728 4435 2844 4489 υἱὸν
2878 4435 3045 4490 αὐτοῦ
3077 4437 3107 4490 ὁ
3149 4438 3498 4510 πατριάρχης
3535 4439 3838 4510 ἀπέκειρεν

2239 4528 2532 4599 κληρικὸνί
2584 4529 2975 4598 χειροτονήσας
3027 4527 3409 4592 ύποδιάκονον,
3446 4527 3753 4597 σύγκελλόν
3780 4547 3848 4587 τε.

542 4625 610 4682 ad
657 4636 909 4681 sanctum
957 4626 1270 4696 Ingressum
1338 4638 1462 4678 cum
1511 4621 1864 4678 subdiaconis
1909 4623 2129 4680 allectus

2247 4621 2758 4693 προχειρισάμενος,
2784 4620 3062 4674 διελθόντα
3089 4620 3356 4691 πρότερον
3385 4625 3444 4675 ὲν
3470 4621 3548 4694 τῷ
3569 4623 3681 4676 τῶν
3709 4625 3840 4678 ὑπο-

545 4720 924 4787 processisset.
948 4717 1148 4788 Aprilis
1181 4732 1308 4772 vero
1333 4715 1535 4770 mensis
1566 4716 1655 4770 die
1686 4717 1950 4772 vicesimo
1987 4733 2130 4774 nouo

540 4810 804 4866 Joannem
840 4811 1126 4882 Mystirum
1170 4809 1458 4879 patricium
1497 4808 1777 4865 Romanus
1816 4825 2130 4880 proconsu~

544 4905 647 4959 lem
679 4886 1004 4975 designavit.
1043 4904 1241 4957 Mensis
1258 4918 1385 4958 vero
1405 4901 1527 4957 Maii
1558 4903 1645 4957 die
1666 4901 1880 4957 decimo
1911 4906 2127 4973 quinto,

545 5001 843 5054 indictione
876 4999 1054 5063 tertia,
1087 5008 1317 5052 mortem
1341 4996 1474 5051 obiit
1498 4993 1758 5051 Nicolaus
1793 4986 2124 5066 patriarcha,

544 5103 667 5166 post
725 5093 1024 5149 secundam
1091 5089 1554 5146 rcuuntiationem
1643 5090 1842 5144 throno
1923 5091 2130 5161 potitus

543 5201 718 5242 annos
758 5186 1041 5250 tredecim,
1086 5185 1316 5256 ejusque
1345 5199 1554 5252 corpus
1593 5183 1645 5237 in
1699 5180 2126 5239 Galacrenarnm

519 5277 880 5334 monasterio
915 5277 984 5333 ab
1033 5293 1098 5332 eo
1129 5278 1353 5334 condito
1392 5277 1702 5348 depositum
1737 5287 1840 5332 est.
1885 5279 2133 5349 Augusto

543 5373 742 5432 deinde
809 5389 996 5428 mense
1048 5362 1356 5444 Stephanus
1422 5372 1669 5454 Amasere
1739 5373 2129 5443 metmpolita,

543 5467 865 5537 eunuchus,
905 5467 1153 5524 initiatus
1174 5477 1259 5524 est
1276 5467 1608 5538 patriarcha.
1638 5454 1767 5521 150st
1791 5467 1915 5525 haec
1942 5482 2128 5522 mense

2239 4716 2507 4769 διακόνων
2554 4715 2799 4786 τάγματι
2835 4717 2915 4778 είς
2947 4715 3018 4768 τά
3048 4714 3243 4784 "Afra.
3287 4714 3584 4787 Ἀπριλλίῳ
3613 4717 3674 4770 δὲ
3707 4719 3838 4790 μηνὶ

2237 4811 2461 4880 εἰκοστῇ
2490 4807 2684 4881 ὲνιάτῃ
2710 4807 2971 4879 ἐτίμησεν
3006 4805 3288 4877 Ῥωιμανὸς
3340 4807 3592 4880 Ἰωάννην
3623 4811 3836 4862 Mum-t-

2239 4902 2332 4957 κὺν
2365 4902 2655 4973 πατρίκιον
2692 4900 3008 4954 ἀνθύπατον
3033 4899 3167 4972 (48).
3204 4902 3366 4970 Μαΐῳ
3385 4901 3440 4954 δὲ
3470 4903 3600 4973 μηνὶ
3630 4903 3854 4976 δεκάτη

2239 4996 2468 5069 πέμπτῃ
2504 4993 2839 5058 ινδικτιῶνος
2873 4983 3069 5066 τρίτης
3121 4994 3233 5068 (49)
3260 4997 3494 5066 τελευτᾷ
3535 4996 3626 5049 τὸν
3664 4995 3780 5065 βίον
3808 4999 3835 5050 ὑ

2241 5091 2591 5162 πατριάρχης·
2611 5090 2906 5154 Νικόλαος,
2936 5091 3216 5160 κρατήσας
3240 5093 3303 5144 ὲν
3318 5094 3383 5162 τῇ
3419 5089 3644 5162 δευτέρα
3665 5088 3832 5144 αὑτοῦ

2236 5186 2500 5240 ἀναϐάσει
2529 5186 2629 5254 ἐτη
2659 5185 2924 5255 δεκατρία
2945 5202 2957 5214 ·
2993 5185 3087 5237 καὶ
3110 5184 3352 5256 ἀπετέθη
3384 5186 3445 5237 τὸ
3480 5185 3640 5254 σῶμα
3663 5183 3835 5238 αὑτοῦ

2231 5282 2288 5333 ἐν
2319 5283 2384 5351 τῇ
2418 5279 2509 5332 ὑπ’
2539 5278 2704 5332 αὑτοῦ
2761 5261 3050 5348 κτισθείσῃ
3085 5281 3219 5350 μονῇ
3275 5279 3385 5332 τῶν
3437 5277 3838 5348 Γαλακρηνῶν..

2230 5376 2529 5445 Αὐγούστῳ
2554 5375 2611 5428 δὲ
2646 5374 2778 5444 μηνὶ
2813 5375 3161 5446 πατριάρχης
3192 5373 3521 5428 καθίσταται
3557 5372 3830 5438 Στέφανος

2247 5470 2517 5542 Ἀμασίας
2561 5468 2989 5539 μητροπολίτης,
3021 5465 3281 5539 εὐνοῦχος
3309 5467 3590 5538 ὑπάρχων.
3629 5467 3831 5519 Ὀκτω.

1645 5577 1892 5634 FRANC.
1923 5577 2318 5642 CUMBEFJSH
2351 5582 2591 5639 ΝΟΤίΕ.

615 5697 728 5770 (47)
763 5695 958 5770 Melius
983 5697 1290 5770 Anonyin.,
1323 5697 1561 5764 κλάγξαι
1588 5712 1671 5770 τε.

616 5764 730 5838 (48)
761 5764 1042 5841 Μυστικὸν
1061 5764 1186 5841 ,καλ
1221 5766 1782 5841 παραβυναστεύοντα
1837 5767 2129 5841 πατρίκιον

545 5842 642 5898 καὶ
682 5839 1014 5894 ἀνθύπατον.
1051 5838 1146 5895 Sic
1175 5838 1312 5894 bene
1358 5838 1726 5894 Continuator
1767 5847 1821 5892 et
1871 5838 2134 5905 Cedren.,

548 5923 605 5970 ut
635 5921 818 5968 tantus
853 5911 942 5965 hic
967 5911 1297 5981 dignitatum
1346 5911 1604 5966 cumulus
1642 5911 1903 5964 invidiam
1937 5926 2137 5981 prmu-

2231 5704 2468 5758 caverit.

2304 5773 2416 5841 (49)
2465 5769 2561 5827 Sic
2603 5780 2659 5824 et
2711 5768 2985 5839 Cedrcn.;
3037 5779 3093 5825 at
3123 5769 3322 5824 melius
3347 5769 3698 5835 Continuat.,
3735 5762 3836 5839 ιγ’,

2236 5845 2527 5901 indictione
2566 5842 2959 5908 tertiadecima,
2993 5857 3123 5905 non,
3154 5841 3341 5896 tertia.
