4034 6298
369 415 505 486 1169

1679 413 2357 480 CHRONOGRAPHIA.

3489 414 3628 482 1150

365 537 500 610 ϐρίῳ
525 534 583 589 δὲ
615 533 749 608 μηνὶ
773 535 1128 609 κατηγορήθη
1146 535 1176 589 ό
1194 533 1474 600 Μυστικὸς
1531 533 1806 604 Ἰωάννης,
1843 533 1937 588 καὶ

2059 531 2265 591 Detobri
2295 534 2537 590 Joannes
2560 534 2840 607 Mysticus,
2870 543 2925 589 et
2965 543 3086 605 post
3112 534 3503 604 imperatorem
3531 533 3633 587 ad-

365 627 856 700 παραδυναστεύων
882 628 961 694 ὡς
1015 629 1110 700 τῆς
1160 628 1437 700 βασιλείας
1466 627 1774 698 ἐφιέμενος,
1808 629 1944 681 ὐπο-

365 722 506 794 01'ij
531 720 626 775 τοῦ
656 721 948 792 πατρικίου
972 722 1067 775 καὶ
1092 721 1378 787 λογοθέτου
1403 720 1496 775 τοῦ
1523 721 1727 792 δρόμου
1748 721 1946 790 Κοσμᾶ

365 813 594 878 διδόντος
643 816 724 877 είς
755 817 992 883 γυναῖκα
1032 835 1128 884 την
1177 816 1456 887 θυγατέρα
1511 814 1686 885 αὐτῷ.
1735 815 1942 868 Τούτου

366 902 549 960 ἕνεκεν
574 907 1004 971 καταϐιϐάζεται
1047 910 1144 977 μὲν
1165 907 1259 960 τοῦ
1294 907 1586 973 παλατίου,
1620 909 1944 979 ἐγχωρεῖται

364 1001 418 1054 δὲ
447 1001 874 1072 προσέρχεσθαι,
909 1002 1002 1056 καὶ
1029 1003 1107 1072 τῷ
1140 1002 1350 1072 βασιλεῖ
1380 1002 1699 1074 ὑπηρετεῖν.
1723 1003 1817 1055 καὶ
1846 1001 1946 1054 σὺν

365 1097 508 1170 αὑτῷ
539 1097 609 1153 τὰ
638 1099 912 1169 ἀνήκοντα
958 1099 1202 1153 διοικεῖν.
1247 1099 1491 1171 Στοργὴν
1524 1099 1634 1170 γὰρ
1677 1100 1759 1154 ὅτι
1793 1098 1943 1152 πλεί-

366 1209 495 1261 στην
520 1192 834 1262 ὲκέκτητοό
871 1193 1128 1262 βασιλεὺς
1161 1193 1300 1262 πρὸς
1336 1194 1519 1247 αὐτόν.
1565 1192 1686 1246 Τῶν
1709 1192 1947 1264 κατηγό-

367 1302 474 1355 ρων
525 1284 620 1338 οὖν
670 1286 1112 1354 κατεπειγόντων
1163 1286 1259 1339 τὸν
1317 1285 1946 1357 βασιλέα,ὲρευνήσαςό

366 1378 644 1449 βασιλεὺς,
669 1379 762 1433 καὶ
788 1378 963 1451 ἀληθῆ
994 1379 1168 1434 ταῦτα
1189 1375 1329 1435 εἶναι
1360 1379 1570 1452 μαθὼν,
1602 1380 1798 1452 ἔμελλε
1821 1381 1947 1436 τοῦ-

363 1488 453 1523 τον
480 1468 772 1541 κατασχὼν
798 1471 1099 1536 ἀνετάζειν.
1131 1472 1190 1525 '0
1229 1473 1287 1526 δὲ
1315 1472 1474 1527 τοῦτο
1507 1477 1776 1545 προγνοὺς
1808 1477 1948 1548 χρῆ-

366 1581 450 1616 ται
480 1568 628 1636 φυγῇ
650 1582 665 1596 ·
698 1569 794 1619 καὶ
815 1567 916 1637 τὴν
945 1566 1248 1639 λεγομένην
1269 1567 1690 1623 Μονοκάστανον
1712 1569 1952 1623 καταλα-

366 1655 494 1718 ϐὼν,
521 1658 876 1726 ἀποκείρεται
902 1663 1154 1728 μοναχός.
1181 1659 1430 1728 Πέφευγε
1449 1660 1504 1714 δὲ
1531 1661 1625 1714 καὶ
1651 1662 1950 1715 Κωνσταν-

364 1750 506 1811 τίνος
535 1751 565 1802 6
592 1749 687 1802 τοῦ
721 1750 921 1821 Βοηλᾶ,
967 1754 995 1805 6
1040 1751 1196 1817 [add.
1229 1751 1348 1824 ἐπὶ]
1383 1756 1485 1823 τῆς
1531 1753 1834 1825 τραπέζης,
1869 1756 1950 1809 ol-

366 1845 510 1906 κεῖος
535 1843 632 1896 καὶ
664 1843 816 1912 φίλος
833 1842 910 1898 ὢν
929 1843 1078 1917 αὐτῷ
1103 1862 1116 1877 ·
1145 1846 1241 1899 καὶ
1266 1847 1356 1900 τὸν
1386 1847 1671 1918 Ὄλυμπον
1704 1847 1946 1902 καταλαο

365 1933 495 2000 ϐὼν,
529 1934 592 1988 τὸ
622 1936 914 2008 μοναχικὸν
941 1939 1130 2008 σχῆμα
1183 1938 1452 1995 ἐνδύεται.
1500 1940 1788 1995 Ἐδεδοίκει
1841 1942 1950 2013 γὰρ

367 2027 459 2079 καὶ
487 2027 675 2092 αὐτὸς,
715 2030 813 2084 ἅτε
849 2030 1179 2102 συμμύστης
1203 2031 1490 2101 τυγχάνων
1523 2032 1616 2087 τοῦ
1643 2033 1949 2099 Μυστικοῦ,

371 2119 464 2173 καὶ
488 2120 598 2173 τῶν
627 2122 956 2195 ἀπορρήτων
977 2123 1142 2178 αὑτοῦ
1176 2123 1287 2197 (50)
1327 2125 1603 2190 κοινωνός.
1629 2127 1735 2180 Τὸν
1768 2127 1825 2180 δὲ
1851 2145 1953 2180 πα-

365 2212 574 2285 τρίκιον
624 2215 854 2286 Κοσμᾶν
902 2217 961 2270 ὲν
986 2216 1063 2288 τῷ
1104 2217 1399 2290 Ὢρολογίῳ
1443 2217 1619 2289 τύψας
1650 2218 1953 2291 όβασιλεὺς

363 2300 655 2366 διεδέξατο.
690 2304 1060 2376 Προϐάλλεται
1098 2307 1154 2361 δὲ
1184 2307 1306 2362 ἀντὶ
1342 2307 1438 2362 τοῦ
1466 2309 1748 2363 Μυστικοῦ
1772 2309 1955 2364 Ἰωάνο

364 2409 457 2446 νου
483 2391 764 2466 Θεοφάνην
787 2396 1290 2470 πρωτοϐεστιάριον
1328 2401 1423 2454 καὶ
1457 2400 1954 2473 παραδυναστεύονο

364 2500 452 2541 τα.
499 2483 751 2553 Ἐγίνετο
776 2486 834 2540 δὲ
867 2488 930 2541 τὸ
959 2490 1262 2558 τηνικαῦτα
1311 2491 1407 2546 καὶ
1438 2493 1665 2565 σεισμὸς
1718 2495 1952 2567 φοϐερὸς

365 2575 519 2646 ιντῷ
544 2575 656 2630 τῶν
706 2578 986 2651 Θρακῴων
1021 2581 1244 2652 θέματι,
1280 2586 1375 2638 καὶ
1408 2586 1599 2656 χάσμα
1653 2588 1760 2657 γῆς
1808 2589 1954 2659 μέγα

367 2665 464 2722 ua!
494 2669 899 2744 κατάπληκτον,
937 2673 1079 2728 ὥστε
1111 2675 1283 2730 πολλὰ
1314 2678 1489 2749 χωρία
1517 2680 1616 2734 καὶ
1654 2679 1952 2754 ἐκκλησίας

368 2763 702 2836 αὐτάνδρους
736 2766 1142 2840 καταποθῆναι.

438 2951 600 3022 Μαΐῳ
652 2950 710 3006 δὲ
756 2953 888 3024 μηνὶ
921 2955 1100 3009 εἰκάδι
1146 2951 1353 3031 ἐϐδόμῃ
1406 2957 1645 3031 δεκάτης
1691 2961 1955 3036 πέμπτης

371 3043 702 3111 ἰνδικτιῶνος
749 3047 977 3119 Συμεὼν
1010 3052 1039 3102 6
1067 3049 1250 3120 ἅρχων
1303 3051 1642 3126 Βουλγαρίας
1672 3055 1951 3122 ετελεύτα,

373 3136 576 3208 Πέτρον
600 3138 716 3192 υίὸν
738 3140 908 3194 αὐτοῦ
934 3140 1374 3213 προϐαλλόμενος
1397 3143 1656 3217 ἄρχοντα,
1681 3147 1740 3201 ὃν
1766 3151 1832 3205 ὲκ
1851 3149 1956 3222 τῆς

2047 629 2407 692 ministrator,
2428 627 2575 680 velut
2591 626 2805 695 imperii
2849 624 3116 689 alfectatl,
3141 637 3399 695 suggestu
3418 626 3632 695 patricii

2045 727 2101 774 et
2126 719 2412 788 legetheta:
2447 718 2646 790 publici
2676 734 2873 773 cursus
2899 717 3132 783 Cosmm,
3160 720 3252 787 qui
3287 716 3453 771 tiliam
3499 732 3634 772 uxo-

2049 829 2164 866 rem
2189 813 2238 866 ei
2269 813 2560 874 locaverat,
2584 823 2992 866 accusatusest.
3026 809 3197 879 llujus
3233 813 3405 879 gratia
3429 809 3633 879 palatio

2048 907 2271 980 quidem
2304 907 2635 970 extruditur,
2656 905 2724 960 ad
2755 921 2880 959 eum
2906 918 3087 958 tamen
3120 903 3254 958 liber
3281 903 3355 957 illi
3381 912 3633 958 servatur

2049 1017 2324 1067 accessus,
2363 1011 2418 1056 et
2449 1001 2785 1070 obsequendi
2817 1001 3163 1069 imperatoris
3195 998 3390 1066 jussis,
3420 1006 3472 1051 et
3505 1010 3632 1051 cum

2049 1113 2114 1151 eo
2136 1112 2256 1167 qua:
2271 1110 2409 1164 Opus
2433 1094 2573 1149 foret
2595 1093 3010 1148 administrandi
3030 1103 3267 1161 potestas
3283 1091 3631 1160 permittitur.

2051 1189 2247 1260 Ingens
2264 1188 2462 1258 quippe
2492 1187 2839 1257 imperatoris
2871 1195 2992 1242 erat
3017 1187 3072 1240 in
3101 1201 3225 1240 eum
3260 1185 3507 1240 allectus.
3532 1186 3636 1238 Ac-

2050 1284 2394 1337 cusationem
2422 1296 2587 1351 porro
2615 1296 2800 1335 coram
2834 1282 3163 1350 imperatore
3191 1280 3511 1350 urgentibus
3546 1277 3639 1332 ad-

2050 1375 2333 1437 versariis,
2362 1375 2614 1428 examine
2645 1373 2850 1435 habito,
2885 1381 2940 1426 nt
2969 1387 3096 1426 vera
3129 1387 3251 1426 esse
3281 1387 3403 1440 quae
3425 1369 3634 1439 objice-

2053 1477 2242 1522 rentur
2259 1483 2381 1521 cum
2404 1466 2699 1536 imperator
2729 1466 2967 1536 agnovit,
2983 1467 3263 1520 detentum
3301 1465 3637 1534 interrogare

2054 1565 2435 1628 proposuerat.
2477 1555 2598 1624 Qua
2633 1572 2689 1610 re
2719 1556 2971 1627 praevisa,
3008 1553 3192 1624 l‘ugam
3230 1554 3380 1625 prior
3420 1554 3633 1623 arripit,

2051 1664 2107 1705 et
2133 1652 2188 1704 in
2211 1649 2601 1705 monasterium
2625 1649 2846 1704 nomine
2873 1649 3320 1703 Monocastanum
3351 1645 3634 1714 secedens,

2055 1744 2417 1798 monasticam
2457 1741 2688 1813 suscipit
2723 1751 3026 1796 tonsuram.
3068 1739 3229 1812 Fugit
3259 1742 3464 1810 pariter
3489 1738 3636 1794 Con-

2055 1838 2331 1894 stantinus
2357 1836 2536 1892 Boebe
2568 1836 2714 1890 titius
2745 1851 2948 1890 mensae
2973 1833 3284 1906 prazl‘ectus,
3320 1832 3632 1895 familiaris.

2053 1939 2107 1986 et
2138 1931 2188 1986 ei
2220 1931 2357 1986 bene
2381 1930 2640 1987 allectus:
2669 1938 2724 1984 et
2745 1931 2797 1984 in
2825 1927 3114 2000 Olympum
3148 1938 3387 1983 montem
3423 1928 3636 2000 digres-

2055 2039 2174 2089 sus,
2208 2024 2514 2080 monastico
2542 2023 2788 2078 induitur
2821 2024 3008 2078 habitu
3043 2041 3057 2076 :
3093 2022 3315 2078 timebat
3339 2023 3484 2077 enim
3520 2022 3637 2093 ipse

2054 2134 2152 2172 ceu
2205 2118 2563 2173 consiliorum
2613 2116 2824 2188 Mystici
2873 2115 3148 2180 conscius,
3193 2123 3249 2170 et
3299 2127 3633 2170 secretorum

2052 2211 2171 2280 ejus
2205 2211 2452 2266 omnium
2491 2209 2781 2280 particeps.
2823 2207 3119 2263 Patricium
3159 2218 3340 2262 autem
3374 2206 3634 2262 Cosmam

2056 2303 2381 2374 magistratu
2407 2310 2822 2356 exauctoratum
2844 2303 2909 2354 ad
2937 2298 3290 2370 llorol0gium
3319 2298 3637 2353 verberibus

2055 2398 2352 2466 imperator
2385 2395 2701 2450 emendavit
2730 2411 2745 2448 :
2783 2394 3014 2449 Joannis
3059 2389 3198 2463 verti
3229 2388 3438 2464 ilystici
3486 2393 3637 2448 vices

2054 2492 2307 2545 obiturus
2333 2488 2697 2558 Theophanes
2720 2486 3171 2557 protovestiariﬂs
3200 2496 3252 2540 et
3287 2485 3500 2555 imperii
3534 2484 3637 2540 ad-

2055 2583 2397 2638 ministrator
2415 2591 2793 2652 promovetur.
2828 2578 2984 2634 Tunc
3006 2581 3060 2634 in
3085 2577 3639 2650 provincia'Thracire

2055 2685 2214 2731 terra:
2249 2685 2433 2730 motus
2465 2674 2775 2729 horrendus
2821 2673 2999 2729 factus
3032 2682 3138 2738 est,
3180 2672 3473 2740 hiatusque
3517 2679 3638 2726 stu-

2056 2785 2240 2840 poretn
2265 2768 2521 2833 aﬂ‘erens,
2549 2767 2623 2822 ita
2651 2775 2711 2822 ut
2735 2767 2893 2838 plura
2918 2767 3120 2839 praedia
3147 2778 3200 2822 et
3236 2766 3480 2821 ecclesiae
3508 2778 3637 2821 cum

2056 2862 2372 2920 hominibus
2401 2862 2657 2933 absorpta
2689 2863 2823 2918 sint.

2125 2958 2247 3013 Maii
2269 2971 2430 3028 porro
2458 2961 2666 3012 mensis
2683 2956 2772 3010 die
2787 2954 3051 3011 vicesimo
3067 2954 3319 3025 septimo,
3343 2952 3640 3010 indictione

2053 3036 2267 3122 quinta,
2289 3049 2513 3107 Simeon
2537 3049 2825 3121 Bulgarius
2856 3051 3109 3120 princeps
3135 3050 3277 3104 diem
3296 3048 3458 3114 obiit,
3475 3047 3640 3104 Petro

2058 3149 2207 3211 tilio,
2242 3162 2405 3216 quem
2444 3160 2509 3199 ex
2561 3145 2801 3200 secunda
2848 3145 3079 3213 conjuge
3129 3145 3389 3212 suscepit,
3450 3156 3640 3197 sorore

367 3228 629 3301 δευτέρας
672 3231 838 3286 αὐτοῦ
875 3231 1034 3303 ἔσχεν
1059 3235 1323 3303 γυναικὸς
1370 3237 1470 3306 τῆς
1494 3237 1735 3309 ἀδελφῆς
1769 3239 1953 3314 Γεωρ-

2059 3241 2308 3294 videlicet
2336 3239 2552 3310 Georgii
2592 3237 2937 3301 Surzubulis,
2969 3253 3131 3303 quem
3160 3237 3285 3291 liliis
3317 3245 3640 3306 procurato-

367 3320 487 3392 γίου
512 3324 608 3378 τοῦ
637 3325 1071 3399 Σουρσουϐούλη,
1098 3327 1158 3380 ὃν
1182 3331 1275 3382 καὶ
1301 3329 1599 3401 ἐπίτροπον
1622 3334 1730 3396 τοῖς
1758 3333 1954 3388 ἑαυτοῦ

367 3413 556 3468 παισὶν
582 3415 612 3468 6
641 3414 866 3486 Συμεὼν
897 3417 1312 3474 καταλέλοιπεν.
1369 3419 1452 3473 Τά
1482 3419 1668 3493 κύκλῳ
1703 3417 1795 3476 οὖν
1826 3422 1953 3497 ἔθνη

367 3506 466 3578 τὴν
485 3507 584 3564 τοῦ
607 3509 835 3582 Συμεὼν
860 3510 1100 3581 μαθόντα
1118 3511 1380 3584 τελευτὴν
1399 3515 1788 3586 ἐκστρατεύειν
1813 3517 1956 3571 κατὰ

369 3599 698 3673 Βουλγάρων
747 3602 1118 3658 ἐϐουλεύοντο.
1171 3603 1356 3674 Λιμοῦ
1404 3605 1462 3660 δὲ
1501 3608 1599 3660 σὺν
1647 3608 1868 3679 ἀκρίσιν
1894 3610 1957 3664 τὸ

369 3695 740 3770 Βουλγαρικὸν
771 3696 926 3760 ἔθνος
955 3697 1331 3763 ὲκπιέζοντος.
1363 3691 1661 3755 ὲδεδίείσαν
1709 3703 1811 3774 τὴν
1848 3703 1956 3757 τῶν

319 3805 323 3809 ·
381 3789 670 3860 Ῥωμαίων
692 3790 1002 3845 ἐπέλευσιν.
1045 3789 1249 3862 Βουλὴν
1269 3787 1363 3845 οὖν
1405 3791 1793 3863 ποιησάμενοι,
1817 3795 1959 3850 κατά

381 3883 671 3952 Ῥωμαίων
692 3883 1169 3950 ἐκστρατεύουσιν,
1202 3885 1296 3938 καὶ
1343 3885 1403 3936 ἐν
1433 3885 1741 3956 Μακεδονίᾳ
1784 3904 1960 3942 κατα-

370 3972 762 4046 λαμϐάνουσιν.
799 3963 1034 4030 Ἔπειτα
1069 3975 1336 4046 μαθόντες
1381 3978 1464 4032 ὄτι
1498 3977 1685 4048 μέλλει
1713 3980 1836 4033 κατ’
1863 3980 1960 4033 αὐ-

371 4065 478 4120 τῶν
526 4069 555 4120 ό
588 4065 847 4136 βασιλεὺς
895 4068 1174 4137 Ῥωμανὸς
1225 4069 1638 4139 ἐκστρατεύειν,
1696 4070 1958 4126 ἁποστέλ·

372 4157 522 4214 λουσι
545 4159 752 4230 Πέτρον
767 4175 827 4212 τε
867 4161 960 4213 καὶ
980 4157 1256 4231 Γεὼργιον
1280 4161 1532 4231 κρυφίως
1549 4163 1672 4216 τινὰ
1699 4165 1957 4234 μοναχὸν,

373 4251 687 4324 Καλοκύριν
738 4252 1186 4324 ὀνομαζόμενον,
1239 4253 1319 4325 τῷ
1372 4255 1519 4323 γένει
1569 4255 1956 4327 ’Δρμενιακὸν,

374 4343 737 4422 χρυσόϐουλον
760 4343 1176 4416 ἐπιφερόμενον.
1205 4344 1503 4417 Διηγόρευε
1529 4345 1584 4399 δὲ
1610 4345 1678 4402 τὰ
1707 4348 1765 4400 ἐν
1785 4347 1954 4419 αὐτῷ,

374 4439 448 4502 ὡς
480 4439 578 4509 τὴν
608 4437 746 4509 μετὰ
794 4438 1081 4508 Ῥωμαίων
1111 4438 1338 4510 εἰρήνην
1372 4437 1714 4505 ἀσπάζονται
1765 4441 1826 4496 οὑ
1863 4442 1960 4512 μό-

377 4550 485 4600 νον,
518 4532 657 4587 ἀλλὰ
707 4531 805 4585 καὶ
849 4533 1094 4602 γαμικὸν
1151 4533 1382 4603 ποιῆσαι
1441 4534 1820 4604 συνάλλαγμα.
1853 4536 1957 4590 Τὸν

375 4626 615 4681 τοιοῦτον
641 4621 736 4679 οὖν
762 4625 996 4695 μοναχὸν
1019 4628 1048 4680 ὁ
1080 4624 1333 4696 βασιλεὺς
1357 4624 1758 4696 ἀποδεξάμενος
1785 4629 1955 4699 ἀσμεο

377 4719 624 4785 νέστατα,
651 4713 900 4791 παρευθὺ
930 4719 1256 4774 ἀπέστειλεν
1283 4719 1422 4791 μετὰ
1451 4721 1729 4792 δρόμωνος
1755 4723 1815 4776 ὲν
1844 4723 1960 4777 Με-

380 4812 622 4886 σημϐρίᾳ
655 4812 746 4866 τὸν
790 4812 1024 4884 μοναχὸν
1074 4812 1354 4886 Θεόδωρον
1403 4815 1497 4869 τὸν
1536 4813 1829 4886 ⁹Δϐούκην,
1864 4818 1961 4872 καὶ

379 4904 666 4962 Βασιλικὸν
705 4905 971 4980 κληρικὸν
996 4906 1091 4960 τὸν
1125 4907 1332 4962 Ῥόδιον
1377 4907 1482 4980 τὴν
1510 4910 1738 4981 εἰρήνην
1768 4909 1962 4964 συλλα-

379 4997 534 5069 λῆσαι
561 5000 674 5063 τοίς
715 4997 1064 5072 Βουλγάροις.
1095 5001 1160 5054 Οἱ
1181 5000 1240 5055 δὲ
1270 5002 1733 5073 παραγενόμενοι,
1770 5003 1866 5057 καὶ
1887 5005 1956 5057 τά

380 5094 562 5148 είκότα
594 5092 1057 5165 συλλαλήσαντες,
1090 5092 1316 5164 ἐξῆλθον
1339 5094 1456 5164 ἅμα
1501 5093 1760 5166 Στεφάνῳ
1790 5096 1958 5150 Βουλ-

381 5187 530 5258 γάρῳ
583 5184 675 5239 διὰ
703 5186 802 5257 τῆς
835 5186 1026 5257 ξηρᾶς.
1063 5186 1327 5240 Ὀπισθεν
1374 5186 1432 5241 δὲ
1456 5187 1634 5242 αὐτῶν
1658 5189 1959 5244 κατέλαϐεν

386 5279 472 5333 καὶ
495 5279 768 5350 Γεώργιος
819 5283 848 5334 6
894 5279 1356 5351 Σουρσουϐούλης,
1396 5281 1490 5334 καὶ
1521 5284 1958 5352 παραγενόμενοι

385 5375 440 5428 ἔν
464 5373 1039 5429 Κωνσταντινουπόλει
1067 5373 1169 5445 τὴν
1207 5374 1434 5444 εἰρήνην
1461 5375 1810 5430 ἐσπείσαντο.
1833 5375 1960 5431 Θεα-

384 5466 605 5537 σάμενοι
653 5462 712 5522 δὲ
765 5465 862 5539 τὴν
925 5466 1206 5538 θυγατέρα
1248 5466 1626 5538 Χριστοφόρου
1694 5467 1960 5539 βασιλέως

387 5559 622 5632 Μαρίαν,
654 5561 752 5615 καὶ
781 5560 1035 5633 μεγάλως
1060 5559 1148 5615 ἐπ’
1176 5560 1314 5631 αὐτῇ
1341 5559 1685 5628 άρεσθέντες,
1715 5560 1964 5633 ἔγραψαν

384 5652 458 5724 τῷ
477 5655 667 5726 Πέτρῳ
689 5654 780 5709 διὰ
813 5654 1011 5724 τάχους
1050 5651 1481 5722 παραγενέσθαι.
1519 5651 1626 5706 Τοῦ
1650 5652 1964 5722 Βουλγάρου

385 5739 476 5800 (ὧν
504 5745 710 5816 Πέτρου
737 5743 1157 5809 καταλαϐόντος,
1188 5745 1434 5819 τριήρεις
1461 5746 1489 5798 ό
1522 5743 1777 5814 βασιλεὺς
1825 5745 1960 5800 Ῥω-

2063 3351 2174 3388 rem
2219 3334 2389 3396 dedit.
2439 3333 2682 3403 principe
2731 3335 2940 3387 relicto.
2989 3331 3196 3386 Exinde
3237 3330 3643 3402 circumposita

2061 3429 2332 3498 regiones.
2357 3427 2540 3480 audita
2565 3424 2841 3479 Simeonis
2864 3433 3059 3486 morte,
3093 3424 3356 3478 adversus
3382 3423 3644 3492 Bulgaros

2059 3536 2210 3575 arma
2243 3523 2521 3588 suscipere
2540 3519 2963 3573 meditabantur.
2981 3516 3146 3571 Fame
3167 3527 3360 3570 autem-
3380 3532 3486 3570 una
3514 3531 3643 3572 cum

2063 3616 2396 3668 locusta-rum
2427 3611 2669 3681 pernicie
2700 3611 3257 3680 Bulgarorutn-terras
3291 3609 3642 3677 deposcente,

2061 3707 2431 3762 Romanorum
2493 3707 2794 3760 titnuerunt
2863 3705 3140 3759 incursus.
3202 3703 3396 3757 llabito
3457 3703 3646 3773 itaque

2059 3800 2291 3854 consilio
2326 3798 2484 3869 503
2517 3803 2778 3850 adversus
2806 3795 3082 3849 Romanos
3130 3795 3229 3863 ipsi
3258 3805 3561 3860 armantur,
3589 3800 3647 3849 et

2061 3906 2154 3960 per
2190 3889 2560 3943 Macedoniam
2607 3888 2896 3942 ell‘undunt
2933 3889 3251 3941 exercitum.
3292 3886 3427 3941 Cum
3460 3885 3649 3942 audis-

2061 3991 2184 4037 sent
2210 3997 2342 4036 vero
2372 3981 2676 4036 Romanum
2698 3981 3078 4049 impetatorem
3115 3980 3300 4048 copias
3332 3979 3384 4032 in
3417 3994 3512 4032 eos
3542 3994 3645 4050 pa-

2061 4086 2294 4141 rantem,
2312 4073 2555 4140 Petrum,
2580 4086 2631 4130 et
2657 4074 2948 4147 Georgium
2979 4077 3269 4144 quemdam
3293 4075 3646 4136 monachum,

2060 4171 2386 4238 cognomine
2439 4169 2771 4240 Calocyrim,
2819 4184 3018 4241 genere
3074 4163 3370 4220 Armennm
3420 4181 3642 4220 auream

2064 4263 2265 4316 bullam
2327 4259 2588 4314 ferentem
2648 4261 2878 4314 latenter
2934 4259 3203 4330 delegant.
3239 4257 3407 4313 Bulla:
3474 4260 3646 4314 series

2062 4363 2217 4408 erat:
2279 4353 2544 4424 Bulgaros
2601 4369 2709 4407 non
2765 4368 2954 4422 pacem
3002 4352 3164 4406 modo
3210 4367 3332 4405 cum
3386 4351 3651 4404 llomanis

2062 4447 2337 4516 amplecti,
2390 4446 2485 4501 sed
2537 4454 2592 4499 et
2648 4445 3052 4500 connubiorum
3111 4433 3643 4514 foedera‘prosequi.

2068 4541 2388 4596 Monachum
2429 4539 2742 4608 hujusmotli
2778 4553 2904 4592 cum
2940 4537 3234 4607 imperator
3267 4537 3652 4594 lubentissime

2065 4633 2415 4703 suscepisset,
2449 4633 2691 4687 eelocem
2723 4632 2964 4701 expediit
3000 4632 3315 4696 confestim,
3361 4641 3414 4686 et
3451 4648 3644 4686 mona-

2058 4727 2218 4781 chum
2245 4723 2591 4778 Theodorum
2616 4723 2954 4786 Abucem,et
2978 4723 3181 4790 regium
3213 4723 3470 4777 clericum
3495 4722 3648 4777 lilio-

2059 4817 2350 4881 donatum,
2412 4825 2470 4869 ut
2526 4815 2594 4870 de
2651 4829 2783 4885 pace
2842 4829 2965 4868 cum
3023 4813 3271 4882 Bulgaris
3328 4822 3655 4882 tractarent,

2059 4906 2444 4964 Mesembriam
2468 4906 2789 4960 destinavit.
2829 4907 2907 4959 llli
2939 4905 3186 4975 profecti,
3219 4915 3276 4960 et
3303 4906 3532 4978 negotiis
3556 4922 3651 4963 ac-

2063 4999 2351 5056 commoda
2380 4999 2661 5064 collocuti,
2687 5014 2793 5054 uua
2824 5016 2945 5053 cum
2975 4998 3250 5070 Stephano
3281 5001 3512 5070 Bulgaro
3554 5017 3656 5070 per

2065 5095 2437 5151 continentem
2483 5091 2587 5149 iter
2615 5106 2868 5163 egerunt.
2897 5092 3066 5149 Retro
3093 5110 3188 5150 eos
3211 5095 3482 5165 Georgius
3515 5094 3649 5149 Sur-

2065 5187 2288 5244 subules
2315 5187 2545 5257 appulit,
2585 5195 2640 5241 et
2671 5188 3202 5257 Constantinopolim
3231 5187 3414 5248 cuncti
3446 5201 3656 5242 conve-

2068 5283 2296 5346 nientes,
2311 5282 2461 5351 pacis
2478 5279 2683 5336 foedera
2713 5291 3033 5336 sanxerunt.
3059 5277 3282 5345 Mariam
3307 5294 3459 5344 vero,
3488 5278 3654 5333 Chri-

2099 5373 2311 5446 tophori
2355 5375 2698 5446 imperatoris
2754 5375 2952 5440 tiliam,
2993 5374 3370 5444 contemplati,
3415 5383 3469 5429 et
3528 5373 3658 5444 ejus

2065 5482 2415 5538 summopere
2452 5468 2701 5524 delectati
2733 5477 2978 5537 aspectu,
3014 5466 3175 5522 Petro
3197 5468 3557 5538 scripserunt,
3591 5476 3654 5523 ut

2062 5561 2393 5635 quantocius
2446 5562 2753 5618 accederet.
2804 5561 2967 5618 Petro
3021 5562 3257 5633 Bulgaro
3304 5560 3658 5624 adveniente,

2063 5657 2381 5715 conscensis
2407 5657 2725 5713 triremibus
2755 5654 2820 5710 ad
2849 5653 3178 5712 Blachernas
3210 5656 3508 5726 imperator
3537 5651 3652 5707 Ro-

2066 5767 2264 5809 manus
2294 5765 2358 5807 se
2393 5751 2626 5807 contulit
2657 5769 2670 5805 :
2702 5747 2946 5820 viditque
2985 5748 3231 5816 Petrum,
3265 5758 3318 5805 et
3367 5744 3630 5805 salutavit

1540 5837 1789 5909 resne.
1814 5839 2207 5901 consensa
2251 5839 2392 5902 sor
2413 5843 2483 5901 az.

458 5931 565 6006 (50)
604 5931 722 5990 Τῶν
749 5932 1210 6008 ἀπορρητπέρων
1245 5931 1436 6001 αὑτοῦ,
1462 5941 1593 5990 utet
1627 5934 1739 5989 alii.
