4038 6298
407 419 543 503 1151

1601 414 1879 476 LEONIS
1914 407 2398 481 GRAMMATICI

3537 397 3672 469 1152

403 531 478 589 Ut
502 544 631 585 vero
659 528 727 582 de
750 528 1086 599 negotiorum
1123 523 1537 580 diﬂicultatibus
1582 532 1981 584 convenerunt.

2096 521 2259 591 μανὸς
2295 520 2489 580 ἐπιϐὰς
2536 522 2593 572 ἐν
2640 517 2973 591 Βλαχέρναις
3018 520 3373 589 παρεγένετο,
3430 518 3524 573 καὶ
3586 522 3673 574 τὸν

401 620 730 691 conscriptis
759 622 907 693 pacis
928 618 1357 682 conditionibus,
1379 618 1645 687 nuptiales
1671 628 1987 673 contractus

406 720 753 783 peregerunt.
786 709 1037 764 Octobris
1061 708 1257 763 deinde
1292 710 1496 763 mensis
1519 709 1603 763 die
1633 718 1826 763 octavo
1858 724 1985 778 pro-

405 817 625 872 gressus
660 799 967 869 patriarcha
998 798 1307 867 Stephanus
1339 813 1442 852 una
1482 814 1605 853 cum
1655 797 1987 866 Theophane

405 892 828 962 protovestiario
877 899 932 944 et
981 889 1149 945 Maria
1198 890 1585 960 ChristOphori
1642 890 1989 960 imperatoris

408 983 540 1050 ﬁlia,
574 991 629 1038 et
667 984 921 1037 universo
972 990 1161 1037 senatu
1216 981 1281 1035 ad
1333 982 1693 1036 sanctissimae
1748 982 1989 1052 Deiparae

407 1076 669 1145 templum
704 1074 770 1129 ad
826 1073 1017 1144 Pegas,
1065 1072 1285 1129 Petrum
1340 1084 1395 1128 et
1436 1074 1663 1130 Mariam
1713 1076 1987 1145 eonjugali

405 1166 786 1223 benedictione
812 1166 1039 1247 sociavit
1067 1184 1080 1220 :
1114 1180 1412 1235 mensaque
1440 1175 1760 1235 sumptuosa
1786 1178 1840 1223 et
1871 1184 1989 1223 ma-

407 1259 859 1333 gniﬁcentissima
900 1259 1186 1322 instructa,
1217 1258 1541 1328 cunctisque
1571 1260 1635 1313 ad
1666 1261 1985 1331 nuptiarum

409 1351 680 1409 solemnia
710 1351 1085 1420 spectantibus
1124 1351 1226 1405 rite
1279 1350 1668 1420 splendideque
1728 1355 1986 1421 peractis,

411 1446 773 1515 Theophanes
791 1444 1240 1515 protovestiarius
1274 1460 1379 1498 una
1400 1461 1522 1500 cum
1550 1444 1713 1500 Maria
1753 1446 1992 1518 impera-

412 1540 550 1594 toris
579 1538 686 1593 tilia
716 1537 769 1591 in
806 1537 994 1592 urbem
1028 1552 1281 1593 reversus
1309 1549 1412 1593 est.
1446 1538 1537 1593 Die
1565 1552 1744 1595 autem
1774 1544 1990 1613 nuptias

408 1643 674 1702 sequente
720 1630 880 1685 tertio
935 1628 1216 1685 Romanas
1275 1632 1570 1699 imperator
1612 1634 1662 1686 in
1709 1636 1985 1699 machina,

408 1728 526 1782 sive
556 1726 800 1781 tabulato
847 1726 912 1779 ad
957 1724 1126 1795 Pegas
1168 1724 1515 1794 magniﬁcum
1549 1729 1761 1795 paravit
1797 1730 1987 1783 convi-

407 1820 583 1875 vium.
631 1817 745 1874 Non
789 1818 1016 1873 minima
1049 1834 1214 1888 porro
1258 1820 1610 1875 contentione
1659 1836 1687 1873 a
1740 1822 1987 1893 Bulgaris

407 1914 669 1977 excitata,
702 1919 763 1966 ut
793 1911 944 1980 prius
972 1887 1423 1981 Christophorus,
1446 1912 1642 1967 deinde
1673 1887 1989 1969 Censtanti-
2024 1887 2063 1945 Β

409 2022 515 2061 nus
582 2005 1036 2060 acclamationum
1092 2004 1345 2074 precibus
1415 2005 1789 2074 exciperetur,
1843 2009 1988 2063 votis

408 2112 596 2154 eorum
632 2098 961 2167 imperatore
1006 2097 1288 2162 obsecuto,
1313 2098 1460 2166 quod
1491 2098 1744 2166 petebant
1782 2100 1989 2169 praesti-

412 2197 525 2245 tum
557 2199 657 2257 est.
681 2187 1006 2259 Nuptiarum
1052 2202 1233 2244 autem
1263 2190 1576 2245 celebritate
1608 2202 1849 2261 peracta,
1876 2193 1989 2247 Ma-

410 2284 602 2350 riaque
631 2282 683 2336 in
717 2282 1023 2351 Bulgariam
1056 2282 1158 2337 iter
1214 2297 1499 2352 capessere
1525 2282 1746 2352 jamjatn
1781 2297 1986 2354 parata,

411 2372 751 2427 llebdomum
788 2387 963 2441 usque
996 2380 1250 2441 parentes
1283 2368 1401 2426 eam
1435 2373 1679 2427 comitati
1714 2377 1987 2443 prosecuti

411 2478 563 2533 sunt,
601 2467 673 2521 ibi
712 2469 765 2522 in
806 2482 925 2522 eam
959 2465 1300 2531 circumfusi,
1328 2474 1385 2521 et
1434 2467 1582 2537 largo
1624 2467 1988 2537 iacryrnarum

412 2559 675 2629 impluvio
701 2558 923 2625 madidi,
974 2567 1033 2613 ut
1067 2557 1391 2612 dilectorum
1429 2558 1848 2626 praecordiorum
1887 2577 1988 2615 usu

411 2650 565 2705 orbis
615 2651 931 2718 contingere
974 2648 1133 2711 solet,
1196 2648 1603 2703 tristabantur:
1666 2649 1993 2718 tandemque

412 2755 693 2811 generum,
731 2740 836 2794 lilia
878 2739 998 2809 ejus
1048 2739 1303 2811 potestati
1344 2741 1541 2795 tradita
1576 2741 1894 2805 deosculati,
1938 2745 1991 2797 in

411 2832 619 2902 regiam
665 2833 864 2887 reversi
902 2841 1049 2888 sunt.
1088 2830 1180 2886 Sic
1221 2832 1385 2886 Maria
1426 2832 1778 2905 Bulgarorum
1813 2835 1995 2890 mani-

415 2924 519 2978 bus
549 2923 740 2977 tradita
771 2923 823 2977 in
855 2923 1162 2994 Bulgariam
1190 2923 1431 2994 profecta
1460 2933 1567 2979 est.

486 3104 565 3158 Eo
589 3110 831 3173 tempore
865 3102 1024 3172 legati
1044 3102 1207 3176 504,
1232 3104 1380 3172 pacis
1407 3102 1606 3160 foedera
1640 3105 1995 3176 compositnri

414 3208 445 3249 e
472 3194 713 3250 Melitine
753 3196 819 3250 ad
860 3196 1242 3265 imperatorem
1280 3195 1586 3251 Romanum
1622 3211 1991 3257 accesserunt.

414 3284 531 3339 Non
555 3286 645 3339 diu
665 3296 788 3357 post
812 3290 1061 3357 Apocaps
1086 3289 1248 3342 Amer
1270 3304 1437 3357 nepos
1451 3288 1718 3345 Melitiues
1746 3293 1991 3358 Ameras,

416 3385 470 3431 ct
507 3377 799 3447 Apolasath
839 3379 947 3432 dux
985 3379 1364 3435 nobilissimus
1394 3393 1445 3434 et
1488 3382 1794 3437 ditissimus
1840 3382 1993 3437 Meli-

417 3471 544 3525 tinaa
594 3470 832 3525 advenit.
882 3469 974 3525 Isti
1028 3474 1285 3541 congruis
1333 3474 1632 3528 honoribus
1679 3491 1708 3529 α
1747 3475 1994 3530 Romano

414 3558 663 3630 excepti,
692 3562 858 3631 ~pacis
900 3562 1307 3635 conditionibus
1357 3563 1605 3629 tirtnatis,
1653 3566 1709 3618 in
1763 3567 1993 3636 patriam

418 3654 620 3708 reversi
646 3662 795 3708 sunt.
818 3656 1069 3725 Apocaps
1092 3666 1272 3711 autem
1302 3657 1418 3712 viro
1442 3660 1708 3728 prudente
1736 3669 1790 3714 et
1814 3661 1994 3730 sagaci

418 3745 553 3799 vivis
588 3757 795 3817 erepto,
828 3763 1014 3817 pacem
1058 3751 1321 3805 continuo
1352 3751 1745 3807 dissolverant.
1794 3755 1854 3808 lu
1900 3769 1997 3810 eos

418 3848 600 3892 autem
649 3839 963 3908 irrumpunt
1018 3841 1329 3895 scholarum
1383 3842 1717 3898 domesticus
1759 3845 1997 3902 Joannes

416 3930 683 3995 Curcuas,
710 3948 815 3985 una
844 3950 965 3986 rum
998 3933 1323 4005 legionibus,
1351 3944 1404 3989 et
1433 3934 1618 3992 Melias
1645 3952 1769 3992 cum
1798 3938 1997 4009 adjun-
2029 3985 2036 3992 .

419 4026 522 4080 etis
567 4025 670 4080 sibi
709 4027 1003 4082 Armenis:
1044 4039 1098 4083 et
1128 4031 1194 4083 ad
1238 4044 1331 4085 eas
1366 4030 1651 4098 angustias
1700 4030 1996 4087 Melitinem

420 4118 765 4187 adigunt,ut
801 4130 919 4175 eam
954 4136 983 4176 e
1028 4123 1254 4192 vestigio
1292 4132 1525 4188 vastent,
1562 4134 1612 4179 et
1650 4124 1896 4183 funditus
1931 4127 1997 4180 ad

405 4210 594 4265 solum
614 4221 881 4266 evertant.
902 4212 1192 4268 Melitinem
1220 4214 1384 4283 igitur
1406 4216 1459 4268 in
1489 4216 1816 4270 curatoriam
1841 4216 1998 4272 insti-

424 4287 552 4358 tuit'
581 4304 895 4374 imperator,
945 4306 1194 4376 plurimis
1241 4309 1354 4361 auri
1402 4320 1455 4363 et
1504 4310 1714 4376 argenti
1758 4311 1999 4365 millibus

422 4397 705 4451 annuatim
726 4399 1040 4468 colligendis
1061 4399 1232 4453 eidem
1259 4399 1544 4470 impositis.
1578 4399 1797 4457 Nicelas
1817 4412 1997 4458 autem

424 4490 686 4560 magister
710 4501 765 4551 et
785 4490 1164 4561 Christophori
1198 4491 1544 4562 imperatoris
1570 4508 1728 4550 socer
1756 4495 1914 4565 quasi
1946 4498 1997 4551 in

2090 612 2297 682 Πέτρον
2319 612 2582 666 ἐθεάσατό
2614 629 2674 663 τε
2706 613 2799 664 καὶ
2826 613 3238 681 κατησπάσατο.
3304 615 3460 666 Ἐπεὶ
3492 612 3549 666 δε
3583 615 3676 665 ἀλ-

2086 704 2271 775 λήλοις
2310 701 2391 779 ,τὰ
2421 706 2609 757 εἰκότα
2659 705 3067 774 συνωμέλησαν,
3095 704 3398 776 γράφοντες
3431 706 3500 758 τὰ
3549 707 3677 774 σύμ-

2088 816 2240 866 φωνα
2266 800 2361 867 τῆς
2391 800 2636 868 εἰρήνης,
2666 802 2759 851 καὶ
2780 800 2847 851 τὰ
2872 800 3083 868 γαμικὰ
3107 799 3454 869 ἀλλάγματο..
3486 800 3676 872 Ὀγδὲῃ

2086 883 2143 940 δὲ
2172 887 2266 940 τοῦ
2312 889 2644 955 Ὀκτωόρίου
2679 890 2905 958 ἐξῆλθεν
2952 893 2979 943 ὀ
3013 892 3355 962 πατριάρχης
3404 892 3675 959 Στέφανος

2086 979 2202 1050 ἅμα
2251 982 2515 1050 θεοφάνει
2563 984 3049 1054 πρωτοϐεστιαρέῳ
3089 987 3184 1036 καὶ
3243 985 3434 1054 Μαρίᾳ
3479 988 3548 1053 τῇ
3585 982 3674 1037 τοῦ

2090 1072 2356 1143 βασιλέως
2387 1074 2763 1144 Χριστοφόρον
2801 1076 3035 1144 θυγατρὶ
3080 1078 3173 1129 καὶ
3228 1076 3380 1143 tris-ﬂ
3443 1078 3511 1145 τῇ
3552 1092 3677 1140 συγ-

2089 1162 2272 1233 κλήτῳ
2306 1166 2385 1226 εἰς
2440 1165 2530 1216 τὸν
2577 1166 2706 1218 ναὸν
2741 1166 2839 1235 τῆς
2903 1166 3210 1236 ὑπεραγίας
3262 1166 3530 1218 Θεοτὸκου
3577 1164 3680 1232 τῆς

2090 1258 2303 1329 Πηγῆς,
2344 1260 2438 1311 καὶ
2470 1259 2763 1328 εὐλόγησεν
2800 1260 3004 1329 Πέτρον
3041 1276 3101 1311 τε
3135 1261 3229 1311 καὶ
3262 1258 3676 1327 Μαρίαν.Λαμ-

2093 1356 2232 1424 api;
2262 1354 2317 1406 δὲ
2377 1354 2470 1406 καὶ
2520 1353 2846 1416 πολυτελοῦς
2899 1355 3204 1421 γενομένης
3248 1352 3552 1423 τραπέζης,
3586 1350 3676 1401 καῖ

2091 1447 2310 1499 πάντων
2333 1447 2441 1499 τῶν
2474 1445 2799 1513 εἰθισμένων
2831 1450 2946 1509 τοῖς
2976 1448 3176 1515 γάμοις
3210 1445 3453 1515 φαιδρῶς
3490 1446 3676 1495 ἐπιτε-

2089 1538 2411 1603 λεσθέντων,
2438 1538 2687 1607 εἰσῆλθεν
2717 1538 2997 1607 Θεοφάνης
3031 1538 3535 1608 πρωτοὸεστιάριος
3564 1537 3677 1605 ἅμα

2091 1631 2285 1702 Μαρίᾳ
2310 1632 2374 1701 τῇ
2405 1626 2638 1707 θυγατρὶ
2662 1632 2755 1684 τοῦ
2787 1631 3053 1702 βασιλέως
3100 1633 3159 1683 ἐν
3187 1633 3251 1701 τῇ
3302 1630 3490 1684 πόλει·
3530 1631 3595 1698 τῇ
3622 1629 3677 1681 δὲ

2091 1725 2253 1797 τρίτῃ
2308 1723 2403 1777 τοῦ
2433 1726 2613 1793 γάμου
2653 1725 2837 1796 ἡμέρα
2887 1724 3149 1793 ἐποίησεν
3184 1726 3213 1775 ὁ
3245 1722 3503 1791 βασιλεὺς
3548 1722 3679 1774 Ῥω-

2096 1820 2262 1885 μανδς
2286 1818 2521 1886 εὐωχίαν
2542 1817 2805 1886 λαμπρὰν
2834 1819 2889 1869 ὲν
2917 1818 2983 1887 τῇ
3010 1817 3116 1867 τῶν
3142 1814 3343 1885 Πηγῶν
3365 1812 3677 1884 ὰποῆἁθρᾳ.

2093 1908 2213 1961 Τῶν
2241 1909 2295 1961 δὲ
2339 1909 2663 1978 Βονλγὰρων
2687 1909 2938 1962 ἔνστασιν
2960 1909 3020 1961 οὑ
3056 1910 3262 1979 μικρὰν
3291 1907 3677 1976 ποιησαμένων

2092 1999 2355 2069 πρότερον
2387 2000 2759 2068 εὐφημεῖσθαι
2781 2000 2821 2051 Χ
2834 1998 3177 2069 ριστοφόρον,
3212 1995 3317 2051 εἷθ’
3344 1998 3488 2051 οὕτω
3524 1999 3676 2049 Κων-

2094 2092 2392 2153 σταντῖνον,
2418 2089 2637 2155 ὑπεῖξεν
2668 2091 2732 2157 τῇ
2771 2088 3022 2141 ἐνστάσει
3066 2089 3093 2140 ὁ
3122 2085 3401 2155 βασιλεὺς,
3457 2083 3551 2135 καὶ
3582 2081 3674 2151 γέ-

2091 2196 2248 2249 γονεν
2277 2181 2414 2251 ὅπερ
2448 2182 2742 2250 ᾐτήσαντο.
2791 2179 3009 2248 Ἐπειδὴ
3039 2178 3096 2230 δὲ
3131 2178 3311 2230 πάντα
3348 2179 3404 2228 ὲν
3435 2177 3546 2237 τοῖς
3580 2175 3678 2241 γὰο

2096 2290 2218 2340 μοις
2249 2254 2736 2344 συνετελέσθησαν,
2770 2274 2862 2325 καὶ
2891 2272 3087 2342 ἔμελλε
3146 2271 3333 2336 Μαρία
3386 2270 3487 2339 τὴν
3540 2268 3677 2338 πρὸς

2094 2366 2431 2435 Βουλγαρίαν
2462 2360 2577 2441 ῥδὸν
2602 2365 2829 2438 ὁδεύειν,
2863 2367 2910 2417 οἱ
2941 2363 3149 2434 ταύτης
3182 2367 3363 2431 γονεῖς
3397 2362 3559 2433 μέχρι
3581 2359 3674 2413 τοῦ

2104 2456 2366 2528 Ἐῦδὸμου
2398 2457 2723 2529 συνεξῆλθον
2757 2458 2920 2528 αὐτῇ,
2968 2456 3473 2527 περιχυθέντωνιτῇ
3510 2448 3677 2521 θυγα-

2094 2552 2205 2620 τρὶ,
2235 2550 2326 2602 καὶ
2386 2549 2559 2603 πολλὰ
2608 2549 2876 2618 κατέχεαν
2914 2548 2985 2601 τὰ
3011 2548 3248 2618 δάκρυα,
3281 2548 3376 2599 καὶ
3407 2546 3482 2608 ὡς
3531 2548 3677 2609 εἰκὸς

2095 2643 2187 2695 ἐπὶ
2211 2642 2465 2713 στερήσει
2495 2642 2806 2711 σπλάγχνου
2827 2639 3037 2710 πεποθη
3048 2641 3213 2711 μένου
3236 2642 3328 2694 τόν
3350 2658 3409 2692 τε
3430 2639 3677 2708 γαμὸρὸν

2096 2737 2496 2807 ἀσπασάμενοι,
2524 2736 2615 2790 καὶ
2644 2735 2851 2803 ταύτην
2884 2737 3007 2797 ταῖς
3036 2736 3228 2789 τούτου
3274 2733 3434 2804 χερσὶ
3459 2731 3675 2801 περιθὲ⁸

2100 2846 2253 2900 μενοι
2282 2830 2339 2881 ὲν
2371 2831 2481 2892 τοῖς
2504 2827 2799 2898 βασιλείοις
2828 2826 3199 2896 ὑπέστρεψαν.
3225 2826 3414 2894 Μαρία
3439 2825 3493 2877 δὲ
3516 2824 3673 2876 Βουλ-

2097 2922 2354 2992 γαρικαῖς
2410 2920 2781 2994 παραδοθεῖσα
2821 2919 3011 2991 χερσὶν
3068 2918 3168 2992 τὴν
3194 2920 3290 2973 ἐπὶ
3340 2916 3675 2987 Βουλγαρίαν

2099 3014 2285 3085 ἀπῄει.

2171 3108 2304 3161 Τότε
2343 3107 2401 3160 δὲ
2451 3107 2708 3179 πρέσϐεις
2739 3106 2872 3177 πρὸς
2906 3107 2997 3162 τὸν
3036 3105 3264 3176 βασιλέα
3302 3102 3587 3175 Ῥωμανδν
3615 3103 3677 3156 sx

2101 3199 2391 3270 Μελιτινῆς
2426 3202 2789 3271 παρεγένοντο
2836 3200 3119 3269 εἰρηνικὰς
3167 3197 3397 3261 σπονδὰς
3434 3199 3674 3266 ποιῆσαι.

2096 3291 2230 3345 Μετ’
2264 3291 2324 3343 οὑ
2350 3290 2482 3343 πολὺ
2523 3291 2768 3360 Ἀπόκαφ
2795 3292 2823 3343 ὁ
2846 3291 2938 3344 τοῦ
2984 3290 3153 3360 Ἀμὲρ
3204 3290 3423 3357 ἔκγονος
3460 3288 3679 3358 ἁμηρὶς

2094 3384 2191 3449 τῆς
2217 3384 2532 3454 Μελιτινῆς,
2563 3384 2656 3437 καὶ
2688 3383 2998 3437 Ἀπολασὰθ
3034 3384 3159 3453 (δυ’
3180 3383 3489 3454 στρατηγὸς
3523 3382 3689 3450 εὖγε-ι

2095 3476 2351 3540 νέστατσς
2380 3477 2472 3529 καὶ
2497 3476 2755 3541 πλούσιος
2784 3474 2859 3530 ὢν
2891 3478 2955 3530 ὲκ
2984 3476 3279 3544 Μελιτινῆς
3324 3476 3677 3550 παρεγένετο.

2109 3570 2527 3641 Ἀποδεχθέντες
2579 3569 2672 3626 οὖν
2730 3572 2868 3643 μετὰ
2928 3572 3028 3642 τῆς
3085 3569 3473 3641 προσηκούσης
3520 3568 3686 3639 τιμῆἰ

2097 3664 2250 3735 παρὰ
2289 3663 2594 3734 ’1’ωμανοῦ,
2622 3665 2716 3718 καὶ
2773 3664 3041 3735 σύμφωνα
3071 3664 3295 3734 εἰρήνης
3329 3663 3680 3732 ποιήσαντες,

2097 3757 2449 3829 ὑπέστρεψαν
2504 3760 2642 3831 πρὸς
2691 3759 2760 3811 τὰ
2811 3758 2940 3812 ἴδια.
2980 3757 3416 3826 Τελευτήσαντος
3468 3755 3526 3809 δὲ
3590 3752 3687 3809 τοῦ

2111 3850 2359 3919 ’Λπόκαψ
2386 3850 2577 3922 ἀνδρὸς
2601 3851 2870 3922 φρονίμου
2901 3850 2997 3902 καὶ
3024 3849 3271 3911 συνετοῦ,
3314 3848 3570 3901 διέλυσαν
3588 3847 3697 3915 τὴν»

2097 3945 2341 4016 εἰρήνην.
2384 3944 2843 4014 Ἐκστρατεύουσι
2874 3943 2931 3997 δὲ
2957 3944 3078 3996 κατ’
3125 3942 3304 3996 αὐτῶν
3326 3982 3342 4004 ,
3382 3943 3410 3994 ὅ
3435 3958 3497 3992 τε
3524 3939 3683 4010 δομέ-

2101 4054 2285 4100 στικος
2304 4035 2414 4089 τῶν
2448 4034 2658 4107 σχολῶν
2695 4034 2952 4105 Ἰωάννης
2985 4036 3014 4088 ὁ
3057 4032 3378 4103 Κουρκούας
3408 4032 3550 4102 μετὰ
3594 4032 3684 4083 καὶ

2101 4129 2208 4182 τῶν
2252 4128 2529 4199 θεμάτων,
2580 4128 2674 4181 καὶ
2711 4129 2739 4181 ὁ
2793 4127 3000 4188 Μελίας
3034 4126 3173 4196 μετὰ
3198 4124 3307 4177 τῶν
3342 4122 3682 4195 Ἀρμενίων

2099 4220 2194 4271 καὶ
2224 4220 2304 4282 εἰς
2333 4218 2607 4288 τοσαύτην
2640 4217 2899 4271 στένωσιν
2924 4219 3023 4286 τὴν
3054 4216 3350 4285 Μελιτινὴν
3392 4215 3685 4286 περιέστη-

2102 4327 2223 4376 σαν,
2278 4309 2421 4364 ὥστε
2453 4312 2625 4380 αὐτὴν
2678 4308 3074 4378 συντομώτατα
3123 4307 3563 4378 ἐκπορθηθῆναι,
3592 4306 3685 4358 καὶ

2100 4406 2187 4458 ἐπ’
2219 4405 2452 4473 ἐδάφους
2492 4404 2896 4474 καταστρέψαιί
2920 4402 3137 4472 Ταύτην
3166 4398 3259 4455 οὖν
3290 4400 3587 4469 Μελιτινὴν
3606 4398 3686 4462 εἰς

2103 4499 2484 4570 κουρατωρίαν
2518 4498 2979 4566 ἀποκαταστήσας
3003 4498 3031 4550 ὁ
3058 4495 3333 4566 βασιλεὺς,
3372 4493 3571 4556 πολλὰς
3600 4510 3685 4561 χι·-

424 4591 628 4648 patrem
666 4583 981 4651 insurgendi
1021 4582 1309 4637 consilium
1336 4584 1598 4651 dedisset,
1630 4594 1684 4640 et
1726 4602 1849 4641 eum
1897 4589 1993 4641 im-

2104 4592 2287 4655 λιάδας
2317 4594 2544 4664 χρυσίου
2574 4594 2669 4646 καὶ
2691 4591 2959 4664 ἀργυρίου
2990 4590 3200 4642 ἐκεῖθεν
3228 4584 3689 4657 δεσμοςρορείσθαι

424 4673 572 4740 perio
624 4674 857 4743 dejicere
917 4675 1308 4742 consuluisset,
1358 4686 1652 4732 accusatus
1694 4689 1800 4735 est.
1858 4677 1993 4736 Eum

424 4778 707 4837 propterea
742 4768 872 4823 urbe
907 4769 1122 4837 pulsum
1171 4770 1537 4825 detonderunt
1576 4773 1928 4829 monachum.

2106 4687 2341 4758 ὲτησίως
2386 4686 2709 4756 πεποίηκεν.
2761 4684 3132 4755 Κατηγορήθη
3161 4682 3215 4736 δὲ
3252 4683 3497 4751 Νικήτας
3526 4681 3553 4732 ὁ
3584 4680 3687 4749 μὰο

2111 4796 2331 4851 γιστρος
2364 4783 2460 4833 καὶ
2514 4779 2778 4850 πενθερὸς
2830 4777 3209 4849 Χριστορόρου
3262 4774 3550 4845 βασιλέως,
3613 4770 3685 4832 ὡς

425 4862 815 4932 ὑποτιθέμενος
846 4863 991 4933 αὑτῷ
1022 4864 1160 4916 κατά
1184 4863 1277 4917 τοῦ
1318 4863 1446 4918 ἰδέου
1478 4866 1730 4933 γενέσθαι
1764 4868 1992 4940 πατρὸς,
2038 4873 2132 4926 καὶ
2166 4873 2268 4943 τῆς
2293 4873 2569 4944 βασιλεὲας
2596 4873 2757 4928 αὑτὸν
2781 4870 3031 4938 ὲξεῶσαι.
3067 4869 3268 4923 Τοῦτον
3334 4868 3427 4921 οὖν
3494 4865 3686 4934 ἐξαγας

423 4955 615 5025 γόντες
644 4956 744 5024 τῆς
777 4955 985 5019 πόλεως
1007 4957 1309 5030 ἁπέκειραν
1340 4960 1597 5029 μοναχόν.

500 5075 697 5130 Mensis
725 5084 903 5129 autem
926 5072 1051 5151 Julii
1090 5075 1177 5130 die
1208 5075 1422 5131 decimo
1452 5087 1669 5142 octavo,
1702 5077 1993 5133 indictione

2177 5078 2321 5151 Μηνὶ
2347 5078 2404 5131 δὲ
2446 5075 2649 5147 Ἰουλίῳ
2678 5075 2841 5148 ὀγδόῃ
2876 5074 2969 5145 καὶ
2995 5073 3197 5149 δεειάτῃ
3241 5071 3571 5136 ινδικτιῶνος
3596 5073 3688 5130 ἔι-

428 5178 599 5231 svxta,
625 5166 932 5236 Stephanus
956 5148 1265 5237 patriarcha
1288 5169 1519 5223 moritur
1542 5188 1555 5222 :
1580 5178 1694 5223 tum
1720 5169 1993 5224 Decembri

2101 5148 2459 5240 τηςτελευτᾷ
2500 5169 2767 5236 Στέφανος
2814 5168 3155 5237 πατριάρχης
3183 5182 3196 5196 ⁸
3253 5167 3579 5238 AaV-596?“?
3631 5165 3687 5221 δὲ

429 5273 618 5313 tnense
649 5258 993 5329 Tryphonem
1022 5261 1376 5325 monachum,
1409 5260 1625 5331 pietatis
1652 5271 1707 5316 et
1745 5262 1993 5317 sanctita-

2105 5260 2235 5332 μηνὶ
2285 5260 2479 5327 ἄγουσι
2536 5258 2579 5310 Τ
2588 5257 2809 5328 ρύφωνα
2878 5257 3110 5326 μοναχὸν
3145 5256 3232 5308 ἐπ’
3285 5256 3553 5327 εὐλαϐείᾳ
3593 5256 3683 5310 καὶ

432 5354 502 5407 tis
548 5352 859 5407 testimonio
889 5352 1179 5423 insignem,
1199 5354 1456 5408 ordinant
1485 5356 1876 5425 patriarcham,
1902 5356 1993 5411 do-

2104 5353 2356 5423 ἁγιότητι
2382 5350 2854 5423 μαρτυρούμενον.
2886 5350 2980 5402 καὶ
3022 5347 3390 5420 χειροτονοῦσι
3405 5351 3681 5419 πατριάρ·

434 5462 536 5501 nec
563 5445 739 5501 aetatis
779 5458 976 5501 metam
1010 5447 1355 5517 imperatoris
1383 5448 1612 5503 Romani
1651 5448 1793 5504 ﬁlius
1822 5448 1993 5503 Theo-

2111 5464 2234 5515 χην,
2270 5444 2460 5514 μέχρις
2519 5444 2583 5496 ἂν
2615 5444 2693 5505 εἰς
2741 5442 2939 5513 μέτρον
2975 5441 3190 5512 ἡλικίας
3226 5440 3458 5516 φθάσῃὸ
3484 5441 3687 5511 650396-

435 5540 738 5613 phylactus,
758 5557 918 5612 quem
933 5539 1433 5612 Constantinopolis
1454 5542 1803 5612 patriacham'
1817 5558 1993 5596 creart

2112 5538 2329 5603 λακτος,
2361 5540 2389 5590 ὁ
2429 5535 2711 5608 Ῥωμανοῦ
2752 5536 2846 5595 τοῦ
2889 5536 3155 5607 βασιλέως
3184 5534 3321 5602 υῒὸς,
3373 5534 3433 5589 ὃν
3456 5535 3685 5606 ἔμελλον

1626 5706 1877 5761 FRANC.
1902 5704 2292 5762 COXIBEFISII
2322 5703 2555 5760 ΝΟΤιΕ.

509 5823 618 5896 (ὕῇ
661 5824 957 5896 Anonym.,
1004 5824 1330 5880 Ἀποσαλάθ.
1372 5824 1635 5883 Cedreu..
1668 5821 2000 5896 Ἀποσϐλᾴθ,

2116 5820 2538 5896 pravatntn._l3\
2567 5837 2629 5896 eo
2662 5822 2845 5876 statim
2877 5824 3058 5896 suppl.
3108 5833 3231 5896 post
3280 5839 3465 5882 vocem
3524 5821 3661 5891 εἰρή-

437 5892 584 5968 quod
617 5892 837 5953 aﬂinius
858 5896 1273 5954 Contimtatori.
1306 5912 1481 5968 excute
1530 5910 1595 5951 eo
1622 5896 1889 5965 tantisper
1912 5894 2011 5950 dc-
2118 5892 2239 5965 νην,
2274 5895 2321 5947 οἱ
2354 5893 2644 5964 Μελιτινὴν
2672 5894 2922 5949 κατοικοῦ

2123 5912 2239 5965 νην,
2274 5895 2321 5947 οἱ
2354 5893 2644 5964 Μελιτινὴν
2672 5894 3075 5959 κατοικοῦντες.
