4034 6298
335 321 476 387 1155

1545 309 1825 376 LEONIS
1854 310 2346 377 GRAMMATICI

3463 312 3599 380 1156

335 436 557 510 quidem
590 440 647 487 ut
678 432 1020 504 captivorum
1052 430 1393 486 detentorum
1430 429 1916 484 commutationem
1951 476 1954 487 ,

2053 447 2191 502 ςτωρ,
2225 432 2497 501 προφάσει
2545 432 2641 501 μὲν
2666 432 2742 496 ὼς
2790 431 3013 503 ποιῆσαι
3049 428 3307 499 άλλάγιον
3329 429 3437 484 τῶν
3465 447 3605 501 κρα-

336 533 565 592 faceret,
608 525 704 582 sed
745 539 954 589 revera,
994 535 1051 580 ut
1076 523 1343 579 Joannem
1388 523 1837 593 apprehenderet,
1869 532 1925 575 et

338 621 636 679 adduceret
685 618 841 686 CP.;
895 616 1043 687 quod
1090 628 1144 673 et
1183 615 1390 671 factum
1425 624 1529 671 est.
1573 612 1689 670 Una
1726 610 1927 684 quippe

337 730 463 769 eum
485 711 697 768 Joanne
726 710 910 766 navim
945 711 1225 779 ingressus
1247 724 1277 763 e
1309 707 1639 764 Mesembria
1656 705 1930 761 Constan-

339 806 622 877 tinopolim
653 788 947 873 navigavit.
981 801 1099 856 Non
1149 802 1243 857 diu
1274 811 1399 871 post
1432 799 1624 855 eodem
1666 798 1931 853 monasti-

337 911 467 951 cum
516 896 758 950 habitum
790 894 1116 963 deponente,
1151 901 1205 945 et
1235 905 1461 944 uxorem
1506 889 1708 945 ducere
1735 888 1929 959 exqui-

345 998 519 1055 rente,
576 986 872 1057 imperator
908 984 1130 1039 domum
1212 989 1266 1038 et
1328 983 1524 1053 praedia
1586 982 1841 1053 plurima,
1879 990 1935 1035 et

343 1082 631 1151 conjugem
660 1080 847 1134 eadem
868 1092 1052 1134 secum
1082 1075 1536 1131 Armeniacorum
1556 1075 1731 1144 patria
1756 1084 1931 1128 ortam

346 1176 514 1238 dedit,
560 1184 616 1236 et
663 1172 717 1227 in
756 1170 990 1227 Caesaris
1029 1169 1239 1224 aedibus
1284 1168 1672 1223 celeberrimas
1726 1166 1933 1235 peregit

348 1266 589 1337 nuptias.
617 1263 799 1320 Martii
842 1277 1008 1333 porro
1042 1263 1252 1318 mensis
1279 1260 1368 1316 die
1397 1260 1642 1317 secundo
1667 1258 1938 1313 Cnsmites

348 1362 451 1416 l'ori
477 1358 752 1416 columnis
781 1355 1162 1427 superpositus
1201 1356 1257 1410 in
1286 1363 1487 1409 terram
1515 1351 1734 1416 decidit,
1762 1351 1935 1404 virus-

347 1468 457 1524 que
492 1466 589 1507 sex
629 1450 921 1520 oppressit.
945 1448 1183 1518 Contigit
1206 1448 1371 1503 etiam
1394 1444 1706 1501 incendium
1738 1445 1936 1514 ingens

347 1556 404 1599 et
449 1544 781 1599 horrendum
828 1542 883 1597 in
932 1540 1037 1597 fori
1080 1543 1292 1613 porticu
1331 1542 1530 1611 templo
1576 1541 1941 1596 sanctissima:

350 1636 599 1708 Deiparae
648 1638 849 1704 vicino,
911 1636 1053 1691 adeo
1103 1644 1167 1691 ut
1221 1650 1507 1693 cereorum
1560 1634 1832 1689 artiﬁcum
1886 1641 1942 1687 et

350 1730 767 1802 pellitiariorum
802 1727 907 1783 fori
928 1728 996 1783 ad
1026 1726 1263 1784 Pseclias
1295 1742 1470 1803 usque
1486 1733 1955 1787 consumerentur

350 1820 597 1877 nmcinze.
643 1819 1080 1890 ChristOphorus
1112 1819 1412 1888 imperator
1441 1833 1630 1873 mense
1672 1824 1941 1888 Angusto,

352 1912 649 1970 indictione
670 1923 887 1984 quarta,
913 1913 1059 1967 diem
1102 1926 1420 1982 supremum
1448 1910 1604 1976 obiit,
1632 1920 1687 1965 et
1724 1909 1775 1964 in
1809 1924 1945 1978 prae-

353 2008 467 2064 l‘ato
511 2008 683 2079 patris
713 2009 798 2063 sui
841 1994 1188 2065 monasterio
1221 2019 1421 2075 corpus
1455 2004 1575 2073 ejus
1603 2002 1941 2059 reconditum

355 2111 460 2157 est.
493 2102 841 2171 Tryphonem
876 2113 1037 2168 porro
1067 2096 1435 2167 patriarcham
1461 2098 1707 2167 Augusto
1732 2111 1941 2161 mense,

356 2193 656 2249 indictione
690 2192 872 2253 tertia,
914 2191 1309 2260 deposuerunt,
1346 2204 1523 2259 eoque
1552 2190 1606 2243 in
1658 2189 1943 2260 proprium

359 2286 752 2356 monasterium
777 2298 838 2337 se
859 2282 1157 2354 recipiente
1180 2290 1233 2335 et
1250 2280 1530 2346 defuncto,
1552 2296 1756 2334 annum
1774 2295 1944 2336 unum

356 2385 413 2443 et
454 2391 674 2431 menses
702 2377 965 2446 quinque,
1015 2374 1259 2429 nondum
1300 2384 1515 2428 matura
1558 2371 1944 2443 Theophylami

358 2467 714 2537 imperatoris
756 2467 853 2521 lilii
912 2464 1146 2519 Romani
1191 2474 1385 2528 agtate,
1438 2464 1678 2520 Ecclesia
1731 2475 1949 2534 pastore

360 2562 577 2621 viduata
617 2558 936 2630 permansit.
968 2556 1209 2612 Basilius
1239 2564 1421 2612 autem
1464 2553 1683 2626 quidam
1717 2552 1945 2608 Iliaco-do

357 2667 566 2730 pravus
633 2652 903 2721 impostor
955 2646 1379 2704 Constantinum
1441 2646 1635 2701 ducem
1701 2645 1945 2714 seipsum

361 2731 651 2810 mentitus,
686 2745 953 2818 plurimos
980 2752 1106 2813 post
1135 2759 1194 2797 se
1233 2740 1559 2797 abducebat.
1593 2738 1692 2793 llic
1727 2740 1796 2793 ab
1828 2736 1951 2794 Ele—

364 2840 652 2912 phantino,
683 2836 888 2907 Opsicii
910 2847 1221 2892 turmarum
1248 2834 1530 2906 praefecto,
1557 2832 1947 2888 Constantino-

357 2920 530 3005 polim
580 2929 895 2992 abducitur,
937 2939 993 2983 et
1020 2942 1284 2983 manuum
1333 2925 1497 2997 506
1524 2926 1697 2979 altera
1729 2940 1756 2976 a
1784 2924 1950 2978 Petro

368 3019 620 3093 prefecto
672 3027 980 3074 truncatur.
1052 3016 1360 3074 Occasione
1404 3017 1600 3073 deinde
1649 3023 1863 3085 captata
1897 3016 1948 3067 in

360 3096 646 3192 'sticium
696 3127 914 3167 rursum
956 3110 1285 3181 digreditur,
1312 3120 1367 3165 et
1397 3117 1659 3164 truncata:
1688 3108 1807 3162 vice
1839 3122 1953 3160 ma-

368 3214 501 3261 num
546 3218 744 3258 aeream
779 3202 883 3257 sibi
934 3203 1239 3272 adaptans,
1279 3203 1669 3272 ingentemque
1702 3200 1954 3269 spatham

368 3298 474 3356 sibi
520 3297 943 3353 accommodans
994 3297 1302 3365 vagabatur
1350 3294 1621 3366 plurimos
1665 3295 1955 3357 seducens,

369 3393 529 3473 quasi
589 3391 706 3461 ipse
766 3390 1162 3447 Constantinns
1222 3389 1381 3445 ducis
1430 3389 1573 3445 (ilius
1641 3388 1798 3442 foret.
1860 3385 1960 3441 llic

372 3486 563 3542 multis
622 3485 726 3539 sibi
779 3483 1020 3549 allectis,
1083 3481 1413 3552 stupendam
1506 3481 1563 3536 in
1653 3478 1960 3535 Romanum

372 3577 728 3638 rebellionem
775 3586 976 3631 movet.
1009 3574 1311 3645 Imperator
1342 3574 1588 3629 exercitu
1616 3571 1671 3628 in
1700 3586 1828 3627 eum
1853 3571 1960 3624 im-

374 3668 569 3731 misso.
592 3667 773 3739 ipsum
798 3668 1138 3737 comitesque
1156 3665 1565 3735 insequebatur,
1584 3678 1747 3734 quem
1768 3662 1963 3719 deinde

376 3772 595 3831 captum
641 3770 696 3817 et
724 3761 777 3815 in
809 3761 999 3816 urbem
1030 3761 1349 3832 abductum,
1380 3773 1475 3829 per
1506 3757 1803 3812 tribunalia
1834 3771 1963 3812 exa-

379 3856 648 3908 minatum
702 3842 897 3906 multis'
943 3850 1269 3907 verberibus
1321 3852 1692 3922 subjeccrunt.
1732 3848 1826 3904 llle
1857 3850 1963 3905 sibi

378 3946 694 4011 consulens,
748 3945 993 4014 insignes
1046 3944 1310 4014 dignitate
1359 3944 1507 3999 viros
1564 3945 1720 4012 quasi
1778 3958 1964 3998 secum

381 4040 701 4101 sentientes,
740 4037 1039 4096 mendaciis
1078 4038 1329 4092 contlctis
1373 4047 1427 4092 et
1457 4052 1487 4092 a
1518 4040 1745 4093 veritate
1774 4037 1968 4099 alienis

380 4129 845 4186 calumniabatur.
892 4128 1190 4185 Convictus
1232 4129 1474 4193 tandem,
1503 4129 1569 4184 ad
1602 4129 1969 4185 Armastriani
2032 4122 2035 4123 ⁷

381 4225 615 4294 plateam
648 4225 792 4294 ignis
824 4224 1085 4294 pabulum
1118 4221 1292 4278 lactus
1339 4231 1441 4277 est.
1476 4221 1742 4278 Praefatns
1788 4233 1969 4281 autem

383 4318 739 4395 imperatoris
789 4316 932 4371 lilius
964 4314 1404 4387 TheOphylactus
1436 4314 1719 4371 Februarii
1755 4316 1843 4370 die
1885 4330 1972 4369 se-

385 4411 591 4476 cundo,
629 4410 931 4475 indictione
958 4409 1219 4474 secunda,
1260 4409 1575 4479 patriarcha
1615 4419 1971 4463 consecratus

1976 3155 2025 3212 C

2025 523 2302 594 τουμένων
2322 523 2707 594 αἰχμαλώτων,
2726 527 2791 595 τῇ
2814 524 2870 579 δὲ
2900 521 3129 595 ἀληθείᾳ
3159 523 3419 590 Ἰωάννην
3442 539 3610 576 κατα-

2028 620 2199 689 σχεῖν,
2231 618 2325 671 καὶ
2353 620 2409 671 ὲν
2440 619 3013 673 Κωνσταντινουπὸλει
3060 618 3319 685 ἀγαγεῖν·
3355 616 3383 670 ὃ
3416 615 3478 686 δή
3512 618 3609 670 καὶ

2029 715 2273 783 γέγονεν.
2310 712 2583 766 Είσελθὼν
2609 713 2718 785 γὰρ
2748 713 2862 784 ἅμα
2886 712 2963 783 τῷ
2998 712 3220 783 Ἰωάννῃ
3247 713 3304 764 ὲν
3329 712 3406 780 τῷ
3441 710 3611 779 πλοίῳ

2029 809 2138 860 ἀπὸ
2192 806 2556 879 Μεσημϐρίας
2608 802 2773 878 ἦλθεν
2819 809 2875 861 ἐν
2907 810 2971 877 τῇ
3008 805 3194 859 πόλει·
3234 806 3350 876 μετ’
3389 810 3449 858 οὐ
3472 804 3611 857 πολὺ

2030 897 2218 953 τούτου
2253 900 2312 952 τὸ
2374 900 2668 970 μοναχικὸν
2708 901 2893 970 σχῆμα
2926 899 3352 970 άπορρίψαντος,
3378 900 3470 952 καὶ
3508 914 3613 965 γυο

2032 995 2194 1044 ναῖκα
2223 993 2683 1064 ἐπιζητήσαντος,
2706 992 2939 1046 δέδωκεν
2962 992 3110 1062 αύτῷ
3130 994 3157 1046 ό
3187 990 3440 1061 βασιλεὺς
3466 987 3615 1042 οἶκον

2033 1084 2127 1137 καὶ
2158 1086 2415 1155 κτήματα
2457 1084 2775 1155 πάμπολλα,
2812 1086 2905 1139 καὶ
2931 1086 3166 1152 γυναῖκα
3201 1085 3265 1137 ἐκ
3304 1082 3404 1151 τῆς
3449 1082 3615 1134 αὑτοῦ

2034 1177 2290 1246 πατρίδος
2318 1179 2417 1247 τῆς
2469 1178 2577 1232 τῶν
2623 1177 3023 1249 Ἀρμενιακῶν,
3065 1177 3245 1246 γάμον
3272 1193 3332 1228 τε
3363 1175 3618 1245 λαμπρὸν

2036 1272 2094 1322 ὲν
2119 1273 2185 1341 τῇ
2220 1269 2314 1323 τοῦ
2351 1271 2628 1337 Καίσαρος
2680 1270 2829 1343 οἰκία
2881 1270 3205 1339 πεποίηκεν.
3253 1267 3501 1339 Μαρτίου
3559 1266 3619 1320 δί

2042 1362 2211 1434 μηνὸς
2239 1364 2468 1435 δευτέρᾳ
2487 1364 2671 1436 ἡμέρᾳ
2702 1363 2969 1433 κοσμίτης
2988 1362 3047 1426 ὃς
3077 1361 3344 1431 ἐπέμενεν
3375 1357 3618 1435 [ἔπεσεν]

2038 1455 2117 1523 τῷ
2138 1455 2288 1526 φόρῳ
2314 1456 2372 1509 ὲν
2398 1459 2511 1520 τοῖς
2528 1458 2707 1509 ἐκεῖσε
2734 1456 2928 1518 κίοσιν,
2954 1456 3048 1509 καὶ
3075 1456 3397 1508 ἀπέκτεινεν
3418 1453 3624 1522 ἄνδρας

2040 1550 2100 1616 ἒξ
2128 1549 2264 1621 (57).
2294 1549 2490 1617 Γέγονε
2519 1549 2574 1604 δὲ
2598 1549 2926 1622 ἐμπρησμὸς
2955 1549 3129 1621 μέγας
3154 1549 3253 1601 καὶ
3282 1547 3510 1619 φοϐερὸς
3542 1548 3625 1609 είς

2041 1641 2135 1693 τὸν
2164 1640 2259 1693 τοῦ
2296 1642 2461 1713 φόρου
2516 1641 2750 1710 ἔμϐολον
2783 1641 3012 1711 πλησίον
3041 1641 3135 1695 τοῦ
3167 1640 3298 1693 ναοῦ
3322 1640 3421 1710 τῆς
3449 1639 3626 1709 ὑπερ-

2046 1734 2208 1800 αγίας
2236 1732 2523 1800 Θεοτύκου,
2549 1734 2691 1788 ὥστε
2711 1736 3057 1803 κατακαῆναι
3079 1734 3149 1788 τά
3169 1750 3226 1786 τε
3250 1730 3624 1802 κηροπωλεία,

2044 1826 2141 1878 καὶ
2165 1825 2233 1878 τὰ
2259 1827 2525 1898 γουνάρια
2556 1825 2650 1879 τοῦ
2685 1826 2853 1898 φόρου
2891 1816 3053 1898 μέχρι
3086 1825 3196 1879 τῶν
3222 1822 3447 1896 Ψηχῶν.
3480 1824 3631 1878 Ἐτε-

2044 1917 2275 1986 λεύτησε
2333 1918 2391 1972 δὲ
2440 1919 2812 1991 Χριστοφόρος
2866 1920 3118 1991 βασιλεὺς
3173 1920 3303 1991 μηνὶ
3330 1919 3630 1989 Αὐγούστῳ

2051 2008 2380 2074 ίνδικτιῶνος
2428 2011 2723 2083 τετάρτης,
2752 2013 2847 2065 καὶ
2882 2010 3042 2081 ἐτέθη
3082 2012 3141 2065 τὺ
3180 2012 3342 2083 σῶμα
3370 2010 3535 2065 αὐτοῦ
3569 2011 3630 2063 ὲν

2045 2101 2111 2169 τῇ
2145 2100 2377 2172 ῥηθείσῃ
2416 2104 2551 2173 μονῇ
2603 2100 2700 2155 τοῦ
2730 2102 2940 2172 πατρὸς
2976 2101 3166 2157 αὑτοῦ.
3202 2104 3537 2171 Κατ-ἤγαγον
3572 2100 3633 2154 δὲ

2048 2193 2320 2263 Τρύφωνα
2378 2192 2730 2267 πατριάρχην
2788 2195 3085 2267 Αὐγούστῳ
3134 2197 3266 2266 μηνὶ
3298 2195 3633 2257 ίνδικτιῶνος

2048 2284 2258 2353 τρίτης,
2291 2284 2387 2338 καὶ
2412 2285 2741 2350 ἀπελθόντος
2771 2287 2828 2339 ἐν
2856 2290 2922 2357 τῇ
2953 2286 3059 2359 ίδίᾳ
3098 2289 3231 2356 μονῇ
3250 2287 3496 2357 τελευτᾷ,
3526 2303 3633 2356 χη-

2054 2371 2324 2444 ρευσάσης
2345 2375 2444 2444 τῆς
2472 2375 2798 2445 Ἐκκλησίας
2813 2376 3004 2447 χρόνον
3026 2377 3123 2431 ἕνα
3150 2377 3325 2448 μῆνας
3340 2376 3523 2437 πέντε,
3543 2359 3633 2430 διὰ

2049 2465 2109 2517 τὸ
2134 2463 2233 2534 τῆς
2263 2465 2477 2538 ἡλικίας
2515 2467 2705 2532 ἀτελὲς
2752 2469 3132 2538 Θεοφυλάκτου
3177 2468 3296 2523 υίοῦ
3344 2468 3633 2540 Ῥωμανοῦ

2054 2554 2335 2625 βασιλέως.
2394 2558 2676 2623 Βασίλειος
2728 2560 2784 2614 δέ
2818 2577 2902 2626 τις
2926 2557 3196 2615 Μακεδὼν
3223 2560 3423 2623 πλάνος
3469 2560 3636 2614 Κων-

2055 2652 2331 2703 σταντϊνον
2380 2650 2548 2706 δοῦκα
2603 2652 2793 2706 ἑαυτὸν
2827 2655 3226 2729 ἐπευφημήσας
3265 2652 3375 2726 (58)
3406 2653 3637 2718 πολλοὺς

2055 2743 2175 2812 μεθ’
2200 2743 2394 2797 ἑαυτοῦ
2430 2745 2799 2818 συνεπήγετο·
2830 2738 2986 2810 οὗτος
3018 2746 3302 2817 συσχεθεὶς
3337 2746 3444 2800 ὑπὸ
3482 2746 3639 2800 Ἐλε-

2053 2833 2308 2900 φαντίνου
2330 2835 2677 2913 τουρμάρχου
2705 2837 2770 2888 ἐκ
2799 2834 2894 2888 τοῦ
2938 2834 3182 2905 Ὀψικίου
3207 2833 3381 2901 ὄντος,
3408 2834 3550 2907 ἢχθη
3578 2836 3639 2887 ιν

2055 2926 2755 3000 Κωνσταντινουπόλειέκαὶ
2777 2927 2881 2982 ὑπὸ
2907 2929 3115 2999 Πέτρου
3130 2928 3377 3000 ὑπάρχου
3387 2929 3488 2999 τῆς
3508 2929 3645 2998 μιᾶς

2058 3017 2431 3090 ἀλλοτριοῦται
2474 2990 2674 3091 χειρός.
2707 3017 2841 3075 Εἶτα
2868 2990 3064 3093 καιροῦ
3111 2990 3641 3091 λαδόμΙενος,”καταέ

2054 3109 2324 3182 λαμϐάνει
2356 3110 2517 3166 πάλιν
2550 3112 2613 3166 τὸ
2656 3113 2922 3185 Ὀψίκιον,
2969 3114 3065 3168 καὶ
3086 3115 3245 3186 χεῖρα
3275 3113 3485 3185 χαλκῆν
3516 3117 3645 3169 ἀντὶ

2056 3205 2157 3273 τῆς
2201 3205 2463 3274 κοπείσης
2498 3206 3046 3278 προσαρμοσάμενος,
3092 3209 3189 3261 καὶ⁵
3225 3207 3439 3277 σπάθην
3466 3207 3644 3275 ὑπερς

2062 3295 2265 3368 μεγέθη
2296 3296 2736 3364 κατασκευάσας,
2764 3297 3020 3368 διήρχετο
3050 3297 3269 3352 πλανῶν
3294 3298 3527 3366 πολλοὺς
3560 3297 3647 3361 ὡς

2059 3388 2222 3452 αὐτὸς
2249 3389 2335 3459 εἴη
2371 3390 2780 3455 Κωνσταντῖνος
2812 3392 2841 3444 ὁ
2863 3390 2958 3446 τοῦ
3009 3391 3203 3456 δουκός
3224 3407 3239 3421 ·
3264 3388 3361 3455 οὓς
3387 3391 3484 3445 καὶ
3516 3406 3648 3444 συν-

2060 3478 2424 3552 εφελκόμενος
2440 3480 2683 3553 μεγάλην
2700 3482 2839 3537 κατὰ
2856 3482 2961 3537 Ῥω
2967 3482 3137 3554 μανοῦ
3159 3483 3457 3554 ἀνταρσίαν
3482 3484 3650 3541 κινεῖ.

2072 3571 2424 3637 Ἀποστείλας
2451 3568 2544 3627 οῦν
2573 3574 2601 3626 ὁ
2633 3572 2891 3643 βασιλεὺς
2918 3575 3148 3647 στρατὸν
3172 3576 3289 3627 κατ’
3310 3572 3501 3638 αὐτοῦ,
3540 3572 3649 3626 αύ-

2060 3664 2155 3719 τόν
2178 3681 2239 3718 τε
2259 3664 2550 3719 συνέλαϐεν
2581 3666 2677 3719 καὶ
2701 3668 2830 3729 τοὺς
2870 3665 2967 3721 σὺν
2988 3666 3160 3738 αὐτῷ,
3189 3666 3252 3721 δν
3289 3667 3382 3722 καὶ
3406 3666 3650 3735 ἀγαγόν-

2063 3774 2155 3822 τες
2182 3758 2243 3811 ὲν
2272 3761 2341 3831 τῇ
2369 3759 2523 3813 πόλει
2559 3759 2845 3830 ἀνέκρινόν
2868 3776 2928 3814 τε
2980 3761 3076 3814 καὶ
3109 3760 3309 3826 πολλὰς
3332 3759 3482 3831 αὐτῷ
3510 3760 3655 3832 πλη-

2065 3849 2168 3918 γὰς
2195 3850 2537 3907 ἐπετίθεσαν.
2595 3850 2655 3906 '0
2698 3845 3038 3913 δὲ’πολλοὺς
3069 3853 3179 3907 τῶν
3205 3856 3263 3907 ιν
3292 3854 3435 3908 τέλει
3459 3856 3656 3909 ἐσυκο-

2068 3944 2259 4015 φάντει
2284 3945 2496 4016 ψευδῶς
2523 3945 2599 4010 ὡς
2631 3945 2892 4010 συνόντας
2941 3946 3111 4018 αὐτῷ,
3152 3947 3320 4018 μηδὲν
3350 3945 3410 4002 δὲ
3450 3946 3656 4019 ἀληθὲς

2069 4036 2389 4093 κατάύτῶν
2411 4036 2591 4105 λέγειν
2612 4036 2973 4110 ἐξελεγχθεὶς,
3002 4039 3060 4092 ὲν
3102 4041 3215 4101 τοῖς
3247 4035 3655 4110 Ἀμαστριανοῦ

2071 4128 2244 4201 πυρὸς
2272 4130 2649 4199 κατανάλωμα
2673 4130 2906 4199 γίνεται.
2942 4132 3349 4203 Χειροτονείται
3380 4131 3436 4185 δὲ
3458 4146 3661 4201 πατρι-

2074 4220 2249 4292 άρχης
2269 4222 2298 4275 ό
2315 4222 2655 4296 προρῤηθεὶς
2677 4222 2772 4276 τοῦ
2806 4223 3077 4294 βασιλέως
3107 4225 3220 4288 υίὸς
3250 4223 3656 4293 Θεοφύλαγτος.

2073 4312 2425 4384 Φεϐρουαρίῳ
2460 4311 2525 4384 β’,
2582 4314 2775 4371 ίνδικτ.
2808 4319 2885 4380 ς’,
2918 4316 3307 4385 τοποτηρητῶν
3335 4317 3402 4368 ὲκ
3441 4313 3690 4386 ῬώμηςΔ

2076 4407 2430 4474 ἀνελθόντων,
2462 4409 2555 4462 καὶ
2575 4409 2743 4480 τόμον
2768 4409 3043 4464 συνοδικδν
3068 4411 3486 4481 ἐπιφερομένων
3524 4414 3661 4483 περὶ

385 4514 491 4565 est,
527 4504 837 4559 astantibus
875 4501 1105 4556 ltomani
1136 4500 1411 4571 pontiﬁcis
1444 4501 1660 4568 legatis,
1686 4508 1741 4555 et
1767 4509 1954 4554 tomun

2080 4500 2178 4571 τῆς
2206 4500 2373 4555 αὑτοῦ
2399 4502 2739 4573 χειροτονίας
2776 4503 3164 4573 διαγορεύοντα
3186 4520 3200 4535 ·
3247 4503 3297 4558 οἳ
3329 4505 3424 4557 καὶ
3447 4502 3527 4577 τῷ
3553 4520 3667 4557 πα·

387 4596 708 4668 synodalem
732 4595 801 4650 de
824 4594 942 4664 ejus
965 4594 1314 4649 ordinatione
1352 4599 1673 4647 tractantem
1701 4589 1952 4661 proferen

2081 4595 2343 4664 τριάρχου
2376 4594 2551 4666 θρόνῳ
2598 4592 2790 4647 τοῦτον
2836 4596 3143 4667 ἐνίδρυσαν.
3208 4595 3489 4667 Ῥωμανδς
3543 4596 3601 4650 δὲ
3633 4600 3668 4652 6

388 4688 561 4755 tibus,
594 4688 961 4758 eamdemque
987 4686 1392 4743 collocantibus
1426 4687 1480 4738 in
1514 4685 1718 4738 throno
1752 4684 1984 4754 patriar-

2086 4684 2339 4755 βασιλεὺς
2357 4684 2436 4755 τῷ
2457 4674 2557 4756 υίῷ
2579 4686 2837 4759 Στεφάνῳ
2863 4691 3097 4756 γυναῖκα
3122 4688 3361 4758 ἠγάγετο
3388 4689 3669 4757 θυγατέρα

388 4782 559 4837 chali.
591 4780 864 4836 Caeterum
910 4778 1192 4835 Romanus
1224 4779 1522 4848 imperator
1552 4775 1833 4849 Stephano
1854 4772 1954 4829 'Iilil

2084 4777 2251 4834 οὖσαν
2277 4778 2371 4833 τοῦ
2398 4778 2636 4845 Γαδαλᾶ,
2670 4780 2902 4853 ἐκγόνην
2931 4780 2988 4835 δὲ
3020 4782 3348 4837 Κατακυλῖν
3398 4781 3515 4856 [τοῦ
3550 4784 3671 4836 Κα-

391 4872 596 4930 locavit
630 4886 859 4927 uxorem
890 4870 1108 4928 Gabalae
1136 4871 1325 4937 tiliam,
1358 4869 1612 4941 Catacer
1642 4868 1846 4936 neptim
1871 4871 1984 4920 An-

2084 4870 2324 4946 τακυλᾶ]
2346 4873 2545 4928 ’Δνναν
2567 4873 2759 4945 ὄνομα.
2785 4874 2937 4945 ’Δμα
2958 4874 3015 4928 δὲ
3036 4873 3115 4945 τῷ
3135 4876 3391 4947 νυμφικῷ
3418 4878 3673 4949 στεφάνῳ

392 4977 518 5019 nam
551 4962 799 5026 nomine,
835 4976 1055 5031 unaque
1083 4976 1209 5018 cum
1236 4960 1465 5031 nuptiali
1498 4957 1711 5015 corolla
1772 4960 1954 5026 imper;

2093 4966 2187 5019 καὶ
2213 4968 2241 5019 ὁ
2268 4966 2367 5038 τῆς
2396 4964 2675 5037 βασιλείας
2699 4967 2959 5037 στέφανος
2984 4968 3317 5025 ἐπετέθειτο.

391 5054 705 5111 diademate
728 5054 1015 5110 redimitus
1040 5066 1144 5109 est.

472 5146 783 5204 Turcorum
833 5156 1016 5201 autem
1089 5146 1355 5201 adversus
1418 5140 1701 5197 Romanos
1760 5141 1992 5211 irruptio

393 5240 570 5310 prima
611 5238 924 5294 indictionis
973 5238 1217 5309 septimm
1261 5234 1435 5303 Aprili
1480 5247 1671 5288 mense
1711 5236 1936 5305 contigit
1978 5251 1991 5288 :

2177 5145 2431 5214 Ἐγένετο
2488 5145 2549 5200 δὲ
2611 5146 2941 5217 ἐκστρατεία
3000 5147 3191 5219 πρώτη
3243 5148 3353 5201 τῶν
3412 5148 3677 5217 Τούρκων

2098 5236 2242 5290 κατὰ
2278 5235 2567 5308 Ῥωμαίων
2613 5238 2906 5291 ίνδικτιῶνι
2936 5238 3148 5312 ἑβδόμῃ
3183 5238 3476 5312 ’Δπριλλίῳ
3518 5246 3673 5309 μηνὶ,

393 5332 488 5404 qui
523 5331 590 5387 ad
631 5332 819 5387 urbem
856 5345 1029 5402 usque
1056 5336 1434 5393 excurrentes,
1480 5326 1602 5381 loca
1648 5337 1844 5382 cuncta
1897 5343 1954 5397 pe

2096 5326 2148 5382 οἳ
2172 5328 2265 5381 καὶ
2309 5327 2752 5401 καταδραμόντες
2816 5329 2977 5402 μέχρι
3014 5331 3110 5401 τῆς
3151 5331 3358 5395 πόλεως
3389 5332 3679 5402 ὲληῐσαντο

1538 5442 1802 5502 FRANC.
1832 5442 2226 5502 COMBEFISII
2265 5442 2503 5501 NOTJE.

474 5572 589 5647 (57)
626 5572 924 5647 Anpnymu
963 5565 1252 5647 ἰξοσμίτης
1292 5562 1493 5647 βπεσιγ
1523 5564 1581 5647 ἐν
1603 5562 1681 5631 τῷ
1722 5564 1883 5647 φόρῳ.
1919 5565 1984 5617 εκ

396 5634 510 5708 τῶν
538 5634 596 5705 ιν
628 5643 742 5705 τοῖς
778 5634 1063 5709 στοιχηδὸν
1090 5634 1637 5709 Ἔσταμινοιςᾼικεϊσε
1682 5634 1988 5709 uiderem.

402 5704 1179 5787 κειμένωνηιαρίρἶέρειπὲιεε
1201 5706 1396 5787 dictat
1426 5704 1628 5787 infero
1657 5704 1882 5787 decidit.
1907 5720 1988 5787 ea:

398 5788 467 5843 tis
497 5776 597 5857 'qui
632 5776 894 5839 columnis
952 5781 1066 5836 illic
1115 5779 1299 5834 ordine
1344 5776 1534 5832 erectis
1561 5787 1683 5831 sunt
1727 5778 1984 5846 impositi.

2090 5561 2349 5625 Cedren.,
2378 5563 2444 5616 ἐκ
2472 5562 2575 5635 τῆς
2604 5562 2791 5635 άψίδος
2812 5577 2826 5593 '
2871 5578 2938 5635 ατ
2968 5562 3187 5632 fornice,
3232 5563 3326 5635 qui
3355 5573 3407 5621 ct
3430 5561 3502 5619 60
3529 5559 3683 5617 occi-

2093 5647 2185 5688 sos
2218 5643 2493 5699 numeral,
2527 5633 2620 5688 ubi
2656 5634 2750 5687 alii
2780 5648 2872 5688 sex
2910 5633 3201 5688 duntaxat.

2171 5702 2281 5774 (58)
2307 5701 2500 5758 Melius
2534 5706 2888 5777 Anonyntus,
2921 5706 3291 5777 ἐπιφημίσας.
