4038 6298
392 387 525 455 1161

1682 386 1779 447 CI]
1790 384 2254 447 RONOGRAPH
2266 387 2353 445 [Α.

3514 387 3653 458 1163

388 504 520 570 μιᾶς
545 502 902 576 προελθόντες
931 500 1374 572 γαστρὸς.ἄρτιοι
1399 500 1498 571 μὲν
1522 499 1700 554 πάντα
1722 498 1791 552 τὰ
1827 498 1963 569 μέλη

2084 508 2256 555 ventre
2279 499 2573 571 progressi,
2601 508 2655 555 et
2684 501 2749 555 ad
2782 500 3013 559 invicem
3047 503 3422 574 complantati,
3452 522 3481 561 a
3516 522 3651 563 ven-

389 596 485 651 τοῦ
520 597 796 667 σώματος,
832 596 940 650 ἀπὸ
967 596 1024 650 δὲ
1055 595 1149 650 τοῦ
1181 594 1450 665 στόματος
1478 594 1575 660 τῆς
1610 592 1847 662 γαστρὸς
1873 591 1969 644 καὶ

394 689 560 760 μέχρι
592 690 701 743 τῶν
723 689 828 744 ὑπὸ
849 688 1091 759 γαστέρα
1120 687 1559 760 συμπεφυκότες,
1593 687 1689 739 καὶ
1716 683 1970 755 ἀλλήλοις

394 764 731 854 ὑπάρχοντες
760 780 1192 852 ἀντιπρόσωποι,
1218 779 1268 833 οἳ
1294 778 1387 832 ἐπὶ
1420 778 1672 831 ¹πλεῖστον
1695 779 1765 848 τῇ
1815 774 1968 829 πόλει

393 872 853 945 ἐνδιατρίψαντες,
888 872 982 927 καὶ
1034 873 1139 925 ὑπὸ
1170 871 1391 925 πάντων
1428 869 1505 934 ὡς
1540 867 1777 937 ἐξαίσιόν
1807 885 1861 923 τι
1882 867 1971 922 τὲ-

392 984 491 1037 ρας
542 964 835 1037 ὁρώμενοι,
879 964 980 1036 τῆς
1023 964 1232 1028 πόλεως
1267 964 1344 1027 ὡς
1384 964 1622 1035 πονηρός
1670 980 1756 1028 τις
1778 962 1970 1029 οίωνδς

390 1057 755 1129 ἐξηλάθησαν.
805 1058 929 1111 Ἐπὶ
986 1057 1043 1111 δὲ
1071 1058 1172 1127 τῆς
1202 1057 1637 1129 μονοκρατορίας
1690 1055 1971 1127 βασιλείας

390 1150 810 1206 Κωνσταντίνου
856 1149 1017 1205 πάλιν
1044 1150 1392 1222 είσήλθοσαν.
1445 1150 1598 1204 Ἐπεὶ
1629 1150 1688 1204 δὲ
1719 1152 1747 1203 ό
1781 1149 1970 1220 ἕτερος

391 1242 571 1296 αὐτῶν
602 1240 962 1316 [ἐ]τέθνηκεν,
997 1243 1331 1314 ἰατροίτινες
1369 1243 1625 1315 ἔμπειροι
1664 1242 1727 1296 τὸ
1773 1259 1973 1311 συγκε·

394 1334 724 1407 κολλημένον
786 1335 951 1407 μέρος
975 1336 1225 1407 διέτεμον
1253 1336 1492 1407 εὐφυῶς,
1546 1334 1721 1389 ἐλπίδι
1763 1335 1971 1388 τούτων

393 1428 581 1499 ἕτερον
614 1427 904 1501 ζήσεσθαι·
936 1428 995 1492 δς
1020 1432 1172 1500 τρεῖς
1212 1429 1427 1500 ἡμέρας
1474 1428 1719 1491 ἐπιϐιοὺς
1751 1426 1970 1481 ἐτελεύ-

392 1539 576 1592 τησεν.
601 1524 709 1576 Καὶ
742 1524 801 1575 ἐν
831 1523 966 1576 πᾶσι
992 1522 1111 1593 μὲν,
1160 1520 1235 1585 ὡς
1278 1522 1539 1594 ἀνωτέρω
1594 1523 1835 1593 εἴρηται,
1875 1536 1973 1591 μο-

394 1620 578 1687 ναχοῖς
610 1616 795 1671 πίστιν
823 1618 1089 1688 ἐκέκτητο
1136 1617 1166 1671 δ
1200 1616 1472 1687 βασιλεὺς,
1498 1617 1869 1687 διαφερόντως
1905 1615 1965 1669 δὲ

394 1710 558 1781 ἐτίμα
602 1709 698 1764 καὶ
755 1709 1090 1783 ὑπερέσεδεν
1143 1710 1371 1781 Σέργιον
1409 1711 1505 1765 τὸν
1552 1712 1614 1765 ἐν
1676 1711 1972 1781 μονασταῖς

391 1801 790 1873 διαλάμποντα.
814 1802 874 1866 δς
903 1802 1130 1872 ἀδελφὸς
1164 1804 1263 1873 μὲν
1285 1802 1381 1857 τοῦ
1418 1803 1724 1875 μαγίστρου
1763 1802 1971 1873 ἐπεφύο

392 1915 479 1951 κει
510 1899 733 1967 Κοσμᾶ,
772 1896 988 1968 ἀνεψιὸς
1005 1896 1063 1951 δὲ
1090 1897 1183 1951 τοῦ
1214 1897 1553 1969 πατριάρχου
1578 1873 1783 1952 Φωτίου
1808 1897 1969 1965 ἐτὸγ-
2004 1873 2048 1930 Β

388 2005 585 2061 χανεν·
620 1990 680 2044 δν
723 1989 885 2044 πλέον
926 1990 1025 2059 τῆς
1083 1989 1359 2061 σαρκικῆς
1412 1990 1695 2060 εὐγένειας
1741 1992 1775 2061 ἡ
1828 1990 1973 2044 κατὰ

390 2082 570 2155 ψυχὴν
617 2081 782 2152 ἐτίμα
816 2082 1085 2149 εὐγενεία.
1114 2081 1317 2136 Τοῦτον
1344 2081 1402 2136 δὲ
1429 2082 1519 2135 τὸν
1548 2083 1798 2151 ἀοίδιμον
1824 2081 1973 2138 ἅδεα.

390 2173 628 2238 λείπτως
661 2174 779 2245 μεθ’
808 2174 1003 2229 ἐαυτοῦ
1035 2170 1179 2244 εἶχεν
1200 2175 1229 2228 ὁ
1262 2173 1539 2244 βασιλεὺς,
1577 2175 1779 2228 κανόνα
1803 2173 1974 2237 ὅντως

392 2266 488 2320 καὶ
524 2264 771 2335 στάθμην
800 2263 891 2318 τὸν
913 2262 1078 2318 αὐτοῦ
1102 2262 1216 2333 βίον
1243 2263 1331 2317 ἀεὶ
1362 2262 1720 2335 ρυθμίζοντα·
1755 2263 1814 2327 ὃς
1839 2262 1973 2317 πολ-

392 2357 462 2413 λίι
495 2356 730 2430 παρῄνει
779 2356 857 2428 τῷ
898 2356 1110 2427 βασιλεῖ
1149 2356 1259 2411 τῶν
1309 2357 1521 2414 παίδων
1570 2356 1972 2429 ἐπιμελεῖσθαι,

395 2455 491 2508 καὶ
524 2440 599 2524 μὴ
634 2439 989 2514 ἀπαιδεύτους
1034 2451 1129 2521 ἐᾷν
1179 2451 1260 2514 είς
1299 2449 1567 2522 πονηρίαν
1599 2448 1972 2519 ἐγκλίνοντας,

402 2544 479 2615 μή
509 2560 641 2596 ποτε
681 2542 775 2595 καὶ
825 2540 989 2605 αὐτὸς
1042 2540 1207 2595 πάθοι
1260 2541 1324 2595 τὸ
1377 2540 1471 2594 τοῦ
1511 2540 1680 2593 Ἠλεί.
1725 2538 1880 2592 Ἐπεὶ
1920 2539 1975 2592 δὲ

392 2635 488 2690 τοῦ
514 2634 778 2688 παλατίου
803 2632 993 2687 τοῦτον
1027 2633 1076 2686 οί
1108 2632 1297 2697 παῖδες
1319 2633 1659 2703 κατήγαγον,
1691 2634 1787 2686 καὶ
1824 2634 1881 2687 ἐν
1907 2635 1974 2704 τῇ

397 2728 600 2803 Πρώτῃ
642 2729 790 2798 νήσῳ
817 2724 1108 2794 ἐξώρισαν,
1143 2725 1306 2779 πάλιν
1338 2724 1525 2779 τοῦτον
1552 2720 1666 2796 εἶχε
1691 2724 1798 2779 τῶν
1840 2742 1979 2797 sup.-

397 2822 582 2892 φορῶν
622 2817 993 2891 παραμύθιον.
1030 2818 1126 2872 καὶ
1179 2817 1290 2872 τῶν
1341 2815 1575 2884 θλίψεων
1627 2814 1977 2873 ἆκεσώδυνον

399 2916 712 2987 φάρμακον,
762 2906 807 2982 ᾧ
842 2912 1007 2981 συνῆν
1045 2910 1168 2964 τότε
1217 2909 1313 2964 καὶ
1347 2908 1691 2974 Πολύευκτος
1746 2908 1977 2981 μοναχδς

397 2992 812 3070 εὐλαϐέστατος,
837 3006 932 3059 καὶ
954 3003 1117 3067 αὐτὸς
1138 3002 1205 3057 τὰ
1236 3003 1423 3057 είκότα
1453 3002 1924 3074 παραμυθούμενοι
1935 3019 1975 3066 ςρ

396 3100 456 3165 ὃς
487 3098 580 3154 τοῦ
632 3098 974 3170 πατριάρχου
1004 3095 1390 3165 Θεοφυλάκτου
1414 3095 1842 3165 τελευτήσαντος
1869 3111 1979 3149 πα-

398 3192 666 3264 τριάρχης
696 3190 802 3244 ὑπὸ
826 3187 920 3242 τοῦ
945 3187 1212 3258 βασιλέως
1245 3186 1664 3240 Κωνσταντίνου
1700 3184 1978 3257 προχειρί⁸

400 3284 573 3350 (erat.
624 3282 779 3337 Ἐπεὶ
799 3281 855 3336 δὲ
881 3280 1097 3343 πολλοῖς
1121 3278 1345 3353 τρόποις
1382 3278 1412 3331 ὁ
1443 3277 1576 3343 Θεὸς
1600 3277 1849 3349 βούλεται
1880 3276 1986 3330 σώ-

400 3375 515 3443 ζειν
563 3376 655 3431 τὸν
702 3375 1013 3448 ἄνθρωπον,
1058 3370 1442 3443 συνεχώρησεν
1488 3369 1586 3424 καὶ
1636 3369 1727 3423 τὸν
1764 3368 1988 3440 βασιλέα

414 3468 698 3541 Ῥωμανδν
749 3466 1009 3539 συμφορᾷ
1066 3464 1318 3537 ἀδοκήτῳ
1377 3462 1735 3535 περιπεσεῖν,
1775 3461 1864 3516 ἵνα
1916 3458 1985 3514 δι’

400 3562 571 3632 αὐτῆς
604 3559 1034 3633 σωφρονισθείς,
1085 3556 1182 3612 καὶ
1211 3557 1319 3610 τῶν
1349 3555 1568 3610 οἰκείων
1606 3556 1678 3607 ’ἐν
1722 3552 1979 3623 αἰσθήσει

402 3640 869 3727 παραπτωμάτων
901 3650 1223 3722 γενόμενος,
1259 3647 1537 3719 σωτηρίας
1578 3645 1805 3717 ἀξιωθῇ.
1850 3646 1987 3698 Συν-

402 3747 600 3821 εχώρει
628 3747 738 3816 γὰρ
767 3744 1143 3815 ἐπαναστῆναι
1192 3742 1285 3795 τὸν
1340 3740 1458 3794 υἱὸν
1505 3738 1672 3793 αὑτοῦ
1716 3738 1987 3807 Στέφανον

401 3841 590 3914 ὥσπερ
616 3840 749 3894 ποτὲ
798 3837 1162 3907 Ἀδεσσαλὼμ
1190 3835 1464 3905 ἐπανέστη
1497 3831 1662 3887 Δαυῒδ
1694 3831 1771 3904 τῷ
1799 3830 1987 3900 οἰκείῳ

404 3934 594 4007 πατρί.
630 3931 963 4004 Συμϐοὐλοις
991 3928 1085 3983 οὖν
1113 3920 1270 3990 οὗτος
1287 3926 1426 3997 πρὸς
1456 3924 1615 3979 τοῦτο
1642 3924 1986 3995 χρησάμενος

402 4029 481 4101 τῷ
508 4046 569 4083 τε
608 4026 717 4082 ἀπὸ
786 4024 1037 4097 μοναχῶν
1092 4020 1401 4093 Μαριανῷ,
1448 4020 1542 4074 καὶ
1595 4017 1862 4088 Βασιλείῳ
1905 4015 1986 4086 τῷ

406 4120 665 4192 Πετεινῴ,
707 4121 802 4174 καὶ
852 4117 1115 4186 Μανουὴλ
1161 4114 1241 4185 τῷ
1288 4111 1606 4186 Κουρτίκῃ,
1664 4110 1984 4163 συνειδότων

408 4214 555 4284 αὐτῷ
573 4211 797 4267 καὶτῶν
820 4211 990 4266 ἄλλων
1013 4206 1297 4279 βασιλέων,
1321 4204 1510 4258 τοῦτον
1542 4194 1688 4276 ιτοῦ]
1720 4201 1983 4256 παλατίου

407 4308 591 4372 κακῶς
626 4307 963 4376 κατήγαγεν,
989 4301 1085 4356 καὶ
1116 4302 1173 4353 ἐν
1205 4302 1271 4370 τῇ
1319 4297 1521 4371 Πρώτῃ
1554 4297 1706 4369 νήσῳ
1731 4294 1984 4367 ὲξορίσας

407 4401 699 4473 ἀπέκειρεν
727 4397 984 4469 μοναχὸν.
1460 4452 1463 4453 ν

702 4487 1150 4558 Αὑτοκρατορία
1191 4484 1678 4542 Κωνσταντίνου.

2077 591 2254 646 triculi
2279 607 2372 647 ore
2398 593 2464 647 ad
2482 593 2678 664 pubem
2699 610 2872 665 usque
2890 596 2993 652 sibi
3025 596 3257 654 invicem
3288 600 3649 667 adhaerentes,

2076 685 2364 754 versisque
2389 686 2456 741 ad
2482 686 2717 743 invicem
2751 688 2993 747 vultibus
3020 690 3340 747 visebantur
3364 710 3381 748 :
3408 694 3650 765 quicum

2077 776 2291 833 diutino
2326 778 2591 847 temporis
2638 779 2817 852 spatio
2865 781 2921 838 in
2968 783 3107 839 urbe
3145 785 3345 841 morati
3398 784 3650 852 fuissent,

2077 870 2226 926 velut
2286 870 2589 929 infaustum
2640 884 2953 944 portentum
2987 885 3042 932 et
3074 874 3336 933 infestum
3366 892 3528 934 omen
3559 879 3657 936 ba-

2076 965 2197 1031 biti,
2229 967 2365 1023 urbe
2393 966 2552 1037 ejecti
2576 975 2724 1025 sunt.
2772 967 3138 1026 Constantino
3179 986 3309 1027 vero
3334 972 3451 1029 solo
3482 974 3654 1045 impr-

2077 1071 2234 1117 rante
2263 1076 2485 1118 rursum
2518 1062 2751 1135 ingressi
2784 1072 2935 1121 sunt.
2995 1062 3067 1121 Ut
3093 1073 3274 1121 autem
3300 1081 3491 1121 eorum
3518 1068 3658 1122 alter

2080 1163 2330 1211 mortuus
2373 1162 2480 1219 est,
2536 1156 2733 1213 medici
2769 1156 2995 1228 quidam
3030 1158 3364 1231 fperitissimi
3410 1158 3655 1216 cohere-

2078 1255 2319 1303 scentem
2351 1258 2558 1318 partem
2596 1250 2823 1305 alteram
2856 1250 3183 1321 incolumem
3219 1252 3506 1324 vivamque
3533 1269 3656 1309 ser-

2077 1350 2300 1396 vaturos
2334 1356 2393 1397 se
2418 1342 2739 1413 praestolati,
2787 1343 3017 1412 solerter
3044 1344 3401 1405 exciderunt:
3440 1345 3658 1415 puellus

2050 1488 2053 1489 ν
2079 1430 2183 1486 iste
2206 1430 2400 1488 diebus
2422 1433 2596 1488 tribus
2622 1446 2899 1503 superstes
2922 1446 3171 1504 mortuus
3202 1444 3304 1492 est.
3353 1435 3416 1490 Et
3446 1438 3499 1491 in
3536 1456 3652 1491 um-

2078 1522 2243 1577 nibus
2266 1523 2510 1593 quidem,
2538 1533 2598 1595 ut
2621 1534 2934 1580 enarratum
2960 1542 3145 1598 supra,
3177 1528 3462 1584 monachis
3492 1531 3654 1584 [item

2080 1615 2313 1672 habebat
2360 1617 2692 1689 imperator:
2746 1620 3007 1691 privatim
3053 1636 3181 1689 vero
3229 1638 3339 1693 prze
3398 1623 3657 1680 omnibus

2081 1705 2330 1778 Sergium
2377 1711 2698 1767 monasticis
2742 1712 2994 1771 moribus
3048 1723 3399 1785 praestantem
3443 1716 3659 1774 colebat

2080 1808 2135 1854 et
2155 1801 2537 1858 venerabatur.
2588 1800 2687 1858 llic
2721 1804 2962 1875 magistri
2989 1805 3203 1862 Cosmze
3256 1805 3445 1873 frater,
3486 1822 3658 1879 nepos

2078 1906 2207 1947 vero
2243 1890 2420 1948 Photii
2450 1895 2772 1965 patriarchas
2807 1895 3005 1969 fuerat,
3044 1913 3205 1969 quem
3255 1899 3452 1956 anima:
3499 1900 3660 1956 nobi-

2078 1983 2401 2058 litas,quem
2420 1988 2602 2042 carnis
2637 1987 2942 2059 ingenuitas
2982 1991 3242 2047 reddebat
3278 1992 3658 2054 illustriorem.

2080 2077 2246 2133 istum
2297 2079 2482 2150 itaque
2514 2084 2872 2148 reverendum
2921 2083 3103 2155 iugem
3161 2086 3421 2142 comitem
3474 2102 3658 2144 secum

2080 2169 2313 2227 ducebat
2346 2172 2664 2243 imperator,
2697 2176 2855 2245 quasi
2882 2190 3065 2231 verum
3104 2179 3343 2253 regulam
3379 2188 3433 2233 et
3467 2194 3657 2237 amus-

2081 2263 2183 2317 sim
2227 2263 2401 2334 ipsins
2436 2265 2602 2332 vitam
2637 2265 2978 2338 dirigentem.
3032 2268 3132 2324 llic
3156 2270 3450 2340 plurimum
3474 2270 3664 2328 horta-

2083 2356 2245 2422 batur
2285 2357 2675 2429 imperatorem
2726 2359 2961 2430 filiorum
3000 2377 3187 2418 curam
3228 2372 3435 2440 ageret,
3484 2379 3663 2433 neque

2084 2450 2204 2506 illos
2232 2452 2286 2519 in
2320 2453 2522 2519 malum
2554 2454 2760 2524 absque
2797 2455 3084 2525 disciplina
3116 2471 3377 2526 proruere
3412 2456 3660 2514 sineret:

2086 2560 2152 2599 ne
2188 2546 2429 2619 quando,
2457 2562 2580 2617 quae
2614 2544 2752 2609 Heli.
2782 2557 3079 2617 pateretur.
3128 2548 3200 2619 Ut
3233 2564 3362 2605 vero
3397 2566 3428 2604 a
3472 2549 3599 2605 [iliis
3631 2565 3664 2605 e

2084 2634 2288 2703 palatio
2322 2635 2567 2704 dejeetus
2606 2646 2728 2704 est,
2762 2646 2817 2692 et
2853 2637 2906 2692 in
2937 2636 3140 2699 Proteu
3187 2638 3423 2705 insulam
3455 2638 3663 2711 relega-

2085 2734 2193 2790 tus,
2236 2723 2400 2796 509
2452 2727 2600 2782 hunc
2641 2743 2839 2797 rursus
2877 2728 3067 2783 habuit
3093 2728 3469 2793 calamitatum
3514 2728 3662 2785 sola-

2086 2818 2243 2883 tium,
2287 2829 2339 2873 et
2368 2820 2636 2890 angustia:
2666 2821 2967 2877 remedium
3009 2821 3335 2877 lenitivum:
3378 2822 3667 2894 eidemque

2086 2920 2219 2977 tunc
2246 2914 2508 2983 temporis
2538 2914 2864 2986 Polyeuclus
2895 2915 3194 2971 monachus
3224 2915 3506 2986 piissimus
3536 2916 3661 2972 ade-

2087 3011 2194 3070 rat,
2227 2991 2436 3059 crebris
2462 3019 2587 3060 eum
2624 3005 3001 3071 hortamentis,
3042 3014 3103 3061 ut
3130 2996 3377 3071 decebat,
3414 3006 3668 3073 consola-

2088 3098 2280 3157 turus:
2318 3089 2427 3155 hic,
2472 3089 2785 3161 patriarcha
2812 3088 3222 3162 Theophylacto
3251 3092 3391 3146 vivis
3416 3092 3661 3158 sublato.

2089 3193 2118 3229 a
2145 3176 2506 3233 Constantino
2536 3179 2867 3251 imperatore
2901 3174 3212 3252 patriarcha
3240 3193 3525 3248 promotus
3558 3192 3661 3239 est.

2092 3265 2161 3323 Ut
2182 3281 2311 3323 vero
2340 3267 2483 3325 Deus
2506 3270 2661 3327 miris
2684 3272 2862 3343 modis
2892 3271 3165 3327 hominem
3192 3287 3412 3329 servare
3429 3288 3667 3339 consue-

2091 3361 2187 3421 rit.
2221 3361 2604 3432 imperatorem
2628 3362 2935 3431 ilomanum
2967 3362 3022 3418 in
3045 3363 3415 3428 calamitatem
3433 3379 3544 3435 non
3572 3380 3666 3421 ex-

2090 3463 2390 3524 spectatam
2422 3454 2664 3523 incidere
2686 3456 2973 3527 permisit:
3020 3465 3082 3525 ut
3111 3471 3206 3527 per
3240 3471 3360 3525 eam
3393 3457 3665 3524 eruditus,

2088 3553 2144 3601 et
2180 3545 2248 3601 de
2287 3547 2526 3629 propriis
2549 3546 2765 3615 delictis
2816 3547 3153 3610 admonitus,
3205 3547 3437 3614 salutem
3466 3562 3666 3604 conse—

2089 3637 2185 3709 qui
2219 3639 2418 3710 dignus
2450 3641 2805 3707 inveniretur.
2846 3639 3122 3711 Toleravit
3157 3640 3302 3707 enim
3333 3639 3505 3703 [ilium
3545 3640 3666 3711 ejus

2092 3731 2453 3803 Stephanum,
2511 3732 2658 3794 relut
2701 3734 2980 3819 quondam
3030 3731 3332 3803 Abessalon
3383 3732 3441 3800 in
3497 3731 3665 3789 David

2087 3827 2372 3897 proprium
2405 3836 2616 3896 patrem
2651 3826 2870 3893 rebellis
2924 3825 3047 3890 fuit,
3108 3826 3182 3894 ita
3234 3825 3289 3893 in
3327 3840 3452 3880 eum
3478 3826 3667 3881 insur-

2087 3933 2234 3989 gere.
2294 3917 2691 3983 Constantinus
2720 3918 2941 3992 quippe,
2976 3915 3220 3972 Mariano
3244 3917 3584 3971 cxmonacho
3614 3927 3669 3973 et

2087 4010 2295 4067 Basilio
2342 4009 2538 4077 Petino
2585 4020 2641 4076 et
2677 4009 2928 4066 Manuele
2971 4010 3191 4065 Curtice
3222 4011 3485 4082 propositi
3533 4026 3667 4065 con-

2086 4105 2241 4171 sciis,
2291 4120 2505 4171 necnon
2541 4105 2664 4161 aliis
2715 4102 3144 4178 imperatoribus
3194 4088 3410 4159 facinus
3441 4118 3667 4183 promo-

2084 4198 2336 4255 ventibus
2367 4214 2522 4262 usus,
2556 4197 2766 4277 patrem
2811 4211 2844 4252 e
2875 4196 3079 4279 palatio
3117 4196 3366 4267 improbe
3404 4196 3669 4252 deturba~

2084 4292 2185 4356 vit,
2215 4301 2270 4347 et
2286 4291 2356 4346 ad
2386 4292 2588 4347 Proteu
2620 4289 2855 4356 insulam
2890 4288 3191 4367 relegatum
3219 4290 3552 4357 monachum
3575 4288 3667 4346 de-

2085 4383 2297 4440 tonderi
2324 4383 2512 4454 jussit,

2320 4456 2325 4463 ’
2369 4476 2682 4547 Suprema»:
2719 4473 3059 4534 Constantini
3096 4460 3399 4544 imperium.

482 4583 817 4654 Ὗπελείφθη
847 4578 941 4635 οὖν
971 4579 1335 4651 αὐτοκράτωρ
1360 4577 1775 4637 Κωνσταντῖνος
1802 4576 1831 4628 ό
1862 4573 1981 4627 τού-

2157 4573 2459 4644 lmperator
2484 4569 2667 4639 itaque
2705 4566 2935 4622 Romani
2964 4580 3130 4637 gener
3158 4562 3554 4621 Constantinus
3579 4578 3670 4621 re-

408 4699 500 4735 του
538 4678 811 4751 γαμϐρὸς,
848 4676 907 4740 ὃς
938 4674 1255 4746 παραυτίκα
1307 4671 1521 4743 Βάρδαν
1551 4670 1645 4724 τὸν
1690 4668 1786 4723 τοῦ
1820 4669 1981 4722 saxa

2092 4668 2253 4724 iictns
2276 4675 2383 4721 est.
2426 4662 2525 4719 ilic
2579 4661 2763 4719 statim
2817 4660 3047 4715 Bardam
3094 4658 3291 4717 Phocm
3338 4657 3511 4714 ﬁlium
3550 4675 3672 4714 ma-

406 4772 476 4842 τῇ
503 4767 600 4823 τοῦ
634 4766 936 4840 μαγίστρου
980 4763 1110 4836 ἀξίᾳ
1153 4762 1429 4834 τιμήσας,
1481 4760 1542 4824 ὃς
1581 4760 1760 4842 χρόνῳ
1805 4758 1987 4831 πολλῷ

404 4865 504 4933 τὴν
540 4864 600 4917 ἐν
626 4863 739 4924 τοῖς
762 4858 1024 4928 πολέμοις
1068 4854 1439 4928 ἀνδραγαθίαν
1477 4853 1738 4918 πολλάκις
1782 4854 1986 4907 ἐπιδει-

408 4956 662 5026 ξάμενος,
721 4952 1039 5023 δομέστικον
1088 4950 1198 5003 τῶν
1266 4946 1475 5019 σχολῶν
1551 4945 2024 5019 προχειρίςεται..

406 5043 543 5103 Εἶτα
570 5047 663 5101 τὸν
692 5044 995 5110 Βασίλειον,
1024 5036 1068 5111 ᾧ
1120 5042 1354 5113 ἐπίκλην
1385 5039 1661 5105 Ιίετεινδν,
1696 5039 1988 5110 πατρίκιοι)

404 5145 500 5199 καὶ
531 5141 706 5214 μέγαν
740 5138 1122 5209 ὲταιριάρχην,
1157 5135 1250 5189 τὸν
1285 5133 1342 5187 δὲ
1363 5132 1457 5187 τοῦ
1488 5134 1678 5201 γένους
1706 5132 1814 5186 τῶν
1859 5132 1987 5204 ’Λρ-

406 5235 591 5306 γυρῶν
612 5230 896 5304 Μαριανδν
946 5231 1016 5283 τὰ
1060 5227 1342 5301 μοναχικὰ
1378 5225 1655 5289 ἀποδύσας
1695 5224 1987 5295 πατρίκιον

406 5329 502 5382 καὶ
545 5327 761 5399 κόμητα
811 5322 907 5377 τοῦ
966 5322 1199 5376 σταὺλου
1227 5321 1554 5396 πεποίηκεν,
1587 5317 1854 5381 ὡσαύτως
1891 5316 1988 5373 καὶ

406 5421 662 5492 Μανουὴλ
712 5419 803 5473 τὸν
863 5416 1255 5488 ἐπιλεγόμενον
1311 5411 1627 5486 Κουρτίκην
1694 5404 1987 5483 πατρίκιον

408 5522 500 5575 καὶ
524 5518 888 5593 δρουγγάριον
918 5518 1015 5589 τῆς
1045 5516 1259 5586 βίγλας·
1307 5510 1562 5573 οὕστινας
1593 5511 1743 5580 τρεῖς
1776 5508 1893 5578 μετ’
1923 5505 1986 5559 οὐ

408 5613 575 5669 πολὺν
618 5612 812 5684 χρόνον
854 5612 887 5681 ἡ
921 5608 1015 5663 τοῦ
1056 5605 1195 5660 Θεοῦ
1226 5604 1413 5659 δικαία
1444 5606 1627 5674 κρίσις
1659 5601 1735 5665 ὠς
1759 5600 1840 5662 είς
1867 5614 1990 5669 χριο

410 5708 534 5763 στὸν
556 5705 766 5779 Κυρίου
821 5704 1286 5775 παροινήσαντας,
1336 5697 1433 5750 καὶ⁵
1462 5697 1652 5771 χεῖρας
1697 5692 1987 5747 ἐπιϐαλόν-

406 5819 526 5865 τας,
586 5802 687 5871 τῆς
752 5795 1032 5870 βασιλείας
1089 5792 1453 5864 ὀρεγομένους
1512 5786 1799 5859 μετῆλθεν.
1864 5785 1987 5849 Ἐπὶ

408 5891 732 5949 καθοσιώσει
792 5891 902 5961 γὰρ
944 5885 1423 5956 καταληφθέντες,
1485 5881 1745 5954 ἑκάτερος
1804 5876 1987 5934 αὐτῶν

729 5988 1004 6050 Pnaoe.
1050 5983 1167 6045 Gn.
1212 5980 1433 6046 CVlll.

2090 4760 2245 4832 gistri
2288 4759 2549 4830 dignitate
2591 4754 2829 4813 ornavit.
2874 4752 2979 4820 Qui
3030 4767 3157 4807 cum
3208 4753 3385 4808 multo
3425 4760 3668 4823 tempore

2089 4853 2300 4910 bellica:
2346 4849 2568 4906 virtutis
2616 4850 2671 4904 in
2722 4846 2923 4919 praeliis
2970 4844 3273 4918 spccimina
3322 4841 3669 4914 frequentius

2089 4946 2451 5010 exhibuisset,
2485 4926 2802 4999 scholarum
2834 4937 3174 4996 domesticus
3223 4935 3510 4992 institutus
3561 4946 3668 4992 est.

2090 5039 2325 5097 Basilius
2365 5037 2552 5103 etiam,
2604 5042 2967 5106 cognomento
2998 5030 3255 5095 Petimus,
3306 5028 3570 5099 patricius
3616 5038 3672 5085 et

2090 5145 2323 5202 magnus
2354 5124 2715 5182 hetmriareha
2741 5130 3033 5193 provectus
3054 5130 3156 5175 est.
3180 5118 3480 5189 imperator
3501 5117 3667 5174 etiam

2092 5220 2394 5285 Marianum
2443 5218 2781 5289 Argyrorum
2831 5211 3097 5291 sanguine
3143 5218 3325 5266 ortum
3367 5208 3671 5265 monastieo

2090 5313 2278 5375 habitu
2311 5318 2535 5375 exutum
2578 5308 2783 5371 ereavit
2821 5304 3113 5377 patricium
3158 5312 3214 5357 et
3253 5300 3453 5357 stabuli
3491 5302 3668 5356 comi-

2091 5417 2200 5463 tem
2232 5424 2246 5461 :
2284 5403 2583 5459 blanuelem
2620 5400 2865 5471 insuper,
2899 5396 3173 5454 Curticem
3217 5394 3448 5459 dictum,
3496 5393 3670 5465 patri-

2090 5502 2236 5557 cium
2296 5508 2351 5554 et
2388 5494 2744 5553 excubiarum
2784 5492 3144 5563 drnngarium
3176 5488 3488 5560 promovit:
3526 5502 3669 5560 quos

2090 5594 2313 5664 quidem
2341 5601 2455 5647 tres
2484 5588 2771 5658 interiecto
2813 5586 2961 5641 brevi
2994 5585 3171 5655 spatio
3195 5584 3404 5654 justum
3448 5580 3543 5636 Dei
3579 5579 3671 5649 ju-

2090 5686 2295 5755 dicium
2328 5682 2522 5756 (velut
2563 5693 2661 5737 eos
2730 5679 2823 5749 qui
2870 5679 2925 5734 in
2980 5686 3207 5732 unctum
3270 5672 3485 5730 Domini
3539 5686 3671 5742 pee-

2090 5785 2329 5842 cassent,
2391 5783 2445 5831 et
2501 5775 2556 5830 in
2612 5787 2737 5829 eum
2778 5787 2974 5828 manus
3026 5768 3344 5836 iniecissent
3380 5762 3668 5825 violentas)

2093 5870 2305 5942 imperii
2337 5866 2635 5941 cupiditate
2661 5872 2839 5920 motos
2870 5862 3115 5919 incessit.
3146 5857 3445 5930 Maiestatis
3467 5856 3669 5929 quippe
