  <div class='ocr_page' id='page_1' title='image "/cluster/home/n/w/nwhite01/storage/ocr_20150623/108/mdp.39015037042556/590.png"; bbox 0 0 4038 6298; ppageno 0'>
   <div class='ocr_carea' id='block_1_1' title="bbox 295 568 2307 599">
    <p class='ocr_par' dir='ltr' id='par_1_1' title="bbox 295 568 2307 599">
     <span class='ocr_line' id='line_1_1' title="bbox 295 568 2307 599; baseline 0.001 -2"><span class='ocrx_word' id='word_1_1' title='bbox 295 568 2307 599; x_wconf 39' lang='grc' dir='ltr'><strong>ΝΜ</strong></span> 
     </span>
    </p>
   </div>
   <div class='ocr_carea' id='block_1_2' title="bbox 846 589 1888 602">
    <p class='ocr_par' dir='ltr' id='par_1_2' title="bbox 846 589 1888 602">
     <span class='ocr_line' id='line_1_2' title="bbox 846 589 1888 602; baseline 0.003 -2"><span class='ocrx_word' id='word_1_2' title='bbox 846 589 1888 602; x_wconf 46' lang='grc' dir='ltr'><strong>-ο-ς--υ-ς-ν--ιοο--ξ--υ--σ--σ-φ--ον--υ-ο</strong></span> 
     </span>
    </p>
   </div>
   <div class='ocr_carea' id='block_1_3' title="bbox 746 747 3149 965">
    <p class='ocr_par' dir='ltr' id='par_1_3' title="bbox 746 747 3149 965">
     <span class='ocr_line' id='line_1_3' title="bbox 746 747 3149 965; baseline -0 -58"><span class='ocrx_word' id='word_1_3' title='bbox 746 747 1804 907; x_wconf 80' lang='lat' dir='ltr'><strong>GODEFBIDI</strong></span> <span class='ocrx_word' id='word_1_4' title='bbox 1913 753 3149 965; x_wconf 73' lang='lat' dir='ltr'><strong>HENSGHENII,</strong></span> 
     </span>
    </p>
   </div>
   <div class='ocr_carea' id='block_1_4' title="bbox 1237 1038 2666 1101">
    <p class='ocr_par' dir='ltr' id='par_1_4' title="bbox 1237 1038 2666 1101">
     <span class='ocr_line' id='line_1_4' title="bbox 1237 1038 2666 1101; baseline 0.003 -19"><span class='ocrx_word' id='word_1_5' title='bbox 1237 1038 1678 1097; x_wconf 71' lang='lat' dir='ltr'><strong>HAGIOGRAPHI</strong></span> <span class='ocrx_word' id='word_1_6' title='bbox 1717 1039 2241 1101; x_wconf 56' lang='lat' dir='ltr'><strong>AﬁTWERPlENSIS,</strong></span> <span class='ocrx_word' id='word_1_7' title='bbox 2274 1041 2314 1086; x_wconf 77' lang='grc' dir='ltr'><strong>Ε</strong></span> <span class='ocrx_word' id='word_1_8' title='bbox 2337 1041 2467 1090; x_wconf 81' lang='lat' dir='ltr'><strong>SOC.</strong></span> <span class='ocrx_word' id='word_1_9' title='bbox 2499 1041 2666 1097; x_wconf 84' lang='lat' dir='ltr'><strong>JESU,</strong></span> 
     </span>
    </p>
   </div>
   <div class='ocr_carea' id='block_1_5' title="bbox 561 1191 3344 1338">
    <p class='ocr_par' dir='ltr' id='par_1_5' title="bbox 561 1191 3344 1338">
     <span class='ocr_line' id='line_1_5' title="bbox 561 1191 3344 1338; baseline 0.003 -22"><span class='ocrx_word' id='word_1_10' title='bbox 561 1202 736 1317; x_wconf 87' lang='lat' dir='ltr'><strong>DE</strong></span> <span class='ocrx_word' id='word_1_11' title='bbox 843 1191 2073 1335; x_wconf 79' lang='lat' dir='ltr'><strong>CHRONOGRAPHIA</strong></span> <span class='ocrx_word' id='word_1_12' title='bbox 2191 1207 2309 1323; x_wconf 89' lang='lat' dir='ltr'><strong>S.</strong></span> <span class='ocrx_word' id='word_1_13' title='bbox 2429 1210 3344 1338; x_wconf 85' lang='lat' dir='ltr'><strong>THEOPHANIS</strong></span> 
     </span>
    </p>
   </div>
   <div class='ocr_carea' id='block_1_6' title="bbox 1570 1447 2401 1550">
    <p class='ocr_par' dir='ltr' id='par_1_6' title="bbox 1570 1447 2401 1550">
     <span class='ocr_line' id='line_1_6' title="bbox 1570 1447 2401 1550; baseline 0.004 -16"><span class='ocrx_word' id='word_1_14' title='bbox 1570 1447 2401 1550; x_wconf 81' lang='lat' dir='ltr'><strong>DlSSERTATIO,</strong></span> 
     </span>
    </p>
   </div>
   <div class='ocr_carea' id='block_1_7' title="bbox 1330 1636 2572 1707">
    <p class='ocr_par' dir='ltr' id='par_1_7' title="bbox 1330 1636 2572 1707">
     <span class='ocr_line' id='line_1_7' title="bbox 1330 1636 2572 1707; baseline 0.002 -17"><span class='ocrx_word' id='word_1_15' title='bbox 1330 1642 1470 1698; x_wconf 66' lang='lat' dir='ltr'><strong>[Acta</strong></span> <span class='ocrx_word' id='word_1_16' title='bbox 1496 1645 1768 1690; x_wconf 79' lang='lat' dir='ltr'><strong>sanctorum</strong></span> <span class='ocrx_word' id='word_1_17' title='bbox 1792 1636 2016 1690; x_wconf 74' lang='lat' dir='ltr'><strong>Bolland.</strong></span> <span class='ocrx_word' id='word_1_18' title='bbox 2047 1637 2227 1695; x_wconf 82' lang='lat' dir='ltr'><strong>Martii,</strong></span> <span class='ocrx_word' id='word_1_19' title='bbox 2250 1647 2289 1689; x_wconf 88' lang='lat' dir='ltr'><strong>t.</strong></span> <span class='ocrx_word' id='word_1_20' title='bbox 2315 1638 2404 1702; x_wconf 89' lang='lat' dir='ltr'><strong>lll,</strong></span> <span class='ocrx_word' id='word_1_21' title='bbox 2428 1655 2476 1704; x_wconf 92' lang='lat' dir='ltr'><strong>p.</strong></span> <span class='ocrx_word' id='word_1_22' title='bbox 2506 1644 2572 1707; x_wconf 85' lang='lat' dir='ltr'><strong>v.)</strong></span> 
     </span>
    </p>
   </div>
   <div class='ocr_carea' id='block_1_8' title="bbox 954 2034 1264 2093">
    <p class='ocr_par' dir='ltr' id='par_1_8' title="bbox 954 2034 1264 2093">
     <span class='ocr_line' id='line_1_8' title="bbox 954 2034 1264 2093; baseline 0 0"><span class='ocrx_word' id='word_1_23' title='bbox 954 2034 1183 2093; x_wconf 77' lang='lat' dir='ltr'><strong>CAPUT</strong></span> <span class='ocrx_word' id='word_1_24' title='bbox 1223 2037 1264 2093; x_wconf 91' lang='grc'><strong>1.</strong></span> 
     </span>
    </p>
   </div>
   <div class='ocr_carea' id='block_1_9' title="bbox 307 2151 1900 2223">
    <p class='ocr_par' dir='ltr' id='par_1_9' title="bbox 307 2151 1900 2223">
     <span class='ocr_line' id='line_1_9' title="bbox 307 2151 1900 2223; baseline -0.002 -16"><span class='ocrx_word' id='word_1_25' title='bbox 307 2151 687 2223; x_wconf 76' lang='lat' dir='ltr'><strong>Repudiantttr</strong></span> <span class='ocrx_word' id='word_1_26' title='bbox 716 2151 909 2213; x_wconf 63' lang='lat' dir='ltr'><strong>tabum</strong></span> <span class='ocrx_word' id='word_1_27' title='bbox 934 2153 1230 2217; x_wconf 77' lang='lat' dir='ltr'><strong>cltronicte,</strong></span> <span class='ocrx_word' id='word_1_28' title='bbox 1267 2152 1457 2207; x_wconf 80' lang='lat' dir='ltr'><strong>saltem</strong></span> <span class='ocrx_word' id='word_1_29' title='bbox 1500 2151 1674 2222; x_wconf 83' lang='lat' dir='ltr'><strong>quoad</strong></span> <span class='ocrx_word' id='word_1_30' title='bbox 1733 2167 1900 2206; x_wconf 78' lang='lat' dir='ltr'><strong>annos</strong></span> 
     </span>
    </p>
   </div>
   <div class='ocr_carea' id='block_1_10' title="bbox 578 2224 1646 2295">
    <p class='ocr_par' dir='ltr' id='par_1_10' title="bbox 578 2224 1646 2295">
     <span class='ocr_line' id='line_1_10' title="bbox 578 2224 1646 2295; baseline -0.002 -17"><span class='ocrx_word' id='word_1_31' title='bbox 578 2231 628 2278; x_wconf 80' lang='lat' dir='ltr'><strong>et</strong></span> <span class='ocrx_word' id='word_1_32' title='bbox 655 2224 842 2278; x_wconf 76' lang='lat' dir='ltr'><strong>seriem</strong></span> <span class='ocrx_word' id='word_1_33' title='bbox 887 2225 1114 2295; x_wconf 81' lang='lat' dir='ltr'><strong>quinque</strong></span> <span class='ocrx_word' id='word_1_34' title='bbox 1161 2225 1646 2293; x_wconf 82' lang='lat' dir='ltr'><strong>patriarchatuum.</strong></span> 
     </span>
    </p>
   </div>
   <div class='ocr_carea' id='block_1_11' title="bbox 311 2401 1901 2473">
    <p class='ocr_par' dir='ltr' id='par_1_11' title="bbox 311 2401 1901 2473">
     <span class='ocr_line' id='line_1_11' title="bbox 311 2401 1901 2473; baseline -0.001 -14"><span class='ocrx_word' id='word_1_35' title='bbox 311 2404 458 2459; x_wconf 83' lang='lat' dir='ltr'><strong>Ante</strong></span> <span class='ocrx_word' id='word_1_36' title='bbox 508 2401 696 2458; x_wconf 89' lang='lat' dir='ltr'><strong>omnia</strong></span> <span class='ocrx_word' id='word_1_37' title='bbox 749 2402 986 2459; x_wconf 82' lang='lat' dir='ltr'><strong>dicimus</strong></span> <span class='ocrx_word' id='word_1_38' title='bbox 1043 2403 1280 2458; x_wconf 86' lang='lat' dir='ltr'><strong>dubitari</strong></span> <span class='ocrx_word' id='word_1_39' title='bbox 1342 2418 1455 2458; x_wconf 89' lang='lat' dir='ltr'><strong>non</strong></span> <span class='ocrx_word' id='word_1_40' title='bbox 1515 2419 1717 2473; x_wconf 89' lang='lat' dir='ltr'><strong>posse,</strong></span> <span class='ocrx_word' id='word_1_41' title='bbox 1769 2404 1901 2473; x_wconf 91' lang='lat' dir='ltr'><strong>quin</strong></span> 
     </span>
    </p>
   </div>
   <div class='ocr_carea' id='block_1_12' title="bbox 308 2493 1899 2565">
    <p class='ocr_par' dir='ltr' id='par_1_12' title="bbox 308 2493 1899 2565">
     <span class='ocr_line' id='line_1_12' title="bbox 308 2493 1899 2565; baseline 0.001 -16"><span class='ocrx_word' id='word_1_42' title='bbox 308 2494 384 2558; x_wconf 86' lang='lat' dir='ltr'><strong>is,</strong></span> <span class='ocrx_word' id='word_1_43' title='bbox 432 2493 534 2565; x_wconf 88' lang='lat' dir='ltr'><strong>qui</strong></span> <span class='ocrx_word' id='word_1_44' title='bbox 566 2496 620 2550; x_wconf 91' lang='lat' dir='ltr'><strong>in</strong></span> <span class='ocrx_word' id='word_1_45' title='bbox 666 2494 848 2565; x_wconf 89' lang='lat' dir='ltr'><strong>operis</strong></span> <span class='ocrx_word' id='word_1_46' title='bbox 889 2495 980 2552; x_wconf 89' lang='lat' dir='ltr'><strong>sui</strong></span> <span class='ocrx_word' id='word_1_47' title='bbox 1027 2495 1251 2554; x_wconf 78' lang='lat' dir='ltr'><strong>exordio</strong></span> <span class='ocrx_word' id='word_1_48' title='bbox 1296 2495 1464 2550; x_wconf 88' lang='lat' dir='ltr'><strong>alium</strong></span> <span class='ocrx_word' id='word_1_49' title='bbox 1515 2496 1736 2551; x_wconf 93' lang='lat' dir='ltr'><strong>titulum</strong></span> <span class='ocrx_word' id='word_1_50' title='bbox 1791 2511 1899 2550; x_wconf 83' lang='lat' dir='ltr'><strong>non</strong></span> 
     </span>
    </p>
   </div>
   <div class='ocr_carea' id='block_1_13' title="bbox 312 2582 1905 2656">
    <p class='ocr_par' dir='ltr' id='par_1_13' title="bbox 312 2582 1905 2656">
     <span class='ocr_line' id='line_1_13' title="bbox 312 2582 1905 2656; baseline 0 -17"><span class='ocrx_word' id='word_1_51' title='bbox 312 2585 581 2655; x_wconf 80' lang='lat' dir='ltr'><strong>sumpsit,</strong></span> <span class='ocrx_word' id='word_1_52' title='bbox 605 2599 768 2654; x_wconf 90' lang='lat' dir='ltr'><strong>quam</strong></span> <span class='ocrx_word' id='word_1_53' title='bbox 788 2583 1099 2655; x_wconf 78' lang='grc' dir='ltr'><strong>Θεοφάνους</strong></span> <span class='ocrx_word' id='word_1_54' title='bbox 1127 2582 1223 2638; x_wconf 81' lang='grc' dir='ltr'><strong>τοῦ</strong></span> <span class='ocrx_word' id='word_1_55' title='bbox 1258 2583 1584 2656; x_wconf 80' lang='grc' dir='ltr'><strong>ἁμαρτωλοῦ</strong></span> <span class='ocrx_word' id='word_1_56' title='bbox 1603 2586 1683 2655; x_wconf 89' lang='lat' dir='ltr'><strong>(ut</strong></span> <span class='ocrx_word' id='word_1_57' title='bbox 1703 2585 1905 2642; x_wconf 85' lang='lat' dir='ltr'><strong>fatetur</strong></span> 
     </span>
    </p>
   </div>
   <div class='ocr_carea' id='block_1_14' title="bbox 311 2677 1903 2751">
    <p class='ocr_par' dir='ltr' id='par_1_14' title="bbox 311 2677 1903 2751">
     <span class='ocr_line' id='line_1_14' title="bbox 311 2677 1903 2751; baseline 0.004 -18"><span class='ocrx_word' id='word_1_58' title='bbox 311 2679 577 2750; x_wconf 85' lang='lat' dir='ltr'><strong>egregius</strong></span> <span class='ocrx_word' id='word_1_59' title='bbox 627 2678 937 2735; x_wconf 88' lang='lat' dir='ltr'><strong>illustrator</strong></span> <span class='ocrx_word' id='word_1_60' title='bbox 973 2677 1109 2749; x_wconf 86' lang='lat' dir='ltr'><strong>&#39;ejus</strong></span> <span class='ocrx_word' id='word_1_61' title='bbox 1149 2686 1315 2750; x_wconf 88' lang='lat' dir='ltr'><strong>atque</strong></span> <span class='ocrx_word' id='word_1_62' title='bbox 1370 2677 1644 2751; x_wconf 85' lang='lat' dir='ltr'><strong>interpres</strong></span> <span class='ocrx_word' id='word_1_63' title='bbox 1661 2679 1903 2740; x_wconf 73' lang='lat' dir='ltr'><strong>Iacobus</strong></span> 
     </span>
    </p>
   </div>
   <div class='ocr_carea' id='block_1_15' title="bbox 315 2767 1906 2844">
    <p class='ocr_par' dir='ltr' id='par_1_15' title="bbox 315 2767 1906 2844">
     <span class='ocr_line' id='line_1_15' title="bbox 315 2767 1906 2844; baseline 0.003 -18"><span class='ocrx_word' id='word_1_64' title='bbox 315 2767 473 2829; x_wconf 76' lang='lat' dir='ltr'><strong>Goar</strong></span> <span class='ocrx_word' id='word_1_65' title='bbox 497 2770 620 2827; x_wconf 87' lang='lat' dir='ltr'><strong>ord.</strong></span> <span class='ocrx_word' id='word_1_66' title='bbox 651 2770 1084 2833; x_wconf 72' lang='lat' dir='ltr'><strong>Pracdicatornm</strong></span> <span class='ocrx_word' id='word_1_67' title='bbox 1129 2774 1580 2844; x_wconf 76' lang='lat' dir='ltr'><strong>congregationis</strong></span> <span class='ocrx_word' id='word_1_68' title='bbox 1597 2773 1906 2835; x_wconf 74' lang='lat' dir='ltr'><strong>reformata:</strong></span> 
     </span>
    </p>
   </div>
   <div class='ocr_carea' id='block_1_16' title="bbox 313 2862 1898 2938">
    <p class='ocr_par' dir='ltr' id='par_1_16' title="bbox 313 2862 1898 2938">
     <span class='ocr_line' id='line_1_16' title="bbox 313 2862 1898 2938; baseline 0.004 -21"><span class='ocrx_word' id='word_1_69' title='bbox 313 2862 502 2919; x_wconf 79' lang='lat' dir='ltr'><strong>sancti</strong></span> <span class='ocrx_word' id='word_1_70' title='bbox 522 2862 782 2926; x_wconf 80' lang='lat' dir='ltr'><strong>Ludovici</strong></span> <span class='ocrx_word' id='word_1_71' title='bbox 813 2864 1055 2924; x_wconf 76' lang='lat' dir='ltr'><strong>vicarius</strong></span> <span class='ocrx_word' id='word_1_72' title='bbox 1087 2865 1360 2934; x_wconf 74' lang='lat' dir='ltr'><strong>generalis</strong></span> <span class='ocrx_word' id='word_1_73' title='bbox 1393 2865 1450 2920; x_wconf 89' lang='lat' dir='ltr'><strong>in</strong></span> <span class='ocrx_word' id='word_1_74' title='bbox 1477 2866 1595 2922; x_wconf 87' lang='lat' dir='ltr'><strong>suis</strong></span> <span class='ocrx_word' id='word_1_75' title='bbox 1625 2867 1692 2922; x_wconf 88' lang='lat' dir='ltr'><strong>ad</strong></span> <span class='ocrx_word' id='word_1_76' title='bbox 1726 2866 1898 2938; x_wconf 67' lang='lat' dir='ltr'><strong>pagJ</strong></span> 
     </span>
    </p>
   </div>
   <div class='ocr_carea' id='block_1_17' title="bbox 311 2945 1906 3028">
    <p class='ocr_par' dir='ltr' id='par_1_17' title="bbox 311 2945 1906 3028">
     <span class='ocr_line' id='line_1_17' title="bbox 311 2945 1906 3028; baseline 0.001 -18"><span class='ocrx_word' id='word_1_77' title='bbox 311 2955 539 3026; x_wconf 73' lang='lat' dir='ltr'><strong>notis),,</strong></span> <span class='ocrx_word' id='word_1_78' title='bbox 561 2955 704 3010; x_wconf 87' lang='lat' dir='ltr'><strong>idem</strong></span> <span class='ocrx_word' id='word_1_79' title='bbox 753 2963 908 3010; x_wconf 89' lang='lat' dir='ltr'><strong>certo</strong></span> <span class='ocrx_word' id='word_1_80' title='bbox 942 2956 1014 3011; x_wconf 87' lang='lat' dir='ltr'><strong>sit</strong></span> <span class='ocrx_word' id='word_1_81' title='bbox 1046 2969 1208 3026; x_wconf 89' lang='lat' dir='ltr'><strong>quem</strong></span> <span class='ocrx_word' id='word_1_82' title='bbox 1246 2945 1562 3027; x_wconf 76' lang='lat' dir='ltr'><strong>Magni-agri</strong></span> <span class='ocrx_word' id='word_1_83' title='bbox 1611 2955 1666 3011; x_wconf 87' lang='lat' dir='ltr'><strong>in</strong></span> <span class='ocrx_word' id='word_1_84' title='bbox 1701 2954 1906 3028; x_wconf 88' lang='lat' dir='ltr'><strong>Sigria-</strong></span> 
     </span>
    </p>
   </div>
   <div class='ocr_carea' id='block_1_18' title="bbox 317 3047 1905 3120">
    <p class='ocr_par' dir='ltr' id='par_1_18' title="bbox 317 3047 1905 3120">
     <span class='ocr_line' id='line_1_18' title="bbox 317 3047 1905 3120; baseline 0.003 -19"><span class='ocrx_word' id='word_1_85' title='bbox 317 3061 388 3101; x_wconf 91' lang='lat' dir='ltr'><strong>na</strong></span> <span class='ocrx_word' id='word_1_86' title='bbox 439 3047 808 3119; x_wconf 81' lang='lat' dir='ltr'><strong>hegumennm</strong></span> <span class='ocrx_word' id='word_1_87' title='bbox 859 3048 1251 3120; x_wconf 81' lang='lat' dir='ltr'><strong>egregiumque</strong></span> <span class='ocrx_word' id='word_1_88' title='bbox 1299 3047 1402 3103; x_wconf 89' lang='lat' dir='ltr'><strong>sub</strong></span> <span class='ocrx_word' id='word_1_89' title='bbox 1431 3047 1614 3103; x_wconf 87' lang='lat' dir='ltr'><strong>Leone</strong></span> <span class='ocrx_word' id='word_1_90' title='bbox 1664 3049 1905 3116; x_wconf 69' lang='lat' dir='ltr'><strong>Armeno</strong></span> 
     </span>
    </p>
   </div>
   <div class='ocr_carea' id='block_1_19' title="bbox 314 3140 1905 3211">
    <p class='ocr_par' dir='ltr' id='par_1_19' title="bbox 314 3140 1905 3211">
     <span class='ocr_line' id='line_1_19' title="bbox 314 3140 1905 3211; baseline 0.003 -17"><span class='ocrx_word' id='word_1_91' title='bbox 314 3140 700 3206; x_wconf 77' lang='lat' dir='ltr'><strong>confessorem</strong></span> <span class='ocrx_word' id='word_1_92' title='bbox 734 3141 935 3196; x_wconf 80' lang='lat' dir='ltr'><strong>festive</strong></span> <span class='ocrx_word' id='word_1_93' title='bbox 964 3141 1266 3211; x_wconf 80' lang='lat' dir='ltr'><strong>quotannis</strong></span> <span class='ocrx_word' id='word_1_94' title='bbox 1296 3141 1487 3197; x_wconf 89' lang='lat' dir='ltr'><strong>colunt</strong></span> <span class='ocrx_word' id='word_1_95' title='bbox 1514 3142 1689 3198; x_wconf 69' lang='lat' dir='ltr'><strong>Graeci</strong></span> <span class='ocrx_word' id='word_1_96' title='bbox 1719 3143 1808 3197; x_wconf 90' lang='lat' dir='ltr'><strong>die</strong></span> <span class='ocrx_word' id='word_1_97' title='bbox 1837 3143 1905 3198; x_wconf 76' lang='grc'><strong>12</strong></span> 
     </span>
    </p>
   </div>
   <div class='ocr_carea' id='block_1_20' title="bbox 315 3232 1904 3306">
    <p class='ocr_par' dir='ltr' id='par_1_20' title="bbox 315 3232 1904 3306">
     <span class='ocr_line' id='line_1_20' title="bbox 315 3232 1904 3306; baseline 0.002 -18"><span class='ocrx_word' id='word_1_98' title='bbox 315 3232 527 3301; x_wconf 75' lang='lat' dir='ltr'><strong>Martii.</strong></span> <span class='ocrx_word' id='word_1_99' title='bbox 558 3233 735 3306; x_wconf 76' lang='lat' dir='ltr'><strong>l-lttjus</strong></span> <span class='ocrx_word' id='word_1_100' title='bbox 769 3234 914 3289; x_wconf 89' lang='lat' dir='ltr'><strong>enim</strong></span> <span class='ocrx_word' id='word_1_101' title='bbox 942 3235 1193 3290; x_wconf 78' lang='lat' dir='ltr'><strong>veritatis</strong></span> <span class='ocrx_word' id='word_1_102' title='bbox 1225 3235 1496 3292; x_wconf 81' lang='lat' dir='ltr'><strong>habemus</strong></span> <span class='ocrx_word' id='word_1_103' title='bbox 1525 3245 1717 3293; x_wconf 85' lang='lat' dir='ltr'><strong>testem</strong></span> <span class='ocrx_word' id='word_1_104' title='bbox 1752 3238 1904 3291; x_wconf 86' lang='lat' dir='ltr'><strong>omni</strong></span> 
     </span>
    </p>
   </div>
   <div class='ocr_carea' id='block_1_21' title="bbox 317 3327 1905 3408">
    <p class='ocr_par' dir='ltr' id='par_1_21' title="bbox 317 3327 1905 3408">
     <span class='ocr_line' id='line_1_21' title="bbox 317 3327 1905 3408; baseline 0.001 -25"><span class='ocrx_word' id='word_1_105' title='bbox 317 3327 651 3408; x_wconf 81' lang='lat' dir='ltr'><strong>exceptione</strong></span> <span class='ocrx_word' id='word_1_106' title='bbox 707 3327 994 3396; x_wconf 81' lang='lat' dir='ltr'><strong>majorem,</strong></span> <span class='ocrx_word' id='word_1_107' title='bbox 1037 3328 1214 3399; x_wconf 89' lang='lat' dir='ltr'><strong>ipsum</strong></span> <span class='ocrx_word' id='word_1_108' title='bbox 1247 3327 1599 3400; x_wconf 84' lang='lat' dir='ltr'><strong>Theophanis</strong></span> <span class='ocrx_word' id='word_1_109' title='bbox 1631 3329 1905 3401; x_wconf 84' lang='lat' dir='ltr'><strong>antiquis-</strong></span> 
     </span>
    </p>
   </div>
   <div class='ocr_carea' id='block_1_22' title="bbox 315 3419 1902 3497">
    <p class='ocr_par' dir='ltr' id='par_1_22' title="bbox 315 3419 1902 3497">
     <span class='ocr_line' id='line_1_22' title="bbox 315 3419 1902 3497; baseline 0 -19"><span class='ocrx_word' id='word_1_110' title='bbox 315 3419 524 3483; x_wconf 83' lang='lat' dir='ltr'><strong>simum</strong></span> <span class='ocrx_word' id='word_1_111' title='bbox 553 3422 913 3491; x_wconf 84' lang='lat' dir='ltr'><strong>interpretem</strong></span> <span class='ocrx_word' id='word_1_112' title='bbox 959 3437 1023 3477; x_wconf 87' lang='lat' dir='ltr'><strong>ac</strong></span> <span class='ocrx_word' id='word_1_113' title='bbox 1059 3436 1198 3497; x_wconf 85' lang='lat' dir='ltr'><strong>pene</strong></span> <span class='ocrx_word' id='word_1_114' title='bbox 1233 3437 1499 3489; x_wconf 74' lang='lat' dir='ltr'><strong>coaevum,</strong></span> <span class='ocrx_word' id='word_1_115' title='bbox 1552 3424 1902 3479; x_wconf 81' lang='lat' dir='ltr'><strong>Anastasium</strong></span> 
     </span>
    </p>
   </div>
   <div class='ocr_carea' id='block_1_23' title="bbox 319 3511 1906 3585">
    <p class='ocr_par' dir='ltr' id='par_1_23' title="bbox 319 3511 1906 3585">
     <span class='ocr_line' id='line_1_23' title="bbox 319 3511 1906 3585; baseline 0.003 -17"><span class='ocrx_word' id='word_1_116' title='bbox 319 3511 832 3578; x_wconf 75' lang='lat' dir='ltr'><strong>Bibliothecarium,</strong></span> <span class='ocrx_word' id='word_1_117' title='bbox 889 3513 1286 3583; x_wconf 82' lang='lat' dir='ltr'><strong>interpretem,</strong></span> <span class='ocrx_word' id='word_1_118' title='bbox 1347 3515 1569 3585; x_wconf 88' lang='lat' dir='ltr'><strong>inquam</strong></span> <span class='ocrx_word' id='word_1_119' title='bbox 1608 3534 1619 3568; x_wconf 93' lang='lat'>:</span> <span class='ocrx_word' id='word_1_120' title='bbox 1653 3515 1781 3584; x_wconf 88' lang='lat' dir='ltr'><strong>quia</strong></span> <span class='ocrx_word' id='word_1_121' title='bbox 1837 3532 1906 3572; x_wconf 78' lang='lat' dir='ltr'><strong>ex</strong></span> 
     </span>
    </p>
   </div>
   <div class='ocr_carea' id='block_1_24' title="bbox 319 3606 1907 3682">
    <p class='ocr_par' dir='ltr' id='par_1_24' title="bbox 319 3606 1907 3682">
     <span class='ocr_line' id='line_1_24' title="bbox 319 3606 1907 3682; baseline 0 -19"><span class='ocrx_word' id='word_1_122' title='bbox 319 3607 775 3679; x_wconf 80' lang='lat' dir='ltr'><strong>ChronOgraphia</strong></span> <span class='ocrx_word' id='word_1_123' title='bbox 811 3608 1049 3679; x_wconf 90' lang='lat' dir='ltr'><strong>primum</strong></span> <span class='ocrx_word' id='word_1_124' title='bbox 1094 3606 1336 3682; x_wconf 80' lang='lat' dir='ltr'><strong>Georgii,</strong></span> <span class='ocrx_word' id='word_1_125' title='bbox 1386 3608 1586 3665; x_wconf 89' lang='lat' dir='ltr'><strong>deinde</strong></span> <span class='ocrx_word' id='word_1_126' title='bbox 1611 3608 1907 3681; x_wconf 83' lang='lat' dir='ltr'><strong>Theopha-</strong></span> 
     </span>
    </p>
   </div>
   <div class='ocr_carea' id='block_1_25' title="bbox 320 3699 1906 3774">
    <p class='ocr_par' dir='ltr' id='par_1_25' title="bbox 320 3699 1906 3774">
     <span class='ocr_line' id='line_1_25' title="bbox 320 3699 1906 3774; baseline 0.001 -18"><span class='ocrx_word' id='word_1_127' title='bbox 320 3701 410 3757; x_wconf 85' lang='lat' dir='ltr'><strong>nis</strong></span> <span class='ocrx_word' id='word_1_128' title='bbox 456 3699 843 3770; x_wconf 89' lang='lat' dir='ltr'><strong>decerpturum</strong></span> <span class='ocrx_word' id='word_1_129' title='bbox 878 3716 938 3756; x_wconf 91' lang='lat' dir='ltr'><strong>se</strong></span> <span class='ocrx_word' id='word_1_130' title='bbox 972 3700 1283 3772; x_wconf 87' lang='lat' dir='ltr'><strong>profitetur,</strong></span> <span class='ocrx_word' id='word_1_131' title='bbox 1332 3709 1388 3756; x_wconf 89' lang='lat' dir='ltr'><strong>et</strong></span> <span class='ocrx_word' id='word_1_132' title='bbox 1422 3718 1552 3758; x_wconf 87' lang='lat' dir='ltr'><strong>vero</strong></span> <span class='ocrx_word' id='word_1_133' title='bbox 1582 3701 1906 3774; x_wconf 77' lang='lat' dir='ltr'><strong>plerumque</strong></span> 
     </span>
    </p>
   </div>
   <div class='ocr_carea' id='block_1_26' title="bbox 324 3792 1904 3866">
    <p class='ocr_par' dir='ltr' id='par_1_26' title="bbox 324 3792 1904 3866">
     <span class='ocr_line' id='line_1_26' title="bbox 324 3792 1904 3866; baseline 0.003 -19"><span class='ocrx_word' id='word_1_134' title='bbox 324 3792 607 3863; x_wconf 83' lang='lat' dir='ltr'><strong>decerpsit</strong></span> <span class='ocrx_word' id='word_1_135' title='bbox 643 3793 814 3848; x_wconf 88' lang='lat' dir='ltr'><strong>verbo</strong></span> <span class='ocrx_word' id='word_1_136' title='bbox 853 3799 1036 3860; x_wconf 87' lang='lat' dir='ltr'><strong>tenus,</strong></span> <span class='ocrx_word' id='word_1_137' title='bbox 1068 3793 1334 3866; x_wconf 84' lang='lat' dir='ltr'><strong>quidquid</strong></span> <span class='ocrx_word' id='word_1_138' title='bbox 1368 3794 1437 3850; x_wconf 89' lang='lat' dir='ltr'><strong>ad</strong></span> <span class='ocrx_word' id='word_1_139' title='bbox 1474 3795 1775 3851; x_wconf 76' lang='lat' dir='ltr'><strong>historiam</strong></span> <span class='ocrx_word' id='word_1_140' title='bbox 1810 3811 1904 3852; x_wconf 84' lang='lat' dir='ltr'><strong>ec-</strong></span> 
     </span>
    </p>
   </div>
   <div class='ocr_carea' id='block_1_27' title="bbox 320 3885 1907 3949">
    <p class='ocr_par' dir='ltr' id='par_1_27' title="bbox 320 3885 1907 3949">
     <span class='ocr_line' id='line_1_27' title="bbox 320 3885 1907 3949; baseline 0.001 -3"><span class='ocrx_word' id='word_1_141' title='bbox 320 3885 694 3946; x_wconf 79' lang='lat' dir='ltr'><strong>clesiasticam</strong></span> <span class='ocrx_word' id='word_1_142' title='bbox 744 3885 938 3942; x_wconf 87' lang='lat' dir='ltr'><strong>Latine</strong></span> <span class='ocrx_word' id='word_1_143' title='bbox 974 3887 1320 3942; x_wconf 74' lang='lat' dir='ltr'><strong>condendam</strong></span> <span class='ocrx_word' id='word_1_144' title='bbox 1364 3886 1606 3946; x_wconf 77' lang='lat' dir='ltr'><strong>Joannes</strong></span> <span class='ocrx_word' id='word_1_145' title='bbox 1634 3888 1907 3949; x_wconf 78' lang='lat' dir='ltr'><strong>diaconus</strong></span> 
     </span>
    </p>
   </div>
   <div class='ocr_carea' id='block_1_28' title="bbox 325 3975 1902 4050">
    <p class='ocr_par' dir='ltr' id='par_1_28' title="bbox 325 3975 1902 4050">
     <span class='ocr_line' id='line_1_28' title="bbox 325 3975 1902 4050; baseline -0.001 -13"><span class='ocrx_word' id='word_1_146' title='bbox 325 3977 613 4044; x_wconf 65' lang='lat' dir='ltr'><strong>videbatur</strong></span> <span class='ocrx_word' id='word_1_147' title='bbox 650 3991 813 4047; x_wconf 87' lang='lat' dir='ltr'><strong>posse</strong></span> <span class='ocrx_word' id='word_1_148' title='bbox 853 3975 1169 4034; x_wconf 84' lang='lat' dir='ltr'><strong>desiderare</strong></span> <span class='ocrx_word' id='word_1_149' title='bbox 1198 3992 1266 4034; x_wconf 82' lang='lat' dir='ltr'><strong>ex</strong></span> <span class='ocrx_word' id='word_1_150' title='bbox 1309 3975 1517 4035; x_wconf 67' lang='lat' dir='ltr'><strong>Grtecis</strong></span> <span class='ocrx_word' id='word_1_151' title='bbox 1559 3980 1902 4050; x_wconf 80' lang='lat' dir='ltr'><strong>auctoribus,</strong></span> 
     </span>
    </p>
   </div>
   <div class='ocr_carea' id='block_1_29' title="bbox 323 4071 1876 4144">
    <p class='ocr_par' dir='ltr' id='par_1_29' title="bbox 323 4071 1876 4144">
     <span class='ocr_line' id='line_1_29' title="bbox 323 4071 1876 4144; baseline 0 -18"><span class='ocrx_word' id='word_1_152' title='bbox 323 4086 468 4141; x_wconf 88' lang='lat' dir='ltr'><strong>quos</strong></span> <span class='ocrx_word' id='word_1_153' title='bbox 513 4072 938 4139; x_wconf 77' lang='lat' dir='ltr'><strong>nominavimus,</strong></span> <span class='ocrx_word' id='word_1_154' title='bbox 989 4071 1286 4142; x_wconf 85' lang='lat' dir='ltr'><strong>Postquam</strong></span> <span class='ocrx_word' id='word_1_155' title='bbox 1317 4080 1497 4126; x_wconf 88' lang='lat' dir='ltr'><strong>autem</strong></span> <span class='ocrx_word' id='word_1_156' title='bbox 1537 4071 1754 4144; x_wconf 65' lang='lat' dir='ltr'><strong>Georgii</strong></span> <span class='ocrx_word' id='word_1_157' title='bbox 1789 4073 1876 4135; x_wconf 80' lang='lat' dir='ltr'><strong>lau</strong></span> 
     </span>
    </p>
   </div>
   <div class='ocr_carea' id='block_1_30' title="bbox 321 4162 1908 4239">
    <p class='ocr_par' dir='ltr' id='par_1_30' title="bbox 321 4162 1908 4239">
     <span class='ocr_line' id='line_1_30' title="bbox 321 4162 1908 4239; baseline 0.002 -20"><span class='ocrx_word' id='word_1_158' title='bbox 321 4162 423 4230; x_wconf 72' lang='lat' dir='ltr'><strong>des</strong></span> <span class='ocrx_word' id='word_1_159' title='bbox 457 4164 715 4219; x_wconf 89' lang='lat' dir='ltr'><strong>brevibus</strong></span> <span class='ocrx_word' id='word_1_160' title='bbox 767 4165 970 4239; x_wconf 83' lang='lat' dir='ltr'><strong>attigit,</strong></span> <span class='ocrx_word' id='word_1_161' title='bbox 1036 4181 1056 4215; x_wconf 72' lang='grc' dir='ltr'><strong><em>ι</em></strong></span> <span class='ocrx_word' id='word_1_162' title='bbox 1090 4164 1165 4220; x_wconf 88' lang='lat' dir='ltr'><strong>De</strong></span> <span class='ocrx_word' id='word_1_163' title='bbox 1214 4165 1408 4230; x_wconf 80' lang='lat' dir='ltr'><strong>altero,</strong></span> <span class='ocrx_word' id='word_1_164' title='bbox 1449 4166 1647 4236; x_wconf 84' lang='lat' dir='ltr'><strong>inquit,</strong></span> <span class='ocrx_word' id='word_1_165' title='bbox 1697 4166 1908 4224; x_wconf 81' lang='lat' dir='ltr'><strong>scilicet</strong></span> 
     </span>
    </p>
   </div>
   <div class='ocr_carea' id='block_1_31' title="bbox 328 4256 1906 4331">
    <p class='ocr_par' dir='ltr' id='par_1_31' title="bbox 328 4256 1906 4331">
     <span class='ocr_line' id='line_1_31' title="bbox 328 4256 1906 4331; baseline 0.002 -20"><span class='ocrx_word' id='word_1_166' title='bbox 328 4256 685 4328; x_wconf 82' lang='lat' dir='ltr'><strong>Theophane,</strong></span> <span class='ocrx_word' id='word_1_167' title='bbox 730 4257 862 4327; x_wconf 89' lang='lat' dir='ltr'><strong>quid</strong></span> <span class='ocrx_word' id='word_1_168' title='bbox 910 4256 1129 4313; x_wconf 82' lang='lat' dir='ltr'><strong>dicam?</strong></span> <span class='ocrx_word' id='word_1_169' title='bbox 1184 4269 1390 4313; x_wconf 88' lang='lat' dir='ltr'><strong>cumet</strong></span> <span class='ocrx_word' id='word_1_170' title='bbox 1432 4259 1557 4329; x_wconf 87' lang='lat' dir='ltr'><strong>ejus</strong></span> <span class='ocrx_word' id='word_1_171' title='bbox 1592 4260 1906 4331; x_wconf 85' lang='lat' dir='ltr'><strong>conscripta</strong></span> 
     </span>
    </p>
   </div>
   <div class='ocr_carea' id='block_1_32' title="bbox 328 4349 1908 4421">
    <p class='ocr_par' dir='ltr' id='par_1_32' title="bbox 328 4349 1908 4421">
     <span class='ocr_line' id='line_1_32' title="bbox 328 4349 1908 4421; baseline 0.004 -17"><span class='ocrx_word' id='word_1_172' title='bbox 328 4349 460 4416; x_wconf 87' lang='lat' dir='ltr'><strong>vita,</strong></span> <span class='ocrx_word' id='word_1_173' title='bbox 496 4349 736 4420; x_wconf 88' lang='lat' dir='ltr'><strong>qualiter</strong></span> <span class='ocrx_word' id='word_1_174' title='bbox 765 4350 1022 4410; x_wconf 86' lang='lat' dir='ltr'><strong>videlicet</strong></span> <span class='ocrx_word' id='word_1_175' title='bbox 1055 4350 1256 4419; x_wconf 87' lang='lat' dir='ltr'><strong>amplis</strong></span> <span class='ocrx_word' id='word_1_176' title='bbox 1289 4352 1635 4421; x_wconf 87' lang='lat' dir='ltr'><strong>patrimoniis</strong></span> <span class='ocrx_word' id='word_1_177' title='bbox 1669 4353 1908 4411; x_wconf 80' lang='lat' dir='ltr'><strong>venditis</strong></span> 
     </span>
    </p>
   </div>
   <div class='ocr_carea' id='block_1_33' title="bbox 322 4443 1904 4515">
    <p class='ocr_par' dir='ltr' id='par_1_33' title="bbox 322 4443 1904 4515">
     <span class='ocr_line' id='line_1_33' title="bbox 322 4443 1904 4515; baseline 0 -17"><span class='ocrx_word' id='word_1_178' title='bbox 322 4457 548 4503; x_wconf 79' lang='lat' dir='ltr'><strong>crucem</strong></span> <span class='ocrx_word' id='word_1_179' title='bbox 578 4458 734 4503; x_wconf 85' lang='lat' dir='ltr'><strong>suam</strong></span> <span class='ocrx_word' id='word_1_180' title='bbox 768 4443 990 4511; x_wconf 89' lang='lat' dir='ltr'><strong>tulerit;</strong></span> <span class='ocrx_word' id='word_1_181' title='bbox 1024 4445 1330 4515; x_wconf 83' lang='lat' dir='ltr'><strong>qualiterve</strong></span> <span class='ocrx_word' id='word_1_182' title='bbox 1356 4454 1579 4502; x_wconf 88' lang='lat' dir='ltr'><strong>secutus</strong></span> <span class='ocrx_word' id='word_1_183' title='bbox 1602 4443 1904 4514; x_wconf 80' lang='lat' dir='ltr'><strong>Christum,</strong></span> 
     </span>
    </p>
   </div>
   <div class='ocr_carea' id='block_1_34' title="bbox 330 4537 1908 4609">
    <p class='ocr_par' dir='ltr' id='par_1_34' title="bbox 330 4537 1908 4609">
     <span class='ocr_line' id='line_1_34' title="bbox 330 4537 1908 4609; baseline 0.001 -19"><span class='ocrx_word' id='word_1_184' title='bbox 330 4537 547 4594; x_wconf 80' lang='lat' dir='ltr'><strong>abbatis</strong></span> <span class='ocrx_word' id='word_1_185' title='bbox 575 4539 628 4600; x_wconf 88' lang='lat' dir='ltr'><strong>in</strong></span> <span class='ocrx_word' id='word_1_186' title='bbox 652 4539 989 4596; x_wconf 82' lang='lat' dir='ltr'><strong>monasterio</strong></span> <span class='ocrx_word' id='word_1_187' title='bbox 1020 4538 1150 4609; x_wconf 82' lang='lat' dir='ltr'><strong>Agri</strong></span> <span class='ocrx_word' id='word_1_188' title='bbox 1185 4540 1408 4595; x_wconf 87' lang='lat' dir='ltr'><strong>functus</strong></span> <span class='ocrx_word' id='word_1_189' title='bbox 1451 4540 1648 4606; x_wconf 85' lang='lat' dir='ltr'><strong>officio,</strong></span> <span class='ocrx_word' id='word_1_190' title='bbox 1681 4540 1908 4596; x_wconf 85' lang='lat' dir='ltr'><strong>virtuti-</strong></span> 
     </span>
    </p>
   </div>
   <div class='ocr_carea' id='block_1_35' title="bbox 329 4631 1906 4702">
    <p class='ocr_par' dir='ltr' id='par_1_35' title="bbox 329 4631 1906 4702">
     <span class='ocr_line' id='line_1_35' title="bbox 329 4631 1906 4702; baseline 0.001 -15"><span class='ocrx_word' id='word_1_191' title='bbox 329 4631 435 4694; x_wconf 85' lang='lat' dir='ltr'><strong>bus</strong></span> <span class='ocrx_word' id='word_1_192' title='bbox 489 4633 729 4698; x_wconf 86' lang='lat' dir='ltr'><strong>fulserit,</strong></span> <span class='ocrx_word' id='word_1_193' title='bbox 783 4634 1065 4690; x_wconf 86' lang='lat' dir='ltr'><strong>miraculis</strong></span> <span class='ocrx_word' id='word_1_194' title='bbox 1100 4635 1497 4702; x_wconf 86' lang='lat' dir='ltr'><strong>coruscaverit,</strong></span> <span class='ocrx_word' id='word_1_195' title='bbox 1529 4642 1584 4690; x_wconf 89' lang='lat' dir='ltr'><strong>et</strong></span> <span class='ocrx_word' id='word_1_196' title='bbox 1616 4634 1906 4690; x_wconf 80' lang='lat' dir='ltr'><strong>confessor</strong></span> 
     </span>
    </p>
   </div>
   <div class='ocr_carea' id='block_1_36' title="bbox 1928 2043 1978 2098">
    <p class='ocr_par' dir='ltr' id='par_1_36' title="bbox 1928 2043 1978 2098">
     <span class='ocr_line' id='line_1_36' title="bbox 1928 2043 1978 2098; baseline 0 0"><span class='ocrx_word' id='word_1_197' title='bbox 1928 2043 1978 2098; x_wconf 73' lang='grc' dir='ltr'><strong>Δ</strong></span> 
     </span>
    </p>
   </div>
   <div class='ocr_carea' id='block_1_37' title="bbox 1937 3391 1980 3447">
    <p class='ocr_par' dir='ltr' id='par_1_37' title="bbox 1937 3391 1980 3447">
     <span class='ocr_line' id='line_1_37' title="bbox 1937 3391 1980 3447; baseline 0 0"><span class='ocrx_word' id='word_1_198' title='bbox 1937 3391 1980 3447; x_wconf 84' lang='grc' dir='ltr'><strong>Β</strong></span> 
     </span>
    </p>
   </div>
   <div class='ocr_carea' id='block_1_38' title="bbox 2023 2029 3588 2115">
    <p class='ocr_par' dir='ltr' id='par_1_38' title="bbox 2023 2029 3588 2115">
     <span class='ocr_line' id='line_1_38' title="bbox 2023 2029 3588 2115; baseline 0.012 -25"><span class='ocrx_word' id='word_1_199' title='bbox 2023 2036 2134 2090; x_wconf 91' lang='lat' dir='ltr'><strong>suit</strong></span> <span class='ocrx_word' id='word_1_200' title='bbox 2165 2052 2179 2090; x_wconf 90' lang='lat'><strong>:</strong></span> <span class='ocrx_word' id='word_1_201' title='bbox 2214 2036 2520 2107; x_wconf 82' lang='lat' dir='ltr'><strong>priscorum</strong></span> <span class='ocrx_word' id='word_1_202' title='bbox 2557 2040 2782 2112; x_wconf 89' lang='lat' dir='ltr'><strong>insuper</strong></span> <span class='ocrx_word' id='word_1_203' title='bbox 2821 2059 3008 2115; x_wconf 84' lang='lat' dir='ltr'><strong>regum</strong></span> <span class='ocrx_word' id='word_1_204' title='bbox 3041 2061 3106 2100; x_wconf 90' lang='lat' dir='ltr'><strong>ac</strong></span> <span class='ocrx_word' id='word_1_205' title='bbox 3138 2049 3418 2106; x_wconf 87' lang='lat' dir='ltr'><strong>nationum</strong></span> <span class='ocrx_word' id='word_1_206' title='bbox 3468 2029 3588 2109; x_wconf 84' lang='lat' dir='ltr'><strong>uni-</strong></span> 
     </span>
    </p>
   </div>
   <div class='ocr_carea' id='block_1_39' title="bbox 2005 2141 3580 2219">
    <p class='ocr_par' dir='ltr' id='par_1_39' title="bbox 2005 2141 3580 2219">
     <span class='ocr_line' id='line_1_39' title="bbox 2005 2141 3580 2219; baseline 0.014 -34"><span class='ocrx_word' id='word_1_207' title='bbox 2005 2148 2290 2190; x_wconf 82' lang='lat' dir='ltr'><strong>versarum</strong></span> <span class='ocrx_word' id='word_1_208' title='bbox 2326 2143 2472 2192; x_wconf 80' lang='lat' dir='ltr'><strong>statu</strong></span> <span class='ocrx_word' id='word_1_209' title='bbox 2505 2145 2558 2193; x_wconf 89' lang='lat' dir='ltr'><strong>et</strong></span> <span class='ocrx_word' id='word_1_210' title='bbox 2589 2141 2852 2210; x_wconf 79' lang='lat' dir='ltr'><strong>regimine</strong></span> <span class='ocrx_word' id='word_1_211' title='bbox 2878 2152 3166 2209; x_wconf 86' lang='lat' dir='ltr'><strong>annotato,</strong></span> <span class='ocrx_word' id='word_1_212' title='bbox 3203 2147 3580 2219; x_wconf 83' lang='lat' dir='ltr'><strong>singulorum-</strong></span> 
     </span>
    </p>
   </div>
   <div class='ocr_carea' id='block_1_40' title="bbox 2005 2230 3584 2313">
    <p class='ocr_par' dir='ltr' id='par_1_40' title="bbox 2005 2230 3584 2313">
     <span class='ocr_line' id='line_1_40' title="bbox 2005 2230 3584 2313; baseline 0.013 -33"><span class='ocrx_word' id='word_1_213' title='bbox 2005 2241 2113 2295; x_wconf 87' lang='lat' dir='ltr'><strong>que</strong></span> <span class='ocrx_word' id='word_1_214' title='bbox 2145 2238 2410 2298; x_wconf 86' lang='lat' dir='ltr'><strong>quantum</strong></span> <span class='ocrx_word' id='word_1_215' title='bbox 2446 2230 2573 2286; x_wconf 84' lang='lat' dir='ltr'><strong>licet</strong></span> <span class='ocrx_word' id='word_1_216' title='bbox 2614 2233 2920 2290; x_wconf 74' lang='lat' dir='ltr'><strong>observatis</strong></span> <span class='ocrx_word' id='word_1_217' title='bbox 2967 2236 3248 2303; x_wconf 74' lang='lat' dir='ltr'><strong>tetatibus,</strong></span> <span class='ocrx_word' id='word_1_218' title='bbox 3300 2258 3584 2313; x_wconf 83' lang='lat' dir='ltr'><strong>suprema-</strong></span> 
     </span>
    </p>
   </div>
   <div class='ocr_carea' id='block_1_41' title="bbox 2005 2321 3585 2397">
    <p class='ocr_par' dir='ltr' id='par_1_41' title="bbox 2005 2321 3585 2397">
     <span class='ocr_line' id='line_1_41' title="bbox 2005 2321 3585 2397; baseline 0.013 -25"><span class='ocrx_word' id='word_1_219' title='bbox 2005 2333 2126 2373; x_wconf 90' lang='lat' dir='ltr'><strong>rum</strong></span> <span class='ocrx_word' id='word_1_220' title='bbox 2149 2327 2203 2375; x_wconf 92' lang='lat' dir='ltr'><strong>et</strong></span> <span class='ocrx_word' id='word_1_221' title='bbox 2230 2321 2624 2377; x_wconf 86' lang='lat' dir='ltr'><strong>universalium</strong></span> <span class='ocrx_word' id='word_1_222' title='bbox 2662 2323 2900 2392; x_wconf 89' lang='lat' dir='ltr'><strong>sedium,</strong></span> <span class='ocrx_word' id='word_1_223' title='bbox 2935 2324 3121 2389; x_wconf 73' lang='lat' dir='ltr'><strong>Romae</strong></span> <span class='ocrx_word' id='word_1_224' title='bbox 3155 2327 3314 2397; x_wconf 72' lang='lat' dir='ltr'><strong>dico;</strong></span> <span class='ocrx_word' id='word_1_225' title='bbox 3345 2334 3585 2392; x_wconf 84' lang='lat' dir='ltr'><strong>Alexan-</strong></span> 
     </span>
    </p>
   </div>
   <div class='ocr_carea' id='block_1_42' title="bbox 2004 2411 3585 2499">
    <p class='ocr_par' dir='ltr' id='par_1_42' title="bbox 2004 2411 3585 2499">
     <span class='ocr_line' id='line_1_42' title="bbox 2004 2411 3585 2499; baseline 0.011 -32"><span class='ocrx_word' id='word_1_226' title='bbox 2004 2411 2180 2480; x_wconf 65' lang='lat' dir='ltr'><strong>driae,</strong></span> <span class='ocrx_word' id='word_1_227' title='bbox 2239 2413 2545 2481; x_wconf 63' lang='lat' dir='ltr'><strong>Antiochiae</strong></span> <span class='ocrx_word' id='word_1_228' title='bbox 2607 2425 2661 2472; x_wconf 92' lang='lat' dir='ltr'><strong>et</strong></span> <span class='ocrx_word' id='word_1_229' title='bbox 2718 2414 3230 2493; x_wconf 80' lang='lat' dir='ltr'><strong>Hierosolymorum</strong></span> <span class='ocrx_word' id='word_1_230' title='bbox 3296 2428 3585 2499; x_wconf 86' lang='lat' dir='ltr'><strong>pontifices</strong></span> 
     </span>
    </p>
   </div>
   <div class='ocr_carea' id='block_1_43' title="bbox 2003 2508 3586 2593">
    <p class='ocr_par' dir='ltr' id='par_1_43' title="bbox 2003 2508 3586 2593">
     <span class='ocr_line' id='line_1_43' title="bbox 2003 2508 3586 2593; baseline 0.011 -31"><span class='ocrx_word' id='word_1_231' title='bbox 2003 2508 2371 2577; x_wconf 86' lang='lat' dir='ltr'><strong>enumeravit,</strong></span> <span class='ocrx_word' id='word_1_232' title='bbox 2428 2523 2752 2581; x_wconf 83' lang='lat' dir='ltr'><strong>eorumque</strong></span> <span class='ocrx_word' id='word_1_233' title='bbox 2786 2527 2960 2571; x_wconf 85' lang='lat' dir='ltr'><strong>annos</strong></span> <span class='ocrx_word' id='word_1_234' title='bbox 2994 2529 3058 2570; x_wconf 88' lang='lat' dir='ltr'><strong>ac</strong></span> <span class='ocrx_word' id='word_1_235' title='bbox 3085 2524 3334 2588; x_wconf 87' lang='lat' dir='ltr'><strong>tempora</strong></span> <span class='ocrx_word' id='word_1_236' title='bbox 3365 2522 3586 2593; x_wconf 87' lang='lat' dir='ltr'><strong>egregio</strong></span> 
     </span>
    </p>
   </div>
   <div class='ocr_carea' id='block_1_44' title="bbox 2005 2597 3583 2685">
    <p class='ocr_par' dir='ltr' id='par_1_44' title="bbox 2005 2597 3583 2685">
     <span class='ocr_line' id='line_1_44' title="bbox 2005 2597 3583 2685; baseline 0.01 -28"><span class='ocrx_word' id='word_1_237' title='bbox 2005 2599 2236 2674; x_wconf 83' lang='lat' dir='ltr'><strong>digessit</strong></span> <span class='ocrx_word' id='word_1_238' title='bbox 2285 2601 2499 2659; x_wconf 91' lang='lat' dir='ltr'><strong>ordine.</strong></span> <span class='ocrx_word' id='word_1_239' title='bbox 2557 2602 2662 2660; x_wconf 80' lang='lat' dir='ltr'><strong>Sed</strong></span> <span class='ocrx_word' id='word_1_240' title='bbox 2708 2609 2967 2676; x_wconf 80' lang='lat' dir='ltr'><strong>quoniam</strong></span> <span class='ocrx_word' id='word_1_241' title='bbox 3007 2613 3373 2680; x_wconf 66' lang='lat' dir='ltr'><strong>prasveniente</strong></span> <span class='ocrx_word' id='word_1_242' title='bbox 3403 2597 3583 2685; x_wconf 80' lang='lat' dir='ltr'><strong>ipsum</strong></span> 
     </span>
    </p>
   </div>
   <div class='ocr_carea' id='block_1_45' title="bbox 2007 2693 3587 2774">
    <p class='ocr_par' dir='ltr' id='par_1_45' title="bbox 2007 2693 3587 2774">
     <span class='ocr_line' id='line_1_45' title="bbox 2007 2693 3587 2774; baseline 0.011 -30"><span class='ocrx_word' id='word_1_243' title='bbox 2007 2700 2202 2755; x_wconf 88' lang='lat' dir='ltr'><strong>morte,</strong></span> <span class='ocrx_word' id='word_1_244' title='bbox 2239 2704 2405 2762; x_wconf 88' lang='lat' dir='ltr'><strong>opus,</strong></span> <span class='ocrx_word' id='word_1_245' title='bbox 2459 2694 2605 2762; x_wconf 90' lang='lat' dir='ltr'><strong>quod</strong></span> <span class='ocrx_word' id='word_1_246' title='bbox 2639 2693 2706 2750; x_wconf 87' lang='lat' dir='ltr'><strong>ad</strong></span> <span class='ocrx_word' id='word_1_247' title='bbox 2740 2693 3065 2758; x_wconf 87' lang='lat' dir='ltr'><strong>Diocletiani</strong></span> <span class='ocrx_word' id='word_1_248' title='bbox 3113 2715 3288 2773; x_wconf 84' lang='lat' dir='ltr'><strong>usque</strong></span> <span class='ocrx_word' id='word_1_249' title='bbox 3341 2710 3587 2774; x_wconf 83' lang='lat' dir='ltr'><strong>tempora</strong></span> 
     </span>
    </p>
   </div>
   <div class='ocr_carea' id='block_1_46' title="bbox 2006 2779 3587 2869">
    <p class='ocr_par' dir='ltr' id='par_1_46' title="bbox 2006 2779 3587 2869">
     <span class='ocr_line' id='line_1_46' title="bbox 2006 2779 3587 2869; baseline 0.012 -36"><span class='ocrx_word' id='word_1_250' title='bbox 2006 2779 2330 2847; x_wconf 84' lang='lat' dir='ltr'><strong>scribendo,</strong></span> <span class='ocrx_word' id='word_1_251' title='bbox 2368 2788 2428 2836; x_wconf 94' lang='lat' dir='ltr'><strong>ut</strong></span> <span class='ocrx_word' id='word_1_252' title='bbox 2457 2798 2649 2849; x_wconf 89' lang='lat' dir='ltr'><strong>sumus</strong></span> <span class='ocrx_word' id='word_1_253' title='bbox 2679 2785 2912 2855; x_wconf 74' lang='lat' dir='ltr'><strong>prazfati,</strong></span> <span class='ocrx_word' id='word_1_254' title='bbox 2950 2789 3316 2869; x_wconf 79' lang='lat' dir='ltr'><strong>perduxerat;</strong></span> <span class='ocrx_word' id='word_1_255' title='bbox 3349 2809 3458 2851; x_wconf 90' lang='lat' dir='ltr'><strong>non</strong></span> <span class='ocrx_word' id='word_1_256' title='bbox 3489 2812 3587 2868; x_wconf 90' lang='lat' dir='ltr'><strong>po-</strong></span> 
     </span>
    </p>
   </div>
   <div class='ocr_carea' id='block_1_47' title="bbox 2007 2870 3588 2957">
    <p class='ocr_par' dir='ltr' id='par_1_47' title="bbox 2007 2870 3588 2957">
     <span class='ocr_line' id='line_1_47' title="bbox 2007 2870 3588 2957; baseline 0.016 -36"><span class='ocrx_word' id='word_1_257' title='bbox 2007 2879 2151 2931; x_wconf 86' lang='lat' dir='ltr'><strong>terat</strong></span> <span class='ocrx_word' id='word_1_258' title='bbox 2203 2870 2272 2927; x_wconf 89' lang='lat' dir='ltr'><strong>ad</strong></span> <span class='ocrx_word' id='word_1_259' title='bbox 2319 2873 2664 2945; x_wconf 89' lang='lat' dir='ltr'><strong>propositum</strong></span> <span class='ocrx_word' id='word_1_260' title='bbox 2712 2875 2818 2942; x_wconf 86' lang='lat' dir='ltr'><strong>sibi</strong></span> <span class='ocrx_word' id='word_1_261' title='bbox 2871 2875 3034 2934; x_wconf 89' lang='lat' dir='ltr'><strong>linem</strong></span> <span class='ocrx_word' id='word_1_262' title='bbox 3079 2884 3375 2957; x_wconf 83' lang='lat' dir='ltr'><strong>prosequi;</strong></span> <span class='ocrx_word' id='word_1_263' title='bbox 3425 2889 3588 2947; x_wconf 87' lang='lat' dir='ltr'><strong>nobis</strong></span> 
     </span>
    </p>
   </div>
   <div class='ocr_carea' id='block_1_48' title="bbox 2005 2964 3587 3046">
    <p class='ocr_par' dir='ltr' id='par_1_48' title="bbox 2005 2964 3587 3046">
     <span class='ocr_line' id='line_1_48' title="bbox 2005 2964 3587 3046; baseline 0.012 -28"><span class='ocrx_word' id='word_1_264' title='bbox 2005 2964 2154 3019; x_wconf 89' lang='lat' dir='ltr'><strong>velut</strong></span> <span class='ocrx_word' id='word_1_265' title='bbox 2183 2965 2581 3024; x_wconf 89' lang='lat' dir='ltr'><strong>sincerioribus</strong></span> <span class='ocrx_word' id='word_1_266' title='bbox 2607 2969 2802 3028; x_wconf 84' lang='lat' dir='ltr'><strong>amicis</strong></span> <span class='ocrx_word' id='word_1_267' title='bbox 2846 2971 2982 3031; x_wconf 83' lang='lat' dir='ltr'><strong>illud</strong></span> <span class='ocrx_word' id='word_1_268' title='bbox 3015 2975 3256 3046; x_wconf 86' lang='lat' dir='ltr'><strong>reliquit,</strong></span> <span class='ocrx_word' id='word_1_269' title='bbox 3297 2979 3466 3036; x_wconf 88' lang='lat' dir='ltr'><strong>multa</strong></span> <span class='ocrx_word' id='word_1_270' title='bbox 3489 2996 3587 3037; x_wconf 80' lang='lat' dir='ltr'><strong>cx-</strong></span> 
     </span>
    </p>
   </div>
   <div class='ocr_carea' id='block_1_49' title="bbox 2007 3057 3586 3140">
    <p class='ocr_par' dir='ltr' id='par_1_49' title="bbox 2007 3057 3586 3140">
     <span class='ocr_line' id='line_1_49' title="bbox 2007 3057 3586 3140; baseline 0.011 -29"><span class='ocrx_word' id='word_1_271' title='bbox 2007 3063 2266 3115; x_wconf 85' lang='lat' dir='ltr'><strong>cusantes</strong></span> <span class='ocrx_word' id='word_1_272' title='bbox 2311 3057 2564 3129; x_wconf 89' lang='lat' dir='ltr'><strong>pluribus</strong></span> <span class='ocrx_word' id='word_1_273' title='bbox 2620 3059 2906 3134; x_wconf 87' lang='lat' dir='ltr'><strong>hortatus,</strong></span> <span class='ocrx_word' id='word_1_274' title='bbox 2973 3074 3032 3120; x_wconf 93' lang='lat' dir='ltr'><strong>ut</strong></span> <span class='ocrx_word' id='word_1_275' title='bbox 3089 3081 3157 3121; x_wconf 90' lang='lat' dir='ltr'><strong>ne</strong></span> <span class='ocrx_word' id='word_1_276' title='bbox 3204 3067 3586 3140; x_wconf 86' lang='lat' dir='ltr'><strong>imperfectum</strong></span> 
     </span>
    </p>
   </div>
   <div class='ocr_carea' id='block_1_50' title="bbox 2009 3147 3584 3230">
    <p class='ocr_par' dir='ltr' id='par_1_50' title="bbox 2009 3147 3584 3230">
     <span class='ocr_line' id='line_1_50' title="bbox 2009 3147 3584 3230; baseline 0.013 -31"><span class='ocrx_word' id='word_1_277' title='bbox 2009 3147 2445 3218; x_wconf 88' lang='lat' dir='ltr'><strong>relinqueremus</strong></span> <span class='ocrx_word' id='word_1_278' title='bbox 2480 3149 2724 3207; x_wconf 83' lang='lat' dir='ltr'><strong>laborem</strong></span> <span class='ocrx_word' id='word_1_279' title='bbox 2783 3167 2967 3220; x_wconf 88' lang='lat' dir='ltr'><strong>suum,</strong></span> <span class='ocrx_word' id='word_1_280' title='bbox 3026 3164 3194 3230; x_wconf 90' lang='lat' dir='ltr'><strong>atque</strong></span> <span class='ocrx_word' id='word_1_281' title='bbox 3224 3160 3290 3214; x_wconf 88' lang='lat' dir='ltr'><strong>ad</strong></span> <span class='ocrx_word' id='word_1_282' title='bbox 3328 3162 3584 3219; x_wconf 91' lang='lat' dir='ltr'><strong>eumdem</strong></span> 
     </span>
    </p>
   </div>
   <div class='ocr_carea' id='block_1_51' title="bbox 2008 3238 3584 3322">
    <p class='ocr_par' dir='ltr' id='par_1_51' title="bbox 2008 3238 3584 3322">
     <span class='ocr_line' id='line_1_51' title="bbox 2008 3238 3584 3322; baseline 0.013 -30"><span class='ocrx_word' id='word_1_283' title='bbox 2008 3238 2420 3310; x_wconf 84' lang='lat' dir='ltr'><strong>suscipiendum</strong></span> <span class='ocrx_word' id='word_1_284' title='bbox 2455 3242 2652 3314; x_wconf 82' lang='lat' dir='ltr'><strong>coegit.</strong></span> <span class='ocrx_word' id='word_1_285' title='bbox 2685 3241 2959 3310; x_wconf 86' lang='lat' dir='ltr'><strong>Quocirca</strong></span> <span class='ocrx_word' id='word_1_286' title='bbox 2989 3250 3212 3305; x_wconf 87' lang='lat' dir='ltr'><strong>monitis</strong></span> <span class='ocrx_word' id='word_1_287' title='bbox 3230 3251 3352 3322; x_wconf 89' lang='lat' dir='ltr'><strong>ejus</strong></span> <span class='ocrx_word' id='word_1_288' title='bbox 3379 3270 3584 3312; x_wconf 89' lang='lat' dir='ltr'><strong>morem</strong></span> 
     </span>
    </p>
   </div>
   <div class='ocr_carea' id='block_1_52' title="bbox 2008 3334 3586 3422">
    <p class='ocr_par' dir='ltr' id='par_1_52' title="bbox 2008 3334 3586 3422">
     <span class='ocr_line' id='line_1_52' title="bbox 2008 3334 3586 3422; baseline 0.013 -37"><span class='ocrx_word' id='word_1_289' title='bbox 2008 3345 2197 3401; x_wconf 89' lang='lat' dir='ltr'><strong>gerere</strong></span> <span class='ocrx_word' id='word_1_290' title='bbox 2243 3334 2536 3406; x_wconf 88' lang='lat' dir='ltr'><strong>compulsi,</strong></span> <span class='ocrx_word' id='word_1_291' title='bbox 2583 3337 2782 3392; x_wconf 90' lang='lat' dir='ltr'><strong>molem</strong></span> <span class='ocrx_word' id='word_1_292' title='bbox 2810 3339 3009 3396; x_wconf 91' lang='lat' dir='ltr'><strong>robore</strong></span> <span class='ocrx_word' id='word_1_293' title='bbox 3039 3352 3230 3399; x_wconf 91' lang='lat' dir='ltr'><strong>nostro</strong></span> <span class='ocrx_word' id='word_1_294' title='bbox 3264 3345 3421 3420; x_wconf 86' lang='lat' dir='ltr'><strong>longe</strong></span> <span class='ocrx_word' id='word_1_295' title='bbox 3463 3365 3586 3422; x_wconf 86' lang='lat' dir='ltr'><strong>gra-</strong></span> 
     </span>
    </p>
   </div>
   <div class='ocr_carea' id='block_1_53' title="bbox 2010 3425 3586 3502">
    <p class='ocr_par' dir='ltr' id='par_1_53' title="bbox 2010 3425 3586 3502">
     <span class='ocr_line' id='line_1_53' title="bbox 2010 3425 3586 3502; baseline 0.012 -22"><span class='ocrx_word' id='word_1_296' title='bbox 2010 3425 2218 3481; x_wconf 82' lang='lat' dir='ltr'><strong>viorem</strong></span> <span class='ocrx_word' id='word_1_297' title='bbox 2251 3429 2610 3499; x_wconf 85' lang='lat' dir='ltr'><strong>suscipimus.</strong></span> <span class='ocrx_word' id='word_1_298' title='bbox 2663 3431 2852 3486; x_wconf 83' lang='lat' dir='ltr'><strong>Multis</strong></span> <span class='ocrx_word' id='word_1_299' title='bbox 2906 3433 3175 3502; x_wconf 90' lang='lat' dir='ltr'><strong>siquidem</strong></span> <span class='ocrx_word' id='word_1_300' title='bbox 3215 3438 3586 3499; x_wconf 71' lang='lat' dir='ltr'><strong>voluminibus</strong></span> 
     </span>
    </p>
   </div>
   <div class='ocr_carea' id='block_1_54' title="bbox 2010 3517 3588 3605">
    <p class='ocr_par' dir='ltr' id='par_1_54' title="bbox 2010 3517 3588 3605">
     <span class='ocr_line' id='line_1_54' title="bbox 2010 3517 3588 3605; baseline 0.013 -34"><span class='ocrx_word' id='word_1_301' title='bbox 2010 3517 2326 3590; x_wconf 81' lang='lat' dir='ltr'><strong>diligentius</strong></span> <span class='ocrx_word' id='word_1_302' title='bbox 2363 3522 2656 3592; x_wconf 76' lang='lat' dir='ltr'><strong>exquisitis</strong></span> <span class='ocrx_word' id='word_1_303' title='bbox 2687 3532 2740 3579; x_wconf 90' lang='lat' dir='ltr'><strong>et</strong></span> <span class='ocrx_word' id='word_1_304' title='bbox 2779 3534 3046 3595; x_wconf 88' lang='lat' dir='ltr'><strong>quantum</strong></span> <span class='ocrx_word' id='word_1_305' title='bbox 3075 3526 3309 3595; x_wconf 79' lang='lat' dir='ltr'><strong>facultas</strong></span> <span class='ocrx_word' id='word_1_306' title='bbox 3337 3539 3391 3587; x_wconf 92' lang='lat' dir='ltr'><strong>et</strong></span> <span class='ocrx_word' id='word_1_307' title='bbox 3432 3533 3588 3605; x_wconf 84' lang='lat' dir='ltr'><strong>inge-</strong></span> 
     </span>
    </p>
   </div>
   <div class='ocr_carea' id='block_1_55' title="bbox 2009 3610 3586 3696">
    <p class='ocr_par' dir='ltr' id='par_1_55' title="bbox 2009 3610 3586 3696">
     <span class='ocr_line' id='line_1_55' title="bbox 2009 3610 3586 3696; baseline 0.013 -33"><span class='ocrx_word' id='word_1_308' title='bbox 2009 3610 2161 3668; x_wconf 87' lang='lat' dir='ltr'><strong>nium</strong></span> <span class='ocrx_word' id='word_1_309' title='bbox 2191 3611 2341 3667; x_wconf 89' lang='lat' dir='ltr'><strong>dedit</strong></span> <span class='ocrx_word' id='word_1_310' title='bbox 2359 3614 2710 3680; x_wconf 77' lang='lat' dir='ltr'><strong>examinatis,</strong></span> <span class='ocrx_word' id='word_1_311' title='bbox 2733 3627 3055 3688; x_wconf 87' lang='lat' dir='ltr'><strong>praesentem</strong></span> <span class='ocrx_word' id='word_1_312' title='bbox 3087 3619 3586 3696; x_wconf 84' lang='lat' dir='ltr'><strong>chronographiam</strong></span> 
     </span>
    </p>
   </div>
   <div class='ocr_carea' id='block_1_56' title="bbox 2009 3704 3585 3791">
    <p class='ocr_par' dir='ltr' id='par_1_56' title="bbox 2009 3704 3585 3791">
     <span class='ocr_line' id='line_1_56' title="bbox 2009 3704 3585 3791; baseline 0.011 -33"><span class='ocrx_word' id='word_1_313' title='bbox 2009 3719 2040 3758; x_wconf 89' lang='lat' dir='ltr'><strong>a</strong></span> <span class='ocrx_word' id='word_1_314' title='bbox 2076 3704 2397 3761; x_wconf 88' lang='lat' dir='ltr'><strong>Diocletiani</strong></span> <span class='ocrx_word' id='word_1_315' title='bbox 2420 3709 2762 3779; x_wconf 87' lang='lat' dir='ltr'><strong>temporibus</strong></span> <span class='ocrx_word' id='word_1_316' title='bbox 2791 3711 2858 3767; x_wconf 87' lang='lat' dir='ltr'><strong>ad</strong></span> <span class='ocrx_word' id='word_1_317' title='bbox 2896 3709 3178 3776; x_wconf 75' lang='lat' dir='ltr'><strong>Michaelis</strong></span> <span class='ocrx_word' id='word_1_318' title='bbox 3207 3722 3263 3770; x_wconf 89' lang='lat' dir='ltr'><strong>et</strong></span> <span class='ocrx_word' id='word_1_319' title='bbox 3290 3713 3585 3791; x_wconf 81' lang='lat' dir='ltr'><strong>Theophy-</strong></span> 
     </span>
    </p>
   </div>
   <div class='ocr_carea' id='block_1_57' title="bbox 2008 3797 3587 3882">
    <p class='ocr_par' dir='ltr' id='par_1_57' title="bbox 2008 3797 3587 3882">
     <span class='ocr_line' id='line_1_57' title="bbox 2008 3797 3587 3882; baseline 0.009 -30"><span class='ocrx_word' id='word_1_320' title='bbox 2008 3797 2134 3855; x_wconf 89' lang='lat' dir='ltr'><strong>lacti</strong></span> <span class='ocrx_word' id='word_1_321' title='bbox 2155 3799 2277 3869; x_wconf 89' lang='lat' dir='ltr'><strong>ejus</strong></span> <span class='ocrx_word' id='word_1_322' title='bbox 2303 3797 2398 3855; x_wconf 86' lang='lat' dir='ltr'><strong>lilii</strong></span> <span class='ocrx_word' id='word_1_323' title='bbox 2430 3800 2719 3872; x_wconf 89' lang='lat' dir='ltr'><strong>imperium</strong></span> <span class='ocrx_word' id='word_1_324' title='bbox 2747 3803 3143 3878; x_wconf 85' lang='lat' dir='ltr'><strong>compilamus&#39;;</strong></span> <span class='ocrx_word' id='word_1_325' title='bbox 3174 3821 3331 3880; x_wconf 89' lang='lat' dir='ltr'><strong>reges</strong></span> <span class='ocrx_word' id='word_1_326' title='bbox 3355 3809 3587 3882; x_wconf 85' lang='lat' dir='ltr'><strong>insuper</strong></span> 
     </span>
    </p>
   </div>
   <div class='ocr_carea' id='block_1_58' title="bbox 2008 3888 3587 3978">
    <p class='ocr_par' dir='ltr' id='par_1_58' title="bbox 2008 3888 3587 3978">
     <span class='ocr_line' id='line_1_58' title="bbox 2008 3888 3587 3978; baseline 0.008 -34"><span class='ocrx_word' id='word_1_327' title='bbox 2008 3895 2064 3944; x_wconf 87' lang='lat' dir='ltr'><strong>et</strong></span> <span class='ocrx_word' id='word_1_328' title='bbox 2097 3888 2465 3978; x_wconf 87' lang='lat' dir='ltr'><strong>patriarchas,</strong></span> <span class='ocrx_word' id='word_1_329' title='bbox 2496 3905 2711 3958; x_wconf 72' lang='lat' dir='ltr'><strong>necnon</strong></span> <span class='ocrx_word' id='word_1_330' title='bbox 2758 3906 2951 3952; x_wconf 80' lang='lat' dir='ltr'><strong>eorum</strong></span> <span class='ocrx_word' id='word_1_331' title='bbox 2985 3903 3137 3966; x_wconf 81' lang='lat' dir='ltr'><strong>gesta</strong></span> <span class='ocrx_word' id='word_1_332' title='bbox 3159 3905 3216 3951; x_wconf 88' lang='lat' dir='ltr'><strong>et</strong></span> <span class='ocrx_word' id='word_1_333' title='bbox 3237 3905 3448 3967; x_wconf 69' lang='lat' dir='ltr'><strong>tentes,</strong></span> <span class='ocrx_word' id='word_1_334' title='bbox 3477 3917 3587 3978; x_wconf 86' lang='lat' dir='ltr'><strong>qua</strong></span> 
     </span>
    </p>
   </div>
   <div class='ocr_carea' id='block_1_59' title="bbox 2011 3976 3590 4063">
    <p class='ocr_par' dir='ltr' id='par_1_59' title="bbox 2011 3976 3590 4063">
     <span class='ocr_line' id='line_1_59' title="bbox 2011 3976 3590 4063; baseline 0.009 -27"><span class='ocrx_word' id='word_1_335' title='bbox 2011 3996 2111 4054; x_wconf 87' lang='lat' dir='ltr'><strong>par</strong></span> <span class='ocrx_word' id='word_1_336' title='bbox 2152 3989 2238 4037; x_wconf 87' lang='lat' dir='ltr'><strong>est</strong></span> <span class='ocrx_word' id='word_1_337' title='bbox 2277 3976 2588 4049; x_wconf 79' lang='lat' dir='ltr'><strong>sedulitate,</strong></span> <span class='ocrx_word' id='word_1_338' title='bbox 2638 3981 3028 4051; x_wconf 87' lang='lat' dir='ltr'><strong>describimus,</strong></span> <span class='ocrx_word' id='word_1_339' title='bbox 3083 3988 3220 4044; x_wconf 87' lang='lat' dir='ltr'><strong>nihil</strong></span> <span class='ocrx_word' id='word_1_340' title='bbox 3266 4004 3334 4048; x_wconf 82' lang='lat' dir='ltr'><strong>ex</strong></span> <span class='ocrx_word' id='word_1_341' title='bbox 3364 3976 3590 4063; x_wconf 88' lang='lat' dir='ltr'><strong>proprio</strong></span> 
     </span>
    </p>
   </div>
   <div class='ocr_carea' id='block_1_60' title="bbox 2010 4073 3590 4151">
    <p class='ocr_par' dir='ltr' id='par_1_60' title="bbox 2010 4073 3590 4151">
     <span class='ocr_line' id='line_1_60' title="bbox 2010 4073 3590 4151; baseline 0.006 -21"><span class='ocrx_word' id='word_1_342' title='bbox 2010 4073 2403 4144; x_wconf 84' lang='lat' dir='ltr'><strong>adnectentes;</strong></span> <span class='ocrx_word' id='word_1_343' title='bbox 2461 4077 2557 4133; x_wconf 89' lang='lat' dir='ltr'><strong>sed</strong></span> <span class='ocrx_word' id='word_1_344' title='bbox 2591 4078 2778 4149; x_wconf 88' lang='lat' dir='ltr'><strong>potius</strong></span> <span class='ocrx_word' id='word_1_345' title='bbox 2810 4093 2878 4136; x_wconf 81' lang='lat' dir='ltr'><strong>ex</strong></span> <span class='ocrx_word' id='word_1_346' title='bbox 2928 4078 3174 4151; x_wconf 79' lang='lat' dir='ltr'><strong>antiquis</strong></span> <span class='ocrx_word' id='word_1_347' title='bbox 3205 4081 3490 4149; x_wconf 85' lang='lat' dir='ltr'><strong>historicis</strong></span> <span class='ocrx_word' id='word_1_348' title='bbox 3532 4089 3590 4142; x_wconf 83' lang='lat' dir='ltr'><strong>et</strong></span> 
     </span>
    </p>
   </div>
   <div class='ocr_carea' id='block_1_61' title="bbox 2009 4169 3589 4249">
    <p class='ocr_par' dir='ltr' id='par_1_61' title="bbox 2009 4169 3589 4249">
     <span class='ocr_line' id='line_1_61' title="bbox 2009 4169 3589 4249; baseline 0.004 -21"><span class='ocrx_word' id='word_1_349' title='bbox 2009 4169 2324 4228; x_wconf 78' lang='lat' dir='ltr'><strong>Oratoribus</strong></span> <span class='ocrx_word' id='word_1_350' title='bbox 2371 4169 2697 4240; x_wconf 79' lang='lat' dir='ltr'><strong>colligentes</strong></span> <span class='ocrx_word' id='word_1_351' title='bbox 2762 4171 2985 4241; x_wconf 90' lang='lat' dir='ltr'><strong>omnia,</strong></span> <span class='ocrx_word' id='word_1_352' title='bbox 3052 4173 3296 4246; x_wconf 89' lang='lat' dir='ltr'><strong>propriis</strong></span> <span class='ocrx_word' id='word_1_353' title='bbox 3354 4191 3589 4249; x_wconf 64' lang='lat' dir='ltr'><strong>qumque</strong></span> 
     </span>
    </p>
   </div>
   <div class='ocr_carea' id='block_1_62' title="bbox 2005 4260 3584 4336">
    <p class='ocr_par' dir='ltr' id='par_1_62' title="bbox 2005 4260 3584 4336">
     <span class='ocr_line' id='line_1_62' title="bbox 2005 4260 3584 4336; baseline 0.009 -21"><span class='ocrx_word' id='word_1_354' title='bbox 2005 4260 2145 4318; x_wconf 90' lang='lat' dir='ltr'><strong>locis</strong></span> <span class='ocrx_word' id='word_1_355' title='bbox 2195 4260 2545 4332; x_wconf 82' lang='lat' dir='ltr'><strong>digessimus,</strong></span> <span class='ocrx_word' id='word_1_356' title='bbox 2595 4263 2896 4319; x_wconf 89' lang='lat' dir='ltr'><strong>secundum</strong></span> <span class='ocrx_word' id='word_1_357' title='bbox 2950 4271 3258 4336; x_wconf 82' lang='lat' dir='ltr'><strong>temporum</strong></span> <span class='ocrx_word' id='word_1_358' title='bbox 3311 4270 3584 4330; x_wconf 81' lang='lat' dir='ltr'><strong>rationem</strong></span> 
     </span>
    </p>
   </div>
   <div class='ocr_carea' id='block_1_63' title="bbox 2012 4353 3585 4430">
    <p class='ocr_par' dir='ltr' id='par_1_63' title="bbox 2012 4353 3585 4430">
     <span class='ocr_line' id='line_1_63' title="bbox 2012 4353 3585 4430; baseline 0.008 -22"><span class='ocrx_word' id='word_1_359' title='bbox 2012 4369 2099 4410; x_wconf 88' lang='lat' dir='ltr'><strong>res</strong></span> <span class='ocrx_word' id='word_1_360' title='bbox 2135 4362 2319 4425; x_wconf 86' lang='lat' dir='ltr'><strong>gestas</strong></span> <span class='ocrx_word' id='word_1_361' title='bbox 2363 4353 2704 4422; x_wconf 84' lang='lat' dir='ltr'><strong>ordinantes,</strong></span> <span class='ocrx_word' id='word_1_362' title='bbox 2743 4366 2802 4411; x_wconf 88' lang='lat' dir='ltr'><strong>ut</strong></span> <span class='ocrx_word' id='word_1_363' title='bbox 2836 4364 3006 4428; x_wconf 85' lang='lat' dir='ltr'><strong>quoto</strong></span> <span class='ocrx_word' id='word_1_364' title='bbox 3041 4373 3186 4415; x_wconf 87' lang='lat' dir='ltr'><strong>anno</strong></span> <span class='ocrx_word' id='word_1_365' title='bbox 3216 4361 3348 4430; x_wconf 91' lang='lat' dir='ltr'><strong>quid</strong></span> <span class='ocrx_word' id='word_1_366' title='bbox 3379 4360 3585 4422; x_wconf 81' lang='lat' dir='ltr'><strong>factum</strong></span> 
     </span>
    </p>
   </div>
   <div class='ocr_carea' id='block_1_64' title="bbox 2011 4446 3590 4532">
    <p class='ocr_par' dir='ltr' id='par_1_64' title="bbox 2011 4446 3590 4532">
     <span class='ocr_line' id='line_1_64' title="bbox 2011 4446 3590 4532; baseline 0.007 -29"><span class='ocrx_word' id='word_1_367' title='bbox 2011 4448 2081 4503; x_wconf 89' lang='lat' dir='ltr'><strong>sit</strong></span> <span class='ocrx_word' id='word_1_368' title='bbox 2118 4447 2172 4501; x_wconf 92' lang='lat' dir='ltr'><strong>in</strong></span> <span class='ocrx_word' id='word_1_369' title='bbox 2207 4447 2350 4503; x_wconf 89' lang='lat' dir='ltr'><strong>bello</strong></span> <span class='ocrx_word' id='word_1_370' title='bbox 2367 4448 2449 4503; x_wconf 88' lang='lat' dir='ltr'><strong>vel</strong></span> <span class='ocrx_word' id='word_1_371' title='bbox 2476 4446 2721 4514; x_wconf 65' lang='lat' dir='ltr'><strong>Ecclesia</strong></span> <span class='ocrx_word' id='word_1_372' title='bbox 2742 4447 2830 4515; x_wconf 89' lang='lat' dir='ltr'><strong>,in</strong></span> <span class='ocrx_word' id='word_1_373' title='bbox 2863 4462 3114 4525; x_wconf 87' lang='lat' dir='ltr'><strong>promptu</strong></span> <span class='ocrx_word' id='word_1_374' title='bbox 3149 4451 3383 4509; x_wconf 86' lang='lat' dir='ltr'><strong>habeant</strong></span> <span class='ocrx_word' id='word_1_375' title='bbox 3408 4456 3590 4532; x_wconf 77' lang='lat' dir='ltr'><strong>legere</strong></span> 
     </span>
    </p>
   </div>
   <div class='ocr_carea' id='block_1_65' title="bbox 2013 4539 2342 4596">
    <p class='ocr_par' dir='ltr' id='par_1_65' title="bbox 2013 4539 2342 4596">
     <span class='ocr_line' id='line_1_65' title="bbox 2013 4539 2342 4596; baseline 0.003 -4"><span class='ocrx_word' id='word_1_376' title='bbox 2013 4539 2284 4596; x_wconf 83' lang='lat' dir='ltr'><strong>volentes.</strong></span> <span class='ocrx_word' id='word_1_377' title='bbox 2325 4560 2342 4593; x_wconf 75' lang='grc' dir='ltr'>ι</span> 
     </span>
    </p>
   </div>
   <div class='ocr_carea' id='block_1_66' title="bbox 2081 4631 3592 4708">
    <p class='ocr_par' dir='ltr' id='par_1_66' title="bbox 2081 4631 3592 4708">
     <span class='ocr_line' id='line_1_66' title="bbox 2081 4631 3592 4708; baseline 0.005 -21"><span class='ocrx_word' id='word_1_378' title='bbox 2081 4633 2135 4688; x_wconf 80' lang='grc'><strong>4.</strong></span> <span class='ocrx_word' id='word_1_379' title='bbox 2180 4631 2307 4688; x_wconf 61' lang='grc' dir='ltr'><strong>Περ</strong></span> <span class='ocrx_word' id='word_1_380' title='bbox 2335 4633 2431 4701; x_wconf 85' lang='lat' dir='ltr'><strong>ibi,</strong></span> <span class='ocrx_word' id='word_1_381' title='bbox 2456 4633 2511 4690; x_wconf 86' lang='lat' dir='ltr'><strong>in</strong></span> <span class='ocrx_word' id='word_1_382' title='bbox 2535 4635 2739 4707; x_wconf 88' lang='lat' dir='ltr'><strong>quibus</strong></span> <span class='ocrx_word' id='word_1_383' title='bbox 2772 4634 3015 4693; x_wconf 87' lang='lat' dir='ltr'><strong>aoristos</strong></span> <span class='ocrx_word' id='word_1_384' title='bbox 3046 4635 3512 4708; x_wconf 77' lang='grc' dir='ltr'><strong>συνεγραψᾴμεθα</strong></span> <span class='ocrx_word' id='word_1_385' title='bbox 3537 4648 3592 4695; x_wconf 90' lang='lat' dir='ltr'><strong>et</strong></span> 
     </span>
    </p>
   </div>
   <div class='ocr_carea' id='block_1_67' title="bbox 328 4725 3587 4806">
    <p class='ocr_par' dir='ltr' id='par_1_67' title="bbox 328 4725 3587 4806">
     <span class='ocr_line' id='line_1_67' title="bbox 328 4725 3587 4806; baseline 0.001 -21"><span class='ocrx_word' id='word_1_386' title='bbox 328 4726 552 4794; x_wconf 75' lang='lat' dir='ltr'><strong>abierit,</strong></span> <span class='ocrx_word' id='word_1_387' title='bbox 596 4729 735 4784; x_wconf 87' lang='lat' dir='ltr'><strong>satis</strong></span> <span class='ocrx_word' id='word_1_388' title='bbox 782 4743 1061 4800; x_wconf 89' lang='lat' dir='ltr'><strong>superque</strong></span> <span class='ocrx_word' id='word_1_389' title='bbox 1110 4745 1208 4800; x_wconf 88' lang='lat' dir='ltr'><strong>per</strong></span> <span class='ocrx_word' id='word_1_390' title='bbox 1241 4727 1565 4800; x_wconf 86' lang='lat' dir='ltr'><strong>Byzantium</strong></span> <span class='ocrx_word' id='word_1_391' title='bbox 1611 4737 1664 4785; x_wconf 89' lang='lat' dir='ltr'><strong>et</strong></span> <span class='ocrx_word' id='word_1_392' title='bbox 1694 4730 1902 4787; x_wconf 91' lang='lat' dir='ltr'><strong>circum</strong></span> <span class='ocrx_word' id='word_1_393' title='bbox 1934 4747 1975 4806; x_wconf 74' lang='grc' dir='ltr'>ο</span> <span class='ocrx_word' id='word_1_394' title='bbox 2011 4725 2344 4797; x_wconf 82' lang='grc' dir='ltr'><strong>τετάχαμεν,</strong></span> <span class='ocrx_word' id='word_1_395' title='bbox 2380 4726 2677 4794; x_wconf 78' lang='lat' dir='ltr'><strong>maluimus</strong></span> <span class='ocrx_word' id='word_1_396' title='bbox 2711 4742 2808 4797; x_wconf 77' lang='lat' dir='ltr'><strong>per</strong></span> <span class='ocrx_word' id='word_1_397' title='bbox 2839 4727 3064 4792; x_wconf 77' lang='lat' dir='ltr'><strong>verbum</strong></span> <span class='ocrx_word' id='word_1_398' title='bbox 3099 4732 3385 4800; x_wconf 71' lang='lat' dir='ltr'><strong>pra‘sentis</strong></span> <span class='ocrx_word' id='word_1_399' title='bbox 3424 4749 3587 4804; x_wconf 89' lang='lat' dir='ltr'><strong>quam</strong></span> 
     </span>
    </p>
   </div>
   <div class='ocr_carea' id='block_1_68' title="bbox 332 4821 1906 4897">
    <p class='ocr_par' dir='ltr' id='par_1_68' title="bbox 332 4821 1906 4897">
     <span class='ocr_line' id='line_1_68' title="bbox 332 4821 1906 4897; baseline 0.004 -23"><span class='ocrx_word' id='word_1_400' title='bbox 332 4834 576 4890; x_wconf 88' lang='lat' dir='ltr'><strong>quasque</strong></span> <span class='ocrx_word' id='word_1_401' title='bbox 619 4821 893 4891; x_wconf 89' lang='lat' dir='ltr'><strong>regiones,</strong></span> <span class='ocrx_word' id='word_1_402' title='bbox 943 4821 1030 4878; x_wconf 89' lang='lat' dir='ltr'><strong>his</strong></span> <span class='ocrx_word' id='word_1_403' title='bbox 1076 4821 1172 4893; x_wconf 92' lang='lat' dir='ltr'><strong>qui</strong></span> <span class='ocrx_word' id='word_1_404' title='bbox 1205 4836 1376 4894; x_wconf 90' lang='lat' dir='ltr'><strong>prope</strong></span> <span class='ocrx_word' id='word_1_405' title='bbox 1416 4831 1470 4884; x_wconf 83' lang='lat' dir='ltr'><strong>et</strong></span> <span class='ocrx_word' id='word_1_406' title='bbox 1501 4822 1589 4879; x_wconf 89' lang='lat' dir='ltr'><strong>his</strong></span> <span class='ocrx_word' id='word_1_407' title='bbox 1620 4825 1714 4896; x_wconf 89' lang='lat' dir='ltr'><strong>qui</strong></span> <span class='ocrx_word' id='word_1_408' title='bbox 1746 4824 1906 4897; x_wconf 84' lang='lat' dir='ltr'><strong>longe</strong></span> 
     </span>
    </p>
   </div>
   <div class='ocr_carea' id='block_1_69' title="bbox 327 4913 776 4980">
    <p class='ocr_par' dir='ltr' id='par_1_69' title="bbox 327 4913 776 4980">
     <span class='ocr_line' id='line_1_69' title="bbox 327 4913 776 4980; baseline -0.009 -9"><span class='ocrx_word' id='word_1_409' title='bbox 327 4920 485 4980; x_wconf 72' lang='lat' dir='ltr'><strong>sunt,</strong></span> <span class='ocrx_word' id='word_1_410' title='bbox 512 4913 727 4976; x_wconf 87' lang='lat' dir='ltr'><strong>clamet.</strong></span> <span class='ocrx_word' id='word_1_411' title='bbox 757 4934 776 4967; x_wconf 74' lang='grc' dir='ltr'><strong><em>ι</em></strong></span> 
     </span>
    </p>
   </div>
   <div class='ocr_carea' id='block_1_70' title="bbox 403 5008 1907 5081">
    <p class='ocr_par' dir='ltr' id='par_1_70' title="bbox 403 5008 1907 5081">
     <span class='ocr_line' id='line_1_70' title="bbox 403 5008 1907 5081; baseline 0.001 -15"><span class='ocrx_word' id='word_1_412' title='bbox 403 5009 522 5066; x_wconf 74' lang='lat'><strong>2-5.</strong></span> <span class='ocrx_word' id='word_1_413' title='bbox 539 5008 660 5076; x_wconf 80' lang='lat' dir='ltr'><strong>Quo</strong></span> <span class='ocrx_word' id='word_1_414' title='bbox 684 5025 847 5081; x_wconf 86' lang='lat' dir='ltr'><strong>porro</strong></span> <span class='ocrx_word' id='word_1_415' title='bbox 870 5010 922 5066; x_wconf 92' lang='lat' dir='ltr'><strong>in</strong></span> <span class='ocrx_word' id='word_1_416' title='bbox 947 5018 1095 5068; x_wconf 89' lang='lat' dir='ltr'><strong>statu</strong></span> <span class='ocrx_word' id='word_1_417' title='bbox 1122 5009 1442 5066; x_wconf 88' lang='lat' dir='ltr'><strong>inchoatum</strong></span> <span class='ocrx_word' id='word_1_418' title='bbox 1461 5008 1739 5081; x_wconf 84' lang='lat' dir='ltr'><strong>aGeorgio</strong></span> <span class='ocrx_word' id='word_1_419' title='bbox 1765 5026 1907 5081; x_wconf 87' lang='lat' dir='ltr'><strong>opus</strong></span> 
     </span>
    </p>
   </div>
   <div class='ocr_carea' id='block_1_71' title="bbox 333 5101 1908 5176">
    <p class='ocr_par' dir='ltr' id='par_1_71' title="bbox 333 5101 1908 5176">
     <span class='ocr_line' id='line_1_71' title="bbox 333 5101 1908 5176; baseline 0.001 -18"><span class='ocrx_word' id='word_1_420' title='bbox 333 5101 696 5176; x_wconf 86' lang='lat' dir='ltr'><strong>Theophanes</strong></span> <span class='ocrx_word' id='word_1_421' title='bbox 722 5104 1016 5167; x_wconf 88' lang='lat' dir='ltr'><strong>invenerit,</strong></span> <span class='ocrx_word' id='word_1_422' title='bbox 1051 5117 1160 5174; x_wconf 88' lang='lat' dir='ltr'><strong>qua</strong></span> <span class='ocrx_word' id='word_1_423' title='bbox 1195 5103 1410 5157; x_wconf 89' lang='lat' dir='ltr'><strong>ratione</strong></span> <span class='ocrx_word' id='word_1_424' title='bbox 1440 5110 1769 5172; x_wconf 87' lang='lat' dir='ltr'><strong>prosccutus</strong></span> <span class='ocrx_word' id='word_1_425' title='bbox 1792 5103 1908 5173; x_wconf 89' lang='lat' dir='ltr'><strong>ipse</strong></span> 
     </span>
    </p>
   </div>
   <div class='ocr_carea' id='block_1_72' title="bbox 334 5191 1907 5269">
    <p class='ocr_par' dir='ltr' id='par_1_72' title="bbox 334 5191 1907 5269">
     <span class='ocr_line' id='line_1_72' title="bbox 334 5191 1907 5269; baseline -0.001 -15"><span class='ocrx_word' id='word_1_426' title='bbox 334 5198 424 5264; x_wconf 88' lang='lat' dir='ltr'><strong>sit,</strong></span> <span class='ocrx_word' id='word_1_427' title='bbox 467 5197 622 5269; x_wconf 90' lang='lat' dir='ltr'><strong>juvat</strong></span> <span class='ocrx_word' id='word_1_428' title='bbox 651 5191 719 5252; x_wconf 61' lang='lat' dir='ltr'><strong>ei</strong></span> <span class='ocrx_word' id='word_1_429' title='bbox 759 5196 882 5268; x_wconf 84' lang='lat' dir='ltr'><strong>ipso</strong></span> <span class='ocrx_word' id='word_1_430' title='bbox 921 5195 1194 5266; x_wconf 80' lang='lat' dir='ltr'><strong>procemio</strong></span> <span class='ocrx_word' id='word_1_431' title='bbox 1232 5210 1587 5266; x_wconf 86' lang='lat' dir='ltr'><strong>cognoscere,</strong></span> <span class='ocrx_word' id='word_1_432' title='bbox 1638 5195 1784 5265; x_wconf 90' lang='lat' dir='ltr'><strong>quod</strong></span> <span class='ocrx_word' id='word_1_433' title='bbox 1825 5207 1907 5253; x_wconf 89' lang='lat' dir='ltr'><strong>est</strong></span> 
     </span>
    </p>
   </div>
   <div class='ocr_carea' id='block_1_73' title="bbox 334 5290 1906 5364">
    <p class='ocr_par' dir='ltr' id='par_1_73' title="bbox 334 5290 1906 5364">
     <span class='ocr_line' id='line_1_73' title="bbox 334 5290 1906 5364; baseline -0.004 -16"><span class='ocrx_word' id='word_1_434' title='bbox 334 5292 696 5364; x_wconf 77' lang='lat' dir='ltr'><strong>huiusmodi:</strong></span> <span class='ocrx_word' id='word_1_435' title='bbox 753 5309 784 5351; x_wconf 64' lang='grc' dir='ltr'><strong>,ι</strong></span> <span class='ocrx_word' id='word_1_436' title='bbox 825 5290 1174 5348; x_wconf 88' lang='lat' dir='ltr'><strong>Sanctissimi</strong></span> <span class='ocrx_word' id='word_1_437' title='bbox 1217 5290 1772 5359; x_wconf 76' lang='lat' dir='ltr'><strong>Constantinopoleos</strong></span> <span class='ocrx_word' id='word_1_438' title='bbox 1810 5305 1906 5361; x_wconf 87' lang='lat' dir='ltr'><strong>pa-</strong></span> 
     </span>
    </p>
   </div>
   <div class='ocr_carea' id='block_1_74' title="bbox 337 5383 1906 5457">
    <p class='ocr_par' dir='ltr' id='par_1_74' title="bbox 337 5383 1906 5457">
     <span class='ocr_line' id='line_1_74' title="bbox 337 5383 1906 5457; baseline -0.001 -17"><span class='ocrx_word' id='word_1_439' title='bbox 337 5387 589 5443; x_wconf 79' lang='lat' dir='ltr'><strong>triarcha:</strong></span> <span class='ocrx_word' id='word_1_440' title='bbox 615 5385 828 5442; x_wconf 89' lang='lat' dir='ltr'><strong>Tarasii</strong></span> <span class='ocrx_word' id='word_1_441' title='bbox 856 5385 987 5440; x_wconf 90' lang='lat' dir='ltr'><strong>olim</strong></span> <span class='ocrx_word' id='word_1_442' title='bbox 1038 5383 1346 5457; x_wconf 85' lang='lat' dir='ltr'><strong>Syncellus,</strong></span> <span class='ocrx_word' id='word_1_443' title='bbox 1391 5383 1657 5454; x_wconf 70' lang='lat' dir='ltr'><strong>Georgius</strong></span> <span class='ocrx_word' id='word_1_444' title='bbox 1713 5383 1906 5448; x_wconf 81' lang='lat' dir='ltr'><strong>abbas,</strong></span> 
     </span>
    </p>
   </div>
   <div class='ocr_carea' id='block_1_75' title="bbox 335 5476 1907 5551">
    <p class='ocr_par' dir='ltr' id='par_1_75' title="bbox 335 5476 1907 5551">
     <span class='ocr_line' id='line_1_75' title="bbox 335 5476 1907 5551; baseline -0.004 -15"><span class='ocrx_word' id='word_1_445' title='bbox 335 5482 419 5537; x_wconf 81' lang='lat' dir='ltr'><strong>vir</strong></span> <span class='ocrx_word' id='word_1_446' title='bbox 469 5479 813 5551; x_wconf 83' lang='lat' dir='ltr'><strong>eximius_et</strong></span> <span class='ocrx_word' id='word_1_447' title='bbox 867 5478 1296 5544; x_wconf 89' lang='lat' dir='ltr'><strong>eruditissimus,</strong></span> <span class='ocrx_word' id='word_1_448' title='bbox 1352 5477 1542 5532; x_wconf 88' lang='lat' dir='ltr'><strong>multis</strong></span> <span class='ocrx_word' id='word_1_449' title='bbox 1566 5476 1907 5546; x_wconf 84' lang='lat' dir='ltr'><strong>chronogra-</strong></span> 
     </span>
    </p>
   </div>
   <div class='ocr_carea' id='block_1_76' title="bbox 336 5571 1906 5646">
    <p class='ocr_par' dir='ltr' id='par_1_76' title="bbox 336 5571 1906 5646">
     <span class='ocr_line' id='line_1_76' title="bbox 336 5571 1906 5646; baseline -0.005 -15"><span class='ocrx_word' id='word_1_450' title='bbox 336 5574 567 5646; x_wconf 84' lang='lat' dir='ltr'><strong>phorum</strong></span> <span class='ocrx_word' id='word_1_451' title='bbox 609 5581 664 5628; x_wconf 87' lang='lat' dir='ltr'><strong>et</strong></span> <span class='ocrx_word' id='word_1_452' title='bbox 721 5573 1112 5629; x_wconf 90' lang='lat' dir='ltr'><strong>historicorum</strong></span> <span class='ocrx_word' id='word_1_453' title='bbox 1160 5571 1316 5629; x_wconf 90' lang='lat' dir='ltr'><strong>libris</strong></span> <span class='ocrx_word' id='word_1_454' title='bbox 1348 5571 1606 5636; x_wconf 84' lang='lat' dir='ltr'><strong>evolutis,</strong></span> <span class='ocrx_word' id='word_1_455' title='bbox 1644 5584 1906 5641; x_wconf 87' lang='lat' dir='ltr'><strong>compen-</strong></span> 
     </span>
    </p>
   </div>
   <div class='ocr_carea' id='block_1_77' title="bbox 334 5663 1909 5735">
    <p class='ocr_par' dir='ltr' id='par_1_77' title="bbox 334 5663 1909 5735">
     <span class='ocr_line' id='line_1_77' title="bbox 334 5663 1909 5735; baseline -0.004 -13"><span class='ocrx_word' id='word_1_456' title='bbox 334 5665 563 5722; x_wconf 88' lang='lat' dir='ltr'><strong>diariam</strong></span> <span class='ocrx_word' id='word_1_457' title='bbox 591 5667 660 5722; x_wconf 88' lang='lat' dir='ltr'><strong>ab</strong></span> <span class='ocrx_word' id='word_1_458' title='bbox 681 5665 892 5722; x_wconf 78' lang='lat' dir='ltr'><strong>Adamo</strong></span> <span class='ocrx_word' id='word_1_459' title='bbox 926 5664 993 5720; x_wconf 88' lang='lat' dir='ltr'><strong>ad</strong></span> <span class='ocrx_word' id='word_1_460' title='bbox 1025 5663 1346 5720; x_wconf 89' lang='lat' dir='ltr'><strong>Diocletiani</strong></span> <span class='ocrx_word' id='word_1_461' title='bbox 1385 5672 1630 5735; x_wconf 88' lang='lat' dir='ltr'><strong>tempora</strong></span> <span class='ocrx_word' id='word_1_462' title='bbox 1670 5663 1909 5719; x_wconf 86' lang='lat' dir='ltr'><strong>chrono-</strong></span> 
     </span>
    </p>
   </div>
   <div class='ocr_carea' id='block_1_78' title="bbox 336 5757 1906 5830">
    <p class='ocr_par' dir='ltr' id='par_1_78' title="bbox 336 5757 1906 5830">
     <span class='ocr_line' id='line_1_78' title="bbox 336 5757 1906 5830; baseline -0.001 -18"><span class='ocrx_word' id='word_1_463' title='bbox 336 5757 534 5830; x_wconf 87' lang='lat' dir='ltr'><strong>logiam</strong></span> <span class='ocrx_word' id='word_1_464' title='bbox 587 5757 845 5829; x_wconf 82' lang='lat' dir='ltr'><strong>scripsit,</strong></span> <span class='ocrx_word' id='word_1_465' title='bbox 879 5758 1261 5829; x_wconf 88' lang='lat' dir='ltr'><strong>discussisque</strong></span> <span class='ocrx_word' id='word_1_466' title='bbox 1310 5757 1560 5813; x_wconf 90' lang='lat' dir='ltr'><strong>studiose</strong></span> <span class='ocrx_word' id='word_1_467' title='bbox 1599 5764 1906 5825; x_wconf 86' lang='lat' dir='ltr'><strong>temporqu</strong></span> 
     </span>
    </p>
   </div>
   <div class='ocr_carea' id='block_1_79' title="bbox 337 5848 1906 5922">
    <p class='ocr_par' dir='ltr' id='par_1_79' title="bbox 337 5848 1906 5922">
     <span class='ocr_line' id='line_1_79' title="bbox 337 5848 1906 5922; baseline -0.002 -17"><span class='ocrx_word' id='word_1_468' title='bbox 337 5851 643 5908; x_wconf 83' lang='lat' dir='ltr'><strong>rationibus</strong></span> <span class='ocrx_word' id='word_1_469' title='bbox 674 5852 746 5908; x_wconf 89' lang='lat' dir='ltr'><strong>ad</strong></span> <span class='ocrx_word' id='word_1_470' title='bbox 800 5851 1033 5908; x_wconf 84' lang='lat' dir='ltr'><strong>invicem</strong></span> <span class='ocrx_word' id='word_1_471' title='bbox 1067 5851 1432 5922; x_wconf 86' lang='lat' dir='ltr'><strong>comparavit,</strong></span> <span class='ocrx_word' id='word_1_472' title='bbox 1475 5848 1809 5917; x_wconf 87' lang='lat' dir='ltr'><strong>emendavit,</strong></span> <span class='ocrx_word' id='word_1_473' title='bbox 1841 5849 1906 5902; x_wconf 88' lang='lat' dir='ltr'><strong>ac</strong></span> 
     </span>
    </p>
   </div>
   <div class='ocr_carea' id='block_1_80' title="bbox 337 5941 1908 6016">
    <p class='ocr_par' dir='ltr' id='par_1_80' title="bbox 337 5941 1908 6016">
     <span class='ocr_line' id='line_1_80' title="bbox 337 5941 1908 6016; baseline -0.006 -14"><span class='ocrx_word' id='word_1_474' title='bbox 337 5942 716 6016; x_wconf 73' lang='lat' dir='ltr'><strong>solcrtissime,</strong></span> <span class='ocrx_word' id='word_1_475' title='bbox 758 5950 819 6008; x_wconf 79' lang='lat' dir='ltr'><strong>ut</strong></span> <span class='ocrx_word' id='word_1_476' title='bbox 859 5950 986 6004; x_wconf 86' lang='lat' dir='ltr'><strong>ante</strong></span> <span class='ocrx_word' id='word_1_477' title='bbox 1024 5941 1144 6013; x_wconf 88' lang='lat' dir='ltr'><strong>ejus</strong></span> <span class='ocrx_word' id='word_1_478' title='bbox 1170 5950 1384 6006; x_wconf 67' lang='lat' dir='ltr'><strong>aetatem</strong></span> <span class='ocrx_word' id='word_1_479' title='bbox 1415 5941 1622 6009; x_wconf 91' lang='lat' dir='ltr'><strong>nullus,</strong></span> <span class='ocrx_word' id='word_1_480' title='bbox 1677 5952 1908 6012; x_wconf 88' lang='lat' dir='ltr'><strong>compo-</strong></span> 
     </span>
    </p>
   </div>
   <div class='ocr_carea' id='block_1_81' title="bbox 2015 4819 3588 4899">
    <p class='ocr_par' dir='ltr' id='par_1_81' title="bbox 2015 4819 3588 4899">
     <span class='ocr_line' id='line_1_81' title="bbox 2015 4819 3588 4899; baseline 0.005 -26"><span class='ocrx_word' id='word_1_481' title='bbox 2015 4819 2272 4888; x_wconf 76' lang='lat' dir='ltr'><strong>prazteriti</strong></span> <span class='ocrx_word' id='word_1_482' title='bbox 2305 4821 2570 4890; x_wconf 84' lang='lat' dir='ltr'><strong>temporis</strong></span> <span class='ocrx_word' id='word_1_483' title='bbox 2601 4820 2910 4891; x_wconf 83' lang='lat' dir='ltr'><strong>explicare:</strong></span> <span class='ocrx_word' id='word_1_484' title='bbox 2945 4819 3076 4899; x_wconf 88' lang='lat' dir='ltr'><strong>quia</strong></span> <span class='ocrx_word' id='word_1_485' title='bbox 3097 4822 3426 4892; x_wconf 65' lang='lat' dir='ltr'><strong>prooemium</strong></span> <span class='ocrx_word' id='word_1_486' title='bbox 3454 4824 3588 4881; x_wconf 90' lang='lat' dir='ltr'><strong>illud</strong></span> 
     </span>
    </p>
   </div>
   <div class='ocr_carea' id='block_1_82' title="bbox 2011 4911 3592 4983">
    <p class='ocr_par' dir='ltr' id='par_1_82' title="bbox 2011 4911 3592 4983">
     <span class='ocr_line' id='line_1_82' title="bbox 2011 4911 3592 4983; baseline 0.002 -13"><span class='ocrx_word' id='word_1_487' title='bbox 2011 4913 2167 4983; x_wconf 87' lang='lat' dir='ltr'><strong>operi</strong></span> <span class='ocrx_word' id='word_1_488' title='bbox 2219 4928 2330 4967; x_wconf 90' lang='lat' dir='ltr'><strong>non</strong></span> <span class='ocrx_word' id='word_1_489' title='bbox 2384 4911 2530 4967; x_wconf 86' lang='lat' dir='ltr'><strong>facto</strong></span> <span class='ocrx_word' id='word_1_490' title='bbox 2585 4913 2681 4968; x_wconf 90' lang='lat' dir='ltr'><strong>sed</strong></span> <span class='ocrx_word' id='word_1_491' title='bbox 2734 4911 2986 4968; x_wconf 88' lang='lat' dir='ltr'><strong>faciendo</strong></span> <span class='ocrx_word' id='word_1_492' title='bbox 3029 4914 3285 4981; x_wconf 66' lang='lat' dir='ltr'><strong>praemitti</strong></span> <span class='ocrx_word' id='word_1_493' title='bbox 3334 4931 3365 4970; x_wconf 90' lang='lat' dir='ltr'><strong>a</strong></span> <span class='ocrx_word' id='word_1_494' title='bbox 3411 4913 3592 4973; x_wconf 87' lang='lat' dir='ltr'><strong>Theo-</strong></span> 
     </span>
    </p>
   </div>
   <div class='ocr_carea' id='block_1_83' title="bbox 2013 5003 3593 5078">
    <p class='ocr_par' dir='ltr' id='par_1_83' title="bbox 2013 5003 3593 5078">
     <span class='ocr_line' id='line_1_83' title="bbox 2013 5003 3593 5078; baseline 0.005 -20"><span class='ocrx_word' id='word_1_495' title='bbox 2013 5005 2212 5078; x_wconf 86' lang='lat' dir='ltr'><strong>phane,</strong></span> <span class='ocrx_word' id='word_1_496' title='bbox 2244 5005 2312 5062; x_wconf 89' lang='lat' dir='ltr'><strong>iis</strong></span> <span class='ocrx_word' id='word_1_497' title='bbox 2341 5003 2734 5075; x_wconf 84' lang='lat' dir='ltr'><strong>persuademur</strong></span> <span class='ocrx_word' id='word_1_498' title='bbox 2755 5005 3116 5075; x_wconf 85' lang='lat' dir='ltr'><strong>argumentis,</strong></span> <span class='ocrx_word' id='word_1_499' title='bbox 3140 5006 3341 5076; x_wconf 89' lang='lat' dir='ltr'><strong>quibus</strong></span> <span class='ocrx_word' id='word_1_500' title='bbox 3363 5009 3593 5066; x_wconf 85' lang='lat' dir='ltr'><strong>credere</strong></span> 
     </span>
    </p>
   </div>
   <div class='ocr_carea' id='block_1_84' title="bbox 2015 5098 3592 5169">
    <p class='ocr_par' dir='ltr' id='par_1_84' title="bbox 2015 5098 3592 5169">
     <span class='ocr_line' id='line_1_84' title="bbox 2015 5098 3592 5169; baseline 0.003 -17"><span class='ocrx_word' id='word_1_501' title='bbox 2015 5098 2265 5169; x_wconf 80' lang='lat' dir='ltr'><strong>cogimur</strong></span> <span class='ocrx_word' id='word_1_502' title='bbox 2319 5113 2428 5152; x_wconf 88' lang='lat' dir='ltr'><strong>non</strong></span> <span class='ocrx_word' id='word_1_503' title='bbox 2484 5098 2669 5151; x_wconf 90' lang='lat' dir='ltr'><strong>omnia</strong></span> <span class='ocrx_word' id='word_1_504' title='bbox 2732 5112 2854 5168; x_wconf 83' lang='lat' dir='ltr'><strong>quae</strong></span> <span class='ocrx_word' id='word_1_505' title='bbox 2919 5109 3360 5168; x_wconf 60' lang='lat' dir='ltr'><strong>praeconceperat</strong></span> <span class='ocrx_word' id='word_1_506' title='bbox 3407 5100 3592 5157; x_wconf 86' lang='lat' dir='ltr'><strong>animo</strong></span> 
     </span>
    </p>
   </div>
   <div class='ocr_carea' id='block_1_85' title="bbox 2018 5182 3590 5269">
    <p class='ocr_par' dir='ltr' id='par_1_85' title="bbox 2018 5182 3590 5269">
     <span class='ocr_line' id='line_1_85' title="bbox 2018 5182 3590 5269; baseline 0.001 -23"><span class='ocrx_word' id='word_1_507' title='bbox 2018 5192 2191 5248; x_wconf 85' lang='lat' dir='ltr'><strong>fuisse</strong></span> <span class='ocrx_word' id='word_1_508' title='bbox 2221 5190 2289 5246; x_wconf 88' lang='lat' dir='ltr'><strong>ab</strong></span> <span class='ocrx_word' id='word_1_509' title='bbox 2319 5205 2384 5247; x_wconf 92' lang='lat' dir='ltr'><strong>eo</strong></span> <span class='ocrx_word' id='word_1_510' title='bbox 2412 5189 2630 5247; x_wconf 80' lang='lat' dir='ltr'><strong>eﬂ&#39;ectui</strong></span> <span class='ocrx_word' id='word_1_511' title='bbox 2663 5189 2972 5269; x_wconf 89' lang='lat' dir='ltr'><strong>mancipata</strong></span> <span class='ocrx_word' id='word_1_512' title='bbox 3000 5207 3014 5243; x_wconf 92' lang='lat'><strong>:</strong></span> <span class='ocrx_word' id='word_1_513' title='bbox 3053 5205 3288 5260; x_wconf 92' lang='lat' dir='ltr'><strong>quorum</strong></span> <span class='ocrx_word' id='word_1_514' title='bbox 3317 5182 3590 5248; x_wconf 87' lang='lat' dir='ltr'><strong>defectum</strong></span> 
     </span>
    </p>
   </div>
   <div class='ocr_carea' id='block_1_86' title="bbox 2016 5283 3594 5355">
    <p class='ocr_par' dir='ltr' id='par_1_86' title="bbox 2016 5283 3594 5355">
     <span class='ocr_line' id='line_1_86' title="bbox 2016 5283 3594 5355; baseline -0.001 -14"><span class='ocrx_word' id='word_1_515' title='bbox 2016 5301 2140 5341; x_wconf 91' lang='lat' dir='ltr'><strong>cum</strong></span> <span class='ocrx_word' id='word_1_516' title='bbox 2179 5284 2387 5340; x_wconf 91' lang='lat' dir='ltr'><strong>sciolus</strong></span> <span class='ocrx_word' id='word_1_517' title='bbox 2429 5283 2630 5355; x_wconf 86' lang='lat' dir='ltr'><strong>aliquis</strong></span> <span class='ocrx_word' id='word_1_518' title='bbox 2659 5283 3107 5355; x_wconf 70' lang='lat' dir='ltr'><strong>prtesumpsisset</strong></span> <span class='ocrx_word' id='word_1_519' title='bbox 3142 5283 3418 5353; x_wconf 88' lang='lat' dir='ltr'><strong>supplere,</strong></span> <span class='ocrx_word' id='word_1_520' title='bbox 3453 5299 3594 5355; x_wconf 77' lang='lat' dir='ltr'><strong>pra:-</strong></span> 
     </span>
    </p>
   </div>
   <div class='ocr_carea' id='block_1_87' title="bbox 2013 5371 3589 5444">
    <p class='ocr_par' dir='ltr' id='par_1_87' title="bbox 2013 5371 3589 5444">
     <span class='ocr_line' id='line_1_87' title="bbox 2013 5371 3589 5444; baseline -0.001 -11"><span class='ocrx_word' id='word_1_521' title='bbox 2013 5375 2330 5440; x_wconf 83' lang='lat' dir='ltr'><strong>clarissimo</strong></span> <span class='ocrx_word' id='word_1_522' title='bbox 2370 5374 2583 5430; x_wconf 88' lang='lat' dir='ltr'><strong>auctori</strong></span> <span class='ocrx_word' id='word_1_523' title='bbox 2616 5373 2762 5429; x_wconf 88' lang='lat' dir='ltr'><strong>haud</strong></span> <span class='ocrx_word' id='word_1_524' title='bbox 2805 5371 3153 5428; x_wconf 83' lang='lat' dir='ltr'><strong>mediocriter</strong></span> <span class='ocrx_word' id='word_1_525' title='bbox 3201 5371 3439 5444; x_wconf 86' lang='lat' dir='ltr'><strong>injurius</strong></span> <span class='ocrx_word' id='word_1_526' title='bbox 3466 5374 3589 5431; x_wconf 92' lang='lat' dir='ltr'><strong>fuit.</strong></span> 
     </span>
    </p>
   </div>
   <div class='ocr_carea' id='block_1_88' title="bbox 2014 5463 3592 5539">
    <p class='ocr_par' dir='ltr' id='par_1_88' title="bbox 2014 5463 3592 5539">
     <span class='ocr_line' id='line_1_88' title="bbox 2014 5463 3592 5539; baseline 0.002 -18"><span class='ocrx_word' id='word_1_527' title='bbox 2014 5467 2228 5530; x_wconf 85' lang='lat' dir='ltr'><strong>Etenim</strong></span> <span class='ocrx_word' id='word_1_528' title='bbox 2275 5465 2717 5539; x_wconf 84' lang='lat' dir='ltr'><strong>chronographia</strong></span> <span class='ocrx_word' id='word_1_529' title='bbox 2770 5463 3146 5534; x_wconf 83' lang='lat' dir='ltr'><strong>Theophanis,</strong></span> <span class='ocrx_word' id='word_1_530' title='bbox 3181 5464 3401 5537; x_wconf 87' lang='lat' dir='ltr'><strong>qualem</strong></span> <span class='ocrx_word' id='word_1_531' title='bbox 3445 5481 3592 5524; x_wconf 89' lang='lat' dir='ltr'><strong>nunc</strong></span> 
     </span>
    </p>
   </div>
   <div class='ocr_carea' id='block_1_89' title="bbox 2016 5557 3592 5631">
    <p class='ocr_par' dir='ltr' id='par_1_89' title="bbox 2016 5557 3592 5631">
     <span class='ocr_line' id='line_1_89' title="bbox 2016 5557 3592 5631; baseline 0 -16"><span class='ocrx_word' id='word_1_532' title='bbox 2016 5559 2302 5628; x_wconf 87' lang='lat' dir='ltr'><strong>habemus,</strong></span> <span class='ocrx_word' id='word_1_533' title='bbox 2322 5575 2387 5615; x_wconf 81' lang='lat' dir='ltr'><strong>ex</strong></span> <span class='ocrx_word' id='word_1_534' title='bbox 2417 5557 2710 5615; x_wconf 86' lang='lat' dir='ltr'><strong>collatione</strong></span> <span class='ocrx_word' id='word_1_535' title='bbox 2735 5560 2979 5630; x_wconf 90' lang='lat' dir='ltr'><strong>quinque</strong></span> <span class='ocrx_word' id='word_1_536' title='bbox 3002 5559 3252 5616; x_wconf 87' lang='lat' dir='ltr'><strong>codicum</strong></span> <span class='ocrx_word' id='word_1_537' title='bbox 3274 5573 3410 5614; x_wconf 83' lang='lat' dir='ltr'><strong>mss.</strong></span> <span class='ocrx_word' id='word_1_538' title='bbox 3437 5557 3592 5631; x_wconf 76' lang='lat' dir='ltr'><strong>Regii</strong></span> 
     </span>
    </p>
   </div>
   <div class='ocr_carea' id='block_1_90' title="bbox 2016 5649 3592 5724">
    <p class='ocr_par' dir='ltr' id='par_1_90' title="bbox 2016 5649 3592 5724">
     <span class='ocr_line' id='line_1_90' title="bbox 2016 5649 3592 5724; baseline -0.003 -13"><span class='ocrx_word' id='word_1_539' title='bbox 2016 5655 2252 5722; x_wconf 86' lang='lat' dir='ltr'><strong>scilicet,</strong></span> <span class='ocrx_word' id='word_1_540' title='bbox 2294 5653 2636 5724; x_wconf 78' lang='lat' dir='ltr'><strong>l‘eyreziani,</strong></span> <span class='ocrx_word' id='word_1_541' title='bbox 2680 5651 2991 5722; x_wconf 82' lang='lat' dir='ltr'><strong>Barberini,</strong></span> <span class='ocrx_word' id='word_1_542' title='bbox 3024 5651 3277 5708; x_wconf 83' lang='lat' dir='ltr'><strong>Vaticani</strong></span> <span class='ocrx_word' id='word_1_543' title='bbox 3328 5658 3384 5707; x_wconf 88' lang='lat' dir='ltr'><strong>et</strong></span> <span class='ocrx_word' id='word_1_544' title='bbox 3431 5649 3592 5706; x_wconf 79' lang='lat' dir='ltr'><strong>Pala-</strong></span> 
     </span>
    </p>
   </div>
   <div class='ocr_carea' id='block_1_91' title="bbox 2017 5744 3596 5820">
    <p class='ocr_par' dir='ltr' id='par_1_91' title="bbox 2017 5744 3596 5820">
     <span class='ocr_line' id='line_1_91' title="bbox 2017 5744 3596 5820; baseline -0.003 -17"><span class='ocrx_word' id='word_1_545' title='bbox 2017 5749 2142 5815; x_wconf 91' lang='lat' dir='ltr'><strong>tini,</strong></span> <span class='ocrx_word' id='word_1_546' title='bbox 2177 5747 2391 5804; x_wconf 86' lang='lat' dir='ltr'><strong>duabus</strong></span> <span class='ocrx_word' id='word_1_547' title='bbox 2414 5757 2631 5803; x_wconf 88' lang='lat' dir='ltr'><strong>constat</strong></span> <span class='ocrx_word' id='word_1_548' title='bbox 2664 5746 2916 5820; x_wconf 82' lang='lat' dir='ltr'><strong>partibus</strong></span> <span class='ocrx_word' id='word_1_549' title='bbox 2946 5764 2962 5803; x_wconf 75' lang='grc' dir='ltr'><strong>ε</strong></span> <span class='ocrx_word' id='word_1_550' title='bbox 2992 5755 3227 5816; x_wconf 85' lang='lat' dir='ltr'><strong>quarum</strong></span> <span class='ocrx_word' id='word_1_551' title='bbox 3261 5759 3382 5818; x_wconf 75' lang='lat' dir='ltr'><strong>qua:</strong></span> <span class='ocrx_word' id='word_1_552' title='bbox 3412 5744 3596 5816; x_wconf 85' lang='lat' dir='ltr'><strong>potior</strong></span> 
     </span>
    </p>
   </div>
   <div class='ocr_carea' id='block_1_92' title="bbox 2017 5838 3590 5920">
    <p class='ocr_par' dir='ltr' id='par_1_92' title="bbox 2017 5838 3590 5920">
     <span class='ocr_line' id='line_1_92' title="bbox 2017 5838 3590 5920; baseline -0.004 -20"><span class='ocrx_word' id='word_1_553' title='bbox 2017 5851 2102 5901; x_wconf 88' lang='lat' dir='ltr'><strong>est</strong></span> <span class='ocrx_word' id='word_1_554' title='bbox 2129 5851 2183 5901; x_wconf 89' lang='lat' dir='ltr'><strong>et</strong></span> <span class='ocrx_word' id='word_1_555' title='bbox 2216 5855 2344 5899; x_wconf 85' lang='lat' dir='ltr'><strong>vere</strong></span> <span class='ocrx_word' id='word_1_556' title='bbox 2376 5855 2543 5900; x_wconf 87' lang='lat' dir='ltr'><strong>aurea</strong></span> <span class='ocrx_word' id='word_1_557' title='bbox 2575 5840 2839 5920; x_wconf 80' lang='lat' dir='ltr'><strong>omnique</strong></span> <span class='ocrx_word' id='word_1_558' title='bbox 2885 5841 3210 5913; x_wconf 83' lang='lat' dir='ltr'><strong>acceptione</strong></span> <span class='ocrx_word' id='word_1_559' title='bbox 3243 5838 3590 5913; x_wconf 81' lang='lat' dir='ltr'><strong>dignissima,</strong></span> 
     </span>
    </p>
   </div>
   <div class='ocr_carea' id='block_1_93' title="bbox 2022 5930 3594 6016">
    <p class='ocr_par' dir='ltr' id='par_1_93' title="bbox 2022 5930 3594 6016">
     <span class='ocr_line' id='line_1_93' title="bbox 2022 5930 3594 6016; baseline 0 -23"><span class='ocrx_word' id='word_1_560' title='bbox 2022 5936 2310 6000; x_wconf 83' lang='lat' dir='ltr'><strong>historiam</strong></span> <span class='ocrx_word' id='word_1_561' title='bbox 2340 5933 2559 6002; x_wconf 76' lang='lat' dir='ltr'><strong>exhibet</strong></span> <span class='ocrx_word' id='word_1_562' title='bbox 2587 5948 2683 6016; x_wconf 77' lang='lat' dir='ltr'><strong>per</strong></span> <span class='ocrx_word' id='word_1_563' title='bbox 2729 5949 2906 6002; x_wconf 80' lang='lat' dir='ltr'><strong>annos</strong></span> <span class='ocrx_word' id='word_1_564' title='bbox 2942 5934 3215 6007; x_wconf 80' lang='lat' dir='ltr'><strong>digestam</strong></span> <span class='ocrx_word' id='word_1_565' title='bbox 3248 5948 3264 5989; x_wconf 90' lang='lat'><strong>:</strong></span> <span class='ocrx_word' id='word_1_566' title='bbox 3303 5932 3473 5988; x_wconf 85' lang='lat' dir='ltr'><strong>altera</strong></span> <span class='ocrx_word' id='word_1_567' title='bbox 3505 5930 3594 5993; x_wconf 69' lang='lat' dir='ltr'><strong>vix</strong></span> 
     </span>
    </p>
   </div>
  </div>
