4034 6298
480 374 616 441 1167

1398 380 1493 440 DE
1517 381 1578 442 S.
1620 378 2116 440 TIiEOPI—IANIS
2149 377 2803 440 CHRONOGRAPHM

3591 374 3727 444 1163

476 492 732 566 plumbea
759 489 868 546 dici
897 499 1155 557 meretur,
1177 489 1543 562 consistitque
1576 492 1628 546 in
1662 490 1860 546 tabulis
1886 491 2051 544 chro-
2080 489 2427 564 Aminatim,
2491 506 2601 544 non
2660 489 2864 560 cogitet
2914 486 3080 543 alium
3127 487 3276 544 hunc
3330 503 3451 546 esse
3496 489 3566 545 ab
3617 489 3729 556 illo,

474 585 746 656 nologicis
782 583 1048 657 (Canonia
1081 591 1242 640 vocat
1271 582 1438 653 Goar)
1470 585 1673 655 quibus
1705 599 1801 654 per
1841 583 2051 638 loculos

475 680 688 746 divisis,
724 682 956 750 primum
1001 694 1178 733 annus
1215 679 1425 746 mundi,
1461 688 1575 733 tum
1620 678 1824 733 Christi
1870 679 2050 730 incar-

475 774 613 839 nati,
649 772 776 828 dein
809 772 1154 843 imperatoris
1188 773 1420 839 romani,
1471 773 1718 842 proxime
1747 771 1888 842 regis
1923 771 2052 825 Per-

478 881 665 921 sarum
709 874 803 920 aut
833 863 991 919 ducis
1033 864 1298 930 Arabum,
1348 880 1535 919 rerum
1596 872 1720 934 post
1763 865 1957 918 Persas
1993 863 2049 916 in

476 959 766 1016 Palaestina
800 958 1148 1031 potientium,
1184 957 1422 1029 denique
1455 974 1520 1013 ex
1562 959 1756 1013 ordine
1810 957 2051 1027 quinque

477 1054 859 1128 episcoporum
893 1055 1295 1123 praecipnorum
1329 1067 1424 1106 seu
1458 1050 1920 1121 patriarcharum,
1942 1048 2052 1101 lio-

476 1140 1275 1213 mani,Constantinopolitani,
1291 1138 1795 1210 iiierosolymitani,
1816 1138 2053 1191 Alexan-

476 1237 624 1294 drini
660 1246 730 1299 et
781 1233 1111 1290 Ant-iochcni
1166 1232 1303 1287 ordo
1372 1240 1425 1286 et
1480 1231 1609 1284 anni
1671 1229 2048 1285 continentur.

477 1331 716 1388 Tabulas
751 1338 932 1384 autem
982 1330 1117 1384 istas
1146 1339 1342 1396 magna
1391 1339 1518 1380 cum
1564 1323 1888 1378 diversitate
1942 1336 2051 1376 non

472 1430 689 1479 tantum
747 1421 997 1493 praefixas
1046 1419 1346 1474 annis-non
1385 1417 1525 1482 suis,
1559 1417 1654 1472 sed
1687 1417 1850 1470 etiam
1897 1430 2052 1470 men-

475 1515 770 1572 dosissime
815 1512 1162 1582 conscriptas
1211 1525 1358 1576 esse,
1405 1519 1459 1567 et
1491 1509 1745 1581 plurimis
1787 1509 1942 1563 hiare
1969 1507 2053 1562 lo-

476 1611 640 1672 culis,
685 1623 751 1664 ac
780 1605 1116 1678 portentosis
1157 1619 1384 1675 prorsus
1416 1617 1710 1665 annorum,
1747 1600 2050 1673 praesertim

475 1700 949 1775 patriarchalium,
975 1695 1465 1770 supputationibus
1496 1703 1728 1761 scatere,
1753 1710 1876 1748 cum
1899 1692 2049 1764 ipse-

478 1803 590 1851 met
622 1793 770 1851 Goar
816 1797 1079 1864 agnoscat
1142 1787 1524 1860 fateaturque;
1580 1788 1778 1842 mirum
1827 1794 1909 1842 est
1956 1793 2050 1840 aut

475 1883 676 1952 ipsum,
718 1887 813 1934 aut
853 1850 952 1948 qui
985 1876 1228 1933 defuncti
1271 1850 1465 1933 Goaris
1506 1850 1743 1931 laborem
1778 1875 1965 1932 eduxit
1993 1876 2046 1929 in
2077 1850 2128 1914 Β

476 1975 656 2030 lucem
685 1970 1097 2039 Combeflsium,
1133 1969 1384 2042 potuisse
1430 1968 1537 2026 sibi
1587 1968 1941 2041 persuadere,
1984 1967 2052 2023 ab

477 2077 702 2123 auctore
753 2065 1087 2136 Theophane
1133 2077 1275 2119 esse.
1339 2081 1358 2115 ι
1387 2061 1492 2131 Qui
1528 2061 1806 2119 variorum
1853 2070 2047 2119 aucto-

476 2169 599 2215 rum
662 2155 965 2213 sententias
1020 2160 1075 2209 et
1130 2167 1390 2208 numeros
1447 2159 1672 2208 secutus
1721 2152 1792 2208 sit
1844 2151 2051 2218 varios,

475 2267 747 2328 opusque.
777 2251 1058 2323 pr0prium
1107 2258 1336 2320 urgente
1371 2248 1775 2320 persecutionis
1815 2248 2055 2304 necessi-

477 2357 591 2403 tate
617 2361 727 2402 non
763 2343 1122 2410 recensuerit,
1164 2342 1504 2413 proindeque
1541 2341 1761 2412 exigere
1786 2355 1815 2396 a
1849 2340 2052 2396 lectore

478 2459 582 2499 suo
609 2441 805 2514 possit,
848 2449 908 2495 ut
948 2439 1042 2508 qui
1076 2438 1467 2494 dormitantem
1499 2437 1795 2492 Homerum
1822 2436 2050 2505 patitur,

477 2538 869 2607 Theophanem
915 2547 1138 2607 quoque
1171 2532 1389 2602 lapsum
1438 2529 1613 2601 erigat
1658 2529 2050 2600 corrigatque:

469 2647 603 2689 eum
638 2629 896 2686 nimirum
924 2627 1278 2684 succedentes
1301 2635 1364 2680 .et
1401 2622 1468 2679 ad
1500 2622 1732 2679 invicem
1768 2620 2054 2676 cohaeren-

478 2735 563 2784 tes
616 2737 877 2780 numeros
929 2720 985 2776 in
1037 2718 1322 2789 sequiores
1358 2713 1674 2784 transponit
1708 2727 1907 2778 annos,
1955 2726 2055 2767 seu

476 2817 643 2875 etiam
674 2814 1000 2884 conjunctos
1033 2826 1209 2866 annos
1244 2809 1297 2864 in
1333 2807 1522 2863 dissita
1549 2805 1780 2862 canonia
1804 2803 2054 2860 desulto-

478 2909 561 2965 rie
612 2904 919 2963 transfert:
987 2910 1083 2956 aut
1139 2899 1316 2955 eidem
1376 2897 1493 2952 viro
1550 2909 1699 2950 nunc
1739 2893 2054 2964 pauciores,

480 3016 608 3057 mox
637 2999 821 3072 plures
851 2995 1084 3052 diversis
1123 2991 1372 3049 canoniis
1405 2988 1652 3059 assignat
1682 3000 1859 3041 annos
1892 3002 1907 3040 :
1969 2983 2056 3039 vel

478 3107 604 3150 cum
629 3089 870 3164 ejusdem
913 3086 1016 3144 viri
1074 3085 1365 3158 pauciores
1403 3083 1532 3138 anni
1583 3080 1738 3151 plura
1782 3084 2056 3148 occupant

478 3184 751 3242 canonia:
799 3190 1044 3236 autcum
1077 3191 1292 3233 summa
1318 3174 1575 3247 quapiam
1608 3173 1787 3229 aetatis
1815 3171 2054 3242 aequales

477 3277 689 3334 loculos
722 3275 837 3330 sive
866 3271 1098 3328 canonia
1127 3268 1452 3340 quibusdam
1484 3265 1707 3321 omissis
1739 3278 1850 3319 non
1891 3277 2051 3318 acce-

475 3373 559 3447 pit
587 3387 602 3423 :
653 3369 740 3425 rei
767 3366 1003 3438 denique
1037 3379 1161 3420 cum
1191 3375 1425 3418 numero
1456 3358 1704 3430 ejusdem
1729 3356 1868 3415 anni
1898 3369 2054 3427 repe-

477 3466 580 3524 tito
617 3461 871 3522 confusio
898 3459 1132 3516 infertur
1171 3471 1280 3513 non
1315 3451 1628 3510 mediocris.
1662 3470 1691 3506 ›

549 3558 604 3614 l5.
645 3554 848 3613 Verum
899 3552 947 3608 si
984 3552 1101 3608 haec
1138 3559 1246 3606 tam
1281 3548 1475 3614 multa,
1517 3553 1626 3600 tam
1667 3542 1854 3616 gravia
1900 3542 2056 3598 volu-

478 3665 603 3706 mus
637 3645 961 3717 Theophani
988 3644 1280 3715 imputare,
1331 3639 1630 3696 verendum
1657 3645 1762 3704 est,
1798 3650 1867 3692 ne
1895 3635 2055 3707 plura

479 3759 544 3801 ac
571 3743 822 3816 graviora
869 3741 1160 3794 occurrant
1181 3749 1345 3807 quam
1369 3733 1572 3803 quibus
1603 3731 1848 3798 lectoris,
1878 3743 2052 3801 quan-

480 3839 681 3896 tumvis
731 3832 975 3904 benigni,
1014 3829 1210 3886 lenitas
1239 3828 1416 3898 possit
1455 3827 1759 3898 ignoscere.
1816 3825 1952 3881 Nam
1998 3835 2055 3879 ut

477 3932 729 3985 omittam
765 3941 887 3998 quas
935 3925 1082 3979 circa
1123 3920 1301 3977 sancti
1329 3919 1522 3990 Cyrilli
1567 3915 2054 3989 Hierosolymitani

479 4021 944 4088 decessorumque
974 4016 1094 4086 ejus
1129 4028 1200 4069 ac
1259 4026 1642 4068 successorum
1687 4009 2053 4064 chronotaxin

482 4112 784 4171 [uidissime
822 4116 1004 4165 errata
1055 4104 1582 4169 demonstravimus,
1647 4121 1666 4155 ι
1702 4102 2056 4158 Emendatio—

481 4221 606 4262 nem
640 4209 867 4273 superat
909 4214 1150 4264 omnem,
1199 4196 1378 4267 inquit
1413 4195 1528 4266 ipse
1562 4192 1728 4258 Goar,
1769 4192 2053 4248 Romano-

483 4313 603 4352 rum
634 4293 1020 4365 episeoporum
1070 4302 1265 4343 nomen
1309 4285 1652 4356 frequentius
1681 4285 1972 4352 omissum,
2000 4293 2057 4339 et

480 4398 612 4446 nitas
654 4400 776 4458 pag.
806 4382 913 4437 208
958 4379 1169 4434 auctori
1207 4378 1435 4449 penitus
1467 4376 1692 4447 ignota:
1729 4392 1748 4426 ε
1780 4373 1928 4444 quod
1973 4373 2053 4429 uti

480 4499 546 4538 ex
601 4475 928 4535 indubitatis
982 4473 1301 4544 pontificum
1338 4469 1498 4524 annis
1555 4467 1844 4524 manifeSte
1895 4467 2055 4522 nobis

482 4578 715 4634 constat,
757 4565 833 4621 ita
865 4562 1119 4620 fortassis
1159 4563 1213 4616 in
1249 4561 1373 4615 aliis
1391 4559 1725 4631 patriareliis
1750 4558 2056 4628 deprehen-

481 4665 760 4729 dercmns,
806 4662 852 4717 si
887 4659 954 4717 de
984 4673 1176 4716 eorum
1208 4655 1654 4712 successionibus
1691 4664 1855 4724 atque
1879 4654 2056 4708 aetati-

484 4760 590 4816 bus
643 4758 761 4829 pari
815 4755 972 4812 nobis
1020 4751 1237 4810 ratione
1278 4758 1580 4805 constaret.
1633 4747 1819 4818 Neque
1851 4746 2058 4802 dixeris

485 4852 717 4908 vitiosos
756 4848 1038 4917 catalogos
1086 4858 1198 4915 pra:
1229 4841 1406 4898 oculis
1445 4840 1734 4895 habentem
1771 4836 2061 4907 Theopha-

484 4959 607 5000 nem
656 4950 818 5011 atque
857 4939 1024 4994 exiis
1072 4951 1247 4991 annos
1293 4941 1687 5003 supputantem
1732 4931 1786 4986 in
1822 4932 2056 4986 istorum

485 5045 734 5086 errorum
783 5035 990 5097 partem
1043 5041 1152 5079 non
1193 5023 1474 5078 minimam
1526 5021 1735 5092 prolabi
1767 5021 2056 5091 potuisse:

486 5123 820 5194 ubicumque
850 5119 994 5175 enim
1033 5117 1085 5171 in
1119 5117 1235 5189 ipsa
1263 5117 1496 5171 historia
1519 5114 1796 5186 pontificis
1823 5114 2058 5168 Romani

484 5214 733 5271 occurrit
771 5211 996 5277 mentio,
1037 5225 1145 5264 non
1181 5208 1347 5263 alium
1378 5222 1542 5278 quam
1584 5221 1683 5277 par
1727 5213 1844 5260 erat
1874 5203 2056 5258 nomi-

489 5307 639 5364 navit
689 5306 957 5376 uspiam:
1022 5301 1298 5373 quomodo
1352 5300 1520 5372 igitur
1571 5300 1812 5370 ignotam
1881 5298 2059 5369 potuit

482 5413 672 5456 eorum
708 5396 907 5455 seriem
937 5403 1265 5464 aetatemque
1293 5391 1542 5448 habere?
1587 5402 1682 5446 aut
1719 5407 1841 5463 quae
1878 5399 2059 5461 potest

481 5500 634 5549 tanta
668 5490 879 5560 concipi
913 5487 1077 5543 ullius
1109 5485 1400 5556 scriptoris
1431 5485 1746 5551 oscitantia,
1785 5492 1842 5538 ut
1888 5497 2057 5537 anna-

483 5590 560 5644 les
614 5586 909 5650 ordinans,
959 5596 1164 5652 eosque
1210 5581 1266 5635 in
1314 5581 1494 5651 capite
1553 5579 1942 5649 imperatorum
2003 5585 2057 5630 et

481 5677 805 5752 pontiﬁcum
844 5676 1003 5730 annis
1031 5673 1399 5744 ,prasignans,
1439 5685 1641 5728 nomen
1671 5667 1893 5740 aliquod
1926 5669 2056 5724 seri-

483 5777 576 5827 bat
620 5767 1059 5826 diversissimum
1090 5766 1159 5821 ab
1199 5781 1290 5832 eo,
1328 5766 1396 5820 de
1427 5778 1536 5834 quo
1571 5763 1626 5816 in
1674 5761 1792 5832 ipsa
1826 5761 2058 5817 historia

482 5873 708 5922 acturus
739 5871 821 5918 est
855 5880 868 5916 :
905 5871 1000 5916 aut
1031 5860 1245 5926 saltem,
1277 5874 1399 5913 cum
1430 5857 1499 5912 de
1535 5857 1721 5927 aliquo
1750 5857 1920 5930 egerit
1959 5870 2058 5913 no-

2153 600 2314 654 quem
2362 587 2415 639 in
2454 585 2634 641 fronte
2669 585 3069 655 expresserat?
3109 584 3201 639 Sic
3234 583 3302 638 ad
3339 599 3542 639 annum
3583 584 3648 639 10
3679 591 3734 638 et.

2154 677 2215 730 ll
2274 677 2582 734 Constantii
2650 685 2945 732 narrantur
2998 685 3115 732 acta
3164 677 3308 732 inter
3365 676 3728 731 Athanasium

2152 781 2205 824 et
2239 768 2441 823 Julium
2498 769 2699 840 Papam
2724 811 2739 837 ,
2800 771 2892 838 qui
2948 771 3003 824 in
3042 785 3184 824 anno
3234 768 3540 824 Constantii
3575 767 3646 822 15
3681 779 3736 822 et

2155 859 2270 930 ipse
2307 859 2665 930 pontificatus
2729 862 2813 916 sui
2852 861 2920 916 15
2968 877 3173 916 annum
3219 859 3587 930 ultimumque
3636 876 3735 915 ex-

2154 954 2322 1023 plevit
2358 972 2371 1034 ς
2405 969 2528 1009 cum
2567 954 2785 1009 interim
2829 954 2885 1009 in
2916 954 3120 1009 tabulis
3173 961 3322 1008 totus
3355 953 3477 1021 ejus
3513 954 3736 1022 pontifi-

2152 1055 2312 1101 catus
2347 1045 2412 1100 ad
2438 1047 2764 1103 sexennium
2794 1057 3124 1112 retroactus,
3162 1048 3285 1118 ipso
3311 1063 3472 1120 quem
3497 1049 3736 1104 diximus

2156 1139 2223 1193 10
2276 1154 2426 1195 anno
2483 1141 2819 1208 Constantii,
2869 1140 3151 1199 Liberium
3215 1142 3383 1199 faciat
3437 1142 3739 1200 succedere

2153 1229 2321 1310 Ju_lio.

2152 1328 2190 1388 ιτ
2224 1327 2277 1381 6.
2321 1324 2462 1392 Quid
2509 1336 2691 1384 autem
2718 1328 2966 1386 dicemus
2996 1332 3062 1387 de
3104 1347 3289 1404 regum
3320 1331 3614 1389 Persarum
3645 1346 3735 1387 se-

2153 1420 2278 1475 rie?
2347 1419 2648 1476 Exorditur
2712 1438 2832 1478 eam
2901 1422 3169 1496 Georgius
3235 1425 3520 1496 Syncellus
3590 1439 3737 1479 anno

2153 1518 2352 1580 quarto
2376 1512 2669 1567 Alexandri
2701 1511 3004 1581 Mammeze,
3054 1515 3147 1583 qui
3187 1513 3292 1569 fuit
3327 1516 3569 1587 vulgaris
3615 1531 3737 1569 trra:

2153 1603 2538 1660 Alexandrinae
2567 1605 2694 1673 218,
2733 1614 2792 1663 et
2820 1608 3087 1678 expositis
3115 1607 3458 1680 singulorum
3500 1609 3738 1665 nomini-

2155 1697 2281 1765 bus,
2329 1705 2383 1754 et
2428 1707 2562 1769 quot
2602 1700 2809 1770 quique
2840 1703 3194 1773 regnaverint
3236 1702 3419 1767 annis,
3456 1717 3635 1774 usque
3664 1702 3732 1756 ad

2152 1789 2360 1847 Persici
2410 1792 2625 1863 imperii
2657 1796 2820 1849 finem
2852 1794 2955 1850 sub
2994 1793 3306 1861 Saracenis,
3350 1795 3603 1865 quintum
3647 1811 3738 1850 re:

2155 1899 2274 1955 gem
2307 1882 2536 1941 Uracem
2573 1886 2970 1955 (Arareuehem
3004 1887 3207 1942 dictum
3234 1887 3288 1942 in
3331 1887 3530 1943 tabulis
3557 1886 3737 1942 Theo-

2155 1971 2324 2043 phani
2382 1973 2602 2048 allictis)
2656 1976 2866 2033 inducit
2911 1978 2966 2032 in
2998 1976 3290 2047 imperium
3323 1991 3468 2031 anno
3499 1976 3737 2031 Alexan-

2154 2066 2327 2123 drinte
2389 2084 2515 2124 mra!
2571 2069 2679 2125 264
2727 2071 3091 2127 eonformiter
3133 2069 3203 2125 ad
3247 2085 3517 2125 annorum
3565 2072 3737 2140 spatia

2155 2158 2390 2230 singulis
2422 2161 2543 2233 ejus
2589 2161 2980 2221 decessoribus
3016 2164 3071 2218 in
3118 2163 3368 2235 catalogo
3421 2162 3734 2232 assignata;

2154 2266 2394 2323 eumque
2421 2269 2596 2310 annos
2625 2256 2695 2309 17
2734 2256 3054 2325 regnavisse
3102 2255 3321 2312 scribit.
3383 2253 3608 2310 Tabulae
3634 2269 3736 2308 au-

2157 2352 2263 2399 tem
2292 2344 2445 2415 (quae
2497 2362 2637 2418 pene
2694 2348 2898 2419 ubique
2939 2349 3121 2421 quoad
3163 2362 3428 2404 numeros
3465 2361 3733 2402 annorum

2155 2441 2601 2513 uniuscujusque
2645 2458 2821 2515 regno
2869 2443 3263 2501 auributorum
3316 2457 3442 2497 cum
3498 2439 3737 2510 Georgio

2155 2534 2534 2600 consentiunt,
2587 2534 2681 2591 sed
2739 2535 2989 2594 ordinem
3047 2533 3382 2607 quandoque
3414 2540 3468 2588 et
3512 2531 3738 2587 nomina

2154 2624 2520 2698 commutant)
2555 2642 2680 2682 cum
2717 2627 2944 2685 totidem
2973 2627 3144 2686 annis
3187 2640 3452 2697 regnasse
3493 2625 3736 2679 Arareu-

2155 2718 2313 2774 ehem
2342 2719 2661 2787 admittant,
2693 2722 2948 2776 ultimum
2984 2721 3132 2777 illius
3163 2735 3368 2777 annum
3401 2725 3739 2788 componunt

2156 2827 2282 2867 cum
2332 2812 2516 2883 primo
2575 2812 2904 2868 Diocletiani
2943 2853 2959 2878 ,
3021 2811 3411 2868 Alexandrinae
3467 2824 3589 2864 amr
3633 2809 3736 2862 ΞΠ

2157 2911 2324 2974 atque
2375 2904 2446 2958 ita
2505 2914 2749 2975 quatuor
2799 2918 2978 2960 annos
3039 2903 3316 2959 auferunt.
3369 2901 3504 2968 Quis
3557 2907 3738 2952 autem

2157 2996 2348 3053 credat
2379 2997 2773 3069 Theophanem
2817 2998 3260 3054 continuatorem
3293 2992 3536 3063 Georgii,
3589 2990 3738 3045 nulla

2156 3099 2454 3162 apparente
2484 3107 2547 3147 ex
2582 3106 2746 3146 causa
2790 3091 2866 3145 ita
2912 3091 2980 3148 ab
3013 3097 3240 3145 auctore
3285 3103 3386 3144 suo
3423 3087 3596 3142 fuisse
3620 3085 3737 3138 dis-

2158 3196 2481 3246 cessurum,
2535 3182 2583 3238 si
2639 3181 2852 3238 tabulas
2901 3181 3019 3252 ipse
3068 3179 3554 3249 conscripsisset?
3604 3174 3743 3241 Quis

2159 3288 2380 3329 rursum
2439 3273 2629 3330 credat
2677 3275 3015 3330 omissurum
3059 3273 3235 3329 fuisse
3297 3270 3574 3334 Varanis,
3640 3282 3740 3321 seu

2157 3365 2363 3423 Uranis
2393 3366 2427 3421 3
2476 3381 2680 3422 nomen
2735 3376 2788 3422 et
2833 3382 3022 3423 annos
3070 3366 3141 3431 .4,
3195 3365 3241 3420 si
3278 3379 3392 3435 prae
3424 3362 3602 3418 oculis
3637 3360 3744 3414 ha-

2157 3456 2370 3513 buisset
2427 3458 2682 3514 relictum
2739 3457 2844 3514 sibi
2894 3473 2924 3512 a
2969 3456 3204 3528 Georgio
3261 3452 3624 3524 Catalogum:
3679 3466 3744 3505 ac

2156 3551 2359 3609 deinde
2415 3567 2514 3623 pro
2575 3551 2822 3608 Urarane
2847 3552 2880 3606 5
2919 3550 3245 3607 Arsabelum
3271 3589 3285 3615 ,
3317 3562 3422 3619 pro
3463 3544 3748 3615 Samaspo

2157 3645 2592 3718 Pecmasaphum
2646 3647 2820 3702 fuisse
2852 3646 3188 3717 scripturum
3212 3684 3228 3711 ,
3284 3641 3602 3699 nominibus
3639 3639 3745 3695 toti

2159 3737 2484 3812 Georgianse
2511 3741 2674 3797 seriei
2711 3740 2960 3814 ignotis?

2233 3833 2284 3887 7..
2348 3832 2525 3887 Simili
2559 3835 2773 3888 ratione
2804 3833 2988 3888 licebit
3021 3831 3090 3888 ab
3129 3831 3196 3886 iis
3233 3830 3601 3902 argumentari
3639 3845 3742 3902 pa-

2157 3926 2442 3991 triarchis,
2485 3942 2629 3997 quos
2671 3927 2866 3982 ultimo
2901 3926 3087 3995 operis
3119 3927 3205 3980 sui
3237 3940 3382 3981 anno
3413 3926 3493 3981 sic
3528 3925 3740 3980 subne-

2159 4019 2258 4073 ctit
2315 4018 2625 4092 Georgius;
2673 4027 2732 4074 ut
2788 4020 2857 4074 ab
2913 4018 3110 4074 iisdem
3170 4017 3410 4073 exordiri
3473 4016 3741 4071 deberent

2159 4112 2512 4183 Theophanis
2571 4112 2809 4180 tabulae,
2877 4127 2906 4166 a
2955 4113 3142 4183 primo
3192 4111 3528 4166 Diocletiani
3589 4125 3739 4165 anno

2158 4206 2543 4274 exordientes;
2584 4207 2712 4262 licet
2741 4206 2809 4261 de
2859 4207 2954 4261 illo
2995 4219 3164 4270 anno,
3217 4213 3413 4275 utpote
3455 4205 3567 4273 jam
3601 4205 3740 4257 satis

2159 4301 2458 4372 descripto,
2499 4300 2637 4354 nihil
2675 4299 3032 4355 scribendum
3067 4299 3173 4354 sibi
3215 4313 3339 4354 esse
3373 4295 3739 4367 Theophanes

2161 4395 2470 4467 putaverit:
2520 4394 2607 4448 vel
2643 4393 2749 4448 hoc
2795 4393 2915 4463 ipso
2957 4393 3210 4446 indicans
3239 4391 3395 4462 prius
3427 4405 3565 4458 Opus
3600 4405 3629 4443 a
3682 4405 3740 4444 se

2160 4487 2520 4553 continuari,
2587 4502 2694 4539 non
2753 4485 3030 4541 conscribi
3087 4500 3335 4547 novum,
3394 4484 3539 4554 quod
3603 4482 3740 4538 alias

2088 4577 2443 4648 Dauspicarl
2500 4576 2786 4632 debuisset
2851 4575 2918 4630 ab
2975 4575 3125 4630 illius
3177 4574 3252 4630 ad
3315 4574 3606 4645 imperium
3659 4573 3740 4627 in-

2164 4683 2381 4740 gressu,
2420 4669 2526 4740 .qui
2567 4669 2775 4739 primus
2807 4665 3140 4723 offerebatur
3186 4666 3239 4721 in
3283 4665 3530 4720 historia:
3572 4679 3738 4735 argu-

2162 4770 2430 4818 mentum.
2454 4762 2614 4817 Hunc
2647 4770 2830 4817 autem
2861 4775 3067 4817 annum
3089 4775 3212 4817 cum
3239 4759 3537 4830 descripsit
3559 4757 3736 4814 Geor-

2160 4855 2284 4928 gius
2318 4855 2400 4910 sic
2439 4853 2724 4912 concludit
2751 4872 2766 4910 :

2232 4990 2413 5046 Rome
2444 4991 2716 5061 episcopus
2745 4989 2837 5053 28,
2870 4989 3059 5056 Caius,
3085 4989 3240 5042 annis
3278 4986 3360 5042 l5.

2231 5080 2527 5134 Antiochia:
2556 5080 2828 5147 episcopus
2858 5079 2946 5144 l7,
2983 5077 3240 5148 Cyrillus,
3275 5077 3426 5130 annis
3458 5074 3544 5130 15.

2232 5171 2572 5226 Alexandria:
2599 5176 2874 5239 episcopus
2901 5170 2987 5235 16,
3023 5169 3279 5232 Thconas,
3310 5169 3462 5220 annis
3497 5167 3585 5220 19.

2237 5263 2508 5319 llierosol.
2538 5263 2814 5332 cpiscopus
2849 5260 2937 5326 58,
2976 5258 3322 5331 Hymenaeis,
3352 5260 3508 5311 amris
3541 5255 3632 5310 12.

2163 5395 2241 5450 Ex
2289 5396 2492 5468 quibus
2545 5395 2700 5465 juxta
2760 5396 2972 5464 priores
3012 5390 3232 5461 Georgii
3274 5390 3539 5453 calculos,
3575 5387 3745 5442 Caius

2163 5489 2384 5560 quidem
2418 5498 2472 5543 et
2512 5487 2769 5543 Thconas
2807 5487 3049 5557 primum
3101 5485 3254 5538 illiilli
3306 5485 3632 5539 habuissent
3688 5484 3743 5536 in

2161 5583 2479 5652 episcopatu
2522 5595 2726 5636 annum
2767 5597 2781 5633 :
2836 5578 3108 5650 Cyrillus,
3154 5593 3300 5632 anno
3355 5575 3745 5631 Alexandriam

2161 5690 2286 5731 aera:
2332 5674 2439 5728 264
2484 5686 2727 5738 creatus,
2779 5687 2983 5727 annum
3035 5672 3237 5742 egisset
3281 5669 3373 5736 l4;
3417 5668 3744 5740 liymenarus

2163 5783 2292 5823 vero
2324 5768 2600 5833 ultimum,
2653 5765 2758 5821 nisi
2813 5763 2983 5835 (quod
3034 5772 3117 5819 est
3177 5760 3511 5832 verosimile)
3561 5763 3743 5826 dicas,

2163 5861 2515 5919 librariorum
2552 5859 2688 5914 vitio
2739 5858 2943 5914 factum
2977 5865 3035 5913 ut
3070 5855 3360 5913 duodecim
3399 5854 3561 5911 annis
3600 5853 3744 5912 scri-
