4034 6298
528 305 659 372 1171

1441 306 1539 366 DE
1586 308 1646 364 ὃ.
1682 301 2171 366 ΤΠΕΟΡΗΑΝΙΞ
2216 301 2872 365 CHRONOGRAPHIA

3648 297 3789 366 117:2

524 423 759 493 phauem
810 419 897 475 vel
953 435 1174 492 semper
1249 419 1334 475 vel
1391 422 1461 476 ab
1520 419 1679 476 initio
1739 418 2169 490 inscripsisseA
2201 426 2501 489 utrumque
2556 418 2865 474 detractum
2897 415 3112 480 volunt,
3140 413 3568 484 existimantque
3620 417 3789 473 etiam

521 512 728 569 tabulis
783 515 1173 584 episcoporum
1233 527 1355 582 quae
1410 511 1652 567 diximus
1710 512 1931 566 nomina
1971 528 1984 566 :
2018 511 2101 566 sic

519 606 710 662 eadem
740 605 871 662 moti
906 605 1236 660 auctoritate
1283 604 1699 674 persuademur,
1725 606 1834 658 non
1869 600 2099 674 singulis

518 699 683 754 annis
724 697 1118 770 praesignatum
1171 694 1342 752 fuisse
1379 711 1410 749 a
1441 694 1774 765 TheOphane
1812 695 2100 749 mundanae

516 805 583 846 ac
629 791 959 847 Christianae
1001 801 1125 845 mra:
1171 793 1499 853 numerum;
1544 788 1638 844 sed
1679 790 1808 844 item
1857 796 1912 842 ut
1950 787 2099 842 Ana-

517 882 725 941 stasius
772 882 928 949 facit,
957 882 1024 938 ad
1051 881 1211 937 initia
1263 881 1531 936 duntaxat
1576 879 1994 954 imperatorum,
2046 888 2101 935 et

517 975 850 1046 quandoque
877 973 1055 1029 alias:
1093 972 1220 1028 alibi
1267 978 1397 1028 Vero
1431 973 1609 1028 solum
1657 971 1936 1042 signatum
1991 969 2098 1025 im-

517 1067 656 1138 perii
689 1081 919 1133 annum,
945 1065 1092 1137 quod
1124 1081 1190 1121 eo
1225 1065 1342 1121 lere
1389 1065 1509 1122 solo
1533 1071 1896 1120 consuessent
1924 1061 2099 1118 histo-

516 1161 619 1215 rici
648 1160 869 1232 publica
897 1159 1104 1231 scripta
1154 1159 1392 1230 signare.
1445 1157 1582 1212 lline
1618 1173 1781 1230 porro
1833 1158 1949 1212 ﬁeri
1982 1172 2093 1213 non

515 1251 808 1308 diiliculter
841 1251 1043 1324 potuit,
1077 1258 1138 1306 ut
1164 1251 1292 1306 dum
1329 1249 1399 1305 ad
1434 1262 1608 1306 annos
1642 1252 1829 1306 mundi
1864 1250 2098 1306 subinde

514 1350 851 1400 revocantur
902 1344 1032 1399 anui
1088 1343 1507 1415 imperatorum,
1553 1343 1735 1414 aliqua
1779 1342 2096 1398 dillieoltate

515 1436 816 1502 incidente,
846 1450 955 1492 non
985 1445 1200 1508 semper
1238 1435 1380 1491 facta
1415 1435 1584 1492 fuerit
1623 1421 1916 1492 uniformis
1961 1451 2092 1506 pro-

514 1528 1240 1602 gressio,quemadmodttm
1296 1526 1437 1582 infra
1491 1527 1707 1584 docturi
1741 1542 1953 1590 sumus.
1999 1543 2094 1585 os-

491 1619 978 1697 .tensuriquenon
1011 1626 1119 1674 tam
1177 1619 1354 1691 ipsius
1405 1613 1762 1689 Theophanis
1794 1624 1982 1675 errore
2037 1618 2092 1676 id

515 1713 745 1780 factum,
797 1729 960 1786 quam
1002 1717 1234 1785 receptae
1284 1731 1381 1784 per
1437 1714 1756 1769 universum
1807 1710 2088 1770 Orientem

511 1821 578 1861 ex
612 1820 714 1862 usu
753 1804 1138 1862 Alexandrinas
1173 1803 1434 1863 Ecclesia:
1466 1805 1846 1873 chrouotaxis,
1879 1807 1967 1864 cui
1998 1817 2094 1878 ap-
2125 1773 2170 1834 Β

512 1907 633 1954 tare
691 1914 750 1954 se
803 1908 999 1955 auctor
1030 1898 1306 1956 debuerit.
1351 1899 1450 1955 llic
1505 1909 1792 1957 tamenne
1841 1901 2098 1958 tenebras

513 1992 717 2048 multas
751 1991 1021 2056 oll'Undat,
1051 1990 1403 2065 Tchphanis
1430 1993 1838 2065 chronologiam
1876 1994 1945 2050 ad
1973 2010 2096 2052 εει-ε

513 2085 750 2156 vulgatae
775 2093 953 2143 annos
981 2085 1278 2160 aptaturis,
1317 2088 1456 2141 hanc
1489 2086 1931 2144 dissertationem
1975 2088 2095 2142 vui;

511 2195 640 2250 gare
666 2177 891 2248 placuit.

584 2274 672 2327 ll.
707 2271 1093 2328 Alexandrina:
1145 2287 1308 2344 porro
1366 2275 1481 2331 sive
1529 2274 1922 2332 ecclesiastica:
1972 2283 2094 2330 acra:

509 2359 896 2433 diil‘erentiam,
947 2383 1053 2422 tera
1107 2367 1420 2425 Graecorum
1469 2375 1566 2425 Seu
1616 2361 1986 2424 Romanorum
2040 2369 2093 2424 id

507 2469 595 2515 est
624 2457 1385 2530 Constantinopolilanorum,
1415 2462 1530 2534 ipse
1553 2465 1709 2518 nobis
1736 2463 2095 2534 TheOphanes

507 2550 750 2623 explicat
778 2551 844 2606 ad
878 2556 1187 2608 extremum
1213 2552 1455 2610 Zenonis
1501 2555 1849 2626 imperatoris
1879 2571 2086 2610 annum

508 2637 597 2698 his
628 2642 810 2698 ret-bis
841 2660 854 2697 :
898 2659 916 2694 ί
955 2641 1226 2698 Caeterum
1273 2659 1476 2710 annus,
1509 2660 1621 2714 quo
1645 2644 1792 2699 Zeno
1838 2650 2093 2699 mortuus

508 2744 594 2792 est
653 2741 709 2792 et
776 2736 1105 2794 Anastasius
1173 2734 1442 2808 imperare
1500 2737 1690 2809 erepit,
1756 2736 1824 2793 ab
1883 2737 2092 2792 Adamo

506 2845 540 2883 γ
565 2848 614 2883 ao
645 2843 928 2885 nccccxcu
962 2828 1105 2901 apud
1133 2828 1410 2887 llomanos
1439 2839 1769 2887 numera'ur
1791 2830 1913 2902 ;qui
1938 2831 2092 2898 juxta

507 2918 913 2988 diligentiorem
970 2929 1025 2977 et
1052 2924 1326 2978 veriorem
1378 2922 1869 2978 Alexandrinorum
1904 2925 2090 2978 ealcu-

511 3015 620 3067 lutn
657 3030 762 3066 νοο
806 3018 1196 3077 Dossenni",
1236 3030 1266 3069 a
1313 3012 1640 3070 Diocletiani
1689 3016 1920 3087 imperio
1957 3015 2086 3081 207,

2206 511 2287 568 sic
2338 511 2522 569 serius
2570 526 2736 581 quam
2771 525 2869 581 par
2915 519 3001 564 est
3039 508 3441 564 Diocletianum
3484 511 3554 564 ab
3609 525 3677 564 eo
3731 512 3788 566 in

2205 604 2495 675 imperium
2536 602 2748 660 induci.
2784 601 2922 658 Cum
2953 601 3099 657 enim
3149 600 3468 657 Graecorum
3520 616 3704 658 annus
3757 617 3789 658 a

2206 689 2518 765 Septembri
2553 711 2746 751 mense
2794 711 2956 751 suum
2996 700 3178 750 sumat
3209 693 3522 756 exordium,
3569 701 3626 750 et
3672 703 3788 750 tum

2202 805 2267 845 ex
2298 789 2419 844 aliis
2451 788 2788 852 auctoribus,
2825 796 2938 842 tum
2982 802 3044 842 ex
3072 785 3372 854 Chronico,
3410 788 3556 858 quod
3589 796 3792 844 vocant

2203 879 2598 945 Alexandrino,
2627 880 2949 942 habeamus,
2993 898 3011 930 ‹
3044 877 3444 934 Diocletianum
3491 880 3791 950 imperato-

2204 989 2319 1030 rem
2353 973 2442 1039 15,
2473 971 2746 1030 Kalendas
2778 970 3066 1028 Oetrobris
3099 970 3452 1027 Chalcedone
3493 971 3785 1026 renuntia-

2203 1077 2337 1132 tum,
2367 1065 2706 1132 5,Kalendas
2729 1052 2985 1121 Octobris
3017 1063 3392 1121 Nicomediam
3418 1071 3786 1134 purpuratum

2203 1157 2520 1223 intravisse,
2576 1165 2631 1213 et
2690 1157 2953 1213 Kalendis
3012 1154 3261 1212 Januarii
3309 1156 3595 1211 consulum
3656 1169 3788 1227 pro-

2200 1251 2391 1320 diis'se,
2429 1269 2448 1303 ι
2496 1248 2723 1306 e‘videns
2750 1255 2834 1306 est
2883 1248 3088 1304 nullam
3141 1250 3272 1305 anui
3305 1247 3412 1303 276
3455 1255 3668 1318 partem
3720 1248 3789 1302 ad

2198 1344 2376 1416 ipsius
2405 1343 2695 1417 imperium
2729 1344 3084 1414 pertinuisse,
3126 1341 3233 1397 nisi
3264 1353 3438 1413 usque
3465 1341 3534 1394 ad
3587 1338 3791 1395 Kalen-

2197 1437 2298 1494 das
2319 1435 2569 1493 Januarii
2600 1433 2824 1493 differas
2852 1435 2983 1492 anni
3015 1434 3234 1492 initium
3267 1440 3560 1491 numerare
3587 1450 3601 1487 :
3634 1431 3786 1504 quod

2196 1536 2307 1586 non
2348 1528 2560 1585 iaciant
2592 1535 2850 1585 aucto‘res
2881 1543 2992 1584 uno
3017 1541 3164 1582 anno
3203 1524 3526 1581 Dio‘clstiani
3561 1524 3787 1579 initium

2197 1622 2609 1694 anticipandum
2641 1621 2978 1694 iudicantes.
3018 1620 3110 1676 sed
3143 1619 3253 1674 alio
3298 1619 3552 1674 nituntur
3580 1615 3789 1673 funda-

2198 1720 2406 1779 mento,
2442 1715 2691 1786 persuasi
2720 1714 2974 1771 videlicet
3011 1712 3272 1768 Palilibus
3315 1712 3489 1776 festis,
3536 1712 3590 1766 id
3623 1719 3715 1767 est
3754 1697 3788 1767 5

2199 1792 2328 1863 idus
2361 1799 2511 1869 Maii,
2539 1805 2689 1862 illum
2723 1821 2846 1864 esse
2871 1819 3130 1862 exorsum
3164 1821 3413 1876 regnare.
3440 1803 3643 1861 Verum
3681 1805 3790 1860 hoc

2197 1916 2362 1970 quam
2409 1908 2615 1956 temere
2646 1907 2990 1972 assumptum
3031 1897 3198 1955 fuerit
3231 1907 3296 1953 ex
3325 1897 3510 1954 Verbis
3562 1895 3788 1953 Claudii

2197 1991 2510 2052 Mamertini
2542 1995 2598 2050 in
2632 1995 2919 2061 chronico,
2948 1994 3002 2048 in
3035 1993 3202 2049 alium
3231 2000 3460 2065 prorsus
3491 2005 3654 2061 quam
3700 2006 3790 2045 re-

2194 2097 2325 2146 sera
2360 2088 2600 2144 habeant
2648 2103 2873 2144 sensum
2909 2087 3167 2151 detortis,
3226 2084 3465 2142 dilucide
3521 2082 3790 2140 Petavius

2195 2188 2386 2236 noster
2428 2179 2670 2236 ostendit
2703 2181 2795 2235 lib.
2830 2196 2870 2235 ιι
2905 2177 2984 2234 De
3021 2177 3268 2234 doctrina
3322 2187 3614 2245 temporum
3650 2191 3786 2246 cap.

2195 2275 2287 2343 30,
2322 2278 2556 2346 ingenue
2605 2279 2929 2338 retractans,
2957 2287 3079 2344 quae
3110 2272 3246 2328 alias
3274 2286 3337 2327 ex
3374 2272 3705 2334 inveterata,
3727 2279 3789 2326 ut

2196 2369 2291 2432 ait,
2351 2364 2815 2438 chronologorum
2857 2367 3133 2423 sententia
3175 2365 3498 2435 scripserat.
3542 2362 3788 2419 Eosdem

2195 2469 2376 2515 autem
2428 2471 2655 2530 prorsus
2693 2459 2825 2514 nihil
2873 2465 3054 2530 potest
3093 2455 3286 2529 iuvare
3335 2457 3394 2512 ll
3453 2456 3789 2513 Consulatus

2195 2548 2522 2606 Diocletiani
2558 2564 2681 2604 cum
2719 2550 2774 2604 ll
2806 2557 2952 2604 anno
2995 2547 3292 2604 tribunitiae
3313 2588 3327 2612 ,
3353 2547 3405 2601 id
3429 2556 3511 2604 est
3542 2547 3790 2624 impera-

2197 2645 2352 2699 toriae
2381 2644 2695 2715 potestatis,
2735 2643 2790 2697 iu
2835 2641 3166 2711 quibusdam
3196 2639 3471 2711 lapidibus
3503 2637 3791 2710 composi-

2196 2749 2303 2793 tus.
2331 2736 2492 2791 Aliud
2525 2736 2669 2791 enim
2705 2745 2788 2790 est
2815 2735 3100 2805 utriusque
3129 2733 3343 2787 initium
3371 2736 3385 2786 ὲ
3429 2740 3484 2787 et
3511 2739 3641 2787 eum
3681 2730 3790 2784 hoc

2195 2829 2399 2900 optime
2424 2836 2641 2886 constat
2669 2830 2816 2901 quod
2848 2829 2992 2883 hunc
3023 2825 3373 2883 consulatum
3401 2822 3600 2880 adierit
3632 2837 3789 2878 anno

2196 2923 2413 2994 imperii
2467 2922 2550 2979 sui
2607 2922 2807 2994 primo,
2839 2930 2892 2976 et
2940 2919 3064 2976 ideo
3118 2925 3264 2974 recte
3312 2932 3331 2968 t
3370 2931 3399 2970 a
3457 2913 3788 2971 consulibus

2195 3012 2536 3071 Diocletiano
2580 3014 2639 3067 tl
2679 3021 2732 3069 et
2779 3011 3098 3068 Aristobulo
3149 3007 3395 3080 ejusdem
3448 3005 3787 3061 Diocletiani

508 3123 538 3161 a
584 3109 768 3163 ditina
819 3109 1203 3165 incarnatione
1229 3107 1356 3176 485,
1394 3109 1692 3166 indictione
1726 3109 1814 3176 Η,
1846 3122 2085 3167 nctatur.
2114 3135 2158 3197 ρ
2196 3109 2321 3163 anni
2349 3110 2415 3162 ad
2444 3107 2653 3163 Pascha
2685 3104 3055 3159 ordinandum
3101 3102 3296 3174 digesti
3334 3105 3486 3163 sunt,
3525 3119 3546 3152 ι
3580 3115 3787 3170 quem-

514 3199 620 3267 Qui
658 3215 840 3258 anuus
899 3211 1024 3258 cum
1071 3202 1209 3258 citra
1237 3202 1464 3259 dubium
1494 3203 1663 3258 ullum
1699 3202 1859 3259 fuerit
1895 3203 2086 3273 vulga—

507 3293 586 3348 ris
611 3309 734 3349 acra:
761 3291 887 3357 491,
914 3295 1123 3366 liquido
1149 3305 1375 3367 apparet
1401 3296 1823 3358 Alexandrinos.
1853 3297 1907 3351 in
1933 3306 2092 3352 mun-

508 3386 670 3441 danis
691 3386 912 3457 quidem
945 3381 1185 3443 sedecim
1222 3404 1396 3444 annos
1432 3388 1721 3459 pauciores
1745 3395 2087 3454 numerasse,

507 3495 631 3535 aera:
687 3477 873 3534 autem
932 3479 1262 3535 Christianae
1317 3497 1495 3537 annos
1550 3481 1858 3536 detraxisse
1915 3485 2086 3535 octo:

490 3567 676 3643 'idque
707 3571 1102 3628 eorumodioris
1140 3575 1551 3645 supputationis
1583 3590 1774 3637 causa,
1817 3585 1873 3627 ut
1922 3589 2089 3644 appa-

511 3675 614 3732 ret,
674 3676 785 3737 quo
827 3674 942 3721 tnto
999 3682 1109 3721 uno
1141 3667 1343 3723 sacculo
1377 3668 1647 3722 unitatutn
1705 3684 1768 3720 ac
1821 3667 2087 3724 dccadum

507 3759 725 3813 numeri
749 3760 1038 3828 aiqualitcr
1062 3760 1421 3830 procederent
1445 3761 1498 3815 in
1521 3761 1876 3817 recensendis
1901 3760 2088 3815 mundi

509 3849 828 3921 Christique
863 3850 1047 3908 annis.
1101 3844 1254 3907 "huc
1316 3851 1485 3922 igitur
1535 3853 1809 3908 calculum
1869 3863 2091 3908 secutus

453 3990 455 3992 .
508 3942 895 4016 TheOpbancs,
916 3954 972 4002 et
999 3945 1494 4018 chronOgraphiam
1523 3953 1552 4002 a
1579 3943 1810 4019 Georgio
1837 3945 2091 4019 Syncello

512 4051 688 4108 usque
718 4037 784 4093 ad
824 4038 1153 4095 Diocletiani
1186 4038 1506 4111 perductam
1567 4037 1722 4094 initia
1769 4055 1936 4110 porro
1965 4055 2088 4112 per-

508 4135 785 4197 tenui-us,
814 4132 1054 4204 primum
1085 4132 1219 4187 dicti
1253 4131 1606 4204 imperatoris
1634 4137 1838 4188 annum
1869 4147 2093 4204 compo-

509 4221 621 4275 suit
649 4222 773 4276 cum
807 4236 952 4276 anno
971 4219 1176 4278 Christi
1203 4207 1331 4288 277,
1367 4222 1460 4292 qui
1493 4221 1675 4286 nobis,
1708 4220 1973 4276 oetennio
2003 4218 2093 4274 ad-

510 4309 649 4378 dito;
685 4318 772 4367 est
822 4309 953 4378 285,
1008 4314 1175 4383 atque
1214 4312 1288 4366 ita
1323 4312 1490 4368 tacite
1551 4312 1792 4367 cur-rexit
1844 4317 2087 4366 errorem

507 4403 756 4460 auctoris
782 4405 893 4471 sui,
915 4419 1119 4460 annum
1141 4387 1248 4460 2·ῖὸ
1271 4408 1394 4460 ante
1421 4403 1825 4471 Alexandrinae;
1853 4405 2087 4474 primum

2195 3201 2491 3255 admodum
2553 3199 2608 3254 in
2643 3198 2800 3254 lastis
2837 3193 3464 3266 Constantinupnlitanis
3519 3207 3789 3261 expresse

2193 3295 2418 3350 dicitur.

2267 3390 2354 3445 l5.
2403 3386 3058 3458 Constantinopolitants,
3105 3393 3348 3455 Inquam,
3395 3381 3521 3435 licet
3570 3380 3786 3434 noriorl

2187 3484 2300 3553 jam
2357 3484 2580 3538 nomine
2643 3481 2944 3537 Chronicon
3005 3474 3438 3534 Alexandrinum
3488 3481 3783 3538 vocentur,

2192 3591 2254 3630 ex
2301 3575 2560 3645 Opinione
2599 3572 2799 3629 Baderi
2851 3571 3026 3628 nostri
3069 3570 3288 3626 eosdem
3332 3563 3520 3625 Crtece
3549 3563 3782 3620 Latine-

2195 3679 2300 3738 que
2327 3667 2579 3722 edentis:
2618 3680 2783 3738 quam
2833 3672 2887 3720 et
2939 3679 3038 3720 nos
3089 3662 3509 3734 appellationem
3555 3660 3639 3732 (ut
3691 3673 3783 3714 re-

2194 3760 2353 3831 cepto
2387 3759 2694 3814 serviamus
2743 3756 2892 3826 usui)
2944 3754 3204 3811 libentius
3238 3766 3590 3822 usurpamus.
3625 3749 3784 3805 Satis

2195 3850 2340 3909 enim
2368 3867 2494 3909 esse
2522 3859 2702 3923 potest
2731 3847 3005 3906 eruditum
3037 3849 3294 3903 lectorem
3337 3843 3424 3900 hic
3464 3844 3783 3910 monuisse,

2194 3946 2340 4018 quod
2405 3946 2707 4002 chronieon
2756 3942 2888 3999 ilhtd
2930 3953 3123 3997 revera
3175 3939 3310 3994 nihil
3365 3939 3549 3994 minus
3603 3953 3781 4009 quam

2195 4030 2630 4091 Alexandrinum
2665 4033 2775 4101 sit;
2811 4033 3014 4104 quippe
3055 4027 3201 4102 quod
3231 4028 3369 4084 nihil
3417 4028 3615 4084 habeat
3649 4039 3781 4084 cum

2193 4125 2684 4184 Alexandrinarum
2749 4123 3053 4182 rationibus
3100 4138 3407 4180 commune.
3449 4120 3568 4177 Non
3620 4136 3786 4178 mens

2196 4225 2382 4289 sium,
2442 4232 2553 4278 non
2605 4221 2816 4276 dierum
2872 4218 3126 4284 numina,
3187 4221 3309 4289 quae
3380 4214 3782 4272 Alexandrinis

2196 4304 2529 4388 Egyptiaca
2548 4321 2706 4369 erant
2732 4311 2939 4376 omnia,
2969 4311 3233 4368 Chronico
3273 4309 3452 4364 autem
3488 4307 3617 4362 huic
3648 4323 3782 4378 par-

2195 4412 2290 4466 tim
2326 4411 2512 4468 Graaca
2540 4412 2735 4483 partim
2754 4399 2946 4465 Latina
2963 4416 3111 4474 sunt,
3130 4417 3190 4463 ut
3213 4405 3470 4461 Kalendae
3497 4405 3643 4470 idus,
3661 4414 3778 4460 etc.

509 4478 837 4552 blecl‘etiani
866 4495 1143 4552 facientis.
1182 4495 1395 4552 Etenim
1452 4496 1540 4552 hic
1592 4493 1889 4550 Alexandri
1926 4490 2090 4548 Mam—
2125 4507 2165 4562 ί)
2198 4499 2318 4554 Non
2377 4478 2590 4555 initium
2645 4499 2797 4563 anni,
2824 4496 2969 4569 quod
3022 4494 3407 4552 Alexandrinis
3464 4492 3706 4550 sumitur
3746 4508 3778 4547 a

512 4594 650 4644 mea:
683 4601 857 4645 annos
889 4588 1151 4645 tredecim
1183 4597 1332 4644 recte
1363 4589 1418 4644 in
1456 4602 1601 4643 anno
1639 4587 1771 4655 2l5,
1800 4587 1893 4660 qui
1927 4587 2086 4642 nobis

510 4681 618 4737 223
663 4679 790 4746 luit,
834 4680 1165 4748 exordiens,
1220 4682 1403 4738 minus
1448 4685 1594 4737 recte
1636 4681 1813 4738 eidem
1864 4681 2089 4736 dederat

510 4788 891 4833 successorem
944 4774 1326 4839 Maximinum,-
1388 4790 1534 4831 anno
1578 4774 1708 4843 228,
1745 4775 1839 4846 qui
1890 4773 2088 4847 fuisset

509 4869 754 4941 vulgaris
781 4881 907 4926 atra:
958 4868 1084 4934 256,
1116 4882 1239 4924 cum
1297 4870 1503 4924 dictum
1555 4865 1925 4923 Alexandrum
1954 4881 2088 4921 con.

504 4969 619 5018 stet
653 4961 788 5031 solis
818 4969 1012 5019 novem
1045 4961 1241 5018 diebus
1283 4962 1424 5016 ultra
1476 4961 1735 5015 tredecim
1777 4973 1952 5015 annos
2000 4968 2086 5014 re-

513 5060 741 5123 gnasSe,
770 5060 935 5123 atque
965 5059 1104 5110 adeo
1133 5055 1311 5124 pridie
1335 5054 1519 5109 Nonas
1554 5053 1777 5106 Martias
1817 5052 2088 5107 acclama-

511 5141 651 5215 l'tt'm,
670 5147 807 5218 ipsis
829 5145 1014 5202 ldibus
1040 5146 1282 5203 obiisse:
1310 5155 1369 5202 ttt
1391 5149 1733 5214 consequens
1759 5146 1829 5201 sit
1849 5145 2085 5214 primum

507 5233 795 5293 Maximini
838 5249 1040 5292 annum
1090 5238 1256 5293 statui
1307 5238 1565 5294 debuisse
1591 5237 1715 5303 227,
1747 5245 1800 5291 et
1847 5236 2087 5308 reliquos

510 5331 774 5401 deinceps
831 5336 1007 5388 annos
1039 5345 1068 5386 a
1103 5328 1337 5403 Georgio
1385 5336 1722 5395 utInter-stos,
1751 5329 1849 5384 tali
1900 5344 2088 5386 errore

507 5425 679 5482 semel
704 5425 910 5496 posito,
961 5437 1291 5483 exeresce‘re
1335 5440 1500 5497 supra
1560 5440 1846 5481 numerum
1873 5424 2086 5495 jusrum

504 5524 654 5573 anno
683 5529 810 5574 uno.

586 5611 676 5667 η.
710 5611 930 5684 Optime
958 5613 1126 5685 igitur
1163 5612 1292 5670 fecit
1331 5601 1692 5684 TheOphanes
1725 5612 1870 5684 quod
1920 5610 2092 5667 Geor-

511 5707 686 5778 gianze
713 5707 1171 5778 chronographiae
1212 5707 1547 5779 superﬂuum
1574 5708 1736 5763 istum
1762 5715 1967 5761 annum
1997 5704 2091 5760 de-

512 5802 779 5858 traxerit:
813 5817 920 5857 non
972 5802 1100 5857 item
1140 5803 1196 5866 ii,
1233 5805 1322 5873 qui
1376 5804 1475 5873 ipsi
1523 5801 1844 5873 Theophani
1883 5815 2087 5856 annum

2192 4603 2383 4648 mense
2410 4592 2615 4658 Thoth,
2645 4592 2804 4663 cojus
2835 4593 3046 4663 primus
3094 4590 3211 4646 dies
3238 4587 3533 4659 respbndet
3557 4587 3629 4643 29
3661 4587 3776 4643 diu

2193 4686 2401 4742 mensis
2465 4685 2822 4758 Augustizin
2876 4685 3139 4741 chronico
3193 4691 3371 4737 autem
3425 4697 3454 4735 a
3509 4678 3779 4736 Kalendis

2189 4775 2433 4834 Januarii
2468 4776 2717 4834 Romano
2746 4789 2900 4833 more
2928 4778 3165 4832 ducitur.
3205 4771 3321 4829 Non
3359 4773 3487 4827 anni
3517 4773 3772 4840 titulum,

2192 4885 2354 4944 quem
2409 4856 2650 4944 Egyptii
2688 4887 2718 4927 a
2760 4866 2982 4944 regibus
3037 4866 3526 4938 imperatoribusve
3586 4881 3781 4922 δατηεά

2192 4964 2346 5032 bant,
2368 4963 2674 5020 Chronicon
2708 4971 2888 5020 autem
2918 4964 3086 5019 sumit
3117 4977 3147 5016 a
3179 4960 3496 5018 consulibus
3520 4975 3586 5014 ex
3618 4968 3779 5013 more

2193 5055 2461 5112 Romano.
2516 5042 2636 5111 Non
2682 5059 2845 5111 :e‘r‘am
2879 5055 3121 5122 Christi;
3165 5058 3329 5124 quam
3358 5051 3575 5123 qualem
3605 5065 3779 5106 usur-

2193 5152 2374 5220 parint
2408 5148 2762 5205 Alexandrini
2796 5148 2908 5218 jam
2945 5147 3203 5213 vidimus,
3255 5145 3556 5200 ehronieon
3583 5150 3774 5198 autem

2193 5257 2421 5314 prorsus
2470 5259 2578 5298 non
2627 5242 2869 5313 attingit,
2919 5238 3222 5309 procedens
3265 5228 3578 5294 Gmcorum
3614 5248 3778 5294 more

2191 5350 2288 5406 per
2309 5331 2686 5406 Olympiades,
2726 5331 2998 5405 Egyptiis
3032 5332 3084 5385 in
3113 5331 3276 5386 rebus
3309 5329 3541 5401 publicis
3577 5329 3777 5384 consi-

2192 5427 2424 5501 gnandis
2452 5428 2761 5483 inusitatas.
2795 5425 2866 5481 Ut
2897 5431 3075 5480 autent
3107 5442 3171 5480 ex
3204 5433 3354 5478 tanta
3380 5424 3774 5481 cbaracterum

2189 5521 2706 5594 chronologicorum
2751 5520 2818 5575 ab
2860 5519 3354 5574 Alexandrinorum
3402 5533 3504 5574 usu
3554 5517 3776 5573 discre-

2193 5615 2377 5684 pantia
2415 5611 2705 5668 manifeste
2738 5611 3088 5666 convincitur
3123 5609 3617 5666 Alexandrinorum
3655 5623 3774 5666 non

2191 5719 2334 5771 esse,
2368 5704 2419 5759 in
2451 5720 2561 5776 quo
2589 5705 2679 5760 illa
2711 5703 3003 5776 reperitur,
3033 5703 3108 5759 ita
3135 5719 3165 5759 e
3208 5717 3474 5759 converso
3500 5700 3776 5758 indubita-

2195 5807 2309 5854 tum
2349 5797 2563 5854 videtur
2591 5796 2719 5854 ferri
2752 5796 3022 5868 judicium
3059 5810 3240 5868 posse,
3269 5794 3569 5867 'pncdictos
3595 5793 3772 5850 lastos
