4038 6298
370 331 511 400 1173

1385 343 1559 405 con.
1602 345 2088 408 HENSCHENII
2115 325 2647 412 DIS-SERTATIO.

3493 352 3636 418 11Ἰὲ

356 445 846 520 Constantinopoli
880 461 979 504 seu
1005 445 1170 505 Nova
1201 447 1387 505 Roma
1408 453 1644 524 scriptos
1667 471 1807 524 csse,
1842 454 1938 511 ubi
1967 456 2014 516 Α
2044 456 2202 527 cujus
2229 460 2448 531 egregio
2481 459 2792 532 fatui-post
2827 471 2948 516 auc
2968 459 3081 516 oris
3114 469 3342 518 mortem
3363 464 3641 522 iur-lucentl

363 541 420 595 in
468 556 567 597 usu
615 541 827 612 vulgari
865 543 970 599 ista
1008 556 1165 600 erant
1194 537 1400 614 omnia,
1439 563 1634 619 magna
1673 558 1826 621 parte
1879 567 1946 606 ex

364 635 533 690 veteri
566 632 736 690 Roma
771 637 901 692 illuc
928 639 1176 695 traducta
1212 641 1373 696 simul
1400 657 1523 696 cum
1549 642 1765 714 imperii
1789 645 1941 710 sede;

361 743 473 786 non
502 728 628 784 item
655 729 712 784 in
760 730 971 802 reliqua
1018 731 1252 800 Gracia,
1292 750 1322 789 a
1377 735 1588 793 Latinis
1627 738 1945 793 nominibus

361 826 537 896 magis
568 824 903 881 abstinente.
939 826 1087 884 Istud
1122 842 1252 884 vero
1281 829 1520 886 maxime
1553 847 1617 887 ex
1651 833 1945 902 postremis

335 916 606 986 praedicti
636 916 897 975 Chronici
927 920 1088 976 annis
1118 921 1312 992 liquet,
1348 923 1550 994 quibus
1589 935 1696 979 tam
1734 926 1946 996 prolixe

357 1006 746 1066 describuntur
770 1010 908 1067 Acta
934 1014 1059 1068 boni
1094 1011 1362 1085 Magistri,
1394 1016 1449 1071 in
1476 1019 1676 1088 templo
1703 1017 1944 1073 Studita-

358 1116 482 1158 rum
525 1101 1008 1177 Constantinopoli
1058 1109 1258 1179 sepulti
1301 1125 1448 1165 anno
1485 1110 1718 1166 licraclii
1753 1113 1838 1178 l7,
1876 1112 1946 1168 ab

357 1197 482 1252 aliis
508 1196 793 1256 historicis
825 1199 909 1254 vix
943 1200 1138 1258 leviter
1162 1210 1342 1270 tacta;
1373 1209 1430 1258 ut
1458 1219 1568 1259 non
1602 1212 1813 1260 tantum
1838 1205 1941 1260 ibi-

355 1285 482 1342 dem
504 1287 799 1359 scripsisse
827 1300 1132 1356 auctorem,
1175 1292 1271 1350 sed
1304 1300 1358 1350 et
1396 1309 1462 1350 ex
1496 1295 1727 1351 Studitis
1767 1310 1935 1351 unum

355 1377 545 1446 fuisse,
561 1380 722 1437 nobis
740 1390 997 1454 appareat
1015 1384 1510 1444 verosimillimum.
1527 1388 1630 1445 Ast
1648 1389 1945 1460 pratigitur

352 1472 656 1528 cbronicon
685 1472 829 1540 hac,
883 1490 1008 1542 qua
1034 1478 1286 1548 sequitur
1322 1493 1520 1550 gnome
1553 1481 1760 1552 Πέτρος
1787 1479 1942 1534 Ἀλε-

357 1562 666 1636 ξανδρείας.
739 1585 758 1618 ι
820 1566 962 1622 Hinc
1006 1567 1265 1640 deinceps
1316 1586 1587 1628 annorum
1634 1573 1703 1629 ab
1736 1573 1945 1629 Adamo

334 1659 696 1730 protoplasto
747 1661 865 1718 sive
917 1662 986 1717 ab
1037 1663 1185 1719 orbis
1215 1665 1424 1722 conditi
1470 1667 1700 1723 exordio
1733 1683 1943 1725 summa

352 1757 661 1828 colligenda
712 1768 818 1826 est,
887 1762 1339 1834 respondentium
1398 1762 1674 1834 inspirata
1737 1779 1766 1818 a
1821 1763 1933 1821 Deo

2047 547 2401 618 producendo
2439 551 2683 607 intentus
2733 550 3110 608 Cambelisius
3135 593 3148 616 ,
3186 552 3358 608 Notas
3385 584 3389 588 η
3416 554 3645 612 addidit

2046 641 2400 707 posteriores.
2471 639 2660 711 itaque
2689 642 2910 697 omissis
2943 643 3009 699 iis
3050 656 3188 710 quos
3220 644 3323 713 ipsi
3370 644 3631 703 obaervae

2047 737 2178 784 runt
2229 740 2282 786 et
2330 741 2692 788 correxerunt
2745 735 2800 788 in
2848 733 3189 806 Theophane
3233 737 3534 806 erroribus,
3575 746 3647 795 et;

2045 822 2462 882 difﬁcultatibus
2492 841 2630 896 quas
2687 827 2985 897 attigerunt
3045 829 3468 898 prater-missis,
3520 831 3654 887 duo»

2048 925 2260 972 tantum
2295 917 2383 972 hic
2438 927 2638 989 puncta
2686 921 3038 981 notabimus:
3078 936 3187 975 non
3229 927 3339 973 tam
3393 923 3518 991 quia
3562 923 3630 976 ab

2045 1010 2182 1080 ipsis
2211 1010 2312 1064 levi
2339 1011 2502 1066 nimis
2528 1026 2691 1066 manu
2721 1020 2947 1068 tractata
2983 1030 3081 1069 nec
3107 1000 3426 1072 satis'l‘terc
3457 1015 3654 1084 expli-r-

2045 1111 2165 1160 cata
2193 1144 2207 1168 ,
2249 1120 2412 1175 quam
2438 1105 2567 1175 quia
2603 1106 2669 1161 ad
2703 1106 2975 1177 plurimos
3003 1113 3413 1178 consequenter
3452 1123 3628 1163 annos

2045 1195 2370 1265 spectantia,
2409 1203 2575 1252 totam
2635 1193 2988 1268 Theophanis
3040 1198 3452 1271 chronologiam
3531 1198 3648 1253 ob—-

2044 1287 2421 1344 scurissimam
2457 1289 2714 1353 reddunt,
2739 1299 2793 1346 et
2817 1290 2885 1344 ad
2923 1305 3044 1347 ara
3079 1291 3322 1363 vulgaris
3359 1307 3644 1349 numeros-

2045 1381 2218 1453 ipsius
2253 1383 2495 1439 calculos
2535 1392 2727 1455 aptare
2759 1384 3090 1448 volentibus,
3134 1385 3489 1444 incredibiles
3525 1402 3620 1459 pa.

2046 1476 2196 1531 riunt
2223 1476 2540 1532 molestias:
2571 1492 2710 1547 quas
2735 1492 2837 1533 nos
2869 1478 3202 1546 experiendo
3232 1478 3434 1548 edocti,
3470 1481 3619 1553 quod
3673 1499 3679 1505 '

2043 1567 2115 1623 iis
2184 1569 2528 1628 cmolliendis
2584 1570 2742 1628 nobis
2794 1573 3047 1643 privatim
3101 1588 3636 1646 comparaveramus

2044 1661 2345 1718 remedium
2375 1703 2392 1730 ,
2423 1663 2658 1720 libenter
2694 1664 2748 1719 in
2793 1664 3072 1736 publicum
3105 1666 3214 1723 hic
3260 1666 3616 1728 conferimus.

2044 1751 2140 1808 Est
2172 1761 2354 1810 autem
2391 1754 2495 1811 hoc
2529 1757 2583 1811 in
2614 1773 2679 1813 eo
2715 1759 2901 1825 situm,
2959 1768 3016 1813 ut
3065 1762 3361 1818 occasione
3404 1775 3620 1820 exerra-

354 1850 662 1923 Scriptura
709 1861 767 1910 et
803 1829 998 1910 sancte
1038 1855 1306 1913 institutis
1352 1871 1449 1927 per
1487 1829 1709 1914 divinos
1741 1856 1931 1916 Patres

2039 1845 2202 1902 tionis
2227 1845 2463 1912 detecta,
2503 1857 2558 1904 et
2589 1849 2811 1907 statutis
2839 1850 3015 1906 eidem
3041 1851 3310 1924 utrinque
3346 1854 3616 1921 terminis,

351 1944 595 2012 atquein
630 1944 873 2003 Ecclesia
898 1945 1183 2004 Catholica
1219 1955 1365 2004 recte
1400 1949 1693 2006 celebratis
1725 1949 1934 2006 festivi-

352 2039 581 2094 tatibus.
621 2056 640 2091 ι
679 2037 810 2094 Item
843 2039 910 2095 de
960 2041 1115 2110 Agno
1163 2041 1346 2113 typico
1377 2050 1432 2097 et
1461 2038 1816 2099 Paschalibus
1847 2053 1934 2099 at-

329 2143 464 2198 -que
500 2144 564 2185 ex
601 2128 910 2185 matheseos
945 2131 1256 2186 rationibus
1292 2130 1611 2202 frequenter
1642 2133 1930 2204 disputat:

349 2219 709 2276 Alexandrini
746 2233 927 2278 autem
957 2223 1200 2295 episcopi
1230 2225 1408 2280 scitur
1439 2240 1638 2282 munus
1659 2226 1848 2290 fuisse,
1876 2235 1936 2281 ut

349 2312 594 2369 deiinitis
625 2321 882 2371 accurate
915 2315 1048 2370 solis
1083 2302 1319 2372 ac'luna
1354 2317 1545 2390 cyclis,
1590 2314 1802 2373 Pascha
1833 2320 1934 2374 toti

333 2401 472 2458 .orbi
519 2402 859 2472 Christiano,
894 2421 1004 2476 quo
1037 2406 1126 2462 die
1167 2417 1313 2463 esset
1344 2409 1758 2474 celebrandum,
1791 2393 1938 2466 indi:-

350 2504 523 2553 caret.
584 2495 726 2564 Quid
759 2508 941 2554 autem
977 2509 1116 2566 tum,
1169 2503 1213 2557 si
1235 2518 1302 2557 eo
1328 2519 1437 2558 non
1469 2504 1749 2565 obstante.
1784 2504 1933 2577 Cycli

349 2589 636 2646 Paschalis
695 2591 936 2649 rationes
991 2603 1312 2664 perspectas
1368 2595 1571 2652 habere
1623 2596 1936 2652 studuerint

355 2680 593 2738 lleraclii
652 2698 768 2740 avo
828 2699 1022 2748 omnes
1065 2687 1158 2757 qui
1205 2687 1352 2744 docti
1402 2687 1700 2759 cupiebant
1745 2688 1934 2744 haberi

351 2774 497 2843 apud
524 2773 790 2833 Latinos?
826 2775 1039 2834 Gnome
1067 2786 1249 2836 autem
1283 2780 1591 2838 istiusmodi
1628 2797 1738 2836 non
1762 2782 1934 2853 magis

350 2866 556 2923 indicat
600 2880 881 2926 auctorem
937 2870 1110 2928 fuisse
1139 2873 1317 2943 patria
1354 2873 1810 2941 Alexandrinum,
1837 2889 1935 2931 ue-

349 2958 479 3012 dum
516 2959 672 3015 urbis
709 2961 857 3018 illius
889 2962 1206 3034 episcOpum
1240 2962 1500 3034 aliquem,
1536 2981 1698 3035 quam
1739 2965 1933 3022 similis

335 3051 458 3106 alia
480 3067 545 3108 ex
583 3053 800 3110 Eusebii
832 3054 1214 3123 Casariensis,
1249 3058 1333 3112 vel
1373 3057 1664 3128 scriptoris
1701 3059 1932 3116 alterius

349 3146 622 3216 opusculo
682 3149 767 3204 vel
815 3148 1047 3220 epistola
1101 3150 1358 3220 quapiam
1417 3157 1642 3221 accepta
1693 3160 1748 3205 et
1788 3151 1928 3207 libro

351 3236 598 3308 pralixa,
650 3237 952 3295 Eusebium
985 3249 1084 3295 aut
1118 3240 1300 3310 ipsum
1335 3241 1498 3313 cujus
1527 3256 1590 3296 ea
1623 3251 1770 3298 esset
1797 3258 1932 3314 gno-

353 3346 438 3387 me
480 3338 761 3388 auctorem
797 3334 1078 3404 probaret.
1129 3331 1322 3403 itaque
1354 3333 1501 3389 baud
1537 3334 1700 3405 paulo
1730 3335 1934 3390 rectius

353 3423 656 3482 Panuinius
687 3426 892 3497 aliique
922 3429 1194 3494 fecerunt,
1225 3427 1320 3498 qui
1356 3427 1564 3484 dictum
1595 3427 1930 3496 Chronicon,

349 3519 508 3590 prius
542 3519 596 3574 in
637 3517 823 3576 Sicilia
858 3529 1142 3586 repertum
1174 3537 1334 3592 quam
1363 3519 1496 3577 illud
1520 3538 1585 3576 ex
1614 3523 1934 3595 Augustano

353 3629 461 3669 ms.
496 3607 745 3670 Baderus
778 3613 996 3686 plenius
1022 3615 1447 3685 accuratiusque
1473 3615 1743 3687 vulgaret,
1778 3633 1796 3668 ι
1832 3614 1936 3670 Fa-

352 3717 470 3763 stos
522 3705 740 3764 Siculos
773 3728 792 3761 ι
863 3724 1287 3778 nuncupavere,
1339 3727 1462 3766 cum
1518 3727 1620 3766 usu
1661 3709 1735 3768 sit
1791 3711 1936 3768 inter

351 3800 611 3858 eruditos
639 3809 921 3873 receptum
977 3801 1159 3874 (quem
1194 3810 1249 3859 et
1289 3817 1389 3858 nos
1421 3804 1476 3857 in
1501 3803 1932 3875 martyrologio-

353 3909 476 3949 runt
516 3894 870 3964 antiquorum
911 3896 1198 3967 sequimur
1249 3896 1687 3961 nomenclatura,
1718 3897 1934 3967 quoties

355 3990 675 4058 ignoramus
709 3989 778 4046 ad
808 3989 968 4058 cujus
1004 3990 1265 4047 Ecclesia
1299 4004 1455 4045 usum
1495 3973 1772 4062 descripta
1813 3989 1934 4048 fue-

354 4081 488 4151 rint)
517 4089 578 4137 ut
607 4095 742 4137 mss.
789 4080 1084 4137 codicibus
1121 4096 1319 4136 nomen
1374 4081 1466 4136 ﬁat
1499 4097 1530 4136 a
1578 4082 1701 4136 loco
1738 4083 1792 4137 in
1822 4099 1934 4153 quo

353 4174 557 4247 reperti
608 4182 759 4244 sunt,
799 4176 881 4230 vel
936 4175 1006 4232 ab
1035 4190 1098 4231 eo
1142 4176 1234 4247 qui
1277 4175 1401 4231 illos
1460 4175 1712 4247 proprios
1742 4176 1797 4232 in
1833 4191 1932 4233 sua

355 4266 602 4339 possidet
630 4268 988 4324 bibliotheca.

960 4397 1189 4456 CAPUT
1240 4399 1332 4456 ΙΙΙ.

356 4511 590 4583 Βε”(ιτιηο
623 4509 922 4583 Constantii
945 4521 993 4565 et
1013 4509 1216 4583 Cetarii
1232 4511 1656 4583 corregnantium
1673 4519 1724 4564 et
1746 4510 1930 4583 quinto

433 4582 624 4639 Phocea
657 4584 707 4636 in
739 4580 1066 4651 Theophanis
1083 4580 1511 4653 Chronogrdpltia
1543 4582 1844 4653 praeteritis,
1870 4599 1930 4636 ac

427 4657 634 4709 demum
661 4666 779 4720 post
825 4655 1058 4722 plurium
1101 4652 1359 4706 annorum
1395 4654 1607 4722 seriem,
1666 4652 1734 4706 ad
1786 4652 1936 4707 lacu-

428 4743 554 4781 nam
609 4720 945 4796 explendam.
1000 4722 1222 4796 Juliano
1283 4732 1330 4796 et
1376 4720 1712 4794 C-opronymo
1774 4739 1938 4795 supra

423 4799 632 4868 justum
670 4793 870 4866 tempus
901 4811 1081 4851 eorum
1115 4793 1359 4864 adjectis.

431 4915 518 4972 M.
549 4915 842 4983 Postquam
861 4913 929 4966 ab
962 4910 1192 4968 infinitis
1221 4909 1610 4981 prepemodum
1632 4909 1938 4978 erroribus,

363 5025 504 5080 quos
527 5008 895 5064 vitiosissima
935 5006 1134 5061 tabula:
1171 5004 1493 5074 Theophani
1545 5004 1938 5075 impingebant,

362 5100 770 5175 diligentissimi
832 5100 1076 5154 auctoris
1145 5113 1344 5153 nomen
1399 5097 1829 5165 viudicavimus,
1884 5105 1941 5152 et

351 5209 594 5269 prorsus
623 5196 876 5266 indignas
910 5211 1034 5251 esse
1071 5193 1438 5260 ostendimus,
1479 5210 1600 5265 qua
1621 5211 1746 5252 cum
1776 5196 1939 5252 chro-

361 5287 663 5361 nographia
689 5285 810 5358 ejus
837 5285 1303 5342 circumferantur
1327 5326 1343 5352 ,
1380 5301 1490 5341 non
1525 5285 1628 5342 hoc
1667 5287 1935 5357 agendum

359 5380 522 5446 nobis
572 5386 852 5450 putamus,
907 5385 967 5430 ut
1007 5377 1221 5448 singula
1245 5377 1369 5448 ejus
1397 5377 1581 5447 capita
1615 5392 1938 5434 revocemus

361 5472 428 5527 ad
481 5485 711 5528 examen
734 5511 750 5535 ,
780 5478 836 5526 et
863 5470 1198 5541 quandoque
1226 5478 1598 5535 exerrantem,
1649 5471 1794 5542 quod
1837 5471 1941 5528 bu‘

363 5581 585 5623 manum
618 5573 727 5632 est,
757 5580 824 5620 ex
849 5563 972 5621 aliis
1009 5564 1340 5622 certioribus
1369 5579 1534 5635 quam
1566 5581 1688 5634 qua
1710 5566 1830 5636 ipse
1860 5565 1942 5620 vi-

363 5659 446 5715 dit
476 5657 848 5719 monumentis
891 5672 956 5713 ac
1006 5659 1271 5728 temporis
1309 5656 1560 5727 signandi
1605 5657 1943 5714 characteri-

367 5753 494 5820 bus,
529 5764 854 5809 revocemus
879 5752 933 5807 in
966 5751 1134 5808 viam.
1168 5749 1435 5806 Prastitit
1464 5749 1566 5805 hoc
1597 5765 1793 5822 magno
1824 5759 1945 5808 stu-

368 5846 459 5902 dio
511 5854 566 5903 et
602 5844 788 5901 labore
839 5824 1109 5916 interpres
1144 5845 1264 5916 ejus
1295 5843 1722 5915 pranominatus
1759 5844 1940 5910 Goar;

1957 3192 2004 3258 C

2037 1937 2301 1995 doceatur
2340 1941 2534 2008 lector,
2573 1957 2636 1998 eo
2673 1943 2821 2012 quod
2865 1943 3010 1999 inter
3049 1943 3229 2016 Magni
3264 1944 3616 2003 Constantini

2036 2042 2089 2087 et
2114 2029 2332 2088 Joviani
2367 2033 2715 2104 imperatoris
2747 2038 2970 2095 exordia
3000 2037 3155 2094 ﬂuxit
3187 2040 3387 2112 spatio,
3421 2057 3614 2097 novem

2037 2137 2307 2179 annorum
2340 2123 2703 2182 dilierentiam
2751 2128 2895 2185 inter
2921 2130 3199 2202 vulgarem
3234 2147 3395 2187 aram
3423 2146 3618 2187 aram-

2038 2230 2145 2285 que
2167 2216 2592 2274 Alexandrinam
2623 2235 2748 2276 esse
2774 2221 3212 2293 concipiendam,
3243 2231 3302 2280 ut
3332 2225 3449 2281 suis
3475 2239 3618 2295 qua-

2036 2323 2144 2375 que
2191 2316 2451 2379 aptentur
2507 2312 2891 2382 temporibus:
2952 2321 3007 2370 et
3066 2323 3285 2371 rursum
3342 2317 3410 2373 ab
3470 2333 3616 2374 anno

2036 2395 2237 2454 Phoca
2288 2409 2486 2470 quarto
2536 2417 2708 2474 usque
2761 2404 2827 2460 ad
2884 2404 3228 2462 Constantini
3283 2408 3614 2482 Copronymi

2037 2500 2311 2548 mortem:
2355 2508 2481 2549 eum
2512 2494 2648 2551 alias
2684 2499 3069 2566 communiter,
3119 2499 3264 2555 sicut
3314 2509 3472 2558 antea
3528 2501 3616 2558 di—

2037 2594 2185 2640 ctum
2217 2595 2323 2654 est,
2377 2589 2480 2644 soli
2512 2597 2636 2644 octo
2666 2591 2795 2645 anni
2827 2590 2990 2663 adjici
3035 2592 3269 2649 debeant
3307 2594 3376 2650 ad
3418 2610 3616 2652 nume-

2037 2693 2158 2732 rum
2207 2694 2329 2735 ara
2366 2679 2777 2748 Alexandrina,
2823 2691 2884 2738 ut
2915 2698 3038 2738 cum
3072 2685 3280 2757 vulgari
3317 2701 3616 2759 compona-

2004 2791 2008 2794 ·
2037 2779 2148 2829 tur.
2198 2770 2510 2846 Utrumque
2539 2785 2720 2831 autem
2747 2785 2897 2833 tanto
2934 2777 3167 2834 facimus
3197 2779 3471 2846 libentius,
3504 2797 3615 2848 quo

2037 2866 2240 2923 certius
2272 2869 2561 2924 ostendere
2595 2884 2889 2940 possumus
2922 2880 3209 2941 postrema
3247 2873 3613 2932 exerrationis

2036 2962 2252 3032 culpam
2308 2977 2654 3032 nequaquam
2687 2978 2858 3033 pones
2906 2964 3293 3035 Theophanem
3348 2966 3612 3032 residere,

2038 3053 2132 3110 sed
2173 3069 2463 3110 commune
2494 3062 2625 3112 tunc
2648 3057 2851 3126 passim
2888 3057 3058 3112 fuisse
3096 3057 3354 3114 omnibus
3379 3059 3614 3114 Alexan-

2036 3143 2194 3198 drina
2227 3159 2338 3200 ara
2384 3146 2689 3213 utentibus,
2731 3157 2789 3202 ut
2823 3161 3000 3203 annos
3035 3149 3222 3205 mundi
3267 3149 3608 3221 Christique,

2039 3253 2148 3293 uno
2178 3254 2341 3307 quam
2384 3254 2483 3309 par
2511 3249 2633 3296 erat
2659 3242 2970 3311 pauciores,
3018 3257 3084 3297 eo
3127 3250 3373 3314 tempore
3417 3259 3614 3302 nume-

2036 3338 2242 3396 rarent,
2273 3339 2327 3385 ct
2359 3331 2439 3386 sic
2471 3331 2790 3387 imminutos
2819 3347 2944 3388 cum
2984 3347 3113 3388 vera
3141 3332 3440 3391 indictione
3467 3335 3614 3391 nibi—

2037 3421 2277 3477 lominus
2309 3431 2729 3490 componerent.

2109 3516 2196 3570 15.
2223 3517 2361 3572 Huic
2389 3516 2569 3572 simile
2597 3516 2805 3587 aliquid
2829 3517 3069 3574 etiamin
3108 3519 3284 3590 primo
3310 3536 3445 3578 casu
3471 3523 3615 3578 secis

2035 3609 2185 3666 disse
2227 3609 2495 3678 suspicari
2528 3625 2845 3680 possumus,
2873 3612 3252 3670 demonstrare
3277 3628 3383 3669 non
3414 3630 3615 3684 possu-

2036 3721 2181 3762 mus.
2219 3705 2429 3760 Etenim
2465 3704 2733 3778 Georgius
2775 3707 3090 3778 Syncellus,
3135 3708 3296 3779 cujus
3319 3709 3617 3765 chronolo-

2035 3798 2216 3869 gicum
2253 3813 2389 3868 opus
2427 3797 2817 3868 pertexendum
2846 3797 3213 3870 Theophanes
3253 3808 3439 3856 noster
3487 3817 3613 3858 sus-

2034 3893 2200 3963 cepit,
2225 3907 2347 3963 pag.
2381 3891 2450 3947 39.
2481 3893 2736 3948 editionis
2790 3891 2973 3965 Regia
3001 3893 3280 3963 praefatur,
3314 3911 3374 3951 se
3401 3913 3420 3947 ι
3452 3895 3617 3952 Chal-

2034 3984 2272 4040 daorum
2327 3984 2548 4041 dubiam
2599 3986 2978 4057 conjecturam
3019 3994 3138 4042 arte
3178 3986 3615 4046 demonstrativa
3670 4059 3675 4064 ~

2035 4077 2426 4143 refutaturum,
2452 4079 2764 4136 necessario
2793 4078 3242 4149 interpretandos
3277 4082 3382 4138 sibi
3413 4082 3616 4138 ducere
3658 4117 3661 4119 -

2035 4187 2213 4227 annos
2270 4172 2670 4244 Egregororum
2724 4188 2901 4244 usque
2951 4171 3018 4228 ad
3073 4173 3196 4229 165.
3253 4175 3468 4242 Enoch,
3517 4177 3614 4246 qui

2037 4259 2222 4315 mundi
2255 4259 2356 4317 fuit
2392 4257 2552 4326 1287,
2607 4269 2670 4316 ut
2716 4260 2932 4329 deinde,
2965 4262 3162 4334 inquit,
3189 4265 3253 4319 ad
3289 4266 3613 4337 vigesimum

2034 4351 2381 4408 Constantini
2427 4352 2499 4410 ab
2539 4352 2711 4408 Adam
2775 4354 2970 4411 ordine
3020 4365 3238 4412 servato
3290 4358 3622 4413 numerandi-

2034 4445 2233 4501 seriem
2269 4445 2587 4502 traducam:
2629 4457 2685 4502 et
2718 4462 2906 4519 regum
2947 4448 3242 4521 unicuique
3269 4450 3413 4522 genti
3444 4449 3618 4521 impe-

1961 4559 2014 4621 ι)
2040 4540 2278 4596 rantium
2326 4541 2646 4599 nominibus
2694 4543 2948 4613 prolatis,
2989 4557 3260 4600 annorum
3289 4559 3618 4601 vocncccxw

2039 4645 2310 4688 summam
2368 4647 2455 4688 me
2502 4648 2611 4689 non
2674 4633 2976 4689 oscitanter
3042 4633 3330 4705 collegisse
3387 4635 3616 4691 demou-

2038 4732 2232 4781 strem.
2269 4744 2308 4777 ι.
2334 4723 2461 4780 llaec
2496 4725 2593 4781 ille
2619 4725 2798 4783 Goare
2834 4727 3150 4798 interprete.
3198 4727 3394 4782 Verum
3421 4728 3465 4783 si
3495 4731 3626 4799 quis

2039 4818 2368 4890 respondeat
2430 4820 2493 4873 τὸ
2561 4836 2723 4889 usque
2780 4819 3080 4875 terminum
3147 4820 3508 4893 signiﬁcare,
3557 4828 3621 4876 ut

2040 4912 2246 4968 schola
2301 4913 2505 4982 passim
2552 4911 2889 4983 loquuntur,
2931 4912 3326 4979 extrinsecum,
3377 4910 3624 4982 adeoque

2039 5002 2334 5080 Georgium
2383 5005 2690 5072 censuisse,
2739 5003 3087 5061 Constantini
3125 5001 3446 5060 Vicennalia
3500 5018 3625 5077 spe-

2041 5109 2193 5156 ctare
2231 5096 2302 5153 ad
2357 5098 2608 5169 proxime
2663 5105 2987 5168 sequentem
3020 5111 3050 5150 a
3084 5095 3230 5152 dicta
3264 5109 3480 5151 summa
3518 5109 3624 5152 an-

2039 5207 2171 5249 num
2223 5209 2312 5246 voc
2354 5206 2576 5248 ncccxvt
2625 5191 2717 5261 qui
2777 5199 2971 5247 nostro
3033 5191 3173 5257 325,
3241 5191 3621 5260 responderet,

2041 5295 2192 5344 recte
2239 5302 2298 5342 se
2344 5286 2566 5341 habebit
2626 5293 2737 5340 tota
2799 5282 3018 5355 Georgii
3076 5284 3420 5355 supputatio,
3477 5285 3623 5354 iique

2041 5379 2351 5436 erraverint
2387 5378 2511 5444 soli,
2547 5378 2641 5448 qui
2685 5377 2739 5431 in
2786 5376 2980 5431 ultimo
3034 5375 3348 5448 prasiguati
3407 5376 3623 5430 numeri

2043 5489 2212 5539 anno,
2261 5472 2451 5528 eadem
2498 5470 2819 5526 vicennalia-
2861 5469 3227 5526 collocarunt.
3289 5466 3404 5523 lioc
3441 5477 3619 5523 autent

2045 5564 2337 5622 manifeste
2386 5563 2752 5634 Theophanes
2780 5561 2930 5626 fecit,
2966 5560 3234 5631 siquidem
3264 5574 3388 5614 cum
3420 5558 3622 5613 Vicen-

2045 5659 2265 5715 nalibus
2315 5655 2657 5713 Constantini
2689 5663 2743 5710 et
2784 5666 3034 5724 tempore
3070 5652 3360 5708 celebrata
3387 5649 3624 5706 Nicana

2045 5748 2245 5820 synodi
2301 5746 2652 5802 indictionem
2705 5746 2773 5799 1‘2
2825 5745 3135 5813 conjunxit,
3191 5758 3352 5814 quam
3408 5749 3629 5798 constat.

2049 5841 2204 5897 Coss.
2239 5839 2463 5896 Paulino
2505 5850 2555 5895 ct
2597 5840 2818 5892 Juliauo
2870 5837 2956 5892 die
2990 5836 3061 5889 20
3098 5834 3219 5893 Maii
3248 5834 3512 5902 habitam,
3543 5839 3628 5887 at-
