4038 6298
477 320 618 389 1175

1409 329 1508 390 DE
1544 330 1604 391 S.
1632 330 2127 407 THEOPHANIS
2162 336 2827 399 CHRONOGRAPIIIA

3611 336 3740 405 1176

472 440 580 508 que
618 433 753 517 adeo
788 435 852 491 ad
892 436 957 519 13
985 436 1348 495 lndictionem
1394 442 1692 512 pertinere.
1736 442 1853 500 Tali
1893 462 2055 517 porro
2081 450 2134 512 Λ
2157 450 2284 505 culo
2308 458 2490 507 autem
2524 459 2680 507 sexto
2709 458 2831 522 post
2862 452 3147 509 Anastasii
3178 461 3411 510 mortem
3452 469 3592 525 pene
3615 473 3742 526 quo-

466 542 655 584 errore
684 515 793 598 jam
829 515 1029 600 posito,
1064 532 1441 588 necessarium
1473 533 1597 602 fuit,
1645 550 1742 607 per
1777 515 1956 593 annos
1977 538 2049 595 ΞΟ

468 633 689 675 sursum
743 634 1082 691 ascensuro,
1132 625 1371 695 primum
1436 627 1788 686 Constantini
1842 645 2048 690 annum

468 720 712 769 statuere
741 729 948 771 annum
997 732 1109 773 sua:
1146 732 1271 774 ante
1302 720 1431 775 297.
1482 719 1592 777 Nec
1622 722 1793 779 ullum
1826 725 1928 781 sibi
1961 742 2057 799 po-

468 806 576 859 tuit
621 820 906 864 reservare
940 824 1170 877 annum,
1222 826 1384 882 quem
1416 813 1747 872 Constantio
1770 815 1976 875 Chloro
1999 829 2056 875 et

471 895 691 955 Galerio
721 898 1053 958 Maximiano
1093 894 1445 969 inscriberet,
1476 910 1633 978 quasi
1674 920 1800 981 post
1829 912 2053 968 abdica-

471 990 677 1047 tionem
715 993 1038 1052 Diocletiani
1066 1005 1121 1054 ct
1155 998 1473 1055 Maximiani
1505 999 1761 1059 Herculei
1804 1004 2053 1077 (factam,

471 1089 529 1138 ut
594 1084 763 1141 tradit
808 1085 1040 1158 ipsemet
1085 1099 1143 1145 et
1211 1093 1570 1149 consentiunt
1632 1111 1867 1164 omnes,
1932 1114 2057 1156 arm

465 1176 861 1236 Alexandrina:
912 1196 1060 1241 anno
1102 1182 1230 1251 296,
1277 1185 1643 1244 “Kalendas
1686 1189 1887 1261 Martii)
1922 1193 2057 1251 solis

473 1279 715 1340 quatuor
780 1274 1067 1334 mensibus
1118 1278 1347 1335 vixisset
1398 1280 1763 1341 Constantius
1818 1284 2057 1345 Chlorus

474 1360 825 1421 Constantini
853 1375 1007 1438 pater
1040 1386 1057 1425 :
1092 1370 1239 1440 quod
1283 1372 1458 1440 ipsum
1492 1375 1785 1433 manifeste
1815 1379 2059 1435 ostendit

474 1466 536 1539 se
587 1456 817 1539 sentire,
871 1472 999 1513 cum
1047 1458 1166 1515 ait:
1222 1479 1242 1512 σ
1280 1459 1441 1517 Anno
1491 1465 1705 1535 imperii
1764 1467 2058 1525 undecimo

478 1547 587 1601 rita
626 1545 874 1629 iunctum
902 1564 917 1617 δ
954 1568 971 1603 ι
1028 1567 1191 1623 quem
1221 1569 1367 1611 anno
1399 1556 1506 1613 285
1536 1557 1752 1616 dixerat
1785 1558 2056 1619 Gtt-sarem

475 1654 601 1698 esse
634 1641 975 1701 institutum.

546 1733 638 1792 16.
680 1737 843 1809 Atqtti
893 1752 1003 1794 non
1038 1747 1251 1798 tantum
1287 1742 1715 1803 Alexandrinum
1745 1748 2056 1807 Cllronieon

2162 544 2345 600 tannis
2384 544 2656 616 designat)
2717 554 2866 601 recte
2901 546 3183 617 componit
3218 564 3395 619 usque
3449 549 3517 603 ad
3549 549 3744 606 Phocte

2158 645 2214 691 et
2249 636 2485 693 Heraclii
2541 647 2823 708 tempora;
2878 640 2970 695 ubi
3022 655 3198 697 novus
3242 642 3492 697 occurrit
3546 643 3741 709 nodus,

2158 733 2323 787 etiam
2362 748 2393 787 a
2427 732 2608 789 Goare
2650 732 3069 789 animadversus
3096 750 3112 801 ;
3140 734 3235 789 sed
3261 733 3359 799 ita,
3394 745 3453 790 ut
3499 736 3747 791 animado

2159 824 2394 881 vertisse
2426 834 2743 891 contentus,
2764 826 2888 896 ejus
2916 840 3137 881 causam
3171 827 3571 899 exerrandique
3602 827 3749 899 prin-

2158 916 2301 988 cipia
2339 931 2405 973 ac
2431 916 2591 973 ﬁnem
2624 932 2734 973 non
2780 917 3015 974 sollicite
3047 917 3359 990 indagarit:
3402 934 3527 976 cum
3563 928 3745 976 tamen

2159 1022 2271 1065 non
2327 1008 2547 1066 modice
2597 1008 2800 1066 referat
2835 1004 3373 1083 ad'chronologiam
3437 1014 3602 1080 scire,
3638 1028 3747 1085 quo

2160 1099 2285 1156 loco
2316 1108 2604 1171 exemptus
2635 1116 2815 1158 annus
2854 1117 2997 1160 unus
3052 1104 3147 1169 sit,
3193 1118 3305 1174 quo
3357 1104 3556 1160 deinde
3606 1106 3747 1163 alius

2161 1209 2306 1251 unus
2353 1195 2711 1252 substitutus.
2758 1195 2926 1265 quue
2964 1211 3031 1252 eo
3072 1196 3247 1269 magis
3295 1211 3475 1269 operte
3508 1199 3747 1268 pretium

2160 1294 2247 1345 est
2281 1286 2482 1356 facere,
2512 1305 2623 1361 quo
2650 1289 2861 1347 certius
2896 1298 3004 1353 est,
3038 1306 3148 1345 non
3180 1291 3421 1361 aliquam
3458 1290 3750 1361 TheOpha-

2160 1383 2249 1440 nis
2285 1383 2770 1439 halluciuationem
2804 1384 2959 1440 casui
3008 1384 3394 1450 intervexisse,
3441 1385 3537 1440 sed
3580 1401 3647 1441 cx
3682 1400 3749 1441 eo

2162 1476 2308 1546 quod
2346 1477 2647 1547 aliqdando
2680 1477 2897 1548 publice
2928 1484 3253 1546 usurpatum
3290 1477 3412 1543 fuit,
3452 1478 3507 1532 in
3552 1494 3749 1534 neces-

2164 1570 2385 1626 sitatem
2433 1568 2720 1626 inductum
2752 1569 2858 1625 tale
2890 1570 3018 1641 quid
3056 1569 3317 1634 faciendi,
3346 1570 3392 1627 si
3431 1570 3500 1626 ab
3527 1571 3750 1626 usitatis

2162 1663 2392 1718 calculis
2450 1663 2619 1718 nollet
2648 1666 2907 1719 recedere
2939 1670 2993 1719 et
3029 1670 3208 1719 tamen
3243 1663 3542 1735 aliquando
3588 1664 3751 1719 vellet

2164 1756 2218 1811 in
2277 1757 2417 1811 viam
2467 1757 2667 1812 redire.
2720 1755 2798 1812 ita
2853 1771 3016 1827 porro
3072 1772 3160 1813 res
3214 1742 3406 1814 habet.
3448 1758 3748 1827 Postquam

475 1826 631 1893 dicit,
665 1830 810 1901 quod
848 1830 1231 1902 Constantius,
1263 1835 1610 1896 Constantini
1659 1840 1837 1914 Magni
1887 1847 2058 1913 impc~
2094 1828 2133 1882 Β
2163 1845 2549 1902 Alexandrinae
2580 1862 2704 1901 terte
2748 1826 2898 1902 anno
2930 1848 3035 1903 595
3069 1862 3259 1903 mense
3306 1826 3630 1912 Novembri,
3668 1847 3751 1901 in-

476 1920 681 1976 ratoris
714 1931 887 1993 pater,
915 1939 1040 1979 cum
1079 1940 1256 1983 annos
1294 1928 1361 1983 12
1407 1929 1755 2001 imperasset,
1788 1936 1898 1989 vita
1934 1953 2060 1994 ces-

478 2014 587 2083 sit;
619 2023 673 2071 et
705 2015 879 2085 ipsius
914 2017 1267 2077 Constantini
1298 2036 1504 2078 annum
1562 2027 1799 2094 primum
1837 2043 2062 2101 compo-

476 2108 562 2164 nit
586 2118 711 2165 cutn
748 2110 910 2167 initio
941 2111 1283 2185 Olympiadis
1310 2116 1437 2179 272,
1472 2117 1567 2173 sed
1604 2119 1771 2175 etiam
1804 2136 1868 2176 ex
1904 2120 2061 2180 fastis

477 2200 867 2259 consularibus
923 2212 1164 2270 constat,
1221 2212 1419 2276 praeter
1461 2207 1615 2261 illum
1669 2223 1874 2264 annum
1926 2227 2057 2281 qun,

474 2282 807 2378 cedentibus
840 2295 1073 2367 imperio
1103 2298 1338 2365 soceris,
1363 2299 1597 2369 Augusti
1633 2300 1898 2357 declarati
1927 2313 2060 2359 sunt

474 2386 731 2446 Galerius
762 2397 929 2462 atque
956 2388 1318 2448 Constantius
1347 2408 1363 2449 :
1398 2394 1563 2447 etiam
1601 2409 1750 2450 anno
1803 2398 2058 2466 sequenti

480 2484 809 2540 consulatus
869 2485 1108 2556 insignia
1166 2486 1412 2555 gessisse
1466 2486 1876 2545 Constantium.
1935 2490 2061 2547 Fuit

476 2575 651 2650 igitur
680 2576 991 2634 Constantii
1027 2580 1317 2650 imperium
1371 2582 1535 2637 unius
1564 2584 1693 2638 anni
1723 2591 1777 2639 et
1822 2592 2063 2655 quatuor

476 2670 751 2727 mensium
781 2693 792 2728 :
828 2681 949 2741 post
987 2687 1126 2743 quos
1158 2680 1379 2728 mortuo
1414 2682 1568 2745 patre
1600 2676 1689 2731 die
1726 2676 1759 2732 8
1786 2676 2060 2735 Kalendas

476 2763 735 2834 Augusti,
772 2765 1047 2835 reliquum
1103 2765 1321 2837 quidem
1376 2774 1614 2839 tempus,
1652 2771 1797 2841 quod
1854 2770 2061 2827 Graecis

475 2855 748 2911 duntaxat
774 2858 939 2913 ttnius
972 2859 1178 2914 mensis
1206 2874 1379 2929 usque
1406 2860 1460 2915 in
1493 2860 1621 2916 anni
1655 2862 1734 2917 sui
1762 2863 1866 2919 sub
1899 2864 2057 2920 ﬁnem

476 2956 790 3017 supererat,
828 2962 937 3004 non
971 2948 1150 3020 potuit
1179 2949 1323 3020 apud
1364 2965 1460 3007 eos
1513 2952 1751 3022 primum
1785 2953 2060 3010 Constan-

477 3040 578 3095 tiui
612 3055 817 3096 annum
845 3040 1103 3098 efﬁcere:
1135 3042 1312 3112 potuit
1354 3052 1539 3100 tamen
1570 3060 1759 3100 eorum
1802 3058 2059 3116 p03teros

475 3134 762 3206 ambiguos
797 3134 1027 3192 reddere
1059 3134 1385 3192 Latinorum
1416 3141 1756 3209 supputatio,
1794 3140 1863 3195 ad
1891 3156 2054 3212 quos,

475 3227 658 3282 adhuc
688 3228 929 3300 quinque
954 3244 1172 3285 menses
1196 3230 1262 3285 ad
1293 3228 1614 3286 Januarium
1647 3245 2056 3299 numeratnros,

474 3329 718 3390 eti-perat
767 3320 1167 3378 Constantinus
1211 3323 1504 3393 imperare.
1538 3324 1816 3396 Quidquid
1870 3326 1963 3393 sit,
2002 3335 2056 3383 et

473 3429 805 3485 quocunque
842 3431 910 3470 ex
944 3414 1125 3486 capite
1186 3416 1222 3471 ii
1277 3418 1544 3483 etrarint,
1600 3418 1692 3486 qui
1729 3416 2053 3491 Theophani

473 3508 685 3564 erroris
713 3507 984 3564 dederunt
1012 3510 1388 3577 occasionem,-
1450 3512 1629 3582 potuit
1664 3513 1782 3582 ipse
1808 3522 2052 3569 errorem

472 3617 772 3674 agnoscere
818 3602 996 3675 atquel
1048 3605 1346 3675 corrigere,
1392 3620 1517 3659 cum
1571 3607 1637 3661 ad
1682 3607 2051 3663 truculentam

474 3696 625 3751 illam
661 3695 858 3753 famem
888 3696 1309 3754 describendam
1362 3698 1633 3768 pervenit,
1663 3715 1787 3771 quae
1820 3702 2051 3769 septima

472 3788 774 3846 indictione
826 3789 1149 3846 imminente
1182 3787 1465 3845 Orientem
1511 3789 1725 3856 aliiixit,
1780 3807 2055 3862 quamque

471 3898 541 3938 cx
569 3881 738 3938 semel
767 3883 945 3953 posita
979 3897 1165 3939 rerum
1196 3893 1295 3954 per
1327 3898 1532 3937 annum
1574 3899 1746 3939 unum
1778 3885 2051 3955 anticipa-

472 3974 624 4031 tione
662 3976 852 4031 retulit
882 3975 950 4031 ad
1000 3991 1206 4032 annum
1258 3976 1388 4033 5'34.
1444 3976 1504 4032 Si
1536 3978 1682 4033 enim
1722 3988 1871 4045 tunc,
1925 3995 2051 4035 cum

472 4066 660 4123 habita
692 4075 779 4123 est
838 4067 1060 4125 Nicana
1092 4068 1359 4142 synodus,
1418 4070 1824 4128 Alexandrinus
1872 4073 2051 4128 solum

470 4161 741 4232 agebatur
767 4172 945 4218 anuus
979 4161 1085 4218 516
1114 4171 1169 4217 et
1203 4161 1431 4217 indictio
1462 4164 1564 4231 l2;
1591 4180 1714 4235 quae
1751 4172 1874 4236 post
1898 4174 2056 4222 etsta-

474 4263 582 4311 tem
616 4254 745 4310 anui
774 4255 969 4311 iisdem
996 4255 1386 4312 Alexandrinis
1417 4256 1521 4310 5&4
1548 4256 1869 4313 imminebat
1908 4259 2051 4314 indi-

470 4348 724 4411 ctio,non
748 4347 1021 4420 potuisset
1048 4348 1155 4403 nisi
1186 4357 1338 4404 sexta
1372 4350 1609 4415 censeri,
1634 4352 1878 4422 adeoque
1908 4352 2054 4410 scire

471 4440 652 4511 potuit
690 4455 816 4497 cum
845 4442 1139 4511 septimam
1169 4442 1329 4507 dixit,
1361 4458 1449 4499 res
1482 4459 1599 4514 quae
1646 4443 1793 4509 illam
1844 4460 2050 4516 praece-

2163 1939 2402 1995 dictione
2432 1938 2485 2003 6,
2524 1940 2742 1995 occisos
2799 1954 2828 1994 a
2883 1940 3143 2010 Tyranno
3192 1938 3374 1996 Phoea
3426 1938 3748 1995 Mauritium

2165 2030 2418 2102 ﬁliosque
2452 2041 2761 2097 narrasset,
2794 2033 3035 2101 primum
3072 2033 3310 2089 Hcra‘clii
3360 2048 3566 2088 annum
3623 2048 3750 2088 cum

2162 2124 2537 2180 Alexandrino
2558 2124 2665 2181 602
2687 2140 3027 2197 componens
3064 2126 3136 2180 ita
3166 2125 3383 2181 orditur
3411 2142 3425 2179 :
3459 2123 3575 2180 Hoc
3603 2139 3752 2180 anno

2164 2218 2372 2275 mensis
2400 2216 2657 2275 Octobris
2695 2217 2783 2274 die
2817 2219 2873 2285 4,
2911 2219 3215 2274 indictione
3246 2218 3646 2285 14,1leraclius
3684 2233 3753 2273 ex

2162 2311 2347 2365 Africa
2414 2311 2627 2381 appulit
2682 2327 2807 2366 cum
2869 2312 3124 2377 navibus,
3160 2320 3326 2382 atque
3372 2310 3445 2365 ita
3492 2326 3560 2366 ex
3622 2316 3754 2365 octo

2162 2402 2358 2459 Phocze
2394 2405 2557 2459 annis
2590 2403 2753 2474 eique
2806 2403 3273 2475 respondentibus
3322 2402 3751 2465 indictionibus,

2163 2512 2329 2552 unam
2367 2497 2531 2553 tollit.
2570 2496 2627 2551 Si
2657 2496 2886 2568 quaeris,
2934 2496 3109 2562 Quam
3136 2496 3158 2550 ?
3190 2496 3611 2566 respondemus,
3643 2492 3751 2549 De-

2162 2592 2387 2657 cimam,
2436 2591 2488 2646 in
2524 2605 2687 2659 quam
2724 2605 2902 2647 annus
2952 2591 3179 2661 quintus
3230 2588 3425 2643 Phoca:
3471 2587 3752 2653 cadebat;

2162 2698 2285 2738 cum
2337 2698 2482 2737 anno
2522 2681 2770 2753 ejusdem
2806 2691 3009 2752 quarto
3045 2682 3111 2736 de
3162 2681 3433 2735 industria
3474 2678 3751 2736 conﬂatus

2164 2777 2217 2831 in
2252 2791 2444 2842 unum,
2484 2774 2685 2844 rejecta
2717 2773 2783 2829 ad
2820 2774 3025 2829 calcem
3058 2773 3180 2842 ejus
3208 2781 3380 2825 morte
3404 2770 3621 2841 Cyriaci
3653 2786 3751 2839 pa-

2162 2869 2441 2935 triarciue,
2497 2882 2662 2938 quam
2724 2866 2875 2922 hunc
2932 2886 2949 2918 ι
2984 2866 3195 2919 'obiisse
3246 2863 3317 2918 20
3368 2862 3626 2918 Octobris
3659 2861 3752 2917 die

2163 2958 2414 3019 Sabbati,
2464 2973 2530 3013 ac
2565 2956 2733 3013 funus
2773 2964 3028 3012 curatum
3058 2970 3180 3011 esse
3206 2954 3275 3010 50
3316 2953 3562 3024 ejusdem
3593 2967 3751 3007 men-

2162 3053 2240 3108 sis
2273 3051 2364 3107 die
2398 3050 2707 3117 Dominica,
2745 3066 2765 3099 ο
2815 3049 3087 3104 habemus
3128 3063 3191 3102 ex
3232 3047 3501 3102 ehrOnico
3550 3043 3751 3117 praedi-

2162 3154 2251 3201 cto
2277 3162 2290 3200 :
2321 3146 2413 3215 qui
2449 3152 2758 3214 temporum
2796 3142 3151 3197 characteres
3188 3140 3241 3194 in
3293 3153 3499 3195 annum
3542 3138 3748 3193 dunta-

2161 3244 2255 3291 xat
2304 3234 2432 3299 599,
2465 3250 2591 3290 aera:
2638 3232 3024 3289 Alexandrina:
3073 3238 3127 3287 et
3176 3232 3230 3285 in
3282 3230 3349 3286 10
3384 3229 3747 3285 indictionem

2159 3329 2402 3385 cadunt:
2435 3326 2630 3398 reliqui
2662 3334 2846 3381 autem
2876 3332 2991 3381 tres
3019 3325 3145 3379 anni
3173 3323 3391 3388 Phocae,
3419 3322 3496 3375 uti
3524 3329 3580 3377 et
3611 3336 3751 3391 pra:-

2157 3423 2420 3478 cedentes
2448 3428 2708 3492 quatuor,
2736 3419 2817 3475 sic
2848 3420 2991 3474 inter
3018 3433 3078 3473 se
3102 3417 3418 3473 narratione
3445 3416 3749 3483 cohaerent,

2158 3525 2218 3569 ut
2244 3513 2484 3583 intcrjici
2520 3512 2627 3568 illis
2662 3526 2892 3582 prorsus
2921 3509 3057 3565 nihil
3088 3512 3283 3580 possit.

2233 3606 2321 3661 l8.
2362 3605 2503 3672 Quid
2576 3613 2758 3661 autem
2821 3604 3001 3675 coegit
3068 3602 3473 3660 Alexandrinos
3536 3615 3743 3656 annum

2158 3714 2327 3755 unum
2390 3697 2801 3753 dissimulatum
2862 3694 3147 3766 praeterire
3177 3692 3471 3748 manifeste
3526 3690 3749 3747 docebit

2158 3794 2499 3864 praecitatum
2528 3790 2839 3847 Chronicon
2864 3790 2931 3843 ad
2964 3804 3167 3843 nntium
3195 3788 3551 3858 imperatoris
3573 3784 3749 3841 "cra-

2156 3886 2247 3941 clii
2302 3886 2540 3957 primum
2593 3884 2744 3940 hisce
2774 3883 3002 3939 verbis:
3048 3901 3065 3932 ι
3107 3883 3152 3937 A
3200 3881 3434 3951 septimo
3483 3878 3743 3934 Octobris

2155 3978 2452 4050 prmsentis
2482 3976 2802 4033 indictiouis
2839 3977 2900 4031 ιιι
2937 3990 3112 4045 usque
3140 3974 3206 4029 ad
3242 3973 3330 4039 15,
3374 3971 3625 4027 Januarii
3655 3972 3740 4024 in-

2156 4072 2418 4129 dictionis
2454 4071 2728 4143 ejusdem,
2761 4070 3033 4140 scriptum
3058 4076 3141 4127 est
3172 4067 3227 4122 in
3263 4066 3500 4137 publicis
3538 4063 3741 4119 tabulis

2156 4163 2374 4234 imperii
2403 4161 2661 4218 Heraclii.
2688 4162 2756 4217 Et
2787 4178 2816 4215 a
2850 4162 2915 4216 14
2945 4160 3192 4231 ejusdem
3226 4158 3550 4215 indictionis
3589 4157 3742 4227 ejus-

2154 4256 2279 4314 dem
2347 4256 2559 4314 mcnsis
2614 4255 2880 4326 scriptum
2939 4264 3023 4309 est
3082 4253 3137 4306 in
3195 4251 3468 4323 reliquum
3521 4259 3743 4319 tempus

2155 4348 2285 4405 anni
2327 4365 2505 4422 usque
2559 4348 2628 4404 ad
2665 4346 3019 4404 Decembrem
3077 4359 3277 4415 nempe
3323 4343 3620 4413 expletum,
3670 4341 3739 4397 15

2157 4444 2459 4502 indictione
2524 4451 2580 4499 et
2643 4432 2932 4499 consulatu
3024 4439 3270 4511 ejusdem
3338 4434 3740 4509 religiosissimi

471 4535 675 4591 debant
705 4534 1059 4592 indictionem
1090 4551 1237 4592 anno
1262 4552 1373 4593 uno
1424 4552 1455 4593 a
1503 4554 1562 4596 se
1616 4539 1949 4610 anticipari:
1995 4548 2049 4595 et
2080 4546 2124 4601 ι)
2155 4526 2426 4622 principis
2462 4536 2660 4593 nostri.
2701 4550 2719 4589 ι
2774 4534 2967 4604 itaque
3022 4546 3166 4589 unus
3221 4529 3477 4601 idemque
3528 4528 3741 4598 primds

470 4642 678 4683 annmn
735 4627 842 4684 225
899 4642 931 4683 a
963 4644 1024 4686 se
1069 4628 1349 4685 numerari
1389 4631 1667 4698 debuisse,
1707 4641 1763 4687 ut
1827 4631 2052 4688 haberet

468 4727 709 4785 atatem,
739 4736 904 4792 quam
935 4721 1169 4792 septima
1206 4724 1542 4793 sequebatur
1567 4724 1819 4782 indictio.
1861 4725 2053 4782 Maluit

470 4825 654 4870 tamen
692 4814 902 4886 positos
929 4814 1102 4871 semei
1130 4815 1375 4873 calculos
1408 4817 1665 4888 prosequi
1698 4826 1813 4873 toto
1835 4819 2051 4890 reliquo

467 4908 817 4965 Constantini
883 4916 936 4965 et
994 4910 1337 4967 successoris
1393 4911 1706 4967 Constantii
1760 4920 2048 4984 tempore;

466 5008 633 5071 atque
664 5011 721 5055 ut
754 5000 963 5055 hiatum
995 5000 1160 5058 unius
1187 5000 1369 5065 istius,
1401 5001 1530 5055 anni
1563 5001 1780 5057 tandem
1820 5003 2049 5073 supple-

466 5102 572 5159 ret,
603 5091 807 5149 Juliani
845 5092 1136 5164 imperium
1170 5094 1338 5164 (quod
1376 5110 1543 5148 unum
1585 5106 1789 5148 annum
1823 5103 1878 5150 et
1905 5111 2053 5151 men-

464 5200 556 5241 ses
586 5196 712 5241 octo
747 5201 853 5241 non
880 5185 1090 5257 integre
1119 5186 1379 5257 explevit)
1415 5202 1510 5256 per
1533 5196 1643 5241 tres
1677 5201 1817 5259 pene
1844 5189 2052 5244 soiidos

464 5294 643 5336 unuos
679 5280 943 5337 dividere.

536 5374 625 5430 17.
665 5372 780 5429 llac
811 5374 976 5432 unius
1016 5375 1145 5430 anui
1180 5374 1246 5430 ad
1278 5373 1483 5430 Juliani
1519 5374 1865 5447 tyrannidem
1893 5376 2050 5444 adje-

466 5467 653 5521 ctione
685 5468 739 5521 in
769 5468 910 5522 viam
940 5484 1228 5538 regressus
1254 5468 1643 5538 Theophanes,
1679 5470 1748 5524 ab
1770 5471 1926 5525 initio
1953 5470 2048 5525 Jo-

464 5558 636 5624 viani,
671 5559 723 5613 id
761 5569 848 5615 est
880 5560 948 5616 ab
970 5575 1117 5616 anno
1148 5561 1533 5617 Alexandrinae
1562 5575 1685 5617 atrae
1728 5562 1855 5627 356-,
1890 5562 2049 5632 cujus

463 5650 762 5707 Januarius
789 5668 914 5708 eum
947 5664 1138 5711 nostro
1160 5653 1267 5710 364
1290 5654 1573 5718 coincidit,
1609 5654 1882 5712 inoﬂ'enso
1910 5657 2049 5726 pede

465 5744 831 5815 progreditur,
859 5756 913 5801 et
949 5762 1080 5804 suos
1108 5762 1284 5805 annos
1309 5762 1434 5803 cum
1472 5747 2048 5821 iudictionibus(quas

463 5835 677 5911 reliquo
709 5848 905 5910 quarto
936 5851 986 5896 ct
1021 5841 1211 5914 quinto
1246 5842 1447 5898 sseculo
1477 5840 1657 5900 rarius
1691 5842 1919 5910 indicat,
1945 5859 2046 5901 sw-

2154 4630 2392 4687 Heraclii
2418 4646 2620 4697 annus,
2650 4629 2705 4685 in
2736 4628 2877 4685 duas
2912 4626 3246 4683 indictiones
3287 4624 3610 4688 distractus,
3641 4636 3743 4676 oc-

2153 4723 2432 4779 casionem
2467 4722 2653 4777 attulit
2679 4721 2917 4793 primum
2953 4719 3189 4775 Herachi
3221 4733 3426 4773 annum
3459 4712 3741 4772 statuendi

2153 4830 2303 4881 eum,
2360 4816 2453 4887 qui
2507 4830 2700 4871 revera
2755 4814 2914 4869 initia
2975 4812 3096 4882 ejus
3145 4810 3453 4884 praecessit,
3483 4818 3538 4866 et
3591 4814 3739 4864 totus

2152 4909 2352 4968 Pherae
2373 4911 2699 4969 debebatur.
2730 4909 2847 4965 iio‘e
2878 4918 3061 4965 autem
3095 4908 3481 4978 semelposito,
3512 4914 3741 4961 necesse

2157 5006 2259 5061 fuit
2314 5008 2382 5062 ab
2419 5008 2508 5066 iis.
2559 5007 2651 5078 qui
2691 5006 2853 5061 talem
2909 5005 3169 5060 tenebant
3219 5004 3495 5067 ordinem,
3551 5000 3738 5053 omnia

2154 5098 2389 5156 lleraelii
2413 5107 2467 5153 et
2496 5109 2882 5155 successurum
2912 5098 3033 5167 ejus
3066 5104 3216 5167 gesta
3243 5095 3309 5150 ad
3332 5110 3495 5148 unum
3529 5108 3736 5147 annum

2156 5192 2468 5262 anticipari,
2504 5191 2677 5261 magis
2724 5199 2892 5260 quam
2949 5204 3058 5243 aera
3111 5187 3480 5243 Alexandrina
3532 5186 3739 5256 integre

2155 5295 2440 5340 numerata
2480 5302 2639 5357 passa
2692 5287 2927 5341 fuisset:
2959 5285 3105 5355 quod
3160 5284 3421 5355 deinceps
3475 5300 3652 5352 usque
3684 5284 3736 5337 in

2154 5378 2502 5433 Palaestinam
2546 5379 2856 5433 videbimus
2880 5379 3143 5437 Valuisse.
3172 5380 3335 5431 ctiam
3370 5378 3514 5430 circa
3576 5376 3736 5430 finem

2153 5473 2188 5527 9
2223 5472 2436 5529 saeculi.
2490 5472 2702 5527 scilicet
2745 5471 2798 5525 in
2832 5470 3231 5526 ecclesiasticis
3265 5470 3579 5535 scripturis,
3618 5482 3737 5537 quze

2153 5582 2275 5622 sese.
2310 5582 2433 5620 mra:
2461 5564 2851 5620 Alexandriam
2884 5565 3183 5633 aptabant;
3218 5576 3381 5632 quam
3443 5557 3737 5630 TheOpha-

2155 5674 2253 5714 nes
2300 5666 2489 5729 utpote
2546 5657 2853 5712 monachus
2886 5671 3145 5727 sequens,
3173 5665 3227 5711 et
3254 5653 3474 5708 tandem
3514 5652 3738 5709 exorbi-

2152 5752 2383 5807 tantiam
2417 5751 2580 5807 istam
2615 5750 2699 5807 vel
2731 5750 3179 5808 animadvertens
3224 5747 3461 5818 primum
3488 5746 3571 5801 vel
3614 5760 3738 5801 cor-

2155 5850 2333 5921 rigere
2380 5848 2573 5904 volens
2625 5848 2679 5903 in
2716 5862 2815 5904 sua
2867 5840 3330 5916 chronographia,
3380 5837 3735 5896 Ct'nslantini
