4034 6298
262 344 383 408 11¹Π

1258 344 1433 407 GOD.
1465 347 1946 410 HENSCHENII
1987 351 2509 420 DISSERTATIO.

3369 369 3507 437 1178

256 456 573 530 (Iopronymi
604 472 811 513 annum
862 458 1222 528 peuultimum
1275 459 1537 515 distraxit
1570 462 1624 515 in
1657 463 1817 526 duos,
1855 472 1892 526 Α
1926 468 2193 538 septima,
2274 472 2360 528 die
2427 472 2692 543 Sabbati,
2749 477 3053 547 Augustam
3120 487 3501 544 renuntiavit;

255 553 578 610 dissimulata
620 567 841 606 rursum
873 550 1198 617 indictione,
1229 553 1445 624 ipsique
1468 552 1821 626 Copronymo

257 648 426 718 (quem
488 660 636 700 anno
697 645 1069 701 Alexandrino
1133 646 1237 702 768
1291 665 1311 698 ι
1368 648 1456 703 die
1496 648 1564 704 14
1617 650 1823 705 mensis

259 740 628 814 Septembris,
683 739 985 795 indictione
1042 740 1111 796 M
1158 751 1435 796 mortuum
1504 757 1628 798 esse
1686 743 1823 798 dicit

259 845 532 907 postquam
570 834 642 889 ab
685 833 841 889 obitu
899 834 1075 905 patris
1120 834 1446 904 imperasset
1504 851 1681 892 annos
1730 836 1819 905 54,

259 942 463 984 menses
491 925 551 992 2,
574 925 691 983 dies
710 924 825 995 26),
857 944 877 980 ι
912 934 1054 981 tctos
1082 926 1151 981 55
1180 942 1355 984 annos
1391 928 1613 999 reliquit
1638 945 1654 995 ;
1686 944 1823 1000 quo-

260 1022 391 1077 niam
421 1020 477 1075 in
522 1034 670 1075 anno
711 1018 1088 1074 Alexandrino
1116 1019 1222 1076 735
1254 1029 1475 1092 propter
1535 1037 1718 1076 rerum
1770 1030 1823 1076 et

259 1112 605 1170 indictionum
638 1111 1088 1182 anticipationem
1115 1112 1227 1183 jam
1262 1112 1487 1181 dictam,
1516 1114 1821 1169 constitue-

262 1217 338 1263 rat
381 1205 709 1279 principium
753 1204 966 1275 imperii
999 1204 1068 1259 ab
1111 1209 1195 1261 eo‘
1235 1206 1502 1277 suscepti,
1542 1225 1562 1259 ‹
1615 1207 1823 1263 mensis

260 1298 395 1355 Junii
428 1299 515 1354 die
542 1298 615 1353 27
643 1297 708 1352 ad
741 1297 1125 1367 insequentem
1154 1297 1511 1355 indictionem
1550 1299 1612 1355 10
1650 1299 1823 1370 perti-

262 1404 431 1456 nente,
469 1412 486 1443 ι
528 1406 653 1445 cum
691 1392 1010 1461 insequens,
1042 1391 1250 1446 dictum
1286 1391 1430 1447 diem
1462 1392 1687 1448 indictio
1714 1409 1823 1448 nu-

260 1488 445 1542 merari
481 1494 695 1541 tantum
725 1484 1007 1541 debuisset
1062 1484 1116 1551 9,
1176 1483 1280 1538 nisi
1332 1500 1427 1554 per
1485 1484 1817 1539 indictiones

258 1580 420 1648 primo
455 1571 689 1633 Heracl‘ii
719 1591 862 1632 anno
898 1577 1223 1646 geminatas,
1254 1592 1423 1631 unum
1466 1591 1669 1631 annum
1716 1591 1822 1630 aera

261 1670 609 1724 Alexandrina
639 1669 939 1727 amisisset.

321 1763 400 1817 19.
437 1761 564 1817 Haec
594 1771 774 1818 autem
801 1765 1054 1834 quamvis
1087 1764 1161 1817 ita
1201 1762 1378 1819 solide
1409 1762 1640 1818 deducta
1691 1762 1821 1818 sub-

1931 569 2181 634 Sequeuti
2218 583 2348 622 vero
2380 570 2520 637 luce,
2546 587 2667 641 qua:
2701 573 2905 644 Aprilis
2942 578 3185 633 secunda
3222 579 3346 645 fuit,
3388 582 3507 641 dies

1928 662 2188 717 nimirum
2221 662 2509 722 Dominica
2541 670 2723 725 sancti
2763 669 3075 740 Paschatis,
3114 677 3316 734 liberos
3345 696 3412 735 ex
3442 688 3507 736 ea

1930 756 2068 812 dbos
2116 758 2361 816 Caesares
2411 762 2733 820 declaravit.
2796 767 2921 825 Haec
2965 771 3110 826 enim
3146 780 3257 827 tam
3300 774 3506 829 diserte

1929 850 2151 920 signant
2199 866 2404 907 annum
2460 856 2703 923 vulgaris
2752 875 2873 915 aera:
2927 860 3064 927 769,
3106 872 3166 919 ut
3219 867 3507 923 manifesto

1929 951 2192 1011 appareat
2218 945 2342 1014 quis
2375 949 2635 1001 octennio
2671 945 2892 1021 dempto
2947 952 3170 1011 deberet
3198 957 3498 1012 secundum

1929 1035 2357 1093 Alexandrinam
2427 1052 2757 1112 exsurgere,
2814 1048 3070 1117 quamvis
3146 1039 3508 1119 TheOphanes

1929 1142 2134 1182 annum
2167 1128 2271 1183 760
2309 1137 2607 1199 notaverit,
2648 1135 2810 1202 paulo
2856 1146 2981 1206 post
3033 1139 3099 1193 ad
3134 1141 3505 1210 aequalitatem

1928 1227 2197 1277 venturus
2238 1229 2571 1295 temporum.
2627 1228 2933 1297 penultimo
2964 1228 3298 1303 Copronymi
3333 1247 3505 1297 anno,

1930 1320 1990 1367 ut
2020 1312 2228 1369 dictum
2252 1323 2359 1378 est,
2395 1317 2452 1371 in
2479 1317 2620 1386 duos
2648 1318 2848 1376 diviso.
2877 1320 3031 1387 Quod
3062 1335 3243 1379 autem
3274 1324 3510 1379 Alexan-

1931 1405 2090 1461 drina
2127 1422 2235 1461 aera
2290 1410 2577 1466 utentibus
2623 1413 2828 1481 passim
2878 1418 3189 1471 communis
3233 1416 3399 1471 fuerit
3442 1432 3510 1473 eo

1931 1508 2176 1573 tempore
2231 1517 2295 1556 ac
2348 1504 2441 1558 diu
2496 1505 2665 1561 etiam
2705 1515 2831 1576 post
2880 1505 3293 1580 Theophanem,
3344 1527 3507 1581 quem

1932 1593 2049 1663 ipse
2077 1595 2255 1650 tenuit
2287 1599 2644 1667 computandi
2680 1598 2898 1663 modus,
2929 1600 3054 1656 vide
3077 1595 3148 1655 20
3171 1593 3348 1656 Martii
3384 1617 3511 1672 pro-

1931 1688 2116 1743 batum
2175 1688 2230 1743 in
2289 1689 2625 1763 martyribus
2688 1693 2947 1758 Sabaitis.
3008 1712 3243 1768 quorum
3291 1711 3550 1754 comvus‘

1931 1782 2295 1852 scriptornisi
2326 1783 2408 1839 sic
2438 1801 2614 1843 annos
2644 1801 2992 1845 numerasset
3024 1798 3079 1845 et
3102 1804 3306 1844 annum
3336 1796 3506 1845 unttm

258 1856 462 1919 sistant,
492 1861 554 1910 ut
587 1855 735 1910 clara
768 1855 880 1910 sint
912 1865 1209 1925 utrumque
1241 1856 1534 1910 terminum
1569 1856 1823 1911 conside-
1856 1841 1896 1898 Β
1923 1891 1990 1931 εχ
2021 1841 2171 1932 ηξοτθ
2211 1878 2493 1935 omisisse,
2527 1841 3507 1954 ςοέηρηωέθῗξιξη’ὦῶίὲεέιςξςίξ

258 1949 518 2009 rantibus.
573 1963 776 2003 annum
806 1947 1021 2003 scilicet
1050 1947 1246 2002 Phoca:
1273 1949 1505 2017 primum
1537 1958 1589 2012 et
1620 1948 1826 2020 Copro—

1927 1968 2063 2024 bere-
2096 1985 2191 2025 eos
2224 1981 2452 2047 mortem
2482 1975 2785 2042 oppetiisse
2812 1991 2958 2031 anno
2992 1977 3061 2031 ah
3104 1977 3241 2031 orbe
3277 1975 3508 2030 condito

260 2039 391 2111 uymi
418 2037 696 2105 ultimum,
730 2039 881 2095 lubet
925 2049 1104 2095 tamen
1127 2040 1291 2095 etiam
1323 2041 1589 2112 exemplis
1611 2058 1677 2097 ex
1706 2042 1827 2114 ipso

1933 2076 2034 2117 Vtao
2085 2076 2395 2119 ccuxxvm
2427 2080 2457 2119 a
2488 2065 2690 2121 Christi
2740 2067 3125 2123 incarnatione
3172 2066 3310 2130 788,
3356 2060 3507 2121 indi-

257 2132 578 2204 Theophane
630 2132 1018 2204 comprobare,
1072 2139 1187 2187 toto
1242 2131 1336 2187 illo
1394 2146 1665 2188 annorum
1698 2136 1826 2194 ,173

254 2228 417 2297 spatio
444 2224 802 2282 hebdomadas
831 2224 1017 2290 ferias,
1058 2240 1182 2281 cum
1227 2226 1396 2281 certis
1420 2227 1627 2284 mensis
1657 2228 1827 2285 alicu—

253 2319 335 2389 jus
364 2316 560 2375 diebus
590 2318 672 2375 sic
698 2320 1031 2389 comparari,
1059 2328 1141 2387 ut,
1173 2320 1280 2375 nisi
1320 2321 1384 2375 ad
1418 2337 1623 2375 annum
1656 2323 1724 2376 ab
1762 2338 1830 2378 eo

254 2421 591 2467 numeratum
653 2413 880 2481 adji‘cias
936 2427 1114 2467 annos
1150 2427 1368 2475 novem,
1417 2429 1699 2483 nunquam
1751 2415 1831 2471 sig

254 2520 428 2560 verum
470 2505 717 2576 vulgaris
741 2520 863 2559 aera:
894 2521 1098 2560 annum
1135 2504 1423 2561 habiturus
1456 2506 1541 2559 vel
1579 2506 1630 2560 in
1658 2504 1834 2562 Theo-

255 2601 422 2671 phane
472 2599 561 2654 vel
594 2599 650 2655 in
702 2598 811 2654 alio
850 2600 1123 2669 scriptore
1171 2599 1405 2655 similem
1446 2598 1829 2655 chronotaxim

256 2700 482 2747 tenente.
531 2691 698 2747 Anno
753 2692 924 2763 igitur
971 2684 1341 2746 Alexandrino
1387 2691 1491 2746 615
1518 2692 1600 2748 sic
1637 2692 1831 2748 scribit

255 2782 653 2856 Theophanes:
687 2804 706 2837 ‹
733 2784 846 2839 Hoc
876 2798 1043 2850 anno,
1065 2784 1389 2857 indictione,
1426 2782 1492 2838 10
1524 2782 1831 2852 Iieraciius,

255 2888 461 2949 peracta
500 2894 693 2936 mense
723 2878 892 2949 Aprili
937 2877 1024 2932 die
1050 2878 1083 2932 4
1109 2876 1453 2932 solemnitate
1487 2875 1831 2934 Paschali....

256 2972 308 3028 in
363 2973 646 3029 Persidem
683 2972 962 3043 perrexit:
1002 2991 1021 3023 ι
1072 2970 1163 3040 qui
1218 2970 1504 3025 character
1556 2969 1836 3027 Paschalis

258 3068 308 3122 in
351 3068 382 3123 ι
436 3067 673 3138 Aprilis,
710 3065 778 3121 10
811 3065 1111 3121 indictione
1152 3064 1421 3126 cadentis,
1459 3080 1582 3119 cum
1626 3080 1830 3120 annum

258 3160 488 3232 vulgaris
522 3175 649 3215 mra:
682 3157 792 3213 622
827 3159 1025 3229 signet,
1064 3157 1275 3212 clarum
1307 3165 1391 3212 est
1417 3158 1464 3211 ei
1496 3157 1756 3214 debuisse
1780 3157 1833 3210 in

258 3253 616 3309 Aicxandrina
651 3267 762 3307 aera
821 3249 1152 3320 respondere
1181 3265 1383 3305 annum
1427 3250 1531 3304 6H
1575 3248 1681 3304 nisi
1732 3263 1828 3303 an-

258 3361 355 3403 nus
388 3361 554 3411 unus,
585 3353 643 3399 ut
680 3342 948 3407 diximus,
979 3340 1291 3396 excidisset.
1340 3340 1532 3396 Simile
1563 3340 1693 3411 quid
1731 3338 1831 3392 ba-

258 3439 348 3496 bes
374 3441 582 3508 stepius
632 3435 1039 3508 posterioribus
1088 3434 1279 3488 anuis:
1330 3432 1425 3489 sed
1479 3440 1537 3487 ut
1590 3432 1827 3487 lleraclii

260 3532 591 3602 temporibus
661 3530 1063 3596 immorentur,
1135 3511 1435 3598 iungamus
1512 3525 1829 3595 Theophani

259 3611 579 3679 Chronicum
621 3620 990 3692 prato-italum,
1018 3626 1071 3675 et
1103 3619 1287 3674 statim
1321 3616 1503 3687 primo
1543 3617 1676 3672 dicti
1729 3618 1832 3671 im-

261 3715 520 3787 peratoris
549 3728 697 3769 anno
729 3713 994 3768 habemus
1028 3730 1047 3765 ι
1087 3710 1447 3782 Epiphaniam
1467 3709 1616 3765 Julio
1643 3724 1832 3769 mense

260 3809 437 3863 eadem
479 3806 808 3865 indictione.
854 3823 871 3857 ι
904 3803 996 3876 (Id
1026 3811 1086 3858 ut
1114 3802 1425 3873 praefertur,
1463 3802 1567 3856 etsi
1608 3816 1705 3870 per
1732 3816 1833 3855 no-

261 3915 375 3954 vam
403 3897 854 3955 constitutionem
885 3898 1185 3967 imperator
1209 3910 1239 3949 a
1272 3895 1337 3948 M
1367 3893 1614 3949 Januarii
1641 3894 1834 3949 volne-

263 3993 414 4048 rit15
440 3990 798 4048 indictionem
837 3988 1132 4059 nominari)
1169 4007 1188 4040 ‹
1225 4003 1288 4043 ex
1320 3985 1563 4042 Eudocia
1590 3994 1829 4041 nataum

264 4086 441 4157 idque,
469 4095 531 4140 ut
561 4085 641 4139 ait
672 4082 984 4139 Chronicon
1019 4101 1038 4133 ι
1086 4081 1175 4136 die
1218 4081 1426 4135 mensis
1458 4080 1711 4149 septimo,
1752 4077 1833 4133 fe-

264 4181 338 4233 ria
374 4178 427 4233 4.
460 4198 477 4232 ι
506 4176 677 4248 Atqui
713 4175 841 4231 talis
866 4174 985 4230 dies
1012 4183 1067 4229 et
1098 4173 1237 4229 feria
1268 4173 1472 4228 cadunt
1525 4172 1579 4225 in
1626 4185 1832 4225 annum

264 4272 496 4343 vulgaris
547 4284 673 4325 atra:
727 4268 854 4334 611,
913 4266 1299 4325 Alexandriam
1349 4264 1491 4320 003:
1529 4263 1618 4318 hic
1675 4262 1837 4334 igitur

266 4380 380 4419 cum
442 4380 543 4419 sua
600 4362 667 4418 M
717 4361 1023 4416 indictione
1075 4360 1286 4428 primus
1341 4355 1593 4411 Heraclio
1657 4371 1835 4411 anuus

266 4458 317 4513 in
347 4457 577 4528 imperio
632 4455 753 4520 fuit,
783 4452 1034 4526 quamvis
1061 4450 1426 4522 Theophanes
1467 4464 1673 4503 annum
1729 4448 1837 4505 602

267 4550 550 4607 notaverit.

328 4640 417 4699 2ο.
439 4640 594 4698 Adde
610 4656 677 4697 ex
700 4636 1096 4711 posterioribus
1128 4636 1288 4691 annis
1312 4631 1583 4705 exempla,
1613 4641 1744 4705 puta
1771 4648 1835 4688 ex

272 4735 387 4803 752,
418 4737 523 4792 sub
574 4732 734 4805 cujus
769 4714 1011 4797 initium,
1062 4747 1082 4781 ς
1111 4743 1301 4785 mense
1335 4725 1590 4783 Octobris
1625 4724 1714 4780 die
1742 4724 1837 4791 26,

270 4828 567 4885 lndictinne
600 4825 654 4891 9,
686 4826 821 4882 feria
849 4825 905 4892 4,
932 4834 1093 4879 terra:
1135 4829 1316 4877 motus
1344 4821 1536 4891 ingens
1565 4819 1839 4875 Constan-

272 4925 490 4995 tinopoli
533 4922 809 4993 contigit:
858 4939 877 4973 ι
941 4922 1130 4989 utique
1175 4932 1298 4973 cum
1336 4929 1437 4971 nos
1475 4914 1725 4985 proximo
1748 4911 1840 4967 Ja-

273 5020 457 5074 nuario
486 5014 803 5073 inchoaturi
834 5027 1083 5069 essemus
1110 5025 1317 5065 annum
1353 5008 1477 5072 741,
1511 5019 1674 5077 atque
1703 5007 1841 5060 adeo

275 5110 388 5173 755.
418 5109 701 5167 numerari
743 5109 812 5164 ab
850 5104 1236 5163 Alexandrinis
1265 5101 1570 5159 debuisset.
1597 5099 1728 5155 ltem
1764 5115 1831 5154 ex

274 5217 409 5260 anno
448 5203 577 5266 735,
622 5217 733 5274 quo
791 5219 809 5253 ι
846 5214 1033 5255 mense
1085 5197 1292 5267 Aprilis
1344 5196 1433 5250 die
1474 5195 1562 5259 16,
1620 5193 1751 5249 feria
1784 5193 1837 5255 5,

275 5293 421 5351 Valid
461 5295 699 5352 Arabum
731 5296 843 5350 dux
891 5309 1118 5348 suorum
1152 5290 1389 5344 i‘aetibue
1420 5288 1672 5345 sublatus
1711 5301 1836 5341 nar-

278 5401 458 5444 ratur:
528 5408 546 5439 ι
586 5387 675 5442 ubi
708 5396 933 5457 apparet
978 5402 1044 5439 ex
1080 5385 1462 5439 characterum
1518 5379 1841 5435 collectione

278 5495 467 5538 annum
505 5481 609 5537 756
655 5480 864 5551 signari
916 5478 1194 5539 debuisse,
1230 5477 1333 5532 nisi
1367 5490 1499 5530 suos
1526 5472 1840 5543 praecipites

279 5575 507 5629 calculos
537 5581 760 5629 secutus
795 5569 1159 5638 TheOphanes
1193 5568 1408 5623 fuisset.
1452 5565 1697 5634 Denique
1728 5565 1842 5619 cla-

280 5669 507 5724 rissimis
558 5666 701 5721 notis
751 5663 1048 5734 insigniter
1091 5678 1291 5722 annus.
1346 5676 1454 5731 quo
1489 5660 1843 5730 «imperator

282 5760 670 5833 Gepronymus,
700 5758 864 5812 trium
898 5772 1127 5810 uxorum
1164 5756 1266 5821 vir,
1299 5754 1588 5809 Eudociam
1625 5752 1840 5805 tertiam

281 5854 561 5928 coniugem
615 5852 819 5924 Aprilis
873 5849 1083 5907 mensis
1146 5847 1235 5905 die
1284 5849 1484 5920 primo,
1540 5844 1843 5902 indictione

1928 2152 2108 2208 ctione
2129 2153 2184 2221 5,
2217 2169 2343 2210 cum
2379 2156 2573 2226 quinta
2608 2157 2839 2214 indictio
2870 2174 3077 2215 annum
3112 2161 3365 2213 nostrum
3403 2148 3507 2213 797

1929 2247 2130 2316 signet,
2173 2256 2227 2302 et
2259 2249 2402 2304 hunc
2441 2250 2621 2319 ipsum
2654 2251 2851 2321 probet
2893 2261 3109 2321 tempus
3153 2250 3344 2307 mortis
3372 2250 3510 2306 vici-

1930 2339 2224 2395 nissimum
2260 2339 2544 2409 Paschati,
2582 2344 2636 2398 in
2662 2343 2734 2397 25
2762 2343 2941 2398 Martii
2967 2343 3210 2408 cadenti,
3241 2346 3387 2414 qtiod
3411 2342 3509 2398 alii

1930 2447 1996 2489 ex
2029 2433 2357 2504 propinquis
2393 2434 2554 2490 annis
2592 2435 2729 2490 nulli
2766 2435 3048 2491 convenit.

2550 2545 2780 2603 CAPUT
2816 2546 2904 2602 IV.

1932 2657 2172 2712 Herorlii
2210 2658 2547 2724 imperatoris
2590 2660 2957 2721 chronotaris,
2999 2658 3206 2713 duobus
3258 2659 3415 2712 annis
3454 2658 3507 2711 in

2004 2743 2165 2781 unum
2211 2730 2455 2798 conﬂatis
2513 2740 2562 2782 et
2617 2731 2787 2783 altera
2832 2731 2886 2783 in
2941 2731 3073 2783 duos
3121 2732 3377 2783 distracto
3429 2730 3514 2781 in-

2006 2800 2224 2863 tricata,
2272 2796 2546 2854 evolvitur.
2604 2799 2961 2855 ludictionum
3006 2796 3101 2855 sub
3149 2800 3328 2855 eodem
3370 2799 3511 2853 ratio

2001 2870 2327 2938 explicatur.
2808 2942 2811 2945 _

2004 2982 2096 3039 21.
2130 2983 2250 3051 Quo
2281 2991 2528 3057 tempore
2559 2985 3069 3057 Chrouograpliiam
3094 3000 3248 3040 suam
3287 2983 3513 3054 scripsit

1936 3075 2301 3147 Theophanes
2333 3118 2347 3140 .
2409 3079 2779 3149 patriarcham
2832 3078 3508 3147 Constantinopolitannm

1938 3178 2163 3225 sanctus
2203 3169 2541 3240 Nicephorus
2578 3171 2770 3231 tenuit,
2831 3170 2991 3239 cujus
3044 3171 3210 3223 vitam
3257 3168 3513 3226 dedimus

1937 3263 2005 3317 H
2038 3262 2221 3316 Martii
2258 3281 2271 3316 :
2329 3265 2422 3333 qui
2454 3272 2509 3318 et
2554 3263 2667 3333 ipse
2697 3264 3029 3318 breviarium
3060 3263 3395 3332 conscripsit
3427 3279 3515 3319 re-

1932 3370 2050 3409 rum
2084 3364 2207 3424 post
2237 3354 2473 3409 Mauritii
2509 3368 2736 3409 mortem
2769 3364 3044 3425 gestarum
3072 3371 3086 3407 :
3125 3354 3269 3425 quod
3298 3354 3515 3410 Graeco-

1932 3448 2122 3503 Latine
2157 3448 2420 3505 habemus
2455 3449 2660 3503 editum
2694 3464 2818 3503 cum
2854 3448 3220 3503 eruditissimi
3252 3449 3354 3502 viri
3390 3446 3513 3504 Dio-

1932 3539 2076 3610 nysii
2130 3538 2334 3592 Petavii
2404 3538 2813 3609 chronologicis
2868 3538 3037 3593 uotis.
3106 3536 3310 3591 Harum
3370 3538 3512 3592 bona

1932 3645 2060 3700 pars
2090 3644 2155 3685 eo
2180 3638 2415 3700 spectat,
2454 3638 2513 3685 ut
2536 3631 2863 3686 ostendatur
2892 3629 3133 3685 Heraciii
3170 3631 3514 3699 imperatoris

1934 3736 2137 3776 annum
2172 3721 2409 3791 primum
2459 3720 2633 3775 fuisse
2691 3735 2897 3775 annum
2950 3720 3196 3792 vulgaris
3240 3735 3364 3774 aera:
3384 3719 3507 3784 6H,

1935 3812 2080 3885 quod
2107 3821 2159 3868 et
2192 3828 2294 3868 nos
2322 3813 2721 3883 amplectimur,
2766 3827 3105 3882 prorsusque
3152 3812 3512 3866 continuatur

1934 3922 1999 3962 ex
2045 3916 2242 3969 morte,
2279 3922 2443 3976 quam
2478 3913 2603 3974 post
2652 3904 2870 3976 imperii
2920 3919 3095 3958 annos
3148 3903 3396 3971 triginta.
3458 3910 3511 3958 et

1935 4014 2155 4054 menses
2190 3998 2401 4068 aliquot
2436 3997 2641 4053 obiisse
2668 3997 2847 4063 illum,
2879 4012 3033 4067 irque
3056 3995 3422 4066 TheOphanes
3449 4010 3514 4051 ac

1934 4087 2275 4159 Nicephorus
2328 4088 2602 4144 scribunt.
2652 4085 2800 4143 Obiit
2858 4096 3041 4140 autem
3087 4084 3392 4147 Heraclius,
3457 4094 3514 4138 ut

1936 4180 2013 4235 ait
2044 4179 2158 4246 ille,
2191 4194 2380 4235 mense
2409 4177 2589 4232 Martii
2624 4176 2927 4233 indictione
2962 4176 3049 4241 14,
3084 4178 3331 4246 adeoque
3371 4190 3514 4230 anno

1936 4270 2062 4336 6M,
2104 4270 2199 4341 qui
2242 4270 2621 4325 Alexandrino
2648 4269 2752 4324 6'55
2786 4269 3170 4340 responderet,
3225 4268 3331 4323 nisi
3388 4268 3515 4323 huic

1935 4377 2077 4426 terat,
2110 4376 2173 4415 ea
2208 4376 2314 4430 qua
2356 4359 2596 4415 diximus
2632 4360 2871 4425 ratione,
2906 4376 3088 4416 anuus
3138 4375 3279 4414 unus
3326 4358 3519 4414 fuisset

1938 4454 2174 4509 ablatus.
2209 4452 2321 4508 Nec
2356 4454 2513 4508 aliter
2544 4468 2708 4523 quam
2738 4452 2806 4507 ab
2850 4453 2958 4507 isto
3005 4452 3276 4523 principio
3320 4465 3515 4507 nume-

1866 4550 1910 4605 D
1940 4549 2051 4603 rari
2083 4548 2272 4603 solitos
2298 4562 2472 4602 annos
2500 4544 2763 4612 Her-aelii,
2803 4545 3019 4616 probari
3043 4545 3207 4599 etiam
3239 4552 3421 4615 potest
3449 4560 3516 4598 ex

1942 4640 2119 4695 sancti
2171 4638 2448 4695 Anastasii
2510 4637 2693 4693 Persae
2730 4637 2892 4703 actis,
2952 4638 3018 4690 ad
3066 4639 3136 4691 22
3174 4636 3417 4691 Januarii
3452 4650 3517 4691 ex

1941 4740 2156 4789 vetusta
2189 4731 2647 4802 interpretatione
2675 4729 2873 4785 Latina
2908 4728 3093 4797 editis,
3139 4730 3229 4785 ubi
3273 4729 3321 4783 is
3375 4744 3520 4782 mar-

1939 4826 2139 4897 tyrium
2170 4836 2363 4895 passus
2383 4823 2585 4878 dicitur
2631 4842 2652 4874 ‹
2682 4838 2825 4877 anno
2858 4822 3079 4877 decimo
3118 4829 3313 4876 octavo
3344 4820 3520 4890 impe-

1942 4918 2009 4971 rii
2050 4916 2282 4973 Hcraclii
2336 4915 2577 4971 Piissimi
2629 4916 2981 4986 imperatoris
3008 4922 3063 4970 et
3103 4912 3322 4970 decimo
3361 4920 3523 4969 sexto

1941 5010 2286 5067 Constantini
2347 5010 2466 5079 ejus
2524 5010 2643 5064 tiiii.
2677 5029 2695 5060 ι
2747 5008 2882 5063 Nam
2944 5009 2990 5063 si
3042 5007 3332 5079 geminatis
3379 5007 3522 5062 intra

1942 5120 2108 5158 unum
2135 5118 2340 5158 annum
2375 5101 2773 5157 indictionibus
2817 5100 2959 5156 idem
3006 5116 3187 5156 annus
3214 5101 3380 5154 etiam
3422 5114 3523 5169 pro

1941 5198 2159 5252 duobus
2209 5196 2402 5251 fuisset
2434 5194 2687 5249 Heraclio
2721 5194 3023 5264 imputatus
3077 5192 3131 5247 in
3166 5192 3404 5263 publicis
3444 5200 3526 5246 ta-

1943 5290 2109 5355 bu'is,
2136 5291 2261 5344 etsi
2300 5298 2420 5359 post
2446 5289 2512 5341 i5
2533 5287 2780 5342 Januarii
2812 5287 2939 5340 anni
2965 5286 3090 5349 611,
3122 5296 3180 5340 ut
3209 5293 3391 5355 empta
3424 5283 3528 5339 fuit

1944 5378 2113 5432 scribi
2143 5377 2211 5431 15
2239 5376 2488 5443 indictio,
2522 5376 2603 5432 sic
2635 5376 2801 5431 etiam
2847 5375 3088 5445 scriptus
3126 5372 3318 5428 fuisset
3349 5388 3526 5427 anuus

1945 5470 2181 5527 lleraciii
2240 5470 2296 5534 2,
2333 5485 2513 5526 annus
2564 5476 2703 5540 quo‘
2748 5484 2948 5537 passus
3015 5475 3099 5523 est
3159 5466 3523 5531 Anastasius,

1943 5580 2216 5636 quemque
2251 5579 2318 5617 ex
2384 5563 2673 5633 ipsiusmet
2711 5558 2949 5614 Heraclii
2986 5559 3216 5627 epistola
3251 5558 3526 5613 Constan-

1943 5659 2225 5729 tin0polim
2250 5657 2457 5727 scripta
2480 5655 2546 5710 de
2577 5655 2741 5709 rebus
2769 5670 2798 5707 a
2833 5669 2891 5707 se
2922 5660 3112 5706 contra
3153 5651 3448 5705 (lbosroem
3470 5656 3526 5703 et

1945 5768 2070 5808 cum
2124 5750 2297 5823 Syroe
2336 5749 2553 5822 gestis,
2624 5754 2847 5803 constat
2907 5743 3107 5798 festum
3165 5740 3520 5798 Pentecostes

1949 5844 2014 5900 15
2035 5843 2158 5900 Maii
2206 5842 2480 5909 retulisse,
2522 5847 2576 5898 ct
2628 5838 2664 5895 '5
2704 5837 2908 5911 Aprilis
2953 5834 3217 5892 habuisse
3268 5829 3519 5889 Domini.
