4038 6298
520 239 663 309 1179

1442 242 1542 304 DE
1568 242 1627 306 S.
1655 240 2150 303 ’l'HEOPHANI-S
2188 238 2850 304 CHRONOGRAPHIA

3645 241 3800 309 1180

520 371 647 414 eam
692 356 751 413 in
802 355 979 419 Albis,
1033 354 1282 425 adeoque
1341 353 1514 411 fuisse
1544 356 1788 427 vulgaris
1830 370 1952 413 serae
2003 352 2108 409 628
2140 362 2183 415 Α
2212 360 2424 425 spectet
2473 362 2589 408 tota
2636 353 2899 411 Cbosrore
2940 352 3241 427 Syrorsque
3271 354 3565 426 tragmdia‘,
3587 364 3645 411 et
3667 373 3804 428 quae

521 448 644 516 hic,
709 449 971 519 inquam,
1025 462 1206 504 annus
1270 446 1553 505 debuisset
1599 448 1839 505 lleraclii
1894 447 1962 504 l9
2003 463 2107 501 nu-

522 540 747 596 mereri.

596 628 693 685 22.
753 627 895 695 Quid
936 628 1109 701 igitur
1159 625 1562 698 Theophanes,
1608 627 1844 698 inquies,
1889 637 1942 683 et
1989 629 2109 698 ejus

525 721 802 793 interpres
834 722 1164 778 Anastasius
1193 737 1282 778 res
1316 738 1511 779 omnes
1555 724 1700 777 inter
1720 722 2022 779 Chosrocm
2054 732 2110 780 et

527 812 756 885 Syroem
788 822 973 884 gestas
1006 820 1062 868 et
1094 812 1445 884 imperatoris
1481 813 1738 869 victorias
1766 814 1936 883 posti
1976 813 2112 869 indi-

529 908 733 965 ctionis
786 908 1004 963 initium
1064 907 1341 972 obtentas,
1386 891 1470 962 in,
1504 921 1705 961 annum
1752 903 1987 964 lieraclii
2041 904 2108 961 l7

529 1010 947 1073 compegerunt,
996 1013 1210 1071 suoque
1265 999 1517 1071 exemplo
1562 1014 1783 1056 movere
1829 1015 1979 1066 eum,
2013 1000 2109 1071 qui

534 1098 713 1155 sancti
740 1096 1020 1153 Anastasii
1044 1105 1166 1151 aeta
1196 1096 1435 1166 poiitiori
1462 1095 1601 1167 stylo
1626 1095 1862 1160 ornavit,
1884 1101 1943 1147 ut
1965 1106 2115 1148 eume

533 1188 651 1243 dem
678 1201 879 1242 annum
911 1186 1078 1241 etiam
1130 1189 1247 1256 ipse
1292 1185 1437 1239 dicto
1467 1182 1730 1257 martyrio
1772 1181 2112 1254 assignaret?

535 1279 653 1336 Hoc
680 1294 875 1349 nempe
903 1291 985 1335 est
1008 1278 1153 1348 quod
1189 1276 1257 1332 ad
1299 1276 1430 1331 acta‘
1450 1276 1710 1346 praedicta
1739 1274 1974 1331 diximus
2007 1274 2114 1347 (π),

530 1382 707 1426 annos
739 1368 804 1423 l7
842 1374 898 1423 et
934 1367 1022 1433 l8,
1057 1364 1298 1424 Heraclii
1347 1366 1613 1425 confusos
1667 1367 1738 1425 ab
1784 1369 2108 1428 auctoribus

529 1476 675 1517 esse.
726 1459 883 1528 Quod
940 1461 1081 1517 satis
1128 1459 1351 1532 quidem
1393 1459 1663 1516 intellexit
1696 1461 2109 1519 eruditissimus

532 1552 793 1612 Petavius
838 1568 961 1611 cum
990 1552 1154 1619 dixit,
1199 1553 1432 1608 relatam
1480 1551 1549 1609 de
1570 1552 1777 1608 Razate
1813 1552 2107 1609 Persarum

437 1690 449 1704 .
530 1649 762 1704 ductore
798 1646 1091 1705 victoriam
1133 1664 1153 1699 ι
1191 1659 1338 1700 anno
1368 1644 1437 1699 18
1470 1644 1685 1716 imperii
1710 1643 1822 1714 jam
1850 1644 2109 1701 inchoato

530 1743 715 1800 cuml
762 1741 1104 1803 indictione:
1169 1759 1189 1794 ι
1223 1756 1337 1796 non
1392 1714 1578 1795 tamen
1632 1738 1919 1811 explicuit,
1976 1714 2185 1810 quidB

530 1843 679 1892 esset
704 1842 815 1890 tota
845 1832 975 1889 anni
1002 1833 1361 1906 praecedentis
1382 1831 1485 1887 627
1519 1831 1713 1903 hyeme
1736 1836 1900 1902 atque
1920 1838 2113 1887 testate

532 1938 756 1985 actum:
805 1942 981 1999 quare
1012 1926 1066 1983 in
1094 1926 1320 1998 ancipiti
1350 1939 1450 1983 nos
1484 1924 1707 1981 relictos
1737 1922 2110 1990 crederemus,

528 2024 640 2095 nisi
675 2039 741 2080 ex
770 2022 891 2094 ipso
922 2020 1278 2091 Theophane,
1311 2034 1445 2077 suos
1489 2018 1667 2091 ipsius
1690 2018 1940 2074 calculos
1975 2032 2113 2074 con-

532 2115 817 2182 fundente,
842 2115 935 2171 lux
962 2114 1123 2172 nobis
1155 2114 1341 2186 aliqua
1369 2111 1680 2184 aliulgeret.
1714 2111 1932 2168 Etenim
1966 2125 2112 2167 anno

537 2208 774 2264 llcraclii
818 2208 906 2273 l6,
955 2221 1191 2263 narrans
1238 2213 1425 2264 vastos
1463 2204 1725 2261 Chosrois
1762 2220 1886 2262 cum
1910 2203 2114 2276 duplici

535 2302 783 2358 exercitu
838 2308 1091 2365 conatus,
1130 2298 1292 2355 facile
1336 2298 1584 2355 ostendit
1620 2307 1793 2353 totum
1846 2312 1973 2353 eum
2015 2312 2109 2352 an-

537 2410 690 2456 num,
725 2394 894 2450 rebus
925 2408 1048 2459 quae
1080 2394 1149 2449 ibi
1186 2392 1581 2450 describuntur
1614 2401 1806 2446 contra
1843 2390 1988 2446 Saim
2016 2407 2111 2464 ge-

535 2488 639 2544 stis
692 2488 863 2545 fuisse
918 2498 1304 2559 occupatum,
1365 2486 1601 2557 ideoque
1671 2483 1978 2541 Turcorum
2049 2499 2114 2539 ex

535 2575 761 2634 Perside
812 2593 1121 2651 regressum
1177 2590 1232 2636 et
1279 2593 1405 2636 cum
1462 2578 1825 2649 imperatorio
1868 2575 2115 2633 exercitu

535 2673 1003 2745 conjunctionem,
1049 2681 1145 2729 aut
1185 2672 1447 2728 incidisse
1478 2672 1532 2726 in
1587 2680 1911 2725 autumnum
1962 2684 2114 2733 eum,

539 2767 685 2822 unde
718 2768 966 2836 proxime
999 2781 1235 2838 sequens
1265 2765 1583 2822 Graecorum
1617 2780 1797 2819 annus
1835 2763 1984 2820 ducit
2015 2763 2118 2818 ini-

537 2861 713 2925 tium,
770 2868 862 2915 aut
919 2858 1058 2915 forte
1114 2860 1279 2915 etiam
1331 2858 1507 2913 multo
1548 2859 1728 2915 serius
1780 2855 2112 2929 contigisse;

540 2952 762 3008 interim
812 2953 941 3008 dum
990 2952 1128 3008 alter
1171 2951 1515 3008 Persicarum
1574 2949 1861 3021 copiarum
1921 2949 2117 3003 ductor

541 3046 833 3111 Sarberus,
855 3045 1178 3101 continuata
1209 3045 1375 3099 etiam
1404 3058 1499 3114 per
1521 3042 1773 3115 hyemem
1800 3040 2112 3106 obsidione,

540 3138 940 3196 Chalcedonem
976 3138 1195 3211 premit.
1252 3136 1314 3192 In
1348 3151 1459 3207 quo
1502 3135 1823 3207 repellendo
1865 3140 1921 3189 et
1959 3133 2118 3189 boste

539 3231 921 3304 persequendo
950 3246 1087 3302 opus
1108 3240 1197 3287 est
1234 3229 1579 3302 insumptum
1621 3228 1794 3284 fuisse
1819 3227 1965 3299 quod
1997 3242 2117 3283 esse

539 3333 757 3397 poterat
788 3340 855 3379 ex
899 3325 1093 3396 hyeme
1126 3322 1426 3394 reliquum.
1474 3320 1616 3379 lliuc
1650 3322 1809 3377 fessis
1849 3320 2120 3377 militibus

543 3421 669 3475 data
705 3420 884 3491 quies,
916 3425 971 3475 et
1006 3420 1267 3487 utrinque
1302 3416 1559 3488 parandis
1589 3415 1654 3470 ad
1698 3424 1975 3470 extremos
2019 3430 2117 3470 co-

542 3522 707 3569 natus
740 3513 947 3568 viribus
993 3511 1292 3592 incubuere
1345 3517 1553 3580 partes,
1608 3507 1910 3579 praesertim
1946 3507 2120 3562 ilera-

545 3610 709 3673 clius,
734 3609 897 3680 idque
920 3606 1201 3679 diligentia
1222 3613 1398 3668 tanta,
1427 3613 1486 3659 ut
1515 3604 1729 3659 hostem
1763 3610 2120 3675 praeverteris,

547 3705 730 3759 statim
767 3716 797 3755 a
828 3698 1015 3755 mense
1050 3697 1381 3770 Septembri,
1418 3712 1623 3751 annum
1656 3694 2123 3764 Consmntinopo-

547 3795 735 3852 litanis
770 3793 874 3849 628
919 3792 1236 3859 inchoante,
1282 3790 1337 3846 in
1371 3790 1587 3846 hostem
1617 3787 1874 3856 moverit,
1914 3802 2123 3858 easque

550 3906 639 3950 res
684 3889 956 3961 gesserit,
1004 3902 1164 3958 quas,
1204 3886 1333 3957 quia
1385 3883 1525 3941 duos
1581 3882 1798 3957 priores
1854 3897 2028 3937 annos
2066 3882 2121 3936 in

549 3999 719 4038 unum
771 3980 1127 4055 Theophanes
1185 3977 1561 4043 conﬂaverat,
1625 3976 1691 4032 ad
1753 3975 1822 4031 l7
1884 3973 2122 4030 Heraclii

549 4093 753 4133 annum
792 4085 846 4133 et
888 4075 1242 4132 indictionem
1294 4072 1363 4129 l5
1400 4087 1594 4128 omnes
1643 4077 1730 4127 est
1765 4079 1989 4125 coactus
2034 4083 2123 4124 τρε

550 4170 712 4313 reg;
752 4254 953 4312 Verum
1010 4253 1142 4308 dum
1202 4266 1299 4322 per
1353 4263 1573 4305 menses
1614 4248 1863 4319 singulos
1896 4261 2125 4318 pregre-

550 4352 729 4413 diens,
762 4348 983 4404 tandem
1036 4345 1105 4401 ad
1151 4344 1219 4399 l2
1274 4362 1294 4396 ς
1336 4342 1483 4399 diem
1517 4340 1831 4398 Decembris
1853 4340 2122 4410 pervenit,

2212 445 2366 503 missi
2402 444 2549 502 ultro
2576 446 2823 517 citroque
2861 448 2933 505 de
2955 448 3259 506 fmderibus
3293 449 3470 504 nuntii
3504 463 3670 521 egere
3698 467 3803 507 us-

2209 552 2316 608 que
2347 537 2419 594 ad
2458 540 2602 595 diem
2644 536 2708 594 l5
2734 539 2857 594 Maii
2891 539 3209 597 indictionis
3243 540 3293 604 l,
3318 556 3428 611 quo
3461 543 3614 597 lecta:
3658 553 3803 599 sunt

2210 632 2690 703 ConstantinOpoli
2736 649 2804 690 ex
2859 640 3119 705 suggestu
3186 634 3239 690 in
3287 637 3651 691 sanctissima-
3702 636 3800 692 Dei

2213 720 2409 793 Magna
2445 720 2678 778 ecclesia
2708 718 2997 778 Laureata:
3020 722 3368 793 imperatoris
3390 723 3605 787 litterae,
3651 738 3802 777 nun-

2213 815 2413 869 tiantes
2442 821 2669 869 mortem
2712 811 2971 870 Chosroa:
2997 824 3051 869 et
3083 814 3557 886 inaugurationem
3581 813 3799 887 Syram,

2214 906 2476 978 pacisque
2534 905 2795 963 stabilita
2853 906 3103 962 ordinem
3155 918 3323 977 atque
3383 907 3800 962 conditiones:

2213 1014 2353 1071 quas
2381 999 2599 1056 litteras
2626 1007 2815 1055 aestate
2839 999 2951 1071 jam
2984 999 3195 1063 adulta,
3230 999 3545 1055 laetissimus
3574 999 3802 1070 excepit

2211 1093 2427 1151 reditus
2477 1092 2737 1159 ilcraclii,
2774 1108 2995 1150 crucem
3048 1091 3390 1149 Dominicam
3434 1093 3799 1162 reportantis,

2209 1202 2335 1243 cum
2360 1186 2471 1257 jam
2511 1200 2651 1241 nova
2679 1184 2907 1241 indictio
2930 1198 3055 1241 cum
3078 1201 3225 1241 anno
3256 1185 3536 1241 communi
3568 1183 3809 1241 Graeco-

2211 1293 2332 1334 rum
2367 1286 2545 1348 erepta
2575 1286 2742 1335 esset.

2274 1374 2375 1430 '24.
2415 1375 2594 1444 Atque
2624 1387 2773 1428 nunc
2798 1372 2872 1428 ita
2898 1371 3045 1428 clare
3069 1371 3323 1430 videnlur
3353 1372 3654 1438 eiucidata,
3678 1386 3801 1445 quae

2210 1464 2340 1522 olim
2390 1465 2660 1521 duntaxat
2704 1466 2756 1519 in
2808 1464 3047 1522 transitu
3097 1466 3467 1537 perstringere
3507 1465 3694 1531 licuit,
3747 1477 3803 1522 et

2211 1559 2392 1614 omnia
2424 1574 2547 1614 cum
2579 1556 2974 1624 Alexandrino,
3008 1566 3065 1613 ut
3096 1567 3318 1626 vocant,
3345 1558 3648 1625 Chronico,
3696 1575 3801 1615 an-

2211 1652 2299 1709 nis
2347 1652 2512 1725 paulo
2572 1659 2696 1724 post
2748 1651 2959 1709 secutis
3014 1652 3245 1725 scripto,
3296 1654 3639 1710 conveniunt
3698 1668 3803 1725 op-r

2214 1746 2367 1801 time.
2420 1743 2575 1800 Nunc
2621 1743 2758 1801 libet
2816 1754 2885 1801 ex
2920 1744 3113 1802 eodem
3150 1744 3431 1803 Chronico
3467 1748 3799 1812 observare,

2215 1834 2491 1909 quomodo
2525 1836 2723 1907 primis
2754 1836 2995 1893 Heraclii
3028 1837 3192 1895 annis
3216 1836 3419 1894 factum
3472 1839 3565 1905 sit,
3604 1851 3665 1896 ut
3704 1851 3805 1911 per

2213 1929 2536 2000 explicatam
2575 1930 2832 2001 superius
2861 1931 3314 1988 constitutionem
3343 1932 3617 2004 jubentis,
3645 1945 3708 1989 ut
3732 1936 3802 1989 ab

2214 2022 2303 2078 die
2339 2016 2409 2079 15
2435 2022 2685 2079 Januarii
2725 2038 2903 2095 usque
2949 2023 3005 2079 in
3041 2024 3171 2081 anni
3202 2023 3361 2081 linem
3410 2044 3431 2079 ε
3470 2027 3538 2082 15
3567 2028 3812 2084 indictio

2214 2124 2270 2171 et
2296 2116 2617 2173 consulatus
2656 2116 2893 2173 Heraclii
2926 2138 2947 2172 ι
2990 2117 3345 2186 scriberetur,
3402 2120 3621 2176 initium
3672 2120 3805 2191 qui-

2215 2207 2340 2264 dem
2392 2208 2752 2264 indictionum
2805 2224 2838 2264 a
2888 2207 3201 2281 Septembri
3247 2210 3316 2264 ad
3361 2210 3513 2266 aliud
3580 2220 3805 2284 tempus

2215 2300 2543 2375 translatum
2596 2298 2783 2366 fuerit,
2834 2316 2945 2356 non
2992 2308 3177 2357 tamen
3224 2316 3410 2357 earum
3440 2300 3643 2376 Cyclns
3690 2316 3811 2358 uno

2216 2408 2363 2450 anno
2394 2395 2738 2450 acceleratus
2773 2411 2787 2446 :
2846 2395 2976 2465 quia
3026 2410 3222 2466 nempe
3256 2395 3534 2452 secundus
3561 2392 3809 2452 ileraclii

2216 2500 2395 2540 annus
2430 2499 2537 2540 non
2593 2482 2697 2539 fuit
2732 2484 2984 2555 signatus
3023 2484 3331 2540 indictione
3366 2483 3417 2551 1,
3454 2484 3604 2556 quod
3647 2482 3810 2556 Cyclt‘

2216 2574 2566 2646 quindenarii
2601 2576 3203 2648 numerus-anticipate
3229 2577 3481 2649 expletus
3525 2577 3807 2648 postulas-

2217 2674 2335 2734 set;
2384 2669 2477 2724 sed
2519 2667 2595 2723 ita
2638 2670 2902 2740 scriptum
2954 2668 3085 2737 fuit,
3157 2688 3176 2723 ο
3212 2669 3322 2725 ind.
3372 2669 3461 2737 l5,
3508 2668 3667 2727 Hier.
3714 2670 3801 2737 ll,

2217 2770 2341 2834 post
2386 2764 2600 2819 consul.
2655 2761 2897 2819 lleraciii
2954 2763 3235 2835 Augusti:
3280 2782 3298 2815 ι
3366 2771 3420 2820 et
3459 2765 3546 2840 sic
3599 2778 3804 2820 conse-

2217 2862 2449 2923 quenter
2477 2869 2623 2910 anno
2656 2854 2818 2911 tertio
2863 2873 2881 2907 ι
2927 2855 3042 2911 ind.
3080 2854 3131 2922 l,
3174 2852 3304 2911 iier.
3340 2855 3434 2911 111
3491 2866 3621 2928 post
3665 2871 3803 2913 con-

2218 2945 2456 3002 sulatum
2508 2945 2747 3003 Iieraeiii
2789 2947 3019 3018 Augusti
3050 2948 3111 3003 11
3151 2968 3170 3002 ι
3218 2950 3442 3022 quando
3471 2952 3636 3007 etiam
3669 2966 3807 3008 con-

2218 3040 2471 3096 stitutum
2517 3048 2622 3109 est,
2659 3050 2720 3096 ut
2758 3056 2787 3096 a
2821 3043 2908 3099 die
2937 3042 3009 3099 23
3048 3041 3297 3099 Januarii
3331 3044 3413 3101 sic
3444 3046 3805 3114 scriberetur,

2226 3152 2246 3188 ι
2286 3133 2505 3207 imperii
2554 3134 3098 3207 religiosissimorum
3141 3145 3458 3195 nostrorum
3487 3139 3808 3213 principum

2218 3236 2276 3285 et
2314 3228 2678 3284 maximorum
2706 3230 3093 3287 beneﬁciorum
3130 3241 3444 3297 auctorum,
3476 3233 3647 3289 Flavii
3698 3233 3805 3291 ile-

2221 3321 2379 3378 raclii
2426 3322 2686 3394 piissimi,
2739 3338 2884 3379 anno
2922 3323 3063 3391 111,
3107 3336 3230 3397 post
3259 3326 3603 3383 consulatum
3651 3328 3807 3398 ejus-

2222 3416 2344 3472 dem
2402 3430 2550 3473 anno
2608 3418 2691 3481 ll,
2732 3426 2786 3473 et
2833 3417 3004 3475 Flavii
3060 3418 3299 3475 lieraclii
3356 3420 3604 3479 Junioris
3658 3422 3809 3479 Cena

2222 3508 2471 3577 stantini,
2516 3525 2545 3564 a
2597 3508 2707 3566 Deo
2769 3510 3030 3566 custoditi
3088 3512 3182 3567 lilii
3218 3514 3363 3583 ejus,
3400 3530 3546 3570 anno
3599 3518 3807 3588 primo,

2223 3617 2441 3674 semper
2473 3601 2850 3673 Augustorum
2879 3604 3297 3676 imperatorum.
3329 3626 3347 3660 ι

2293 3694 2383 3751 25.
2422 3692 2625 3751 Verum
2652 3697 2719 3751 ad
2752 3697 2896 3767 quod
2926 3705 3141 3770 tempus
3188 3701 3441 3758 dicemus
3469 3701 3799 3757 translatum

2224 3786 2587 3844 indictionum
2645 3789 3313 3862 initium3The0phanes,
3363 3794 3510 3849 nulla
3571 3794 3802 3850 istarum

2226 3881 2528 3937 novitatmn
2562 3882 2747 3937 habita
2777 3885 3013 3948 ratione,
3053 3893 3107 3940 et
3138 3900 3311 3941 annos
3345 3884 3582 3942 lieraclii
3626 3888 3801 3959 impe-

2225 3968 2426 4024 ratoris
2467 3975 2522 4025 et
2555 3969 2886 4028 indictiones
2925 3988 2953 4027 a
3004 3972 3313 4045 Septembri
3354 3991 3543 4032 mense
3590 3977 3803 4034 subdu-

2225 4075 2351 4116 cere
2379 4076 2440 4117 se
2479 4060 2771 4119 manifeste
2815 4063 3042 4130 indicat,
3080 4082 3201 4121 cum
3245 4082 3390 4122 anno
3424 4065 3665 4124 iieraclii
3712 4084 3801 4125 se-

2225 4153 2466 4209 cundum
2496 4155 2769 4210 calculum
2796 4154 2915 4226 ejus
2948 4158 3130 4224 tertio,
3177 4159 3270 4214 sed
3307 4161 3609 4216 secundum
3661 4162 3800 4218 veri-

2226 4254 2392 4307 taJem
2468 4256 2521 4303 et
2587 4250 2863 4320 publicam
2940 4251 3216 4307 scribendi
3272 4252 3559 4308 formulam
3627 4255 3801 4310 adhuc

2227 4342 2496 4406 secundo,
2534 4350 2724 4397 narrat
2748 4345 3160 4401 coronationem
3194 4344 3512 4418 Epiphaniae
3542 4363 3574 4404 a
3612 4348 3800 4421 Sergio

549 4458 661 4515 quo
683 4442 1122 4515 ipselmperator
1146 4446 1273 4494 ante
1290 4451 1480 4492 omnes
1520 4434 1810 4507 prosiliens
1831 4433 2119 4490 Persarum
2157 4445 2199 4501 ο
2229 4435 2548 4507 patriarcha
2583 4435 2779 4491 factam
2818 4453 2837 4489 ι
2886 4440 3095 4495 mensis
3140 4439 3408 4497 Octobris
3426 4440 3517 4496 die
3567 4442 3625 4509 4,
3662 4440 3801 4499 Indi—

551 4538 833 4593 ductorem
857 4533 1106 4597 offendit,
1133 4546 1369 4601 eumque
1395 4528 1486 4585 Dei
1528 4529 1734 4584 virtute
1757 4536 1812 4583 et
1839 4526 1933 4582 Dei
1956 4525 2125 4582 Geni-

555 4630 707 4686 tricis
772 4629 980 4684 auxilio
1038 4626 1379 4698 prostravit,
1424 4643 1441 4676 ι
1504 4624 1624 4695 ipse
1667 4637 1826 4679 suum
1880 4636 2122 4676 errorem

550 4726 780 4791 indicat,
809 4734 862 4779 et
887 4722 1094 4795 pariter
1143 4721 1318 4775 facem
1358 4717 1519 4773 nobis
1560 4732 1781 4772 rursum
1818 4713 1995 4782 effert,
2042 4714 2125 4769 di-

552 4837 724 4877 cens:
801 4837 819 4871 t
851 4816 1077 4872 Sabbati
1133 4814 1277 4870 diem
1326 4811 1520 4867 fuisse.
1566 4829 1585 4862 ι
1646 4808 1761 4865 Hoc
1811 4809 1956 4865 enim
2012 4822 2124 4863 non

553 4913 790 4985 quadrat
825 4911 878 4965 in
931 4910 997 4964 l5
1033 4906 1417 4967 indictionem,
1470 4902 1575 4957 nisi
1604 4904 1776 4972 ipsam
1810 4917 1837 4955 a
1864 4898 2126 4956 Januario

555 5010 607 5065 in
651 5006 978 5064 Januarium
1026 5003 1234 5066 ducas;
1289 4998 1386 5057 sed
1442 4999 1498 5053 in
1544 4996 1896 5053 indictionem
1945 4996 1967 5050 l
2018 5013 2123 5066 qua

553 5101 717 5175 (lycio
754 5100 885 5157 solis
920 5098 1012 5163 20,
1042 5099 1223 5152 littera
1268 5092 1595 5151 Dominicali
1632 5092 1673 5144 D
1714 5091 1832 5147 dies
1864 5091 1931 5146 1%
1964 5093 2100 5146 Octo

553 5194 667 5248 bris
689 5188 1057 5245 concurrebat
1084 5200 1210 5242 cum
1244 5183 1506 5252 Sabbato,
1545 5197 1599 5240 et
1628 5199 1807 5239 annus
1834 5183 1949 5251 628',
1974 5180 2127 5237 Grac-

554 5291 636 5344 cis
672 5288 727 5341 in
762 5300 953 5349 cursu,
1006 5282 1167 5338 nobis
1208 5291 1389 5337 autem
1428 5281 1482 5334 in
1508 5278 1694 5350 januis
1731 5288 1898 5334 esset.
1940 5277 2129 5349 itaque

532 5395 679 5440 cum
727 5377 955 5447 reliquis
1000 5375 1167 5446 hujus
1200 5372 1329 5429 anni
1374 5372 1540 5429 rebus
1586 5371 2007 5443 coniungendus
2046 5381 2131 5426 est

553 5474 831 5547 gloriosus
871 5468 1221 5542 imperatoris
1272 5482 1560 5539 regressus
1593 5467 1648 5521 in
1688 5465 1902 5530 urbem,
1946 5474 1999 5521 et
2027 5480 2130 5536 pax

556 5567 791 5640 imperio
825 5575 1015 5637 parta;
1054 5562 1256 5634 quibus
1288 5560 1423 5617 solis
1452 5557 1667 5614 duobus
1695 5559 1916 5630 punctis
1946 5555 2130 5611 Theo-

552 5662 765 5734 phanes
826 5658 1017 5731 implet
1067 5671 1270 5711 annmn
1329 5651 1713 5708 Alexandrinae
1776 5666 1933 5715 terre,
1988 5650 2133 5705 sicut

561 5756 803 5814 diximus
852 5752 1225 5826 pmcipitatze,
1277 5746 1382 5803 619
1428 5764 1549 5803 cum
1600 5748 1735 5801 alius
1779 5746 1841 5800 ad
1878 5744 2129 5802 eumdem

2228 4530 2409 4585 ctione
2444 4529 2493 4584 l.
2543 4551 2561 4581 ›
2617 4530 2681 4585 Et
2714 4530 2904 4587 eodem
2936 4531 3195 4605 deinceps
3240 4548 3402 4605 passu
3436 4536 3799 4605 progreditur.

2226 4623 2539 4681 Chronicon
2573 4640 2704 4680 vero
2743 4624 3122 4697 supradictum
3153 4628 3255 4684 sub
3283 4628 3350 4684 l5
3384 4628 3690 4685 indictione
3722 4629 3800 4684 fee

2227 4729 2372 4776 ctum
2401 4718 2536 4774 illud
2564 4720 2747 4775 adhuc
2776 4720 3096 4791 relinquens
3123 4763 3139 4788 ,
3171 4720 3344 4792 ipsam
3383 4721 3598 4778 videtur
3636 4737 3800 4793 usque

2227 4810 2297 4867 ad
2321 4808 2649 4867 Januarium
2700 4810 3055 4882 protrahere:
3085 4808 3287 4866 deinde
3319 4825 3450 4867 vero
3483 4812 3638 4868 clare
3669 4812 3798 4868 ἱειάί-

2226 4913 2341 4975 cat,
2378 4920 2489 4961 non
2552 4904 2698 4961 idem
2760 4918 3031 4962 annorum
3066 4906 3280 4977 imperii
3330 4914 3387 4962 et
3439 4907 3799 4965 indictionum

2228 4999 2444 5056 censeri
2502 4998 2744 5063 initium,
2792 5000 3026 5069 ideoque
3083 5012 3229 5054 anno
3280 5006 3408 5070 post
3456 5004 3796 5058 cunsulatum

2230 5093 2467 5151 Heraclii
2502 5094 2625 5160 ill,
2667 5108 2790 5149 cum
2833 5094 2888 5147 ll
2929 5094 3227 5149 indictione
3261 5095 3583 5165 conjuncto,
3616 5099 3800 5152 subne‘

2230 5200 2387 5246 ctens
2435 5195 2589 5260 gesta
2621 5185 2711 5242 die
2748 5186 2838 5250 14,
2868 5180 3102 5256 θοι·ρίκί
3152 5186 3377 5253 mensis,
3420 5187 3513 5259 qui
3545 5187 3799 5245 Romanis

2230 5292 2316 5340 est
2348 5281 2689 5353 September,
2715 5295 2976 5352 expresse
3010 5280 3077 5334 iis
3119 5279 3271 5336 addit
3291 5280 3647 5337 indictionem
3684 5281 3797 5338 111.

2233 5375 2309 5431 Ex
2345 5390 2456 5445 quo
2488 5379 2678 5444 posset
2706 5386 3056 5441 consequens
3108 5372 3346 5439 censeri,
3370 5374 3482 5442 jam
3531 5381 3649 5428 tum
3687 5387 3799 5443 pro-

2234 5478 2354 5542 pter
2382 5473 2730 5538 emergentes
2779 5481 2844 5521 ex
2890 5470 3306 5535 praemonstrata
3338 5466 3641 5523 mutatione
3674 5464 3798 5522 ditii-

2235 5562 2494 5627 cultates,
2552 5557 2815 5617 reductas
2848 5558 3023 5614 fuisse
3074 5558 3140 5613 ad
3191 5558 3407 5614 initium
3470 5559 3797 5631 Septembris

2236 5652 2599 5716 indietiones,
2636 5651 2743 5706 nisi
2788 5651 2840 5704 in
2900 5649 3093 5706 eodem
3145 5649 3444 5717 Chronico,
3496 5667 3622 5708 mox
3666 5665 3798 5708 anno

2240 5748 2490 5818 sequenti
2530 5760 2655 5803 cum
2684 5744 2776 5798 111
2816 5743 3115 5801 indictione
3144 5756 3456 5815 comparato
3488 5744 3801 5811 referretur,
