4038 6298
332 301 470 370 1181
1356 317 1530 380 GOD.
1575 309 2055 384 HENSGIIENII
2097 320 2624 399 DISSERTATIO.
3498 334 3636 404 H82

331 416 473 489 quid
620 436 770 519 anno
824 426 1058 519 coeperit
1108 427 1254 486 inter
1312 432 1660 503 psallendum
1717 435 2004 496 servariA
2035 440 2227 514 Πάςχα
2260 460 2457 518 magna
2507 446 2757 519 paschali
2795 446 3148 504 solemnitate
3191 444 3328 506 feria
3373 447 3429 505 ι.
3472 467 3492 502 ι
3546 448 3625 505 ita

333 527 371 609 ξ
402 513 1032 609 {Pfimadeluniorum
1081 519 1425 580 hebdomade
1467 524 1773 584 indictione
1801 527 1856 584 4.
1896 546 1918 580 ι
2035 538 2311 609 interpres
2340 513 2375 596 ί
2399 513 2590 596 verum
2618 541 2664 598 si
2692 547 2758 599 ex
2792 539 2923 597 anni
2960 548 3018 597 et
3047 538 3373 599 indictionis
3417 542 3628 601 indicio

327 603 527 709 Quid?
653 606 767 678 jam
798 616 912 665 tum
941 619 1067 709 eum
1112 613 1272 709 initio
1304 615 1485 674 Martii
1517 618 1754 692 (Pascha
1778 616 1928 697 enim
2035 603 2327 703 requiras,
2388 635 2513 705 quis
2569 634 2692 691 dies
2746 632 2916 690 fuerit
2974 635 3043 691 Η
3091 633 3337 705 Aprilis,
3384 634 3630 709 invenies

325 696 404 797 Sit
450 697 653 772 Aprilis
694 704 1149 779 exspectabatur)
1198 710 1417 783 incepta
1458 721 1579 771 erat
1612 729 1755 771 nova
1788 696 1932 771 indi-
2032 696 2203 795 Cyclo
2231 696 2371 780 lunae
2401 696 2489 793 i7,
2528 726 2665 783 solis
2689 725 2785 793 9.4,
2820 726 2998 797 ipsam
3016 696 3361 781 Dominicam
3392 696 3632 782 Pascha:

325 793 468 861 ctio,
525 801 581 850 et
630 810 768 866 pene
816 800 1016 892 iterum
1076 801 1411 861 indictiones
1459 805 1585 862 dua:
1650 807 1710 863 in
1758 824 1925 864 unum
2033 793 2106 873 tis
2139 816 2349 875 fuisse:
2390 826 2563 889 quare
2589 793 2911 892 expungens
2965 819 3028 873 τὸ
3062 818 3332 890 πέμπτῃ,
3375 818 3627 890 imperita

328 891 1124 987 annum-etintpingebantur?
1170 894 1360 953 Potius
1404 899 1695 970 scriptoris
1728 901 1928 959 mendo
2033 926 2200 967 manu
2252 915 2443 969 nescio
2498 914 2643 971 unde
2692 914 2991 987 adjectum,
3036 914 3113 971 ita
3152 917 3363 971 clarum
3400 930 3625 972 sensum

326 975 368 1031 ti
399 992 498 1047 pro
530 977 621 1032 ili
682 979 978 1081 irrepsisse
1017 985 1358 1044 credemus?
1406 990 1486 1081 ita
1514 999 1660 1046 certe
1693 992 1930 1054 suadent
2033 1002 2227 1062 Latine
2258 1007 2489 1064 reddes:
2533 975 2877 1065 «Coronatus
2901 975 2987 1065 est
3020 1050 3034 1065 .
3066 1047 3084 1065 .
3120 1050 3135 1069 .
3161 1008 3281 1080 ipsa
3309 1010 3397 1066 die
3432 1024 3626 1081 magna

330 1082 604 1147 annorum
643 1074 1015 1142 posteriorum
1059 1079 1334 1149 exempla,
1367 1080 1579 1136 nullum
1618 1098 1729 1138 non
1765 1084 1917 1139 meu-

2029 1098 2360 1157 Pascltatis:
2395 1113 2416 1156 ι
2451 1118 2561 1173 quo
2585 1102 2845 1174 loquendi
2879 1103 3043 1159 modo
3082 1074 3223 1160 nihil
3264 1114 3347 1161 est
3382 1074 3625 1159 familia;

330 1178 452 1219 sem
500 1163 808 1237 Septembri
842 1169 1086 1240 priorem
1115 1171 1184 1226 ad
1221 1174 1471 1231 eamdem
1516 1176 1809 1233 referentia
1844 1178 1931 1233 in-
2030 1193 2150 1240 riug
2178 1192 2386 1240 armis
2408 1163 2482 1240 dt;
2498 1184 2516 1240 1

332 1256 664 1326 dictionem,
704 1277 812 1328 qua
844 1278 1024 1319 annus
1056 1266 1410 1338 imperatoris
1436 1269 1710 1340 signatur.

399 1348 494 1405 26.
521 1349 636 1408 lloc
666 1354 834 1424 igitur
855 1357 1122 1427 praecitati
1165 1359 1416 1416 chronici
1450 1360 1651 1416 mendo
1679 1361 1928 1420 admisso

327 1452 713 1516 curret-teque,
748 1446 857 1503 dici
903 1457 1107 1520 potest,
1151 1449 1316 1505 tertio
1348 1464 1471 1523 p051
1509 1451 1749 1510 Heraclii
1792 1470 1929 1511 cono

327 1537 574 1594 sulatum
603 1554 750 1597 anno
767 1541 951 1598 adhuc
983 1552 1241 1601 currente
1271 1560 1444 1619 usque
1470 1548 1536 1603 ad
1572 1545 1927 1616 Januarium,

327 1630 517 1688 denuo
548 1634 786 1705 erupisse
833 1636 1170 1696 indictiones
1198 1655 1229 1696 a
1268 1636 1578 1712 Septembri
1618 1643 1923 1700 numerari.

326 1724 493 1781 Certe
525 1739 720 1796 praeter
753 1729 869 1800 jam
904 1730 1115 1787 dictum
1153 1732 1358 1796 locum,
1395 1749 1556 1805 quem
1598 1735 1923 1791 mendosum

325 1834 451 1875 esse
478 1821 848 1891 suspicamur,
882 1824 1017 1879 nihil
1043 1833 1223 1897 potest
1253 1824 1458 1895 aﬂ‘erri,
1500 1843 1613 1899 quo
1643 1830 1922 1887 sustineas

325 1911 474 1967 tiltra
508 1929 634 1969 eum
674 1930 881 1972 annum
928 1916 1103 1975 fuisse
1146 1918 1413 1977 Januario
1464 1922 1789 1977 attributum
1842 1924 1923 1979 iu-

326 2006 590 2065 dictionis
638 2010 929 2068 exordium
965 2031 981 2070 :
1023 2015 1199 2069 multo
1249 2016 1456 2090 minus,
1509 2017 1676 2072 etiam
1729 2032 1925 2077 mense

324 2092 527 2157 Martio
552 2102 851 2173 aliquando
880 2104 1027 2162 illam
1056 2105 1372 2162 inchoatam
1406 2107 1600 2165 fuisse.
1631 2105 1769 2165 Nam
1795 2109 1925 2168 licet

324 2195 499 2251 verba
526 2194 762 2254 Heraclii
799 2200 853 2254 in
888 2200 1123 2272 epistola
1158 2217 1308 2259 anno
1356 2203 1462 2260 628
1503 2204 1711 2275 scripta
1746 2205 1813 2277 τῇ
1841 2200 1926 2259 κδ’

320 2284 420 2340 τοῦ
451 2288 811 2362 παρελθόντος
841 2291 1266 2365 Φευόρουαρίου,
1305 2294 1398 2366 τῆς
1417 2296 1778 2369 ἐνισταμένης
1799 2299 1924 2352 ἑπι-

321 2379 636 2451 νεμήσεως,
653 2382 930 2457 interpres
949 2386 1196 2451 verterit,
1217 2405 1237 2439 ε
1254 2387 1327 2443 24
1349 2387 1633 2447 Februarii
1662 2392 1919 2465 praeteriti

324 2472 562 2541 mensis,
593 2474 838 2557 instante
872 2476 989 2548 jam
1016 2478 1195 2550 prima
1227 2479 1553 2551 indictione,
1586 2502 1606 2538 ι
1644 2486 1803 2556 quasi
1821 2488 1923 2543 ati-

324 2564 437 2624 huc
477 2566 669 2625 futura
719 2578 870 2628 esset
921 2570 1175 2640 indictio,
1225 2591 1352 2648 qua:
1399 2576 1613 2649 pridem
1662 2577 1921 2636 inchoata

315 2659 433 2731 jam
471 2653 644 2720 liuere
671 2662 934 2733 debebat,
956 2665 1263 2724 secundum
1285 2669 1628 2728 ordinarium
1654 2669 1922 2743 Cyclum:

317 2755 528 2812 erravit
590 2764 774 2814 tamen
827 2759 1146 2827 manifeste,
1195 2761 1345 2831 quod
1389 2763 1669 2835 putaverit
1721 2766 1920 2838 ἑπινη-

319 2847 488 2920 μέσιν
518 2848 628 2929 hic
662 2852 980 2924 signiﬁcare
1011 2854 1393 2915 indictionem.
1442 2856 1729 2929 Nusquam
1769 2862 1919 2917 enim

318 2943 407 3001 vel
438 2944 529 3002 hic
561 2945 647 3002 vel
678 2945 828 3006 alius
863 2958 1061 3006 auctor
1079 2950 1241 3007 aliter
1260 2966 1383 3007 eam
1419 2953 1918 3027 appellavit,quam

325 3039 527 3098 Latino
565 3042 1170 3112 υσωίιιθἿνδικτιῶνος
1196 3049 1301 3118 (y).
1335 3048 1525 3121 igitur,
1571 3060 1632 3107 ut
1671 3047 1912 3109 Heraciii

2030 1193 2150 1249 rius
2178 1192 2386 1251 Graecis
2408 1196 2474 1251 de
2498 1190 2769 1253 Paschate
2792 1196 3107 1267 agentibus.

2016 1306 2019 1309 '
2100 1292 2159 1344 li.
2215 1288 2407 1344 Annus
2452 1288 2557 1346 556
2611 1291 2687 1345 ita
2731 1290 2972 1360 incipit:
3007 1308 3026 1341 ι
3063 1287 3174 1343 Hoc
3218 1304 3363 1345 anno
3410 1289 3620 1356 mensis

2028 1381 2370 1452 Septembris
2401 1395 2558 1440 sexto
2611 1383 2722 1450 die,
2750 1382 3111 1439 hebdomadis
3145 1384 3320 1453 primo
3350 1381 3621 1436 ινδικτιῶο

2027 1491 2118 1541 νος
2162 1475 2423 1548 ἐσδόμης,
2461 1484 2519 1532 ut
2551 1488 2638 1534 est
2676 1477 2733 1531 in
2764 1476 2999 1532 Graeco:
3044 1491 3154 1531 non
3204 1476 3373 1547 igitur
3401 1475 3624 1531 erudito

2030 1568 2319 1639 interpreti
2345 1568 2478 1625 vitio
2504 1575 2772 1634 vertatur,
2816 1568 2963 1641 quod
3008 1568 3224 1625 librarii
3266 1570 3620 1643 praeipitanh

2032 1662 2109 1717 tia
2172 1651 2366 1717 Latine
2422 1663 2739 1718 inveniatur
2806 1660 3162 1719 «indictione
3232 1664 3453 1733 prima;
3523 1661 3623 1718 sed

2030 1756 2242 1828 legatur
2278 1758 2508 1830 septima
2544 1774 2559 1812 :
2594 1773 2612 1809 ι
2658 1767 2712 1814 et
2741 1757 2960 1814 debitus
2993 1755 3139 1812 inter
3176 1756 3538 1812 intlictionetn
3586 1757 3625 1813 5

2030 1850 2160 1906 anni
2194 1849 2319 1913 534,
2354 1856 2411 1905 et
2454 1848 2817 1905 indictionem
2857 1836 2917 1904 il
2972 1848 3101 1904 anni
3131 1848 3236 1904 5-i0
3267 1850 3402 1905 ordo
3431 1864 3614 1906 serva-

2032 1952 2125 2000 tus
2161 1942 2498 1999 invenietur.

2103 2052 2190 2094 tn.
2250 2039 2411 2094 Anno
2446 2036 2554 2094 542
2580 2047 2705 2111 post
2732 2036 2999 2105 medium,
3030 2054 3052 2090 ε
3089 2033 3250 2093 Aidis
3285 2034 3620 2094 Sanctorum

2028 2128 2421 2204 Apostolorum
2483 2132 2835 2188 consecratio
2884 2131 3033 2188 facta
3074 2130 3283 2188 dicitur
3328 2128 3438 2190 ΕΡ.
3487 2128 3623 2190 Julii

2029 2223 2237 2283 mensis
2280 2222 2371 2280 die
2405 2223 2498 2291 28,
2530 2222 2695 2280 tertia
2737 2222 2916 2280 (cria:
2955 2240 2977 2275 ι
3033 2220 3125 2278 ubi
3154 2222 3209 2280 in
3239 2219 3432 2279 Graeco
3461 2236 3622 2296 aequo

2027 2332 2094 2375 ac
2118 2314 2315 2375 Latino
2344 2325 2498 2374 textu
2530 2314 2734 2374 Junius
2756 2316 2965 2373 mensis
2996 2325 3146 2374 esset
3190 2316 3619 2375 substituendus

2028 2424 2126 2483 pro
2152 2407 2329 2489 Juilo,
2352 2417 2427 2489 ut
2450 2410 2623 2483 Cycio
2668 2410 2806 2469 solis
2842 2409 2935 2477 27,
2956 2410 3142 2466 littera
3189 2409 3518 2468 Dominicali
3552 2409 3617 2481 Β,

2024 2504 2168 2572 dies,
2191 2487 2427 2573 mensis,
2444 2512 2501 2561 et
2522 2492 2888 2561 hebdomadis
2916 2504 3053 2561 feria
3073 2512 3226 2560 recte
3248 2503 3619 2564 conveniant:

2024 2599 2214 2670 itaque
2243 2596 2577 2656 Anastasius
2606 2596 3068 2656 bibliothecarius
3112 2598 3179 2654 ad
3221 2612 3426 2656 annum
3472 2612 3621 2672 prte-

2027 2690 2195 2749 latum
2227 2691 2361 2764 legit
2383 2700 2439 2750 et
2473 2690 2659 2758 vertit,
2688 2691 2799 2750 nisi
2829 2690 2978 2764 quod
3023 2693 3078 2749 in
3123 2689 3422 2750 Parisiensi
3464 2689 3619 2766 regis

2023 2784 2264 2841 editione
2291 2786 2785 2857 .typographurum
2842 2784 3059 2841 incuria
3108 2784 3163 2839 in
3210 2784 3374 2841 annis
3421 2768 3614 2839 Mundi

2022 2890 2079 2934 et
2126 2877 2337 2936 Christi
2389 2879 2459 2936 46
2521 2892 2621 2949 pro
2666 2877 2738 2933 42
2785 2879 3019 2948 legatur,
3052 2894 3120 2934 cx
3158 2877 3614 2935 autecedeutibut

2023 2980 2081 3029 et
2121 2971 2594 3042 consequentibus
2628 2972 2775 3028 haud
2817 2971 3115 3031 ditiicuiter
3153 2972 3481 3046 corrigendo
3521 2985 3613 3027 er-

2028 3077 2178 3120 rore.

324 3136 617 3206 epistolam
645 3147 799 3195 recte
824 3138 1123 3211 intelligas,
1147 3143 1244 3212 τῆς
1264 3142 1626 3217 ἐνισταμένης
1649 3147 1911 3217 tamm-

2101 3170 2179 3212 ιν.
2218 3155 2435 3210 Annum
2477 3155 2720 3227 proxime
2744 3163 3066 3228 sequentem
3098 3155 3154 3212 in
3185 3154 3377 3211 Graeco
3405 3153 3614 3227 pariter

326 3246 471 3295 σεως
506 3228 611 3303 (sic
645 3232 795 3289 enim
840 3233 1150 3305 legendum)
1203 3238 1538 3295 reddendum
1588 3239 1784 3296 Latine
1829 3252 1909 3298 est

328 3336 354 3372 ιε
392 3320 630 3377 instante
648 3320 765 3391 jam
794 3322 972 3390 primo
990 3338 1119 3381 vere
1143 3338 1244 3382 seu
1267 3329 1439 3397 prima
1467 3330 1860 3401 pabulatione;
1885 3350 1906 3385 ι

317 3416 408 3463 est
422 3411 568 3464 enim
590 3408 1148 3484 ἐπινέμησιςγθτῢοιθ
1167 3414 1239 3469 ab
1259 3414 1536 3489 ἐπινέμω,
1551 3415 1919 3477 luxuriantem

317 3500 377 3557 in
413 3501 541 3559 folia
574 3515 876 3561 sementem
910 3506 1207 3580 depascor.
1234 3528 1253 3563 ι
1287 3506 1403 3566 Hoc
1426 3518 1613 3567 autem
1647 3514 1836 3570 statim
1860 3512 1917 3570 in

315 3582 519 3651 Martio
568 3596 881 3655 iaciendum
917 3608 1001 3657 est
1043 3600 1100 3656 in
1135 3601 1245 3659 illis
1270 3603 1631 3661 calidioribus
1671 3606 1919 3678 regioni-

318 3691 426 3747 bus
458 3708 474 3746 :
524 3700 581 3748 et
625 3688 732 3750 hoc
769 3698 986 3767 tempus
1020 3695 1122 3752 iuit
1169 3705 1387 3754 moturo
1419 3700 1474 3755 in
1524 3698 1736 3772 patrem
1770 3699 1915 3757 Siroi

317 3785 637 3841 necessario
655 3789 1111 3858 exspectandum,
1145 3806 1215 3848 ne
1244 3791 1462 3848 defectu
1502 3794 1690 3865 pabuli
1723 3794 1918 3852 deiice-

315 3881 441 3930 rent
477 3891 574 3947 per
600 3875 800 3936 hiemis
830 3881 1207 3952 asperitatem,
1234 3885 1360 3956 equi
1389 3886 1443 3941 in
1480 3887 1681 3957 quibus
1717 3890 1916 3960 przeci-

315 3983 487 4037 puqu
515 3967 807 4029 Persarum
830 3972 1024 4041 robur,
1054 3986 1110 4031 et
1139 3992 1267 4048 spes
1287 3979 1633 4051 opprimendi
1656 3982 1917 4039 celeriter

316 4060 581 4121 tlbosrois
611 4073 726 4123 tota
760 4075 883 4125 erat
908 4071 1237 4129 constituta.

925 4181 1159 4242 CAPUT
1230 4184 1293 4243 γ.

318 4276 582 4369 Quantam
601 4290 995 4369 chronologica
1016 4298 1206 4353 menda
1239 4314 1332 4369 per
1363 4300 1709 4356 librariorum
1733 4317 1916 4358 socor-

388 4356 535 4413 diam
597 4356 899 4438 ﬁteophani
948 4384 1192 4438 aspersa,
1239 4356 1292 4426 'et
1322 4372 1385 4426 ab
1424 4373 1548 4429 aliis
1598 4391 1704 4430 non
1737 4356 1916 4428 obser-

390 4441 539 4516 vata:
610 4432 901 4492 Armorum-
963 4432 1217 4497 Hauritii
1286 4446 1626 4515 imperatoris
1707 4444 1911 4516 duplex

389 4501 609 4571 spartae.
716 4558 719 4559 ν

389 4616 481 4675 27.
518 4619 712 4678 Restat
764 4641 936 4693 nunc,
965 4636 1026 4684 ut
1067 4630 1293 4688 omissis
1338 4631 1574 4688 aliorum
1618 4641 1909 4689 auctorum

318 4708 403 4763 vel
428 4709 791 4784 interpretum
810 4718 1049 4786 mendis,
1080 4737 1316 4792 quorum
1340 4726 1614 4781 correctio
1638 4725 1705 4779 ad
1728 4724 1907 4781 Theo-

317 4801 555 4872 phanem
633 4808 1027 4869 illustrandum
1104 4814 1236 4871 facit
1281 4816 1441 4884 nihil,
1491 4819 1910 4877 observationes

316 4896 611 4956 cltronicas
639 4942 654 4966 ,
685 4919 808 4972 qua:
840 4906 1086 4975 priorum
1123 4920 1622 4967 commentatorum
1654 4914 1911 4971 videntur

318 4990 525 5063 fugisse
560 4994 921 5066 diligentiam,
959 5003 1232 5073 nobisque
1277 5006 1425 5060 aliud
1480 5009 1772 5078 agentibus
1813 5025 1907 5066 oc-

316 5093 634 5153 currerunt,
671 5089 726 5143 in
758 5091 992 5161 gratiam
1022 5096 1228 5151 curiosi
1268 5095 1489 5154 lectoris
1526 5099 1857 5156 adnotemus
1888 5144 1904 5169 ,

1931 4520 1987 4583 D

2020 3254 2077 3300 ct
2133 3246 2301 3301 latino
2363 3253 2515 3301 textu
2581 3243 2828 3323 blarsetis
2888 3246 3156 3304 adversus
3208 3246 3451 3303 Gotthos'
3485 3261 3614 3316 pro-

2019 3337 2189 3396 fectio
2215 3339 2432 3409 incipit,
2458 3347 2513 3395 et
2554 3338 2810 3413 signatur
2851 3360 2872 3391 σ
2907 3340 3217 3396 indictione
3250 3346 3448 3411 quarta
3495 3339 3613 3396 sive

2018 3432 2061 3488 δ’
2092 3450 2110 3489 :
2147 3449 2169 3487 ι
2221 3433 2319 3489 sed
2374 3448 2441 3490 ex
2494 3448 2662 3500 anno,
2701 3450 2866 3506 quem
2903 3433 3219 3490 immediate
3244 3442 3365 3505 post
3408 3451 3427 3485 ι
3462 3430 3613 3488 iudi-

2017 3525 2130 3581 etin
2162 3527 2377 3582 decima
2414 3526 2629 3599 quinta,
2662 3544 2683 3577 ι
2720 3523 2780 3581 ιε’
2820 3536 2973 3583 notat
3017 3525 3177 3583 facile
3202 3522 3611 3597 deprehendes,

2018 3621 2373 3691 quantumvis
2402 3620 2547 3677 iores
2579 3621 2701 3676 aliis
2723 3619 3077 3677 adminiculis
3097 3619 3419 3686 destitutus,
3448 3618 3611 3676 unius

2018 3714 2170 3770 eil'rte
2233 3713 2511 3770 defectum
2564 3714 2961 3787 supplendum,
3027 3714 3431 3787 legendumque
3483 3727 3611 3771 esse

2023 3825 2043 3859 ι
2083 3806 2389 3862 indictione
2426 3807 2636 3862 decima
2668 3817 2889 3879 quarta,
2924 3804 3009 3864 ιδ’.
3040 3827 3061 3861 ›

2090 3916 2146 3954 v.
2190 3898 2430 3956 Econtra
2482 3900 2538 3956 in
2600 3916 2747 3956 anno
2787 3900 2913 3967 546,
2975 3899 3068 3956 ubi
3124 3920 3142 3953 t
3187 3898 3513 3957 ilorrendus
3550 3898 3606 3955 in

2019 3996 2155 4051 urbe
2197 3993 2305 4053 (ΖΡ.
2357 4002 2521 4051 terrae
2566 4004 2752 4053 motus
2816 3997 3087 4053 accidisse
3145 3997 3352 4052 dicitur
3398 3994 3610 4054 mensis

2014 4089 2247 4160 Augusti
2280 4090 2500 4145 decimo
2529 4090 2744 4159 quinto,
2783 4098 2866 4157 ιε’,
2917 4100 3168 4162 tempore
3230 4091 3609 4149 illucesceutis

2009 4182 2126 4255 jam
2165 4182 2469 4239 Dominicse
2517 4185 2622 4239 diei
2668 4193 2793 4255 post
2845 4183 3080 4239 mediam
3147 4193 3390 4252 noctem,
3432 4205 3451 4239 ι
3486 4186 3608 4257 lege

2014 4274 2161 4330 diem
2192 4273 2403 4329 mensis
2445 4274 2798 4329 solummodo
2850 4274 3146 4343 decimum,
3193 4281 3246 4339 ι’,
3280 4276 3407 4347 quia
3436 4275 3605 4349 Gycio

2015 4367 2152 4423 solis
2176 4365 2234 4434 2,
2260 4365 2441 4421 littera
2469 4365 2794 4423 Detninicaii
2821 4366 2882 4435 E,
2911 4368 2967 4424 in
3004 4366 3149 4425 diem
3183 4367 3270 4438 10,
3301 4386 3413 4426 non
3452 4371 3507 4427 in
3536 4371 3605 4427 l5

2018 4458 2302 4516 Dominica
2342 4458 2641 4518 incidebat.

2083 4566 2160 4607 vt.
2197 4551 2359 4607 Anno
2387 4553 2512 4618 551,
2546 4571 2566 4606 α
2603 4553 2662 4607 lu
2694 4552 2888 4627 Magna
2934 4555 3165 4611 ecclesia
3208 4554 3603 4616 Constantino-

2012 4646 2255 4719 politano
2286 4645 2482 4714 Trulli,
2505 4649 2617 4718 jam
2652 4666 2790 4720 pene
2819 4651 2937 4708 suis
2966 4653 3226 4710 omnibus
3258 4656 3603 4729 ornamentis

2013 4740 2290 4803 instructi,
2330 4756 2457 4813 pars
2500 4743 2849 4811 orientalior,
2878 4745 3187 4815 collabente
3234 4747 3301 4803 ad
3342 4755 3600 4807 sanctum

2011 4834 2185 4890 altare
2218 4837 2513 4902 testudine,
2546 4836 2602 4892 in
2634 4846 2835 4893 terram
2869 4837 3143 4895 decidisse
3174 4840 3394 4913 legitur,
3441 4859 3600 4900 men-

2011 4928 2090 4984 sis
2117 4928 2242 4984 Maii
2277 4929 2365 4985 die
2396 4929 2653 4999 septimo,
2693 4932 3050 4987 hebdomadis
3084 4935 3269 5000 tertio,
3304 4934 3400 4992 ubi
3448 4935 3597 4994 diem

2011 5023 2219 5078 mensis
2253 5022 2580 5093 vigesimum
2640 5024 2939 5096 septimum
2988 5025 3248 5098 utiegas,
3312 5028 3397 5083 vel
3448 5025 3596 5086 diem

2011 5116 2369 5174 hebdomadis
2426 5128 2685 5189 quartum
2745 5119 2903 5191 jubet
2955 5120 3138 5177 littera
3175 5104 3476 5181 bomicalis
3529 5121 3595 5191 E,

319 5184 375 5232 ιη
420 5178 465 5233 εί
496 5180 650 5284 qui-9“
672 5193 959 5240 auclﬂrem
1009 5190 1306 5284 optimum,
1348 5190 1523 5284 forma
1561 5201 1615 5250 et
1644 5197 1806 5251 modo
1836 5196 1906 5253 ad
2007 5208 2175 5282 Cyclo
2202 5210 2335 5266 solis
2370 5178 2458 5268 l5:
2498 5230 2517 5264 ι
2554 5178 2852 5284 Praeplacet
2882 5222 3067 5269 autem
3099 5215 3249 5283 prior
3275 5178 3587 5283 correctio,

316 5273 1673 5371 "Sump'lb'icum00mm0tlioriVelllcmim‘l’eill
1703 5288 1903 5359 ίυοθιη,
2006 5273 2135 5371 quia
2194 5301 2251 5358 in
2306 5304 2455 5361 notis
2500 5273 2882 5363 numeralibus
2944 5273 3166 5365 facilius
3217 5318 3303 5365 est
3349 5273 3588 5367 litteram

314 5364 660 5435 propriisque
686 5371 1139 5427 annotationibus
1185 5390 1252 5429 ex
1297 5387 1398 5431 sua
1429 5389 1482 5434 et
1511 5379 1746 5435 aliorum
1775 5380 1904 5437 dili-

2026 5407 2171 5446 mam
2214 5394 2415 5460 omitti,
2467 5409 2631 5466 quam
2667 5394 2915 5453 diversas
2946 5399 3091 5453 inter
3143 5410 3203 5454 se
3235 5400 3585 5456 commutari.

315 5459 498 5564 gentia
549 5458 894 5534 depromptis
935 5465 1235 5564 illustrare,
1286 5469 1429 5526 hanc
1475 5487 1699 5545 quoque
1749 5490 1907 5532 race-
1978 5554 1979 5559 η
2075 5485 2361 5543 vu.Auno
2543 5489 2661 5558 (qui
2694 5497 2919 5561 propter
2948 5488 3382 5548 demonstratam
3420 5508 3586 5564 supe-

317 5551 617 5652 rna-tionem
653 5563 899 5613 nostram
928 5557 996 5614 ad
1032 5576 1255 5616 manum
1292 5564 1510 5622 habeat.
1978 5554 2124 5633 ‘rius
2164 5578 2331 5635 unius
2363 5578 2495 5634 anni
2531 5551 2892 5637 Alexandrini
2924 5583 3349 5652 expunctiouem
3379 5551 3589 5641 Janua-

384 5642 574 5750 frimo
601 5661 783 5706 annus
817 5651 1224 5750 Alexandrinus
1264 5657 1371 5711 485
1408 5658 1489 5715 sic
1520 5662 1899 5717 concluditur:
2001 5670 2147 5726 rimn
2185 5687 2429 5728 mensem
2460 5688 2585 5728 cum
2621 5684 2811 5730 nostro
2840 5674 2938 5729 6⁸51
2992 5674 3156 5732 habet
3210 5678 3585 5750 communem)

322 5753 341 5790 ι
375 5736 688 5799 Coronatus
728 5751 814 5801 est
843 5745 1195 5814 Anastasius,
1243 5751 1470 5820 praefata
1506 5753 1808 5811 indictione
1834 5759 1901 5815 14
2010 5778 2028 5812 ι
2069 5758 2428 5817 intlietionet
2470 5760 2797 5821 Novembris
2828 5764 2861 5817 7
2912 5763 3167 5820 lieraclio
3218 5763 3387 5821 David
3437 5736 3585 5824 illius

317 5832 523 5903 mensis
585 5836 838 5907 Aprilis,
900 5839 1084 5914 ἡμέρᾳ
1126 5842 1354 5919 πέμπτῃ
1408 5848 1483 5920 ’τῇ
1550 5849 1761 5923 μεγάλῃ
1800 5850 1896 5906 τοῦ

2026 5864 2165 5912 tatus
2210 5866 2312 5912 est.
2352 5854 2554 5914 Eodem
2601 5874 2822 5931 quoque
2877 5859 2963 5917 die
3017 5859 3303 5919 llcraclius
3360 5859 3580 5920 iicracii
