4038 6298
474 296 611 381 1183

1389 316 1487 378 DE
1524 319 1582 379 S.
1618 320 2107 384 THEOPHANIS
2146 326 2801 396 Ci—iBONOGRAPIIIA

3602 345 3735 411 ιιει

414 435 421 445 ν
470 428 644 485 nepos
674 416 728 470 in
770 415 947 474 lucem
979 422 1151 487 venit,
1177 432 1231 479 et
1262 438 1290 479 a
1324 426 1516 498 Sergio
1546 427 1634 484 die
1661 430 1694 483 5
1725 429 2049 489 Novembris
2079 438 2125 492 A
2155 436 2176 490 i
2210 436 2355 495 diem
2388 440 2566 497 Martii
2595 462 2610 502 :
2655 453 2713 499 ut
2751 446 2919 519 igitur
2950 464 3063 506 non
3088 453 3734 525 erraveritTheophanes

751 508 783 525 ,ν
834 509 864 525 ..
919 511 933 525 .
1032 513 1065 525 _.
1148 523 1154 525 Α
1280 516 1291 525 .
1367 517 1419 525 -.
1496 519 1506 525 .
1638 521 1649 525 -

471 503 797 566 indictionis
832 509 886 577 5,
919 511 1231 583 baptizatur
1279 516 1333 570 in
1362 517 1725 577 Blachernis:
1765 540 1785 575 ι
1838 539 1960 594 quze
1987 542 2055 582 ne

473 598 619 653 inter
649 615 710 656 se
743 615 1005 675 pugnent,
1041 606 1095 662 in
1127 608 1233 665 line
1264 610 1345 666 sic
1387 614 1651 683 mutabis,
1680 617 1777 671 καὶ
1825 617 2056 674 ἑὸαπτίο

480 692 585 763 σθη
630 694 689 747 ὲν
736 695 1064 769 Βλαχέρναις
1097 701 1204 754 ὑπὸ
1252 704 1478 774 Σεργὶου
1512 710 1850 783 πατριάρχου
1906 715 1971 786 τῇ
2012 714 2054 769 δ’

476 782 789 854 ῐνδικτιῶνι,
822 791 955 859 μηνὶ
980 791 1277 868 Νοεμϐρίῳ
1323 795 1414 867 ιγ’.
1465 819 1483 853 ι
1530 801 1597 855 Ει
1631 782 2055 874 baptizatus-est

473 874 528 930 in
581 876 901 959 Blachernis
936 897 965 937 a
1014 882 1206 955 Sergio
1258 891 1595 963 patriarcha,
1653 894 1951 954 indictione
1995 902 2049 967 4,

472 970 685 1025 mensis
720 972 1046 1032 Novembris
1073 978 1162 1033 die
1195 979 1282 1035 i3.
1323 999 1343 1034 ι

546 1076 665 1117 vm.
701 1061 888 1121 Tertio
938 1078 1063 1137 post
1116 1071 1234 1127 hzec
1291 1088 1458 1136 anno.
1508 1078 1894 1143 Alexandrinis
1925 1083 2049 1154 626,

475 1152 636 1208 nobis
664 1153 789 1219 6'55,
818 1168 1075 1214 narratur
1110 1163 1389 1233 pt'wlinm,
1419 1166 1488 1222 ab
1522 1169 1857 1241 imperatorii
1892 1152 2052 1231 exer-i

476 1246 623 1300 citus
656 1246 796 1304 duce
836 1249 1014 1307 Baane
1039 1262 1233 1310 contra
1262 1255 1580 1321 Saracenos.
1615 1264 1826 1321 Arabes
1871 1268 2052 1325 infeli-

477 1339 614 1394 citer
643 1342 1024 1409 commissum,
1056 1349 1126 1418 τῇ
1169 1347 1362 1422 πρώτῃ
1404 1353 1609 1426 ἡμέρᾳ,
1642 1357 1764 1429 ἥτις
1792 1354 1860 1430 ἦν
1892 1363 2051 1437 τρίτη

477 1428 576 1499 τῆς
608 1430 921 1504 ἑϐδομάδος,
950 1436 1161 1523 κγ’-τοῦ
1201 1440 1422 1505 Ἰουλίου
1458 1448 1670 1518 μηνός·
1720 1428 1841 1523 quae
1880 1428 2053 1513 nihilo

477 1523 684 1579 saniori
720 1541 885 1583 sensu
918 1515 1109 1588 Latine
1164 1515 1489 1604 redduntur,
1521 1515 1550 1593 ir
1586 1544 1705 1614 ipso
1736 1515 1913 1617 primo
1941 1550 2049 1619 die,

477 1614 567 1684 qui
635 1615 739 1672 fuit
800 1621 1157 1683 hebdomadis
1211 1631 1424 1698 tertius,
1469 1633 1601 1692 Julii
1662 1614 1790 1696 vero
1846 1614 2052 1703 mensis

480 1708 676 1766 tertius
707 1727 769 1769 ac
802 1715 1144 1786 vigesimus:
1200 1741 1218 1775 ι
1254 1734 1445 1780 exacta
1483 1739 1663 1785 autem
1708 1734 1774 1788 ad
1809 1736 2052 1795 rationes

477 1799 895 1872 anniprazdicti
966 1809 1217 1869 habentis
1275 1815 1509 1875 litteram
1555 1821 1948 1886 Dominicalem
2006 1835 2053 1889 Α

477 1888 644 1958 Cyclo
675 1896 807 1953 solis
827 1898 917 1966 28,
944 1901 1021 1959 sic
1049 1905 1327 1963 reddenda
1352 1920 1483 1967 sunt
1512 1913 1810 1987 integritati
1838 1888 2051 1981 debitaet

478 1986 559 2082 τῇ
575 1990 767 2066 πρώτῃ
794 1996 979 2069 ἡμέρᾳ
1000 1999 1096 2070 τῆς
1117 2002 1434 2074 ἑϐδομάδος,
1459 2008 1579 2078 ἥτις
1599 2006 1666 2082 ἦν
1691 2012 1769 2069 κε’
1796 2016 1890 2071 τοῦ
1925 2019 2055 2075 Ἰου-

477 2080 596 2136 mu
622 2086 809 2156 μηνός.
849 2109 868 2141 ι
906 2090 1090 2149 Primo
1146 2094 1235 2153 die
1291 2080 1664 2173 hebdomadae,
1721 2110 1815 2181 qui
1851 2111 1952 2168 fuit
1986 2113 2054 2168 εδ

477 2172 605 2231 Julii
640 2183 866 2239 mensis.
901 2203 919 2237 ι

551 2284 628 2324 tx.
661 2272 822 2328 Anno
854 2275 980 2344 67i,
1018 2281 1176 2340 nobis
1227 2284 1353 2353 680,
1396 2286 1584 2345 Mavire
1624 2292 1789 2365 primi
1821 2295 2052 2356 Sarace-

479 2376 677 2420 norum
740 2370 882 2443 regis
913 2388 1061 2431 mors
1113 2380 1417 2438 ascribitur
1461 2404 1480 2437 ‹
1521 2384 1812 2446 lndietioni
1866 2393 2056 2463 prima:

478 2456 586 2514 diei
617 2470 771 2517 sexto
805 2465 1009 2537 Aprilis
1038 2487 1051 2524 :
1099 2490 1117 2524 ι
1150 2474 1242 2529 sed
1271 2485 1522 2540 octavam
1548 2456 1902 2540 indictionem
1933 2501 2057 2544 esse

480 2549 765 2620 legendam
830 2568 1103 2619 monstrat
1154 2566 1396 2636 ipsarum
1458 2572 1824 2633 indictionum
1880 2582 2053 2650 ordo,

478 2657 603 2696 cum
633 2660 778 2703 anno
818 2649 943 2714 650,
973 2655 1134 2712 nobis
1166 2658 1289 2725 659,
1323 2665 1563 2720 secunda
1600 2666 1830 2728 indictio
1863 2682 2054 2730 notata

478 2733 681 2794 fuerit:
715 2742 859 2811 quod
893 2746 1058 2802 etiam
1097 2750 1241 2807 Goar
1276 2757 1688 2819 animadvertit.

548 2847 601 2884 x-
634 2831 792 2890 Anno
827 2836 948 2900 721.
983 2842 1140 2900 nobis
1179 2847 1280 2903 730
1327 2868 1345 2902 ι
1402 2850 1513 2908 Leo
1556 2858 1829 2916 Armenus
1864 2871 2054 2921 contra

478 2934 698 2984 sanctas
754 2929 1022 3003 imagines
1074 2938 1354 2996 silentium
1417 2946 1738 3016 celebravit,
1783 2953 2057 3009 σελέντιον

477 3013 810 3087 ἐκράτησεν,
852 3041 870 3076 ι
926 3025 979 3080 id
1033 3040 1137 3093 εει,
1180 3048 1247 3088 ne
1286 3036 1410 3104 quis
1446 3053 1637 3094 earum
1670 3042 1876 3098 cultum
1923 3062 2055 3116 pro-

481 3122 747 3182 pugnaret
770 3113 957 3180 edixit,
998 3138 1016 3171 ι
1054 3121 1140 3176 die
1166 3124 1197 3174 7
1231 3128 1434 3182 mensis
1458 3128 1726 3199 Januarii,
1754 3113 2055 3195 indictione

478 3198 568 3265 13,
599 3200 733 3257 feria
776 3205 1137 3270 hebdomadis
1181 3216 1245 3284 '5;
1288 3236 1307 3271 ι
1341 3222 1435 3276 sed
1492 3238 1616 3279 cum
1678 3234 1807 3284 tunc
1868 3228 2051 3289 littera

479 3291 837 3356 Dominicalis
887 3304 1054 3362 luerit
1086 3309 1151 3373 Α,
1183 3323 1411 3383 apparet
1437 3316 1579 3374 diem
1630 3323 1834 3379 mensis
1877 3323 2053 3383 fuisse

479 3387 568 3454 17,
611 3390 696 3454 ιζ’.
728 3391 793 3447 Ει
826 3394 938 3453 ἤιξε
971 3408 1208 3469 quatuor
1237 3404 1304 3460 ad
1337 3414 1584 3479 tempora
1613 3422 1862 3482 spectant
1908 3432 2052 3487 prae-

479 3491 679 3538 notata:
702 3486 1153 3560 anticipationis:
1191 3511 1315 3567 qua:
1351 3511 1685 3572 sequuntur,
1713 3486 2050 3569 ordinat-iam

479 3587 701 3653 servant
750 3582 1038 3655 utriusque
1066 3604 1190 3645 teras
1240 3590 1627 3665 differentiam,
1661 3612 1787 3658 octo
1844 3605 2054 3664 scilicet

478 3682 776 3732 annorum.

553 3778 629 3817 xi.
662 3765 820 3821 Anno
858 3768 985 3835 789,
1039 3775 1339 3833 secundum
1386 3781 1812 3854 Alexandrinos,
1851 3806 1871 3841 ι
1907 3788 2055 3847 Junii

482 3856 690 3923 mensis
722 3858 812 3915 die
845 3860 911 3915 l7
937 3863 1241 3922 indietione
1273 3868 1306 3924 5
1341 3890 1357 3922 ι
1400 3872 1540 3943 fugit
1572 3876 2055 3953 Constantinopoli

480 3942 780 4017 imperator
824 3951 1265 4027 Constantinus:
1296 3962 1392 4020 sed
1441 3942 1600 4034 jussu
1649 3972 1842 4028 matris
1872 3942 2057 4034 [renes

481 4040 914 4107 comprehensus
972 4048 1041 4102 ab
1117 4051 1351 4120 amicis,
1414 4055 1698 4115 reducitur
1753 4063 1809 4117 in
1865 4065 2055 4122 urbem

487 4146 507 4180 ο
549 4130 790 4188 Sabbato
816 4139 1018 4197 mensis
1052 4142 1298 4212 ejusdem
1340 4148 1429 4205 die
1462 4150 1566 4219 £5;
1606 4171 1625 4206 ι
1665 4170 1775 4226 quo
1813 4156 1936 4212 loco
1968 4173 2057 4214 er-

481 4236 662 4279 rorem
726 4229 1101 4300 manifestum,
1157 4253 1223 4291 ex
1288 4246 1703 4312 comparatione
1770 4250 2058 4322 utriusque

480 4315 587 4387 djei
622 4319 1014 4394 colligendum,
1045 4331 1301 4399 emenda,
1325 4342 1381 4388 et
1417 4352 1515 4406 pro
1551 4341 1757 4399 mensis
1788 4340 1938 4399 Junii
1969 4315 2059 4401 die

481 4408 548 4463 Π
572 4410 709 4482 lege,
750 4417 940 4471 mensis
975 4419 1114 4474 Julii
1163 4423 1249 4479 die
1285 4425 1347 4493 7;
1381 4444 1527 4485 anno
1560 4432 1706 4486 enim
1738 4434 1896 4491 nobis
1931 4435 2055 4501 797,

480 4503 592 4559 dies
623 4505 690 4561 15
737 4523 847 4563 non
877 4509 1048 4581 Junii,
1096 4517 1190 4572 sed
1238 4517 1377 4574 Julii
1415 4523 1703 4581 sabbatum
1745 4526 1871 4582 fuit.
1902 4529 2053 4584 Ana-
2087 4520 2132 4576 Ι)

480 4598 684 4654 stasius
738 4599 1205 4667 Bibliothecarius
1240 4612 1304 4666 16
1355 4613 1485 4669 Ital.
1530 4616 1668 4689 Aug.
1711 4628 1931 4675 vertens
1961 4620 2052 4675 ubi

480 4686 551 4741 de
583 4688 710 4762 ruga
745 4693 856 4765 agit
893 4694 959 4748 l7
997 4696 1135 4753 Julii
1164 4700 1379 4757 videtur
1425 4686 1667 4776 legisse:
1701 4725 1799 4779 pro
1842 4725 1951 4782 quo
1981 4726 2050 4766 an

480 4778 551 4832 l7
569 4781 712 4853 Aug.
755 4785 958 4842 alicubi
985 4789 1254 4847 invenerit
1277 4792 1526 4867 Philippe
1550 4778 1731 4855 Labbe
1749 4778 2049 4857 nescimus:

387 4867 394 4875 ’
479 4880 629 4930 certe
658 4876 712 4931 in
742 4879 982 4948 epitome
1011 4881 1401 4959 chronologica
1432 4889 1781 4948 Constantini
1813 4909 2056 4951 exercea-

480 4966 686 5024 tionem
715 4971 939 5030 ascribit
964 4973 1070 5030 diei
1103 4975 1168 5032 19
1185 4977 1324 5049 Aug.
1344 4995 1466 5047 qua:
1490 4981 1746 5040 similiter
1764 4986 2054 5042 sabbatum

476 5061 607 5118 fait.

551 5168 647 5208 xu.
688 5154 848 5210 Anno
875 5156 1000 5224 805,
1041 5158 1169 5228 Leo,
1206 5162 1654 5223 Armeniacorum
1689 5170 1796 5225 dutt
1828 5173 1929 5229 sub
1955 5174 2057 5230 im-

480 5256 734 5318 peratore
781 5249 1111 5322 Nicephoro,
1170 5272 1294 5312 cum
1347 5275 1543 5332 magna
1580 5264 1853 5321 exercitus
1891 5276 2056 5337 atque

482 5340 731 5410 pecuniae
794 5354 949 5411 parte
1022 5347 1171 5401 venit
1236 5348 1290 5403 in
1343 5367 1538 5409 manus
1599 5352 2055 5427 Sarracenorum,

480 5448 669 5487 mense
749 5432 1049 5493 Februario
1120 5440 1438 5500 indictionis
1517 5458 1726 5515 quartae
1795 5451 2056 5521 (decimae

482 5534 693 5595 quarta
720 5542 1009 5599 perperam
1038 5534 1181 5603 apud
1206 5534 1556 5593 Anastasium
1615 5541 1855 5613 legitur),
1916 5544 2053 5599 Sab-

481 5617 610 5676 bato
643 5625 819 5693 primo
849 5625 1299 5697 quadragesima.
1345 5628 1545 5686 Verum
1588 5648 1653 5687 eo
1686 5649 1853 5702 anno,
1886 5635 2056 5709 Cyclo

504 5726 628 5769 una;
654 5715 744 5780 14,
778 5718 909 5773 solis
946 5718 1000 5783 8,
1034 5720 1215 5777 littera
1259 5721 1581 5779 Dominicali
1618 5724 1677 5790 Ε,
1704 5726 1913 5784 Pascha
1954 5730 2057 5786 fuit

488 5804 557 5873 1,5
585 5805 1110 5885 Aprilis,vadeoque
1157 5815 1363 5873 dictum
1416 5816 1716 5875 Sabbatum
1769 5822 1967 5879 cecidit
2000 5824 2053 5882 in

2160 528 2394 599 ipsomet
2422 550 2588 601 anno,
2626 554 2737 608 quo
2766 542 2940 610 potuit
2986 545 3296 617 scripsisse,
3348 556 3402 602 et
3440 566 3552 620 quo
3601 551 3735 606 alias

2158 622 2345 692 plures
2378 636 2685 698 temporum
2734 641 2892 689 notas
2931 644 3079 694 recte
3119 642 3470 709 composuit;
3505 644 3733 698 creden-

2156 716 2285 771 dum
2342 718 2691 778 librariorum
2755 726 2965 783 incuria
3020 730 3132 799 jam
3184 727 3311 786 olim
3369 734 3515 804 (nam
3570 737 3732 791 etiam

2158 812 2485 871 Anastasius
2516 816 2591 871 ita
2619 819 2886 890 scriptum
2920 825 3145 897 reperit)
3181 829 3453 885 excidisse
3485 832 3730 887 vocnlam

2157 921 2346 974 unam,
2406 908 2698 982 ipsumque
2747 912 3132 986 Theophanem
3171 922 3251 978 (ut
3295 924 3431 979 alias
3462 926 3516 979 in
3566 924 3730 982 simili

2156 1013 2290 1055 casu
2325 1000 2391 1056 de
2432 1001 2729 1063 indictione
2755 1007 2993 1066 vidimus
3022 1025 3166 1068 anno
3198 1014 3653 1083 Constantiniﬁs,
3679 1029 3731 1075 et

2157 1090 2225 1146 de
2275 1108 2446 1149 verno
2496 1104 2739 1168 tempore
2766 1101 2818 1156 in
2845 1101 3111 1161 chronico
3159 1107 3555 1181 Alexandrino)
3592 1111 3731 1167 scri-

2156 1185 2333 1253 psisse
2366 1187 2671 1257 μέλλοντος,
2688 1191 2802 1248 sive
2836 1196 3184 1266 ἐνισταμένου
3220 1199 3311 1254 τοῦ
3348 1200 3567 1272 πρῶτον
3600 1200 3732 1257 Σαϐ-

2158 1275 2322 1332 ϐἀτου
2381 1280 2489 1334 τῶν
2511 1282 2828 1355 Νηστειῶν,
2891 1286 3127 1345 instante
3174 1295 3347 1364 primo
3391 1294 3729 1364 ieiuniorum

2158 1367 2418 1427 Sabbato.

2212 1479 2301 1541 28.
2344 1480 2488 1573 llaec.
2518 1485 2686 1557 sunt,
2711 1492 2912 1568 quibus
2944 1497 3249 1559 observatis
3295 1504 3740 1577 cmendatisque,

2157 1576 2426 1635 inoll'enso
2455 1566 2621 1641 ferme
2654 1566 2786 1657 pede
2818 1592 3035 1648 decurri
3082 1597 3279 1665 poterit
3322 1599 3390 1652 ab
3434 1600 3731 1657 Orientalis

2158 1667 2403 1726 historia:
2454 1676 2723 1736 studiosis
2774 1688 2887 1737 tota
2940 1682 3292 1756 TlteOphanis
3333 1691 3730 1763 clironelogia:

2159 1775 2281 1814 nam
2330 1762 2375 1818 si
2412 1778 2518 1835 qua
2554 1769 2787 1825 subinde
2821 1773 3070 1842 pluribus
3105 1787 3263 1845 gi-sta-
3290 1781 3472 1841 annis.
3527 1762 3735 1851 coquo

2156 1857 2335 1919 empta
2372 1862 2502 1909 sunt
2524 1857 2636 1927 geri
2662 1874 2807 1916 anno
2844 1863 3183 1935 conjunctim
3222 1869 3493 1940 legantur,
3528 1889 3590 1928 ea
3625 1890 3733 1929 non

2157 1940 2230 1994 ita
2262 1947 2465 2001 morari
2502 1949 2763 2008 lectorem
2814 1966 3093 2028 poterunt,
3144 1973 3202 2016 ut
3250 1975 3538 2034 propterea
3594 1983 3735 2037 opus

2155 2033 2230 2097 sit
2277 2036 2490 2107 singula
2546 2042 2612 2097 ad
2670 2060 2897 2103 examen
2932 2065 3214 2109 revocare.
3265 2056 3319 2111 Si
3360 2057 3732 2117 Romanorum

2155 2128 2478 2194 pontiﬁcum
2521 2144 2615 2191 aut
2662 2139 2899 2197 aliorum
2952 2148 3391 2215 patriarcharum
3426 2157 3733 2221 successio,

2154 2222 2492 2294 quandoque
2543 2228 2644 2298 ipsi
2700 2230 2907 2286 inserta
2948 2235 3120 2306 texui,
3160 2241 3285 2295 hinc
3320 2238 3444 2299 inde
3475 2256 3737 2316 msereat

2157 2314 2477 2385 corrigenda
2530 2335 2597 2375 ex
2642 2325 2975 2384 certioribus
3030 2336 3423 2402 monumentis,
3628 2340 3731 2412 ipsi

2156 2408 2367 2462 auctori
2402 2410 2592 2468 vitium
2628 2414 2942 2487 imputetur,
2981 2422 3073 2478 sed
3116 2426 3402 2497 catalogis,
3455 2448 3595 2500 quos
3637 2449 3735 2489 nec

2159 2497 2299 2567 ipse,
2334 2516 2437 2558 nee
2476 2506 2568 2575 qui
2599 2507 2763 2563 simili
2798 2510 2852 2566 in
2901 2510 3083 2569 studio
3129 2515 3417 2586 laboravit,
3574 2524 3735 2581 Nice-

2155 2593 2386 2662 phorus,
2414 2600 2554 2655 satis
2590 2614 2868 2662 correctos
2899 2607 3109 2675 habuit,
3155 2623 3211 2666 ut
3243 2612 3369 2669 alibi
3412 2626 3467 2671 et
3496 2612 3737 2674 maxime

2157 2684 2211 2739 in
2273 2687 2332 2741 S.
2392 2687 2598 2759 Cyrilio
2652 2692 3149 2770 ilierosolymitano
3216 2706 3543 2779 episcopo§
3599 2704 3735 2763 53d

2156 2778 2224 2833 18
2255 2778 2432 2836 Martii
2473 2783 2850 2854 probavimus.
2914 2790 2971 2845 Si
3014 2790 3252 2864 denique
3298 2778 3549 2855 auctores
3594 2817 3735 2870 quos

2155 2875 2333 2945 potuit
2357 2889 2579 2935 secutus
2616 2882 2873 2951 optimos,
2895 2886 3132 2954 aliquem
3164 2890 3425 2961 temporis
3443 2893 3705 2950 characte

2155 2981 2273 3021 rem
2310 2969 2380 3025 ab
2408 2970 2476 3026 iis
2504 2972 2586 3026 vel
2618 2988 2906 3044 perperam
2939 2979 3022 3032 vel
3057 2980 3311 3051 ambigue
3341 2991 3587 3039 notatum
3625 3000 3736 3056 prae

2156 3049 2333 3117 oculis
2372 3062 2583 3130 habuit,
2638 3066 2819 3123 danda
2849 3077 2935 3125 est
2980 3072 3134 3126 venia
3165 3049 3417 3130 humana:
3449 3049 3734 3133 imbecilli-

2079 3165 2124 3224 ε
2162 3154 2282 3220 tati,
2318 3158 2405 3213 cui
2450 3161 2595 3213 nulla
2647 3162 2824 3231 possit
2880 3174 3142 3233 praestare
3192 3166 3493 3239 diligentia,
3530 3183 3730 3227 utnon

2157 3249 2453 3321 aliquando
2483 3263 2697 3310 exterret
2737 3271 2765 3309 a
2814 3273 2965 3314 vero.
3014 3257 3090 3313 ita
3130 3276 3253 3316 cum
3290 3261 3733 3335 Theophylactus

2160 3338 2461 3398 Simocatta
2504 3345 2696 3400 saeculi
2753 3345 2784 3399 7
2840 3348 3096 3418 scriptor,
3155 3351 3442 3405 historiam
3494 3354 3731 3409 Mauritii

2158 3433 2506 3503 imperatoris
2562 3438 2719 3494 libris
2763 3448 2888 3496 octo
2930 3440 3334 3513 descripsisset,
3383 3454 3436 3501 et
3474 3447 3571 3500 lib.
3600 3465 3653 3513 v,
3682 3466 3732 3503 (ν.

2158 3526 2225 3582 16
2272 3537 2468 3599 pacato
2524 3531 2891 3602 imperatoriis
2943 3535 3113 3590 armis
3159 3535 3379 3591 Oriente
3427 3539 3492 3593 ad
3548 3556 3637 3598 res
3678 3543 3729 3596 in

2158 3620 2373 3692 Europa
2403 3631 2587 3691 gestas
2622 3626 2896 3682 transiens
2930 3627 3181 3689 dixisset.
3215 3630 3358 3700 quod
3396 3649 3455 3685 eo
3494 3634 3597 3698 die,
3628 3650 3737 3704 quo

2157 3713 2273 3784 ipse
2308 3716 2603 3786 imperator
2645 3718 2915 3777 ducturus
2962 3721 3290 3788 exercitum,
3325 3739 3451 3780 vere
3489 3727 3732 3795 ineunte,

2162 3824 2183 3858 ι
2223 3804 2486 3877 Egressus
2538 3824 2569 3863 e
2630 3811 2799 3879 regia,
2852 3825 3213 3884 parasangam
3268 3830 3430 3869 unam
3470 3823 3525 3872 et
3570 3821 3733 3873 semis

2159 3914 2336 3968 usque
2365 3900 2415 3953 in
2455 3898 2757 3971 Septimum
2790 3906 3085 3972 processit,
3139 3905 3221 3961 sol
3270 3923 3406 3976 pene
3456 3918 3604 3967 totus
3653 3921 3735 3966 est

2157 3988 2523 4054 obscuratns,
2566 4010 2584 4043 ι
2640 3992 3168 4065 subjunxissetqne:
3230 3998 3488 4053 Ἐννατον
3524 4001 3581 4055 δὲ
3630 4001 3735 4074 ἄρα

2158 4078 2317 4133 τοῦτο
2372 4081 2493 4146 ἔτος
2538 4084 2833 4155 ἐτύγχανεν
2872 4085 2933 4139 ὃν
2990 4089 3298 4162 Μαυρικίου
3340 4089 3435 4146 τοῦ
3468 4094 3735 4165 αὐτοκρά-

2158 4188 2339 4243 τορος,
2399 4172 2451 4228 id
2487 4172 2873 4246 TheOphanes,
2915 4194 3072 4249 aeque
3100 4195 3163 4236 ac
3190 4191 3375 4252 postea
3424 4185 3736 4242 Simocaltze

2160 4264 2428 4336 interpres
2484 4266 2715 4326 Latinus
2776 4270 3017 4327 Jacobtts
3064 4272 3373 4340 Pontanus,
3423 4279 3490 4333 tle
3537 4298 3556 4331 ι
3597 4296 3735 4333 αηηο

2160 4357 2368 4428 imperii
2413 4377 2550 4416 nono
2585 4378 2605 4413 ›
2655 4362 2945 4419 intellexit.
3001 4363 3117 4420 Hoc
3166 4382 3330 4437 porro
3377 4370 3419 4425 si
3454 4386 3517 4425 ex
3558 4381 3735 4427 mente

2163 4452 2405 4508 auctoris
2437 4454 2562 4509 fecit
2593 4464 2841 4527 uterque.
2869 4458 3076 4514 erravit
3096 4474 3250 4523 sane,
3284 4470 3341 4516 ut
3365 4478 3488 4518 mox
3534 4466 3736 4534 patebit

2163 4542 2462 4599 Simocatta
2509 4546 2626 4617 ipse
2670 4566 2684 4602 :
2752 4559 2961 4605 certum
3004 4561 3088 4608 est
3114 4554 3283 4615 enim,
3319 4556 3461 4625 quod
3498 4557 3599 4611 iste
3636 4572 3736 4613 an-

2163 4650 2265 4689 nus
2301 4634 2467 4691 fuerit
2495 4635 2750 4694 Mauritio
2782 4640 2995 4711 imperii
3038 4644 3306 4701 decimus.
3362 4644 3419 4700 Si
3456 4656 3733 4703 auctorem

2160 4733 2388 4783 exceses
2425 4744 2663 4801 eumque
2707 4742 2867 4802 putes
2923 4749 3029 4790 non
3082 4748 3285 4790 annum
3319 4736 3420 4808 τῆς
3462 4738 3736 4809 βασιλείας

2161 4813 2398 4883 imperii,
2444 4817 2539 4871 sed
2592 4818 3370 4889 τῆς’ὑπατείας-εοιιειιιιιῑιιε
3419 4842 3645 4895 nonum,
3678 4837 3737 4886 ut

2161 4906 2425 4975 scriptum
2460 4908 2712 4967 fortassis
2749 4922 2877 4968 ante
2899 4929 2960 4970 se
2998 4917 3296 4987 repererat)
3328 4921 3731 4978 numeravisse:

2160 4997 2490 5056 excusabilis
2516 5000 2680 5056 etiam
2722 5002 3084 5075 Theophanes
3117 5010 3243 5073 crit,
3273 5012 3416 5079 quod
3449 5015 3621 5081 magis
3648 5015 3738 5070 ob

2161 5088 2309 5142 vium
2346 5100 2570 5147 secutus
2611 5109 2857 5163 sensum,
2917 5097 2981 5151 ad
3037 5100 3220 5155 minus
3279 5102 3540 5157 usitatum
3600 5106 3737 5158 altr-

2161 5196 2282 5234 rum
2337 5191 2391 5236 et
2440 5183 2495 5238 in
2549 5184 2654 5241 hoc
2718 5202 2851 5242 casu
2919 5193 3211 5260 Specialem
3271 5210 3378 5249 non
3442 5196 3736 5254 advertetit

2163 5272 2436 5329 animum.

2232 5364 2322 5422 99.
2366 5365 2598 5424 Errandi
2632 5385 2795 5438 porro
2817 5372 3037 5427 occasio
3081 5373 3210 5429 huic
3236 5376 3315 5429 vel
3344 5377 3416 5431 illi
3452 5378 3574 5438 fuit,
3594 5380 3733 5449 quod

2162 5473 2309 5513 anno
2348 5458 2618 5517 duntaxat
2656 5464 2907 5519 secundo
2944 5466 3156 5535 imperii
3188 5471 3271 5523 sui
3306 5473 3496 5525 consul
3534 5472 3736 5527 Mauri—

2163 5553 2273 5606 tius
2302 5554 2608 5625 appellatus
2634 5556 2706 5611 sit
2745 5558 2895 5613 solus
2929 5559 3138 5630 absque
3166 5562 3370 5630 collega
3398 5581 3411 5618 :
3472 5583 3491 5616 ι
3527 5565 3737 5634 primus

2162 5646 2365 5717 quippe
2400 5646 2548 5704 illius
2605 5666 2784 5705 annus
2830 5653 3153 5708 consulibus
3206 5655 3406 5722 caruit,
3467 5665 3634 5728 atque
3670 5674 3734 5714 ex

2162 5740 2442 5795 communi
2472 5740 2757 5798 hominum
2789 5758 3062 5801 consensu
3094 5747 3354 5816 scriptum
3384 5757 3467 5805 est
3499 5770 3516 5807 :
3566 5769 3585 5802 ε
3608 5750 3737 5807 Post

2164 5829 2513 5887 consulatum
2554 5829 2753 5888 divina:
2805 5834 3086 5890 memoriae
3143 5834 3345 5892 Tiberii
3386 5836 3731 5897 Constantini
