  <div class='ocr_page' id='page_1' title='image "/cluster/home/n/w/nwhite01/storage/ocr_20150623/108/mdp.39015037042556/600.png"; bbox 0 0 4038 6298; ppageno 0'>
   <div class='ocr_carea' id='block_1_1' title="bbox 341 396 1936 481">
    <p class='ocr_par' dir='ltr' id='par_1_1' title="bbox 341 396 1936 465">
     <span class='ocr_line' id='line_1_1' title="bbox 341 396 1936 465; baseline -0.001 -3"><span class='ocrx_word' id='word_1_1' title='bbox 341 396 478 463; x_wconf 80' lang='grc'><strong>1185</strong></span> <span class='ocrx_word' id='word_1_2' title='bbox 1356 401 1530 465; x_wconf 83' lang='lat' dir='ltr'><strong>GOD.</strong></span> <span class='ocrx_word' id='word_1_3' title='bbox 1570 401 1936 464; x_wconf 60' lang='lat' dir='ltr'><strong>HENSCHE‘.</strong></span> 
     </span>
    </p>
   </div>
   <div class='ocr_carea' id='block_1_2' title="bbox 2001 396 3596 481">
    <p class='ocr_par' dir='ltr' id='par_1_2' title="bbox 2001 402 3596 481">
     <span class='ocr_line' id='line_1_2' title="bbox 2001 402 3596 481; baseline 0.012 -19"><span class='ocrx_word' id='word_1_4' title='bbox 2001 402 2043 462; x_wconf 82' lang='grc' dir='ltr'><strong>[Ι</strong></span> <span class='ocrx_word' id='word_1_5' title='bbox 2085 404 2610 469; x_wconf 82' lang='lat' dir='ltr'><strong>DISSERTATIO.</strong></span> <span class='ocrx_word' id='word_1_6' title='bbox 3454 408 3596 481; x_wconf 74' lang='grc'><strong>1186</strong></span> 
     </span>
    </p>
   </div>
   <div class='ocr_carea' id='block_1_3' title="bbox 336 508 3596 596">
    <p class='ocr_par' dir='ltr' id='par_1_3' title="bbox 336 508 3596 596">
     <span class='ocr_line' id='line_1_3' title="bbox 336 508 3596 596; baseline 0.006 -35"><span class='ocrx_word' id='word_1_7' title='bbox 336 522 478 563; x_wconf 90' lang='lat' dir='ltr'><strong>anno</strong></span> <span class='ocrx_word' id='word_1_8' title='bbox 528 515 753 579; x_wconf 88' lang='lat' dir='ltr'><strong>quarto,</strong></span> <span class='ocrx_word' id='word_1_9' title='bbox 787 524 808 561; x_wconf 77' lang='grc' dir='ltr'><strong>ι</strong></span> <span class='ocrx_word' id='word_1_10' title='bbox 844 508 925 565; x_wconf 85' lang='grc' dir='ltr'><strong>ιιιὶ</strong></span> <span class='ocrx_word' id='word_1_11' title='bbox 978 508 1032 565; x_wconf 91' lang='lat' dir='ltr'><strong>in</strong></span> <span class='ocrx_word' id='word_1_12' title='bbox 1079 509 1345 568; x_wconf 88' lang='lat' dir='ltr'><strong>chronico</strong></span> <span class='ocrx_word' id='word_1_13' title='bbox 1390 513 1762 569; x_wconf 75' lang='lat' dir='ltr'><strong>Alexandrino</strong></span> <span class='ocrx_word' id='word_1_14' title='bbox 1819 528 1917 569; x_wconf 81' lang='lat' dir='ltr'><strong>ex-</strong></span> <span class='ocrx_word' id='word_1_15' title='bbox 1938 525 1993 586; x_wconf 73' lang='grc' dir='ltr'><strong>Α</strong></span> <span class='ocrx_word' id='word_1_16' title='bbox 2017 517 2177 573; x_wconf 87' lang='lat' dir='ltr'><strong>annis</strong></span> <span class='ocrx_word' id='word_1_17' title='bbox 2203 516 2445 573; x_wconf 83' lang='lat' dir='ltr'><strong>Mauritii</strong></span> <span class='ocrx_word' id='word_1_18' title='bbox 2479 519 2835 590; x_wconf 76' lang='lat' dir='ltr'><strong>imperatoris</strong></span> <span class='ocrx_word' id='word_1_19' title='bbox 2859 521 3183 579; x_wconf 89' lang='lat' dir='ltr'><strong>ordinandis</strong></span> <span class='ocrx_word' id='word_1_20' title='bbox 3214 525 3428 580; x_wconf 90' lang='lat' dir='ltr'><strong>tertiam</strong></span> <span class='ocrx_word' id='word_1_21' title='bbox 3464 542 3596 596; x_wconf 90' lang='lat' dir='ltr'><strong>epo-</strong></span> 
     </span>
    </p>
   </div>
   <div class='ocr_carea' id='block_1_4' title="bbox 338 599 3600 687">
    <p class='ocr_par' dir='ltr' id='par_1_4' title="bbox 338 599 3600 687">
     <span class='ocr_line' id='line_1_4' title="bbox 338 599 3600 687; baseline 0.006 -34"><span class='ocrx_word' id='word_1_22' title='bbox 338 614 527 669; x_wconf 85' lang='lat' dir='ltr'><strong>presse</strong></span> <span class='ocrx_word' id='word_1_23' title='bbox 583 599 805 656; x_wconf 90' lang='lat' dir='ltr'><strong>dicitur.</strong></span> <span class='ocrx_word' id='word_1_24' title='bbox 887 600 1029 659; x_wconf 87' lang='lat' dir='ltr'><strong>Ilinc</strong></span> <span class='ocrx_word' id='word_1_25' title='bbox 1076 614 1260 658; x_wconf 89' lang='lat' dir='ltr'><strong>autem</strong></span> <span class='ocrx_word' id='word_1_26' title='bbox 1315 612 1440 659; x_wconf 89' lang='lat' dir='ltr'><strong>nata</strong></span> <span class='ocrx_word' id='word_1_27' title='bbox 1497 612 1582 660; x_wconf 86' lang='lat' dir='ltr'><strong>est</strong></span> <span class='ocrx_word' id='word_1_28' title='bbox 1634 619 1908 659; x_wconf 89' lang='lat' dir='ltr'><strong>annorum</strong></span> <span class='ocrx_word' id='word_1_29' title='bbox 2020 606 2180 661; x_wconf 89' lang='lat' dir='ltr'><strong>cham</strong></span> <span class='ocrx_word' id='word_1_30' title='bbox 2230 609 2448 674; x_wconf 91' lang='lat' dir='ltr'><strong>statuit,</strong></span> <span class='ocrx_word' id='word_1_31' title='bbox 2484 609 2541 664; x_wconf 92' lang='lat' dir='ltr'><strong>in</strong></span> <span class='ocrx_word' id='word_1_32' title='bbox 2583 625 2732 665; x_wconf 87' lang='lat' dir='ltr'><strong>anno</strong></span> <span class='ocrx_word' id='word_1_33' title='bbox 2776 612 3017 683; x_wconf 87' lang='lat' dir='ltr'><strong>vulgaris</strong></span> <span class='ocrx_word' id='word_1_34' title='bbox 3047 628 3173 668; x_wconf 59' lang='lat' dir='ltr'><strong>aera</strong></span> <span class='ocrx_word' id='word_1_35' title='bbox 3206 615 3333 677; x_wconf 78' lang='lat'><strong>592.</strong></span> <span class='ocrx_word' id='word_1_36' title='bbox 3377 633 3507 687; x_wconf 91' lang='lat' dir='ltr'><strong>quo,</strong></span> <span class='ocrx_word' id='word_1_37' title='bbox 3541 627 3600 672; x_wconf 93' lang='lat' dir='ltr'><strong>ut</strong></span> 
     </span>
    </p>
   </div>
   <div class='ocr_carea' id='block_1_5' title="bbox 337 689 3597 778">
    <p class='ocr_par' dir='ltr' id='par_1_5' title="bbox 337 689 3597 778">
     <span class='ocr_line' id='line_1_5' title="bbox 337 689 3597 778; baseline 0.006 -35"><span class='ocrx_word' id='word_1_38' title='bbox 337 689 573 746; x_wconf 75' lang='lat' dir='ltr'><strong>Mauritii</strong></span> <span class='ocrx_word' id='word_1_39' title='bbox 611 691 809 760; x_wconf 81' lang='lat' dir='ltr'><strong>duplex</strong></span> <span class='ocrx_word' id='word_1_40' title='bbox 834 694 1066 763; x_wconf 88' lang='lat' dir='ltr'><strong>epocha,</strong></span> <span class='ocrx_word' id='word_1_41' title='bbox 1097 696 1267 749; x_wconf 89' lang='lat' dir='ltr'><strong>altera</strong></span> <span class='ocrx_word' id='word_1_42' title='bbox 1301 695 1541 764; x_wconf 86' lang='lat' dir='ltr'><strong>imperii,</strong></span> <span class='ocrx_word' id='word_1_43' title='bbox 1572 696 1740 751; x_wconf 87' lang='lat' dir='ltr'><strong>altera</strong></span> <span class='ocrx_word' id='word_1_44' title='bbox 1760 695 1909 753; x_wconf 82' lang='lat' dir='ltr'><strong>Con-</strong></span> <span class='ocrx_word' id='word_1_45' title='bbox 2018 696 2116 763; x_wconf 88' lang='lat' dir='ltr'><strong>ait,</strong></span> <span class='ocrx_word' id='word_1_46' title='bbox 2150 715 2171 750; x_wconf 83' lang='grc'><strong><em>‹</em></strong></span> <span class='ocrx_word' id='word_1_47' title='bbox 2206 696 2496 757; x_wconf 81' lang='lat' dir='ltr'><strong>Mauritius</strong></span> <span class='ocrx_word' id='word_1_48' title='bbox 2542 703 2836 775; x_wconf 90' lang='lat' dir='ltr'><strong>imperator</strong></span> <span class='ocrx_word' id='word_1_49' title='bbox 2871 709 2990 760; x_wconf 86' lang='lat' dir='ltr'><strong>sine</strong></span> <span class='ocrx_word' id='word_1_50' title='bbox 3037 707 3249 778; x_wconf 78' lang='lat' dir='ltr'><strong>collega</strong></span> <span class='ocrx_word' id='word_1_51' title='bbox 3298 709 3597 765; x_wconf 90' lang='lat' dir='ltr'><strong>secundum</strong></span> 
     </span>
    </p>
   </div>
   <div class='ocr_carea' id='block_1_6' title="bbox 338 785 3598 868">
    <p class='ocr_par' dir='ltr' id='par_1_6' title="bbox 338 785 3598 868">
     <span class='ocr_line' id='line_1_6' title="bbox 338 785 3598 868; baseline 0.005 -27"><span class='ocrx_word' id='word_1_52' title='bbox 338 785 573 842; x_wconf 81' lang='lat' dir='ltr'><strong>sulatus.</strong></span> <span class='ocrx_word' id='word_1_53' title='bbox 605 786 795 858; x_wconf 79' lang='lat' dir='ltr'><strong>Itaque</strong></span> <span class='ocrx_word' id='word_1_54' title='bbox 827 789 921 860; x_wconf 88' lang='lat' dir='ltr'><strong>qui</strong></span> <span class='ocrx_word' id='word_1_55' title='bbox 957 806 1137 846; x_wconf 85' lang='lat' dir='ltr'><strong>annus</strong></span> <span class='ocrx_word' id='word_1_56' title='bbox 1161 792 1479 863; x_wconf 88' lang='lat' dir='ltr'><strong>imperantis</strong></span> <span class='ocrx_word' id='word_1_57' title='bbox 1518 793 1617 849; x_wconf 80' lang='lat' dir='ltr'><strong>fuit</strong></span> <span class='ocrx_word' id='word_1_58' title='bbox 1640 795 1910 864; x_wconf 87' lang='lat' dir='ltr'><strong>decimus,</strong></span> <span class='ocrx_word' id='word_1_59' title='bbox 2017 791 2368 846; x_wconf 73' lang='lat' dir='ltr'><strong>consolulum</strong></span> <span class='ocrx_word' id='word_1_60' title='bbox 2423 794 2617 864; x_wconf 74' lang='lat' dir='ltr'><strong>gessit.</strong></span> <span class='ocrx_word' id='word_1_61' title='bbox 2663 811 2826 867; x_wconf 83' lang='lat' dir='ltr'><strong>quem</strong></span> <span class='ocrx_word' id='word_1_62' title='bbox 2863 813 3040 868; x_wconf 87' lang='lat' dir='ltr'><strong>usque</strong></span> <span class='ocrx_word' id='word_1_63' title='bbox 3091 799 3160 854; x_wconf 92' lang='lat' dir='ltr'><strong>ad</strong></span> <span class='ocrx_word' id='word_1_64' title='bbox 3209 799 3598 856; x_wconf 86' lang='lat' dir='ltr'><strong>duodecimum</strong></span> 
     </span>
    </p>
   </div>
   <div class='ocr_carea' id='block_1_7' title="bbox 338 876 3601 958">
    <p class='ocr_par' dir='ltr' id='par_1_7' title="bbox 338 876 3601 958">
     <span class='ocr_line' id='line_1_7' title="bbox 338 876 3601 958; baseline 0.005 -26"><span class='ocrx_word' id='word_1_65' title='bbox 338 876 580 948; x_wconf 75' lang='lat' dir='ltr'><strong>ejusdem</strong></span> <span class='ocrx_word' id='word_1_66' title='bbox 617 879 806 935; x_wconf 82' lang='lat' dir='ltr'><strong>novies</strong></span> <span class='ocrx_word' id='word_1_67' title='bbox 837 881 1097 938; x_wconf 65' lang='lat' dir='ltr'><strong>Consulis</strong></span> <span class='ocrx_word' id='word_1_68' title='bbox 1130 882 1438 949; x_wconf 85' lang='lat' dir='ltr'><strong>dicebatur,</strong></span> <span class='ocrx_word' id='word_1_69' title='bbox 1491 888 1576 940; x_wconf 89' lang='lat' dir='ltr'><strong>vel</strong></span> <span class='ocrx_word' id='word_1_70' title='bbox 1622 888 1786 941; x_wconf 87' lang='lat' dir='ltr'><strong>etiam</strong></span> <span class='ocrx_word' id='word_1_71' title='bbox 1829 890 1914 958; x_wconf 82' lang='lat' dir='ltr'><strong>(ut</strong></span> <span class='ocrx_word' id='word_1_72' title='bbox 2019 883 2386 949; x_wconf 75' lang='lat' dir='ltr'><strong>conlinuavit,</strong></span> <span class='ocrx_word' id='word_1_73' title='bbox 2421 895 2481 940; x_wconf 92' lang='lat' dir='ltr'><strong>ut</strong></span> <span class='ocrx_word' id='word_1_74' title='bbox 2521 902 2587 941; x_wconf 76' lang='lat' dir='ltr'><strong>ex</strong></span> <span class='ocrx_word' id='word_1_75' title='bbox 2638 887 2796 944; x_wconf 78' lang='lat' dir='ltr'><strong>lastis</strong></span> <span class='ocrx_word' id='word_1_76' title='bbox 2824 888 3032 945; x_wconf 62' lang='lat' dir='ltr'><strong>Graecis</strong></span> <span class='ocrx_word' id='word_1_77' title='bbox 3082 900 3136 946; x_wconf 87' lang='lat' dir='ltr'><strong>et</strong></span> <span class='ocrx_word' id='word_1_78' title='bbox 3170 892 3313 948; x_wconf 88' lang='lat' dir='ltr'><strong>libro</strong></span> <span class='ocrx_word' id='word_1_79' title='bbox 3356 892 3601 948; x_wconf 78' lang='lat' dir='ltr'><strong>Maﬂ‘eio-</strong></span> 
     </span>
    </p>
   </div>
   <div class='ocr_carea' id='block_1_8' title="bbox 341 970 3599 1057">
    <p class='ocr_par' dir='ltr' id='par_1_8' title="bbox 341 970 3599 1057">
     <span class='ocr_line' id='line_1_8' title="bbox 341 970 3599 1057; baseline 0.005 -31"><span class='ocrx_word' id='word_1_80' title='bbox 341 970 653 1027; x_wconf 84' lang='lat' dir='ltr'><strong>Chronicon</strong></span> <span class='ocrx_word' id='word_1_81' title='bbox 677 975 1105 1031; x_wconf 77' lang='lat' dir='ltr'><strong>Alexandrinum</strong></span> <span class='ocrx_word' id='word_1_82' title='bbox 1135 979 1410 1041; x_wconf 86' lang='lat' dir='ltr'><strong>numerat)</strong></span> <span class='ocrx_word' id='word_1_83' title='bbox 1445 996 1464 1030; x_wconf 73' lang='lat' dir='ltr'><strong>c</strong></span> <span class='ocrx_word' id='word_1_84' title='bbox 1509 989 1631 1049; x_wconf 90' lang='lat' dir='ltr'><strong>post</strong></span> <span class='ocrx_word' id='word_1_85' title='bbox 1665 980 1916 1037; x_wconf 88' lang='lat' dir='ltr'><strong>consula-</strong></span> <span class='ocrx_word' id='word_1_86' title='bbox 2019 988 2142 1031; x_wconf 85' lang='lat' dir='ltr'><strong>rum</strong></span> <span class='ocrx_word' id='word_1_87' title='bbox 2174 976 2520 1049; x_wconf 75' lang='lat' dir='ltr'><strong>intelligitur.</strong></span> <span class='ocrx_word' id='word_1_88' title='bbox 2548 977 2746 1038; x_wconf 74' lang='lat' dir='ltr'><strong>FaStos</strong></span> <span class='ocrx_word' id='word_1_89' title='bbox 2776 981 2998 1039; x_wconf 81' lang='lat' dir='ltr'><strong>Graecos</strong></span> <span class='ocrx_word' id='word_1_90' title='bbox 3029 984 3119 1039; x_wconf 91' lang='lat' dir='ltr'><strong>hic</strong></span> <span class='ocrx_word' id='word_1_91' title='bbox 3159 986 3424 1056; x_wconf 85' lang='lat' dir='ltr'><strong>appellat,</strong></span> <span class='ocrx_word' id='word_1_92' title='bbox 3456 1001 3599 1057; x_wconf 88' lang='lat' dir='ltr'><strong>quos</strong></span> 
     </span>
    </p>
   </div>
   <div class='ocr_carea' id='block_1_9' title="bbox 338 1062 3601 1142">
    <p class='ocr_par' dir='ltr' id='par_1_9' title="bbox 338 1062 3601 1142">
     <span class='ocr_line' id='line_1_9' title="bbox 338 1062 3601 1142; baseline 0.007 -27"><span class='ocrx_word' id='word_1_93' title='bbox 338 1070 455 1118; x_wconf 88' lang='lat' dir='ltr'><strong>tum</strong></span> <span class='ocrx_word' id='word_1_94' title='bbox 483 1062 725 1119; x_wconf 75' lang='lat' dir='ltr'><strong>Mauritii</strong></span> <span class='ocrx_word' id='word_1_95' title='bbox 763 1064 968 1123; x_wconf 86' lang='lat' dir='ltr'><strong>Tiberii</strong></span> <span class='ocrx_word' id='word_1_96' title='bbox 1004 1076 1233 1125; x_wconf 81' lang='lat' dir='ltr'><strong>octavus</strong></span> <span class='ocrx_word' id='word_1_97' title='bbox 1268 1088 1281 1124; x_wconf 92' lang='lat'><strong>:</strong></span> <span class='ocrx_word' id='word_1_98' title='bbox 1316 1088 1338 1125; x_wconf 83' lang='grc'><strong><em>›</em></strong></span> <span class='ocrx_word' id='word_1_99' title='bbox 1379 1087 1487 1142; x_wconf 90' lang='lat' dir='ltr'><strong>quo</strong></span> <span class='ocrx_word' id='word_1_100' title='bbox 1521 1087 1665 1128; x_wconf 88' lang='lat' dir='ltr'><strong>anno</strong></span> <span class='ocrx_word' id='word_1_101' title='bbox 1700 1075 1917 1131; x_wconf 63' lang='lat' dir='ltr'><strong>eodem»</strong></span> <span class='ocrx_word' id='word_1_102' title='bbox 2019 1066 2149 1125; x_wconf 80' lang='lat' dir='ltr'><strong>alibi</strong></span> <span class='ocrx_word' id='word_1_103' title='bbox 2202 1065 2438 1136; x_wconf 83' lang='lat' dir='ltr'><strong>Siculos,</strong></span> <span class='ocrx_word' id='word_1_104' title='bbox 2493 1081 2549 1133; x_wconf 87' lang='lat' dir='ltr'><strong>et</strong></span> <span class='ocrx_word' id='word_1_105' title='bbox 2608 1075 2911 1131; x_wconf 84' lang='lat' dir='ltr'><strong>novissime</strong></span> <span class='ocrx_word' id='word_1_106' title='bbox 2970 1075 3225 1135; x_wconf 79' lang='lat' dir='ltr'><strong>Raderus</strong></span> <span class='ocrx_word' id='word_1_107' title='bbox 3283 1078 3601 1137; x_wconf 84' lang='lat' dir='ltr'><strong>Chronieon</strong></span> 
     </span>
    </p>
   </div>
   <div class='ocr_carea' id='block_1_10' title="bbox 339 1155 3603 1243">
    <p class='ocr_par' dir='ltr' id='par_1_10' title="bbox 339 1155 3603 1243">
     <span class='ocr_line' id='line_1_10' title="bbox 339 1155 3603 1243; baseline 0.005 -33"><span class='ocrx_word' id='word_1_108' title='bbox 339 1172 447 1226; x_wconf 87' lang='lat' dir='ltr'><strong>que</strong></span> <span class='ocrx_word' id='word_1_109' title='bbox 493 1156 734 1228; x_wconf 79' lang='lat' dir='ltr'><strong>vulgaris</strong></span> <span class='ocrx_word' id='word_1_110' title='bbox 769 1174 892 1215; x_wconf 65' lang='lat' dir='ltr'><strong>aera:</strong></span> <span class='ocrx_word' id='word_1_111' title='bbox 929 1159 1034 1216; x_wconf 77' lang='lat'><strong>592</strong></span> <span class='ocrx_word' id='word_1_112' title='bbox 1092 1161 1289 1220; x_wconf 77' lang='lat' dir='ltr'><strong>ductas</strong></span> <span class='ocrx_word' id='word_1_113' title='bbox 1336 1180 1457 1221; x_wconf 67' lang='lat' dir='ltr'><strong>esse</strong></span> <span class='ocrx_word' id='word_1_114' title='bbox 1510 1165 1566 1221; x_wconf 73' lang='grc' dir='ltr'>ῑιι</span> <span class='ocrx_word' id='word_1_115' title='bbox 1623 1167 1912 1224; x_wconf 66' lang='lat' dir='ltr'><strong>Thraciam</strong></span> <span class='ocrx_word' id='word_1_116' title='bbox 2018 1155 2449 1216; x_wconf 79' lang='lat' dir='ltr'><strong>Alexandrinum</strong></span> <span class='ocrx_word' id='word_1_117' title='bbox 2483 1166 2861 1236; x_wconf 86' lang='lat' dir='ltr'><strong>nuncupavit:</strong></span> <span class='ocrx_word' id='word_1_118' title='bbox 2889 1168 2985 1224; x_wconf 83' lang='lat' dir='ltr'><strong>sed</strong></span> <span class='ocrx_word' id='word_1_119' title='bbox 3014 1168 3070 1223; x_wconf 91' lang='lat' dir='ltr'><strong>in</strong></span> <span class='ocrx_word' id='word_1_120' title='bbox 3103 1170 3190 1225; x_wconf 91' lang='lat' dir='ltr'><strong>his</strong></span> <span class='ocrx_word' id='word_1_121' title='bbox 3221 1170 3504 1243; x_wconf 86' lang='lat' dir='ltr'><strong>(idemque</strong></span> <span class='ocrx_word' id='word_1_122' title='bbox 3532 1171 3603 1227; x_wconf 91' lang='lat' dir='ltr'><strong>de</strong></span> 
     </span>
    </p>
   </div>
   <div class='ocr_carea' id='block_1_11' title="bbox 339 1247 3603 1334">
    <p class='ocr_par' dir='ltr' id='par_1_11' title="bbox 339 1247 3603 1334">
     <span class='ocr_line' id='line_1_11' title="bbox 339 1247 3603 1334; baseline 0.006 -31"><span class='ocrx_word' id='word_1_123' title='bbox 339 1247 551 1321; x_wconf 87' lang='lat' dir='ltr'><strong>copias,</strong></span> <span class='ocrx_word' id='word_1_124' title='bbox 576 1265 690 1306; x_wconf 83' lang='lat' dir='ltr'><strong>non</strong></span> <span class='ocrx_word' id='word_1_125' title='bbox 721 1266 850 1306; x_wconf 88' lang='lat' dir='ltr'><strong>vero</strong></span> <span class='ocrx_word' id='word_1_126' title='bbox 882 1254 1236 1325; x_wconf 85' lang='lat' dir='ltr'><strong>praecedenti,</strong></span> <span class='ocrx_word' id='word_1_127' title='bbox 1260 1257 1498 1331; x_wconf 87' lang='lat' dir='ltr'><strong>primum</strong></span> <span class='ocrx_word' id='word_1_128' title='bbox 1523 1274 1592 1316; x_wconf 77' lang='lat' dir='ltr'><strong>ex</strong></span> <span class='ocrx_word' id='word_1_129' title='bbox 1613 1275 1679 1316; x_wconf 89' lang='lat' dir='ltr'><strong>eo</strong></span> <span class='ocrx_word' id='word_1_130' title='bbox 1703 1261 1915 1334; x_wconf 81' lang='lat' dir='ltr'><strong>colligi-</strong></span> <span class='ocrx_word' id='word_1_131' title='bbox 2019 1249 2163 1306; x_wconf 74' lang='lat' dir='ltr'><strong>libro</strong></span> <span class='ocrx_word' id='word_1_132' title='bbox 2186 1249 2529 1314; x_wconf 75' lang='lat' dir='ltr'><strong>Mali&#39;eiorum</strong></span> <span class='ocrx_word' id='word_1_133' title='bbox 2550 1256 2660 1318; x_wconf 89' lang='lat' dir='ltr'><strong>dici</strong></span> <span class='ocrx_word' id='word_1_134' title='bbox 2689 1274 2850 1330; x_wconf 82' lang='lat' dir='ltr'><strong>posse</strong></span> <span class='ocrx_word' id='word_1_135' title='bbox 2872 1260 3228 1333; x_wconf 79' lang='lat' dir='ltr'><strong>arbitramur)</strong></span> <span class='ocrx_word' id='word_1_136' title='bbox 3254 1263 3389 1318; x_wconf 87' lang='lat' dir='ltr'><strong>nihil</strong></span> <span class='ocrx_word' id='word_1_137' title='bbox 3420 1264 3603 1325; x_wconf 79' lang='lat' dir='ltr'><strong>simile</strong></span> 
     </span>
    </p>
   </div>
   <div class='ocr_carea' id='block_1_12' title="bbox 338 1339 3601 1422">
    <p class='ocr_par' dir='ltr' id='par_1_12' title="bbox 338 1339 3601 1422">
     <span class='ocr_line' id='line_1_12' title="bbox 338 1339 3601 1422; baseline 0.007 -34"><span class='ocrx_word' id='word_1_138' title='bbox 338 1350 465 1411; x_wconf 71' lang='lat' dir='ltr'><strong>tur,</strong></span> <span class='ocrx_word' id='word_1_139' title='bbox 516 1342 660 1414; x_wconf 67' lang='lat' dir='ltr'><strong>quod</strong></span> <span class='ocrx_word' id='word_1_140' title='bbox 719 1347 935 1401; x_wconf 72' lang='lat' dir='ltr'><strong>nonnisi</strong></span> <span class='ocrx_word' id='word_1_141' title='bbox 992 1349 1325 1417; x_wconf 46' lang='lat' dir='ltr'><strong>praecedenti</strong></span> <span class='ocrx_word' id='word_1_142' title='bbox 1378 1367 1563 1422; x_wconf 62' lang='grc' dir='ltr'>υηηο,</span> <span class='ocrx_word' id='word_1_143' title='bbox 1611 1355 1913 1411; x_wconf 66' lang='lat' dir='ltr'><strong>secundum</strong></span> <span class='ocrx_word' id='word_1_144' title='bbox 2021 1339 2244 1407; x_wconf 89' lang='lat' dir='ltr'><strong>dicitur,</strong></span> <span class='ocrx_word' id='word_1_145' title='bbox 2276 1352 2335 1400; x_wconf 89' lang='lat' dir='ltr'><strong>et</strong></span> <span class='ocrx_word' id='word_1_146' title='bbox 2361 1346 2514 1401; x_wconf 89' lang='lat' dir='ltr'><strong>nulla</strong></span> <span class='ocrx_word' id='word_1_147' title='bbox 2549 1346 2693 1405; x_wconf 82' lang='lat' dir='ltr'><strong>facta</strong></span> <span class='ocrx_word' id='word_1_148' title='bbox 2734 1350 2940 1407; x_wconf 77' lang='lat' dir='ltr'><strong>alicubi</strong></span> <span class='ocrx_word' id='word_1_149' title='bbox 2969 1354 3250 1409; x_wconf 86' lang='lat' dir='ltr'><strong>mentione</strong></span> <span class='ocrx_word' id='word_1_150' title='bbox 3275 1356 3601 1411; x_wconf 81' lang='lat' dir='ltr'><strong>consulatus</strong></span> 
     </span>
    </p>
   </div>
   <div class='ocr_carea' id='block_1_13' title="bbox 338 1434 1933 1517">
    <p class='ocr_par' dir='ltr' id='par_1_13' title="bbox 338 1434 1915 1517">
     <span class='ocr_line' id='line_1_13' title="bbox 338 1434 1915 1517; baseline 0.008 -26"><span class='ocrx_word' id='word_1_151' title='bbox 338 1434 771 1493; x_wconf 79' lang='lat' dir='ltr'><strong>Alexandrinum</strong></span> <span class='ocrx_word' id='word_1_152' title='bbox 816 1439 1162 1505; x_wconf 87' lang='lat' dir='ltr'><strong>chronieon,</strong></span> <span class='ocrx_word' id='word_1_153' title='bbox 1224 1444 1514 1500; x_wconf 87' lang='lat' dir='ltr'><strong>restitutus</strong></span> <span class='ocrx_word' id='word_1_154' title='bbox 1587 1462 1756 1517; x_wconf 83' lang='lat' dir='ltr'><strong>regno</strong></span> <span class='ocrx_word' id='word_1_155' title='bbox 1814 1465 1915 1505; x_wconf 85' lang='lat' dir='ltr'><strong>suo</strong></span> 
     </span>
    </p>
   </div>
   <div class='ocr_carea' id='block_1_14' title="bbox 2006 1434 3601 1517">
    <p class='ocr_par' dir='ltr' id='par_1_14' title="bbox 2020 1437 3601 1507">
     <span class='ocr_line' id='line_1_14' title="bbox 2020 1437 3601 1507; baseline 0.011 -19"><span class='ocrx_word' id='word_1_156' title='bbox 2020 1437 2289 1507; x_wconf 87' lang='lat' dir='ltr'><strong>secundi,</strong></span> <span class='ocrx_word' id='word_1_157' title='bbox 2347 1438 2835 1499; x_wconf 88' lang='lat' dir='ltr'><strong>indiscriminatim</strong></span> <span class='ocrx_word' id='word_1_158' title='bbox 2899 1456 3280 1504; x_wconf 84' lang='lat' dir='ltr'><strong>memorantur</strong></span> <span class='ocrx_word' id='word_1_159' title='bbox 3343 1450 3472 1505; x_wconf 87' lang='lat' dir='ltr'><strong>anni</strong></span> <span class='ocrx_word' id='word_1_160' title='bbox 3532 1450 3601 1506; x_wconf 81' lang='lat' dir='ltr'><strong>i8</strong></span> 
     </span>
    </p>
   </div>
   <div class='ocr_carea' id='block_1_15' title="bbox 341 1525 3602 1612">
    <p class='ocr_par' dir='ltr' id='par_1_15' title="bbox 341 1525 3602 1612">
     <span class='ocr_line' id='line_1_15' title="bbox 341 1525 3602 1612; baseline 0.01 -30"><span class='ocrx_word' id='word_1_161' title='bbox 341 1525 614 1584; x_wconf 86' lang='lat' dir='ltr'><strong>Chosroes</strong></span> <span class='ocrx_word' id='word_1_162' title='bbox 644 1529 739 1591; x_wconf 86' lang='lat' dir='ltr'><strong>sit,</strong></span> <span class='ocrx_word' id='word_1_163' title='bbox 785 1531 968 1600; x_wconf 88' lang='lat' dir='ltr'><strong>itaque</strong></span> <span class='ocrx_word' id='word_1_164' title='bbox 1008 1541 1233 1603; x_wconf 87' lang='lat' dir='ltr'><strong>pacatus</strong></span> <span class='ocrx_word' id='word_1_165' title='bbox 1262 1533 1459 1591; x_wconf 84' lang='lat' dir='ltr'><strong>Oriens</strong></span> <span class='ocrx_word' id='word_1_166' title='bbox 1505 1553 1519 1590; x_wconf 90' lang='lat'><strong>:</strong></span> <span class='ocrx_word' id='word_1_167' title='bbox 1574 1539 1914 1608; x_wconf 89' lang='lat' dir='ltr'><strong>potissimum</strong></span> <span class='ocrx_word' id='word_1_168' title='bbox 2022 1533 2145 1594; x_wconf 70' lang='grc' dir='ltr'><strong>Ροδι</strong></span> <span class='ocrx_word' id='word_1_169' title='bbox 2175 1530 2523 1587; x_wconf 66' lang='lat' dir='ltr'><strong>consulam!“</strong></span> <span class='ocrx_word' id='word_1_170' title='bbox 2575 1531 2824 1590; x_wconf 68' lang='lat' dir='ltr'><strong>Mauric“</strong></span> <span class='ocrx_word' id='word_1_171' title='bbox 2874 1533 3103 1593; x_wconf 65' lang='lat' dir='ltr'><strong>Tiberii-</strong></span> <span class='ocrx_word' id='word_1_172' title='bbox 3136 1535 3370 1594; x_wconf 64' lang='lat' dir='ltr'><strong>Unicum</strong></span> <span class='ocrx_word' id='word_1_173' title='bbox 3434 1540 3602 1612; x_wconf 71' lang='grc' dir='ltr'><strong>ίϐίίυτ</strong></span> 
     </span>
    </p>
   </div>
   <div class='ocr_carea' id='block_1_16' title="bbox 338 1618 1933 1695">
    <p class='ocr_par' dir='ltr' id='par_1_16' title="bbox 338 1622 1915 1688">
     <span class='ocr_line' id='line_1_16' title="bbox 338 1622 1915 1688; baseline 0.01 -15"><span class='ocrx_word' id='word_1_174' title='bbox 338 1628 521 1676; x_wconf 88' lang='lat' dir='ltr'><strong>autem</strong></span> <span class='ocrx_word' id='word_1_175' title='bbox 575 1622 719 1678; x_wconf 85' lang='lat' dir='ltr'><strong>idem</strong></span> <span class='ocrx_word' id='word_1_176' title='bbox 772 1622 1198 1682; x_wconf 79' lang='lat' dir='ltr'><strong>demonstrativa</strong></span> <span class='ocrx_word' id='word_1_177' title='bbox 1251 1629 1522 1684; x_wconf 85' lang='lat' dir='ltr'><strong>evincitur</strong></span> <span class='ocrx_word' id='word_1_178' title='bbox 1570 1646 1639 1685; x_wconf 82' lang='lat' dir='ltr'><strong>ex</strong></span> <span class='ocrx_word' id='word_1_179' title='bbox 1683 1630 1773 1687; x_wconf 91' lang='lat' dir='ltr'><strong>illa</strong></span> <span class='ocrx_word' id='word_1_180' title='bbox 1805 1642 1915 1688; x_wconf 85' lang='lat' dir='ltr'><strong>tam</strong></span> 
     </span>
    </p>
   </div>
   <div class='ocr_carea' id='block_1_17' title="bbox 2001 1618 3596 1695">
    <p class='ocr_par' dir='ltr' id='par_1_17' title="bbox 2022 1618 3596 1695">
     <span class='ocr_line' id='line_1_17' title="bbox 2022 1618 3596 1695; baseline 0.011 -24"><span class='ocrx_word' id='word_1_181' title='bbox 2022 1618 2198 1675; x_wconf 67' lang='lat' dir='ltr'><strong>tertiae</strong></span> <span class='ocrx_word' id='word_1_182' title='bbox 2228 1619 2351 1690; x_wconf 89' lang='lat' dir='ltr'><strong>ejus</strong></span> <span class='ocrx_word' id='word_1_183' title='bbox 2398 1625 2623 1695; x_wconf 68' lang='lat' dir='ltr'><strong>epocha:</strong></span> <span class='ocrx_word' id='word_1_184' title='bbox 2654 1628 3141 1687; x_wconf 77' lang='lat' dir='ltr'><strong>comminiscenda:</strong></span> <span class='ocrx_word' id='word_1_185' title='bbox 3184 1633 3596 1689; x_wconf 82' lang='lat' dir='ltr'><strong>fundamentum</strong></span> 
     </span>
    </p>
   </div>
   <div class='ocr_carea' id='block_1_18' title="bbox 340 1711 1935 1796">
    <p class='ocr_par' dir='ltr' id='par_1_18' title="bbox 340 1712 1914 1791">
     <span class='ocr_line' id='line_1_18' title="bbox 340 1712 1914 1791; baseline 0.01 -27"><span class='ocrx_word' id='word_1_186' title='bbox 340 1712 534 1782; x_wconf 80' lang='lat' dir='ltr'><strong>grandi</strong></span> <span class='ocrx_word' id='word_1_187' title='bbox 588 1714 978 1773; x_wconf 86' lang='lat' dir='ltr'><strong>obscuratione</strong></span> <span class='ocrx_word' id='word_1_188' title='bbox 1027 1718 1206 1784; x_wconf 88' lang='lat' dir='ltr'><strong>solis,</strong></span> <span class='ocrx_word' id='word_1_189' title='bbox 1278 1734 1443 1791; x_wconf 89' lang='lat' dir='ltr'><strong>quam</strong></span> <span class='ocrx_word' id='word_1_190' title='bbox 1490 1735 1557 1776; x_wconf 77' lang='lat' dir='ltr'><strong>ex</strong></span> <span class='ocrx_word' id='word_1_191' title='bbox 1612 1720 1914 1790; x_wconf 78' lang='lat' dir='ltr'><strong>Simocatt&#39;a</strong></span> 
     </span>
    </p>
   </div>
   <div class='ocr_carea' id='block_1_19' title="bbox 2000 1711 3595 1796">
    <p class='ocr_par' dir='ltr' id='par_1_19' title="bbox 2023 1711 3595 1796">
     <span class='ocr_line' id='line_1_19' title="bbox 2023 1711 3595 1796; baseline 0.011 -33"><span class='ocrx_word' id='word_1_192' title='bbox 2023 1711 2233 1781; x_wconf 88' lang='lat' dir='ltr'><strong>accepit</strong></span> <span class='ocrx_word' id='word_1_193' title='bbox 2262 1711 2585 1785; x_wconf 82' lang='lat' dir='ltr'><strong>Onuphrius</strong></span> <span class='ocrx_word' id='word_1_194' title='bbox 2623 1732 2689 1775; x_wconf 83' lang='lat' dir='ltr'><strong>ex</strong></span> <span class='ocrx_word' id='word_1_195' title='bbox 2721 1735 2807 1783; x_wconf 90' lang='lat' dir='ltr'><strong>eo,</strong></span> <span class='ocrx_word' id='word_1_196' title='bbox 2836 1722 2982 1792; x_wconf 92' lang='lat' dir='ltr'><strong>quod</strong></span> <span class='ocrx_word' id='word_1_197' title='bbox 3015 1725 3180 1794; x_wconf 88' lang='lat' dir='ltr'><strong>paulo</strong></span> <span class='ocrx_word' id='word_1_198' title='bbox 3213 1736 3337 1795; x_wconf 88' lang='lat' dir='ltr'><strong>post</strong></span> <span class='ocrx_word' id='word_1_199' title='bbox 3371 1726 3595 1796; x_wconf 85' lang='lat' dir='ltr'><strong>allegat,</strong></span> 
     </span>
    </p>
   </div>
   <div class='ocr_carea' id='block_1_20' title="bbox 341 1803 3597 1888">
    <p class='ocr_par' dir='ltr' id='par_1_20' title="bbox 341 1803 3597 1888">
     <span class='ocr_line' id='line_1_20' title="bbox 341 1803 3597 1888; baseline 0.008 -39"><span class='ocrx_word' id='word_1_200' title='bbox 341 1806 694 1876; x_wconf 59' lang='lat' dir='ltr'><strong>transcripsi;</strong></span> <span class='ocrx_word' id='word_1_201' title='bbox 757 1806 1120 1881; x_wconf 69' lang='lat' dir='ltr'><strong>Theophanes</strong></span> <span class='ocrx_word' id='word_1_202' title='bbox 1149 1849 1167 1876; x_wconf 65' lang='grc'><strong><em>,</em></strong></span> <span class='ocrx_word' id='word_1_203' title='bbox 1227 1822 1320 1876; x_wconf 63' lang='grc' dir='ltr'><strong>ει,</strong></span> <span class='ocrx_word' id='word_1_204' title='bbox 1387 1824 1447 1867; x_wconf 78' lang='grc' dir='ltr'><strong>ιιι</strong></span> <span class='ocrx_word' id='word_1_205' title='bbox 1494 1814 1736 1872; x_wconf 64' lang='lat' dir='ltr'><strong>diximus</strong></span> <span class='ocrx_word' id='word_1_206' title='bbox 1795 1832 1918 1888; x_wconf 62' lang='lat' dir='ltr'><strong>per-</strong></span> <span class='ocrx_word' id='word_1_207' title='bbox 2024 1803 2264 1874; x_wconf 85' lang='lat' dir='ltr'><strong>registro</strong></span> <span class='ocrx_word' id='word_1_208' title='bbox 2307 1807 2666 1878; x_wconf 84' lang='lat' dir='ltr'><strong>epistolarum</strong></span> <span class='ocrx_word' id='word_1_209' title='bbox 2700 1812 2758 1869; x_wconf 90' lang='lat' dir='ltr'><strong>S.</strong></span> <span class='ocrx_word' id='word_1_210' title='bbox 2794 1811 3042 1886; x_wconf 81' lang='lat' dir='ltr'><strong>Gregorii</strong></span> <span class='ocrx_word' id='word_1_211' title='bbox 3090 1817 3132 1871; x_wconf 93' lang='lat' dir='ltr'><strong>l.</strong></span> <span class='ocrx_word' id='word_1_212' title='bbox 3179 1816 3272 1883; x_wconf 82' lang='lat' dir='ltr'><strong>1X,</strong></span> <span class='ocrx_word' id='word_1_213' title='bbox 3318 1818 3511 1873; x_wconf 90' lang='lat' dir='ltr'><strong>lndict.</strong></span> <span class='ocrx_word' id='word_1_214' title='bbox 3542 1818 3597 1883; x_wconf 71' lang='grc'><strong>4,</strong></span> 
     </span>
    </p>
   </div>
   <div class='ocr_carea' id='block_1_21' title="bbox 339 1893 1934 1977">
    <p class='ocr_par' dir='ltr' id='par_1_21' title="bbox 339 1902 1916 1977">
     <span class='ocr_line' id='line_1_21' title="bbox 339 1902 1916 1977; baseline 0.008 -26"><span class='ocrx_word' id='word_1_215' title='bbox 339 1911 523 1966; x_wconf 77' lang='lat' dir='ltr'><strong>peram</strong></span> <span class='ocrx_word' id='word_1_216' title='bbox 581 1912 728 1954; x_wconf 89' lang='lat' dir='ltr'><strong>anno</strong></span> <span class='ocrx_word' id='word_1_217' title='bbox 779 1914 926 1957; x_wconf 87' lang='lat' dir='ltr'><strong>nono</strong></span> <span class='ocrx_word' id='word_1_218' title='bbox 983 1902 1227 1965; x_wconf 81' lang='lat' dir='ltr'><strong>Mauritii</strong></span> <span class='ocrx_word' id='word_1_219' title='bbox 1282 1904 1611 1977; x_wconf 85' lang='lat' dir='ltr'><strong>imperantis</strong></span> <span class='ocrx_word' id='word_1_220' title='bbox 1666 1909 1916 1965; x_wconf 88' lang='lat' dir='ltr'><strong>attribuit</strong></span> 
     </span>
    </p>
   </div>
   <div class='ocr_carea' id='block_1_22' title="bbox 2007 1893 3602 1977">
    <p class='ocr_par' dir='ltr' id='par_1_22' title="bbox 2021 1893 3602 1977">
     <span class='ocr_line' id='line_1_22' title="bbox 2021 1893 3602 1977; baseline 0.013 -31"><span class='ocrx_word' id='word_1_221' title='bbox 2021 1893 2110 1947; x_wconf 92' lang='lat' dir='ltr'><strong>ubi</strong></span> <span class='ocrx_word' id='word_1_222' title='bbox 2149 1896 2233 1952; x_wconf 90' lang='lat' dir='ltr'><strong>sic</strong></span> <span class='ocrx_word' id='word_1_223' title='bbox 2268 1897 2460 1970; x_wconf 86' lang='lat' dir='ltr'><strong>incipit</strong></span> <span class='ocrx_word' id='word_1_224' title='bbox 2490 1902 2654 1977; x_wconf 87' lang='lat' dir='ltr'><strong>epist.</strong></span> <span class='ocrx_word' id='word_1_225' title='bbox 2681 1903 2794 1960; x_wconf 69' lang='lat'><strong>2‘2:</strong></span> <span class='ocrx_word' id='word_1_226' title='bbox 2830 1924 2849 1958; x_wconf 78' lang='grc' dir='ltr'><strong>ι</strong></span> <span class='ocrx_word' id='word_1_227' title='bbox 2885 1906 2944 1968; x_wconf 85' lang='grc' dir='ltr'>Ιιι</span> <span class='ocrx_word' id='word_1_228' title='bbox 2982 1908 3204 1967; x_wconf 87' lang='lat' dir='ltr'><strong>nomine</strong></span> <span class='ocrx_word' id='word_1_229' title='bbox 3252 1908 3464 1966; x_wconf 87' lang='lat' dir='ltr'><strong>Domini</strong></span> <span class='ocrx_word' id='word_1_230' title='bbox 3499 1926 3602 1966; x_wconf 91' lang='lat' dir='ltr'><strong>uo-</strong></span> 
     </span>
    </p>
   </div>
   <div class='ocr_carea' id='block_1_23' title="bbox 341 1987 3601 2077">
    <p class='ocr_par' dir='ltr' id='par_1_23' title="bbox 341 1987 3601 2077">
     <span class='ocr_line' id='line_1_23' title="bbox 341 1987 3601 2077; baseline 0.008 -44"><span class='ocrx_word' id='word_1_231' title='bbox 341 2004 447 2044; x_wconf 75' lang='lat' dir='ltr'><strong>una</strong></span> <span class='ocrx_word' id='word_1_232' title='bbox 506 2004 633 2045; x_wconf 76' lang='lat' dir='ltr'><strong>cum</strong></span> <span class='ocrx_word' id='word_1_233' title='bbox 694 1992 861 2049; x_wconf 67' lang='lat' dir='ltr'><strong>rebus</strong></span> <span class='ocrx_word' id='word_1_234' title='bbox 900 2002 1032 2050; x_wconf 56' lang='lat' dir='ltr'><strong>tunc</strong></span> <span class='ocrx_word' id='word_1_235' title='bbox 1096 1996 1289 2065; x_wconf 53' lang='lat' dir='ltr'><strong>gestis,</strong></span> <span class='ocrx_word' id='word_1_236' title='bbox 1359 1996 1591 2054; x_wconf 68' lang='grc' dir='ltr'><strong>ροηειειι</strong></span> <span class='ocrx_word' id='word_1_237' title='bbox 1646 2000 1795 2057; x_wconf 64' lang='lat' dir='ltr'><strong>enim</strong></span> <span class='ocrx_word' id='word_1_238' title='bbox 1850 2017 1920 2059; x_wconf 61' lang='lat' dir='ltr'><strong>ex</strong></span> <span class='ocrx_word' id='word_1_239' title='bbox 2019 1987 2208 2073; x_wconf 78' lang='lat' dir='ltr'><strong>strict</strong></span> <span class='ocrx_word' id='word_1_240' title='bbox 2256 1990 2560 2052; x_wconf 85' lang='lat' dir='ltr'><strong>Salvatoris</strong></span> <span class='ocrx_word' id='word_1_241' title='bbox 2609 1996 2739 2053; x_wconf 82' lang='lat' dir='ltr'><strong>Jesu</strong></span> <span class='ocrx_word' id='word_1_242' title='bbox 2774 1997 3006 2069; x_wconf 81' lang='lat' dir='ltr'><strong>Christi,</strong></span> <span class='ocrx_word' id='word_1_243' title='bbox 3044 2002 3441 2077; x_wconf 84' lang='lat' dir='ltr'><strong>imperantibus</strong></span> <span class='ocrx_word' id='word_1_244' title='bbox 3491 2005 3601 2059; x_wconf 87' lang='lat' dir='ltr'><strong>Do-</strong></span> 
     </span>
    </p>
   </div>
   <div class='ocr_carea' id='block_1_24' title="bbox 341 2081 3600 2164">
    <p class='ocr_par' dir='ltr' id='par_1_24' title="bbox 341 2081 3600 2164">
     <span class='ocr_line' id='line_1_24' title="bbox 341 2081 3600 2164; baseline 0.007 -25"><span class='ocrx_word' id='word_1_245' title='bbox 341 2082 731 2139; x_wconf 79' lang='lat' dir='ltr'><strong>astronomicis</strong></span> <span class='ocrx_word' id='word_1_246' title='bbox 764 2084 1022 2150; x_wconf 77' lang='lat' dir='ltr'><strong>calculis,</strong></span> <span class='ocrx_word' id='word_1_247' title='bbox 1077 2086 1221 2156; x_wconf 92' lang='lat' dir='ltr'><strong>quod</strong></span> <span class='ocrx_word' id='word_1_248' title='bbox 1250 2086 1473 2159; x_wconf 88' lang='lat' dir='ltr'><strong>eclipsis</strong></span> <span class='ocrx_word' id='word_1_249' title='bbox 1511 2089 1710 2146; x_wconf 88' lang='lat' dir='ltr'><strong>solaris</strong></span> <span class='ocrx_word' id='word_1_250' title='bbox 1734 2131 1749 2157; x_wconf 97' lang='lat'><strong>,</strong></span> <span class='ocrx_word' id='word_1_251' title='bbox 1799 2107 1922 2162; x_wconf 71' lang='lat' dir='ltr'><strong>quas</strong></span> <span class='ocrx_word' id='word_1_252' title='bbox 2026 2094 2159 2135; x_wconf 78' lang='grc' dir='ltr'><strong>ιηηο</strong></span> <span class='ocrx_word' id='word_1_253' title='bbox 2188 2081 2444 2143; x_wconf 73' lang='lat' dir='ltr'><strong>Maurilio</strong></span> <span class='ocrx_word' id='word_1_254' title='bbox 2472 2094 2525 2143; x_wconf 82' lang='lat' dir='ltr'><strong>ei</strong></span> <span class='ocrx_word' id='word_1_255' title='bbox 2560 2086 2783 2147; x_wconf 80' lang='lat' dir='ltr'><strong>Tiberio</strong></span> <span class='ocrx_word' id='word_1_256' title='bbox 2824 2093 3111 2164; x_wconf 67' lang='lat' dir='ltr'><strong>Augustis.</strong></span> <span class='ocrx_word' id='word_1_257' title='bbox 3145 2112 3291 2152; x_wconf 72' lang='lat' dir='ltr'><strong>anno</strong></span> <span class='ocrx_word' id='word_1_258' title='bbox 3337 2097 3600 2153; x_wconf 72' lang='lat' dir='ltr'><strong>incarna-</strong></span> 
     </span>
    </p>
   </div>
   <div class='ocr_carea' id='block_1_25' title="bbox 339 2172 3602 2261">
    <p class='ocr_par' dir='ltr' id='par_1_25' title="bbox 339 2172 3602 2261">
     <span class='ocr_line' id='line_1_25' title="bbox 339 2172 3602 2261; baseline 0.008 -42"><span class='ocrx_word' id='word_1_259' title='bbox 339 2189 485 2232; x_wconf 61' lang='grc' dir='ltr'><strong>οι]ηο</strong></span> <span class='ocrx_word' id='word_1_260' title='bbox 524 2175 619 2230; x_wconf 71' lang='lat'><strong>59:</strong></span> <span class='ocrx_word' id='word_1_261' title='bbox 658 2175 880 2243; x_wconf 55' lang='lat' dir='ltr'><strong>accidit,</strong></span> <span class='ocrx_word' id='word_1_262' title='bbox 929 2177 1019 2232; x_wconf 68' lang='lat' dir='ltr'><strong>die</strong></span> <span class='ocrx_word' id='word_1_263' title='bbox 1068 2176 1138 2233; x_wconf 75' lang='lat'><strong>30</strong></span> <span class='ocrx_word' id='word_1_264' title='bbox 1186 2176 1389 2247; x_wconf 63' lang='grc' dir='ltr'><strong>Μαι-ηε,</strong></span> <span class='ocrx_word' id='word_1_265' title='bbox 1443 2181 1919 2254; x_wconf 50' lang='lat' dir='ltr'><strong>Constantinopoli</strong></span> <span class='ocrx_word' id='word_1_266' title='bbox 2022 2172 2191 2231; x_wconf 89' lang='lat' dir='ltr'><strong>tionis</strong></span> <span class='ocrx_word' id='word_1_267' title='bbox 2236 2172 2540 2235; x_wconf 77' lang='lat' dir='ltr'><strong>Dominiea:</strong></span> <span class='ocrx_word' id='word_1_268' title='bbox 2586 2184 2995 2240; x_wconf 80' lang='lat' dir='ltr'><strong>sexcentesimo</strong></span> <span class='ocrx_word' id='word_1_269' title='bbox 3040 2186 3242 2256; x_wconf 85' lang='lat' dir='ltr'><strong>primo,</strong></span> <span class='ocrx_word' id='word_1_270' title='bbox 3295 2188 3602 2261; x_wconf 86' lang='lat' dir='ltr'><strong>eodemque</strong></span> 
     </span>
    </p>
   </div>
   <div class='ocr_carea' id='block_1_26' title="bbox 339 2261 3599 2346">
    <p class='ocr_par' dir='ltr' id='par_1_26' title="bbox 339 2261 3599 2346">
     <span class='ocr_line' id='line_1_26' title="bbox 339 2261 3599 2346; baseline 0.009 -38"><span class='ocrx_word' id='word_1_271' title='bbox 339 2269 426 2322; x_wconf 64' lang='lat' dir='ltr'><strong>vix</strong></span> <span class='ocrx_word' id='word_1_272' title='bbox 472 2279 573 2325; x_wconf 59' lang='lat' dir='ltr'><strong>aut</strong></span> <span class='ocrx_word' id='word_1_273' title='bbox 622 2285 690 2324; x_wconf 75' lang='lat' dir='ltr'><strong>ne</strong></span> <span class='ocrx_word' id='word_1_274' title='bbox 746 2271 837 2324; x_wconf 68' lang='grc' dir='ltr'><strong>νίχ</strong></span> <span class='ocrx_word' id='word_1_275' title='bbox 873 2269 1093 2341; x_wconf 71' lang='lat' dir='ltr'><strong>quidem</strong></span> <span class='ocrx_word' id='word_1_276' title='bbox 1134 2270 1376 2342; x_wconf 72' lang='grc' dir='ltr'>ροιυθι-Ῐι</span> <span class='ocrx_word' id='word_1_277' title='bbox 1430 2273 1672 2343; x_wconf 75' lang='lat' dir='ltr'><strong>conspici</strong></span> <span class='ocrx_word' id='word_1_278' title='bbox 1698 2315 1714 2342; x_wconf 64' lang='lat'><strong>’</strong></span> <span class='ocrx_word' id='word_1_279' title='bbox 1758 2283 1923 2346; x_wconf 58' lang='lat' dir='ltr'><strong>prout</strong></span> <span class='ocrx_word' id='word_1_280' title='bbox 2020 2261 2254 2321; x_wconf 87' lang='lat' dir='ltr'><strong>Domino</strong></span> <span class='ocrx_word' id='word_1_281' title='bbox 2291 2269 2552 2327; x_wconf 80' lang='lat' dir='ltr'><strong>undecies</strong></span> <span class='ocrx_word' id='word_1_282' title='bbox 2592 2276 2822 2334; x_wconf 86' lang='lat' dir='ltr'><strong>consule</strong></span> <span class='ocrx_word' id='word_1_283' title='bbox 2844 2277 2948 2333; x_wconf 74' lang='lat' dir='ltr'><strong>Sﬂb</strong></span> <span class='ocrx_word' id='word_1_284' title='bbox 3121 2279 3156 2334; x_wconf 71' lang='lat'><strong>3</strong></span> <span class='ocrx_word' id='word_1_285' title='bbox 3183 2278 3463 2337; x_wconf 87' lang='lat' dir='ltr'><strong>Nonarum</strong></span> <span class='ocrx_word' id='word_1_286' title='bbox 3493 2280 3599 2338; x_wconf 77' lang='grc' dir='ltr'><strong>Οο·</strong></span> 
     </span>
    </p>
   </div>
   <div class='ocr_carea' id='block_1_27' title="bbox 340 2356 1935 2433">
    <p class='ocr_par' dir='ltr' id='par_1_27' title="bbox 340 2362 1923 2433">
     <span class='ocr_line' id='line_1_27' title="bbox 340 2362 1923 2433; baseline 0.005 -17"><span class='ocrx_word' id='word_1_287' title='bbox 340 2362 399 2417; x_wconf 82' lang='lat' dir='ltr'><strong>in</strong></span> <span class='ocrx_word' id='word_1_288' title='bbox 430 2363 604 2419; x_wconf 87' lang='lat' dir='ltr'><strong>nostri</strong></span> <span class='ocrx_word' id='word_1_289' title='bbox 633 2364 861 2433; x_wconf 78' lang='lat' dir='ltr'><strong>gratiam</strong></span> <span class='ocrx_word' id='word_1_290' title='bbox 892 2363 1325 2419; x_wconf 79' lang='lat' dir='ltr'><strong>observaverunt</strong></span> <span class='ocrx_word' id='word_1_291' title='bbox 1371 2366 1471 2421; x_wconf 90' lang='lat' dir='ltr'><strong>viri</strong></span> <span class='ocrx_word' id='word_1_292' title='bbox 1522 2369 1923 2423; x_wconf 80' lang='lat' dir='ltr'><strong>astronomica-</strong></span> 
     </span>
    </p>
   </div>
   <div class='ocr_carea' id='block_1_28' title="bbox 749 2356 2344 2433">
    <p class='ocr_par' dir='ltr' id='par_1_28' title="bbox 749 2356 2344 2423">
     <span class='ocr_line' id='line_1_28' title="bbox 749 2356 2344 2423; baseline 0.004 -7"><span class='ocrx_word' id='word_1_293' title='bbox 749 2364 861 2418; x_wconf 84' lang='lat' dir='ltr'><strong>iam</strong></span> <span class='ocrx_word' id='word_1_294' title='bbox 892 2363 1325 2419; x_wconf 84' lang='lat' dir='ltr'><strong>observaverunt</strong></span> <span class='ocrx_word' id='word_1_295' title='bbox 1371 2366 1471 2421; x_wconf 90' lang='lat' dir='ltr'><strong>viri</strong></span> <span class='ocrx_word' id='word_1_296' title='bbox 1522 2369 1923 2423; x_wconf 79' lang='lat' dir='ltr'><strong>astronomica-</strong></span> <span class='ocrx_word' id='word_1_297' title='bbox 2018 2356 2284 2415; x_wconf 67' lang='lat' dir='ltr'><strong>toMiuul-</strong></span> <span class='ocrx_word' id='word_1_298' title='bbox 2324 2377 2344 2412; x_wconf 70' lang='grc' dir='ltr'><strong>ι</strong></span> 
     </span>
    </p>
   </div>
   <div class='ocr_carea' id='block_1_29' title="bbox 340 2448 3597 2531">
    <p class='ocr_par' dir='ltr' id='par_1_29' title="bbox 340 2448 3597 2531">
     <span class='ocr_line' id='line_1_29' title="bbox 340 2448 3597 2531; baseline 0.007 -22"><span class='ocrx_word' id='word_1_299' title='bbox 340 2470 461 2510; x_wconf 85' lang='lat' dir='ltr'><strong>rum</strong></span> <span class='ocrx_word' id='word_1_300' title='bbox 494 2470 677 2511; x_wconf 83' lang='lat' dir='ltr'><strong>rerum</strong></span> <span class='ocrx_word' id='word_1_301' title='bbox 710 2455 1035 2526; x_wconf 81' lang='lat' dir='ltr'><strong>peritissimi</strong></span> <span class='ocrx_word' id='word_1_302' title='bbox 1080 2454 1191 2511; x_wconf 91' lang='lat' dir='ltr'><strong>duo</strong></span> <span class='ocrx_word' id='word_1_303' title='bbox 1244 2455 1478 2515; x_wconf 80' lang='lat' dir='ltr'><strong>Michael</strong></span> <span class='ocrx_word' id='word_1_304' title='bbox 1520 2456 1820 2517; x_wconf 82' lang='lat' dir='ltr'><strong>Seneschal</strong></span> <span class='ocrx_word' id='word_1_305' title='bbox 1854 2459 1916 2516; x_wconf 90' lang='lat' dir='ltr'><strong>S.</strong></span> <span class='ocrx_word' id='word_1_306' title='bbox 2091 2448 2183 2510; x_wconf 61' lang='lat' dir='ltr'><strong>3L</strong></span> <span class='ocrx_word' id='word_1_307' title='bbox 2220 2450 2444 2518; x_wconf 64' lang='lat' dir='ltr'><strong>verum:</strong></span> <span class='ocrx_word' id='word_1_308' title='bbox 2482 2454 2558 2509; x_wconf 77' lang='grc' dir='ltr'><strong>υῑί</strong></span> <span class='ocrx_word' id='word_1_309' title='bbox 2609 2456 2664 2515; x_wconf 73' lang='lat' dir='ltr'><strong>ill</strong></span> <span class='ocrx_word' id='word_1_310' title='bbox 2698 2457 2803 2513; x_wconf 71' lang='lat' dir='ltr'><strong>hac</strong></span> <span class='ocrx_word' id='word_1_311' title='bbox 2830 2459 3065 2530; x_wconf 73' lang='grc' dir='ltr'>ορῑειοιει</span> <span class='ocrx_word' id='word_1_312' title='bbox 3095 2462 3449 2519; x_wconf 70' lang='grc' dir='ltr'><strong>ωτιηίίθεῑυηι</strong></span> <span class='ocrx_word' id='word_1_313' title='bbox 3488 2474 3597 2531; x_wconf 69' lang='grc' dir='ltr'>θειί</span> 
     </span>
    </p>
   </div>
   <div class='ocr_carea' id='block_1_30' title="bbox 338 2541 3602 2626">
    <p class='ocr_par' dir='ltr' id='par_1_30' title="bbox 338 2541 3602 2626">
     <span class='ocr_line' id='line_1_30' title="bbox 338 2541 3602 2626; baseline 0.007 -21"><span class='ocrx_word' id='word_1_314' title='bbox 338 2546 392 2605; x_wconf 74' lang='grc'><strong>1.</strong></span> <span class='ocrx_word' id='word_1_315' title='bbox 422 2555 479 2605; x_wconf 86' lang='lat' dir='ltr'><strong>et</strong></span> <span class='ocrx_word' id='word_1_316' title='bbox 507 2547 675 2604; x_wconf 84' lang='lat' dir='ltr'><strong>David</strong></span> <span class='ocrx_word' id='word_1_317' title='bbox 724 2548 941 2604; x_wconf 84' lang='lat' dir='ltr'><strong>vanden</strong></span> <span class='ocrx_word' id='word_1_318' title='bbox 985 2546 1459 2604; x_wconf 73' lang='lat' dir='ltr'><strong>Nieuwenhorcht</strong></span> <span class='ocrx_word' id='word_1_319' title='bbox 1504 2550 1923 2622; x_wconf 72' lang='lat' dir='ltr'><strong>Antuerpiensis</strong></span> <span class='ocrx_word' id='word_1_320' title='bbox 2020 2541 2314 2599; x_wconf 65' lang='grc' dir='ltr'><strong>θεείιαηιίθ</strong></span> <span class='ocrx_word' id='word_1_321' title='bbox 2354 2546 2567 2603; x_wconf 63' lang='grc' dir='ltr'><strong>Πωυῆ</strong></span> <span class='ocrx_word' id='word_1_322' title='bbox 2612 2550 2868 2606; x_wconf 68' lang='lat' dir='ltr'><strong>mendum</strong></span> <span class='ocrx_word' id='word_1_323' title='bbox 2911 2552 2969 2609; x_wconf 77' lang='grc' dir='ltr'><strong>ίη</strong></span> <span class='ocrx_word' id='word_1_324' title='bbox 3000 2567 3088 2620; x_wconf 71' lang='grc' dir='ltr'><strong>θον</strong></span> <span class='ocrx_word' id='word_1_325' title='bbox 3114 2556 3279 2626; x_wconf 68' lang='grc' dir='ltr'>φιοά</span> <span class='ocrx_word' id='word_1_326' title='bbox 3310 2558 3395 2613; x_wconf 70' lang='grc' dir='ltr'><strong>νει</strong></span> <span class='ocrx_word' id='word_1_327' title='bbox 3442 2558 3602 2615; x_wconf 68' lang='grc' dir='ltr'><strong>Τίὺε·</strong></span> 
     </span>
    </p>
   </div>
   <div class='ocr_carea' id='block_1_31' title="bbox 339 2634 3597 2717">
    <p class='ocr_par' dir='ltr' id='par_1_31' title="bbox 339 2634 3597 2717">
     <span class='ocr_line' id='line_1_31' title="bbox 339 2634 3597 2717; baseline 0.008 -36"><span class='ocrx_word' id='word_1_328' title='bbox 339 2640 650 2712; x_wconf 54' lang='lat' dir='ltr'><strong>presbyter,</strong></span> <span class='ocrx_word' id='word_1_329' title='bbox 725 2640 796 2696; x_wconf 75' lang='grc' dir='ltr'>Αι</span> <span class='ocrx_word' id='word_1_330' title='bbox 855 2654 989 2697; x_wconf 52' lang='grc' dir='ltr'><strong>νει-,ο</strong></span> <span class='ocrx_word' id='word_1_331' title='bbox 1049 2654 1202 2697; x_wconf 63' lang='lat' dir='ltr'><strong>anno</strong></span> <span class='ocrx_word' id='word_1_332' title='bbox 1265 2640 1393 2709; x_wconf 61' lang='lat'><strong>592,</strong></span> <span class='ocrx_word' id='word_1_333' title='bbox 1446 2640 1537 2699; x_wconf 75' lang='lat' dir='ltr'><strong>die</strong></span> <span class='ocrx_word' id='word_1_334' title='bbox 1596 2643 1665 2699; x_wconf 62' lang='lat'><strong>49</strong></span> <span class='ocrx_word' id='word_1_335' title='bbox 1734 2644 1920 2700; x_wconf 60' lang='lat' dir='ltr'><strong>nam:</strong></span> <span class='ocrx_word' id='word_1_336' title='bbox 2019 2634 2183 2717; x_wconf 81' lang='lat' dir='ltr'><strong>rium,</strong></span> <span class='ocrx_word' id='word_1_337' title='bbox 2211 2634 2642 2706; x_wconf 85' lang='lat' dir='ltr'><strong>pro&#39;l‘beodosio</strong></span> <span class='ocrx_word' id='word_1_338' title='bbox 2664 2645 2888 2715; x_wconf 84' lang='lat' dir='ltr'><strong>scripsit</strong></span> <span class='ocrx_word' id='word_1_339' title='bbox 2913 2644 3085 2717; x_wconf 92' lang='lat' dir='ltr'><strong>(hunc</strong></span> <span class='ocrx_word' id='word_1_340' title='bbox 3114 2647 3261 2703; x_wconf 88' lang='lat' dir='ltr'><strong>enim</strong></span> <span class='ocrx_word' id='word_1_341' title='bbox 3296 2665 3404 2705; x_wconf 92' lang='lat' dir='ltr'><strong>non</strong></span> <span class='ocrx_word' id='word_1_342' title='bbox 3431 2652 3597 2708; x_wconf 89' lang='lat' dir='ltr'><strong>istum</strong></span> 
     </span>
    </p>
   </div>
   <div class='ocr_carea' id='block_1_32' title="bbox 342 2730 3599 2817">
    <p class='ocr_par' dir='ltr' id='par_1_32' title="bbox 342 2730 3599 2817">
     <span class='ocr_line' id='line_1_32' title="bbox 342 2730 3599 2817; baseline 0.008 -30"><span class='ocrx_word' id='word_1_343' title='bbox 342 2747 541 2804; x_wconf 85' lang='lat' dir='ltr'><strong>magna</strong></span> <span class='ocrx_word' id='word_1_344' title='bbox 578 2734 670 2788; x_wconf 88' lang='lat' dir='ltr'><strong>illa</strong></span> <span class='ocrx_word' id='word_1_345' title='bbox 696 2733 928 2804; x_wconf 77' lang='lat' dir='ltr'><strong>eclipsis</strong></span> <span class='ocrx_word' id='word_1_346' title='bbox 988 2733 1207 2801; x_wconf 88' lang='lat' dir='ltr'><strong>accidit,</strong></span> <span class='ocrx_word' id='word_1_347' title='bbox 1234 2748 1396 2805; x_wconf 86' lang='lat' dir='ltr'><strong>quam</strong></span> <span class='ocrx_word' id='word_1_348' title='bbox 1427 2732 1682 2792; x_wconf 80' lang='lat' dir='ltr'><strong>Petavius</strong></span> <span class='ocrx_word' id='word_1_349' title='bbox 1733 2744 1923 2793; x_wconf 82' lang='lat' dir='ltr'><strong>noster</strong></span> <span class='ocrx_word' id='word_1_350' title='bbox 2019 2735 2172 2798; x_wconf 71' lang='grc' dir='ltr'>Ρειιθτ</span> <span class='ocrx_word' id='word_1_351' title='bbox 2223 2730 2437 2801; x_wconf 62' lang='lat' dir='ltr'><strong>imperii</strong></span> <span class='ocrx_word' id='word_1_352' title='bbox 2484 2744 2799 2793; x_wconf 71' lang='grc' dir='ltr'><strong>εοιιεοηοηι</strong></span> <span class='ocrx_word' id='word_1_353' title='bbox 2833 2740 3104 2795; x_wconf 64' lang='grc' dir='ltr'><strong>θεείνθηῐ</strong></span> <span class='ocrx_word' id='word_1_354' title='bbox 3149 2756 3296 2798; x_wconf 67' lang='lat' dir='ltr'><strong>anno</strong></span> <span class='ocrx_word' id='word_1_355' title='bbox 3333 2743 3482 2817; x_wconf 64' lang='lat'><strong>590).</strong></span> <span class='ocrx_word' id='word_1_356' title='bbox 3512 2747 3599 2801; x_wconf 72' lang='lat' dir='ltr'><strong>V01</strong></span> 
     </span>
    </p>
   </div>
   <div class='ocr_carea' id='block_1_33' title="bbox 342 2820 1937 2909">
    <p class='ocr_par' dir='ltr' id='par_1_33' title="bbox 342 2824 1920 2896">
     <span class='ocr_line' id='line_1_33' title="bbox 342 2824 1920 2896; baseline 0.003 -18"><span class='ocrx_word' id='word_1_357' title='bbox 342 2824 381 2878; x_wconf 96' lang='lat' dir='ltr'><strong>l.</strong></span> <span class='ocrx_word' id='word_1_358' title='bbox 423 2840 516 2880; x_wconf 82' lang='grc' dir='ltr'>νιιι</span> <span class='ocrx_word' id='word_1_359' title='bbox 549 2824 628 2879; x_wconf 81' lang='lat' dir='ltr'><strong>De</strong></span> <span class='ocrx_word' id='word_1_360' title='bbox 648 2826 891 2880; x_wconf 84' lang='lat' dir='ltr'><strong>doctrina</strong></span> <span class='ocrx_word' id='word_1_361' title='bbox 918 2833 1233 2893; x_wconf 84' lang='lat' dir='ltr'><strong>temporum,</strong></span> <span class='ocrx_word' id='word_1_362' title='bbox 1268 2841 1390 2896; x_wconf 82' lang='lat' dir='ltr'><strong>pag.</strong></span> <span class='ocrx_word' id='word_1_363' title='bbox 1419 2825 1545 2892; x_wconf 78' lang='lat'><strong>855,</strong></span> <span class='ocrx_word' id='word_1_364' title='bbox 1582 2827 1743 2882; x_wconf 86' lang='lat' dir='ltr'><strong>docet</strong></span> <span class='ocrx_word' id='word_1_365' title='bbox 1771 2827 1920 2885; x_wconf 84' lang='lat' dir='ltr'><strong>Con-</strong></span> 
     </span>
    </p>
   </div>
   <div class='ocr_carea' id='block_1_34' title="bbox 2004 2820 3599 2909">
    <p class='ocr_par' dir='ltr' id='par_1_34' title="bbox 2019 2820 3599 2909">
     <span class='ocr_line' id='line_1_34' title="bbox 2019 2820 3599 2909; baseline 0.015 -35"><span class='ocrx_word' id='word_1_366' title='bbox 2019 2820 2167 2909; x_wconf 90' lang='lat' dir='ltr'><strong>quod</strong></span> <span class='ocrx_word' id='word_1_367' title='bbox 2220 2822 2333 2877; x_wconf 93' lang='lat' dir='ltr'><strong>duo</strong></span> <span class='ocrx_word' id='word_1_368' title='bbox 2392 2825 2556 2884; x_wconf 87' lang='lat' dir='ltr'><strong>unius</strong></span> <span class='ocrx_word' id='word_1_369' title='bbox 2608 2827 2960 2901; x_wconf 86' lang='lat' dir='ltr'><strong>imperatoris</strong></span> <span class='ocrx_word' id='word_1_370' title='bbox 3026 2834 3252 2902; x_wconf 86' lang='lat' dir='ltr'><strong>nomina</strong></span> <span class='ocrx_word' id='word_1_371' title='bbox 3307 2838 3599 2909; x_wconf 84' lang='lat' dir='ltr'><strong>interjecta</strong></span> 
     </span>
    </p>
   </div>
   <div class='ocr_carea' id='block_1_35' title="bbox 342 2908 3591 2995">
    <p class='ocr_par' dir='ltr' id='par_1_35' title="bbox 342 2908 3591 2995">
     <span class='ocr_line' id='line_1_35' title="bbox 342 2908 3591 2995; baseline 0.006 -20"><span class='ocrx_word' id='word_1_372' title='bbox 342 2918 704 2988; x_wconf 74' lang='lat' dir='ltr'><strong>stantinopoli</strong></span> <span class='ocrx_word' id='word_1_373' title='bbox 749 2916 924 2974; x_wconf 79' lang='lat' dir='ltr'><strong>fuisse</strong></span> <span class='ocrx_word' id='word_1_374' title='bbox 955 2914 1253 2988; x_wconf 80' lang='lat' dir='ltr'><strong>digitorum</strong></span> <span class='ocrx_word' id='word_1_375' title='bbox 1309 2918 1399 2981; x_wconf 81' lang='lat' dir='ltr'><strong>to,</strong></span> <span class='ocrx_word' id='word_1_376' title='bbox 1442 2927 1495 2973; x_wconf 86' lang='lat' dir='ltr'><strong>et</strong></span> <span class='ocrx_word' id='word_1_377' title='bbox 1528 2920 1817 2976; x_wconf 71' lang='lat' dir='ltr'><strong>duravisse</strong></span> <span class='ocrx_word' id='word_1_378' title='bbox 1851 2921 1921 2977; x_wconf 86' lang='lat' dir='ltr'><strong>ab</strong></span> <span class='ocrx_word' id='word_1_379' title='bbox 2019 2908 2428 2978; x_wconf 67' lang='lat' dir='ltr'><strong>coniunctione.</strong></span> <span class='ocrx_word' id='word_1_380' title='bbox 2454 2922 2528 2981; x_wconf 72' lang='lat' dir='ltr'><strong>et.</strong></span> <span class='ocrx_word' id='word_1_381' title='bbox 2562 2915 2616 2970; x_wconf 85' lang='lat' dir='ltr'><strong>in</strong></span> <span class='ocrx_word' id='word_1_382' title='bbox 2647 2916 2787 2975; x_wconf 78' lang='lat' dir='ltr'><strong>duas</strong></span> <span class='ocrx_word' id='word_1_383' title='bbox 2807 2935 3089 2995; x_wconf 69' lang='lat' dir='ltr'><strong>personas</strong></span> <span class='ocrx_word' id='word_1_384' title='bbox 3120 2908 3461 2993; x_wconf 62' lang='lat' dir='ltr'><strong>dim-aliens.</strong></span> <span class='ocrx_word' id='word_1_385' title='bbox 3490 2944 3591 2983; x_wconf 83' lang='lat' dir='ltr'><strong>no—</strong></span> 
     </span>
    </p>
   </div>
   <div class='ocr_carea' id='block_1_36' title="bbox 342 3003 3598 3090">
    <p class='ocr_par' dir='ltr' id='par_1_36' title="bbox 342 3003 3598 3090">
     <span class='ocr_line' id='line_1_36' title="bbox 342 3003 3598 3090; baseline 0.002 -24"><span class='ocrx_word' id='word_1_386' title='bbox 342 3008 481 3066; x_wconf 83' lang='lat' dir='ltr'><strong>ltora</strong></span> <span class='ocrx_word' id='word_1_387' title='bbox 509 3010 564 3080; x_wconf 90' lang='lat'><strong>9,</strong></span> <span class='ocrx_word' id='word_1_388' title='bbox 598 3010 868 3065; x_wconf 90' lang='lat' dir='ltr'><strong>matutina</strong></span> <span class='ocrx_word' id='word_1_389' title='bbox 907 3009 1077 3065; x_wconf 81' lang='lat' dir='ltr'><strong>ferme</strong></span> <span class='ocrx_word' id='word_1_390' title='bbox 1136 3008 1204 3062; x_wconf 91' lang='lat' dir='ltr'><strong>ad</strong></span> <span class='ocrx_word' id='word_1_391' title='bbox 1250 3009 1490 3063; x_wconf 87' lang='lat' dir='ltr'><strong>medium</strong></span> <span class='ocrx_word' id='word_1_392' title='bbox 1545 3010 1695 3065; x_wconf 81' lang='lat' dir='ltr'><strong>horae</strong></span> <span class='ocrx_word' id='word_1_393' title='bbox 1726 3009 1812 3065; x_wconf 82' lang='lat' dir='ltr'><strong>l2.</strong></span> <span class='ocrx_word' id='word_1_394' title='bbox 1850 3009 1923 3067; x_wconf 89' lang='lat' dir='ltr'><strong>Ut</strong></span> <span class='ocrx_word' id='word_1_395' title='bbox 2020 3003 2178 3068; x_wconf 63' lang='lat' dir='ltr'><strong>iam.</strong></span> <span class='ocrx_word' id='word_1_396' title='bbox 2238 3020 2258 3054; x_wconf 69' lang='grc' dir='ltr'><strong>α</strong></span> <span class='ocrx_word' id='word_1_397' title='bbox 2309 3003 2737 3075; x_wconf 70' lang='lat' dir='ltr'><strong>imperatoribus</strong></span> <span class='ocrx_word' id='word_1_398' title='bbox 2790 3011 3080 3083; x_wconf 82' lang='lat' dir='ltr'><strong>Augustis,</strong></span> <span class='ocrx_word' id='word_1_399' title='bbox 3132 3017 3598 3090; x_wconf 77' lang='lat' dir='ltr'><strong>proimperante</strong></span> 
     </span>
    </p>
   </div>
   <div class='ocr_carea' id='block_1_37' title="bbox 340 3094 3597 3179">
    <p class='ocr_par' dir='ltr' id='par_1_37' title="bbox 340 3094 3597 3179">
     <span class='ocr_line' id='line_1_37' title="bbox 340 3094 3597 3179; baseline 0.003 -22"><span class='ocrx_word' id='word_1_400' title='bbox 340 3102 567 3157; x_wconf 88' lang='lat' dir='ltr'><strong>dubium</strong></span> <span class='ocrx_word' id='word_1_401' title='bbox 598 3102 808 3157; x_wconf 90' lang='lat' dir='ltr'><strong>nullum</strong></span> <span class='ocrx_word' id='word_1_402' title='bbox 839 3101 932 3166; x_wconf 87' lang='lat' dir='ltr'><strong>sit,</strong></span> <span class='ocrx_word' id='word_1_403' title='bbox 976 3100 1112 3172; x_wconf 86' lang='lat' dir='ltr'><strong>quin</strong></span> <span class='ocrx_word' id='word_1_404' title='bbox 1161 3100 1276 3155; x_wconf 76' lang='lat' dir='ltr'><strong>haec</strong></span> <span class='ocrx_word' id='word_1_405' title='bbox 1303 3101 1395 3155; x_wconf 86' lang='lat' dir='ltr'><strong>illa</strong></span> <span class='ocrx_word' id='word_1_406' title='bbox 1427 3116 1647 3172; x_wconf 80' lang='lat' dir='ltr'><strong>quoque</strong></span> <span class='ocrx_word' id='word_1_407' title='bbox 1689 3102 1919 3173; x_wconf 79' lang='lat' dir='ltr'><strong>eclipsis</strong></span> <span class='ocrx_word' id='word_1_408' title='bbox 2020 3096 2225 3150; x_wconf 85' lang='lat' dir='ltr'><strong>domno</strong></span> <span class='ocrx_word' id='word_1_409' title='bbox 2268 3094 2523 3155; x_wconf 83' lang='lat' dir='ltr'><strong>Mauritio</strong></span> <span class='ocrx_word' id='word_1_410' title='bbox 2566 3098 2786 3158; x_wconf 86' lang='lat' dir='ltr'><strong>Tiberio</strong></span> <span class='ocrx_word' id='word_1_411' title='bbox 2834 3104 3086 3176; x_wconf 80' lang='lat' dir='ltr'><strong>Augusto</strong></span> <span class='ocrx_word' id='word_1_412' title='bbox 3135 3124 3152 3161; x_wconf 88' lang='lat'><strong>:</strong></span> <span class='ocrx_word' id='word_1_413' title='bbox 3208 3125 3229 3160; x_wconf 76' lang='grc' dir='ltr'><strong>ι</strong></span> <span class='ocrx_word' id='word_1_414' title='bbox 3284 3107 3368 3165; x_wconf 89' lang='lat' dir='ltr'><strong>sic</strong></span> <span class='ocrx_word' id='word_1_415' title='bbox 3417 3112 3597 3179; x_wconf 90' lang='lat' dir='ltr'><strong>potuit</strong></span> 
     </span>
    </p>
   </div>
   <div class='ocr_carea' id='block_1_38' title="bbox 341 3186 3592 3275">
    <p class='ocr_par' dir='ltr' id='par_1_38' title="bbox 341 3186 3592 3275">
     <span class='ocr_line' id='line_1_38' title="bbox 341 3186 3592 3275; baseline 0.002 -27"><span class='ocrx_word' id='word_1_416' title='bbox 341 3194 435 3258; x_wconf 93' lang='lat' dir='ltr'><strong>sit,</strong></span> <span class='ocrx_word' id='word_1_417' title='bbox 469 3193 630 3263; x_wconf 87' lang='lat' dir='ltr'><strong>cujus</strong></span> <span class='ocrx_word' id='word_1_418' title='bbox 654 3192 721 3247; x_wconf 83' lang='lat' dir='ltr'><strong>ad</strong></span> <span class='ocrx_word' id='word_1_419' title='bbox 756 3207 959 3247; x_wconf 86' lang='lat' dir='ltr'><strong>annum</strong></span> <span class='ocrx_word' id='word_1_420' title='bbox 991 3190 1318 3247; x_wconf 87' lang='lat' dir='ltr'><strong>Guntramni</strong></span> <span class='ocrx_word' id='word_1_421' title='bbox 1366 3188 1460 3253; x_wconf 72' lang='lat'><strong>22,</strong></span> <span class='ocrx_word' id='word_1_422' title='bbox 1493 3190 1746 3246; x_wconf 82' lang='lat' dir='ltr'><strong>meminit</strong></span> <span class='ocrx_word' id='word_1_423' title='bbox 1786 3190 1920 3248; x_wconf 87' lang='lat' dir='ltr'><strong>Fre-</strong></span> <span class='ocrx_word' id='word_1_424' title='bbox 1945 3242 1991 3275; x_wconf 53' lang='grc' dir='ltr'><strong><em>ρ</em></strong></span> <span class='ocrx_word' id='word_1_425' title='bbox 2020 3186 2166 3243; x_wconf 88' lang='lat' dir='ltr'><strong>idem</strong></span> <span class='ocrx_word' id='word_1_426' title='bbox 2196 3189 2471 3248; x_wconf 85' lang='lat' dir='ltr'><strong>erravisse</strong></span> <span class='ocrx_word' id='word_1_427' title='bbox 2511 3194 2568 3249; x_wconf 90' lang='lat' dir='ltr'><strong>in</strong></span> <span class='ocrx_word' id='word_1_428' title='bbox 2612 3210 2845 3253; x_wconf 89' lang='lat' dir='ltr'><strong>numero</strong></span> <span class='ocrx_word' id='word_1_429' title='bbox 2895 3199 3222 3256; x_wconf 85' lang='lat' dir='ltr'><strong>consulatus</strong></span> <span class='ocrx_word' id='word_1_430' title='bbox 3251 3199 3320 3254; x_wconf 90' lang='lat' dir='ltr'><strong>ad</strong></span> <span class='ocrx_word' id='word_1_431' title='bbox 3370 3201 3592 3275; x_wconf 86' lang='lat' dir='ltr'><strong>longum</strong></span> 
     </span>
    </p>
   </div>
   <div class='ocr_carea' id='block_1_39' title="bbox 339 3242 3663 3367">
    <p class='ocr_par' dir='ltr' id='par_1_39' title="bbox 339 3242 3663 3367">
     <span class='ocr_line' id='line_1_39' title="bbox 341 3242 3592 3263; baseline 0.004 -17"><span class='ocrx_word' id='word_1_432' title='bbox 341 3242 435 3258; x_wconf 84' lang='lat'><strong>__-,</strong></span> <span class='ocrx_word' id='word_1_433' title='bbox 475 3242 627 3263; x_wconf 51' lang='grc' dir='ltr'><strong>ην-</strong></span> <span class='ocrx_word' id='word_1_434' title='bbox 655 3242 721 3247; x_wconf 75' lang='lat'>__</span> <span class='ocrx_word' id='word_1_435' title='bbox 758 3242 959 3247; x_wconf 39' lang='grc' dir='ltr'><strong>,τμη-η-</strong></span> <span class='ocrx_word' id='word_1_436' title='bbox 1371 3242 1460 3253; x_wconf 30' lang='grc' dir='ltr'><strong>ψ,</strong></span> <span class='ocrx_word' id='word_1_437' title='bbox 1786 3242 1889 3248; x_wconf 77' lang='grc'><strong>---</strong></span> <span class='ocrx_word' id='word_1_438' title='bbox 2054 3242 2059 3243; x_wconf 40' lang='grc' dir='ltr'><em>κ</em></span> <span class='ocrx_word' id='word_1_439' title='bbox 2100 3242 2123 3243; x_wconf 54' lang='grc' dir='ltr'>η</span> <span class='ocrx_word' id='word_1_440' title='bbox 2205 3242 2469 3248; x_wconf 46' lang='grc' dir='ltr'><strong>μνη---</strong></span> <span class='ocrx_word' id='word_1_441' title='bbox 2612 3242 2842 3253; x_wconf 82' lang='grc'><strong>------.-</strong></span> <span class='ocrx_word' id='word_1_442' title='bbox 2898 3242 3222 3256; x_wconf 63' lang='grc' dir='ltr'><strong>--.η-...ην</strong></span> <span class='ocrx_word' id='word_1_443' title='bbox 3251 3242 3320 3254; x_wconf 70' lang='grc'><strong>...-</strong></span> <span class='ocrx_word' id='word_1_444' title='bbox 3370 3242 3458 3256; x_wconf 51' lang='lat' dir='ltr'><strong>ﬂ...</strong></span> <span class='ocrx_word' id='word_1_445' title='bbox 3503 3242 3592 3259; x_wconf 68' lang='grc' dir='ltr'>υ...</span> 
     </span>
     <span class='ocr_line' id='line_1_40' title="bbox 339 3242 3663 3367; baseline 0.003 -25"><span class='ocrx_word' id='word_1_446' title='bbox 339 3288 625 3367; x_wconf 63' lang='grc' dir='ltr'><strong>ιιιξειιιὶιιιι,⁸</strong></span> <span class='ocrx_word' id='word_1_447' title='bbox 671 3286 901 3342; x_wconf 83' lang='lat' dir='ltr'><strong>dicens:</strong></span> <span class='ocrx_word' id='word_1_448' title='bbox 938 3286 1103 3357; x_wconf 85' lang='lat' dir='ltr'><strong>quod,</strong></span> <span class='ocrx_word' id='word_1_449' title='bbox 1148 3304 1169 3338; x_wconf 75' lang='grc' dir='ltr'><strong>ι</strong></span> <span class='ocrx_word' id='word_1_450' title='bbox 1226 3286 1266 3342; x_wconf 77' lang='grc' dir='ltr'><strong>Δ</strong></span> <span class='ocrx_word' id='word_1_451' title='bbox 1301 3300 1461 3341; x_wconf 88' lang='lat' dir='ltr'><strong>mane</strong></span> <span class='ocrx_word' id='word_1_452' title='bbox 1490 3302 1665 3357; x_wconf 90' lang='lat' dir='ltr'><strong>usque</strong></span> <span class='ocrx_word' id='word_1_453' title='bbox 1716 3286 1771 3343; x_wconf 90' lang='lat' dir='ltr'><strong>in</strong></span> <span class='ocrx_word' id='word_1_454' title='bbox 1803 3303 1918 3344; x_wconf 81' lang='lat' dir='ltr'><strong>me-</strong></span> <span class='ocrx_word' id='word_1_455' title='bbox 1945 3242 1991 3305; x_wconf 75' lang='lat' dir='ltr'><strong><em>C</em></strong></span> <span class='ocrx_word' id='word_1_456' title='bbox 2021 3289 2222 3353; x_wconf 68' lang='lat' dir='ltr'><strong>praeter</strong></span> <span class='ocrx_word' id='word_1_457' title='bbox 2251 3288 2711 3344; x_wconf 90' lang='lat' dir='ltr'><strong>consuetudinem</strong></span> <span class='ocrx_word' id='word_1_458' title='bbox 2740 3290 3095 3361; x_wconf 88' lang='lat' dir='ltr'><strong>antiquorum</strong></span> <span class='ocrx_word' id='word_1_459' title='bbox 3133 3242 3512 3362; x_wconf 52' lang='lat' dir='ltr'><strong>describenda,</strong></span> <span class='ocrx_word' id='word_1_460' title='bbox 3538 3302 3595 3351; x_wconf 85' lang='lat' dir='ltr'><strong>et</strong></span> <span class='ocrx_word' id='word_1_461' title='bbox 3658 3322 3663 3327; x_wconf 85' lang='lat'><strong>-</strong></span> 
     </span>
    </p>
   </div>
   <div class='ocr_carea' id='block_1_40' title="bbox 340 3371 3595 3456">
    <p class='ocr_par' dir='ltr' id='par_1_40' title="bbox 340 3371 3595 3456">
     <span class='ocr_line' id='line_1_41' title="bbox 340 3371 3595 3456; baseline 0.005 -23"><span class='ocrx_word' id='word_1_462' title='bbox 340 3380 489 3436; x_wconf 81' lang='lat' dir='ltr'><strong>diam</strong></span> <span class='ocrx_word' id='word_1_463' title='bbox 517 3380 660 3437; x_wconf 87' lang='lat' dir='ltr'><strong>diem</strong></span> <span class='ocrx_word' id='word_1_464' title='bbox 692 3380 774 3435; x_wconf 79' lang='lat' dir='ltr'><strong>ita</strong></span> <span class='ocrx_word' id='word_1_465' title='bbox 807 3379 1139 3436; x_wconf 87' lang='lat' dir='ltr'><strong>obscuratus</strong></span> <span class='ocrx_word' id='word_1_466' title='bbox 1171 3378 1243 3435; x_wconf 88' lang='lat' dir='ltr'><strong>sit</strong></span> <span class='ocrx_word' id='word_1_467' title='bbox 1275 3379 1382 3448; x_wconf 86' lang='lat' dir='ltr'><strong>sol,</strong></span> <span class='ocrx_word' id='word_1_468' title='bbox 1409 3388 1471 3434; x_wconf 87' lang='lat' dir='ltr'><strong>nt</strong></span> <span class='ocrx_word' id='word_1_469' title='bbox 1506 3379 1665 3434; x_wconf 82' lang='lat' dir='ltr'><strong>tertia</strong></span> <span class='ocrx_word' id='word_1_470' title='bbox 1694 3394 1823 3450; x_wconf 82' lang='lat' dir='ltr'><strong>pars</strong></span> <span class='ocrx_word' id='word_1_471' title='bbox 1846 3395 1915 3439; x_wconf 80' lang='lat' dir='ltr'><strong>ex</strong></span> <span class='ocrx_word' id='word_1_472' title='bbox 2020 3371 2113 3425; x_wconf 66' lang='lat' dir='ltr'><strong>ubi</strong></span> <span class='ocrx_word' id='word_1_473' title='bbox 2144 3373 2414 3445; x_wconf 70' lang='grc' dir='ltr'>εοτὶριυιιι</span> <span class='ocrx_word' id='word_1_474' title='bbox 2448 3375 2630 3432; x_wconf 63' lang='grc' dir='ltr'><strong>Γυθτθι</strong></span> <span class='ocrx_word' id='word_1_475' title='bbox 2656 3378 2740 3432; x_wconf 66' lang='grc' dir='ltr'><strong>νει</strong></span> <span class='ocrx_word' id='word_1_476' title='bbox 2771 3378 2942 3435; x_wconf 70' lang='lat' dir='ltr'><strong>scribi</strong></span> <span class='ocrx_word' id='word_1_477' title='bbox 2971 3378 3256 3448; x_wconf 67' lang='lat' dir='ltr'><strong>debueral.</strong></span> <span class='ocrx_word' id='word_1_478' title='bbox 3287 3381 3595 3456; x_wconf 79' lang='lat' dir='ltr'><strong>eodemque</strong></span> 
     </span>
    </p>
   </div>
   <div class='ocr_carea' id='block_1_41' title="bbox 342 3462 3596 3545">
    <p class='ocr_par' dir='ltr' id='par_1_41' title="bbox 342 3462 3596 3545">
     <span class='ocr_line' id='line_1_42' title="bbox 342 3462 3596 3545; baseline 0.002 -19"><span class='ocrx_word' id='word_1_479' title='bbox 342 3470 463 3544; x_wconf 87' lang='lat' dir='ltr'><strong>ipso</strong></span> <span class='ocrx_word' id='word_1_480' title='bbox 517 3474 604 3526; x_wconf 84' lang='lat' dir='ltr'><strong>vix</strong></span> <span class='ocrx_word' id='word_1_481' title='bbox 645 3482 956 3545; x_wconf 80' lang='lat' dir='ltr'><strong>appareret.</strong></span> <span class='ocrx_word' id='word_1_482' title='bbox 1002 3490 1021 3522; x_wconf 76' lang='grc' dir='ltr'><strong>ι</strong></span> <span class='ocrx_word' id='word_1_483' title='bbox 1064 3472 1177 3527; x_wconf 84' lang='lat' dir='ltr'><strong>lmo</strong></span> <span class='ocrx_word' id='word_1_484' title='bbox 1234 3485 1347 3527; x_wconf 85' lang='lat' dir='ltr'><strong>non</strong></span> <span class='ocrx_word' id='word_1_485' title='bbox 1410 3486 1476 3527; x_wconf 74' lang='lat' dir='ltr'><strong>ex</strong></span> <span class='ocrx_word' id='word_1_486' title='bbox 1530 3470 1917 3528; x_wconf 69' lang='lat' dir='ltr'><strong>observatione</strong></span> <span class='ocrx_word' id='word_1_487' title='bbox 2018 3462 2243 3520; x_wconf 91' lang='lat' dir='ltr'><strong>domino</strong></span> <span class='ocrx_word' id='word_1_488' title='bbox 2284 3466 2351 3522; x_wconf 82' lang='grc'><strong>18</strong></span> <span class='ocrx_word' id='word_1_489' title='bbox 2400 3468 2628 3524; x_wconf 89' lang='lat' dir='ltr'><strong>consule</strong></span> <span class='ocrx_word' id='word_1_490' title='bbox 2659 3508 2675 3536; x_wconf 95' lang='lat'><strong>,</strong></span> <span class='ocrx_word' id='word_1_491' title='bbox 2730 3469 2935 3541; x_wconf 79' lang='lat' dir='ltr'><strong>legisse</strong></span> <span class='ocrx_word' id='word_1_492' title='bbox 2992 3471 3271 3528; x_wconf 85' lang='lat' dir='ltr'><strong>undecies.</strong></span> <span class='ocrx_word' id='word_1_493' title='bbox 3329 3472 3596 3531; x_wconf 88' lang='lat' dir='ltr'><strong>Similiter</strong></span> 
     </span>
    </p>
   </div>
   <div class='ocr_carea' id='block_1_42' title="bbox 341 3556 3595 3638">
    <p class='ocr_par' dir='ltr' id='par_1_42' title="bbox 341 3556 3595 3638">
     <span class='ocr_line' id='line_1_43' title="bbox 341 3556 3595 3638; baseline 0 -17"><span class='ocrx_word' id='word_1_494' title='bbox 341 3567 485 3638; x_wconf 84' lang='lat' dir='ltr'><strong>apud</strong></span> <span class='ocrx_word' id='word_1_495' title='bbox 512 3564 756 3623; x_wconf 77' lang='lat' dir='ltr'><strong>Francos</strong></span> <span class='ocrx_word' id='word_1_496' title='bbox 791 3565 957 3630; x_wconf 83' lang='lat' dir='ltr'><strong>iacta,</strong></span> <span class='ocrx_word' id='word_1_497' title='bbox 1004 3564 1098 3621; x_wconf 87' lang='lat' dir='ltr'><strong>sed</strong></span> <span class='ocrx_word' id='word_1_498' title='bbox 1144 3581 1212 3621; x_wconf 81' lang='lat' dir='ltr'><strong>ex</strong></span> <span class='ocrx_word' id='word_1_499' title='bbox 1253 3564 1489 3635; x_wconf 84' lang='lat' dir='ltr'><strong>alicujus</strong></span> <span class='ocrx_word' id='word_1_500' title='bbox 1514 3562 1689 3621; x_wconf 75' lang='grc' dir='ltr'><strong>ϐπ·κεί</strong></span> <span class='ocrx_word' id='word_1_501' title='bbox 1726 3573 1918 3621; x_wconf 84' lang='lat' dir='ltr'><strong>aucto-</strong></span> <span class='ocrx_word' id='word_1_502' title='bbox 2017 3556 2193 3613; x_wconf 86' lang='lat' dir='ltr'><strong>eidem</strong></span> <span class='ocrx_word' id='word_1_503' title='bbox 2253 3559 2506 3631; x_wconf 68' lang='lat' dir='ltr'><strong>epistolae</strong></span> <span class='ocrx_word' id='word_1_504' title='bbox 2537 3561 2743 3618; x_wconf 87' lang='lat' dir='ltr'><strong>inserta</strong></span> <span class='ocrx_word' id='word_1_505' title='bbox 2788 3561 2951 3619; x_wconf 89' lang='lat' dir='ltr'><strong>Probi</strong></span> <span class='ocrx_word' id='word_1_506' title='bbox 3006 3564 3222 3620; x_wconf 88' lang='lat' dir='ltr'><strong>abbatis</strong></span> <span class='ocrx_word' id='word_1_507' title='bbox 3262 3567 3595 3637; x_wconf 81' lang='lat' dir='ltr'><strong>supplicatio</strong></span> 
     </span>
    </p>
   </div>
   <div class='ocr_carea' id='block_1_43' title="bbox 340 3650 3595 3727">
    <p class='ocr_par' dir='ltr' id='par_1_43' title="bbox 340 3650 3595 3727">
     <span class='ocr_line' id='line_1_44' title="bbox 340 3650 3595 3727; baseline 0.001 -15"><span class='ocrx_word' id='word_1_508' title='bbox 340 3658 420 3713; x_wconf 89' lang='lat' dir='ltr'><strong>ris</strong></span> <span class='ocrx_word' id='word_1_509' title='bbox 458 3657 632 3712; x_wconf 88' lang='lat' dir='ltr'><strong>relatu</strong></span> <span class='ocrx_word' id='word_1_510' title='bbox 668 3656 844 3727; x_wconf 88' lang='lat' dir='ltr'><strong>ipsius</strong></span> <span class='ocrx_word' id='word_1_511' title='bbox 898 3655 1170 3727; x_wconf 87' lang='lat' dir='ltr'><strong>eclipseos</strong></span> <span class='ocrx_word' id='word_1_512' title='bbox 1208 3655 1553 3713; x_wconf 85' lang='lat' dir='ltr'><strong>durationem</strong></span> <span class='ocrx_word' id='word_1_513' title='bbox 1609 3657 1918 3713; x_wconf 89' lang='lat' dir='ltr'><strong>iunotuisse</strong></span> <span class='ocrx_word' id='word_1_514' title='bbox 2019 3650 2100 3705; x_wconf 77' lang='lat' dir='ltr'><strong>sic</strong></span> <span class='ocrx_word' id='word_1_515' title='bbox 2153 3650 2427 3722; x_wconf 83' lang='lat' dir='ltr'><strong>incipiens</strong></span> <span class='ocrx_word' id='word_1_516' title='bbox 2472 3672 2544 3709; x_wconf 74' lang='grc' dir='ltr'><strong>ε(</strong></span> <span class='ocrx_word' id='word_1_517' title='bbox 2607 3652 2917 3727; x_wconf 76' lang='lat' dir='ltr'><strong>imperante</strong></span> <span class='ocrx_word' id='word_1_518' title='bbox 2970 3654 3174 3712; x_wconf 86' lang='lat' dir='ltr'><strong>domno</strong></span> <span class='ocrx_word' id='word_1_519' title='bbox 3230 3655 3484 3714; x_wconf 84' lang='lat' dir='ltr'><strong>Mauritio</strong></span> <span class='ocrx_word' id='word_1_520' title='bbox 3539 3672 3595 3715; x_wconf 90' lang='lat' dir='ltr'><strong>et</strong></span> 
     </span>
    </p>
   </div>
   <div class='ocr_carea' id='block_1_44' title="bbox 339 3739 3590 3828">
    <p class='ocr_par' dir='ltr' id='par_1_44' title="bbox 339 3739 3590 3828">
     <span class='ocr_line' id='line_1_45' title="bbox 339 3739 3590 3828; baseline 0.002 -23"><span class='ocrx_word' id='word_1_521' title='bbox 339 3749 691 3821; x_wconf 83' lang='lat' dir='ltr'><strong>Fredegario,</strong></span> <span class='ocrx_word' id='word_1_522' title='bbox 713 3764 781 3806; x_wconf 81' lang='lat' dir='ltr'><strong>ex</strong></span> <span class='ocrx_word' id='word_1_523' title='bbox 812 3757 1057 3818; x_wconf 85' lang='lat' dir='ltr'><strong>tempore</strong></span> <span class='ocrx_word' id='word_1_524' title='bbox 1088 3763 1187 3823; x_wconf 88' lang='lat' dir='ltr'><strong>per</strong></span> <span class='ocrx_word' id='word_1_525' title='bbox 1215 3748 1469 3805; x_wconf 84' lang='lat' dir='ltr'><strong>eumdem</strong></span> <span class='ocrx_word' id='word_1_526' title='bbox 1500 3748 1790 3821; x_wconf 85' lang='lat' dir='ltr'><strong>designato</strong></span> <span class='ocrx_word' id='word_1_527' title='bbox 1818 3765 1919 3822; x_wconf 84' lang='lat' dir='ltr'><strong>ap-</strong></span> <span class='ocrx_word' id='word_1_528' title='bbox 2018 3739 2243 3797; x_wconf 84' lang='lat' dir='ltr'><strong>Tiberio</strong></span> <span class='ocrx_word' id='word_1_529' title='bbox 2282 3744 2556 3813; x_wconf 85' lang='lat' dir='ltr'><strong>piissimo,</strong></span> <span class='ocrx_word' id='word_1_530' title='bbox 2598 3763 2618 3798; x_wconf 76' lang='grc' dir='ltr'><strong>ι</strong></span> <span class='ocrx_word' id='word_1_531' title='bbox 2648 3747 2851 3819; x_wconf 79' lang='lat' dir='ltr'><strong>corrigi</strong></span> <span class='ocrx_word' id='word_1_532' title='bbox 2885 3748 3047 3804; x_wconf 88' lang='lat' dir='ltr'><strong>debet</strong></span> <span class='ocrx_word' id='word_1_533' title='bbox 3071 3747 3251 3810; x_wconf 84' lang='lat' dir='ltr'><strong>deleta</strong></span> <span class='ocrx_word' id='word_1_534' title='bbox 3299 3751 3590 3828; x_wconf 80' lang='lat' dir='ltr'><strong>particula,</strong></span> 
     </span>
    </p>
   </div>
   <div class='ocr_carea' id='block_1_45' title="bbox 340 3833 3592 3919">
    <p class='ocr_par' dir='ltr' id='par_1_45' title="bbox 340 3833 3592 3919">
     <span class='ocr_line' id='line_1_46' title="bbox 340 3833 3592 3919; baseline 0 -19"><span class='ocrx_word' id='word_1_535' title='bbox 340 3853 526 3916; x_wconf 85' lang='lat' dir='ltr'><strong>paret:</strong></span> <span class='ocrx_word' id='word_1_536' title='bbox 562 3859 687 3899; x_wconf 87' lang='lat' dir='ltr'><strong>nam</strong></span> <span class='ocrx_word' id='word_1_537' title='bbox 717 3844 847 3914; x_wconf 90' lang='lat' dir='ltr'><strong>(nisi</strong></span> <span class='ocrx_word' id='word_1_538' title='bbox 877 3842 1018 3900; x_wconf 78' lang='lat' dir='ltr'><strong>forte</strong></span> <span class='ocrx_word' id='word_1_539' title='bbox 1044 3842 1279 3901; x_wconf 85' lang='lat' dir='ltr'><strong>mediam</strong></span> <span class='ocrx_word' id='word_1_540' title='bbox 1304 3841 1449 3899; x_wconf 88' lang='lat' dir='ltr'><strong>diem</strong></span> <span class='ocrx_word' id='word_1_541' title='bbox 1479 3843 1589 3899; x_wconf 92' lang='lat' dir='ltr'><strong>dici</strong></span> <span class='ocrx_word' id='word_1_542' title='bbox 1627 3851 1784 3913; x_wconf 88' lang='lat' dir='ltr'><strong>putes</strong></span> <span class='ocrx_word' id='word_1_543' title='bbox 1817 3859 1916 3914; x_wconf 85' lang='lat' dir='ltr'><strong>pro</strong></span> <span class='ocrx_word' id='word_1_544' title='bbox 2017 3843 2125 3889; x_wconf 88' lang='lat' dir='ltr'><strong>etc.</strong></span> <span class='ocrx_word' id='word_1_545' title='bbox 2158 3833 2290 3919; x_wconf 66' lang='lat' dir='ltr'><strong>Quae</strong></span> <span class='ocrx_word' id='word_1_546' title='bbox 2322 3836 2414 3893; x_wconf 88' lang='lat' dir='ltr'><strong>hic</strong></span> <span class='ocrx_word' id='word_1_547' title='bbox 2445 3837 2590 3894; x_wconf 90' lang='lat' dir='ltr'><strong>dicta</strong></span> <span class='ocrx_word' id='word_1_548' title='bbox 2618 3846 2783 3896; x_wconf 88' lang='lat' dir='ltr'><strong>sunto</strong></span> <span class='ocrx_word' id='word_1_549' title='bbox 2813 3840 3103 3898; x_wconf 85' lang='lat' dir='ltr'><strong>occasione</strong></span> <span class='ocrx_word' id='word_1_550' title='bbox 3137 3845 3340 3914; x_wconf 82' lang='lat' dir='ltr'><strong>sumpti</strong></span> <span class='ocrx_word' id='word_1_551' title='bbox 3374 3859 3403 3898; x_wconf 91' lang='lat' dir='ltr'><strong>a</strong></span> <span class='ocrx_word' id='word_1_552' title='bbox 3435 3843 3592 3901; x_wconf 67' lang='lat' dir='ltr'><strong>Mauo</strong></span> 
     </span>
    </p>
   </div>
   <div class='ocr_carea' id='block_1_46' title="bbox 339 3928 3593 4009">
    <p class='ocr_par' dir='ltr' id='par_1_46' title="bbox 339 3928 3593 4009">
     <span class='ocr_line' id='line_1_47' title="bbox 339 3928 3593 4009; baseline 0.002 -17"><span class='ocrx_word' id='word_1_553' title='bbox 339 3937 499 4009; x_wconf 84' lang='lat' dir='ltr'><strong>plena</strong></span> <span class='ocrx_word' id='word_1_554' title='bbox 533 3937 642 4009; x_wconf 88' lang='lat' dir='ltr'><strong>die)</strong></span> <span class='ocrx_word' id='word_1_555' title='bbox 670 3936 763 3992; x_wconf 88' lang='lat' dir='ltr'><strong>illa</strong></span> <span class='ocrx_word' id='word_1_556' title='bbox 798 3936 932 3993; x_wconf 86' lang='lat' dir='ltr'><strong>solis</strong></span> <span class='ocrx_word' id='word_1_557' title='bbox 946 3937 1269 3994; x_wconf 84' lang='lat' dir='ltr'><strong>obscuratio</strong></span> <span class='ocrx_word' id='word_1_558' title='bbox 1301 3937 1357 3993; x_wconf 92' lang='lat' dir='ltr'><strong>in</strong></span> <span class='ocrx_word' id='word_1_559' title='bbox 1383 3937 1559 3993; x_wconf 82' lang='lat' dir='ltr'><strong>Gallia</strong></span> <span class='ocrx_word' id='word_1_560' title='bbox 1586 3937 1755 4007; x_wconf 62' lang='lat' dir='ltr'><strong>carpit</strong></span> <span class='ocrx_word' id='word_1_561' title='bbox 1783 3952 1915 3993; x_wconf 90' lang='lat' dir='ltr'><strong>con-</strong></span> <span class='ocrx_word' id='word_1_562' title='bbox 2018 3928 2147 3983; x_wconf 73' lang='lat' dir='ltr'><strong>filio</strong></span> <span class='ocrx_word' id='word_1_563' title='bbox 2184 3930 2528 3997; x_wconf 71' lang='lat' dir='ltr'><strong>consulatus.</strong></span> <span class='ocrx_word' id='word_1_564' title='bbox 2567 3932 2733 3994; x_wconf 80' lang='lat' dir='ltr'><strong>nollis</strong></span> <span class='ocrx_word' id='word_1_565' title='bbox 2764 3934 3029 4005; x_wconf 73' lang='lat' dir='ltr'><strong>posthaec,</strong></span> <span class='ocrx_word' id='word_1_566' title='bbox 3062 3936 3238 4007; x_wconf 74' lang='lat' dir='ltr'><strong>quoad</strong></span> <span class='ocrx_word' id='word_1_567' title='bbox 3269 3936 3402 3998; x_wconf 76' lang='lat' dir='ltr'><strong>vixit</strong></span> <span class='ocrx_word' id='word_1_568' title='bbox 3435 3936 3593 3999; x_wconf 81' lang='lat' dir='ltr'><strong>novis</strong></span> 
     </span>
    </p>
   </div>
   <div class='ocr_carea' id='block_1_47' title="bbox 337 4022 3590 4100">
    <p class='ocr_par' dir='ltr' id='par_1_47' title="bbox 337 4022 3590 4100">
     <span class='ocr_line' id='line_1_48' title="bbox 337 4022 3590 4100; baseline -0.001 -14"><span class='ocrx_word' id='word_1_569' title='bbox 337 4031 496 4100; x_wconf 85' lang='lat' dir='ltr'><strong>spici,</strong></span> <span class='ocrx_word' id='word_1_570' title='bbox 526 4040 587 4085; x_wconf 91' lang='lat' dir='ltr'><strong>ut</strong></span> <span class='ocrx_word' id='word_1_571' title='bbox 624 4029 886 4087; x_wconf 85' lang='lat' dir='ltr'><strong>Petavius</strong></span> <span class='ocrx_word' id='word_1_572' title='bbox 914 4030 1229 4087; x_wconf 86' lang='lat' dir='ltr'><strong>observavit</strong></span> <span class='ocrx_word' id='word_1_573' title='bbox 1264 4029 1415 4085; x_wconf 90' lang='lat' dir='ltr'><strong>circa</strong></span> <span class='ocrx_word' id='word_1_574' title='bbox 1447 4030 1636 4085; x_wconf 83' lang='lat' dir='ltr'><strong>horam</strong></span> <span class='ocrx_word' id='word_1_575' title='bbox 1667 4029 1699 4082; x_wconf 83' lang='lat'><strong>7</strong></span> <span class='ocrx_word' id='word_1_576' title='bbox 1732 4038 1915 4085; x_wconf 85' lang='lat' dir='ltr'><strong>matu-</strong></span> <span class='ocrx_word' id='word_1_577' title='bbox 2016 4022 2341 4080; x_wconf 71' lang='lat' dir='ltr'><strong>consulibus</strong></span> <span class='ocrx_word' id='word_1_578' title='bbox 2373 4024 2709 4096; x_wconf 67' lang='lat' dir='ltr'><strong>subrogatis,</strong></span> <span class='ocrx_word' id='word_1_579' title='bbox 2739 4034 2798 4080; x_wconf 77' lang='lat' dir='ltr'><strong>ut</strong></span> <span class='ocrx_word' id='word_1_580' title='bbox 2820 4042 2943 4097; x_wconf 73' lang='lat' dir='ltr'><strong>quae</strong></span> <span class='ocrx_word' id='word_1_581' title='bbox 2980 4027 3232 4098; x_wconf 82' lang='lat' dir='ltr'><strong>sequenti</strong></span> <span class='ocrx_word' id='word_1_582' title='bbox 3259 4029 3474 4099; x_wconf 81' lang='lat' dir='ltr'><strong>exegesi</strong></span> <span class='ocrx_word' id='word_1_583' title='bbox 3502 4029 3590 4085; x_wconf 89' lang='lat' dir='ltr'><strong>di-</strong></span> 
     </span>
    </p>
   </div>
   <div class='ocr_carea' id='block_1_48' title="bbox 336 4113 3590 4191">
    <p class='ocr_par' dir='ltr' id='par_1_48' title="bbox 336 4113 3590 4191">
     <span class='ocr_line' id='line_1_49' title="bbox 336 4113 3590 4191; baseline 0.001 -16"><span class='ocrx_word' id='word_1_584' title='bbox 336 4121 613 4188; x_wconf 84' lang='lat' dir='ltr'><strong>tinam,et</strong></span> <span class='ocrx_word' id='word_1_585' title='bbox 671 4135 784 4176; x_wconf 87' lang='lat' dir='ltr'><strong>non</strong></span> <span class='ocrx_word' id='word_1_586' title='bbox 838 4121 1060 4176; x_wconf 86' lang='lat' dir='ltr'><strong>duravit</strong></span> <span class='ocrx_word' id='word_1_587' title='bbox 1093 4134 1268 4191; x_wconf 89' lang='lat' dir='ltr'><strong>usque</strong></span> <span class='ocrx_word' id='word_1_588' title='bbox 1319 4119 1389 4175; x_wconf 88' lang='lat' dir='ltr'><strong>ad</strong></span> <span class='ocrx_word' id='word_1_589' title='bbox 1441 4119 1681 4175; x_wconf 90' lang='lat' dir='ltr'><strong>medium</strong></span> <span class='ocrx_word' id='word_1_590' title='bbox 1728 4133 1910 4187; x_wconf 62' lang='lat' dir='ltr'><strong>nonas,</strong></span> <span class='ocrx_word' id='word_1_591' title='bbox 2014 4113 2159 4169; x_wconf 88' lang='lat' dir='ltr'><strong>cturi</strong></span> <span class='ocrx_word' id='word_1_592' title='bbox 2191 4129 2384 4171; x_wconf 88' lang='lat' dir='ltr'><strong>sumus</strong></span> <span class='ocrx_word' id='word_1_593' title='bbox 2433 4116 2500 4173; x_wconf 90' lang='lat' dir='ltr'><strong>de</strong></span> <span class='ocrx_word' id='word_1_594' title='bbox 2524 4115 2854 4173; x_wconf 90' lang='lat' dir='ltr'><strong>Guntramni</strong></span> <span class='ocrx_word' id='word_1_595' title='bbox 2904 4126 3103 4184; x_wconf 90' lang='lat' dir='ltr'><strong>morte,</strong></span> <span class='ocrx_word' id='word_1_596' title='bbox 3139 4133 3209 4174; x_wconf 81' lang='lat' dir='ltr'><strong>ex</strong></span> <span class='ocrx_word' id='word_1_597' title='bbox 3254 4118 3403 4174; x_wconf 84' lang='lat' dir='ltr'><strong>illam</strong></span> <span class='ocrx_word' id='word_1_598' title='bbox 3449 4135 3590 4191; x_wconf 81' lang='lat' dir='ltr'><strong>prae-</strong></span> 
     </span>
    </p>
   </div>
   <div class='ocr_carea' id='block_1_49' title="bbox 336 4210 3588 4289">
    <p class='ocr_par' dir='ltr' id='par_1_49' title="bbox 336 4210 3588 4289">
     <span class='ocr_line' id='line_1_50' title="bbox 336 4210 3588 4289; baseline -0 -19"><span class='ocrx_word' id='word_1_599' title='bbox 336 4213 549 4288; x_wconf 83' lang='lat' dir='ltr'><strong>i‘uitque</strong></span> <span class='ocrx_word' id='word_1_600' title='bbox 597 4213 901 4270; x_wconf 89' lang='lat' dir='ltr'><strong>secundum</strong></span> <span class='ocrx_word' id='word_1_601' title='bbox 951 4214 1204 4269; x_wconf 88' lang='lat' dir='ltr'><strong>eumdem</strong></span> <span class='ocrx_word' id='word_1_602' title='bbox 1250 4212 1534 4269; x_wconf 86' lang='lat' dir='ltr'><strong>Petavium</strong></span> <span class='ocrx_word' id='word_1_603' title='bbox 1572 4228 1683 4269; x_wconf 89' lang='lat' dir='ltr'><strong>non</strong></span> <span class='ocrx_word' id='word_1_604' title='bbox 1741 4213 1913 4267; x_wconf 88' lang='lat' dir='ltr'><strong>multo</strong></span> <span class='ocrx_word' id='word_1_605' title='bbox 2014 4223 2204 4289; x_wconf 70' lang='lat' dir='ltr'><strong>gressa</strong></span> <span class='ocrx_word' id='word_1_606' title='bbox 2230 4223 2375 4263; x_wconf 86' lang='lat' dir='ltr'><strong>anno</strong></span> <span class='ocrx_word' id='word_1_607' title='bbox 2409 4224 2521 4264; x_wconf 89' lang='lat' dir='ltr'><strong>uno</strong></span> <span class='ocrx_word' id='word_1_608' title='bbox 2556 4210 2747 4281; x_wconf 87' lang='lat' dir='ltr'><strong>eclipsi</strong></span> <span class='ocrx_word' id='word_1_609' title='bbox 2771 4210 3101 4278; x_wconf 79' lang='lat' dir='ltr'><strong>deﬁnienda,</strong></span> <span class='ocrx_word' id='word_1_610' title='bbox 3136 4211 3241 4266; x_wconf 91' lang='lat' dir='ltr'><strong>hac</strong></span> <span class='ocrx_word' id='word_1_611' title='bbox 3277 4227 3494 4284; x_wconf 83' lang='lat' dir='ltr'><strong>quoque</strong></span> <span class='ocrx_word' id='word_1_612' title='bbox 3520 4228 3588 4269; x_wconf 81' lang='lat' dir='ltr'><strong>ex</strong></span> 
     </span>
    </p>
   </div>
   <div class='ocr_carea' id='block_1_50' title="bbox 334 4304 3583 4390">
    <p class='ocr_par' dir='ltr' id='par_1_50' title="bbox 334 4304 3583 4390">
     <span class='ocr_line' id='line_1_51' title="bbox 334 4304 3583 4390; baseline 0 -29"><span class='ocrx_word' id='word_1_613' title='bbox 334 4309 464 4390; x_wconf 81' lang='lat' dir='ltr'><strong>plus</strong></span> <span class='ocrx_word' id='word_1_614' title='bbox 493 4323 657 4379; x_wconf 89' lang='lat' dir='ltr'><strong>quam</strong></span> <span class='ocrx_word' id='word_1_615' title='bbox 695 4308 992 4380; x_wconf 76' lang='lat' dir='ltr'><strong>digitorum</strong></span> <span class='ocrx_word' id='word_1_616' title='bbox 1027 4323 1119 4363; x_wconf 82' lang='lat' dir='ltr'><strong>sex</strong></span> <span class='ocrx_word' id='word_1_617' title='bbox 1148 4325 1163 4376; x_wconf 89' lang='lat'><strong>;</strong></span> <span class='ocrx_word' id='word_1_618' title='bbox 1197 4305 1499 4363; x_wconf 89' lang='lat' dir='ltr'><strong>secundum</strong></span> <span class='ocrx_word' id='word_1_619' title='bbox 1528 4306 1775 4364; x_wconf 87' lang='lat' dir='ltr'><strong>calculos</strong></span> <span class='ocrx_word' id='word_1_620' title='bbox 1803 4304 1914 4361; x_wconf 87' lang='lat' dir='ltr'><strong>Da-</strong></span> <span class='ocrx_word' id='word_1_621' title='bbox 2013 4312 2170 4373; x_wconf 87' lang='lat' dir='ltr'><strong>parte</strong></span> <span class='ocrx_word' id='word_1_622' title='bbox 2227 4312 2489 4359; x_wconf 83' lang='lat' dir='ltr'><strong>maneant</strong></span> <span class='ocrx_word' id='word_1_623' title='bbox 2545 4305 2919 4376; x_wconf 74' lang='lat' dir='ltr'><strong>inconcussa;</strong></span> <span class='ocrx_word' id='word_1_624' title='bbox 2973 4316 3143 4378; x_wconf 90' lang='lat' dir='ltr'><strong>utque</strong></span> <span class='ocrx_word' id='word_1_625' title='bbox 3193 4304 3583 4377; x_wconf 86' lang='lat' dir='ltr'><strong>Theophanem</strong></span> 
     </span>
    </p>
   </div>
   <div class='ocr_carea' id='block_1_51' title="bbox 334 4396 3589 4473">
    <p class='ocr_par' dir='ltr' id='par_1_51' title="bbox 334 4396 3589 4473">
     <span class='ocr_line' id='line_1_52' title="bbox 334 4396 3589 4473; baseline -0.001 -15"><span class='ocrx_word' id='word_1_626' title='bbox 334 4401 481 4459; x_wconf 85' lang='lat' dir='ltr'><strong>vidis</strong></span> <span class='ocrx_word' id='word_1_627' title='bbox 538 4402 805 4473; x_wconf 65' lang='lat' dir='ltr'><strong>pracitati</strong></span> <span class='ocrx_word' id='word_1_628' title='bbox 856 4402 1155 4471; x_wconf 83' lang='lat' dir='ltr'><strong>digitorum</strong></span> <span class='ocrx_word' id='word_1_629' title='bbox 1203 4402 1431 4458; x_wconf 87' lang='lat' dir='ltr'><strong>omnino</strong></span> <span class='ocrx_word' id='word_1_630' title='bbox 1480 4410 1644 4469; x_wconf 86' lang='lat' dir='ltr'><strong>octo;</strong></span> <span class='ocrx_word' id='word_1_631' title='bbox 1707 4417 1726 4452; x_wconf 74' lang='grc' dir='ltr'><strong>ι</strong></span> <span class='ocrx_word' id='word_1_632' title='bbox 1780 4414 1909 4455; x_wconf 88' lang='lat' dir='ltr'><strong>cum</strong></span> <span class='ocrx_word' id='word_1_633' title='bbox 2014 4396 2221 4467; x_wconf 85' lang='lat' dir='ltr'><strong>legens,</strong></span> <span class='ocrx_word' id='word_1_634' title='bbox 2261 4412 2325 4453; x_wconf 88' lang='lat' dir='ltr'><strong>ea</strong></span> <span class='ocrx_word' id='word_1_635' title='bbox 2363 4413 2484 4468; x_wconf 73' lang='lat' dir='ltr'><strong>quae</strong></span> <span class='ocrx_word' id='word_1_636' title='bbox 2528 4397 2644 4471; x_wconf 90' lang='lat' dir='ltr'><strong>ipse</strong></span> <span class='ocrx_word' id='word_1_637' title='bbox 2678 4397 2745 4455; x_wconf 87' lang='lat' dir='ltr'><strong>ad</strong></span> <span class='ocrx_word' id='word_1_638' title='bbox 2796 4412 3000 4454; x_wconf 89' lang='lat' dir='ltr'><strong>annum</strong></span> <span class='ocrx_word' id='word_1_639' title='bbox 3032 4399 3418 4455; x_wconf 69' lang='lat' dir='ltr'><strong>Alexandrinae</strong></span> <span class='ocrx_word' id='word_1_640' title='bbox 3464 4414 3589 4455; x_wconf 73' lang='lat' dir='ltr'><strong>aera:</strong></span> 
     </span>
    </p>
   </div>
   <div class='ocr_carea' id='block_1_52' title="bbox 335 4488 3586 4564">
    <p class='ocr_par' dir='ltr' id='par_1_52' title="bbox 335 4488 3586 4564">
     <span class='ocr_line' id='line_1_53' title="bbox 335 4488 3586 4564; baseline -0.001 -17"><span class='ocrx_word' id='word_1_641' title='bbox 335 4491 487 4558; x_wconf 88' lang='lat' dir='ltr'><strong>luna,</strong></span> <span class='ocrx_word' id='word_1_642' title='bbox 520 4494 703 4564; x_wconf 90' lang='lat' dir='ltr'><strong>inquit</strong></span> <span class='ocrx_word' id='word_1_643' title='bbox 764 4493 877 4558; x_wconf 90' lang='lat' dir='ltr'><strong>hic,</strong></span> <span class='ocrx_word' id='word_1_644' title='bbox 910 4493 1162 4548; x_wconf 86' lang='lat' dir='ltr'><strong>habuerit</strong></span> <span class='ocrx_word' id='word_1_645' title='bbox 1225 4492 1570 4546; x_wconf 83' lang='lat' dir='ltr'><strong>latitudinem</strong></span> <span class='ocrx_word' id='word_1_646' title='bbox 1629 4490 1907 4546; x_wconf 88' lang='lat' dir='ltr'><strong>borealem</strong></span> <span class='ocrx_word' id='word_1_647' title='bbox 2013 4488 2140 4557; x_wconf 78' lang='lat'><strong>582,</strong></span> <span class='ocrx_word' id='word_1_648' title='bbox 2180 4490 2329 4545; x_wconf 89' lang='lat' dir='ltr'><strong>velut</strong></span> <span class='ocrx_word' id='word_1_649' title='bbox 2368 4505 2477 4546; x_wconf 90' lang='lat' dir='ltr'><strong>uno</strong></span> <span class='ocrx_word' id='word_1_650' title='bbox 2536 4489 2840 4561; x_wconf 88' lang='lat' dir='ltr'><strong>eodemque</strong></span> <span class='ocrx_word' id='word_1_651' title='bbox 2881 4506 3028 4546; x_wconf 90' lang='lat' dir='ltr'><strong>anno</strong></span> <span class='ocrx_word' id='word_1_652' title='bbox 3078 4498 3230 4564; x_wconf 87' lang='lat' dir='ltr'><strong>gesta</strong></span> <span class='ocrx_word' id='word_1_653' title='bbox 3277 4490 3586 4562; x_wconf 81' lang='lat' dir='ltr'><strong>conjungit,</strong></span> 
     </span>
    </p>
   </div>
   <div class='ocr_carea' id='block_1_53' title="bbox 334 4580 3584 4658">
    <p class='ocr_par' dir='ltr' id='par_1_53' title="bbox 334 4580 3584 4658">
     <span class='ocr_line' id='line_1_54' title="bbox 334 4580 3584 4658; baseline -0.002 -17"><span class='ocrx_word' id='word_1_654' title='bbox 334 4588 673 4641; x_wconf 86' lang='lat' dir='ltr'><strong>minutorum</strong></span> <span class='ocrx_word' id='word_1_655' title='bbox 700 4586 791 4654; x_wconf 77' lang='lat'><strong>38,</strong></span> <span class='ocrx_word' id='word_1_656' title='bbox 826 4586 1149 4658; x_wconf 73' lang='lat' dir='ltr'><strong>parallaxim</strong></span> <span class='ocrx_word' id='word_1_657' title='bbox 1184 4585 1519 4641; x_wconf 89' lang='lat' dir='ltr'><strong>minutorum</strong></span> <span class='ocrx_word' id='word_1_658' title='bbox 1567 4583 1659 4651; x_wconf 87' lang='lat'><strong>60,</strong></span> <span class='ocrx_word' id='word_1_659' title='bbox 1698 4599 1820 4654; x_wconf 69' lang='lat' dir='ltr'><strong>qua:</strong></span> <span class='ocrx_word' id='word_1_660' title='bbox 1845 4585 1910 4639; x_wconf 88' lang='lat' dir='ltr'><strong>ad</strong></span> <span class='ocrx_word' id='word_1_661' title='bbox 1943 4583 1989 4641; x_wconf 84' lang='lat' dir='ltr'><strong>D</strong></span> <span class='ocrx_word' id='word_1_662' title='bbox 2017 4598 2117 4655; x_wconf 90' lang='lat' dir='ltr'><strong>pro</strong></span> <span class='ocrx_word' id='word_1_663' title='bbox 2158 4582 2353 4651; x_wconf 88' lang='lat' dir='ltr'><strong>majori</strong></span> <span class='ocrx_word' id='word_1_664' title='bbox 2381 4590 2536 4655; x_wconf 89' lang='lat' dir='ltr'><strong>parte</strong></span> <span class='ocrx_word' id='word_1_665' title='bbox 2584 4583 2725 4639; x_wconf 87' lang='lat' dir='ltr'><strong>sciat</strong></span> <span class='ocrx_word' id='word_1_666' title='bbox 2779 4582 2847 4637; x_wconf 93' lang='lat' dir='ltr'><strong>ad</strong></span> <span class='ocrx_word' id='word_1_667' title='bbox 2902 4597 3109 4638; x_wconf 90' lang='lat' dir='ltr'><strong>annum</strong></span> <span class='ocrx_word' id='word_1_668' title='bbox 3168 4580 3272 4637; x_wconf 82' lang='lat'><strong>585</strong></span> <span class='ocrx_word' id='word_1_669' title='bbox 3336 4581 3584 4652; x_wconf 87' lang='lat' dir='ltr'><strong>ejusdem</strong></span> 
     </span>
    </p>
   </div>
   <div class='ocr_carea' id='block_1_54' title="bbox 337 4673 3583 4751">
    <p class='ocr_par' dir='ltr' id='par_1_54' title="bbox 337 4673 3583 4751">
     <span class='ocr_line' id='line_1_55' title="bbox 337 4673 3583 4751; baseline -0.003 -15"><span class='ocrx_word' id='word_1_670' title='bbox 337 4680 691 4737; x_wconf 88' lang='lat' dir='ltr'><strong>incidentiam</strong></span> <span class='ocrx_word' id='word_1_671' title='bbox 720 4682 988 4751; x_wconf 83' lang='lat' dir='ltr'><strong>ecliptieae</strong></span> <span class='ocrx_word' id='word_1_672' title='bbox 1014 4681 1120 4736; x_wconf 80' lang='lat' dir='ltr'><strong>fuit</strong></span> <span class='ocrx_word' id='word_1_673' title='bbox 1152 4681 1494 4735; x_wconf 85' lang='lat' dir='ltr'><strong>minutorum</strong></span> <span class='ocrx_word' id='word_1_674' title='bbox 1539 4678 1631 4745; x_wconf 72' lang='grc'><strong>48,</strong></span> <span class='ocrx_word' id='word_1_675' title='bbox 1665 4678 1911 4748; x_wconf 87' lang='lat' dir='ltr'><strong>adeoque</strong></span> <span class='ocrx_word' id='word_1_676' title='bbox 2009 4691 2135 4733; x_wconf 66' lang='lat' dir='ltr'><strong>tera:</strong></span> <span class='ocrx_word' id='word_1_677' title='bbox 2174 4675 2489 4747; x_wconf 87' lang='lat' dir='ltr'><strong>pertinere:</strong></span> <span class='ocrx_word' id='word_1_678' title='bbox 2522 4686 2578 4731; x_wconf 89' lang='lat' dir='ltr'><strong>et</strong></span> <span class='ocrx_word' id='word_1_679' title='bbox 2604 4690 2726 4746; x_wconf 84' lang='lat' dir='ltr'><strong>quae</strong></span> <span class='ocrx_word' id='word_1_680' title='bbox 2758 4676 2884 4730; x_wconf 89' lang='lat' dir='ltr'><strong>huic</strong></span> <span class='ocrx_word' id='word_1_681' title='bbox 2922 4689 3068 4731; x_wconf 90' lang='lat' dir='ltr'><strong>anno</strong></span> <span class='ocrx_word' id='word_1_682' title='bbox 3100 4689 3209 4730; x_wconf 89' lang='lat' dir='ltr'><strong>una</strong></span> <span class='ocrx_word' id='word_1_683' title='bbox 3230 4688 3356 4729; x_wconf 91' lang='lat' dir='ltr'><strong>cum</strong></span> <span class='ocrx_word' id='word_1_684' title='bbox 3389 4673 3583 4745; x_wconf 86' lang='lat' dir='ltr'><strong>eclipsi</strong></span> 
     </span>
    </p>
   </div>
   <div class='ocr_carea' id='block_1_55' title="bbox 334 4763 3586 4844">
    <p class='ocr_par' dir='ltr' id='par_1_55' title="bbox 334 4763 3586 4844">
     <span class='ocr_line' id='line_1_56' title="bbox 334 4763 3586 4844; baseline -0.003 -16"><span class='ocrx_word' id='word_1_685' title='bbox 334 4774 463 4828; x_wconf 89' lang='lat' dir='ltr'><strong>luna</strong></span> <span class='ocrx_word' id='word_1_686' title='bbox 494 4773 817 4844; x_wconf 63' lang='lat' dir='ltr'><strong>apparuerit</strong></span> <span class='ocrx_word' id='word_1_687' title='bbox 842 4773 957 4827; x_wconf 89' lang='lat' dir='ltr'><strong>sole</strong></span> <span class='ocrx_word' id='word_1_688' title='bbox 985 4770 1221 4826; x_wconf 79' lang='lat' dir='ltr'><strong>inferior</strong></span> <span class='ocrx_word' id='word_1_689' title='bbox 1249 4771 1477 4824; x_wconf 85' lang='lat' dir='ltr'><strong>minutis</strong></span> <span class='ocrx_word' id='word_1_690' title='bbox 1504 4766 1593 4835; x_wconf 82' lang='grc'><strong>10,</strong></span> <span class='ocrx_word' id='word_1_691' title='bbox 1634 4788 1654 4823; x_wconf 79' lang='grc' dir='ltr'><strong>ι</strong></span> <span class='ocrx_word' id='word_1_692' title='bbox 1696 4778 1753 4823; x_wconf 90' lang='grc' dir='ltr'><strong>ιιι</strong></span> <span class='ocrx_word' id='word_1_693' title='bbox 1784 4784 1912 4824; x_wconf 85' lang='lat' dir='ltr'><strong>vere</strong></span> <span class='ocrx_word' id='word_1_694' title='bbox 2011 4767 2356 4839; x_wconf 86' lang='lat' dir='ltr'><strong>imputantur</strong></span> <span class='ocrx_word' id='word_1_695' title='bbox 2386 4763 2647 4837; x_wconf 86' lang='lat' dir='ltr'><strong>conjungi</strong></span> <span class='ocrx_word' id='word_1_696' title='bbox 2680 4764 2881 4822; x_wconf 88' lang='lat' dir='ltr'><strong>debere</strong></span> <span class='ocrx_word' id='word_1_697' title='bbox 2910 4765 3157 4821; x_wconf 63' lang='lat' dir='ltr'><strong>historia</strong></span> <span class='ocrx_word' id='word_1_698' title='bbox 3188 4766 3318 4820; x_wconf 86' lang='lat' dir='ltr'><strong>anni</strong></span> <span class='ocrx_word' id='word_1_699' title='bbox 3351 4780 3586 4834; x_wconf 84' lang='lat' dir='ltr'><strong>sequen-</strong></span> 
     </span>
    </p>
   </div>
   <div class='ocr_carea' id='block_1_56' title="bbox 334 4857 3583 4941">
    <p class='ocr_par' dir='ltr' id='par_1_56' title="bbox 334 4857 3583 4941">
     <span class='ocr_line' id='line_1_57' title="bbox 334 4857 3583 4941; baseline -0.002 -21"><span class='ocrx_word' id='word_1_700' title='bbox 334 4867 623 4941; x_wconf 4' lang='lat' dir='ltr'><strong>vixgtertia</strong></span> <span class='ocrx_word' id='word_1_701' title='bbox 674 4879 803 4935; x_wconf 89' lang='lat' dir='ltr'><strong>pars</strong></span> <span class='ocrx_word' id='word_1_702' title='bbox 841 4865 977 4920; x_wconf 88' lang='lat' dir='ltr'><strong>solis</strong></span> <span class='ocrx_word' id='word_1_703' title='bbox 1006 4863 1253 4933; x_wconf 79' lang='lat' dir='ltr'><strong>conspici</strong></span> <span class='ocrx_word' id='word_1_704' title='bbox 1286 4878 1316 4917; x_wconf 87' lang='lat' dir='ltr'><strong>a</strong></span> <span class='ocrx_word' id='word_1_705' title='bbox 1363 4859 1595 4916; x_wconf 81' lang='lat' dir='ltr'><strong>Francis</strong></span> <span class='ocrx_word' id='word_1_706' title='bbox 1644 4861 1907 4933; x_wconf 89' lang='lat' dir='ltr'><strong>potuerit,</strong></span> <span class='ocrx_word' id='word_1_707' title='bbox 2009 4862 2103 4925; x_wconf 90' lang='lat' dir='ltr'><strong>tis,</strong></span> <span class='ocrx_word' id='word_1_708' title='bbox 2134 4876 2245 4931; x_wconf 78' lang='lat' dir='ltr'><strong>quo</strong></span> <span class='ocrx_word' id='word_1_709' title='bbox 2285 4874 2475 4914; x_wconf 81' lang='lat' dir='ltr'><strong>revera</strong></span> <span class='ocrx_word' id='word_1_710' title='bbox 2525 4858 2752 4928; x_wconf 85' lang='lat' dir='ltr'><strong>eclipsis</strong></span> <span class='ocrx_word' id='word_1_711' title='bbox 2780 4858 3017 4929; x_wconf 88' lang='lat' dir='ltr'><strong>accidit,</strong></span> <span class='ocrx_word' id='word_1_712' title='bbox 3069 4867 3126 4915; x_wconf 86' lang='lat' dir='ltr'><strong>et</strong></span> <span class='ocrx_word' id='word_1_713' title='bbox 3167 4859 3469 4916; x_wconf 76' lang='lat' dir='ltr'><strong>exercitum</strong></span> <span class='ocrx_word' id='word_1_714' title='bbox 3525 4857 3583 4914; x_wconf 87' lang='lat' dir='ltr'><strong>in</strong></span> 
     </span>
    </p>
   </div>
   <div class='ocr_carea' id='block_1_57' title="bbox 332 4949 3581 5026">
    <p class='ocr_par' dir='ltr' id='par_1_57' title="bbox 332 4949 3581 5026">
     <span class='ocr_line' id='line_1_58' title="bbox 332 4949 3581 5026; baseline -0.002 -16"><span class='ocrx_word' id='word_1_715' title='bbox 332 4956 793 5021; x_wconf 80' lang='lat' dir='ltr'><strong>quemadmodum</strong></span> <span class='ocrx_word' id='word_1_716' title='bbox 833 4954 1198 5026; x_wconf 81' lang='lat' dir='ltr'><strong>Fredegarius</strong></span> <span class='ocrx_word' id='word_1_717' title='bbox 1230 4953 1476 5023; x_wconf 87' lang='lat' dir='ltr'><strong>scripsit.</strong></span> <span class='ocrx_word' id='word_1_718' title='bbox 2010 4952 2301 5008; x_wconf 85' lang='lat' dir='ltr'><strong>Thraciam</strong></span> <span class='ocrx_word' id='word_1_719' title='bbox 2336 4951 2638 5021; x_wconf 83' lang='lat' dir='ltr'><strong>imperator</strong></span> <span class='ocrx_word' id='word_1_720' title='bbox 2665 4949 2845 5006; x_wconf 79' lang='lat' dir='ltr'><strong>duxit.</strong></span> <span class='ocrx_word' id='word_1_721' title='bbox 3577 4960 3581 4967; x_wconf 82' lang='lat'><strong>&#39;</strong></span> 
     </span>
    </p>
   </div>
   <div class='ocr_carea' id='block_1_58' title="bbox 401 5044 1907 5117">
    <p class='ocr_par' dir='ltr' id='par_1_58' title="bbox 401 5044 1907 5117">
     <span class='ocr_line' id='line_1_59' title="bbox 401 5044 1907 5117; baseline -0.003 -14"><span class='ocrx_word' id='word_1_722' title='bbox 401 5047 491 5103; x_wconf 75' lang='lat'><strong>50.</strong></span> <span class='ocrx_word' id='word_1_723' title='bbox 555 5044 878 5117; x_wconf 88' lang='lat' dir='ltr'><strong>Onuphrius</strong></span> <span class='ocrx_word' id='word_1_724' title='bbox 933 5045 1265 5112; x_wconf 75' lang='lat' dir='ltr'><strong>l’anvinius,</strong></span> <span class='ocrx_word' id='word_1_725' title='bbox 1305 5044 1401 5100; x_wconf 92' lang='lat' dir='ltr'><strong>lib.</strong></span> <span class='ocrx_word' id='word_1_726' title='bbox 1456 5059 1517 5101; x_wconf 89' lang='grc' dir='ltr'><strong>ιιι</strong></span> <span class='ocrx_word' id='word_1_727' title='bbox 1578 5044 1907 5100; x_wconf 61' lang='lat' dir='ltr'><strong>Fastorum»</strong></span> 
     </span>
    </p>
   </div>
   <div class='ocr_carea' id='block_1_59' title="bbox 1730 5485 2224 5512">
    <p class='ocr_par' dir='ltr' id='par_1_59' title="bbox 1730 5485 2224 5512">
     <span class='ocr_line' id='line_1_60' title="bbox 1730 5485 2224 5512; baseline 0.006 -3"><span class='ocrx_word' id='word_1_728' title='bbox 1730 5485 2224 5512; x_wconf 46' lang='lat'><strong>“0”—</strong></span> 
     </span>
    </p>
   </div>
  </div>
