4034 6298
494 341 634 409 1187
1611 341 2011 406 ANASTASII
2053 341 2087 401 Ε

2187 337 2681 403 LIOTHECARII
3615 330 3780 418 1188

617 673 1784 863 ANASTASII
1901 670 3702 856 BIBLIOTHECABII

1191 1005 1884 1121 HISTORIA
1944 1001 3056 1119 ECCLESIASTICA

497 1238 598 1302 EX
666 1234 1100 1306 NICEPHORO
1162 1231 1677 1306 PATRIARCHA,
1751 1229 2090 1296 GEORGIO
2155 1231 2539 1300 SYNCELLO
2620 1232 2718 1292 ET
2779 1226 3238 1292 THEOPIIANE
3305 1224 3783 1298 CONTRACTA-

503 492 3185 525 Μ

2105 1427 2168 1438 νη

1091 1560 1467 1623 CAROLL'S
1529 1559 1906 1629 ANNIBAL
1979 1555 2479 1624 FABROTTUS
2539 1554 2710 1616 ICT.
2778 1553 3171 1616 LECTORI.

566 1878 868 1938 Historiam
917 1877 1360 1935 Ecclesiasticam
1411 1874 1712 1939 Anastasii,
1739 1872 1808 1930 de
1843 1872 2049 1933 Graecis
2098 1872 2416 1945 Nicephori.
2442 1875 2660 1950 Georgii
2693 1881 2930 1953 Syncelli
2965 1888 3016 1937 ct
3046 1877 3400 1949 Theophanis
3427 1884 3788 1947 excerpta",

498 1986 646 2026 nunc
677 1970 917 2040 primum
967 1967 1022 2022 in
1060 1966 1238 2021 lucem
1286 1964 1506 2020 damus.
1543 1961 1748 2030 Quanti
1778 1973 1961 2018 autem
2013 1961 2261 2019 facienda
2309 1965 2380 2021 sit
2429 1966 2657 2023 historia
2685 1970 2801 2028 [nec
2838 1987 2946 2026 non
2978 1971 3234 2038 ignorant
3260 1967 3353 2036 qui
3379 1966 3788 2036 Theophanem

495 2058 684 2114 Graec
708 2060 1021 2129 loquentem
1056 2056 1339 2126 legerunt,
1371 2043 1467 2123 qui
1526 2067 1634 2108 non
1681 2053 1897 2112 minore
1944 2049 2053 2107 fide
2091 2064 2256 2120 quam
2291 2051 2574 2123 diligentia
2605 2070 2667 2110 ea
2710 2072 2830 2125 qua:
2859 2066 2969 2114 tam
3001 2055 3067 2109 ad
3102 2069 3216 2110 rem
3264 2051 3571 2108 Romanam
3608 2066 3785 2121 quam

495 2147 856 2220 Byzantinam
882 2145 1160 2216 pertinent
1184 2143 1532 2212 exsequitur.
1565 2140 1723 2197 Hunc
1747 2141 2078 2198 Anastasius
2107 2155 2246 2210 pene
2280 2147 2456 2194 totum
2489 2156 2598 2196 non
2630 2142 2839 2199 infelici
2870 2158 3133 2200 successu
3168 2143 3222 2196 in
3263 2139 3516 2195 Latinum
3543 2156 3793 2196 conver-

497 2236 582 2290 tit.
616 2231 773 2302 Quod
829 2247 965 2288 sane
988 2230 1244 2302 quisquis
1293 2245 1480 2285 verum
1541 2237 1711 2293 amat,
1764 2227 1983 2284 inlicias
2029 2241 2139 2281 non
2181 2229 2317 2284 ibit:
2354 2243 2476 2282 nam
2510 2237 2565 2284 et
2597 2231 2862 2300 pleraque
2891 2231 3115 2288 sunt-in
3172 2231 3508 2301 Theophane
3554 2228 3794 2285 Graeco-

496 2324 756 2390 barbara,
798 2337 921 2394 quae
951 2322 1083 2376 viris
1123 2320 1288 2375 etiam
1322 2315 1512 2378 Grece
1538 2315 1880 2373 doctissimis
1902 2315 2069 2371 hodie
2097 2316 2372 2387 negotium
2400 2315 2758 2373 facesserent.
2779 2319 2951 2390 Cujus
2983 2320 3057 2376 rei
3082 2320 3240 2374 Iidem
3271 2318 3472 2374 facient
3501 2319 3789 2388 glossaria

497 2424 690 2468 nostra
742 2411 1189 2472 mito-barbara,
1246 2423 1368 2477 quae
1422 2406 1547 2463 aliis
1587 2421 1810 2478 quoque
1870 2405 2055 2460 sateuli
2109 2403 2389 2472 sequioris
2442 2407 2766 2461 auctoribus
2813 2407 3247 2478 interpretandis
3302 2404 3475 2460 facem
3516 2404 3793 2476 prmierrc

497 2507 776 2572 poterunt.
812 2498 1072 2565 Quaedam
1115 2511 1239 2552 esse
1275 2495 1510 2550 barbara
1559 2504 1612 2549 et
1645 2509 1838 2549 eorum
1885 2501 2193 2563 temporum
2224 2491 2601 2547 infelicitatem
2653 2494 2960 2551 redolentia
3009 2497 3062 2549 in
3094 2497 3196 2549 hac
3229 2495 3480 2550 versione
3514 2495 3784 2564 equidem

495 2606 605 2646 non
634 2590 920 2650 abnuerim
954 2606 968 2644 :
1007 2586 1104 2643 sed
1154 2587 1270 2641 hac
1309 2585 1484 2654 magis
1531 2585 1793 2639 inerutliti
1847 2584 2038 2639 saeculi
2091 2581 2224 2635 vitia
2282 2589 2412 2635 sant
2445 2597 2608 2649 quam
2644 2583 3000 2654 scriptorum,
3027 2583 3230 2654 quibus
3269 2581 3612 2654 propositum
3659 2591 3788 2636 era:

495 2678 847 2732 monimentis
880 2676 996 2732 suis
1028 2675 1336 2747 posteritati
1379 2673 1662 2743 prodesse,
1692 2687 1802 2728 non
1836 2671 2045 2726 Latinae
2075 2671 2274 2740 linguae
2308 2678 2627 2726 venustates
2691 2681 2744 2725 et
2783 2674 3115 2744 eloquentim
3155 2671 3316 2727 liores
3351 2674 3406 2727 in
3456 2671 3632 2726 sterili
3659 2672 3790 2726 solo

495 2781 762 2836 quaerere.
798 2766 940 2833 Quid
975 2775 1156 2825 autem
1211 2766 1266 2818 in
1319 2762 1536 2818 edendo
1587 2763 1883 2817 Anastasio
1940 2759 2382 2832 praesuterimus,
2430 2758 2691 2824 breviter,
2734 2758 2953 2827 Lector,
3004 2761 3312 2816 monendus
3346 2775 3426 2816 es.
3460 2759 3785 2815 Romanqu

495 2855 661 2928 igitur
679 2857 960 2926 exemplar
989 2855 1058 2910 ad
1100 2867 1196 2908 nos
1250 2853 1423 2920 Roma
1453 2851 1845 2907 transmissum
1882 2848 2151 2906 beneficio
2188 2846 2616 2902 eminentissimi
2656 2847 2958 2906 cardinalis
2991 2847 3271 2904 Francisci
3322 2847 3626 2912 Barberini,
3686 2847 3789 2901 lit-

497 2952 747 3000 terarum
780 2943 1048 3014 parentis,
1079 2950 1136 2997 ct
1184 2957 1351 3011 opera
1383 2939 1546 2996 Lucae
1571 2939 1868 3006 llolstenii,
1901 2941 2003 2995 viri
2027 2941 2188 3006 longe
2230 2934 2565 3002 doctissimi,
2598 2950 2725 2991 cum
2761 2938 2980 3008 optimm
3015 2947 3159 2996 note
3191 2936 3382 2994 codice
3407 2934 3788 2994 contulimus.

498 3044 666 3097 quem
691 3028 853 3084 nobis
877 3025 1233 3084 celeberrima
1267 3025 1310 3081 Τ
1319 3028 1496 3080 huana
1548 3024 1886 3080 biinOtheca
1938 3023 2324 3095 suppeditavit.
2357 3023 2537 3092 Hujus
2576 3038 2682 3094 ope
2717 3023 2864 3085 foeda
2911 3027 3108 3081 menda
3157 3025 3512 3088 sustulimus,
3548 3038 3675 3095 qua
3729 3023 3790 3076 in

497 3115 808 3172 Romanum
841 3114 1088 3171 codicem
1127 3113 1346 3171 fortean
1378 3114 1744 3184 exscriptoris
1768 3113 1904 3168 vitio
1933 3113 2293 3183 irrepserant,
2335 3120 2397 3167 ut
2429 3112 2533 3167 hoc
2573 3128 2796 3184 quoque
2823 3115 3047 3170 nomine
3079 3116 3342 3185 praeclare
3375 3115 3443 3171 de
3493 3113 3791 3186 republica

497 3202 764 3259 litteraria
811 3203 1043 3259 meritus
1065 3202 1142 3258 sit
1170 3203 1503 3274 perillustris
1527 3202 1613 3256 vir
1641 3199 1885 3258 Iacobus
1909 3201 2191 3270 Augustus
2218 3200 2510 3265 Tbuanus,
2549 3203 2605 3255 in
2634 3202 2878 3272 primore
2909 3204 3060 3275 regni
3110 3199 3267 3260 curia
3321 3219 3529 3277 praises
3559 3202 3794 3274 amplis-

496 3291 901 3360 simus,magni
921 3291 1167 3360 parentis
1209 3303 1412 3361 magna
1457 3289 1696 3344 soboles.
1725 3286 1831 3345 Sed
1886 3298 1942 3344 et
1996 3289 2170 3358 gratia
2196 3289 2444 3347 habenda
2486 3299 2574 3347 est
2614 3290 2996 3348 illustrissitno
3036 3303 3090 3348 et
3119 3294 3336 3350 eximia;
3363 3292 3633 3350 doctrina
3658 3291 3789 3346 viro

499 3378 566 3437 Ι).
595 3380 794 3436 Carolo
819 3378 886 3436 de
918 3380 1200 3447 Monchal,
1236 3379 1657 3451 archiepiscopo
1674 3377 1975 3445 Tolosano,
2002 3377 2096 3448 qui
2128 3379 2521 3436 bibliothecam
2553 3396 2711 3436 suam
2747 3395 2872 3436 cum
2908 3384 3102 3451 paucis
3138 3381 3568 3453 comparandam
3597 3381 3788 3436 doctis

497 3469 756 3524 omnibus
783 3475 969 3539 patere
997 3468 1157 3523 vult:
1187 3468 1433 3524 codicem
1473 3482 1669 3537 nempe
1705 3481 1870 3521 manu
1902 3466 2242 3538 descriptum
2276 3468 2434 3525 nobis
2459 3468 2830 3524 commodavit
2871 3470 3012 3524 idem
3039 3471 3120 3524 vir
3145 3471 3583 3533 illustrissimus,
3619 3467 3793 3538 cujus

499 3558 750 3613 subsidio
800 3556 1065 3612 nonnulla
1113 3557 1434 3613 sanavimus
1489 3566 1545 3611 et
1601 3555 1838 3625 pristino
1873 3553 2041 3609 nitori
2089 3557 2460 3612 restituimus.
2490 3557 2765 3612 Praeterea
2807 3558 2852 3612 si
2881 3574 3002 3628 qua:
3048 3568 3206 3616 erant
3230 3559 3574 3614 subobscura
3601 3559 3653 3612 in
3679 3557 3791 3611 hac

498 3647 778 3711 versione,
811 3661 874 3701 ea
906 3644 1079 3702 Grzcci
1113 3645 1323 3701 codicis
1354 3644 1648 3700 collatione
1678 3652 1732 3699 et
1763 3644 1999 3698 aliorum
2057 3657 2342 3700 auctorum
2387 3644 2568 3700 allatis
2629 3646 2764 3700 locis
2806 3644 3232 3713 illustravimus,
3272 3658 3332 3704 ut
3356 3649 3582 3703 omnino
3608 3660 3788 3719 pauca

498 3733 611 3788 sint
632 3749 753 3805 quae
772 3733 1121 3792 mediocriter
1141 3735 1302 3790 etiam
1334 3732 1536 3792 eruditi
1569 3749 1680 3795 non
1710 3732 1957 3803 capiant,
1993 3732 2037 3787 si
2077 3747 2201 3788 cum
2235 3730 2443 3789 Graecis
2478 3747 2807 3804 comparare
2837 3748 2946 3789 non
2966 3745 3284 3805 graventur.
3327 3732 3484 3793 Vale.

1775 4044 2056 4106 INCIPIT
2122 4042 2523 4106 PREFATIO

977 4221 1382 4288 ANASTASII
1407 4221 2026 4286 BIBLIOTHECARII
2063 4219 2350 4282 SUMMIE
2401 4219 2496 4280 AC
2541 4221 2570 4280 Λ

1682 4221 2026 4285 ΓΗΕΩΑΒΙΙ
2063 4219 2350 4282 ΞΗΜΜᾹΞ
2401 4219 2496 4280 AC
2541 4219 3017 4282 APOSTOLlC/E
3063 4218 3275 4282 SEDXS

1384 4399 1476 4457 AD
1506 4397 1826 4458 JOANNEM
1869 4394 2220 4454 DIACONELI
2295 4384 2502 4454 ΗΠΒιὸ
2553 4392 2892 4456 ROMANE.

2091 4582 2163 4598 ﬁ

577 4693 1045 4762 Ecclesiasticam,
1076 4696 1404 4752 cbarissime
1425 4696 1595 4754 frater
1620 4707 1674 4753 et
1699 4699 1865 4768 digne
1882 4697 2090 4756 Christi
2121 4711 2167 4766 Α
2194 4709 2318 4751 rum
2355 4691 2472 4749 fore
2501 4708 2813 4760 asseveras.
2839 4696 2886 4753 si
2919 4711 2982 4752 ca
3009 4711 3130 4766 quae
3166 4696 3221 4750 in
3251 4693 3466 4752 Latinis
3494 4697 3789 4757 codicibus

503 4785 693 4843 Levita
719 4782 983 4853 Joannes,
1006 4795 1232 4846 auctore
1259 4787 1392 4852 Deo,
1428 4791 1738 4860 scripturus
1771 4791 2088 4857 historiam,
2194 4788 2430 4844 inveniri
2466 4804 2575 4843 non
2638 4797 2898 4858 possunt,
2944 4791 3102 4858 prius
3140 4805 3210 4845 ex
3252 4789 3571 4846 Graecorum
3637 4791 3791 4847 faue

457 4886 464 4894 '
506 4879 684 4952 exigis
717 4894 748 4933 a
785 4894 870 4934 me
899 4879 1149 4950 quaedam
1186 4881 1241 4936 in
1264 4880 1517 4938 Latinum
1555 4885 1758 4954 stylum
1792 4899 1858 4939 ex
1883 4882 2090 4941 Graecis
2201 4882 2505 4938 haurienda
2561 4883 2837 4952 percipias
2861 4923 2878 4948 ,
2929 4883 3126 4940 faciam
3173 4881 3283 4939 Deo
3341 4885 3577 4955 propitio
3636 4885 3788 4958 quod

507 4969 888 5025 voluminibus
935 4970 1358 5035 transferenda,
1420 4989 1529 5042 quo
1585 4983 1640 5028 et
1704 4974 1821 5044 ipsa
1871 4990 2093 5046 quoque
2198 4976 2459 5042 hortaris,
2488 4977 2790 5047 presertim
2843 4991 2970 5032 cum
3025 4975 3117 5031 Dei
3177 4976 3252 5032 sit
3300 4975 3449 5046 quod
3509 4978 3785 5049 agendum

511 5062 797 5132 proposito
817 5062 1032 5118 inseras
1064 5066 1218 5135 operi
1267 5074 1320 5120 et
1348 5067 1592 5134 iutexas;
1643 5068 1730 5123 his
1773 5071 1919 5122 enim
1953 5071 2092 5124 dua-
2200 5071 2580 5142 proponimus,
2606 5080 2658 5124 et
2690 5071 2882 5126 multis
2908 5071 3096 5139 procul
3121 5069 3288 5124 dubio
3313 5083 3482 5124 causa
3503 5070 3789 5142 profectus

511 5155 612 5210 bus
649 5154 851 5224 linguis
882 5157 1180 5228 praecipue,
1221 5173 1342 5230 quae
1381 5159 1436 5214 in
1488 5159 1729 5216 Ecclesia
1762 5170 1917 5233 gesta
1944 5173 2093 5228 sunt,
2201 5172 2369 5235 atque
2422 5163 2636 5219 salutis.
2694 5162 2806 5219 Nec
2855 5163 3001 5218 cnim
3059 5161 3156 5217 tibi
3191 5170 3300 5214 tam
3351 5160 3522 5217 charo
3565 5172 3790 5234 tamque

511 5254 867 5301 enarrantur.
922 5246 1035 5319 Ego
1063 5265 1215 5314 vero,
1265 5255 1542 5323 propriam
1588 5255 1865 5310 inscitiam
1895 5265 1946 5309 et
1979 5273 2099 5312 ser»
2203 5259 2441 5328 sapienti
2491 5257 2789 5328 quidquam
2857 5272 3056 5327 negare
3116 5263 3332 5326 potero,
3390 5254 3487 5326 qui
3538 5255 3789 5328 profecto

512 5341 692 5392 monis
732 5341 1043 5409 angustiam
1091 5358 1200 5397 non
1241 5344 1527 5413 ignorans,
1566 5345 1672 5402 hoc
1731 5363 1893 5418 agerc
1941 5355 2100 5403 tanto
2203 5349 2460 5420 Apostoli
2487 5348 2821 5403 documento
2851 5348 3096 5403 imbutus
3127 5351 3141 5380 ¹
3192 5346 3535 5416 sapientibus
3563 5357 3617 5402 et
3649 5347 3788 5404 insi-

511 5437 754 5500 temporc
779 5433 977 5488 merito
1028 5438 1302 5502 recusavi,
1352 5453 1520 5508 supra
1576 5455 1662 5495 me
1693 5439 1944 5495 videlicet
1975 5454 2100 5498 esse
2203 5443 2484 5517 pientibus
2509 5443 2724 5499 debitor
2747 5460 2888 5498 sum.
2917 5441 3119 5499 Verum
3144 5444 3265 5513 quia
3290 5443 3564 5513 praecipue
3591 5457 3786 5500 neces-

511 5527 624 5574 tam
675 5522 907 5578 arduum
969 5540 1234 5582 conamen
1301 5531 1491 5599 procul
1540 5530 1709 5588 dubio
1758 5544 1932 5588 ratus.
1984 5533 2096 5588 Sed
2206 5536 2411 5593 sarium
2442 5535 2682 5591 arbitror
2725 5551 2787 5591 ea
2840 5552 2961 5606 qua:
3000 5552 3030 5591 a
3063 5535 3374 5592 Theodosio
3417 5536 3668 5606 principe
3702 5535 3789 5605 ju-

511 5614 770 5682 quoniam
803 5616 919 5686 ipse
946 5626 997 5674 te
1027 5621 1366 5691 propositum
1398 5638 1536 5693 opus
1571 5623 1766 5680 melius
1806 5634 2098 5683 exsecutu-
2213 5628 2371 5685 niore
2409 5628 2464 5683 in
2496 5627 2738 5685 Ecclesia
2791 5640 2943 5701 gesta
2993 5639 3122 5685 sunt
3179 5627 3495 5697 enarrandi,
3526 5627 3596 5683 ad
3627 5624 3786 5698 Cujus

585 5796 604 5830 ‘
637 5795 855 5861 Robur,
891 5796 978 5855 I4.
