4034 6298
251 389 407 458 1189

1724 395 2145 462 ΡΒᾸΞΕΑΤΙΟ,

3393 395 3535 461 1190·

248 505 519 561 videlicet
549 514 794 578 tempora
854 504 1256 572 Thcodoretus,
1303 507 1562 565 Socrates
1594 516 1648 564 et
1672 508 1847 563 8020-
1875 510 2132 572 Aratum
2200 506 2329 562 dusi
2391 506 2534 566 beati
2586 505 2880 579 Nicephori
2929 506 3526 580 Constantinopolitani

247 613 482 662 melius,
542 598 840 656 Eusebium
876 599 1148 672 Pamphili
1193 604 1629 673 subsequentcs,
1681 603 1849 657 libros

246 693 653 749 ecclesiastica:
701 695 945 749 historice
1018 705 1332 761 texuerunt,
1374 712 1553 767 operte
1612 697 1846 766 pretium

245 785 387 840 duxi
417 803 485 841 ex
517 786 735 859 Georgii
758 788 1073 843 summatim
1112 788 1364 860 quaedam
1397 798 1450 844 et
1494 788 1849 860 Theophanis

245 881 706 954 chronographia
732 883 908 953 plura,
942 883 1037 938 sed
1077 884 1360 941 succincte
1409 898 1637 954 carpere
1658 921 1674 947 ,
1707 897 1846 954 quo-

245 986 378 1024 rum
407 973 563 1040 prior
593 990 765 1044 usque
802 974 869 1030 ad
922 975 1345 1042 Diocletianum,
1405 976 1683 1046 posterior
1714 991 1848 1031 vero

247 1080 438 1136 usque
495 1067 562 1122 ad
593 1067 824 1124 Leonem
871 1069 964 1139 qui
1017 1079 1140 1139 post
1179 1068 1498 1125 Michaelem
1532 1068 1844 1137 imperavit,

245 1169 472 1228 patrem
507 1162 717 1216 scilicet
762 1161 954 1231 lgnatii
981 1163 1075 1232 qui
1110 1162 1290 1216 adhuc
1324 1172 1576 1231 superest
1602 1163 1844 1220 habenas

241 1250 889 1325 Constantinopolitanae
917 1263 1108 1311 tenens
1134 1254 1412 1319 Ecclesiae.
1434 1257 1682 1326 praedicti
1708 1273 1843 1328 ope-

241 1349 325 1400 ris
358 1348 454 1402 sui
479 1348 681 1419 stylum
722 1351 1011 1417 protraxit.
1052 1349 1156 1416 Qui
1211 1358 1391 1404 autem
1452 1350 1563 1405 sint
1601 1349 1690 1405 isti
1717 1350 1841 1405 breo

239 1440 398 1493 viter
425 1440 722 1496 annotabo.
765 1440 969 1498 lloruin
1028 1442 1192 1512 igitur
1252 1443 1392 1496 alter
1430 1441 1605 1496 electa
1653 1456 1844 1496 mona-

242 1533 395 1588 stica
433 1534 544 1588 vita
580 1534 891 1604 mundoque
921 1543 1231 1605 contempto
1261 1534 1464 1589 Christi
1501 1549 1558 1590 se
1582 1535 1683 1590 levi
1709 1535 1843 1606 jugo

234 1633 297 1681 et
328 1625 498 1680 suavi
528 1626 756 1684 sarcinae
781 1625 1137 1698 mancipavit.
1161 1625 1434 1682 Pra-terea
1457 1636 1649 1682 contra
1673 1627 1842 1682 haere-

236 1718 720 1774 ticosincessanti
759 1734 933 1790 agone
989 1719 1291 1786 desudans,
1347 1721 1533 1775 mundi
1572 1721 1840 1791 principi,

239 1812 352 1868 bus
387 1821 583 1868 contra
608 1811 864 1870 Ecclesiae
894 1813 1059 1870 ritum
1082 1813 1458 1878 saevientibus,
1494 1814 1682 1869 multis
1716 1831 1839 1869 ver-

235 1905 483 1962 beribus
514 1906 858 1979 diversisque
916 1909 1094 1979 poenis
1148 1908 1377 1966 allectus
1416 1918 1520 1965 est.
1562 1910 1654 1966 Sic
1706 1926 1838 1980 ergo

238 1999 512 2070 stigmata
550 1998 758 2055 Christi
790 1999 845 2054 in
893 2014 1126 2070 corpore
1158 2015 1259 2055 suo
1309 1992 1561 2071 portans,
1597 2009 1703 2054 tam
1738 2014 1836 2067 pro

235 2090 374 2146 ﬁdei
410 2106 526 2146 sua:
551 2091 882 2154 constantia,
910 2105 1071 2160 quam
1100 2107 1199 2162 pro
1244 2092 1540 2146 multarum
1567 2093 1834 2146 virtutum

238 2183 564 2255 insignibus
617 2192 821 2238 sancta:
860 2184 1138 2238 memoriae
1193 2181 1430 2248 Tarasii,
1485 2181 1649 2254 regis:
1683 2181 1835 2238 urbis

234 2276 528 2348 praesulis,
554 2274 830 2346 syncellus
863 2271 1090 2329 eﬂ'ectus
1125 2282 1228 2330 est.
1265 2272 1371 2329 Sed
1404 2289 1472 2330 ne
1513 2273 1684 2328 multa
1708 2287 1837 2343 pro-

231 2381 474 2438 Sequar,
501 2365 748 2423 snﬂicere
775 2365 1014 2422 arbitror
1059 2367 1123 2421 ad
1155 2366 1487 2438 praeconium
1530 2367 1650 2438 ejus
1687 2367 1832 2438 quod

233 2473 266 2512 a
300 2459 440 2514 sede
481 2458 818 2530 approbato:
862 2457 936 2514 sit
969 2447 1295 2528 apestolica,
1351 2458 1575 2530 quando
1619 2459 1834 2515 scilicet

234 2551 439 2606 vicarii
491 2551 611 2618 ejus
680 2564 784 2603 una
820 2563 942 2603 cum
993 2549 1253 2604 trecentis
1289 2549 1692 2621 quinquaginta
1729 2549 1833 2605 Pa-

233 2646 425 2703 tribus
456 2645 512 2700 in
543 2640 719 2697 Nicata
749 2641 885 2696 urbe
917 2642 1159 2700 secundo
1184 2644 1574 2699 convenientes
1609 2644 1834 2698 univer-r

231 2736 415 2792 salem
455 2735 725 2807 synodum
760 2736 1125 2801 celebrarunt,
1159 2735 1432 2807 siquidem
1459 2745 1513 2792 et
1547 2736 1668 2792 laus
1709 2736 1829 2807 ejus

225 2828 288 2887 in
320 2825 523 2883 eodem
540 2829 770 2898 septimo
783 2839 834 2883 et
859 2836 1051 2883 sancto
1077 2828 1316 2882 concilio
1346 2830 1640 2899 reperitur.
1660 2827 1828 2884 Porro

229 2919 303 2976 de
335 2919 521 2974 altero
550 2920 678 2990 quid
711 2919 931 2975 dicam?
963 2935 1086 2974 eum
1120 2928 1173 2975 et
1197 2921 1317 2991 ejus
1347 2921 1657 2992 conscripta
1697 2922 1826 2990 vita,

1951 603 2192 675 episcopi
2227 604 2738 674 lchronographiam
2771 620 3111 676 przeponere,
3149 615 3209 660 ut
3236 606 3448 662 scilicet
3475 611 3530 661 et

1950 711 2015 751 es
2043 711 2106 751 ea
2132 695 2313 766 possis
2346 697 2682 768 aliquantula
2724 711 2971 768 carpere,
2990 707 3044 753 et
3067 695 3245 752 sicubi
3274 697 3529 754 fortassis

1951 788 2054 843 hac
2077 787 2344 843 utendum
2374 788 2736 859 judicaveris,
2765 798 2915 845 tuam
2967 805 3078 847 non
3110 791 3275 850 lateat
3303 791 3528 848 omnino

1949 879 2223 937 notitiam.
2277 879 2528 937 Obsecro
2587 890 2764 936 autem
2827 882 3155 938 charitatem
3191 893 3360 949 tuam,
3407 900 3528 955 qua:

1950 971 2134 1024 omnia
2172 973 2470 1026 secundum
2499 972 2818 1041 Apostolum
2856 973 3066 1040 sullert,
3101 982 3153 1029 et
3194 991 3305 1033 non
3329 975 3526 1045 quaerit

1948 1078 2068 1133 quae
2086 1080 2184 1120 sua
2221 1074 2370 1130 sunt,
2395 1097 2463 1108 --
2492 1065 2602 1120 imo
2640 1081 2738 1137 per
2767 1081 2827 1121 se
2863 1081 2947 1121 nte
2967 1066 3222 1122 obsecrat
3264 1067 3524 1124 universa

1943 1158 2272 1214 Latinorum
2302 1159 2551 1215 Ecclesia
2576 1168 2635 1213 ut
2665 1159 2745 1214 sic
2774 1161 3078 1217 scribenda:
3103 1176 3132 1215 a
3162 1170 3213 1216 te
3237 1161 3527 1218 inchoetur

1945 1266 2084 1321 opus
2116 1251 2379 1314 historia,
2413 1258 2476 1306 ut
2505 1266 2626 1321 quae
2665 1252 2735 1312 ab
2781 1252 2901 1323 ipso
2953 1251 3160 1308 Christi
3192 1253 3431 1309 adventu
3467 1254 3522 1309 in

1947 1345 2191 1400 Ecclesia
2213 1354 2367 1416 gesta
2398 1353 2524 1400 sunt
2566 1355 2620 1400 et
2653 1353 2802 1400 textu
2854 1345 3244 1402 ecclesiasticae
3280 1347 3523 1403 historiae

1945 1453 2052 1492 non
2078 1438 2398 1508 judicantur
2428 1438 2672 1509 indigna,
2721 1439 2874 1494 nullo
2903 1437 3066 1493 modo
3109 1440 3518 1510 prmiermittas,

1941 1533 2188 1604 exceptis
2218 1532 2303 1586 his
2333 1531 2472 1588 forte
2499 1547 2618 1602 quae
2639 1531 2911 1588 Eusebius
2927 1531 3294 1589 Theodoritus
3319 1531 3520 1588 Socra—

1941 1633 2025 1680 tes
2060 1635 2113 1680 et
2147 1623 2487 1686 Sozomenus
2513 1625 2804 1694 scripsisse
2829 1635 3151 1681 noscuntur.
3174 1623 3373 1680 Verum
3394 1627 3521 1696 quia

1943 1721 2207 1788 quosdam
2251 1720 2443 1774 horum
2495 1721 2756 1775 mentitos
2792 1717 2847 1774 in
2899 1719 3229 1790 quibusdam
3265 1717 3438 1775 fuisse
3465 1730 3520 1773 et

1942 1813 2188 1882 quazdam
2243 1812 2662 1883 prmtcrmisisse
2707 1813 3001 1882 probatur,
3059 1813 3519 1883 quemadmodum

1941 1916 1995 1961 et
2027 1917 2248 1960 sanctus
2271 1921 2406 1976 papa
2434 1906 2733 1976 Gregorius
2752 1905 2818 1961 de
2847 1905 3150 1965 Sozomeno
3170 1905 3521 1978 apertissime

1941 2001 2156 2063 scribit,
2174 2000 2406 2060 obsecro
2426 2000 2707 2055 mendacia
2727 2015 2914 2053 eorum
2941 2000 3085 2056 veris
3104 1998 3519 2071 approbationi-

1935 2093 2042 2153 bus
2066 2108 2286 2164 arguas,
2312 2102 2364 2148 et
2389 2108 2510 2162 quae
2535 2094 2842 2149 omiserunt
2858 2095 3220 2150 nihilominus
3237 2093 3517 2166 suppleas.

2007 2187 2211 2258 Accipe
2262 2188 2448 2257 itaque
2500 2186 2628 2254 hoc,
2694 2186 3039 2254 charissime,
3089 2189 3516 2260 incompositum

1932 2293 2098 2351 opus,
2125 2287 2176 2334 et
2199 2279 2334 2333 nihil
2358 2294 2541 2333 meum
2573 2278 2629 2334 in
2685 2278 2787 2333 hoc
2815 2295 3043 2350 prorsus
3075 2278 3344 2336 incertum
3377 2297 3518 2353 pra:-

1937 2387 2124 2431 nosce,
2153 2372 2214 2426 Et
2243 2370 2288 2426 si
2317 2370 2580 2426 decessus
2614 2368 2720 2426 mei
2755 2369 2939 2424 debito
2975 2379 3286 2439 praventus
3311 2385 3511 2440 propo‘

1933 2464 2098 2518 situm
2162 2478 2302 2534 opus
2349 2478 2451 2535 ego
2498 2464 2681 2519 minus
2738 2463 2806 2522 ad
2856 2463 3058 2518 calcem
3097 2463 3422 2535 perduxero,
3454 2476 3512 2520 tu

1934 2562 2116 2610 tamen
2159 2555 2210 2610 id
2247 2553 2497 2626 deperire
2524 2555 2748 2610 minime
2771 2565 2982 2626 patere,
3015 2555 3112 2611 sed
3142 2555 3196 2610 in
3245 2566 3509 2627 quantum

1931 2658 2036 2712 est,
2074 2649 2310 2720 qualiter
2346 2657 2400 2704 et
2433 2647 2523 2703 ubi
2554 2649 2773 2705 libuerit
2813 2658 2984 2705 utere.
3021 2648 3195 2705 Porro
3237 2654 3280 2705 si
3319 2651 3456 2706 lorte
3479 2668 3512 2709 a

1933 2757 2020 2797 me
2050 2742 2149 2796 tibi
2206 2750 2301 2797 aut
2331 2757 2396 2798 ex
2451 2741 2641 2797 Graeco
2693 2753 2775 2796 tra
2820 2744 2982 2799 sferri
3033 2754 3127 2798 aut
3165 2760 3226 2799 es
3275 2745 3511 2801 diversis

1929 2831 2250 2890 Latinorum
2310 2834 2856 2907 conscriptionibus,
2921 2851 3044 2904 quae
3097 2836 3344 2892 historia
3404 2847 3511 2893 tuae

1928 2924 2169 2991 inseras,
2209 2925 2464 2982 deﬂorari
2524 2925 2835 2994 desideras,
2868 2925 3103 2982 libenter
3142 2927 3251 2984 tuis
3283 2928 3509 2985 satisfa-

229 3013 486 3084 qualiter
523 3011 774 3068 videlicet
812 3012 1010 3083 amplis
1042 3012 1391 3084 patrimoniis
1426 3014 1661 3070 venditis
1692 3028 1829 3069 cru-
1922 3019 2066 3076 ciam
2098 3020 2261 3075 votis.
2318 3018 2553 3074 Tantum
2596 3018 2867 3075 industria
2902 3028 2994 3074 tua
3033 3020 3251 3075 interim
3281 3031 3508 3092 aposto-

220 3119 356 3160 cem
385 3119 548 3161 snam
584 3104 789 3170 tulerit,
809 3104 1109 3174 qualiterve
1135 3115 1358 3161 secutus
1373 3105 1685 3174 Christum,
1722 3106 1824 3161 ab,

1926 3112 2030 3169 lice
2059 3113 2254 3168 doctus
2288 3112 2342 3166 in
2371 3114 2591 3168 nomine
2607 3112 2820 3167 Domini
2840 3127 3003 3181 opus,
3022 3113 3168 3185 quod
3198 3115 3509 3180 hortamur,

231 3197 386 3252 batis
409 3196 465 3251 in
499 3197 837 3252 monasterio
865 3195 995 3267 Agri
1027 3194 1249 3253 functus
1291 3196 1491 3261 ofﬁcio,
1534 3198 1827 3260 virtutibus
1851 3216 1894 3274 (ε
1927 3205 2178 3275 arripiat,
2239 3213 2293 3263 et
2355 3204 2500 3274 quod
2544 3203 2963 3264 imminentibus
2997 3204 3157 3260 nobis
3197 3207 3506 3276 proposuit,

224 3289 483 3354 {uiserit,
513 3289 795 3345 miraculis
819 3290 1192 3345 coruscaverit
1214 3300 1268 3346 et
1293 3289 1582 3346 confessor
1605 3292 1823 3356 obierit,

229 3386 378 3441 satis
403 3391 702 3455 aperteque
739 3400 835 3454 per
885 3384 1205 3457 Byzantium
1241 3397 1296 3440 et
1328 3385 1537 3441 circum
1574 3400 1826 3458 quasque

221 3478 518 3549 regiones,
558 3477 646 3533 his
700 3478 794 3549 qui
841 3494 1011 3548 prope
1057 3486 1110 3533 et
1167 3479 1251 3535 his
1284 3479 1379 3550 qui
1430 3481 1589 3551 longe
1621 3489 1748 3538 sunt
1780 3483 1822 3548 ³,

219 3572 463 3628 clamet.
493 3570 598 3625 Sed
625 3581 678 3626 et
713 3571 893 3626 studia
933 3571 1053 3641 ejus
1109 3573 1174 3626 ad
1225 3588 1327 3629 nos
1364 3586 1538 3643 usque
1590 3574 1822 3644 perlata,

225 3670 363 3742 quis
384 3669 471 3724 vel
512 3676 752 3739 quantus
787 3669 870 3722 vir
898 3669 1001 3724 iste
1051 3667 1219 3722 fuerit
1249 3667 1548 3722 solet-tibus
1587 3666 1822 3722 manife-

225 3769 410 3818 stant.
441 3759 516 3815 Ex
557 3761 749 3815 horum
784 3775 915 3832 ergo
953 3758 1409 3831 chronographiae
1439 3759 1823 3816 amoenissima

224 3854 488 3926 quaedam
515 3854 805 3924 decerpam
847 3853 1028 3919 horto,
1059 3868 1184 3925 qua:
1207 3853 1560 3924 amplissimae
1591 3853 1821 3922 t'uiope.

221 3950 312 4006 ris
345 3961 554 4001 mensae
585 3945 848 4001 obedieus
892 3946 1188 4002 obsecutor
1241 3959 1509 4016 apponam
1535 3961 1551 4012 ;
1586 3961 1708 4016 quae
1732 3945 1821 4000 ni-

222 4039 442 4095 mirum
477 4047 833 4094 contemnere
871 4053 982 4092 non
1038 4035 1230 4102 debes,
1278 4035 1373 4094 sed
1417 4036 1558 4093 inter
1588 4046 1679 4092 tua
1708 4038 1822 4094 sal-

220 4143 345 4188 tem
372 4131 682 4188 secundum
714 4147 911 4188 sensus
940 4131 1194 4186 virtutem
1227 4132 1346 4187 sine
1390 4129 1610 4187 fastidio
1643 4133 1817 4188 collu-

218 4241 386 4293 care,
422 4225 608 4297 primo
631 4225 764 4295 quia
790 4233 884 4281 tuo
911 4233 1043 4281 sunt
1080 4224 1261 4280 elicita
1287 4225 1565 4295 frequenti
1587 4240 1817 4295 prorsus

221 4321 479 4381 hortatu,
511 4318 711 4373 deinde
739 4317 866 4389 quia
899 4318 1043 4374 inter
1074 4318 1304 4374 crebras
1347 4328 1400 4373 et
1437 4326 1689 4374 assuetas
1719 4318 1816 4374 de-

228 4413 395 4466 licias
416 4426 820 4481 nonnunquam
871 4411 1059 4465 vilium
1094 4425 1345 4467 escarum
1378 4411 1536 4481 quasi
1577 4412 1818 4467 delecter

226 4503 425 4557 bilium
476 4501 832 4571 requiruntur
864 4501 1068 4568 edulia,
1109 4502 1267 4556 tertio
1303 4502 1451 4571 quia,
1484 4500 1658 4557 donec
1691 4517 1816 4572 pro-

1928 3306 2281 3368 essequatur.
2309 3296 2482 3352 Porro
2511 3297 2592 3353 sic
2624 3313 2724 3370 ego
2741 3313 2805 3353 es
2837 3297 2926 3354 his
2953 3296 3168 3355 duobus
3200 3297 3507 3354 illustribus

1928 3391 2062 3446 viris
2102 3393 2349 3462 quaedam
2410 3390 2674 3447 deﬂorare
2704 3390 2988 3462 proposui,
3044 3396 3103 3444 ut
3136 3405 3274 3461 pene
3297 3391 3504 3457 omnia,

1926 3498 2046 3553 quae
2074 3498 2239 3555 supra
2267 3484 2566 3540 nominatis
2600 3481 3058 3554 historiographis
3074 3495 3502 3539 commemorata

1926 3585 2076 3642 sunt,
2108 3590 2136 3628 a
2170 3591 2253 3631 me
2283 3575 2765 3635 commemoranda
2796 3590 2904 3630 non
2931 3574 3202 3631 duxerim.
3228 3572 3306 3628 Ex
3323 3575 3506 3631 civili-

1922 3665 2029 3721 bus
2082 3675 2264 3722 autem
2303 3666 2474 3738 gestis
2539 3664 2791 3738 quaedam
2858 3665 3174 3720 summatim
3225 3671 3501 3736 excerpsi,

1924 3758 2178 3828 Quamvis
2208 3774 2239 3814 a
2272 3755 2583 3814 Iustiniano
2626 3756 2875 3828 principe
2915 3771 2978 3812 ac
3028 3756 3292 3828 deinceps
3328 3772 3500 3826 panis

1921 3851 2204 3908 omiserim
2235 3868 2427 3909 eorum
2451 3852 2679 3923 quaab
2710 3851 2796 3908 his
2844 3851 3282 3923 chronographis
3332 3851 3497 3906 relata

1923 3952 2071 4002 sunt.
2105 3944 2226 4001 Non
2261 3945 2429 4010 enim,
2455 3954 2515 4000 ut
2547 3946 2803 4016 praelatus
2836 3944 3187 4001 beatissimus
3205 3943 3502 4016 The0pha-

1921 4054 2022 4094 nes
2044 4052 2104 4094 se
2138 4037 2351 4110 opinari
2383 4045 2638 4105 testatur,
2672 4037 2900 4092 modica
2965 4036 3202 4092 fructum
3245 4037 3500 4093 utilitatis

1919 4134 2099 4205 carpit
2126 4135 2219 4205 qui
2247 4133 2556 4205 priscorum
2609 4132 2803 4203 relegit
2839 4139 3017 4187 actus.
3040 4131 3151 4187 Oro
3174 4141 3357 4188 autem
3382 4148 3503 4188 Olli-

1920 4228 2073 4285 nium
2115 4227 2439 4284 charitatem
2491 4227 2633 4283 hanc
2665 4226 2960 4284 editionem
2997 4230 3260 4292 :nostram
3311 4226 3499 4297 legen-

1917 4321 2078 4387 tium,
2118 4328 2176 4374 ut
2229 4320 2273 4376 si
2305 4320 2359 4375 in
2413 4333 2476 4376 ea
2514 4321 2822 4390 proﬁcuum
2861 4318 3162 4390 quidquam
3201 4317 3496 4382 invenerit,

1919 4413 2175 4468 decentes
2215 4413 2514 4482 gratiarum
2548 4411 2798 4468 actiones
2824 4411 2956 4478 Deo,
2976 4427 3042 4467 ex
3075 4425 3183 4482 quo
3210 4418 3296 4467 est
3335 4425 3498 4466 omne

1920 4505 2147 4571 bonum,
2181 4504 2376 4561 devote
2431 4503 2726 4576 persolvat,
2778 4512 2832 4559 et
2871 4517 2970 4573 pro
3010 4501 3170 4556 nobis
3205 4499 3496 4557 ineruditis

225 4596 426 4667 posita:
453 4567 592 4665 opus
617 4595 858 4652 historiae
901 4610 1001 4665 per
1031 4567 1084 4650 te
1113 4593 1180 4649 ad
1208 4567 1600 4666 perfectionem
1650 4567 1813 4651 fuerit
1843 4567 1892 4627 θ
1916 4607 1970 4653 et
1995 4567 2374 4668 peccatoribus
2406 4567 2625 4668 propter
2653 4567 2940 4650 Dominum
2996 4608 3156 4650 orare
3185 4609 3254 4650 ne
3288 4593 3493 4664 pigeat.

220 4687 342 4745 Deo
384 4689 598 4744 lavente
629 4689 976 4758 perductum,
1008 4690 1206 4761 poterit
1239 4691 1375 4746 forte
1411 4699 1660 4746 nostrum
1687 4705 1812 4747 esse

213 4781 678 4838 desiderantibm
706 4781 1176 4852 aliquantisperin
1209 4798 1388 4848 usum,
1424 4792 1478 4838 et
1505 4785 1595 4854 qui
1627 4784 1809 4855 opima

223 4885 409 4938 vestra
467 4877 731 4946 consequi
774 4891 886 4935 non
943 4877 1234 4942 valuerint,
1275 4887 1440 4932 erunt
1465 4879 1685 4933 interim
1726 4879 1810 4935 his

219 4971 463 5026 exilibus
493 4969 699 5025 nas-tris
734 4977 1011 5040 utcunque
1038 4970 1302 5026 contenti.
1329 4967 1467 5028 Huic
1497 4985 1630 5027 sane
1655 4973 1807 5042 operi

293 5155 315 5187 ι
355 5150 550 5224 Ephes.
589 5168 649 5222 ιι,
683 5153 772 5212 l7.

1915 4689 2092 4747 Porro
2118 4692 2166 4746 si
2194 4689 2325 4761 quid
2359 4689 2648 4746 inhoneste
2679 4689 2917 4760 positum
2943 4687 3233 4759 repererit,
3264 4684 3496 4741 indisci-

1914 4784 2200 4856 plinationi
2255 4791 2460 4841 nostrae
2527 4782 2632 4838 hoc
2692 4782 2973 4853 iinputans
3031 4781 3247 4836 veniam
3302 4777 3491 4835 donet.

1914 4877 2140 4932 Gratum
2170 4876 2315 4930 enim
2338 4882 2423 4932 est
2448 4872 2557 4931 Deo
2581 4882 2635 4931 et
2655 4880 2936 4944 acceptum
2958 4873 3100 4944 quod
3123 4873 3169 4927 ei
3188 4870 3490 4928 secundum
3579 4943 3586 4948 I

1915 4972 2059 5027 vires
2087 4969 2338 5027 offertur.
