4034 6298
549 371 681 439 1191

1663 369 2064 431 ANASTASII
2106 366 2728 429 BIBLIOTHECAIUI

3664 358 3815 427 1192

566 515 3710 557 εἲς-Μ

998 670 1866 770 CHBONOLOGIA
1970 672 2399 761 BREVIS
2472 673 2577 759 B.
2660 670 3331 763 NICEPHORI

1486 867 2301 926 CONSTANTINOPOLITAM
2350 868 2680 929 EPISCOPI.

551 1024 743 1076 Exstat
771 1018 1034 1088 interejns
1063 1032 1219 1087 opera
1249 1024 1447 1072 nostra:
1472 1013 1741 1077 editionis,
1762 1012 1981 1082 hujusce
2022 1010 2353 1085 Patrologia:
2405 1010 2604 1067 (ἔταττε
2631 1013 2771 1076 Item.
2823 1009 2885 1076 C,
2910 1010 3015 1073 col,
3047 1009 3172 1068 1001
3199 1029 3216 1077 ;
3273 1010 3598 1083 Patrologia:
3649 1013 3813 1071 etiam

1394 1112 1605 1171 Latina:
1646 1120 1775 1168 tom.
1807 1107 2064 1175 CXXIX,
2096 1110 2234 1167 inter
2270 1109 2440 1179 ipsius
2470 1110 2745 1167 Anastasii
2778 1124 2958 1178 opem.

1100 1420 1427 1484 ABHINC
1458 1420 1946 1482 EXCERPTIO
1974 1419 2094 1480 EX
2123 1419 2848 1484 CHRONOGRAPHIA
2879 1419 3262 1484 GEORGII.

622 1568 914 1640 Pompeius
948 1567 1089 1621 bello
1117 1564 1491 1637 Hierosolyma
1524 1576 1798 1636 percepta,
1834 1566 2127 1626 Aristobu-
2155 1568 2207 1627 Α
2301 1562 2590 1621 Secundus
2621 1564 2991 1624 Romanorum
3043 1564 3377 1620 monarchus
3411 1563 3598 1620 Cassar
3642 1564 3822 1621 Octa—

550 1664 661 1717 lum
690 1662 909 1733 quidem
940 1660 1181 1714 vinctmn
1212 1675 1334 1713 cum
1377 1660 1524 1721 ﬁliis,
1546 1660 1861 1715 Alexandro
1889 1670 1942 1714 et
1974 1659 2127 1721 Anti-

551 1770 716 1827 gono,
741 1753 981 1819 tenebat,
1007 1751 1232 1811 [lernam
1258 1768 1555 1822 properans
1586 1753 2047 1821 triumphaturus,
2073 1760 2129 1806 et

551 1847 781 1903 aliarum
812 1858 1031 1915 quoque
1056 1842 1296 1912 gentium
1329 1857 1484 1911 reges
1535 1850 1589 1895 et
1636 1842 1827 1895 duces.
1865 1843 2125 1911 Hyrcano

552 1948 734 1995 autem
767 1938 933 2009 hujus
990 1936 1143 1993 fratri
1199 1951 1416 1990 summo
1466 1937 1761 1988 counnisso
1824 1934 2126 2003 pontiﬁcio,

554 2032 870 2086 trilmtarios
900 2030 1094 2083 statuit
1151 2026 1416 2087 Romanis
1466 2025 1704 2081 JttdtBOS.
1739 2026 1840 2093 Qui
1898 2024 2128 2080 Romam

552 2126 728 2182 victor
770 2124 1053 2194 ingressus
1101 2121 1339 2175 amicitia
1374 2120 1626 2190 jungitur
1646 2118 1873 2177 C..lulio
1903 2118 2127 2183 Caesari,

553 2216 646 2289 qui
673 2222 894 2271 creatus
927 2222 1121 2269 contra
1143 2212 1327 2272 Gallos
1347 2223 1401 2267 et
1424 2212 1715 2268 Britannos
1753 2221 1956 2289 praetor
1993 2212 2131 2266 diri-

554 2314 722 2382 gitur,
744 2308 1064 2380 magnisque
1087 2306 1290 2378 przeliis
1318 2319 1415 2375 per
1443 2320 1615 2361 annos
1638 2305 1825 2359 decem
1855 2303 2044 2360 Gallos
2078 2313 2132 2359 et

560 2405 855 2459 Britannos
886 2399 1147 2455 Romanis
1171 2399 1497 2455 tributarios
1520 2398 1681 2465 fecit;
1732 2396 1824 2468 qui
1861 2398 2133 2469 quingen-

555 2505 640 2552 tas
692 2496 942 2555 civitates
1004 2492 1397 2564 possidebant,
1450 2500 1511 2546 ut
1557 2491 1885 2547 Plutarchus
1917 2491 2131 2557 scribit,

553 2587 938 2647 Cliasronensis
977 2586 1363 2659 philosotihus.
1395 2583 1803 2640 TuncCrassus
1830 2584 2134 2641 succedens

552 2681 788 2751 Gabinio
814 2679 1100 2751 Syriacum
1151 2678 1387 2733 obtinuit
1445 2676 1836 2747 principatum,
1860 2684 1915 2731 et
1942 2687 2134 2734 contra

558 2770 813 2838 Parthos,
844 2770 898 2824 id
930 2766 1250 2830 estPersas,
1271 2767 1574 2822 exercitum
1612 2769 1803 2820 movit.
1835 2764 2005 2821 Porro
2025 2768 2134 2819 An-

558 2867 757 2937 tipater
814 2861 1183 2929 amicos,sibi
1220 2861 1421 2931 ubique
1473 2859 1844 2921 Romanorum
1887 2868 2133 2931 potentes

2234 1656 2453 1719 vianus,
2481 1658 2573 1725 qui
2603 1666 2653 1711 et
2684 1656 2967 1727 Augustus
2998 1658 3303 1726 appellatus
3326 1667 3427 1713 est.
3457 1656 3503 1711 Α
3533 1660 3825 1713 creatione

2236 1750 2423 1805 mundi
2481 1766 2656 1821 USqIIe
2720 1751 2787 1804 ad
2838 1750 3052 1804 initium
3094 1751 3241 1806 tertii
3302 1751 3532 1823 Augusti
3580 1751 3825 1810 Caesaris

2236 1839 2389 1903 anni,
2450 1840 2502 1892 in
2565 1855 2671 1909 quo
2727 1847 2783 1894 et
2843 1838 3072 1895 indictio
3120 1842 3463 1911 promulgata
3516 1843 3827 1907 est,siruti

2237 1930 2429 1987 beatus
2448 1930 2718 1989 Maximus
2742 1932 2795 1986 in
2823 1948 3078 1987 sermone
3102 1948 3204 1987 suo
3230 1932 3297 1985 de.
3328 1933 3537 1989 Pascha
3561 1944 3825 2005 testatur,

2235 2022 2366 2075 anni
2420 2032 2549 2077 sunt
2579 2022 2739 2077 5460.
2775 2022 2970 2079 Cicero
3009 2024 3197 2079 rhetor
3239 2035 3291 2079 et
3339 2034 3565 2080 senator
3609 2026 3830 2083 Gaietis

2236 2113 2409 2171 Italiae
2448 2116 2813 2186 interemptus
2878 2127 3001 2184 est;
3043 2124 3102 2171 ut
3157 2127 3337 2172 autem
3372 2117 3466 2174 alii
3497 2120 3672 2187 aiunt,
3727 2137 3833 2176 ve-

2238 2225 2380 2265 neno
2402 2225 2525 2265 sese
2554 2210 2790 2265 necavit.

2312 2304 2658 2375 l‘riucipatus
2694 2318 2888 2359 eorum
2937 2313 3147 2375 septem
3173 2305 3266 2380 qui
3308 2305 3449 2377 apud
3491 2304 3830 2380 Pergamum

2241 2396 2657 2469 imperaverunt
2684 2396 2942 2460 cessavit,
2964 2411 3088 2453 cum
3127 2397 3485 2467 perdurasset
3510 2396 3615 2461 154
3635 2399 3829 2456 annis.

2314 2492 2469 2548 Sicut
2514 2491 2569 2546 in
2624 2489 2957 2562 quibusdam
3000 2489 3209 2549 Latinis
3254 2491 3593 2550 editiouibus
3623 2491 3831 2558 fertur,

2241 2586 2311 2640 ab
2346 2585 2660 2640 Alexandro
2713 2600 2891 2654 usque
2929 2584 2997 2639 ad
3041 2584 3276 2655 Augusti
3327 2592 3567 2657 tempora
3598 2584 3834 2647 fuerunt

2241 2678 2370 2732 anni
2413 2676 2535 2747 plus
2575 2677 2757 2731 minus
2791 2675 2916 2730 500.

2310 2768 2623 2826 Iudaeorum
2683 2770 2893 2841 primus
2938 2784 3033 2826 rex
3072 2769 3376 2840 alienigena
3422 2769 3667 2827 Herodes
3727 2770 3834 2832 fuit

2241 2866 2401 2920 annis
2438 2865 2530 2931 37,
2561 2864 2656 2935 qui
2687 2864 2981 2921 Auanilum
3032 2865 3346 2935 quemdam,
3381 2863 3696 2921 .ludaeorom
3735 2866 3836 2937 qui

560 2956 882 3013 muneribus
912 2964 967 3010 et
992 2954 1116 3013 aliis
1167 2954 1448 3023 obsequiis
1500 2953 1754 3015 faciebat,
1806 2953 1946 3008 Inter
1994 2968 2135 3023 quos
2170 2953 2211 3010 Β
2241 2958 2293 3014 in
2334 2957 2610 3030 Babylone
2637 2968 2791 3013 erant
2816 2973 3090 3021 summum
3115 2959 3445 3028 pontilicem,
3476 2960 3823 3028 accersicus,

559 3058 616 3108 et
643 3048 847 3104 Harcth
881 3047 1142 3111 Arabum,
1166 3046 1218 3100 id
1250 3058 1332 3107 est
1361 3043 1785 3111 Saracenorum,
1814 3045 1925 3117 regi
1956 3045 2132 3100 valida

560 3144 804 3201 sociatus
835 3150 919 3196 cst
982 3138 1244 3202 amicitia,
1281 3148 1499 3210 propter
1546 3138 1952 3195 matrimonium
2002 3138 2136 3191 insi-

561 3238 686 3312 gnis
716 3235 899 3292 uxoris
938 3234 1183 3291 Arabica:
1208 3233 1484 3306 Cypridis,
1522 3250 1589 3290 ex
1634 3249 1739 3303 qua
1776 3234 1916 3287 ﬁlios
1946 3232 2137 3288 habuit

562 3338 821 3402 quatuor,
848 3326 1164 3384 Phasailum
1218 3326 1472 3402 videlicet
1496 3333 1550 3380 et
1593 3327 1888 3387 Herodem,
1918 3328 2010 3397 qui
2041 3341 2138 3384 rex

562 3400 685 3497 post
710 3420 1022 3497 Hyrcanum
1059 3400 1278 3478 exstitit
1304 3418 1658 3475 llebrzeorum
1698 3421 1909 3490 primus
1945 3419 2138 3475 alieni-

562 3534 721 3590 gena,
751 3525 806 3573 et
842 3516 1066 3573 tertium
1105 3513 1500 3584 Josephum,ct
1540 3512 1816 3567 Pheroran
1857 3522 2138 3582 quartum,

557 3612 673 3684 jam
712 3619 825 3666 tum
889 3608 1165 3665 Arabibus
1218 3605 1557 3671 inda-orum,
1621 3606 1767 3661 sicut
1808 3620 1955 3659 nunc
1980 3604 2142 3660 Chri-

562 3708 892 3769 stianorum,
922 3701 1163 3770 legitima
1205 3697 1693 3757 confundentibus.

631 3795 924 3868 Pompeius
952 3794 1119 3866 igitur
1158 3790 1414 3865 Hyrcano
1465 3806 1741 3846 summum
1796 3790 2140 3861 pontiﬁcium

562 3890 867 3954 roboravit,
884 3896 937 3944 et
952 3888 1068 3957 ipse
1082 3883 1344 3940 Romanis
1361 3881 1579 3938 Judaeos
1592 3883 1913 3938 tributarios
1927 3883 2140 3939 statuit.

546 3966 713 4038 iidem
743 3982 858 4050 ipse
871 3979 1216 4048 Antipatrum
1233 3976 1619 4045 alienigenam,
1635 3973 1865 4031 Herodis
1880 3976 2070 4039 lilium,
2090 3983 2144 4029 et

564 4075 791 4133 alterius
807 4072 1039 4129 Herodis
1061 4079 1268 4141 patrem
1289 4068 1592 4127 Palaestinae
1605 4068 1877 4123 ordinavit
1893 4083 2147 4139 procura-

568 4181 761 4227 torem.
779 4165 848 4220 At
868 4180 993 4220 vero
1014 4163 1074 4226 C.
1090 4162 1266 4217 Julius
1291 4162 1469 4217 Caesar
1500 4160 1727 4214 Romam
1756 4160 1973 4215 rediens
1996 4161 2144 4215 onini

565 4260 708 4332 parti
729 4258 970 4328 Pompeii
999 4255 1259 4327 pepercit,
1283 4254 1349 4308 de
1366 4270 1474 4325 qua
1493 4263 1605 4308 erat
1626 4252 1842 4319 Cicero,
1862 4252 2061 4309 Brutus
2094 4264 2148 4308 et

2246 3050 2302 3105 in
2337 3048 2635 3105 Jerusalem
2696 3064 2974 3104 summum
3030 3048 3347 3120 pontiﬁcem
3403 3051 3719 3109 constituit.
3762 3049 3834 3106 Et

2246 3144 2350 3199 hoc
2404 3144 2581 3199 electo
2634 3155 2761 3214 post
2795 3143 3071 3201 modicum
3126 3143 3413 3199 constituit
3443 3143 3830 3201 Aristobulum

2244 3252 2521 3293 summum
2574 3237 2913 3307 pontiﬁcem,
2948 3238 3171 3292 fratrem
3220 3237 3408 3293 ux0ris
3465 3253 3599 3302 sua},
3646 3239 3830 3299 ﬁlium

2244 3328 2506 3401 Hyrcani.
2545 3328 2611 3383 Et
2634 3332 2737 3385 hoc
2781 3330 3109 3400 interempto
3139 3344 3338 3385 rursus
3368 3331 3663 3387 Anauilum
3700 3344 3837 3406 post

2245 3434 2450 3475 annum
2480 3420 2750 3490 provexit.

2318 3511 2479 3571 Anno
2522 3512 2715 3568 mundi
2776 3511 2919 3570 5500
2967 3511 3225 3571 devoluto
3258 3522 3313 3570 et
3346 3514 3481 3573 5501
3530 3515 3838 3589 incipiente

2250 3603 2396 3665 facta
2448 3612 2536 3662 est
2575 3605 2890 3666 incarnatio
2922 3604 3140 3667 Domini
3190 3615 3245 3666 et
3301 3606 3605 3669 Salvatoris
3650 3612 3835 3677 nostri

2246 3696 2375 3757 Jesu
2420 3696 2653 3765 Christi,
2702 3713 2897 3755 mense
2937 3698 3241 3757 secundum
3287 3697 3565 3763 Romanos
3604 3701 3835 3773 Martio,

2249 3791 2338 3847 die
2381 3791 2475 3858 25,
2536 3792 2837 3848 secundum
2894 3791 3136 3847 divinam
3184 3791 3509 3858 editionem,
3560 3810 3686 3866 qua
3737 3813 3839 3867 per

2252 3885 2474 3956 Moysen
2523 3884 2733 3965 prolata
2766 3894 2872 3954 est,
2901 3885 3073 3957 prima
3120 3884 3209 3940 die
3261 3888 3463 3946 mensis
3494 3887 3690 3958 Nisae,
3732 3894 3831 3963 qui

2251 3979 2396 4051 apud
2435 3979 2693 4039 llebraros
2724 3978 2937 4050 primus
2963 3988 3180 4036 creatus
3207 3986 3314 4045 est,
3344 3995 3452 4049 qua
3482 3978 3705 4043 Gabriel
3742 4001 3835 4038 ar-

2252 4073 2550 4143 changeius
2584 4073 2656 4134 ei,
2690 4088 2811 4142 qua:
2863 4087 2990 4126 vere
3038 4080 3123 4127 est
3159 4087 3220 4125 ac
3268 4074 3491 4141 proprie
3539 4075 3629 4129 Dei
3662 4075 3839 4135 Geni.-

2256 4166 2395 4229 trix,
2457 4168 2630 4220 totius
2666 4165 2855 4220 tnundi
2910 4166 3093 4235 gaudii
3140 4165 3338 4225 obtulit
3392 4170 3695 4238 evangelia.
3743 4170 3838 4241 Sic

2257 4260 2405 4313 cnim
2466 4268 2522 4313 et
2570 4259 2804 4313 \‘iviﬁeae
2855 4260 3279 4315 resurrectionis
3320 4261 3440 4331 ejus
3488 4262 3605 4318 dies
3638 4265 3834 4325 eadem

564 4351 813 4413 Cassius,
840 4349 1242 4418 consulumque
1261 4347 1626 4418 principatum
1668 4347 1963 4401 destruxit.
1983 4344 2150 4402 Tum.
2177 4341 2221 4403 C
2257 4351 2428 4422 prima
2465 4354 2672 4407 mensis
2703 4354 2792 4407 die
2835 4352 3117 4406 concurrit
3160 4354 3463 4413 secundum
3499 4358 3836 4425 apostolicos

567 4460 674 4515 que
703 4440 978 4497 Antonius
1009 4439 1315 4508 Cleopatrae
1345 4437 1603 4495 Arabiam
1628 4437 1869 4493 tradidit.

643 4532 1011 4587 Romanorum
1036 4528 1097 4584 C.
1132 4527 1311 4589 Julius
1356 4527 1542 4585 Caesar
1567 4529 1779 4597 primus
1816 4529 2149 4585 monarchus

568 4622 825 4678 habetur.
856 4620 1038 4675 Mundi
1068 4635 1213 4674 anno
1246 4619 1383 4677 5451
1410 4618 1470 4673 C.
1504 4618 1682 4675 Julius
1716 4619 1899 4675 Caesar
1926 4622 2149 4679 veniens

570 4716 629 4771 in
648 4712 889 4775 Judaeam
932 4722 1055 4781 post
1080 4710 1324 4781 Pompeii
1367 4719 1600 4767 mortem
1658 4712 1727 4767 ab
1768 4711 2025 4784 Egypto,
2056 4730 2149 4769 ro-

569 4808 731 4868 borat
766 4820 1039 4863 summum
1068 4804 1408 4878 pontiﬁcium
1460 4802 1732 4874 Hyrcano,
1766 4814 1818 4859 et
1864 4806 2151 4874 Antipatro

573 4909 888 4970 potentatus
920 4898 1248 4953 divisionem
1281 4898 1373 4951 dat
1402 4913 1415 4962 ;
1449 4898 1542 4966 qui
1596 4898 1722 4951 dolo
1754 4896 1905 4961 Bruti
1939 4909 1991 4953 et
2016 4898 2152 4963 Cas-

572 4990 639 5045 aii
672 4989 965 5053 occiditur,
998 5002 1102 5042 non
1136 4986 1425 5043 ferentium
1457 4986 1696 5056 Pompeii
1721 4990 2151 5059 peremptionem

575 5094 751 5149 neque
771 5078 1060 5135 consulum
1090 5077 1515 5147 depositionem.
1547 5076 1720 5145 llujus
1741 5083 1914 5135 haeres
1934 5084 2155 5153 adopta-

575 5182 666 5224 tus
694 5178 814 5224 erat
834 5166 1167 5223 Octavianus
1190 5167 1397 5235 Czesar,
1436 5166 1579 5225 ﬁlius
1603 5170 1762 5223 Attia:
1804 5172 2010 5227 sororis
2033 5173 2154 5242 ejus

572 5270 632 5317 et
653 5260 885 5316 Octavii.
929 5258 1061 5314 Dein
1094 5272 1279 5331 parata
1321 5261 1552 5315 victoria
1591 5262 1874 5319 venientes
1922 5263 2154 5323 Romam

574 5355 858 5425 Augustus
891 5361 946 5407 et
968 5354 1239 5407 Antonius
1264 5352 1519 5412 dividunt
1539 5368 1664 5409 cum
1689 5354 1941 5427 Helpidio
1972 5346 2155 5427 tripli-

573 5447 712 5503 citer
761 5454 936 5501 totum
993 5444 1365 5500 Romanorum
1407 5447 1803 5517 principatum,
1854 5460 1929 5516 et,
1972 5459 2027 5505 ut
2080 5459 2155 5508 ita

571 5536 831 5605 dixerim,
854 5538 1025 5593 totius
1052 5538 1203 5592 orbis
1233 5545 1539 5607 terrarum;
1563 5542 1913 5612 etAugustus
1936 5545 2154 5613 quidem

575 5628 852 5700 Europam
909 5630 1141 5685 sortitur
1194 5644 1369 5699 usque
1402 5630 1471 5684 ad
1511 5630 1801 5689 occiduum
1848 5632 2148 5702 Oceanum,

579 5721 864 5793 Helpidius
904 5731 1086 5777 autem
1132 5737 1253 5791 qua:
1301 5722 1449 5777 circa
1488 5722 1711 5796 Libyam
1760 5735 1889 5781 sunt
1943 5729 2152 5798 omnia,

580 5830 746 5896 porro
770 5816 1041 5877 Antonius
1063 5824 1230 5875 totam
1270 5816 1476 5879 Asiam.

2252 4443 2599 4498 traditiones.

2324 4539 2608 4607 Augustus
2642 4536 2887 4608 pontifex
2933 4539 3207 4596 maximus
3243 4540 3497 4600 decretus
3518 4554 3619 4599 est.
3657 4543 3838 4609 Hero-

2254 4630 2351 4687 des
2380 4632 2619 4700 priscam
2654 4631 2982 4697 Samariam,
3011 4650 3135 4689 cum
3168 4642 3319 4691 esset
3346 4636 3586 4705 deserta,
3626 4654 3657 4702 a
3705 4639 3837 4694 fune

2254 4721 2530 4779 damentis
2591 4725 2801 4789 erexit,
2857 4723 3122 4781 Sebasten
3177 4727 3230 4782 in
3295 4732 3555 4785 honorem
3598 4728 3836 4790 Caesaris

2256 4818 2570 4871 nominans.
2627 4815 2871 4873 Herodes
2925 4820 3191 4889 templum
3242 4823 3388 4891 quod
3438 4822 3837 4897 Hierosolymis

2254 4917 2372 4962 erat
2402 4907 2597 4981 duplex
2630 4910 2999 4972 rezediﬁcavit.
3022 4910 3265 4975 Herodes
3290 4913 3528 4984 priscam
3558 4916 3837 4973 Stratonis

2256 4997 2457 5052 turrim
2492 4998 2799 5054 Czesaream
2842 5002 2896 5055 in
2947 5002 3217 5057 honorem
3239 5002 3476 5061 Cesaris
3531 5007 3836 5076 superadi-

2257 5088 2430 5147 ﬁcans
2452 5092 2776 5151 nominarit.
2805 5091 2952 5150 idem
2994 5095 3113 5165 ipse
3135 5093 3453 5157 Iudaeorum
3487 5096 3838 5170 legisperitos

2259 5181 2465 5236 occidit
2490 5192 2540 5237 et
2577 5184 2814 5254 scriptas
2851 5186 3202 5258 genealogias
3237 5188 3500 5244 incendit.

2332 5272 2516 5329 Mundi
2579 5291 2723 5332 anno
2779 5277 2954 5343 5500,
3012 5279 3213 5335 divina:
3264 5296 3395 5336 vero
3439 5281 3838 5339 incarnationis

2261 5380 2406 5419 anno
2438 5367 2489 5430 t,
2526 5376 2717 5438 pastor
2740 5369 2920 5426 bonus
2950 5378 3199 5444 pastores
3244 5374 3453 5445 primos
3476 5375 3543 5430 ad
3589 5375 3839 5433 ineﬂ‘abi-

2261 5469 2395 5509 num
2430 5458 2701 5515 vnsionem
2734 5468 2789 5516 et
2818 5463 3150 5518 auditionem
3182 5480 3279 5533 per
3312 5467 3534 5537 angelos
3560 5468 3833 5525 invitavit.

2331 5545 2518 5602 Mundi
2574 5564 2754 5606 almus
2803 5561 2923 5607 erat
2976 5552 3154 5619 5501,
3204 5553 3402 5612 Sextus
3466 5557 3837 5630 Pythagoreus

2262 5638 2620 5709 philosophus
2654 5639 2906 5697 ﬂorebat.
2938 5641 3109 5699 Judas
3136 5643 3396 5703 Galila-us
3427 5647 3696 5705 adversus
3724 5652 3836 5705 Ro-

2267 5747 2464 5788 manos
2499 5734 2811 5791 simultates
2835 5752 2995 5807 agere
3019 5739 3340 5794 hortabatur
3364 5741 3586 5798 Judazos
3617 5755 3839 5817 propter

2264 5824 2710 5899 descriptionem.
2755 5830 2996 5890 Herodes
3029 5842 3280 5890 mortuus
3308 5843 3413 5902 est,
3452 5850 3575 5892 cum
3611 5838 3834 5894 vixisset
