4038 6298
292 341 428 407 1193

1132 344 1499 408 HISTORIA
1535 342 2111 407 ECCLESIASTICA
2141 349 2246 410 EX
2280 352 2677 415 SYNCEILO.

3398 354 3532 419 1194

289 459 445 512 annis
476 457 581 525 70;
621 458 715 529 qui
767 459 972 515 ludatis
1020 460 1212 533 inique
1260 460 1549 528 imperavit
1575 461 1738 513 anuis
1765 458 1855 511 37.
1894 463 1931 517 Α
1965 461 2335 521 ducentesima
2371 471 2615 525 secunda!
2644 470 2976 540 Olympiadis
3007 471 3153 539 facta
3194 480 3272 525 est
3313 470 3536 545 defectio

290 546 405 604 Sub
429 564 538 619 quo
557 558 612 604 et
636 550 918 621 prophetia
946 549 1117 607 Jacob
1149 553 1442 620 adimpleta
1479 559 1586 609 est.
1618 549 1865 619 Hic-pri-

288 642 408 698 mus
437 642 740 713 alienigena
766 642 983 714 pratfuit
1015 643 1243 709 Judaeis,
1274 659 1400 697 cum
1424 653 1572 699 esset
1593 641 1863 697 ldumaaus

288 735 485 790 Arabs.
524 735 667 790 Idem
702 736 819 805 ipse
846 736 1059 805 primus
1094 736 1456 808 alienigenam
1482 736 1686 791 ludatis
1723 750 1861 806 pon-

290 829 403 883 tifie
422 846 487 882 -m
523 831 812 884 constituit
835 831 1151 884 Ananilum.

356 921 670 977 Judzeorum
715 924 990 977 secundus
1037 924 1342 994 alienigena
1390 921 1693 975 Archelaus
1718 919 1864 973 filius

292 1017 546 1081 Herodis,
569 1016 731 1085 cujus
761 1030 905 1070 anno
927 1015 986 1081 9,
1022 1016 1210 1070 mundi
1240 1030 1370 1069 vero
1392 1012 1553 1080 5506,
1585 1013 1864 1082 Augustus

289 1108 614 1164 Archelaum
638 1107 882 1177 quidem,
913 1107 1081 1161 lilium
1117 1105 1369 1171 Herodis,
1396 1105 1706 1161 Judasorum
1734 1120 1866 1176 gen-

292 1202 362 1257 tis
393 1200 695 1272 principem
722 1200 938 1265 statuit,
970 1201 1110 1256 alios
1136 1212 1317 1255 autem
1344 1199 1542 1253 fratres
1576 1198 1695 1268 ejus
1726 1212 1864 1267 qua-

289 1303 437 1359 tuor,
469 1292 738 1349 Herodem
786 1293 1001 1349 scilicet
1040 1294 1433 1364 homonymum
1468 1292 1629 1361 patri,
1663 1303 1717 1346 et
1747 1292 1861 1346 An-

292 1388 550 1457 tipatrum
601 1401 703 1441 avo
738 1386 1080 1456 tequivocum
1122 1385 1531 1457 Lysaniamque
1572 1394 1628 1440 et
1657 1383 1865 1454 Philip-

294 1496 418 1553 pum
449 1480 753 1536 tetrarchas
792 1482 1068 1536 exhibuit.

362 1574 547 1632 Mundi
572 1590 720 1628 anno
747 1574 908 1639 5515,
941 1575 1140 1629 divinae
1166 1574 1567 1629 incarnationis
1597 1587 1742 1628 anno
1773 1573 1861 1636 15,

291 1668 394 1724 sub
422 1668 643 1723 Caesare
685 1671 934 1739 Augusto
958 1670 1240 1738 sapientes
1273 1669 1515 1739 insignes
1543 1675 1701 1723 erant
1740 1665 1864 1720 Vir-

290 1763 478 1834 gilius,
528 1761 829 1826 Salustius,
880 1761 1093 1827 Livius,
1148 1762 1500 1825 Hortensius,
1551 1761 1861 1825 Terentius,

292 1854 578 1919 Horatius,
629 1855 1018 1910 Athenodorus
1061 1854 1305 1911 Tarseus
1335 1863 1389 1910 et
1443 1853 1585 1910 Sitio
1628 1854 1867 1909 Alexan-

292 1952 510 2007 drinus.
541 1951 688 2006 Idem
714 1947 843 2004 vei‘o
866 1953 1148 2019 Angustus
1183 1952 1585 2005 habitatoribus
1612 1950 1871 2004 Romana:

294 2046 451 2101 urbis
484 2061 582 2116 per
613 2045 783 2101 facies
805 2046 1168 2116 dinumeratis
1200 2045 1409 2099 invenit
1434 2044 1676 2098 virorum
1714 2044 1870 2098 habi-

294 2139 529 2194 tantium
568 2152 688 2193 eam
722 2138 955 2191 151057.

364 2230 551 2285 Mundi
582 2245 729 2285 anno
760 2230 899 2285 5520
925 2228 1330 2283 incarnationis
1369 2229 1567 2283 divinae
1602 2244 1778 2283 annus
1800 2228 1871 2282 20

294 2324 594 2393 agebatur,
634 2338 797 2393 quam
848 2322 1135 2377 Mattheus
1191 2319 1477 2389 Lueasque
1529 2321 1867 2384 describunt,

296 2416 583 2471 Matthmus
605 2416 826 2485 quidem
854 2416 1056 2484 regium
1089 2428 1151 2467 ex
1176 2412 1343 2466 David
1375 2427 1469 2482 per
1499 2407 1867 2479 Salomonem,

297 2509 474 2565 Lucas
500 2523 631 2564 vero
659 2522 725 2563 ex
756 2506 947 2562 eodem
982 2505 1147 2559 David
1181 2519 1276 2574 per
1298 2503 1529 2558 Natham
1548 2503 1669 2574 ejus
1700 2503 1868 2558 tilium

299 2599 565 2655 referens.

371 2692 630 2749 Tiberius
685 2691 884 2747 tertius
940 2687 1277 2745 monarehus
1326 2685 1577 2742 Pontium
1634 2682 1870 2740 Pilatum

300 2789 585 2861 praesidem
609 2785 809 2842 Judiete
834 2786 1055 2840 direxit.
1644 2776 1647 2777 ⁷

368 2878 549 2933 Mundi
579 2893 725 2934 anno
758 2876 921 2941 5532,
952 2876 1152 2932 divinae
1181 2872 1579 2930 incarnationis
1594 2872 1685 2937 32,
1707 2871 1873 2927 Joan-

303 2985 423 3025 nem
465 2969 799 3040 Baptistam,
831 2968 961 3024 dum
992 2968 1063 3022 ab
1093 2967 1350 3022 omnibus
1389 2974 1449 3019 ut
1480 2965 1742 3035 preplieta
1773 2965 1875 3019 ho-

302 3069 613 3129 noraretur,
650 3062 851 3117 timens
880 3059 1124 3116 Herodes
1157 3058 1304 3113 illius
1339 3058 1593 3123 Herodis,
1624 3065 1687 3112 ut
1718 3055 1875 3112 Jose-

1966 557 2095 613 solis
2132 562 2388 624 maxima,
2417 572 2467 616 et
2511 580 2613 617 nos;
2641 564 2774 617 hora
2802 572 2952 617 sexta
2995 562 3103 618 diei
3140 564 3289 634 facta
3327 575 3426 632 est,
3458 566 3537 619 ita

1966 659 2026 704 ut
2088 654 2248 708 etiam
2295 656 2467 711 stella:
2527 658 2582 710 in
2629 657 2757 711 caelo
2812 667 3079 726 parerent.
3132 657 3311 712 Terris
3364 667 3537 711 motus

1964 748 2126 801 etiam
2172 765 2391 819 magnus
2439 750 2491 804 in
2546 748 2800 821 Bithynia
2849 750 3024 819 {actus
3071 741 3306 819 plurima
3340 749 3540 807 Nica’a:

1962 840 2234 895 subvertit.

2037 931 2223 985 Mundi
2252 948 2397 988 anno
2427 933 2590 1000 5554,
2624 934 2825 989 divina:
2852 934 3250 992 incarnationis
3278 950 3423 992 anno
3447 937 3538 1003 54,

1967 1023 2139 1092 prima
2170 1024 2257 1079 die
2297 1025 2461 1096 hujus
2500 1026 2653 1092 anni,
2702 1026 2882 1080 Martii
2926 1028 3132 1083 mensis
3173 1028 3262 1084 die
3305 1027 3398 1097 25,
3434 1029 3542 1087 Do-

1965 1118 2146 1173 minus
2176 1130 2363 1173 uoster
2384 1135 2447 1173 ex
2479 1120 2713 1175 mortuis
2742 1121 2905 1175 tertio
2937 1121 3027 1175 die
3082 1121 3351 1189 surrexit;
3401 1137 3541 1194 qua-

1964 1209 2279 1280 dragesimo
2303 1228 2433 1267 vero
2454 1212 2539 1267 die
2562 1214 2985 1269 resurrectionis
3013 1228 3147 1281 sum,
3169 1213 3221 1268 id
3243 1223 3327 1270 est
3355 1230 3546 1270 mense

1965 1303 2107 1359 Maio
2136 1304 2223 1360 die
2252 1306 2437 1371 tertio,
2463 1315 2776 1376 assumptus
2803 1307 2950 1361 misit
2977 1307 3240 1377 apostolis
3274 1307 3542 1376 Spiritum

1964 1412 2122 1452 suum
2157 1398 2482 1467 paraclitum
2529 1398 2584 1452 in
2634 1410 2826 1454 saneta
2856 1398 3203 1455 Pentecoste.
3238 1398 3534 1460 Caeterum,

1965 1500 2025 1544 ut
2050 1490 2303 1545 Clemens
2335 1491 2549 1556 scribit,
2576 1490 2779 1548 Jacobo
2807 1491 2965 1549 Justo
2990 1504 3040 1547 et
3064 1481 3261 1548 Joanui
3287 1508 3351 1548 ac
3379 1493 3541 1549 Petro

1966 1597 2088 1653 post
2136 1587 2596 1642 resurrectionem
2642 1587 2868 1641 tradidit
2914 1587 3196 1641 scientiam
3253 1586 3539 1642 Dominus.

1964 1686 2020 1730 et
2066 1676 2155 1731 isti
2213 1678 2427 1731 caeteris
2485 1677 2856 1741 tradiderunt,
2904 1681 3087 1733 caeteri
3136 1694 3265 1735 vero
3311 1681 3541 1750 apostoli

1970 1770 2338 1839 septuaginta.
2388 1769 2608 1826 Eisdem
2644 1771 2840 1828 diebus
2877 1772 3132 1841 discipuli
3171 1773 3539 1844 interrogari»

1972 1872 2099 1916 runt
2132 1861 2418 1916 Dominum
2452 1864 2508 1917 in
2542 1858 2726 1918 monte
2752 1862 2971 1929 Oliveti,
3003 1866 3047 1918 si
3083 1865 3136 1919 in
3170 1866 3539 1936 temporehoc

1974 1953 2290 2008 restitueret
2345 1970 2571 2025 regnum
2621 1953 2811 2011 Israel.
2853 1956 3053 2010 Eodem
3107 1971 3254 2010 anno
3304 1954 3543 2011 Jacolius

1972 2044 2142 2101 frater
2194 2047 2405 2102 Domini
2458 2047 2667 2117 primus
2710 2047 3001 2116 episcopus
3046 2046 3540 2118 Hierosolymorum

1972 2142 2281 2196 ordinatur.
2320 2141 2436 2196 Duo
2469 2142 2661 2197 Jacobi
2696 2152 2875 2204 erant,
2928 2140 3098 2195 frater
3134 2140 3369 2209 Domini,
3396 2141 3547 2197 illius

1972 2234 2248 2290 exsistens
2303 2232 2530 2305 Joseph,
2581 2234 2674 2304 qui
2730 2233 3017 2289 dicebatur
3068 2231 3276 2297 Justus,
3317 2234 3385 2289 de
3434 2250 3545 2305 quo

1972 2328 2134 2382 etiam
2185 2327 2386 2382 Paulus
2425 2328 2544 2382 ait:
2595 2326 2772 2380 Alium
2817 2337 2989 2380 autem
3026 2325 3385 2395 apostolorum
3439 2327 3547 2380 vidi

1972 2421 2229 2474 neminem
2287 2418 2391 2473 nisi
2440 2416 2702 2472 Iacobum
2730 2416 2954 2487 fratrem
3009 2416 3293 2483 Domini‘,
3344 2417 3439 2489 qui
3479 2418 3549 2471 do

1972 2513 2268 2582 pinnaculo
2293 2511 2534 2582 jactatus
2560 2526 2588 2565 a
2617 2510 2821 2567 Judzeis
2846 2513 2995 2583 ligno
3020 2510 3244 2567 fullonis
3266 2511 3547 2587 sauciatus

1974 2605 2227 2658 moritur.
2266 2606 2329 2659 Et
2360 2604 2496 2659 alter
2546 2604 2639 2675 qui
2692 2605 2873 2676 capite
2912 2612 3205 2662 truncatus
3239 2612 3345 2671 est,
3377 2603 3550 2661 frater

1973 2695 2233 2751 videlicet
2256 2693 2489 2751 Joannis
2517 2694 2782 2765 deiloqui.

2043 2781 2249 2839 Iudaeis
2286 2784 2487 2840 tertius
2525 2785 2831 2853 alienigena
2872 2783 3091 2854 praefuit
3120 2782 3365 2841 Herodes
3400 2785 3548 2841 illius

1976 2875 2229 2942 Herodis,
2244 2879 2405 2948 cujus
2425 2885 2670 2947 tempore
2693 2877 2924 2943 Pilatus,
2944 2888 3067 2948 post
3094 2879 3421 2935 simultatem
3448 2877 3549 2933 Ju.

1976 2971 2218 3025 decorum
2252 2979 2473 3041 propter
2494 2971 2757 3042 imagines
2775 2969 3031 3033 Caesaris,
3054 2970 3371 3033 corbonam,
3396 2972 3446 3026 id
3464 2980 3550 3025 est

1978 3077 2194 3117 sacrum
2237 3063 2578 3139 thesaurum,
2613 3062 2669 3116 in
2705 3078 2970 3132 aquarum
3009 3062 3384 3116 advectionem
3411 3077 3542 3117 eon-

303 3157 445 3224 phus
471 3155 628 3222 dicit,
664 3142 937 3226 peremit;
984 3164 1042 3208 ut
1075 3162 1257 3209 autem
1310 3154 1494 3208 verius
1543 3152 1873 3222 evangelista
1902 3165 1948 3225 α
1982 3148 2235 3224 sumpSit,
2268 3164 2321 3210 et
2349 3170 2545 3210 rursus
2570 3154 2875 3209 simultates
2900 3168 3062 3223 agere
3092 3154 3374 3224 compulit.
3401 3154 3546 3209 Idem

302 3249 490 3317 refert,
502 3264 570 3304 eo
589 3248 733 3318 quod
750 3246 1100 3316 redargueret
1116 3260 1240 3301 eum
1258 3253 1483 3316 propter
1495 3243 1875 3299 Herodiadem.

1984 3250 2102 3321 ipse
2130 3249 2338 3305 Pilatus
2372 3247 2598 3304 Tiberio
2634 3249 2701 3304 de
2729 3248 2953 3306 Christo
2980 3250 3221 3305 referens
3251 3260 3549 3304 commovit

374 3339 561 3393 Mundi
610 3352 758 3393 anno
787 3336 951 3404 5555,
985 3337 1184 3391 divinas
1218 3324 1624 3392 incarnationis
1646 3337 1740 3401 55,
1770 3334 1881 3391 Do-
1981 3357 2105 3397 eum
2139 3341 2203 3395 ad
2236 3355 2476 3396 amorem
2501 3339 2772 3410 dogmatis
2797 3347 2850 3395 et
2878 3338 2998 3394 fidei
3032 3339 3376 3393 Christianae.

304 3434 489 3489 minus
527 3441 716 3488 noster
753 3430 916 3487 Jesus
957 3428 1214 3485 Christus
1248 3436 1372 3499 post
1412 3430 1570 3500 signa
1623 3431 1794 3483 multa
1825 3437 1880 3483 et

304 3541 417 3579 sitae
440 3524 752 3580 divinitatis
799 3523 1042 3577 revelata
1076 3523 1365 3594 mysteria,
1406 3529 1606 3591 sponte
1637 3524 1704 3575 ad
1748 3535 1877 3592 pas-

303 3620 513 3675 sionem
549 3619 811 3685 accessit,
859 3624 915 3671 et
962 3615 1305 3686 cruciﬁgitur
1361 3612 1498 3669 feria
1527 3624 1708 3680 sexta,
1745 3616 1877 3669 liora

304 3720 480 3772 sexta,
506 3709 679 3763 Martii
717 3710 926 3764 mensis
964 3706 1055 3762 die
1082 3707 1177 3774 23,
1225 3706 1515 3761 consulatu
1559 3704 1793 3760 Neronis
1818 3706 1874 3770 '5,

303 3812 353 3859 et
391 3803 630 3872 resurgit
676 3799 857 3855 Martii
890 3799 981 3855 die
1017 3799 1110 3865 25,
1142 3814 1267 3853 cum
1307 3798 1658 3853 illucesceret
1696 3797 1880 3853 Domi-

304 3897 463 3952 nicus
490 3893 634 3960 dies,
669 3893 704 3949 8
740 3892 967 3949 Calend.
1021 3892 1313 3964 Aprilium,
1353 3891 1532 3961 prima
1580 3889 1668 3945 die
1713 3889 1877 3960 primi

306 3986 532 4053 mensis,
558 3987 651 4057 qui
698 3985 888 4051 Nisan,
939 3985 991 4040 id
1022 3995 1109 4041 est
1150 3984 1379 4040 Martius
1414 3982 1644 4047 mensis,
1695 3980 1878 4036 nomi-

308 4090 469 4135 natur
503 4080 644 4150 apud
688 4077 946 4135 Hebraeos
976 4086 1031 4133 et
1071 4075 1445 4133 Christianos.
1487 4074 1560 4131 De
1599 4089 1705 4145 qua
1742 4073 1880 4130 dici-

307 4183 436 4230 tur:
484 4173 553 4229 In
604 4174 864 4243 principio
914 4173 1036 4242 fecit
1065 4170 1208 4225 Deus
1234 4170 1421 4225 cretum
1457 4178 1507 4223 et
1541 4177 1781 4232 terram;
1823 4175 1879 4223 et

308 4283 501 4323 rursus
532 4288 545 4323 :
582 4265 685 4320 Hic
718 4276 796 4320 est
824 4265 958 4318 liber
997 4262 1351 4334 generationis
1379 4263 1506 4317 caeli
1532 4270 1583 4317 et
1614 4271 1789 4329 terrw,
1822 4262 1880 4315 in

306 4360 392 4416 die
420 4377 528 4431 qua
558 4359 681 4430 fecit
720 4358 857 4412 Deus
889 4358 1077 4411 calum
1124 4366 1173 4410 et
1206 4365 1424 4410 terram.
1472 4353 1591 4420 Qua
1624 4368 1757 4426 ergo
1788 4354 1879 4409 die

308 4450 550 4506 mundus
575 4455 797 4504 creatus
833 4454 939 4511 est,
970 4462 1036 4502 ea
1063 4445 1324 4501 Christus
1357 4454 1680 4515 conceptus,
1727 4455 1783 4501 et
1811 4461 1875 4501 ea

310 4556 371 4596 es
399 4542 639 4597 mortuis
673 4539 1000 4596 resurrexit.

382 4636 596 4691 Eusebii
642 4633 913 4703 Pamphili
947 4633 1010 4686 de
1063 4631 1162 4684 hoc
1207 4631 1343 4700 ipso.
1391 4629 1554 4686 Jesus
1600 4628 1880 4695 Christus,

310 4730 480 4786 Filius
509 4728 603 4784 Dei
641 4736 696 4784 et
737 4727 998 4782 Dominus
1050 4731 1263 4789 noster,
1308 4722 1615 4779 secundum
1652 4723 1885 4794 prophe—

311 4824 437 4887 tias,
459 4836 583 4892 qum
608 4821 675 4876 de
702 4820 823 4890 ipso
851 4826 1003 4883 sunt,
1030 4818 1095 4871 ad
1127 4816 1436 4887 passionem
1466 4825 1720 4887 properat
1740 4831 1883 4871 anno

288 4929 458 4970 nono
485 4914 704 4969 decimo
739 4911 954 4982 imperii
979 4908 1530 4972 'l‘iberii,secundum
1570 4907 1716 4978 quod
1747 4916 1884 4963 tem-

310 5024 436 5079 pus,
466 5007 608 5061 sicut
641 5006 807 5059 etiam
841 5005 896 5059 in
926 5004 1050 5056 aliis
1082 5002 1367 5073 gentilium
1404 5000 1678 5070 reperitur
1713 5000 1885 5055 histo-

311 5104 428 5163 riis.
464 5115 558 5170 per
586 5098 831 5169 singulas
861 5095 1152 5160 dictiones,
1187 5108 1310 5163 quae
1338 5101 1459 5147 acta
1482 5101 1631 5154 sunt,
1659 5106 1883 5146 enarra-

312 5195 519 5249 bimus.
551 5190 684 5245 Nam
721 5190 804 5245 sol
833 5188 1059 5249 defecit,
1074 5185 1326 5257 Bithynia
1351 5192 1497 5239 mota
1527 5192 1632 5249 est,
1651 5183 1882 5253 plurima

311 5287 543 5342 Nicena:
591 5285 742 5339 urbis
789 5282 1142 5349 ceciderunt;
1184 5296 1307 5351 qua:
1341 5280 1526 5335 omnia
1582 5280 1883 5334 concinnat

311 5381 399 5436 bis
438 5394 562 5451 qua
612 5379 759 5433 circa
788 5376 1095 5447 passionem
1126 5373 1431 5429 Salvatoris
1474 5374 1649 5429 nostri
1687 5358 1883 5429 evene§

314 5482 466 5529 runt.
500 5472 763 5528 Serihens
820 5478 1000 5523 autem
1026 5476 1082 5523 et
1126 5464 1350 5537 Phlego,
1397 5467 1490 5536 qui
1531 5463 1883 5538 Olympiadas

315 5581 478 5638 super
518 5565 658 5637 ipsis
713 5570 1037 5624 enumerat,
1083 5560 1138 5613 in
1193 5558 1575 5614 decimotertio
1629 5570 1884 5613 sermone

315 5661 521 5716 eisdem
573 5657 758 5713 verbis
798 5655 998 5711 asserit
1048 5654 1162 5709 haec
1204 5673 1217 5706 :
1278 5650 1448 5707 Porro
1501 5659 1691 5724 quarto
1745 5665 1885 5707 anno

383 5843 603 5899 'Galat.
636 5857 675 5905 ι,
707 5840 799 5900 19.
1126 5905 1130 5909 ,

556 5941 832 6000 Pnnos.
867 5935 989 5995 Gn.
1018 5930 1207 5993 CVlll

2052 3432 2237 3488 Mundi
2271 3448 2417 3487 anno
2451 3430 2611 3497 5555,
2645 3432 2845 3487 divina:
2896 3431 3294 3487 incarnationis
3330 3432 3420 3494 55.
3452 3431 3551 3487 Pe-

1980 3533 2101 3580 trus
2146 3535 2198 3578 et
2230 3521 2469 3579 Joannes
2498 3524 2553 3577 in
2600 3522 2858 3594 templum
2894 3522 3254 3577 ascendentes
3292 3521 3548 3578 claudum

1980 3631 2009 3670 a
2038 3617 2323 3672 nativitate
2349 3624 2703 3671 curaverunt.

2056 3709 2239 3764 Mundi
2281 3724 2426 3764 anno
2450 3708 2593 3765 5556
2631 3708 2701 3764 de
2738 3706 2953 3763 Anania
2985 3717 3041 3762 et
3078 3705 3311 3779 Saphira
3352 3706 3551 3763 Hieru~

1980 3802 2150 3858 salem
2186 3817 2284 3872 per
2316 3798 2535 3855 Petrum
2565 3799 2892 3855 miraculum
2923 3798 3127 3853 factmu
3159 3804 3266 3864 est,
3287 3806 3343 3855 et
3371 3797 3555 3855 Tliad-

1981 3897 2130 3951 dieus
2152 3895 2220 3948 ad
2249 3893 2523 3948 civitatem
2548 3890 2809 3946 Edessam
2843 3891 3105 3953 mittitur,
3139 3907 3261 3961 qure
3295 3892 3554 3952 universa

1981 4003 2156 4058 usque
2196 4002 2341 4041 nunc
2374 3985 2491 4041 sine
2531 3999 2693 4039 manu
2732 3984 2934 4039 factum
2976 3983 3313 4041 dominicum
3355 3986 3553 4041 chara.

1978 4091 2186 4137 cterem
2218 4081 2373 4135 colit.

2052 4174 2237 4229 Mundi
2278 4186 2421 4227 anno
2453 4172 2615 4233 5557,
2647 4170 2848 4225 divinas
2876 4170 3271 4225 incarnationis
3300 4171 3392 4236 57,
3424 4186 3554 4241 per-

1982 4266 2267 4323 secutione
2302 4271 2448 4319 mota
2485 4263 2725 4318 ti'delium
2771 4262 2930 4317 multi
2975 4263 3210 4331 dispersi
3243 4270 3390 4317 sunt.
3425 4258 3548 4315 Slo-

1981 4358 2199 4430 phanus
2262 4362 2634 4425 protomartyr
2686 4362 2740 4406 et
2798 4352 3227 4423 protodiaconus
3279 4353 3552 4423 lapidibus

1981 4458 2068 4506 est
2112 4448 2352 4504 occisus.
2404 4444 2603 4517 Simon.
2648 4460 2841 4517 magus
2896 4461 2924 4498 a
2986 4443 3264 4516 Philippo,
3322 4461 3433 4501 uno
3484 4463 3549 4502 ex

1910 4508 1958 4569 ο
1984 4553 2192 4613 septem
2228 4539 2576 4603 diaconibus,
2616 4538 2669 4592 in
2703 4536 3007 4592 Samariam
3044 4536 3406 4593 descendente
3435 4539 3550 4591 cal-

1980 4636 2088 4691 lide
2124 4633 2435 4704 baptizatus
2460 4640 2565 4687 est.
2594 4629 2750 4686 Unde
2775 4639 2830 4684 et
2863 4629 2915 4683 hi
2961 4629 3068 4712 qui
3109 4627 3178 4682 ab
3218 4629 3338 4698 ipso
3378 4644 3554 4700 usque

1982 4729 2146 4783 modo
2186 4724 2457 4796 baptizari
2497 4723 2852 4786 simulantur,
2884 4721 3105 4791 penitus
3137 4733 3264 4776 sunt
3290 4736 3321 4775 a
3352 4720 3554 4776 divinis

1981 4818 2262 4875 mandatis
2310 4828 2363 4871 et
2409 4814 2757 4886 dogmatibus
2804 4813 2988 4878 alieni,
3031 4826 3139 4865 non
3189 4812 3554 4882 suscipientes

1986 4915 2054 4969 de
2084 4911 2489 4968 resurrectione
2512 4908 2759 4972 verbum,
2792 4921 2966 4977 neque
2993 4905 3259 4961 visibilem
3287 4904 3555 4962 mundum

1988 5006 2082 5060 Dei
2128 5021 2252 5062 esse
2294 5006 2559 5066 dicentes,
2592 5014 2919 5069 omnemque
2969 4997 3386 5053 abominabilem
3434 5005 3556 5052 tur-

1988 5108 2224 5167 pemque
2268 5092 2641 5163 operationem
2696 5098 2990 5146 sectantes.
3040 5087 3137 5143 His
3185 5087 3407 5157 quidem
3452 5088 3559 5141 mi~

1991 5189 2134 5245 seris
2167 5195 2374 5258 patrem
2410 5200 2469 5240 se
2504 5182 2810 5237 vocandum
2848 5180 3100 5244 tradidit,
3154 5179 3558 5250 imaginemquo

1988 5282 2142 5340 Jovis
2173 5280 2373 5336 factam
2408 5276 2629 5333 nomine
2664 5272 3032 5339 adorandam;
3076 5271 3335 5329 Helenam
3371 5283 3552 5329 autem

1992 5372 2366 5433 meretricem,
2388 5383 2511 5438 qua:
2530 5382 2653 5422 cum
2690 5367 2809 5435 ipso
2833 5372 2969 5432 erat,
3000 5378 3102 5435 pro
3134 5364 3345 5419 Athena
3369 5364 3557 5420 docuit

1993 5465 2237 5522 adorari.
2284 5462 2457 5518 Porro
2501 5460 2705 5516 Judzeis
2741 5458 3019 5514 Christum
3050 5472 3110 5513 se
3162 5456 3376 5512 dicebat
3409 5472 3553 5521 esse,

1991 5567 2047 5617 et
2087 5574 2194 5614 non
2245 5565 2476 5628 patrem.
2542 5552 2773 5607 Pontius
2817 5549 3026 5606 Pilatus
3069 5550 3172 5604 sub
3217 5548 3283 5604 C.
3319 5549 3557 5610 Cmsare.

1996 5661 2196 5726 quarto
2229 5651 2564 5720 imperatore
2602 5643 2996 5707 Romanorum,
3027 5634 3119 5713 qui
3152 5641 3436 5697 dicebatur
3465 5642 3565 5697 (1a.

3086 5912 3157 5974 38
