4034 6298
490 312 643 378 1195

1601 318 1999 381 ANASTASII
2037 319 2662 386 BIBLIOTHECARII

3626 328 3757 396 1196

480 420 687 492 iligula,
720 422 772 478 in
805 416 1046 481 diversas
1078 441 1356 485 aerumnas
1387 424 1664 493 incidens,
1699 436 1758 481 ut
1792 425 2069 484 Romano-
2100 435 2145 490 Α
2172 428 2392 487 Caesare
2450 447 2550 503 per
2594 443 2911 503 operantem
2947 437 3262 503 damonum
3314 451 3489 501 artem
3522 444 3757 501 virtutes

495 532 614 577 rum
647 518 801 573 aiunt
832 518 1282 593 historiographi,
1314 521 1400 582 sui
1441 520 1617 594 ipsius
1659 519 1840 579 factus
1869 529 1955 576 est
1985 522 2073 576 in-

495 610 780 667 terfector.
818 611 919 670 llic
958 622 1011 669 et
1038 612 1242 670 Iulium
1290 615 1525 679 Canum,
1554 631 1720 673 unum
1756 633 1819 679 et
1869 614 2072 674 Stoicis

497 705 861 781 philosophis,
894 706 1196 763 interfecit.

554 800 756 855 Mundi
781 816 928 856 anno
958 800 1118 864 5559,
1150 800 1348 856 divinae
1374 802 1773 856 incarnationis
1805 816 1951 855 anno
1977 800 2068 869 39,

492 888 756 963 .‘Agrippa,
794 890 891 962 qui
913 898 967 946 et
995 889 1265 956 Herodes,
1298 890 1529 946 Herodis
1553 892 1718 957 illius,
1754 892 2067 947 Judreorum

493 990 726 1054 quartus
743 983 1056 1057 alienigena
1081 1000 1199 1052 rex,
1225 999 1350 1040 cum
1377 984 1481 1041 sub
1504 983 1625 1043 Tib.
1642 985 1856 1041 Caesare
1877 986 2071 1044 fuisset

478 1075 762 1133 rcnstodim
782 1078 1128 1148 mancipatus
1150 1086 1373 1149 propter
1390 1078 1775 1134 accusationes
1807 1078 2070 1136 adversus

490 1179 703 1238 patrem
759 1171 1034 1240 prolatas,
1090 1170 1289 1237 deinde
1342 1186 1371 1224 a
1407 1171 1643 1227 vinculis
1701 1172 1986 1235 dimissus,
2039 1189 2070 1227 a

475 1260 799 1319 ’C.Ctesare
847 1279 940 1319 rex
997 1262 1311 1319 Judacorum
1360 1266 1772 1321 transmittitur.
1825 1265 2070 1322 Herodes

489 1362 696 1422 autem,
732 1354 897 1425 hujus
928 1364 1105 1427 pater,
1158 1356 1304 1426 apud
1354 1356 1682 1428 Lugdunum
1718 1357 1907 1413 Galliae
1937 1359 2071 1414 civi-

490 1458 659 1505 tatem
688 1449 884 1507 exsilio
916 1449 1189 1520 relegatus
1229 1459 1475 1505 extrema
1509 1460 1757 1522 egestate
1799 1466 1907 1504 una
1941 1467 2065 1505 cum

473 1539 798 1603 .Ilerodiade
852 1541 1099 1598 adultera
1142 1542 1400 1597 moritur.
1451 1542 1697 1598 Puellam
1746 1557 1899 1606 vero,
1945 1558 2068 1614 qua:

488 1636 788 1692 saltaverat
822 1635 876 1689 in
912 1634 1273 1691 decollatione
1299 1633 1536 1690 Joannis
1575 1634 1849 1705 Baptistae,
1888 1636 2064 1696 vivam

470 1724 636 1784 -terra
663 1727 899 1799 glutivit.
943 1727 1041 1783 His
1095 1728 1438 1798 temporibus
1469 1728 1781 1797 Philippus,
1815 1744 1959 1783 unus
1999 1743 2066 1785 ex

2176 523 2420 593 magicas
2467 524 2679 582 faciens
2725 529 2780 583 in
2832 530 2968 587 urbe
3007 541 3189 591 vestra
3223 536 3370 609 regia
3412 536 3587 592 Roma
3618 538 3754 594 deus

2172 614 2621 686 existimabatur,
2644 631 2699 677 et
2722 631 2906 679 statua
2937 640 2967 680 a
3005 626 3160 687 vobis
3185 637 3246 685 ut
3282 627 3427 687 Deus
3452 631 3756 689 honoratur

2173 705 2228 761 in
2257 706 2439 765 Tiberi
2478 710 2700 768 ﬂumine
2736 712 2880 771 inter
2909 717 3049 778 duos
3074 728 3297 789 pontes,
3326 720 3537 780 habens
3562 739 3757 797 super-

2173 801 2531 871 scriptionem
2569 804 2819 864 Latinam
2847 809 3022 866 hanc:
3059 811 3266 871 Simoni
3303 817 3400 871 deo
3444 829 3657 876 sancto.
3691 817 3757 873 Et

2174 909 2310 963 pene
2336 910 2526 953 omnes
2557 900 2777 969 quidem
2806 902 3160 971 Samaritani,
3183 909 3345 977 pauci
3380 920 3563 967 autem
3589 912 3755 968 etiam

2173 986 2228 1041 in
2272 989 2398 1045 aliis
2442 992 2736 1061 gentibus,
2791 1003 3051 1067 tanquam
3099 999 3336 1070 primum
3370 1002 3535 1058 deum
3600 1004 3758 1061 illum

2172 1083 2503 1140 conﬁtentes
2541 1084 2798 1144 adorant.

2242 1173 2429 1231 Mundi
2462 1191 2611 1235 anno
2640 1179 2799 1246 5550,
2836 1180 3040 1243 divina:
3060 1183 3457 1243 incarnationis
3487 1206 3633 1246 anno
3659 1192 3752 1255 50,

2171 1266 2434 1325 Claudius
2458 1271 2714 1342 imperat.
2739 1275 3067 1346 Apollonius
3083 1293 3150 1333 ex
3173 1277 3554 1351 Tyanensibus
3585 1284 3759 1340 italia:

2172 1358 2570 1439 Pythagoricus
2608 1367 2970 1439 philosophus
3007 1372 3195 1441 pollet,
3231 1374 3304 1428 ita
3339 1385 3395 1427 ut
3438 1375 3588 1432 hunc
3632 1378 3760 1449 ipso

2171 1470 2391 1526 quoque
2421 1455 2727 1529 Pythagora
2772 1458 3142 1522 Philostratus
3176 1474 3230 1522 et
3266 1467 3356 1522 alii
3393 1470 3627 1528 acrioris
3665 1473 3757 1527 in.-

2170 1550 2315 1623 genii
2365 1549 2539 1609 fuisse
2590 1553 2931 1611 describant.
2978 1555 3078 1615 His
3135 1560 3477 1631 temporibus
3519 1565 3637 1619 visa
3668 1576 3759 1623 est

2169 1641 2289 1697 avis
2315 1641 2406 1699 illa
2436 1643 2689 1710 thnix,
2709 1645 3173 1717 qnetnadmodum
3208 1652 3464 1713 scribunt
3485 1654 3753 1728 Egyptii,

2169 1744 2293 1798 qua:
2342 1739 2469 1787 ante
2514 1732 2620 1791 654
2657 1748 2837 1794 annos
2884 1750 3237 1813 apparuerat.
3276 1740 3344 1806 Et
3378 1746 3659 1817 Desipqu
3695 1750 3756 1809 in

469 1830 696 1893 septem
729 1820 1077 1885 diaconibus,
1116 1820 1413 1875 resistebat
1440 1818 1647 1874 Simoni
1678 1819 1746 1874 de
1774 1821 1893 1875 vico
1923 1818 2070 1874 Gitio
2100 1820 2143 1875 Β
2175 1820 2277 1878 hoc
2309 1826 2633 1881 concordat.

474 1914 772 1978 Samaria},
826 1912 920 1983 qui
981 1911 1144 1967 etiam
1189 1911 1388 1967 dicitur
1419 1911 1629 1983 primus
1677 1917 1743 1966 ex
1801 1911 2059 1983 gentibus

468 2008 800 2065 eunuchum
837 2005 1151 2075 Ethiopem
1182 2005 1513 2077 baptizasse.

554 2101 741 2162 Mundi
781 2114 929 2157 anno
958 2097 1347 2164 5540,Adivina
1372 2085 1771 2156 incarnationis
1796 2112 1943 2153 anno
1968 2096 2058 2167 40,

474 2196 680 2251 Petrus
723 2194 981 2266 princeps
1008 2193 1409 2264 apostolorum,
1440 2190 1782 2246 Antiochena
1831 2187 2060 2243 fundata

472 2288 662 2359 primo
686 2285 968 2353 Ecclesia,
1007 2282 1232 2339 Romam
1272 2284 1448 2356 pergit
1479 2283 1820 2354 evangelium
1861 2281 2060 2352 praedi-

469 2389 731 2442 caturus,
768 2378 874 2439 ubi
906 2375 1121 2447 primus
1158 2390 1336 2452 usque
1372 2375 1441 2429 ad
1470 2373 1632 2430 tinem
1674 2388 1835 2429 suum
1868 2372 2061 2428 Eccle-

474 2468 860 2542 siatprefuit.
908 2468 1185 2530 Praeterea
1239 2466 1473 2540 primam
1526 2466 1815 2538 epistolam
1880 2479 2056 2530 suam,

470 2579 607 2640 quae
639 2564 707 2621 de
741 2561 1030 2618 catholicis
1072 2570 1177 2627 est,
1213 2576 1243 2616 a
1278 2558 1450 2614 Roma
1484 2559 1658 2629 misit,
1684 2568 1743 2614 ut
1789 2557 2059 2619 Eusebius

478 2656 702 2722 scribit,
743 2664 795 2710 et
846 2653 1091 2710 Marcum
1143 2653 1578 2729 evangelistam,
1630 2653 1723 2725 qui
1785 2662 1916 2707 tunc
1950 2648 2060 2727 Bo-

476 2746 664 2811 manis
708 2745 1026 2819 petentibus
1069 2753 1404 2822 exposuerat
1442 2745 1805 2818 evangelium,
1837 2754 1897 2800 ut
1934 2744 2059 2813 Cle-

478 2854 638 2903 mens
666 2837 933 2913 et.papias
954 2835 1406 2906 ﬂrieropoiitanus
1432 2836 2055 2911 episcopusperhibent.

478 2930 587 2985 Alii
622 2946 757 2989 sane
789 2931 933 2989 hanc
973 2930 1041 3003 ab
1089 2926 1264 2999 Joppe
1296 2930 1524 2985 missam
1558 2930 1904 2986 existimant.
1941 2929 2060 2986 Hoc

473 3039 701 3095 quoque
751 3032 997 3095 tempore
1030 3022 1183 3077 Pauli
1241 3031 1296 3077 et
1330 3020 1458 3079 Sila:
1516 3022 1621 3078 iter
1673 3022 1729 3078 in
1777 3022 1955 3079 Derbe
2003 3032 2059 3078 et

2239 1914 2422 1972 Mundi
2472 1934 2617 1977 anno
2660 1920 2834 1985 5555,
2885 1922 3101 1985 Nerone
3146 1925 3477 1997 imperante,
3522 1931 3755 1994 divinus

2162 2007 2211 2063 ei
2268 2008 2567 2090 Apostolus
2618 2016 2865 2073 secundo
2918 2027 3003 2075 est
3058 2031 3443 2089 prazscntatus.
3499 2022 3761 2097 Denique

2166 2086 2343 2169 primo
2390 2116 2514 2157 cum
2560 2102 2709 2161 Nero
2755 2106 2944 2163 mitior
2978 2086 3159 2166 adhuc
3201 2128 3332 2186 erga
3371 2086 3753 2179 Christianum

2165 2192 2363 2263 dogma
2423 2203 2732 2267 teneretur,
2779 2201 3015 2262 audiens
3060 2206 3337 2272 rationem
3370 2207 3493 2280 ejus
3533 2209 3758 2275 dimisit

2165 2286 2318 2347 illum
2354 2280 2553 2359 spiritu
2604 2291 2965 2363 dispensante
3013 2297 3081 2354 ad
3129 2299 3523 2371 perficiendam
3551 2305 3758 2374 pradi-

2165 2380 2466 2437 cationem.
2522 2380 2779 2442 Secundo
2816 2403 2945 2446 vero
2980 2390 3101 2462 ipse
3140 2408 3200 2449 se
3228 2396 3525 2465 postulavit
3564 2413 3595 2453 a
3628 2398 3757 2456 Ca:-

2163 2471 2309 2527 saria
2358 2471 2664 2548 Palaestinae
2708 2479 3033 2538 mittendum
3088 2485 3155 2543 ad
3213 2486 3504 2556 Caesarem,
3558 2498 3616 2546 et
3670 2492 3757 2547 ita

2163 2564 2383 2621 demum
2419 2566 2622 2624 Neroni
2656 2571 2832 2627 astitit
2861 2583 2916 2630 et
2946 2580 3271 2649 martyrium
3304 2584 3561 2653 sumpsit.
3590 2582 3759 2641 Unde

2160 2654 2334 2712 Judaai
2389 2674 2513 2714 cum
2543 2661 2818 2722 vidissent
2861 2668 3008 2737 quod
3050 2669 3105 2723 in
3139 2669 3289 2730 hunc
3340 2672 3574 2733 insidias
3598 2679 3755 2734 occi-

2164 2748 2328 2805 dendi
2360 2752 2626 2821 perlicere
2676 2758 3076 2828 nequivissent,
3106 2763 3176 2819 ad
3206 2762 3469 2831 Iacobum
3512 2767 3751 2827 fratrem

2164 2842 2379 2901 Domini
2408 2848 2795 2917 perimendum
2821 2856 3076 2917 conversi
3106 2866 3259 2914 sunt.

2232 2935 2417 2993 Mundi
2450 2953 2598 2995 anno
2631 2941 2796 3007 5565.
2826 2943 3026 3010 divinae
3054 2949 3454 3014 incarnationis
3481 2968 3630 3011 anno
3648 2957 3751 3022 63,

2160 3024 2306 3085 Nero
2342 3029 2598 3103 imperat,
2620 3031 2714 3106 qui
2739 3052 2908 3109 super
2934 3040 3121 3105 omnia
3153 3042 3456 3112 infortunia
3495 3064 3595 3113 sua
3628 3052 3755 3121 pri-

482 3117 693 3189 Lystris
745 3116 950 3190 agitur,
992 3117 1047 3169 in
1088 3111 1327 3188 Phrygia
1378 3130 1595 3187 quoque
1640 3116 1973 3226 acplsauria
2005 3127 2056 3171 et
2084 3165 2131 3226 α
2167 3136 2310 3176 mam
2338 3133 2532 3183 contra
2557 3126 2907 3188 Christianos
2923 3111 3367 3204 persecutionem
3387 3111 3750 3209 monstra-vii,

474 3206 673 3263 Cilicia
705 3214 761 3261 et
789 3206 1005 3263 Galatia
1042 3205 1207 3283 simul
1245 3214 1303 3267 et
1334 3204 1570 3263 Troade.
1599 3206 1754 3273 Pauli
1785 3222 1977 3264 rursus
2002 3217 2057 3263 et

480 3298 650 3356 Marci
667 3311 812 3366 acta,
837 3314 959 3371 quae
976 3297 1245 3371 Philippis
1264 3314 1328 3355 ac
1345 3298 1751 3357 Thessalonicae
1769 3312 1824 3356 et
1852 3301 2058 3358 Beroea:

476 3409 719 3465 gessere,
756 3402 1075 3454 narrantur.
1127 3391 1331 3449 Paulus
1392 3394 1521 3451 item
1568 3391 1770 3463 Ephesi
1818 3404 1873 3451 et
1911 3394 2055 3450 Cen-

479 3487 686 3555 chreis,
715 3484 972 3542 Caesarius
1015 3499 1237 3557 quoque
1265 3493 1319 3540 et
1350 3486 1679 3553 Antiochiae,
1715 3487 1769 3542 in
1820 3485 1972 3542 Italia
2002 3495 2054 3543 et

477 3579 713 3652 Phrygia
746 3579 1036 3635 laboravit.
1075 3575 1233 3633 Pauli
1284 3589 1473 3641 actus,
1514 3595 1654 3651 quos
1683 3579 1885 3651 Ephesi
1926 3596 2055 3653 pro-

482 3675 599 3745 prie
658 3671 857 3746 gessit.
903 3670 1146 3737 Paulus,
1194 3687 1317 3743 quae
1350 3670 1563 3729 Troade
1604 3688 1668 3728 ac
1718 3673 1884 3729 Mileti
1932 3692 2052 3747 ges-

483 3767 578 3832 sit,
638 3764 894 3837 Ephesiis
935 3766 1370 3829 commendavit.
1415 3767 1548 3837 Quae
1601 3767 1655 3822 in
1710 3766 2053 3823 Hierusalem

478 3877 511 3918 a
561 3860 763 3919 ludatis
831 3869 983 3934 gesta
1027 3870 1159 3917 sunt
1216 3868 1412 3916 contra
1476 3862 1730 3922 Paulum.
1786 3862 2053 3934 Paulique

478 3953 733 4011 Ctesariae
771 3962 963 4009 contra
998 3952 1231 4021 Felicem
1262 3962 1316 4009 et
1360 3954 1685 4011 Drusillam.
1718 3954 1852 4013 Item
1895 3956 2051 4011 Pauli

479 4063 601 4117 qua:
629 4048 893 4104 Caesareae
930 4048 1183 4118 gesserit,
1221 4048 1305 4103 vel
1335 4047 1507 4103 Judaei
1538 4050 1805 4109 adversus
1844 4050 2048 4121 ipsum.

479 4140 695 4196 Marcus
722 4139 1058 4211 evangelista
1090 4138 1326 4210 Aﬂgypto
1356 4150 1409 4195 et
1439 4140 1784 4201 Alexandria;
1812 4141 2054 4201 salutare

478 4234 706 4290 verbum
737 4231 1165 4303 evangelizabat.
1184 4232 1543 4293 Antiochente
1560 4233 1817 4292 Ecclesiae
1839 4237 2052 4308 primus

481 4330 777 4398 episcopus
818 4323 1060 4391 Euodius
1093 4324 1195 4376 l'uit
1225 4326 1387 4380 annis
1414 4325 1625 4397 viginti.

551 4420 736 4473 Mundi
765 4433 909 4473 anno
939 4418 1097 4485 5540,
1127 4417 1325 4471 divinae
1353 4417 1751 4487 incarnationis
1772 4419 1861 4483 40,
1889 4419 2052 4476 Cla‘u-

2165 3231 2287 3270 cum
2330 3217 2583 3277 videlicet
2611 3220 2810 3288 Petrus
2840 3232 2895 3281 et
2924 3223 3132 3285 Paulus
3162 3230 3335 3298 divini
3372 3236 3608 3305 apostoli
3638 3252 3750 3307 pro

2159 3307 2379 3368 Christo
2413 3314 2660 3387 martyrii
2681 3325 2810 3373 sunt
2834 3334 3010 3394 agone
3036 3326 3311 3393 coronati,
3332 3342 3478 3389 unus
3510 3329 3740 3398 quidem

2159 3403 2417 3462 deorsum
2462 3409 2684 3479 capite,
2739 3422 2804 3474 ut
2854 3414 2980 3485 ipse
3016 3417 3123 3479 sibi
3176 3420 3363 3493 elegit,
3406 3438 3743 3493 suspensus,

2158 3498 2299 3557 alter
2331 3515 2461 3558 vero
2483 3505 2661 3573 capite
2687 3515 2887 3565 sancto
2914 3518 3229 3573 truncatus.
3256 3514 3332 3570 De
3358 3515 3564 3587 quibus
3599 3516 3743 3574 Ter-

2161 3592 2428 3657 tullianus
2453 3595 2736 3664 llomanus
2760 3601 3000 3674 scriptor
3025 3602 3139 3663 hac
3158 3605 3302 3667 inter
3326 3616 3507 3663 cetera
3531 3608 3738 3664 refert:

2156 3683 2258 3739 Hic
2308 3703 2431 3758 ergo
2466 3690 2805 3764 impugnator
2852 3694 2947 3756 Dei
2974 3696 3033 3759 in
3070 3697 3379 3765 primordiis
3411 3702 3740 3771 pnrdicatus

2157 3777 2211 3831 in
2251 3780 2617 3848 apostolorum
2653 3785 2944 3841 occisiones
2974 3789 3150 3845 elatus
3185 3800 3264 3848 est
3292 3808 3312 3846 :
3355 3810 3477 3850 nam
3525 3794 3743 3853 Paulus

2157 3869 2299 3939 apud
2331 3871 2512 3929 urbem
2543 3871 2761 3934 [tantum
2796 3877 2971 3948 capite
3004 3887 3305 3951 truncatus,
3331 3880 3519 3945 Petrus
3553 3897 3739 3947 autem

2154 3962 2331 4018 eculeo
2372 3976 2453 4020 est
2497 3983 2803 4039 suspensus.
2847 3969 3021 4043 Quam
3077 3974 3361 4037 historiam
3412 3978 3736 4039 credibilem

2156 4055 2333 4112 reddit
2351 4054 2503 4113 Pauli
2524 4059 2781 4131 Petrique
2801 4064 3070 4130 narratio,
3088 4080 3209 4136 qua:
3226 4082 3398 4138 usque
3414 4069 3468 4126 in
3488 4086 3740 4142 praesens

2155 4146 2209 4201 in
2238 4150 2570 4208 cmmeteriis
2596 4151 2709 4207 illic
2731 4154 2924 4224 positis
2951 4154 3245 4217 retinetur.
3261 4157 3538 4221 [iisetiam
3559 4161 3738 4229 Caius

2154 4240 2472 4308 historicus,
2519 4242 2599 4297 vir
2641 4244 3076 4314 ecclesiasticus,
3117 4248 3326 4309 similia
3372 4252 3588 4316 scribit,
3631 4255 3733 4324 qui

2152 4348 2276 4387 cum
2323 4332 2631 4405 Zepltyrino
2663 4337 2923 4408 episc0po
2959 4337 3207 4396 Romano
3244 4342 3508 4407 adversus
3532 4362 3735 4416 querno

2154 4424 2275 4479 dam
2316 4426 2607 4486 Proculum
2642 4426 3043 4503 Cataphrygem
3075 4430 3365 4502 disputans
3394 4434 3574 4497 dicit:
3612 4437 3729 4509 Ego

481 4513 605 4571 dius
657 4511 929 4580 imperat,
986 4511 1159 4580 Agabi
1197 4508 1487 4579 prophetia
1532 4510 1675 4568 fame
1725 4528 1821 4584 per
1860 4514 2048 4569 orbem
2082 4539 2128 4598 ο
2155 4528 2357 4586 tropica
2384 4522 2748 4590 apostolorum
2778 4522 2965 4589 habeo,
2999 4541 3117 4595 quis
3146 4527 3419 4587 ostendam
3452 4547 3472 4585 :
3508 4534 3557 4585 ai
3587 4508 3732 4587 enim

479 4604 619 4659 facta
645 4602 972 4673 completur.
1007 4600 1272 4657 Claudius
1308 4602 1456 4657 cives
1486 4599 1744 4657 Romanae
1771 4602 1926 4659 urbis
1955 4605 2051 4661 de-

480 4694 728 4753 scribens
757 4696 967 4749 invenit
1005 4696 1186 4751 sexies
1216 4697 1365 4759 mille
1398 4696 1566 4754 millia
1604 4695 1730 4752 941.

551 4787 738 4843 Mundi
769 4802 914 4842 anno
940 4786 1105 4855 5546,
1136 4789 1335 4843 divinae
1360 4790 1759 4845 incarnationis
1793 4804 1935 4845 anno
1958 4791 2049 4856 46,

480 4882 537 4935 in
573 4881 767 4953 diebus
812 4880 1144 4951 Azymorum
1196 4879 1542 4936 dissensione
1579 4881 1719 4937 facta
1754 4884 1808 4937 in
1855 4883 2053 4939 Hieru-

481 4973 651 5030 salem
683 4974 995 5029 conculcati
1025 4975 1169 5028 circa
1211 4984 1491 5043 portarum
1518 4978 1699 5032 exitus
1716 4976 1888 5033 Judaei
1928 4994 2052 5049 per-

479 5070 592 5124 iere
649 5069 796 5137 circa
851 5065 922 5121 30
975 5067 1171 5129 millia.
1213 5065 1367 5123 Tunc
1416 5078 1470 5123 et
1514 5068 1657 5139 apud
1689 5071 2048 5127 Athenienses

479 5161 853 5233 suprascripta
878 5167 962 5214 est
1002 5173 1120 5224 ara,
1149 5157 1338 5230 Ignoto
1369 5162 1484 5215 dco.

548 5246 752 5303 Justini
784 5247 1084 5321 philosophi
1111 5256 1168 5303 et.
1198 5250 1476 5321 martyris,
1512 5252 1576 5305 de
1612 5268 1850 5306 sermons
1877 5256 2050 5324 primo

482 5341 553 5398 ad
612 5340 937 5397 Antoninum
973 5340 1345 5410 imperatorem
1390 5357 1485 5409 pro
1518 5343 1861 5401 Christianis.
1925 5345 2048 5403 Post

480 5433 860 5490 ascensionem
894 5430 1108 5487 Domini
1137 5433 1188 5499 in
1211 5435 1350 5487 coelo
1375 5446 1780 5505 proposuerunt
1803 5438 2051 5496 homines

480 5528 757 5581 dat-mones
788 5525 1056 5596 quosdam
1087 5525 1335 5582 dicentes
1375 5544 1435 5583 se
1463 5544 1587 5583 esse
1615 5530 1782 5597 deos;
1815 5533 1907 5601 qui
1943 5549 2048 5597 non

480 5621 658 5677 solum
696 5618 922 5674 minime
947 5620 1151 5690 repulsi
1186 5628 1315 5675 sunt
1342 5638 1370 5672 a
1407 5622 1579 5687 vobis,
1604 5624 1698 5683 sed
1731 5636 2052 5681 meruerunt

483 5716 735 5766 honores.
760 5707 1035 5765 Simonem
1059 5712 1348 5780 quemdam
1374 5715 1800 5781 Samaritanum,
1824 5720 1919 5787 qui
1950 5717 2052 5773 fuit

480 5801 549 5861 de
581 5803 806 5860 castello
843 5802 990 5875 quod
1025 5802 1311 5860 dicebatur
1345 5804 1512 5873 Citio,
1542 5809 1632 5878 qui
1678 5810 1782 5865 sub
1824 5810 2051 5867 Claudio

2155 4611 2382 4668 volucris
2411 4630 2622 4686 pergere
2646 4616 2929 4689 cia‘rcgoli
2953 4635 3071 4690 quin
3095 4620 3166 4676 ad
3208 4620 3523 4683 Vaticanum
3554 4625 3729 4692 ducit,

2154 4716 2248 4766 aut
2278 4706 2347 4760 ad
2378 4710 2517 4771 uiam
2546 4710 2902 4777 Hosticnscm,
2938 4713 3169 4770 inuenies
3200 4723 3395 4783 tropica
3423 4732 3607 4776 eorum
3636 4721 3733 4788 qui

2153 4798 2288 4860 hanc
2326 4800 2665 4857 stabilicrunt
2700 4801 3015 4859 Ecclesium.
3070 4805 3166 4864 His
3200 4820 3442 4863 consona
3488 4818 3544 4864 et
3592 4809 3730 4867 Dio-

2153 4891 2342 4960 nysius
2373 4891 2695 4951 Corinthius
2734 4897 2946 4961 scribit,
2983 4896 3241 4963 indicans.
3266 4900 3413 4971 quod
3445 4915 3543 4971 per
3579 4900 3727 4958 idem

2154 4991 2367 5054 tempus
2397 4986 2741 5058 martyrizati
2778 4988 3027 5056 fuerunt,
3055 4990 3135 5046 ita
3158 4992 3348 5049 dicens
3376 5012 3391 5049 :
3424 4992 3527 5050 Sed
3555 5004 3607 5049 ct
3632 5012 3727 5049 uos

2150 5074 2400 5133 habentes
2427 5083 2831 5137 commotionem
2877 5099 2911 5137 α
2948 5082 3107 5139 Petro
3131 5095 3185 5141 ct
3211 5086 3391 5143 Paulo
3427 5088 3728 5157 plantatio-

2152 5184 2267 5222 nem
2306 5168 2559 5227 Romana:
2581 5183 2631 5228 et
2656 5172 3054 5232 Corinthiorum
3072 5176 3326 5236 Ecclesia
3344 5181 3725 5251 conjunzistis.

2154 5258 2367 5323 Etenim
2399 5266 2560 5323 simul
2611 5267 2946 5326 aduenientes
2992 5282 3043 5325 ct
3094 5272 3151 5326 in
3196 5283 3383 5329 nostra
3421 5273 3729 5331 Corinthio-

2152 5370 2269 5408 rum
2335 5358 2557 5411 ecclesia
2619 5360 2909 5419 docuerunt
2952 5374 3001 5417 et
3058 5380 3151 5433 per
3195 5383 3399 5422 omnem
3460 5368 3721 5436 Italiam,

2153 5459 2307 5518 atque
2346 5450 2399 5503 in
2453 5450 2551 5505 huc
2590 5454 2713 5506 urbe
2764 5456 2925 5510 simul
2975 5458 3218 5515 docentes
3264 5462 3424 5517 ctiam
3466 5467 3724 5537 martyrio

2155 5557 2256 5597 uno
2308 5541 2588 5614 eodemque
2640 5554 2869 5616 tempore
2920 5552 3163 5605 coronati
3213 5565 3360 5608 sunt.
3408 5554 3720 5613 Secundum

2154 5635 2293 5689 ident
2334 5644 2555 5718 tempus
2594 5642 2699 5695 sub
2730 5640 2948 5698 Nerone
2998 5645 3272 5713 pollebant
3313 5644 3501 5702 Romae
3552 5659 3725 5719 poetae

2153 5726 2431 5793 Lucanus,
2465 5714 2719 5797 Ovidius,
2770 5735 2996 5805 satyrici
3044 5732 3327 5794 Iuvenalis
3372 5745 3427 5795 et
3471 5714 3719 5803 Persius.

2157 5815 2470 5889 Senecaque
2525 5822 2791 5895 tragicus,
2845 5824 3130 5885 Musonius
3179 5839 3344 5901 atque
3390 5830 3723 5894 Plutarchus
