4038 6298
295 345 426 413 1197

1137 346 1510 410 HISTORIA
1547 343 2126 412 ECCLESIASTICA
2159 343 2259 407 EX
2296 345 2689 410 SYNCELLO.

3410 345 3546 414 1193

287 461 622 532 philosophi.
687 460 1061 518 Romanorum
1127 463 1389 520 Ecclesia:
1455 473 1580 534 post
1646 463 1872 519 Petrum
1909 465 1944 522 Δ
1976 458 2147 515 Nerva
2220 460 2304 517 vir
2367 461 2513 518 mitis
2586 460 2868 534 sapienter
2936 461 3226 534 imperium
3296 464 3550 521 modera-

291 571 567 610 smnmum
601 553 772 609 Linus
812 556 1028 611 exstitit
1066 557 1289 626 praesul.

366 645 549 701 Mundi
578 663 721 702 anno
756 646 916 714 5563,
946 649 1143 704 divinae
1173 649 1571 706 incarnationis
1603 665 1750 707 anno
1781 649 1871 715 65,

293 739 505 796 Nerone
536 741 772 811 turpiter
803 743 912 795 vita
941 742 1149 806 soluto,
1199 743 1463 814 septimus
1489 741 1872 813 Vespasianus

289 849 320 887 n
372 835 640 888 militibus
686 834 829 906 apud
882 833 1123 890 Iudaeam
1159 835 1459 905 imperator
1498 836 1874 891 Romanorum

290 927 598 997 appellatus
646 938 752 982 est.
814 929 971 1000 Apud
1017 925 1228 983 ltaliam
1263 944 1397 986 vero
1427 928 1602 985 Galba
1640 928 1876 985 Hiberiae

292 1031 492 1090 praetor
521 1022 744 1076 veniens
777 1020 1004 1077 Romam
1040 1021 1272 1091 imperat
1304 1022 1586 1078 mensibus
1619 1030 1874 1093 septem;

290 1129 452 1183 quem
489 1115 628 1168 Otho
657 1130 803 1168 unus
835 1131 900 1168 ex
933 1114 1246 1169 senioribus
1275 1114 1610 1171 interﬁciens
1643 1114 1877 1186 imperat

290 1202 479 1260 Romae
507 1206 793 1261 mensibus
822 1205 999 1260 tribus
1023 1224 1040 1274 ;
1066 1222 1177 1275 quo
1210 1204 1461 1262 Vitellius
1484 1206 1672 1263 occiso
1702 1208 1875 1276 impe-

288 1307 376 1353 rat
422 1299 711 1353 mensibus
742 1309 888 1353 octo.
925 1296 1024 1352 llic
1071 1297 1336 1352 Sabinum
1388 1297 1614 1354 fratrem
1665 1295 1876 1369 Vesper

288 1391 434 1445 siani
488 1392 686 1447 timore
732 1392 785 1445 iu
833 1390 1170 1462 Capitolium
1214 1389 1513 1461 fugientem
1569 1394 1622 1447 in
1672 1392 1877 1464 templo

285 1483 443 1539 Jovis
476 1483 714 1554 peremit
743 1495 796 1538 et
833 1485 1096 1552 templum
1135 1484 1430 1540 subvertit.
1463 1484 1666 1540 Verum
1701 1485 1818 1556 ipse
1845 1501 1875 1540 a

291 1574 604 1630 Domitiano
639 1575 862 1644 juniore
903 1573 1231 1646 Vespasiani
1268 1576 1380 1631 tilio
1411 1577 1666 1648 protinus
1701 1576 1871 1632 inter-

289 1671 469 1724 fectus
484 1676 595 1726 est.
623 1668 749 1725 Tito
772 1685 1014 1740 namque
1039 1669 1260 1725 seni-ore
1281 1669 1394 1724 filio
1428 1675 1494 1724 ad
1520 1669 1875 1726 debellandos

287 1763 510 1821 Iudaeos
564 1763 854 1829 derelicto,
907 1761 1282 1835 Vespasianus
1322 1765 1377 1818 in
1429 1760 1695 1820 Graeciam
1727 1763 1875 1818 venit

1978 560 2087 606 l‘Ul‘.

2047 642 2230 698 Mundi
2259 659 2403 700 anno
2436 641 2594 713 5590,
2623 645 2823 702 divinae
2850 647 3246 704 incarnationis
3283 649 3374 715 90,
3411 647 3550 703 Tra-

1971 736 2136 806 janns
2165 739 2413 808 imperat.
2446 737 2639 796 Justus
2677 740 3013 798 Tiberiensis
3041 740 3263 799 Iudaeus
3307 743 3553 798 conscri-

1976 837 2100 900 ptor
2128 830 2469 900 agnoscitur.
2502 829 2879 890 Tertullianus
2909 834 3169 891 historice
3221 845 3407 892 narrat
3438 835 3554 890 Pli-

1977 922 2125 976 nium
2158 921 2471 980 Secnn-dum
2501 926 2865 996 quarumdam
2903 928 3312 997 provinciarum
3364 943 3553 996 gerere

1973 1014 2346 1085 praesidatum,
2392 1025 2445 1072 et
2473 1027 2650 1073 morte
2684 1018 2953 1089 plurimos
2993 1018 3130 1073 allici
3182 1018 3552 1084 Christianos,

1976 1121 2143 1175 super
2163 1107 2364 1177 quibus
2395 1111 2655 1168 haesitans
2692 1110 2825 1182 quid
2849 1119 2997 1168 esset
3031 1111 3324 1182 agendum,
3359 1111 3557 1184 Traja-

1977 1215 2048 1254 no
2087 1201 2329 1271 suggerit
2361 1203 2436 1256 nil
2454 1217 2550 1258 eos
2575 1213 2750 1260 morte
2779 1219 2970 1276 gerere
2991 1204 3243 1280 dignum,
3279 1205 3386 1261 nisi
3409 1208 3553 1277 quod

1977 1290 2137 1347 idolis
2170 1306 2277 1348 non
2299 1293 2648 1350 immolarent
2676 1296 3022 1353 etChristum
3046 1297 3212 1355 veluti
3231 1296 3399 1356 Deum
3428 1305 3558 1355 ante

1977 1383 2155 1439 lucem
2198 1380 2489 1456 surgentes
2529 1390 2838 1458 laudarent,
2886 1407 2914 1446 a
2954 1394 3112 1450 malis
3154 1397 3410 1452 omnibus
3462 1399 3556 1453 al;-

1977 1477 2267 1534 stinentes.
2311 1479 2392 1533 Ad
2424 1497 2587 1552 quem
2623 1476 2896 1554 Traianus
2923 1486 3176 1542 rescrth
3204 1467 3555 1543 Christianos

1983 1570 2304 1629 nullatenus
2342 1576 2727 1645 inquirendos.

2047 1661 2233 1719 Mundi
2275 1680 2418 1722 anno
2449 1669 2611 1737 5596,
2640 1670 2839 1728 divinae
2870 1672 3266 1731 incarnationis
3299 1691 3441 1732 anno
3463 1675 3553 1744 96,

1975 1753 2236 1812 Joannem
2279 1758 2593 1832 deiloqnum
2626 1771 2679 1819 et
2729 1767 3038 1836 apostolum
3079 1766 3316 1825 Irenaeus
3354 1778 3410 1825 et
3462 1769 3555 1826 alii

285 1860 557 1931 gaudens,
590 1866 649 1913 ut
682 1855 863 1913 Graeci
900 1859 1162 1924 fatentur,
1198 1858 1255 1912 in
1290 1858 1376 1912 his
1408 1872 1530 1927 qua:
1559 1856 1816 1912 audiebat
1842 1871 1872 1910 a
1905 1841 1945 1896 Β
1975 1850 2224 1906 scribunt
2245 1857 2597 1922 superstitem
2620 1873 2796 1929 usque
2820 1858 2887 1912 ad
2914 1867 3158 1930 tempora
3187 1863 3559 1932 permansisse

289 1937 564 2018 Tyanensi
595 1946 890 2018 Apollonio
917 1947 982 2001 de
1011 1953 1262 2018 tempore
1303 1947 1522 2018 imperii
1562 1963 1627 2002 ac
1658 1947 1875 2003 caeteris

290 2041 452 2096 bonis
507 2040 776 2104 fortioris,
805 2040 1039 2110 loquens
1076 2054 1204 2095 cum
1254 2055 1322 2095 eo
1365 2041 1509 2110 apud
1547 2035 1872 2112 JEgyptum,

290 2133 360 2186 ab
411 2131 563 2188 Indis
625 2139 680 2188 et
733 2131 1096 2188 Brachmanis
1138 2146 1202 2187 ac
1254 2131 1720 2204 gymnosOphistis
1766 2132 1877 2187 illic

286 2224 616 2293 degentibus
653 2224 943 2278 redeunte.
979 2223 1114 2279 Cum
1156 2240 1287 2296 ergo
1336 2224 1579 2278 venisset
1609 2225 1664 2278 in
1699 2222 1876 2280 Hella-

289 2317 437 2377 dem,
465 2316 610 2383 cepit
642 2316 864 2386 refugas
893 2317 1165 2371 civitates.
1204 2315 1449 2386 Denique
1482 2315 1712 2372 Romam
1745 2332 1876 2381 pro-

290 2411 472 2466 fectus
502 2409 791 2478 imperavit
830 2416 1051 2473 ornate,
1083 2407 1289 2464 Neroni
1340 2408 1630 2475 resiStcns,
1656 2416 1711 2464 et
1745 2408 1877 2464 sub-

291 2507 532 2562 stantias
563 2521 628 2560 ac
650 2505 777 2574 jura
808 2519 1079 2560 revocans
1112 2503 1288 2558 urbis.

362 2599 548 2654 Mundi
577 2614 722 2653 anno
761 2596 924 2666 5566,
947 2598 1147 2652 divinae
1183 2595 1582 2652 incarnationis
1613 2609 1759 2651 anno
1783 2595 1872 2662 66,

290 2688 603 2744 Antiochia:
626 2689 872 2758 lgnatius
898 2686 1199 2758 episcopus
1223 2686 1398 2742 deil'er
1428 2685 1681 2742 trahetur.
1707 2686 1876 2755 Igitur

291 2784 512 2855 primus
542 2781 970 2852 alienigenarum
1001 2793 1096 2834 rex
1123 2776 1438 2834 Iudaeorum
1471 2776 1718 2835 Herodes
1749 2777 1874 2850 fuit,

287 2877 388 2947 qui
429 2890 630 2946 pueros
689 2871 991 2934 interfecit,
1031 2873 1195 2928 annis
1232 2872 1339 2939 57;
1389 2871 1694 2927 Archelaus
1731 2871 1876 2926 illius

288 2957 414 3041 ejus
440 2968 603 3022 annis
625 2967 691 3028 9;
718 2965 966 3020 Herodes
991 2964 1160 3019 frater
1173 2964 1295 3034 ejus
1319 2964 1478 3018 annis
1494 2963 1594 3030 24;
1616 2963 1873 3034 Agrippa,

285 3061 386 3130 qui
419 3071 472 3115 et
505 3058 769 3123 Herodes,
813 3059 961 3113 illius
1010 3057 1264 3121 Herodis,
1297 3060 1389 3127 qui
1424 3072 1548 3111 esca
1597 3057 1875 3113 vermibus

290 3168 381 3209 est
409 3152 608 3218 factus,
645 3153 805 3206 annis
833 3152 899 3218 7;
941 3151 1179 3221 Agrippa
1214 3151 1358 3206 tilius
1390 3150 1535 3218 ejus,
1567 3150 1661 3220 qui
1699 3150 1879 3205 minor

286 3247 604 3310 dicebatur,
631 3246 792 3301 annis
817 3245 925 3312 25;
956 3245 1024 3299 ad
1051 3261 1212 3315 quem
1248 3259 1426 3314 usque
1453 3243 1521 3297 ab
1548 3241 1877 3315 alienigenis

287 3335 574 3396 detentum
610 3354 837 3409 regnum
866 3336 1182 3408 Iudaeorum
1215 3337 1536 3409 perduravit
1566 3350 1741 3394 annos
1773 3333 1877 3393 100

287 3451 323 3488 o
352 3434 530 3506 primo
557 3430 796 3487 Herode.

366 3526 552 3580 Mundi
578 3540 723 3580 anno
754 3521 917 3586 5575,
961 3521 1158 3577 divinat
1193 3521 1592 3579 incarnationis
1617 3536 1762 3578 anno
1783 3521 1874 3588 75.,

291 3617 566 3676 Vesuvius
609 3632 767 3672 mons
816 3617 920 3671 sub
963 3614 1088 3670 Tito
1135 3613 1459 3686 Vespasiani
1519 3614 1632 3671 ﬁlio
1666 3615 1722 3669 in
1749 3627 1876 3670 ver-

289 3714 401 3767 tice
446 3712 656 3768 scissus
703 3709 883 3780 ignem
935 3707 1136 3770 emisit,
1175 3708 1312 3764 adeo
1369 3715 1428 3762 ut
1497 3707 1878 3763 incenderetur

294 3802 558 3872 adjacens
591 3799 742 3870 regio
765 3810 890 3853 eum
925 3797 1263 3853 civitatibus.
1323 3796 1667 3854 Domitianus
1705 3808 1878 3852 eunu-

294 3894 498 3949 chisari
550 3893 695 3945 viros
730 3890 928 3962 jussit,
957 3897 1011 3944 et
1056 3904 1280 3946 uxorem
1328 3891 1636 3960 nuncupari
1689 3895 1876 3962 Augu-

297 3995 476 4043 stam:
505 3988 598 4056 qui
647 3995 766 4053 post
810 3983 1078 4039 Neronem
1113 3984 1390 4040 secundus
1442 3984 1875 4055 persecutionem

295 4081 486 4135 intulit
516 4078 868 4145 Christianis;
898 4095 1134 4148 quorum
1173 4079 1332 4133 multi
1395 4080 1659 4149 martyrio
1717 4089 1878 4133 cora-

293 4173 413 4230 nati
448 4184 602 4236 sunt,
638 4184 695 4229 ut
731 4175 947 4231 Bretius
973 4175 1166 4231 scribit
1193 4191 1235 4250 ;_
1273 4175 1414 4229 inter
1449 4185 1588 4244 quos
1617 4183 1670 4229 et
1695 4171 1878 4228 Flavia

296 4269 603 4334 Dotn'rcilla,
635 4269 968 4324 consobrina
1000 4252 1300 4323 Clementis
1337 4266 1510 4321 Flavii
1539 4267 1876 4332 consularis,

301 4376 358 4420 ut
386 4364 701 4421 Christiana
736 4363 976 4434 fugatur,
1001 4363 1228 4433 ipseque
1248 4361 1502 4417 Clemens
1530 4377 1628 4433 pro
1658 4359 1880 4417 ChriSto

298 4458 604 4529 perimitur.
675 4454 849 4525 Hujus
915 4463 1096 4508 autem
1156 4452 1471 4523 Stephanus
1532 4453 1757 4523 quidam
1811 4468 1877 4507 ex

1977 1942 2222 2013 Trajani,
2259 1959 2389 2001 cum
2415 1948 2617 2018 quibus
2657 1949 2856 2020 Papias
2905 1949 3349 2022 llieropolit‘au'us
3371 1963 3423 2010 et
3450 1953 3551 2009 Po-

1976 2039 2237 2111 ‘lycarpus
2281 2040 2530 2113 Smyrna:
2562 2042 2856 2113 episcopus
2881 2044 3166 2102 auditores
3215 2047 3335 2118 ejus
3383 2045 3556 2106 fuisse

1978 2144 2309 2189 noscuntur.

2049 2222 2235 2280 Mundi
2295 2241 2437 2281 anno
2497 2225 2657 2291 5600,
2713 2226 2912 2282 divinae
2964 2228 3362 2288 incarnationis
3408 2247 3555 2289 anno

1979 2318 2304 2384 centesimo,
2335 2317 2612 2390 Trajanus
2646 2317 2808 2390 Lysio
2837 2319 3040 2386 Quinto
3070 2313 3289 2378 Iudaeos
3319 2339 3349 2378 a
3376 2323 3547 2381 Meso-

1988 2411 2233 2476 potamia
2261 2411 2563 2466 seditiones
2587 2411 2853 2468 facientes
2879 2413 3047 2483 jussit
3079 2414 3304 2472 auferri.
3362 2418 3432 2471 At
3464 2419 3556 2475 illo

1978 2504 2226 2574 pluribus
2239 2502 2550 2560 Judatorum
2575 2505 2815 2562 millibus
2835 2508 3122 2565 trucidatis
3141 2525 3341 2580 praeses
3358 2509 3558 2568 Iudaeae

1978 2606 2264 2668 propterea
2293 2597 2670 2655 constituitur.

2049 2691 2234 2747 Mundi
2269 2707 2414 2747 anno
2431 2691 2806 2759 5609,divinae
2837 2695 3233 2753 incarnationis
3265 2712 3407 2752 anno
3425 2697 3556 2766 l09,

1979 2782 2160 2839 Elius
2183 2784 2456 2839 Adrianus
2492 2784 2791 2855 imperans,
2848 2785 3128 2854 Quadrato
3180 2787 3557 2858 apostolorum

1976 2875 2216 2931 auditori
2246 2885 2302 2930 et.
2324 2875 2547 2931 Aristidi
2581 2878 2906 2934 Atheniensi
2933 2879 3256 2950 philosopho
3280 2895 3377 2948 pro
3399 2880 3558 2936 Chri-

1979 2970 2174 3025 stianis
2213 2968 2319 3026 sibi
2355 2968 2754 3036 scribentibus,
2793 2986 3008 3027 necnon
3039 2980 3092 3027 et
3137 2972 3404 3027 Serennio
3441 2975 3556 3028 clu-

1979 3061 2202 3116 rissimo
2232 3059 2358 3116 duci
2403 3061 2667 3117 scribenti
2716 3063 2981 3133 injustum
3043 3063 3159 3119 fore
3191 3065 3310 3120 sine
3347 3065 3560 3136 judicio

1978 3151 2330 3209 Christianos
2365 3151 2566 3216 occidi.
2607 3155 2802 3210 scribit
2861 3155 3091 3214 Minutio
3144 3155 3373 3214 Funano
3427 3173 3558 3229 pro-

1984 3245 2196 3303 consuli
2229 3245 2373 3302 Asia:
2425 3247 2705 3302 neminem
2753 3247 3115 3304 occidendum
3150 3265 3260 3306 non
3309 3260 3559 3308 exstante

1985 3347 2307 3394 accusatore
2341 3345 2395 3394 et
2431 3337 2681 3396 crimine.

2056 3425 2242 3482 Mundi
2301 3443 2446 3483 anno
2480 3429 2642 3495 562i,
2703 3426 2902 3486 divinae
2952 3431 3353 3488 incarnationis
3411 3446 3560 3491 anno

1986 3519 2109 3587 121,
2143 3521 2451 3579 Hadrianus
2472 3523 2612 3593 apud
2664 3523 2903 3579 Athenas
2938 3534 3202 3589 moratur,
3230 3524 3340 3580 illic
3364 3525 3560 3582 biblio-

1986 3616 2174 3670 thecas
2204 3617 2516 3672 constituit.
2573 3615 2776 3672 Judzeis
2819 3634 2949 3673 vero
2983 3619 3219 3689 pessima
3253 3626 3404 3676 sorte
3454 3635 3559 3692 pu-

1985 3708 2116 3762 nitis
2147 3709 2344 3764 bellum
2385 3710 2529 3780 quod
2561 3709 2827 3766 adversus
2873 3711 3000 3767 illos
3048 3711 3357 3782 agitabatur
3397 3712 3560 3769 finem

1985 3797 2195 3868 habuit,
2223 3801 2438 3858 excidio
2472 3801 2866 3876 Hierosolymis
2921 3803 3225 3860 novissime
3275 3805 3558 3870 desolatis,

1986 3895 2151 3949 itaut
2186 3907 2283 3951 nec
2344 3895 2482 3967 lapis
2551 3913 2718 3968 super
2774 3897 3033 3968 lapidem,
3091 3897 3393 3954 secundum
3419 3898 3560 3954 divi-

1984 4003 2112 4042 nam
2143 4004 2350 4055 vocem,
2385 3983 2456 4044 sit
2502 3989 2557 4042 in
2601 4004 2662 4043 ea
2697 3990 2944 4046 relictus.
3000 3989 3102 4045 Per
3150 3990 3294 4044 idem
3344 3998 3558 4061 tempus

1987 4079 2330 4135 Phavorinus
2366 4090 2418 4136 et
2465 4081 2700 4135 Palaemo
2728 4081 2974 4138 rhetores
3037 4081 3302 4151 insignes,
3341 4098 3558 4139 necnon

1985 4180 2040 4226 et
2071 4168 2316 4228 Herodes
2350 4171 2700 4227 Atheniensis
2730 4181 2784 4228 et
2828 4173 3044 4228 Marcus
3102 4172 3397 4245 Byzantius
3431 4174 3559 4229 rhe-

1987 4273 2134 4319 tores
2161 4263 2521 4319 habebantur.
2582 4259 2753 4316 Porro
2811 4273 2935 4333 post
2992 4263 3191 4333 Joseph
3237 4260 3556 4335 Hierosoly-

1985 4371 2199 4412 morum
2230 4354 2399 4411 Judas
2422 4356 2706 4410 ordinatur
2741 4356 3057 4426 episcopus,
3085 4354 3151 4409 ad
3183 4355 3338 4425 cujus
3357 4371 3560 4411 secun-

1986 4447 2116 4502 dum
2154 4462 2358 4501 annum
2393 4447 2764 4519 perduravere
2793 4460 2823 4500 e
2871 4445 3297 4501 circumcisione
3317 4446 3561 4516 episcopi

303 4547 540 4614 libertis,
580 4547 728 4601 circa
782 4544 1122 4600 Clementem
1165 4546 1446 4600 dominum
1478 4562 1635 4600 suum
1677 4546 1879 4602 amoris
1911 4571 1957 4632 ο
1989 4541 2075 4601 l5.
2115 4542 2230 4597 Sub
2258 4557 2367 4612 quo
2406 4541 2655 4597 videlicet
2690 4539 2989 4610 perfectum
3022 4547 3076 4596 et
3116 4550 3420 4595 extremum
3473 4540 3558 4594 fa-

300 4636 497 4694 aﬂectu
553 4636 834 4703 detentus,
889 4635 1108 4692 insidiis
1177 4635 1544 4691 Domitianum
1593 4639 1819 4706 peremit
1865 4654 1880 4703 ;

301 4733 446 4788 unde
474 4733 680 4788 honore
710 4746 741 4784 ει
777 4737 968 4786 senatu
994 4731 1192 4801 dignus
1219 4731 1444 4786 eﬂ‘ectus
1467 4741 1569 4798 est,
1595 4747 1659 4787 eo
1681 4732 1820 4803 quod
1850 4748 1880 4786 a

305 4826 542 4881 rnaximo
561 4827 707 4880 malo
736 4824 1016 4879 Romanos
1048 4823 1281 4879 eruerit.

371 4916 558 4972 Mundi
591 4931 738 4972 anno
766 4916 929 4979 5578,
954 4917 1154 4970 divinae
1182 4915 1579 4971 incarnationis
1615 4931 1759 4968 anno
1791 4916 1879 4979 78,

299 5017 531 5080 quartus
566 5018 692 5078 post
735 5023 1012 5065 summum
1060 5007 1278 5062 Petrum
1310 5005 1498 5061 Romae
1547 5016 1740 5076 praeest
1779 5009 1883 5061 Ec-

300 5101 484 5156 clesiae
503 5099 780 5166 Clemens,
816 5099 978 5170 cujus
1013 5107 1066 5154 et
1091 5097 1384 5168 Apostolus
1437 5098 1490 5150 in
1531 5098 1772 5167 ripistola
1814 5098 1880 5151 ad

303 5194 685 5265 l’hilippenses
733 5193 976 5250 secunda
1019 5193 1269 5247 meminit
1307 5192 1538 5246 dicens:
1575 5189 1708 5246 Cum
1764 5189 1884 5244 Cle-

306 5300 475 5344 mente
509 5299 557 5345 ct
604 5289 808 5343 ceteris
857 5285 1282 5353 cooperatorlbus
1345 5285 1494 5349 meis,
1525 5300 1747 5355 quorum
1789 5299 1882 5337 no-

307 5385 449 5436 mina
471 5391 593 5436 sunt
625 5382 680 5434 in
707 5381 843 5434 libro
873 5381 1010 5434 vita.
1067 5379 1240 5446 Hujus
1283 5378 1519 5448 Epistola
1585 5380 1757 5431 fertur
1812 5376 1878 5430 ad

305 5473 626 5528 Corinthios
664 5473 855 5534 missa,
890 5485 1052 5540 quam
1084 5477 1194 5522 tota
1227 5469 1444 5539 recipit,
1477 5478 1533 5522 ut
1579 5463 1880 5539 Egesippus

309 5573 575 5625 testatur,
633 5563 903 5616 Ecclesia.
946 5561 1137 5615 Romae
1188 5574 1406 5630 quoque
1465 5559 1568 5615 sub
1629 5559 1880 5615 Evaristo

307 5671 440 5726 papa
468 5655 735 5710 divinitus
767 5655 924 5724 signa
973 5653 1164 5715 multa,
1202 5662 1256 5708 ct
1314 5669 1409 5723 per
1461 5661 1634 5706 totum
1667 5652 1874 5718 orbem,

303 5748 495 5804 eﬂ'ecta
530 5756 679 5804 sunt.

376 5842 563 5899 Mundi
634 5855 780 5896 anno
825 5838 1010 5902 5589,
1060 5835 1259 5892 divina:
1321 5835 1717 5893 incarnationis
1783 5835 1877 5903 89,

1986 4645 2131 4689 ctum
2153 4643 2237 4689 est
2258 4635 2496 4690 civitatis
2524 4641 2578 4688 et
2625 4632 2867 4687 nationis
2905 4629 3220 4687 Iudaeorum
3258 4631 3554 4688 excidium.

1988 4731 2126 4803 Ergo
2163 4731 2372 4800 primus
2394 4745 2462 4784 ex
2491 4729 2745 4799 gentibus
2776 4726 2992 4784 Marcus
3021 4725 3126 4781 fuit
3148 4723 3559 4798 Hierosolymo-

1989 4840 2104 4878 rum
2140 4824 2437 4892 episcotius
2468 4821 2626 4875 annis
2655 4820 2710 4875 8.
2784 4852 2791 4858 -

2057 4913 2243 4969 Mundi
2273 4929 2416 4968 anno
2446 4912 2605 4978 5630,
2625 4910 3235 4967 divinsincarnationis
3258 4925 3401 4966 anno
3431 4910 3558 4976 150,

1987 5004 2051 5059 Τ.
2092 5004 2405 5058 Antoninus
2433 5013 2800 5068 cognomento
2835 4999 2966 5057 Pius
2991 5016 3114 5056 cum
3152 5001 3278 5058 [iliis
3303 5002 3556 5072 imperat.

1981 5097 2233 5152 Justinus
2265 5094 2750 5166 phil050phus'pro
2781 5093 2914 5148 recti
2943 5091 3215 5148 sermonis
3260 5093 3434 5149 nostri
3469 5108 3559 5147 ra-

1984 5191 2132 5245 tione
2166 5189 2363 5244 librum
2392 5186 2792 5258 apologeticum
2826 5185 3103 5242 Antonino
3157 5187 3418 5257 porrexit.
3453 5186 3557 5240 ειυς

1985 5293 2230 5354 tempora
2258 5297 2388 5337 sane
2424 5280 2622 5353 Hygini
2649 5291 2702 5334 et
2734 5274 2812 5334 Pii
2852 5279 3228 5334 Romanorum
3267 5281 3557 5351 episcopo-

1986 5392 2103 5430 rum
2129 5389 2302 5444 usque
2335 5374 2401 5428 ad
2429 5372 2712 5427 Anicetum
2737 5369 3061 5426 Valentinus
3093 5380 3147 5428 et
3169 5366 3344 5428 Cerdo
3362 5381 3558 5427 aucto-

1986 5487 2072 5528 res
2105 5469 2396 5526 Marcionis
2432 5468 2702 5524 hasreseos
2734 5467 2877 5536 apud
2899 5467 3089 5523 urbem
3118 5465 3344 5521 Romam
3385 5466 3556 5522 fuisse

1984 5573 2309 5620 noscuntur.
2381 5561 2648 5615 Arrianus
2705 5559 3061 5630 phil050phus
3119 5554 3556 5615 Nicomediensis

1982 5666 2186 5728 praetor
2248 5653 2593 5725 agnoscitur,
2657 5667 2870 5707 necnon
2906 5662 2958 5707 et
3015 5648 3283 5708 Maximus
3332 5650 3553 5724 Tyrius,

1979 5746 2306 5818 Apollonius
2339 5745 2585 5810 Stoicus,
2643 5742 3073 5806 Chalcedonius.
3115 5741 3386 5799 Basilides
3422 5742 3557 5814 Scy-

1982 5837 2378 5907 thopolitauus.
2429 5832 2522 5890 Isti
2557 5834 2718 5888 etimn
2753 5831 2996 5904 magistri
3016 5831 3299 5888 Vcrissimi
3325 5830 3559 5890 Caesaris
