4038 6298
501 334 637 403 1199

1589 328 1988 393 ANASTASII
2030 327 2651 391 BIBLIOTHECARII

3628 323 3760 390 1200

496 453 850 508 exstiterunt.
906 446 1391 519 Criscuscynicus
1433 446 1796 520 philosophus
1850 443 2069 500 Justino
2095 446 2146 506 Α
2175 442 2453 501 Macrinus
2476 444 2621 501 filius
2647 443 2943 501 Caracallae
2966 450 3121 513 patre
3167 441 3351 499 occiso
3380 442 3552 499 sumit
3585 441 3755 513 impe-

496 547 686 600 divino
732 542 1061 615 philosopho
1111 551 1302 597 nostro
1340 538 1603 613 ;martyrii
1650 548 1880 594 mortem
1938 552 2073 592 con-

497 637 719 702 struxit,
755 636 1082 707 redargutus
1112 635 1181 689 ab
1214 649 1281 689 eo
1305 632 1489 688 canini
1526 633 1781 701 latratus.

566 728 751 784 Mundi
781 744 927 784 anno
959 726 1120 792 5640,
1146 727 1345 783 divinae
1364 726 1759 782 incarnationis
1782 724 2069 789 annolw,

498 820 629 876 Pius
664 820 944 877 Romanus
976 820 1279 875 habebatur
1309 819 1621 889 episcopus,
1650 820 1754 874 sub
1776 834 1884 889 quo
1909 816 2075 889 Poly-

499 930 699 986 carpus
732 913 917 969 Romae
939 915 1139 968 multos
1171 912 1395 967 reduxit
1425 913 1494 965 ab
1526 910 1743 965 haeresi.

569 1007 754 1062 Mundi
796 1022 948 1061 anno
983 1005 1158 1071 '56‘53,
1214 1005 1415 1060 divinae
1474 1003 1879 1059 incarnationis
1927 1018 2076 1060 anno

500 1099 623 1166 155,
687 1097 1317 1177 Poly‘carp‘usSmyi-nze
1363 1111 1532 1151 sacer
1601 1096 1898 1167 episcopus
1962 1110 2076 1167 pro

498 1191 719 1249 Christo
758 1191 1023 1264 martyrio
1076 1190 1443 1255 consumitur,
1475 1204 1600 1243 cum
1643 1190 1972 1259 imperarent
2002 1187 2073 1243 Μ.

498 1284 753 1340 Aurelius
781 1282 1111 1348 Antoninus,
1142 1284 1235 1351 qui
1263 1279 1535 1345 et'Verus,
1556 1279 1887 1349 Luciusque
1908 1280 2077 1335 Aure-

500 1377 608 1433 lius
639 1382 701 1431 et‘
718 1373 1075 1431 Commodus.
1109 1366 1279 1429 ’Multi
1309 1388 1529 1444 quoque
1575 1373 1719 1444 apud
1757 1372 1963 1430 Gallias
1998 1375 2077 1428 le-

500 1471 687 1543 gitime
716 1485 815 1541 pro
844 1468 1066 1524 Christo
1097 1476 1471 1532 certaverunt,
1535 1478 1768 1536 quorum
1793 1468 2076 1536 passiones

502 1563 720 1632 scriptae
755 1570 889 1615 sunt
934 1561 987 1613 in
1027 1557 1292 1614 memoria
1328 1565 1697 1628 posterorum.
1746 1555 2079 1611 Melite-Sar-

501 1655 846 1711 diancnsium
891 1652 1074 1726 Lydiae
1098 1651 1396 1722 episcopus
1439 1650 1696 1721 pollebat,
1731 1650 1823 1720 qui
1856 1650 2073 1705 librum

502 1749 899 1821 apologeticum
958 1763 1055 1817 pro
1102 1745 1430 1801 Christianis
1482 1746 1761 1800 Antonino
1811 1746 2072 1815 porrexit.

2179 546 2347 585 num.

2245 624 2426 679 Mundi
2460 640 2605 680 anno
2627 626 2787 692 5710,
2816 625 3014 681 divinae
3040 625 3436 681 incarnationis
3465 639 3614 680 anno
3628 626 3752 691 ΞΗ),

2175 716 2436 774 Callistus
2458 720 2748 789 episcopus
2783 718 3043 774 Romanae
3067 732 3263 790 praeest
3286 718 3563 784 Ecclesiae,
3589 720 3758 773 Anto-

2178 812 2345 868 ninus
2379 811 2637 867 Aurelius
2658 814 2911 883 itnperat.

2246 903 2770 969 Mundiann057l5,
2799 906 2997 962 divinae
3027 906 3425 962 incarnationis
3458 922 3606 961 anno
3630 904 3754 968 215.

2179 993 2437 1053 Urbanus
2494 999 2789 1069 episcopus
2836 999 3142 1055 Romanum
3210 998 3756 1071 gerit'pontiiicium,

2178 1088 2494 1145 Alexander
2571 1089 2807 1146 Mamaeae
2874 1092 3019 1148 (ilius
3094 1092 3346 1161 imperat.
3430 1088 3756 1160 Hippolytus

2181 1180 2481 1247 Romanus,
2525 1180 2821 1251 episcopus
2864 1180 3275 1238 sacratissimus
3330 1181 3559 1247 Portus,
3606 1182 3761 1239 valde

2179 1269 2587 1328 decoreiﬂoruit
2620 1273 2675 1327 in
2702 1256 3047 1345 philosophia
3074 1290 3197 1346 quae
3241 1275 3549 1331 secundum
3606 1274 3761 1330 Chri-

2179 1377 2326 1424 stum
2363 1374 2470 1434 est,
2542 1368 2825 1439 multaque
2857 1370 3055 1425 animae
3124 1368 3410 1440 profutura
3446 1369 3761 1439 composuit

2179 1472 2555 1531 monumenta,
2582 1472 2691 1519 tam
2720 1466 2931 1522 scilicet
2963 1466 3020 1521 in
3052 1467 3355 1523 Exameron
3385 1474 3440 1523 et
3461 1468 3615 1522 inea
3644 1481 3761 1537 qua:

2181 1563 2301 1624 post
2324 1555 2633 1611 Exameron
2660 1569 2809 1623 sunt,
2848 1558 2904 1613 in
2944 1559 3112 1613 multa
3146 1560 3310 1614 etiam
3363 1559 3761 1630 prophetarum

2182 1661 2233 1703 et
2261 1650 2497 1705 maxime
2525 1650 2829 1707 Ezechielis
2858 1659 2913 1707 et
2949 1650 3225 1719 Danielis;
3250 1652 3382 1722 quin
3407 1660 3462 1707 et
3488 1653 3543 1707 in
3569 1652 3758 1707 Cantic»

2183 1758 2245 1796 ca
2281 1743 2623 1798 canticonum
2645 1752 2701 1799 et
2729 1745 2784 1800 in
2816 1745 2953 1802 alias
2988 1745 3234 1801 diversas
3266 1754 3477 1801 veteres
3505 1758 3560 1800 et
3590 1760 3763 1799 novas

503 1808 797 1915 Dionysius
825 1840 1078 1897 Corinthi
1125 1839 1439 1909 episcopus,
1479 1839 1562 1892 vir
1592 1852 1772 1903 sacer,
1812 1851 2073 1907 agnosce-
2105 1808 2146 1864 Β
2181 1834 2531 1905 Scripturas;
2585 1837 2792 1893 interea
2822 1838 2986 1893 etiam
3009 1839 3064 1892 in
3097 1838 3461 1909 Apocalypsin
3495 1839 3760 1909 theologi,

501 1939 681 1995 batur.
710 1934 1174 1990 Christianorum
1208 1932 1553 1987 orationibus
1603 1929 1888 1987 Romanus
1915 1946 2075 1986 exer—

498 2032 644 2087 citus
668 2026 1061 2100 apu’dQuados
1090 2025 1368 2095 periturus
1410 2024 1676 2080 salvator.
1731 2022 2072 2094 Theophilus

502 2119 933 2184 Alexandrinus,
982 2117 1142 2187 cujus
1167 2116 1479 2185 conscripta
1521 2124 1650 2170 sunt
1706 2123 1761 2170 et
1797 2114 2072 2179 feruntur,

501 2228 715 2270 necnon
747 2221 801 2269 et
832 2210 1175 2282 Herodianus
1209 2208 1616 2264 Grammaticus
1664 2208 1907 2278 optimus
1957 2209 2076 2277 pol-

500 2309 722 2373 leban‘t,
767 2305 1357 2378 Cataphrygarumque
1402 2302 1905 2372 pseudoprophetia
1955 2312 2075 2357 orta

501 2411 605 2459 est.
1144 2394 1151 2399 ’

558 2493 756 2551 Mundi
809 2509 953 2549 anno
978 2491 1160 2557 5665,
1221 2492 1420 2548 divina:
1481 2489 1882 2545 incarnationis
1933 2502 2077 2541 anno

503 2589 628 2653 165,
682 2585 755 2646 Μ.
795 2586 1018 2641 Aurelio
1042 2585 1319 2639 Antonino
1345 2584 1646 2653 imperante
1704 2580 1986 2636 Sotericus
2026 2587 2079 2635 et

505 2680 762 2738 Eleuther
790 2677 1051 2734 Romana!
1083 2685 1324 2757 praesunt
1359 2675 1641 2731 Ecclesiae.
1677 2674 1938 2731 Galienus
1976 2689 2077 2743 op-

503 2774 672 2831 timus
708 2773 952 2829 medicus
984 2771 1242 2842 pollebat,
1274 2784 1475 2841 genere
1518 2766 1913 2839 Pergamenus.
1962 2764 2075 2822 "Ju-

502 2869 684 2925 lianus
715 2868 898 2921 Itonia:
927 2866 1075 2935 leges
1102 2863 1416 2949 promebat,
1471 2860 1677 2917 Fronto
1714 2859 2077 2926 rhctor,'Ari-

503 2959 674 3017 stides
707 2957 1023 3029 Smyrnaeus
1085 2953 1352 3024 sophista,
1386 2951 1669 3024 Oppianus
1719 2961 1898 3022 Poeta,
1937 2950 2081 3006 Atti-

503 3067 604 3108 cus
649 3050 967 3105 Platonicus
1026 3047 1387 3119 philosophus
1442 3052 1625 3101 erant.
1652 3044 1968 3100 Antoninus
2021 3050 2078 3099 et

2176 1941 2340 1996 quam
2383 1929 2438 1981 in
2464 1926 2655 1983 Patmo
2685 1928 2844 1983 vidit.
2886 1928 2953 1983 Et
2982 1938 3174 1985 contra
3209 1928 3540 1985 Marcionem
3567 1939 3623 1985 et
3660 1947 3766 1986 cae-

2176 2028 2321 2075 teras
2362 2019 2597 2077 haereses
2653 2022 2897 2092 scripsit,
2929 2030 2985 2079 et
3016 2022 3084 2078 de
3110 2022 3177 2078 t6
3224 2039 3491 2079 annorum
3520 2024 3760 2082 circuln.

2175 2114 2267 2182 qui
2308 2113 2359 2167 in
2396 2114 2619 2170 Paschae
2681 2117 2891 2172 ratione
2926 2118 3225 2173 observari
3284 2118 3443 2183 solet,
3504 2121 3761 2187 exposuit

2177 2221 2465 2270 canonem,
2508 2224 2670 2276 quem
2731 2210 2872 2263 intra
2936 2212 3172 2279 primum
3219 2227 3422 2265 annum
3478 2212 3761 2267 concludi

2179 2299 2476 2354 Alexandri
2504 2302 2741 2357 Momm
2768 2302 2884 2358 lilii.
2916 2301 2982 2357 Et
3012 2310 3072 2357 ut
3093 2300 3481 2374 compendiose
3516 2306 3756 2368 dicatur,

2177 2391 2549 2463 Theophrales
2572 2396 2647 2459 (l)
2666 2395 2860 2452 ﬂuvius
2896 2397 3151 2454 Ecclesiae
3182 2400 3422 2453 vivorum
3441 2398 3668 2454 eﬂ‘ectus
3680 2410 3767 2455 est

2178 2483 2529 2549 ﬂuentorum,
2551 2486 2619 2541 ad
2641 2497 2948 2543 extremum
2972 2490 3216 2562 martyrii
3235 2494 3757 2549 coronamindutus.

2179 2577 2259 2632 Ex
2295 2578 2401 2634 hoc
2429 2581 2592 2635 etiam
2645 2580 2837 2636 infelix
2869 2580 3135 2654 Origenes
3160 2585 3554 2640 conscribendi
3605 2601 3762 2640 cmu-

2180 2673 2478 2728 mentarios
2523 2674 2578 2727 in
2609 2673 2923 2744 Scripturas
2954 2686 3175 2731 sanctas
3228 2675 3470 2732 fomitem
3507 2679 3759 2748 sumpsit,

2182 2766 2452 2823 incitante
2473 2782 2533 2824 se
2564 2768 2881 2833 Ambrosio,
2908 2777 2962 2823 et
2984 2769 3211 2834 aﬂatim,
3244 2785 3368 2847 quae
3403 2772 3455 2825 in
3487 2772 3592 2827 hoc
3622 2788 3760 2843 opus

2181 2870 2369 2917 essent
2416 2862 2755 2928 necessaria,
2783 2861 3069 2933 largiente.
3137 2861 3381 2933 Denique
3414 2874 3759 2934 septempe-

2184 2957 2355 3011 tarios
2387 2956 2647 3011 velociter
2680 2966 2735 3011 et
2760 2959 2969 3029 optime
3009 2956 3316 3013 scribentes
3347 2958 3634 3023 adhibuit,
3664 2958 3759 3014 sed

2180 3056 2236 3102 et
2286 3049 2502 3118 puellas
2550 3049 2821 3104 scribendi
2864 3047 3364 3105 arte'd‘octissiiuas
3414 3050 3480 3104 ad
3540 3050 3759 3106 inenaro

502 3142 840 3199 Commodus
860 3140 1023 3211 ~leges
1052 3147 1104 3194 et
1128 3137 1548 3194 constitutiones
1569 3136 1707 3193 bene
1727 3137 2080 3193 consideran—
2108 3157 2152 3214 ο
2184 3139 2414 3195 rabilem
2449 3142 2497 3196 ei
2542 3142 2907 3210 praestandam
2963 3142 3301 3198 alacritatem
3324 3142 3600 3199 dictandi.
3654 3144 3758 3199 Sed

505 3246 587 3293 tes
619 3238 1040 3290 renovaverunt.

575 3318 761 3376 Mundi
793 3333 938 3374 anno
962 3317 1123 3383 5672,
1149 3316 1345 3373 divinae
1368 3316 1767 3375 incarnationis
1790 3332 1933 3375 anno
1958 3318 2081 3384 172,

501 3412 807 3471 Commodo
865 3413 1169 3484 imperante
1226 3410 1464 3467 Irenacus
1524 3410 1815 3483 episcopus
1862 3410 2084 3482 Lugdu-

508 3504 696 3562 nensis
718 3503 918 3559 divinis
954 3502 1136 3557 verbis
1170 3508 1223 3555 et
1260 3501 1476 3556 actibus
1512 3501 1864 3557 coruscabat.
1915 3501 2081 3558 Com-

509 3596 705 3655 modus
728 3593 1135 3652 honorabilibns
1163 3608 1227 3649 ex
1252 3600 1441 3648 senatu
1467 3594 1765 3665 peremptis
1794 3593 1961 3651 etiam
1982 3592 2083 3650 Ju-

509 3692 721 3747 lianum
755 3688 1126 3757 legislatorem
1175 3686 1401 3742 occidit.

579 3782 765 3839 Mundi.
788 3797 932 3836 anno
952 3781 1113 3847 5685,
1135 3777 1334 3834 ‘divina:
1361 3779 1762 3835 incarnationis
1796 3793 1939 3835 anno
1957 3778 2081 3844 185,

509 3876 698 3933 Victor
727 3876 991 3931 Romanae
1036 3872 1297 3930 Ecclesiae
1342 3871 1501 3927 ﬂoret
1544 3872 1860 3944 episcopus,
1901 3869 2086 3928 ‘Julius

511 3964 767 4027 Pertinax
824 3969 1076 4038 imperat.
1134 3965 1275 4023 Post
1315 3981 1480 4037 quem
1548 3963 1802 4039 Julianus
1856 3974 2085 4022 vocatus

510 4061 700 4117 Didius
718 4059 943 4125 duobus
972 4066 1183 4114 tantum
1208 4058 1493 4123 mensibus
1522 4056 1756 4127 imperat
1781 4072 1798 4123 ;
1852 4058 1946 4128 qui
1980 4072 2085 4128 pro

509 4169 577 4211 eo
594 4151 739 4224 quod
765 4149 1013 4222 pecuniis
1052 4148 1340 4221 imperium
1386 4148 1618 4221 adeptus
1648 4147 1846 4211 fuerat,
1874 4163 1905 4202 a
1930 4149 2086 4218 priu-

509 4246 693 4320 cipatu
745 4246 1036 4316 deponitur
1068 4244 1139 4298 ab
1171 4242 1363 4297 amicis
1407 4240 1616 4309 Severi,
1647 4257 1679 4296 a
1728 4243 1931 4313 quibus
1958 4258 2082 4299 mox

512 4337 809 4408 imperator
841 4341 1081 4389 creatur.
1135 4332 1256 4399 Quo
1298 4342 1543 4403 tempore
1574 4332 1829 4389 Clemens
1853 4333 2086 4406 presby-

513 4439 598 4486 ter
653 4425 1080 4487 Alexandrinus,
1111 4423 1350 4494 Optimus
1401 4424 1656 4494 magister
1714 4424 1768 4478 in
1838 4426 2083 4497 philoso-

2166 3231 2241 3286 'in
2284 3231 2603 3287 barathrum
2651 3234 2870 3304 gentilis
2907 3236 3354 3307 .prodigiosaaque
3405 3234 3760 3295 fabulationfs

2185 3322 2439 3392 delapsus
2500 3324 2902 3380 restitutionem
2946 3334 3000 3381 et
3034 3328 3490 3397 praaexistentiam
3546 3343 3762 3385 necnon

2186 3423 2239 3469 et
2286 3413 2393 3468 alia
2457 3415 2707 3486 quadam
2764 3418 3018 3485 dogmata
3069 3417 3425 3487 praedicavit,
3471 3428 3526 3473 et
3565 3419 3689 3475 ideo
3733 3434 3764 3475 a

2184 3507 2353 3564 choro
2372 3517 2689 3563 sanctorum
2721 3508 2981 3579 expulsus
3022 3517 3127 3564 est.
3165 3506 3361 3565 Fertur
3404 3520 3590 3566 autem
3616 3511 3764 3579 quod

2181 3604 2433 3668 Mamaea,
2477 3613 2653 3659 mater
2684 3605 3032 3674 imperatoris
3079 3604 3396 3673 Alexandri,
3438 3622 3564 3663 cum
3604 3617 3768 3664 esset

2182 3696 2385 3765 oppido
2422 3694 2511 3750 Dei
2553 3696 2751 3751 cultrix
2782 3740 2800 3762 ,
2837 3697 3016 3751 locuta
3067 3699 3139 3753 sit
3174 3713 3298 3754 cum
3339 3699 3576 3770 Origene
3614 3702 3766 3772 apud

2184 3788 2526 3844 Antiochiam
2555 3790 2792 3860 degens;
2848 3805 2972 3860 qua:
3018 3794 3182 3847 etiam
3234 3807 3397 3863 penes
3443 3808 3641 3850 ouines
3674 3784 3768 3865 qui

2188 3882 2383 3940 famosi
2432 3892 2563 3938 tunc
2595 3883 3030 3942 Christianorum
3091 3886 3335 3957 magistri
3392 3887 3769 3953 habebantur,

2182 3975 2575 4047 benignisslme
2636 3977 2913 4033 ferebatur
2970 3989 3195 4050 propter
3256 3980 3437 4047 fidem,
3474 3997 3583 4051 qua
3621 3966 3770 4053 ergo

2180 4068 2465 4125 Christum
2496 4068 2780 4141 ﬂagrabat.
2811 4071 3068 4129 Enimaus
3099 4072 3402 4129 Palaestinae
3436 4076 3766 4141 castellum,

2186 4163 2254 4218 de
2286 4178 2397 4234 quo
2421 4162 2471 4217 in
2496 4164 2671 4220 sacris
2720 4165 2918 4234 legitur
2960 4165 3297 4237 Evangeliis,
3333 4167 3401 4224 ab
3442 4168 3769 4224 Alexandro

2185 4253 2469 4325 Nicopolis
2510 4265 2592 4311 est
2610 4256 2877 4313 honorari
2924 4256 3163 4323 decreta,
3200 4260 3470 4331 legatione
3494 4259 3764 4333 fungente

2185 4344 2469 4411 Africano,
2490 4347 2857 4415 qni-historias
2873 4348 2928 4404 in
2943 4349 3187 4421 quinque
3206 4352 3362 4407 libris
3405 4345 3761 4423 conscripsit.

2256 4434 2443 4492 Mundi
2464 4453 2608 4494 anno
2628 4439 2789 4505 5728,
2827 4440 3026 4497 divinae
3049 4443 3447 4501 incarnationis
3471 4460 3616 4501 anno
3629 4445 3763 4511 228,

511 4523 637 4594 phia
666 4535 789 4593 quae
816 4518 1118 4575 secundum
1159 4517 1438 4573 Christum
1472 4528 1577 4585 est,
1608 4520 1943 4589 compositor
1967 4520 2079 4575 eni-

2188 4527 2517 4587 Maximinus
2556 4534 2829 4603 imperans
2856 4545 3047 4591 contra
3090 4536 3438 4595 Christianos
3502 4554 3768 4611 persecu-

513 4613 635 4670 tuit.
687 4611 978 4666 Pantaenus
1031 4607 1398 4679 philoSOphus
1453 4624 1517 4662 cx
1578 4608 1782 4666 Stoicis
1810 4611 1866 4664 in
1897 4610 2082 4666 divino

512 4709 679 4764 verbo
717 4704 905 4777 fulget.
937 4704 1229 4758 Africanus
1259 4704 1555 4758 historicus
1592 4703 1941 4760 Christianus
1965 4709 2084 4776 pol-

514 4803 609 4857 let.
687 4800 968 4856 Musianus
1008 4799 1246 4867 scriptor
1270 4795 1685 4852 ecclesiasticus
1741 4801 2083 4869 agnoscitur.

514 4894 779 4965 Origenes
818 4891 1134 4948 inscnsatus
1166 4889 1309 4958 apud
1341 4888 1727 4944 Alexandriam
1763 4891 1945 4947 inania
1967 4893 2085 4963 opi-

516 4995 679 5042 natus
704 4983 960 5054 dogmata
993 4990 1235 5051 sectatur
1262 4982 1570 5050 gentilium.

583 5077 768 5137 Mundi
789 5090 935 5132 anno
966 5073 1126 5138 5696,
1150 5074 1348 5129 divina:
1378 5074 1774 5132 incarnationis
1801 5092 1945 5132 anno
1965 5077 2084 5145 l96,

514 5170 860 5246 Zephyrinus
906 5181 1199 5240 episcopus
1259 5164 1516 5222 Romanae
1573 5179 1769 5239 praeest
1805 5169 2079 5228 Ecclesiae.

518 5263 757 5320 Severus
790 5259 1021 5318 Romam
1042 5259 1266 5313 veniens
1298 5258 1579 5325 Albinum,
1621 5261 1715 5330 qui
1739 5263 2082 5333 tyrannidem

513 5363 710 5413 contra
741 5350 1189 5428 Lugdunensium
1211 5350 1487 5406 civitatem
1511 5364 1851 5421 exercuerat,
1880 5357 2086 5414 intere-

518 5440 637 5505 mit.

589 5538 772 5598 Mundi
803 5549 948 5592 anno
966 5534 1097 5591 570i
1112 5574 1127 5599 ,
1148 5533 1346 5591 divina»
1371 5536 1772 5593 incarnationis
1794 5554 1936 5596 anno
1960 5540 2055 5597 20l
2072 5584 2088 5608 ,

521 5634 834 5691 Antoninus
847 5627 1131 5685 Caracalla
1153 5628 1390 5701 imperat
1419 5645 1544 5687 cum
1569 5630 1735 5688 fratre
1762 5630 1918 5691 Geta.
1956 5634 2086 5693 Dein

590 5812 669 5889 (1)
707 5811 997 5882 Euphrates
1024 5815 1192 5872 codex
1229 5812 1513 5874 Thuauus.

2192 4623 2392 4677 tionem
2411 4624 2596 4681 movit.
2619 4625 2713 4683 His
2734 4631 3075 4700 temporibus
3094 4631 3371 4689 Antherus
3394 4644 3447 4688 et
3464 4632 3766 4693 Pontianus

2191 4712 2421 4770 Romani
2454 4718 2718 4787 prmsules
2749 4720 3091 4778 claruerunt.

2262 4806 2612 4880 Mundizanno
2641 4811 2799 4877 5751,
2820 4813 3018 4869 divinae
3045 4814 3444 4875 incarnationis
3471 4834 3617 4875 anno
3632 4820 3767 4888 9.51,

2190 4898 2503 4957 Gordianus
2550 4903 2802 4975 imperat.
2836 4903 3112 4965 Fabianus
3151 4910 3443 4982 episcopus
3480 4912 3767 4972 Romanus

2191 5002 2397 5064 martyr
2428 4994 2675 5051 habetur.

2258 5085 2443 5141 Mundi
2469 5104 2612 5142 anno
2644 5090 2803 5157 5737,
2824 5091 3024 5149 divinae
3049 5096 3446 5154 incarnationis
3464 5113 3611 5155 anno
3632 5102 3765 5169 257,

2188 5179 2525 5254 Porphyrius
2592 5184 2792 5241 Plotini
2855 5186 3122 5246 Platonici
3175 5193 3485 5264 philosophi
3550 5196 3771 5253 auditor

2189 5271 2439 5329 habetur.
2460 5272 2842 5347 The0pompus
2863 5280 3220 5354 philosophus
3250 5284 3391 5356 apud
3413 5284 3767 5345 Chaeroneam

2195 5371 2251 5419 et
2281 5362 2505 5421 Nicator
2536 5366 2794 5438 Sophiste
2845 5388 3014 5443 penes
3070 5375 3313 5433 Athenas
3352 5380 3611 5450 pollebat.
3641 5380 3770 5436 Phi-

2196 5455 2376 5526 lippus
2406 5459 2701 5529 imperator
2729 5464 2864 5520 adeo
2887 5466 2943 5521 in
2979 5466 3085 5523 lide
3107 5468 3311 5525 Christi
3353 5472 3676 5540 proficiebat
3711 5484 3769 5531 ut

2196 5549 2359 5604 etiam
2396 5558 2615 5620 peccata
2644 5567 2743 5608 sua
2803 5566 3051 5629 prompte
3094 5561 3474 5632 confiteretur,
3514 5576 3570 5621 et
3608 5574 3772 5625 nocte

2198 5642 2475 5712 paschalis
2535 5641 2849 5706 festivitatis
2905 5654 3244 5712 multitudini
3303 5659 3447 5715 inter
3501 5659 3770 5718 Ecclesia
