4034 6298
254 400 384 472 lilii

1110 417 1483 480 HISTORIA
1522 410 2102 479 ECCLESIASTICA
2132 415 2235 475 EX
2266 416 2665 477 SYNCELLO.‘

3372 408 3507 476 1202

251 518 526 575 orationes
560 522 1024 582 communicaret.
1056 524 1214 584 Unde
1248 528 1450 585 factum
1469 539 1552 586 est
1584 540 1643 586 ιιι
1688 528 1830 587 divi-
1860 527 1908 584 Α
1935 525 2083 580 niam
2099 526 2270 581 socios
2295 542 2359 581 ea:
2416 524 2808 597 confessoribus
2856 525 3142 583 nonnullos
3174 522 3364 581 habere
3399 537 3509 577 me-

252 628 354 665 nus
381 629 566 667 sermo
597 615 918 685 ampliorem
952 618 1207 673 fiduciam
1240 633 1503 678 sumeret.

322 702 508 757 Mundi
556 720 702 760 anno
761 707 924 771 57M,
980 707 1181 765 divinae
1236 710 1638 770 incarnationis
1690 730 1837 770 anno

249 795 375 857 247i.
404 797 674 867 Origenes
710 801 979 871 gloriatus
1021 804 1526 863 circumventionis
1564 824 1676 865 sua:
1714 825 1835 864 ver-

252 889 335 945 bis
362 898 417 945 et
474 893 772 961 gentilibus
804 893 1009 952 fabulis
1043 906 1251 951 tantam
1307 900 1499 956 amisit
1545 917 1831 973 coronam,

249 996 354 1035 non
388 993 613 1052 propter
648 986 887 1055 inopiam
930 987 1128 1045 divinae
1154 990 1442 1054 bonitatis,
1479 993 1576 1048 sed
1608 990 1837 1066 propter

252 1074 550 1142 superbum
612 1083 667 1129 et
713 1078 992 1134 suasionis
1048 1081 1284 1151 propria:
1337 1097 1581 1137 sensum.
1629 1083 1833 1140 Verum

250 1166 361 1220 ista
387 1165 628 1222 Eusebio
663 1168 993 1229 Caesariensi
1031 1189 1136 1229 non
1169 1176 1240 1229 ita
1280 1191 1402 1232 esse
1430 1176 1705 1246 videntur,
1742 1178 1837 1248 qui

249 1257 515 1311 nimirum
561 1259 825 1328 majorem
849 1264 1109 1319 omnibus
1132 1266 1342 1322 sanctis
1376 1280 1539 1338 atque
1564 1259 1837 1339 magistris

248 1366 373 1405 eum
402 1352 666 1408 exhibere
698 1353 987 1417 festinans.
1021 1358 1076 1413 in
1111 1371 1266 1415 sexto
1298 1362 1689 1417 ecclesiasticae
1724 1376 1837 1419 suae

250 1441 509 1501 Historia:
540 1462 815 1514 sermone,
867 1448 1056 1508 favens
1096 1454 1165 1519 ei,
1193 1455 1379 1511 multis
1416 1456 1559 1510 hunc
1584 1455 1837 1513 laudibus

248 1552 310 1593 ex
320 1539 467 1605 tulit,
487 1543 737 1599 nesciens
754 1560 873 1614 quae
888 1544 1103 1602 diceret
1124 1549 1206 1604 vel
1225 1548 1291 1604 de
1302 1550 1503 1619 quibus
1518 1550 1836 1607 afﬁrmaret.

251 1629 429 1686 Nimis
450 1636 596 1689 enim
626 1653 926 1706 paucorum
954 1650 1297 1697 sacratorum
1320 1654 1371 1699 et
1397 1645 1835 1702 beatissimorum

251 1724 507 1789 Patrum,
541 1729 634 1800 qui
677 1745 773 1800 per
802 1732 945 1788 idem
977 1741 1193 1804 tempus
1221 1734 1564 1799 eilulserant,
1605 1752 1836 1804 memor,

254 1818 418 1873 illest
454 1819 754 1878 Clementis
792 1823 1176 1887 Alexandrini.
1215 1824 1493 1899 Hippolyti
1524 1829 1833 1886 sacerdotis

252 1920 306 1964 et
336 1912 624 1985 martyris,
668 1914 918 1971 Africani
963 1918 1209 1973 historici
1255 1928 1308 1975 et
1366 1923 1544 1991 magni
1587 1921 1831 1994 Dionysii

252 2004 639 2071 Alexandrini,
692 2023 904 2064 necnon
933 2023 989 2065 et
1024 2013 1280 2077 aliorum,
1306 2015 1482 2068 solum
1506 2012 1672 2083 hujus
1693 2029 1833 2070 vana

254 2095 548 2151 sentientis
576 2094 830 2169 Origenis
863 2113 1203 2170 provectum,
1239 2098 1405 2175 quem
1432 2121 1462 2159 a
1488 2121 1662 2175 puero
1692 2107 1834 2163 sub-

254 2195 487 2263 secutus
512 2197 619 2254 est,
642 2193 933 2260 praeconiis
963 2192 1138 2261 effert,
1176 2211 1461 2267 usquequo
1485 2199 1552 2252 ad
1586 2200 1832 2272 martyrii

258 2280 497 2349 palmam
549 2292 822 2339 venturus
884 2284 1205 2340 succubuit.
1272 2285 1338 2341 Et
1394 2288 1617 2358 quidem
1673 2306 1839 2362 super

256 2370 504 2427 Fabiano
539 2374 923 2432 sacratissimo
965 2374 1204 2448 martyre
1232 2393 1295 2435 ac
1320 2378 1567 2436 Romano
1593 2381 1839 2439 antistite

255 2479 349 2516 Seu
390 2463 593 2536 Babyla
619 2465 968 2522 Antiocheno
997 2478 1052 2523 et
1081 2470 1396 2526 Alexandro
1444 2470 1838 2545 Hierosolymi-

255 2565 391 2611 ιιιηο
412 2562 704 2628 perpaucis
728 2561 911 2617 verbis
942 2563 1229 2618 historiam
1261 2565 1433 2619 texuit
1465 2583 1480 2619 :
1533 2574 1589 2620 at
1642 2566 1731 2622 ubi
1772 2567 1839 2621 ad

254 2647 439 2702 virum
496 2650 582 2705 sui
625 2664 822 2707 sensus
860 2652 1128 2716 pervenit,
1190 2655 1242 2709 id
1278 2665 1362 2712 est
1407 2656 1473 2711 ad
1522 2656 1837 2728 Origenem,

256 2741 517 2811 pluribus
552 2742 700 2797 hunc
744 2742 999 2799 laudibus
1030 2753 1087 2801 et
1140 2748 1295 2803 miris
1347 2747 1841 2805 declamationibus

256 2834 484 2889 extulit.
542 2833 742 2890 Verum
794 2838 1048 2907 quamvis
1099 2838 1372 2897 Eusebius
1419 2842 1672 2912 plurimis
1721 2840 1844 2898 Ori—

257 2922 421 2987 genis
473 2922 626 2993 impii
658 2928 947 2994 praeconiis
1002 2945 1135 2984 usus
1182 2930 1379 2995 fuerit,
1421 2931 1543 2986 sine
1579 2936 1844 3003 martyrio

255 3022 446 3069 tamen
480 3018 795 3085 passionem
840 3019 963 3088 ejus
994 3022 1221 3092 reliquit
1272 3033 1327 3079 et
1380 3040 1603 3080 cursum
1656 3027 1847 3081 incon-

258 3116 627 3163 summatum.
694 3107 797 3177 Qui
852 3112 998 3167 enim
1054 3117 1511 3182 perseveraverit
1545 3118 1721 3187 uSque
1789 3118 1841 3172 in

1931 629 2136 673 ruerat.
2223 619 2459 689 Denique
2522 619 2819 684 Maximus,
2872 635 3011 675 unus
3069 634 3135 673 ex
3188 614 3507 690 presbyteris

1933 712 2150 777 nostris,
2208 723 2259 767 et
2327 712 2594 778 Urbanus,
2661 714 2751 783 qui
2800 715 3024 768 secundo
3064 729 3129 767 ex
3180 710 3509 782 confessione

1931 804 2158 875 gloriam
2181 806 2450 860 consecuti
2490 814 2648 869 sunt,
2707 803 2965 860 Sidonius
3023 820 3227 876 quoque
3274 811 3324 858 et
3354 798 3508 857 Cele-

1934 899 2105 961 rinus.
2150 901 2233 954 vir
2279 900 2370 968 qui
2404 900 2584 954 omnia
2622 898 2885 968 supplicia
2935 914 3025 969 per
3086 894 3507 952 misericordiam

1933 990 2032 1045 Dei
2060 993 2572 1061 perseverantissime
2594 991 2890 1060 pertulerit,
2907 1000 2955 1045 et
2977 990 3230 1058 ﬁrmitate
3247 986 3370 1058 ﬁdei
3397 1001 3508 1040 sure

1934 1083 2300 1152 infirmitatem
2327 1085 2504 1140 carnis
2521 1086 2869 1140 corroborans
2887 1092 3124 1154 potenter
3143 1082 3509 1136 adversarium

1935 1176 2486 1243 vicit,considerautes
2516 1194 2656 1242 eum,
2684 1190 2733 1233 et
2761 1178 3133 1249 perspicientes
3156 1173 3510 1246 calliditatem

1934 1280 1985 1326 et
2016 1270 2277 1326 levitatem
2315 1287 2430 1342 qua:
2461 1272 2667 1325 inerant
2701 1274 2770 1335 ei,
2824 1271 3063 1341 perjuria
3106 1285 3306 1341 quoque
3358 1277 3511 1337 atque

1935 1362 2231 1426 mendacia,
2261 1378 2456 1416 necnon
2485 1372 2533 1416 et
2556 1362 3141 1417 excommunicationem
3160 1360 3294 1428 ejus.
3321 1357 3513 1414 reversi

1936 1464 2055 1511 sunt
2091 1454 2160 1509 ad
2198 1453 2519 1519 Ecclesium,
2551 1463 2599 1509 et
2632 1456 2811 1509 omnia
2847 1455 2961 1524 ejus
2989 1454 3222 1524 artiﬁcia
3276 1461 3326 1507 et
3357 1451 3514 1505 moli-

1936 1549 2106 1612 mina,
2156 1563 2275 1619 qute
2303 1562 2368 1602 ea:
2397 1547 2564 1601 multo
2582 1546 2701 1617 jam
2755 1557 2984 1616 tempore
3029 1546 3225 1602 habens
3251 1544 3513 1615 subterfu-

1936 1639 2109 1711 giebat
2139 1646 2191 1694 et
2218 1640 2520 1695 occultabat
2555 1658 2628 1706 se,
2667 1657 2849 1696 coram
2888 1641 3071 1695 multis
3102 1639 3331 1709 confessi
3364 1647 3511 1703 sunt,

1938 1732 2035 1787 hoc
2063 1732 2273 1803 quidem
2306 1733 2584 1803 episcopis,
2620 1733 2757 1788 illud
2785 1750 2904 1789 vero
2936 1731 3255 1802 presbyteris
3284 1742 3332 1786 et
3358 1730 3513 1785 laieis

1939 1843 2096 1898 quam
2123 1826 2370 1897 plurimis
2402 1844 2518 1881 cum
2550 1828 2691 1883 luctu
2720 1845 2826 1882 non
2856 1826 3063 1882 modico
3086 1826 3515 1895 manifestantes,

1934 1927 1985 1974 et
2044 1920 2431 1986 resipiscentes,
2489 1936 2647 1990 super
2699 1921 2887 1990 quibus
2919 1919 3117 1974 dolosre
3167 1918 3518 1987 malignteque

1933 2008 2113 2067 bestia'
2135 2020 2377 2081 parentes
2400 2011 2469 2067 ad
2492 2011 2755 2067 modicum
2784 2022 2983 2080 tempus
3000 2011 3065 2065 ab
3088 2009 3329 2066 Ecclesia
3347 2024 3521 2065 reces-

1934 2112 2134 2159 serunt.
2155 2103 2218 2158 Et
2244 2112 2366 2175 post
2391 2120 2597 2174 pauca:
2632 2102 3047 2175 lmpossibilem,
3071 2103 3242 2173 frater
3266 2099 3519 2156 charissi-

1936 2212 2039 2263 me,
2077 2198 2468 2252 conversionem
2496 2208 2542 2253 et
2582 2197 3081 2251 transmutationem
3136 2195 3193 2248 in
3225 2194 3364 2248 brevi
3388 2201 3519 2247 temo

1934 2304 2061 2360 pore
2090 2288 2313 2345 vidimus
2342 2305 2498 2360 super
2536 2306 2625 2345 eos
2655 2289 2924 2359 effectam.
2974 2285 3329 2343 Clarissimus
3379 2286 3517 2339 enim

1937 2383 2041 2448 hic,
2071 2392 2123 2438 et
2152 2384 2241 2454 qui
2260 2383 2583 2454 juramentis
2614 2381 2939 2437 terribilibus
2994 2390 3109 2434 erat
3159 2380 3349 2436 solitus
3384 2377 3518 2447 affir-

1938 2490 2088 2528 mare
2118 2491 2175 2528 se
2222 2473 2529 2528 nullatenus
2559 2473 2922 2543 episcopatum
2975 2468 3299 2529 desiderare.
3345 2468 3517 2522 subite

1938 2567 2209 2636 episcopus
2247 2564 2692 2637 quemadmodum
2743 2580 2808 2619 ea:
2845 2564 3024 2631 stipite
3053 2562 3278 2633 quodam
3322 2561 3378 2615 in
3406 2576 3520 2615 me-

1940 2658 2085 2713 dium
2107 2658 2349 2728 jactatus
2377 2666 2614 2725 apparet.
2667 2655 2779 2711 Iste
2801 2656 2963 2727 igitur
2988 2654 3309 2726 dogmatista
3339 2660 3389 2707 et
3433 2666 3521 2705 ec-

1942 2750 2257 2807 clesiastica:
2318 2749 2619 2818 disciplinae
2688 2759 2946 2821 patronus
2980 2764 3102 2803 cum
3142 2745 3413 2801 attrahere
3454 2759 3521 2799 ac

1942 2862 2207 2916 usurpare
2281 2845 2668 2914 episcopatum,
2702 2844 2794 2914 qui
2821 2842 2925 2897 sibi
2945 2841 3170 2911 desuper
3228 2839 3387 2894 datus
3413 2854 3531 2895 non.

1947 2939 2146 3008 fuerat,
2197 2938 2473 3001 niteretur,
2525 2934 2659 2990 duos
2701 2934 2803 2989 sibi
2851 2934 3027 2993 socios
3059 2932 3290 3001 propria:
3327 2929 3534 2985 salutis.

1944 3029 2157 3097 ignaros
2184 3025 2360 3095 elegit,
2391 3035 2648 3094 quatenus
2676 3023 2758 3079 Itis
2785 3023 2960 3078 missis
2987 3023 3045 3077 in
3059 3029 3317 3078 remotam
3342 3017 3539 3077 Malim.

1945 3128 2155 3188 partem
2185 3117 2308 3172 inde
2337 3128 2442 3171 tres
2474 3117 2744 3187 episcopos
2763 3106 2994 3187 agrestes
3020 3124 3071 3170 et
3097 3112 3528 3183 simplicissimus

261 3203 456 3262 tinem,
488 3200 567 3255 ait
603 3200 884 3267 Dominus,
906 3205 1093 3260 salvus
1124 3208 1250 3272 erit,
1275 3223 1381 3262 non
1434 3210 1527 3279 qui
1540 3212 1764 3279 patitur
1791 3222 1845 3267 et
1873 3237 1915 3295 ο
1950 3214 2077 3283 ficta
2104 3210 2337 3281 quadam
2393 3210 2835 3265 circumventione
2898 3206 3148 3266 ,κράνεσι
3220 3211 3540 3267 conaretur”

262 3291 545 3347 lnssescit.
608 3293 777 3350 infert
830 3306 1013 3351 autem
1047 3297 1317 3356 Eusebius
1343 3310 1396 3356 et
1425 3302 1492 3357 de
1525 3303 1688 3359 beato
1726 3304 1850 3359 Dio-

262 3386 429 3454 nysio
461 3386 725 3456 episcopo
756 3387 1137 3445 Alexandrino
1190 3394 1589 3456 testimonium.
1629 3394 1848 3467 Origeni

259 3489 315 3531 et
352 3478 525 3534 sociis
557 3480 677 3549 ejus
722 3482 951 3550 gratiam
990 3492 1278 3553 praestans,
1312 3495 1584 3557 quatenus
1609 3505 1717 3555 non
1754 3505 1851 3560 ap-

263 3579 461 3639 pareat
506 3573 659 3627 solus
686 3572 949 3645 Origenes
1011 3576 1067 3631 in
1105 3579 1367 3640 martyrio
1406 3579 1698 3645 defecisse,
1755 3581 1855 3637 sed

264 3664 477 3719 habere
498 3664 751 3721 videatur
784 3676 839 3722 et
875 3669 1013 3725 alios
1040 3686 1153 3726 sua:
1182 3670 1508 3727 defectionis
1531 3674 1856 3744 participes.

338 3756 615 3813 Praeterea
649 3774 745 3830 per
766 3760 881 3816 haec
914 3771 1159 3831 tempora
1194 3763 1437 3821 Novatus
1479 3766 1852 3823 Romanorum

270 3846 536 3905 Ecclesiae
558 3853 868 3924 presbyter,
894 3855 1270 3926 episcopatum
1300 3858 1520 3929 indigne
1533 3859 1855 3919 desiderans

272 3959 341 3999 et-
380 3960 613 4015 compos
667 3948 892 4003 minime
942 3949 1142 4013 factus,
1190 3965 1255 4005 eo
1304 3952 1452 4021 quod
1515 3967 1679 4021 super
1732 3954 1857 4009 aliis

271 4038 641 4107 pravitatibus
667 4040 980 4096 etmaxime
1005 4043 1269 4109 avaritia},
1296 4043 1530 4099 tumoris
1558 4060 1623 4101 ac
1649 4047 1858 4103 amoris

272 4130 475 4200 privati
515 4132 665 4187 vitiis
694 4132 1069 4203 deprehensus
1097 4136 1394 4200 exstiterit,
1452 4153 1574 4193 sese
1627 4139 1698 4193 ab
1749 4137 1859 4194 Ec-

273 4225 446 4279 clesia
472 4224 769 4294 separavit,
796 4226 897 4281 sub
916 4228 1144 4283 obtentu
1165 4229 1319 4297 quasi
1348 4244 1542 4285 eorum
1582 4232 1675 4301 qui
1709 4230 1856 4285 Decii

274 4325 526 4388 tempore
562 4317 615 4372 in
636 4320 1029 4388 persecutione
1053 4320 1472 4376 immolaverant
1500 4330 1556 4378 et
1602 4339 1699 4394 per
1737 4339 1860 4394 pas-

274 4409 567 4475 nilentiam
633 4411 686 4465 in
722 4413 1168 4468 communionem
1217 4414 1289 4470 ab
1313 4414 1557 4472 Ecclesia
1608 4428 1741 4475 sunt
1771 4435 1857 4476 re-

276 4505 458 4575 cepti:
514 4512 817 4575 auctorque
854 4520 918 4561 ac
960 4507 1356 4565 haeresiarclies
1395 4525 1585 4565 eorum
1646 4514 1765 4583 qui;
1799 4527 1859 4569 se

1952 3305 2209 3377 siquidem
2260 3304 2370 3375 ipse
2416 3318 2722 3359 asseverans
2772 3299 3358 3377 aﬁirmabat‘oparters
3401 3295 3525 3350 illos
3612 3368 3617 3373 ὓ

1954 3399 2178 3455 Romam
2212 3412 2508 3458 occurrere,
2562 3410 2664 3466 quo
2710 3400 2902 3447 cuncta
2928 3390 3210 3457 dissensio,
3233 3405 3349 3460 quis
3380 3387 3527 3458 facta

1951 3495 2150 3563 fuerat,
2179 3508 2283 3545 una
2301 3507 2420 3545 cum
2469 3488 2592 3543 aliis
2625 3485 3089 3541 intervenientibus
3114 3482 3372 3553 episcopis
3412 3478 3525 3535 sol-

1952 3596 2175 3642 veretur.
2203 3584 2343 3650 Quos
2368 3581 2766 3650 prwvenientes,
2792 3579 2951 3634 sicuti
2976 3576 3348 3646 prcdiasimus,
3382 3574 3528 3628 circa

1956 3678 2312 3747 malignorum
2345 3674 2621 3729 molimina
2672 3681 2723 3726 et
2759 3672 3009 3742 ﬁgmenta
3052 3668 3530 3737 simpliciores..et

1951 3772 2236 3826 inclinatos
2260 3786 2293 3822 a
2320 3764 2637 3837 quibusdam
2666 3764 2769 3819 sibi
2807 3763 3072 3819 similibus
3099 3771 3148 3817 et
3176 3760 3405 3815 turbatis
3437 3761 3540 3818 lto-,

1957 3857 2209 3921 minibus,
2238 3856 2372 3911 hora
2409 3856 2614 3909 decima
2667 3852 2840 3909 ebrios
2869 3861 2921 3909 et
2944 3852 3182 3923 crapula:
3227 3850 3455 3916 deditos,
3481 3851 3529 3905 vi

1957 3952 2123 4022 coegit
2156 3948 2482 4018 imaginaria
2519 3944 2749 4016 quadam
2786 3954 2835 3999 et
2882 3943 3032 3998 inani
3070 3960 3258 3998 manus
3313 3943 3529 4008 imposi-

1958 4044 2103 4099 tione
2143 4041 2503 4111 episcopatum
2537 4038 2639 4095 sibi
2692 4038 2940 4092 tribuere.
3000 4035 3088 4091 Ea:
3136 4035 3323 4103 quibus
3356 4045 3549 4090 tamen:

1957 4150 2092 4189 unus
2120 4148 2221 4187 non
2251 4141 2365 4202 post
2398 4130 2621 4185 multum
2655 4129 2903 4184 remeavit
2927 4127 2997 4184 ad
3022 4127 3317 4183 Ecclesiam
3350 4120 3539 4197 lugens

1956 4237 2008 4283 et
2026 4226 2284 4294 conﬁtens
2313 4233 2587 4295 peccatum
2626 4237 2818 4287 suum;
2842 4222 2994 4276 cuiet
3022 4222 3553 4276 communicavimus.

1960 4320 2120 4383 laico,
2151 4333 2246 4388 pro
2273 4333 2332 4371 eo
2364 4316 2673 4384 deprecante
2691 4315 2957 4377 universo,
2979 4315 3070 4385 qui
3089 4313 3296 4375 aderat,
3315 4313 3541 4383 populo.

1962 4412 2045 4470 Ad
2061 4412 2179 4468 loca
2208 4409 2385 4466 autem
2403 4413 2457 4464 in
2474 4410 2662 4481 quibus
2691 4409 2878 4481 reliqui
2896 4408 3127 4476 episcOpi
3145 4406 3354 4476 fuerant
3387 4404 3534 4458 ordi-

1961 4507 2074 4563 nati
2089 4521 2417 4563 successores
2438 4502 2850 4558 transmisimus.
2866 4499 3131 4571 Defensor
3148 4515 3269 4570 ergo
3292 4496 3537 4566 Evange-

278 4593 523 4649 mundos
546 4609 642 4663 per
663 4595 974 4664 superbiam
1001 4599 1391 4667 nuncupabant
1413 4614 1706 4671 apparens,
1742 4617 1847 4656 una
1882 4607 1927 4665 ι)
1959 4597 2018 4653 lii
2037 4598 2293 4655 nesciebat
2310 4613 2471 4652 unum
2488 4596 2787 4667 episcopum
2811 4602 2924 4650 esse
2947 4600 3182 4664 oportere
3199 4591 3254 4645 in
3275 4588 3545 4644 catholica

280 4700 406 4739 cum
442 4684 579 4755 ipsis
608 4687 802 4757 pulsus
832 4698 916 4741 est
957 4686 1022 4742 de
1051 4688 1309 4758 paradiso
1327 4690 1593 4747 Ecclesiae
1629 4700 1855 4749 senten-

281 4780 357 4835 tia
399 4778 627 4834 Patrum
675 4790 997 4837 sanctorum
1032 4782 1421 4853 quadraginta,
1460 4785 1560 4855 qui
1598 4787 1858 4858 synodice

282 4878 661 4926 Convenerunt
687 4872 739 4925 in
781 4871 913 4926 urbe
937 4870 1128 4936 Roma,
1160 4888 1267 4927 una
1299 4889 1423 4929 cum
1458 4876 1706 4944 pluribus
1730 4893 1857 4947 pre-

287 4960 530 5033 sbyteris
563 4969 620 5015 et
642 4960 991 5027 diaconibus,
1012 4964 1101 5031 qui
1124 4963 1354 5030 scilicet,
1386 4965 1638 5021 abdicato
1663 4982 1727 5023 eo
1751 4984 1856 5022 una

285 5069 409 5108 cum
433 5053 767 5116 inhumanis
820 5057 1213 5112 consentaneis
1250 5055 1533 5125 fratribus,
1591 5060 1683 5130 qui
1722 5060 1856 5131 lapsi

287 5145 529 5212 fuerant;
596 5159 695 5216 per
762 5147 1144 5216 pteuitentiam
1208 5149 1413 5220 suscipi
1472 5150 1856 5208 decreverunt.

285 5237 458 5294 Porro
506 5247 686 5293 tauto-
715 5239 952 5295 concilio
1007 5242 1297 5297 Cornelius
1353 5242 1611 5298 Romana:
1642 5244 1861 5315 praefuit

288 5329 798 5398 priesullicclesizn;
826 5331 918 5396 qui
951 5332 1113 5384 etiam
1140 5332 1338 5388 scribit
1370 5333 1438 5387 ad
1474 5331 1699 5390 Fabium
1748 5337 1860 5404 epi-

291 5440 520 5495 scopum
564 5423 965 5478 Antiochcnum
1019 5432 1129 5477 tam
1174 5439 1297 5494 quae
1346 5425 1554 5495 synodo
1582 5429 1859 5497 placuere,

289 5533 449 5585 quam
472 5518 692 5586 prOprie
715 5517 781 5569 de
805 5515 1057 5583 malignis
1080 5514 1271 5570 Novati
1296 5519 1631 5580 actionibus.
1647 5521 1856 5576 dicens:

294 5607 409 5659 Scis
434 5616 611 5660 autem
645 5605 786 5677 quod
816 5608 881 5658 ab
922 5605 1049 5661 olim
1077 5604 1455 5662 desideraverit
1500 5611 1877 5679 episcopatum

295 5702 709 5765 mirabilisiste.
741 5699 1017 5754 occultans
1063 5711 1545 5771 prtesumptuosum
1593 5706 1647 5758 in
1684 5721 1737 5758 se
1769 5704 1863 5758 de-

296 5790 566 5858 siderium,
599 5804 650 5846 et
684 5792 895 5846 latentis
926 5792 1187 5860 superbire
1216 5796 1507 5849 velamento
1535 5798 1861 5867 cooperiens.

299 5887 557 5963 “quam
591 5891 645 5946 in
674 5879 981 5961 primordiis
1013 5888 1211 5944 idcirco
1234 5889 1407 5946 elatus
1432 5892 1699 5961 apparuit,
1728 5907 1861 5963 quo-

1964 4690 2221 4757 Ecclesia,
2234 4690 2287 4744 in
2305 4706 2403 4761 quo
2423 4705 2522 4743 non
2545 4687 2822 4759 ignorabat
2836 4685 3164 4761 presbyteros
3180 4699 3292 4739 esse
3304 4680 3547 4755 quadra-

1963 4781 2111 4853 ginta
2143 4796 2256 4848 sex,
2287 4781 2537 4834 diaconos
2565 4788 2780 4847 septem,
2799 4776 3149 4833 subdiaconos
3175 4784 3392 4844 septem,
3412 4789 3545 4829 aco-.

1966 4877 2101 4947 lytos
2126 4874 2259 4930 duos
2283 4883 2333 4928 et
2356 4872 2733 4943 quadraginta,
2749 4870 3040 4927 exoreistas
3059 4879 3233 4924 autem
3251 4877 3298 4921 et
3320 4866 3531 4922 lectore:

1966 4986 2084 5023 cum
2113 4966 2357 5022 ostiariis
2398 4965 2487 5027 5‘2,
2538 4964 2725 5019 viduas
2767 4980 2887 5017 cum
2922 4962 3141 5032 afﬂictis
3178 4976 3343 5029 supra
3374 4958 3513 5014 1050

1970 5059 2319 5125 Quosomnes
2358 5057 2573 5111 Domini
2611 5056 2790 5127 gratia
2833 5064 2881 5110 et
2931 5054 3299 5109 misericordia
3329 5052 3538 5113 nutrit;

1965 5167 2081 5222 qua:
2116 5166 2211 5203 nec
2247 5158 2399 5203 tanta
2423 5158 2473 5202 et
2506 5158 2615 5202 tam
2644 5149 2700 5201 in
2738 5146 2982 5202 Ecclesia
3006 5146 3300 5200 necessaria
3329 5159 3421 5212 per
3445 5142 3553 5205 Dei,

1966 5242 2349 5314 providentiam
2381 5240 2690 5302 multitudo,
2733 5257 2827 5294 nec
2866 5239 3008 5294 dives
3034 5250 3099 5305 et
3122 5238 3409 5308 multiplex
3439 5255 3541 5291 nu-

1968 5352 2140 5391 merus
2164 5351 2284 5388 cum
2324 5334 2554 5388 maximo
2578 5341 2627 5386 et
2654 5331 3028 5387 innumerabili
3084 5332 3280 5401 populo
3310 5347 3345 5383 a
3386 5338 3536 5383 tanta

1967 5429 2333 5498 desperatione
2386 5443 2447 5480 ac
2498 5425 2654 5480 ttedio
2688 5426 2963 5490 convertit,
2998 5433 3094 5479 aut
3141 5423 3211 5477 ad
3241 5421 3541 5478 Ecclesium

1969 5521 2248 5576 revocavit.
2287 5519 2381 5575 l-Iis
2440 5518 2683 5573 inferens
2728 5525 2855 5588 post
2893 5516 2999 5570 alia
3035 5515 3171 5571 dicit
3205 5533 3219 5570 :
3259 5513 3365 5569 Eia
3399 5530 3540 5569 nunc

1969 5625 2158 5668 cratera
2220 5627 2620 5681 prosequamur,
2686 5608 2874 5680 quibus
2931 5608 3172 5677 operibus
3224 5608 3301 5661 vel
3358 5607 3544 5676 quibus

1971 5700 2454 5757 conversationibus
2484 5700 2614 5769 ﬁsus
2661 5701 3018 5769 episcopatum
3051 5700 3151 5753 sibi
3181 5698 3542 5752 vindicaverit.

1973 5794 2054 5850 An
2101 5794 2244 5862 forte.
2282 5809 2377 5862 pro
2404 5810 2463 5848 eo
2494 5792 2630 5862 quod
2667 5792 2731 5845 ab
2780 5792 2931 5846 initio
2986 5791 3052 5845 in.
3072 5789 3314 5847 Ecclesia
3371 5788 3559 5858 fuerat.

1975 5895 2333 5953 conversatus,
2366 5895 2415 5942 et
2447 5886 2640 5943 multos
2688 5900 2877 5957 agones
2903 5900 2997 5956 pro
3022 5900 3100 5941 ea
3140 5881 3378 5949 subierit,
3409 5890 3457 5936 et
3494 5880 3563 5936 in-
