4038 6298
519 397 654 462 1203

1608 409 2007 472 ANASTASll
2072 410 2700 474 BlBLlOTHECARlI

3637 411 3769 478 1204

515 526 968 594 periculismultis
1027 536 1075 582 et
1100 531 1305 601 magnis
1349 539 1559 601 propter
1607 533 1840 587 divinum
1890 532 2090 588 cultum
2120 536 2163 593 Α
2195 531 2321 594 2&6,
2356 533 2545 591 Catius
2580 544 2633 590 et
2687 534 3017 593 Volusianus
3073 533 3364 604 imperant.
3406 532 3697 590 Cornelius
3718 547 3767 591 et

517 615 773 688 aﬂ'uerit?
799 618 892 672 sed
923 638 1025 676 non
1055 633 1130 677 est
1161 625 1260 678 ita.
1319 622 1420 678 Cui
1449 625 1684 681 uidelicet
1739 625 1945 680 occasio
1975 642 2088 679 cre-

519 713 677 766 dendi
712 713 817 781 fuit
849 712 1069 770 Sotante
1100 715 1356 771 adventus
1401 719 1454 772 in
1484 735 1603 772 eum
1651 729 1700 773 et
1733 719 1994 773 habitatio
2037 720 2088 772 in

517 804 614 862 illo
660 815 890 876 tempore
909 809 1100 874 multo,
1128 819 1177 864 et
1214 821 1272 862 ut
1297 809 1640 878 adiuvaretur
1690 813 1755 866 ab
1783 813 2087 867 cxorcistis.

518 897 652 958 Cum
681 917 877 955 sa'sum
932 903 1246 959 incurrisset
1299 906 1628 976 languorem,
1682 923 1900 976 cumque
1953 906 2091 960 mori

517 991 878 1051 cstimarctur
925 995 980 1048 in
1011 996 1145 1050 lecto
1167 1013 1270 1066 quo
1290 997 1526 1065 jacebat,
1563 998 1809 1066 perfusus
1853 1008 1933 1052 est
1969 1015 2092 1068 gre-

518 1085 614 1152 tia,
649 1086 696 1142 si
725 1097 900 1143 tamen
925 1088 1099 1143 dicere
1119 1099 1358 1160 oporteat
1388 1091 1698 1160 lmjusmodi
1736 1092 1864 1161 quid
1895 1092 2089 1162 gratia:

515 1180 827 1248 suscepisse.
863 1180 964 1237 Sed
996 1199 1086 1236 nec
1116 1193 1308 1238 caetera
1328 1197 1636 1240 consecutus
1685 1194 1786 1250 est,
1821 1202 1937 1238 cum
1971 1187 2088 1240 lan-

512 1287 726 1340 guorem
774 1272 997 1344 fugeret,
1042 1289 1160 1344 qua:
1214 1278 1483 1346 percipere
1536 1274 1754 1330 debebat
1798 1275 2085 1330 secundum

2197 626 2397 682 Lucius
2454 629 2601 682 circa
2676 629 2870 682 horum
2937 639 3182 696 tempora
3233 626 3472 681 Romani
3529 628 3771 698 episcopi

2192 739 2389 778 t'ruore
2412 723 2654 793 martyrii
2689 723 2904 777 florent.
2948 723 3082 776 Cum
3120 724 3338 793 plurimi
3393 721 3634 794 Scytha,
3680 721 3771 792 qui

2193 817 2351 870 Gothi
2389 818 2668 880 dicuntur,
2713 816 2958 877 Histrum
2995 816 3221 876 fluvium
3249 816 3355 872 sub
3392 815 3554 871 Det-io
3590 824 3770 870 trans-

2192 921 2489 976 meassent,
2543 911 2851 964 Romanum
2907 911 3197 980 imperium
3245 908 3650 964 devastabant:
3686 907 3772 964 isti

2191 1003 2373 1076 Mysos
2406 1001 2708 1074 Nicopolim
2739 1003 3015 1074 fugientes
3041 1003 3423 1058 obtinuerunt.
3458 1002 3659 1057 Decius
3684 1016 3777 1054 au-

2189 1111 2294 1154 tem
2323 1098 2443 1152 illos
2474 1112 2794 1166 aggressus,
2835 1106 2894 1149 ιιι
2939 1095 3211 1165 Dexippus
3270 1095 3492 1159 scribit,
3551 1093 3773 1164 triginta

2189 1173 2430 1247 millibus
2461 1189 2764 1246 interfectis
2793 1190 2850 1243 in
2908 1188 3165 1246 conﬂictu
3222 1188 3515 1252 minuitur,
3590 1188 3669 1242 ita
3719 1196 3778 1242 ut

2189 1281 2616 1354 Philippopolim
2663 1280 2936 1337 desertam
2971 1281 3040 1335 ab
3068 1281 3148 1335 eis
3179 1280 3378 1333 factam
3413 1280 3699 1334 amitteret
3725 1286 3780 1333 et

513 1363 772 1420 Ecclesia:
797 1367 1054 1436 regulam.
1089 1367 1194 1424 Sed
1223 1384 1314 1422 nec
1350 1370 1680 1438 signaculum
1736 1370 1801 1421 ab
1843 1371 2085 1437 episcopo
2186 1374 2430 1430 Thraces
2465 1374 2620 1428 multi
2659 1375 2922 1444 perirent.
2957 1374 3129 1428 Porro
3172 1373 3372 1428 Decius
3425 1371 3781 1442 impugnator

511 1469 818 1513 consecutus
846 1469 946 1514 est.
977 1455 1121 1531 Ergo
1156 1478 1274 1516 cum
1307 1460 1417 1515 lucc
1438 1461 1657 1528 adeptus
1698 1479 1800 1516 non
1825 1463 1917 1522 sit,
1950 1478 2082 1530 quo-

2187 1469 2280 1524 Dei
2309 1467 2469 1522 valde
2499 1469 2865 1536 ignominiose
2905 1467 3180 1522 occiditur
3209 1465 3351 1536 apud
3382 1465 3652 1536 Abrytum
3684 1465 3777 1534 qui

509 1553 666 1606 "mdo
718 1569 896 1627 (Immo
927 1551 1188 1623 Spiritum
1223 1563 1465 1609 sanctum
1485 1553 1703 1624 σάεριιιε
1728 1564 1802 1609 est
1823 1556 1850 1608 ἲ
1870 1553 1930 1608 El
1963 1569 2085 1608 rur-
2183 1562 2388 1617 dicitur
2413 1558 2883 1614 Forotbembroni
2913 1574 3019 1613 una
3054 1574 3179 1613 cum
3215 1557 3347 1614 tilio.
3379 1557 3601 1628 Scythae
3646 1572 3780 1611 vero

510 1660 610 1702 sus
648 1644 817 1702 infert
866 1663 881 1699 :
920 1646 1028 1714 Qui
1076 1658 1292 1718 propter
1342 1647 1681 1717 formidinem
1725 1657 1772 1700 et
1822 1649 2082 1719 privatam

2186 1669 2309 1710 cum
2342 1652 2595 1725 pluribus
2635 1651 2830 1722 spoliis
2879 1660 2933 1706 et
2981 1651 3217 1722 captivis
3277 1649 3344 1703 ad
3403 1665 3503 1704 sua
3571 1651 3781 1704 reversi

507 1741 795 1812 quamdam
825 1743 1059 1811 gratiam
1095 1751 1324 1811 tempore
1368 1742 1745 1810 persecutionis
1806 1741 2075 1812 presbytc-
2183 1754 2332 1800 sunt.
2369 1743 2653 1798 Exercitus
2685 1751 2866 1796 autem
2898 1739 3114 1796 Gallum
3146 1740 3464 1810 quemdam,
3519 1741 3614 1810 qui
3648 1740 3782 1794 olim

509 1848 629 1885 rum
658 1848 770 1887 esse
798 1850 854 1887 se
887 1833 1156 1906 denegauit
1193 1850 1209 1887 ε
1238 1834 1543 1903 postulatus
1573 1837 1709 1887 enim
1747 1845 1901 1905 atque
1926 1851 2083 1903 roga-
2118 1895 2154 1906 __
2184 1833 2378 1890 consul
2410 1833 2720 1894 exstiterat.
2753 1833 3137 1903 imperatorem
3174 1847 3278 1887 una
3317 1848 3440 1886 cum
3472 1829 3778 1887 Volusiano

509 1931 594 1976 tus
629 1939 660 1975 a
683 1922 995 1977 diaconibus
1031 1934 1087 1977 ut
1127 1925 1293 1978 exiret
1335 1941 1360 1978 e
1400 1925 1615 1985 cellula,
1651 1942 1756 1992 qua
1797 1938 1909 1978 sese
1937 1940 2082 1978 coer-
2118 1895 2157 1950 Β
2189 1925 2341 1983 Decii
2371 1927 2482 1983 lilio
2509 1927 2977 1990 acclamaverunt,
3033 1927 3126 1996 qui
3165 1933 3217 1978 ct
3255 1925 3532 1996 imperant
3579 1941 3780 1980 ερρυη-

506 2027 707 2081 cucrat,
746 2017 1005 2085 fratribus
1042 2018 1406 2072 auxiliaturus
1439 2028 1508 2080 et,
1544 2027 1601 2069 ut
1653 2017 1736 2085 fas
1781 2017 2083 2088 presbytero

507 2115 664 2172 esset,
689 2125 784 2178 pro
809 2110 1008 2163 viribus
1051 2107 1477 2186 periclitantibus
1512 2107 1767 2176 fratribus
1800 2117 1848 2162 et
1885 2108 2084 2162 sollici—

513 2201 710 2257 tudinis
750 2201 1110 2273 indigentibus
1155 2202 1538 2272 opitulaturus,
1571 2203 1704 2257 adeo
1752 2218 1937 2272 parere
1973 2201 2086 2256 dia-

507 2298 724 2352 conibus
747 2297 1010 2352 recusavit
1040 2308 1094 2350 ut
1119 2300 1282 2352 etiam
1311 2299 1573 2354 steviendo
1609 2297 1922 2350 discederet.
1962 2295 2084 2351 Non

505 2390 644 2442 enim
680 2389 823 2441 ultra
855 2405 910 2443 se
933 2389 1289 2460 presbyterum
1320 2387 1432 2458 fore
1477 2404 1806 2449 asseverans,
1837 2403 1954 2440 cum
1998 2387 2085 2440 al-

511 2482 672 2535 terius
712 2493 849 2536 esset
876 2481 1222 2550 philosophia,
1257 2492 1489 2536 amator.
1537 2481 1668 2535 Dein
1706 2489 1830 2549 post
1870 2477 2086 2550 pauxil-

507 2569 623 2627 lum
679 2572 952 2628 subinfcrt
986 2591 1000 2627 :
1033 2569 1258 2628 Deserta
1305 2575 1445 2628 enim
1492 2575 1672 2627 clarus
1705 2575 1803 2626 iste
1842 2571 2084 2626 Ecclesia

505 2663 628 2729 Dei,
655 2665 711 2718 in
736 2681 841 2736 qua
883 2665 1097 2720 credens
1125 2665 1318 2720 meruit
1373 2665 1795 2735 presbyteratum
1827 2681 1917 2733 per
1964 2682 2087 2733 gra-

506 2758 639 2812 tiam
667 2757 917 2829 episcopi,
945 2758 1037 2829 qui
1062 2756 1130 2812 ad
1155 2770 1350 2813 sortem
1397 2758 1790 2829 presbyteratus
1841 2759 1888 2811 ei
1919 2760 2089 2830 impo-

503 2852 632 2913 suit,
660 2851 956 2920 prohibitus
977 2863 1055 2906 est
1094 2851 1159 2907 ab
1185 2850 1331 2906 omni
1359 2851 1521 2916 clero,
1560 2851 1650 2906 sed
1685 2861 1733 2904 et
1761 2850 1911 2904 laicis
1953 2850 2088 2903 mul-

507 2942 578 2996 tis
609 2943 967 2998 assercntibus
1001 2961 1104 2999 non
1147 2959 1259 3000 esse
1302 2943 1509 2996 licitum
1552 2943 1796 2996 clericum
1823 2941 1941 3012 ﬁeri
1968 2957 2086 2995 eum

506 3042 673 3090 causa
724 3034 1081 3104 inﬁrmitatis,
1107 3037 1197 3106 qui
1231 3035 1286 3089 in
1317 3035 1449 3090 lecto
1486 3036 1688 3105 positus
1738 3035 1969 3105 gratiam
2017 3036 2084 3088 sit

506 3127 751 3198 adeptus.
803 3125 997 3183 Verum
1023 3127 1327 3199 episcopum
1360 3139 1730 3198 poposcerunt.
1763 3138 1821 3179 ut
1849 3127 1948 3181 hoc
1985 3128 2087 3180 sibi

2189 2023 2320 2077 dum
2350 2021 2656 2092 Dexippum
2679 2019 2964 2076 mensibus
2988 2020 3175 2074 decem
3205 2028 3258 2073 et
3281 2029 3429 2083 octo,
3455 2018 3780 2086 nildignum

2189 2111 2349 2167 laude
2372 2119 2648 2182 gerentes,
2682 2111 2983 2167 secundum
3010 2111 3145 2165 alios
3179 2119 3358 2163 autem
3386 2109 3545 2163 annis
3573 2109 3774 2172 tribus,

2186 2212 2350 2270 porro
2379 2201 2681 2254 secundum
2714 2198 2979 2269 quosdam
3043 2197 3203 2254 annis
3240 2196 3494 2263 duobus;
3557 2213 3775 2268 perem-

2188 2294 2377 2364 ptique
2428 2303 2560 2350 sunt
2602 2293 2803 2361 proditi
2848 2308 2879 2349 a
2933 2293 3156 2363 prOprio
3213 2301 3496 2363 potentatu
3557 2293 3611 2346 in
3658 2293 3779 2348 foro

2189 2383 2463 2448 Flaminii,
2504 2401 2850 2455 nequaquam
2889 2384 3039 2440 Decii
3070 2401 3253 2442 mores
3293 2385 3512 2451 sectati,
3552 2394 3614 2440 ut
3643 2401 3775 2456 quo-

2187 2475 2312 2531 dam
2357 2479 2412 2532 in
2445 2479 2566 2532 loco
2599 2479 2792 2536 beatus
2855 2477 3148 2547 Dionysius
3203 2478 3633 2542 Alexandrinus,
3683 2494 3776 2533 an-

2185 2571 2344 2627 tistes
2371 2571 2802 2635 Hermammoni,
2837 2572 3054 2626 scribit.
3090 2571 3187 2628 His
3207 2573 3546 2641 temporibus
3567 2571 3776 2641 Grego-

2185 2662 2304 2718 rius
2323 2677 2550 2730 magnus
2567 2672 2620 2715 et
2641 2661 3034 2716 miraculorum
3059 2671 3307 2731 patrator
3321 2663 3375 2717 in
3396 2660 3775 2731 phil050phia:,

2186 2769 2310 2827 quae
2345 2755 2648 2811 secundum
2675 2751 2957 2809 Christum
2991 2762 3100 2821 est,
3142 2753 3482 2824 perfectione
3511 2753 3772 2824 fulgebat.

2185 2848 2356 2918 Cujus
2390 2846 2720 2918 condignam
2743 2845 3105 2903 Caesariensis
3127 2845 3421 2909 Eusebius,
3453 2849 3641 2902 nescio
3669 2860 3774 2915 qua

2189 2955 2290 3012 pro
2321 2955 2516 3005 causa,
2566 2941 2904 2997 mentionem
2933 2956 3044 2998 non
3079 2939 3233 3006 facit,
3287 2942 3594 3010 przesertim
3647 2955 3770 2994 cum

2186 3031 2666 3088 irrationabilibus
2729 3032 3234 3088 declamationibus
3313 3031 3466 3100 impii
3517 3029 3775 3102 Origcnia

2185 3133 2456 3190 moretur,
2498 3125 2644 3196 quod
2678 3140 2841 3197 agere
2881 3126 3066 3195 potius
3097 3141 3264 3197 super
3322 3126 3426 3180 hoc
3485 3123 3758 3187 debuerit,

502 3221 570 3276 de
597 3221 704 3276 isto
730 3220 844 3278 solo
872 3220 1200 3277 concederet.
1233 3219 1332 3276 [iis
1355 3220 1503 3276 addit
1535 3221 1825 3276 Cornelius
1864 3222 2081 3290 pravis-
2110 3270 2154 3327 C
2187 3221 2280 3292 qui
2307 3236 2401 3291 per
2434 3221 2754 3275 universum
2794 3222 2982 3275 orbem
3009 3228 3282 3275 terrarum
3317 3229 3576 3289 personat
3624 3219 3768 3272 divi‘

505 3314 700 3371 simam
765 3309 959 3370 Novati
1036 3314 1433 3386 impudentiam
1499 3331 1812 3372 asserens:
1857 3314 2085 3371 Faciem

503 3407 641 3462 enim
670 3406 983 3474 oblationes,
1011 3421 1058 3463 et
1112 3408 1433 3479 dispertiens
1466 3410 1749 3481 unicuique
1790 3409 2085 3478 portionem

504 3509 554 3553 et
590 3496 826 3563 tradens,
863 3502 964 3554 hoc
998 3498 1190 3569 jurare
1219 3518 1315 3570 pro
1365 3499 1719 3556 benedictione
1747 3503 1960 3556 miseros
1989 3499 2085 3554 Iro-

504 3593 672 3645 utines
703 3591 860 3662 Cagt't,
891 3602 1067 3648 tenens
1102 3605 1327 3664 utraque
1367 3611 1528 3648 manu
1572 3611 1787 3662 manum
1821 3594 2085 3664 accipiat-

504 3681 593 3746 (is,
625 3693 676 3737 et
707 3699 808 3737 non
831 3683 1100 3738 dimittens
1131 3683 1296 3738 donec
1310 3686 1504 3754 jurans
1551 3686 1648 3740 hoc
1674 3686 1817 3740 dicat
1845 3703 1864 3740 :
1899 3682 2084 3756 (illius

502 3776 648 3829 cnim
693 3776 1041 3832 sermonibus
1075 3778 1229 3850 utar)
1266 3795 1284 3832 ‹
1315 3775 1458 3833 Jura
1480 3779 1612 3834 mihi
1654 3797 1747 3850 per
1802 3797 1991 3851 corpus
2029 3789 2081 3832 et

504 3869 814 3943 sanguinem
882 3866 1096 3924 Domini
1140 3873 1311 3926 nostri
1357 3868 1489 3927 Iesu
1535 3869 1739 3928 Christi
1771 3869 1909 3944 quod
1948 3890 2084 3927 nun-

502 3977 662 4030 quam
695 3979 774 4020 me
831 3963 1121 4034 aliquando
1153 3965 1488 4038 derelinquas
1542 3970 1621 4023 vel
1660 3972 1729 4022 ad
1779 3968 2082 4024 Cornelium

505 4055 728 4120 redeas;
767 4073 784 4105 ι
821 4066 868 4110 et
901 4054 1170 4125 infaustus
1188 4057 1357 4113 'Itomo
1398 4074 1502 4114 non
1532 4059 1681 4128 prius
1714 4069 1890 4129 gustat
1923 4075 2083 4130 quam

506 4148 605 4202 sibi
635 4160 791 4203 antea
824 4147 1132 4214 maledicat,
1155 4158 1206 4204 et
1233 4165 1330 4221 pro
1357 4165 1417 4214 eo
1439 4161 1499 4205 ut
1531 4150 1677 4205 dicat
1709 4161 1922 4221 accepto
1951 4167 2087 4220 pane

504 4242 599 4297 illo
635 4242 738 4312 (l'l
773 4261 792 4294 ι
836 4245 1266 4309 Amen,ulterius
1290 4245 1410 4314 jam
1445 4262 1550 4300 non
1596 4245 1802 4300 redeam
1835 4247 1904 4301 ad
1954 4246 2085 4303 Cor-

503 4335 701 4391 nelium
734 4357 754 4390 »
793 4337 941 4390 dicit.
973 4331 1246 4395 Praeterea
1268 4337 1438 4394 Fabio
1463 4340 2083 4411 Antiochcnoepiscopo

504 4446 671 4504 super
700 4431 910 4487 Novato
933 4432 1266 4487 claudicanti
1298 4432 1610 4498 Cornelius,
1641 4449 1762 4504 quae
1788 4434 2080 4503 praemissa

504 4534 653 4592 sunt,
696 4533 750 4580 et
781 4525 1018 4598 qualiter
1061 4542 1184 4583 eum
1233 4527 1390 4583 ιιιυίιί
1437 4528 1754 4584 deserentes
1795 4529 1862 4582 ad
1899 4528 2084 4585 Eccleo

2187 3318 2384 3388 nisque
2423 3313 2608 3369 verbis
2639 3322 2897 3369 coruscat
2926 3324 3088 3382 atque
3113 3311 3402 3383 prodigiis,
3445 3312 3515 3365 ita
3547 3320 3607 3364 ut
3636 3311 3770 3380 ipsis

2183 3412 2349 3468 etiam
2379 3408 2726 3464 daemonibus
2751 3415 2814 3464 ut.
2843 3406 3175 3477 quibusdam
3209 3405 3503 3476 mancipiis
3535 3406 3773 3475 impers-

2187 3514 2270 3561 rct
2294 3520 2388 3575 per
2417 3503 2643 3558 multam
2683 3502 2748 3554 ad
2777 3501 2945 3555 Deum
2983 3498 3244 3554 fiduciam
3277 3507 3332 3555 et
3359 3499 3484 3553 vita
3521 3505 3577 3553 et
3614 3496 3788 3552 verbi-

2187 3595 2541 3653 munditiam.
2593 3593 2831 3651 )Estimo
2885 3602 3068 3647 autem
3114 3589 3410 3646 Eusebium
3458 3590 3534 3645 ita
3566 3588 3774 3645 deificzn

2184 3689 2404 3746 virtutis
2445 3687 2714 3746 mirabilis
2773 3692 2830 3740 et
2889 3682 3089 3741 deiferi
3147 3682 3400 3754 Gregorii
3443 3681 3772 3754 magnitudi-

2187 3801 2310 3841 nem
2365 3784 2636 3851 tacuisse,
2671 3797 2773 3854 pro
2811 3797 2876 3837 eo
2929 3780 3076 3850 quod
3129 3779 3463 3836 omnimodis
3505 3796 3679 3850 purus
3718 3787 3772 3836 et

2187 3879 2401 3935 alienus
2440 3878 2507 3932 ab
2543 3876 2797 3946 Origenis
2828 3873 3212 3930 deliramentis
3237 3881 3292 3929 et
3343 3872 3458 3927 Arii
3513 3872 3773 3943 lrlasplte.

2187 3971 2314 4027 miis
2345 3971 2531 4035 fuerit,
2571 3968 2772 4041 quibus
2797 3968 3068 4025 Eusebius
3092 3975 3209 4022 erat
3239 3964 3499 4023 infectus.
3530 3965 3636 4032 Qui
3669 3982 3773 4023 nec

2185 4063 2467 4137 Cypriani,
2499 4061 2686 4135 magni
2716 4060 3069 4131 Carthaginis
3101 4057 3282 4131 Libya:
3313 4057 3590 4131 praesulis.
3623 4073 3772 4113 mar-

2187 4158 2390 4228 tyriutn
2421 4155 2668 4226 scripsit.
2712 4153 2930 4208 Primus
2957 4151 3235 4224 Cypriano
3255 4150 3650 4221 dogmatizanti
3679 4163 3775 4221 per

2184 4250 2462 4304 lavacrum
2500 4247 2792 4320 quosdam,
2825 4247 2919 4316 qui
2961 4261 3028 4302 ex
3085 4244 3392 4300 hmresibus
3435 4253 3774 4299 convertun-

2185 4353 2301 4410 tur,
2359 4340 2754 4415 purificandos,
2802 4339 3134 4410 Stephanus,
3202 4336 3296 4408 qui
3361 4345 3487 4408 post
3540 4336 3769 4392 Lucium

2187 4432 2565 4489 Romanorum
2599 4431 2916 4488 moderatus
2945 4438 3030 4486 est
3077 4427 3287 4495 sedem,
3320 4429 3549 4494 restitit,
3581 4438 3773 4500 utpote

2185 4543 2390 4583 novum
2447 4525 2709 4598 quiddam
2757 4533 2958 4596 praeter
3005 4521 3264 4578 Ecclesiae
3313 4523 3774 4578 consuetudinem

501 4621 642 4675 siam
674 4631 923 4682 currant,
973 4623 1291 4678 necessario
1331 4623 1545 4679 scribit.
1603 4623 1660 4676 ln
1693 4623 1895 4693 quibus
1924 4631 1977 4679 et
2011 4619 2588 4686 deDintroducenti.
2647 4617 2752 4673 Cui
2819 4617 3104 4688 Stephano
3165 4615 3461 4687 Dionysius
3533 4618 3770 4686 primatu

500 4712 663 4768 beato
691 4711 878 4780 Moyse
903 4722 1143 4785 martyre
1191 4714 1460 4781 meminit,
1490 4715 1728 4786 qualiter
1756 4717 1934 4787 ipsum
1965 4715 2078 4770 No-

500 4813 686 4865 vatum
717 4815 844 4861 ante
880 4807 1198 4878 martyrium
1235 4822 1340 4860 una
1378 4822 1500 4862 cum
1531 4809 1776 4879 quinqtte
1804 4809 2078 4864 schisma-

501 4897 626 4953 ticis
660 4896 1001 4968 presbyteris
1046 4897 1189 4967 ejus.
1242 4896 1659 4969 deprehendens
1717 4899 2076 4956 temeritatem

501 4990 698 5060 ipsius,
722 4989 1310 5047 excommunicaverit.
1339 4989 1612 5061 Additque
1632 4992 1686 5046 in
1706 4993 1952 5064 epistolae
1976 4993 2082 5049 line

501 5080 809 5153 catalogum
845 5083 1231 5151 episcoporum
1266 5082 1358 5152 qui
1414 5083 1686 5138 adversus
1731 5099 1857 5138 eum
1894 5082 2083 5139 Roma

503 5185 875 5229 convenerant
913 5191 1010 5245 per
1041 5176 1257 5246 singula
1292 5175 1542 5241 nomina,
1587 5185 1642 5231 et
1694 5178 2078 5248 parochiarutn

501 5263 711 5322 faciens
738 5265 1097 5334 mentionem,
1158 5283 1371 5324 necnon
1402 5279 1457 5324 et
1505 5284 1696 5326 eorum
1719 5270 1814 5341 qui
1849 5286 1975 5326 cum
2009 5271 2082 5326 ob

501 5358 810 5416 necessaria
842 5359 1126 5417 obstacula
1168 5377 1278 5417 non
1330 5363 1744 5431 convenissent,
1776 5378 2078 5421 consense-

501 5461 631 5508 runt
661 5461 841 5509 tamen
870 5455 1111 5526 prapriis
1154 5454 1357 5510 litteris
1401 5455 1588 5512 divino
1648 5465 1844 5511 contra
1896 5456 2074 5525 ipsum

498 5545 818 5614 deprompta
842 5546 1076 5616 judicio.

574 5632 759 5694 Mundi
813 5655 961 5696 anno
1014 5631 1177 5704 5746,
1235 5640 1435 5696 divina:
1496 5641 1894 5699 incarnationis
1932 5658 2077 5698 anno

2184 4731 2345 4772 suam
2373 4715 2443 4771 de
2473 4715 2804 4785 baptismate
2826 4713 2997 4767 mittit
3021 4710 3337 4783 epistolam,
3378 4711 3432 4766 in
3467 4727 3575 4781 qua
3627 4712 3775 4766 inter

2187 4807 2296 4862 alia
2345 4805 2541 4862 scribit
2573 4805 2766 4861 dicens
2798 4822 2816 4860 :
2857 4802 3032 4875 Syria:
3057 4817 3186 4857 sane
3223 4818 3402 4858 omnes
3445 4811 3494 4856 et
3546 4799 3773 4866 Arabia,

2185 4901 2374 4972 quibus
2393 4914 2596 4967 semper
2633 4898 2890 4961 misistis,
2923 4906 3082 4968 atque
3110 4894 3526 4966 Mesopotamia,
3561 4893 3770 4950 Pontus

2184 4995 2234 5041 et
2263 4985 2537 5058 Bithynia,
2568 4995 2625 5041 ut
2660 4985 2982 5056 conjunctim
3007 5001 3269 5047 asseram,
3290 4984 3562 5040 exsultant
3585 5001 3770 5040 omnes

2184 5077 2376 5149 ubique
2405 5079 2696 5133 concordia
2725 5087 2774 5134 et
2806 5094 2988 5134 amore
3014 5077 3372 5148 fraternitatis
3397 5077 3766 5148 gloriﬁcantes

2185 5172 2377 5228 Deum.
2410 5171 2679 5229 Praeterea
2712 5172 2856 5228 idem
2899 5187 3132 5244 magnus
3173 5170 3472 5240 Dionysius
3527 5170 3768 5224 Alexan-

2182 5265 2377 5320 drinus
2409 5266 2708 5336 episcopus
2739 5266 2808 5320 dc
2842 5267 3170 5337 baptismate
3199 5266 3395 5322 scribit
3449 5273 3560 5319 tam
3590 5265 3767 5321 eidem

2184 5359 2465 5430 Stephano
2514 5376 2681 5430 quam
2720 5361 2878 5415 Sixto
2911 5362 3154 5432 pontifici
3205 5370 3259 5417 et
3295 5359 3600 5417 Pbilomeni
3645 5378 3769 5433 pre-

2185 5454 2411 5525 sbytero
2437 5460 2491 5510 et
2522 5453 2786 5526 Dionysio
2816 5471 2972 5527 aeque
3003 5455 3343 5527 presbytero.
3375 5457 3494 5511 viro
3525 5457 3760 5511 rationa-

2184 5548 2278 5602 bili
2311 5555 2364 5601 et
2388 5547 2652 5615 mirabili,
2675 5547 2771 5618 qui
2802 5556 2854 5604 et
2887 5556 3011 5619 post
3041 5547 3320 5604 modicum
3353 5547 3600 5605 Romano
3627 5564 3764 5621 pra:-

2184 5641 2368 5696 ficitur
2392 5641 2612 5696 throno.

2010 5756 2242 5815 ΝΟΤΕ.

574 5865 585 5911 ι
597 5851 670 5929 1')
709 5849 772 5907 ν.
809 5851 1254 5929 Observationes,
1281 5857 1401 5929 Nic.
1437 5855 1659 5928 Rigaltii
1712 5855 2131 5914 ad'l‘ertullian.
2170 5855 2250 5913 De
2293 5859 2604 5929 spectaculis
2643 5859 2698 5915 in
2728 5855 2860 5929 ptine,
2887 5865 2941 5917 ct
2970 5857 3218 5915 Menard.
3242 5857 3297 5913 in
3348 5857 3445 5914 lib.
3515 5859 3757 5914 Sacram.

508 5918 562 5974 ει.
592 5918 844 5994 Gregor.,
877 5940 930 5994 p.
953 5925 1057 5981 389
1088 5933 1141 5981 et
1164 5926 1281 5984 39L
1314 5925 1476 5984 Fatttt.
