4038 6298
361 391 498 458 32ῡὸ

1151 387 1520 451 HISTORIA
1557 382 2130 456 ECCLESTASTICA
2158 384 2264 454 ἙΧ
2297 388 2782 455 ΤΗΕῡΡΗΑΝΕ.

3485 386 3640 454 1206‘

428 501 611 557 Mundi
669 509 817 556 anno
868 491 1032 565 5748,
1091 500 1290 558 diVinaa
1338 503 1740 558 incarnationis
1781 506 1936 565 anno
1965 511 2011 565 Α
2041 523 2164 562 nem
2199 505 2467 563 adversus
2494 504 2842 564 Christianos
2872 513 3092 564 movere
3118 502 3410 573 niteretur,
3435 507 3623 566 divino

354 594 485 661 268,
518 591 851 649 Valerianus
878 601 936 649 et
965 591 1228 650 Galienus
1279 594 1575 666 imperant.
1620 591 1934 666 Stephanus

356 688 546 744 Sixtus
579 693 635 742 et
668 679 962 758 Dionysius
995 682 1306 742 Romanum
1338 684 1680 757 pontificium
1714 697 1933 760 gerunt.

354 779 558 836 Paulus
611 778 1006 836 Samosatenus
1045 779 1292 836 decimus
1345 779 1574 852 quintus
1636 776 1940 837 Antiochia

355 873 556 945 praesul
596 872 851 939 habetur,
884 873 1088 944 quique
1125 871 1317 942 pulsus
1347 878 1431 928 est
1478 872 1667 929 divino
1715 872 1948 932 decreto.

355 966 639 1038 etjudicio
665 974 982 1021 sanctorum
1023 965 1269 1027 Patrum,
1304 981 1425 1019 cum
1478 967 1795 1022 Artetnonis
1825 968 1935 1023 hae-

353 1060 519 1116 resim
557 1069 900 1115 renovasset.
937 1059 1138 1114 Verum
1176 1071 1298 1129 post
1330 1058 1546 1118 Gallum
1576 1070 1634 1116 et
1681 1053 1939 1116 Volusia-

354 1169 487 1210 num
521 1155 827 1210 secundum
883 1154 1148 1224 quosdam
1177 1141 1509 1208 Emilianus
1558 1153 1728 1209 sumit
1762 1156 1938 1226 impe-

355 1250 523 1304 rium.
558 1244 713 1303 Tunc
737 1255 790 1303 et
817 1245 1035 1316 Scytha:
1063 1255 1260 1301 rursus
1302 1242 1549 1301 Histrum
1590 1255 1940 1304 transeuntes

356 1337 811 1397 Thessalonicam
843 1340 1030 1394 urbem
1085 1336 1286 1410 Illyrici
1340 1345 1726 1396 vastaverunt.
1778 1340 1938 1396 Tunc

357 1444 409 1491 et
429 1434 794 1489 Athenienses
825 1425 1298 1488 rezedilicaverunt
1327 1448 1563 1499 murum,
1598 1434 1691 1505 qui
1723 1434 1939 1490 destru-

358 1536 481 1584 ctus
510 1526 688 1583 fuerat
710 1542 737 1580 a
771 1525 931 1599 Syllae
959 1523 1316 1596 temporibus.
1349 1525 1566 1597 Scythae
1596 1536 1778 1582 autem
1811 1543 1937 1582 cum

361 1622 552 1675 multis
592 1616 797 1692 prsidis
830 1617 898 1674 ad
929 1610 1152 1688 propria
1202 1627 1533 1672 remearunt.
1578 1617 1733 1673 Tunc
1759 1627 1811 1674 et
1835 1619 1941 1674 He-

357 1715 466 1770 iuri
491 1729 615 1770 cum
647 1711 964 1784 quingentis
1007 1710 1244 1767 navibus
1269 1726 1364 1780 per
1391 1709 1673 1768 Maaotides
1713 1710 1940 1783 paludes

360 1798 428 1864 ad
461 1798 697 1862 Pontum
733 1798 1059 1874 navigantes
1104 1797 1429 1874 Byzantium
1466 1811 1520 1858 et
1558 1803 1939 1875 Chrysopolim

357 1912 646 1978 ceperunt.

429 1999 590 2052 Anno
634 1993 826 2051 mundi
877 1990 1038 2057 5755,
1088 1993 1288 2050 divinae
1346 1991 1748 2047 incarnationis
1800 2003 1944 2045 anno

357 2088 486 2155 255,
517 2084 780 2146 Claudius
840 2089 1093 2159 imperat.
1131 2083 1318 2141 Heluri
1382 2087 1548 2141 etiam
1591 2100 1787 2140 rursus
1843 2083 1946 2140 sub

359 2184 465 2237 isto
489 2181 783 2237 infeliciter
812 2189 1131 2250 operantur.
1162 2177 1291 2233 Post
1322 2173 1614 2231 Claudium
1633 2174 1938 2242 Quintilius

358 2272 602 2329 obtinuit
625 2287 723 2344 per
751 2270 868 2327 dies
895 2269 982 2335 l7,
1017 2279 1072 2325 et
1101 2277 1350 2325 mortuus
1379 2277 1484 2324 est.

433 2365 618 2422 Mundi
670 2382 816 2421 anno
868 2358 1030 2431 5764,
1085 2363 1284 2420 divinae
1337 2358 1741 2417 incarnationis
1795 2375 1937 2416 anno

359 2450 483 2529 264,
514 2461 844 2517 Aurelianus
872 2457 1126 2530 imperat,
1155 2457 1258 2512 sub
1293 2472 1403 2526 quo
1431 2454 1589 2510 aiunt
1634 2453 1936 2509 Philostra-

359 2566 474 2610 tum
504 2554 922 2609 Atheniensium
971 2550 1478 2621 historiographum
1522 2542 1578 2603 et
1626 2547 1933 2618 Longinum

357 2649 585 2719 pollere.
618 2645 745 2714 Qui,
771 2645 1026 2702 videlicet
1060 2636 1412 2709 Aurelianus,
1439 2657 1564 2696 cum
1597 2639 1937 2711 persecutio.

2037 597 2270 655 fulmine
2302 595 2647 669 prohibetur,
2675 593 2976 673 fraudeque
3000 614 3225 656 suorum
3258 599 3482 657 occisus
3537 609 3623 657 est

2039 692 2094 747 in
2119 686 2516 762 Canophrurio
2556 692 2736 764 posito
2772 691 2916 748 inter
2959 683 3288 766 Byzantium
3343 701 3401 748 et
3447 691 3623 750 Hera-

2043 784 2228 839 cliam.
2259 778 2390 839 Post
2423 801 2582 854 quem
2614 784 2853 855 imperat
2881 777 3105 840 Tacitus
3134 800 3148 847 ;
3187 800 3297 854 quo
3340 793 3624 854 perempto

2041 877 2274 948 imperat
2298 873 2646 933 Philurianus
2668 894 2682 940 ;
2703 892 2812 949 quo
2831 874 3121 932 interfecto
3139 876 3368 948 imperat
3386 869 3619 932 Probus.

2113 968 2296 1026 Mundi
2352 987 2498 1026 anno
2551 965 2714 1038 5770,
2768 970 2967 1026 divina:
3029 967 3422 1026 incarnationis
3479 986 3626 1026 anno

2042 1063 2172 1128 270,
2207 1064 2368 1120 tertio
2400 1071 2544 1118 anno
2567 1059 2749 1119 Probo
2783 1063 3089 1136 imperante
3115 1059 3401 1118 Anatolius
3423 1049 3626 1120 Laodi—

2042 1169 2214 1212 cenus
2273 1154 2568 1226 episcopus
2653 1153 3054 1227 philosophicis
3136 1148 3334 1211 studiis
3389 1150 3626 1216 decorus

2045 1249 2384 1320 agnoscitur.
2429 1247 2636 1316 Quarto
2671 1263 2801 1303 vero
2827 1263 2972 1304 anno
2993 1248 3111 1320 ejits
3142 1265 3468 1304 vesanurum
3512 1249 3625 1306 Ma-

2045 1343 2377 1398 nichaeorum
2447 1343 2686 1399 exitialis
2724 1338 2961 1413 perditio
3013 1344 3140 1399 vitae
3197 1341 3481 1400 hominum
3542 1355 3628 1402 est

2045 1438 2213 1492 illata.

2115 1528 2298 1587 Mundi
2354 1545 2500 1585 anno
2543 1513 2706 1593 $775,
2761 1525 2962 1584 divinre
3023 1518 3423 1585 incarnationis
3481 1543 3626 1584 anno

2043 1622 2169 1691 275,
2207 1621 2382 1678 Carus
2414 1639 2539 1678 cum
2575 1614 2704 1678 filiis
2746 1613 2951 1678 Carino
2995 1623 3048 1677 et
3083 1611 3416 1676 Numeriano
3455 1621 3627 1693 impe-

2043 1730 2124 1774 rat
2155 1737 2169 1786 ;
2211 1733 2444 1788 quorum
2474 1733 2640 1781 unus,
2690 1709 3057 1772 Numerianus
3110 1714 3346 1780 scilicet,
3375 1730 3499 1770 cum
3529 1730 3626 1770 veo-

2047 1810 2225 1866 nisset
2272 1806 2641 1873 AntiOchiam,
2691 1808 2863 1864 voluit
2897 1808 3105 1863 intrare
3133 1806 3187 1861 in
3250 1805 3625 1862 ecclesiastica

2054 1910 2108 1957 et
2171 1904 2462 1973 explorare
2521 1899 2964 1958 Christianorum
3033 1901 3312 1972 mysteria.
3371 1901 3439 1956 At
3497 1915 3627 1955 vero

2049 2006 2276 2051 sanctus
2315 1994 2548 2064 Babylas
2582 1993 2865 2065 prohibuit
2897 2003 3045 2057 eum,
3082 1990 3271 2049 dicens
3303 2010 3319 2049 :
3353 1989 3476 2047 Non
3507 1991 3626 2047 licet

2049 2090 2144 2143 tibi
2178 2088 2351 2144 videre
2377 2087 2558 2143 divina
2592 2086 3019 2142 Christianorum
3069 2086 3346 2157 mysteria,
3399 2102 3516 2140 cum
3552 2087 3626 2139 si:

2049 2181 2284 2252 pollutus
2317 2179 2524 2234 idolicis
2551 2178 2870 2248 sacriﬁciis;
2903 2177 2995 2246 qui
3055 2177 3372 2249 indignatus
3425 2179 3638 2232 occidit.

2049 2285 2198 2325 eum.
2246 2269 2405 2325 Circa
2453 2267 2566 2324 hrcc
2615 2272 2862 2338 tempora
2918 2261 3067 2324 Felix
3132 2265 3512 2339 Eutychianus
3573 2277 3639 2322 et».

2047 2362 2210 2418 Caius
2238 2363 2426 2418 Romae
2458 2361 2745 2432 pontifices
2795 2360 3146 2418 exstiterunt.
3192 2351 3362 2417 Porro
3418 2358 3625 2416 Nume-

2046 2455 2236 2510 rianus
2268 2469 2391 2509 cum
2448 2453 2675 2526 triginta
2737 2459 2951 2508 tantum
3014 2453 3208 2508 diebus
3257 2461 3561 2522 regnasset,
3593 2466 3626 2506 α

2045 2563 2243 2605 socero
2298 2563 2399 2604 suo
2428 2545 2753 2604 interfectus
2791 2551 2892 2616 est,
2930 2549 2985 2603 et
3039 2541 3414 2604 Diocletianus
3457 2546 3627 2604 sumit

2043 2639 2353 2713 imperium.

1073 3101 1402 3181 ABHINC
1455 3104 1927 3183 HISAACIUS,
1963 3107 2115 3185 QUI
2146 3105 2267 3170 ET
2308 3093 2926 3170 THEOPHANES-

432 3452 617 3516 κυηάί
667 3470 812 3516 anno
867 3449 1034 3530 $777,
1085 3461 1286 3520 divina:
1337 3463 1739 3520 incarnationis
1795 3467 2012 3526 annoc
2046 3461 2330 3535 proiicere,
2362 3456 2856 3534 etdeprehendens
2875 3459 3020 3516 hunc
3044 3457 3289 3516 futurum
3313 3452 3644 3534 tyrannidis.

361 3549 488 3619 277,
525 3551 896 3612 Diocletianus
923 3559 980 3612 et
1031 3552 1392 3615 Maximianus
1443 3547 1733 3614 Herculius
1770 3558 1943 3627 impe-

364 3652 509 3709 rant,
533 3646 626 3717 qui
662 3637 910 3704 Caesares
938 3647 1119 3705 fetere
1165 3644 1550 3706 Constantium
1581 3657 1633 3706 et
1661 3645 1942 3706 Maximia-

365 3755 493 3796 num
520 3739 821 3797 Galerium.
847 3740 914 3796 Et
947 3742 1317 3798 Diocletianus
1346 3745 1564 3815 quidem
1598 3745 1762 3800 ﬁliam
1787 3761 1941 3801 suam

365 3834 430 3891 ad
459 3833 680 3903 nuptias
715 3830 934 3890 Galerio
973 3833 1142 3903 dedit,
1190 3833 1485 3893 ﬂoreulius
1542 3846 1723 3891 autem
1771 3832 1944 3891 Maxi-

364 3929 580 3982 mianus
601 3927 945 3984 Theodoram
977 3929 1143 3984 filiam
1175 3945 1329 3986 suam
1358 3929 1721 3986 Constantino
1769 3943 1942 4002 c0pu-

365 4020 511 4087 lavit,
537 4026 850 4090 quanquam
887 4032 1117 4093 uterque
1149 4036 1348 4078 uxores
1376 4024 1640 4089 haberet,
1668 4037 1807 4093 quas
1853 4039 1943 4079 re-

364 4114 499 4183 pulit
532 4115 600 4168 ob
627 4111 879 4170 aﬂ‘ectum
920 4130 1031 4186 quo
1056 4129 1186 4187 erga
1233 4117 1598 4186 imperatores
1655 4115 1942 4188 ﬂagrabat.

364 4205 519 4261 Tunc
562 4219 782 4278 quoque
823 4205 1116 4264 Marcellus
1162 4209 1458 4280 episcopus
1509 4209 1690 4265 Romae
1734 4209 1940 4266 ﬂoruit.

367 4294 740 4354 Diocletianus
772 4308 829 4355 et
868 4297 1236 4356 Maximianus
1275 4299 1566 4356 Herculius
1605 4303 1944 4370 persecutio-

364 4397 486 4445 nem
537 4399 788 4464 magnam
855 4401 909 4448 et
956 4393 1288 4448 horrendam
1347 4405 1537 4449 contra
1598 4393 1943 4452 Christianos

365 4480 764 4550 excitaverunt,
799 4491 853 4537 et
883 4485 1119 4554 plurima
1151 4495 1449 4556 martyrum
1479 4487 1648 4541 millia
1687 4499 1944 4559 patr-ave-

365 4583 530 4638 runt,
581 4576 799 4632 diversa
835 4586 1120 4633 tormenta
1191 4581 1568 4650 excogitantes
1633 4591 1687 4637 et
1745 4585 1943 4640 multas

365 4667 638 4738 nequitias
669 4678 984 4739 operantes.

435 4756 624 4817 Mundi
676 4775 823 4819 anno
863 4763 1026 4830 5788,
1081 4764 1281 4820 divinae
1334 4764 1733 4821 incarnationis
1796 4781 1942 4822 anno

2046 3564 2101 3610 et
2131 3555 2251 3622 ejus
2281 3548 2600 3625 dogmatum
2631 3551 3060 3618 destrn-ctoreni,
3094 3553 3239 3609 hunc
3270 3555 3430 3611 morti
3462 3553 3620 3612 addi—

2045 3663 2172 3704 cere
2203 3643 2396 3704 fraude
2434 3649 2726 3702 tractabat.
2785 3651 2856 3701 At
2908 3647 2998 3702 ille
3045 3646 3227 3702 divina
3281 3647 3622 3719 providentia

2047 3739 2239 3797 fraude
2266 3741 2505 3813 cognita,
2541 3738 3005 3812 quemadmodum
3051 3734 3238 3808 David,
3290 3740 3418 3813 fuga
3475 3742 3624 3797 salu-

2048 3843 2156 3890 tem
2192 3837 2488 3895 mercatur.
2528 3844 2582 3890 et
2616 3830 2683 3889 ad
2716 3844 2924 3904 patrem
2953 3845 3115 3888 suum
3166 3829 3353 3890 salvus
3400 3831 3622 3889 rediens

2045 3928 2250 3983 multas
2286 3941 2412 3982 cum
2445 3923 2538 3982 illo
2586 3927 2812 3997 gratias.
2844 3921 3089 3990 Christo,
3140 3925 3234 3994 qui
3273 3939 3332 3981 se
3369 3925 3620 3992 salvavit,

2047 4021 2260 4093 agebat.
2294 4021 2452 4076 Circa
2484 4019 2601 4074 haec
2628 4033 2762 4075 sane
2802 4029 3047 4090 tempora
3078 4010 3349 4074 Miltiades
3391 4026 3448 4074 et
3495 4019 3620 4073 dein

2048 4109 2313 4167 Silvester
2362 4108 2627 4165 Romanae
2678 4110 2877 4182 gerunt
2928 4104 3186 4164 Ecclesiae
3249 4111 3620 4178 praesulatum.

2047 4202 2216 4257 Porro
2269 4201 2624 4258 Theatecnus
2670 4201 2912 4268 divinas,
2973 4203 3064 4256 cui
3125 4211 3322 4271 parens
3371 4199 3622 4256 Galerius

2047 4295 2433 4361 Maximianus,
2482 4301 2609 4348 cum
2655 4293 3000 4350 daimonibus
3049 4294 3358 4349 immolaret
3398 4303 3466 4369 et
3528 4309 3621 4349 re-

2049 4403 2252 4461 sponsa
2283 4389 2609 4458 absciperet,
2631 4387 2896 4443 adversus
2909 4379 3257 4443 Christianos
3286 4389 3622 4459 persecutio-

2045 4501 2171 4541 nem
2205 4483 2526 4549 commovit,
2563 4483 2896 4539 monitiones
2927 4482 3217 4538 salvatoris
3252 4481 3430 4550 tinxit,
3471 4491 3526 4538 et
3550 4482 3643 4538 ad-

2047 4578 2232 4633 omnia
2271 4577 2388 4631 loca
2418 4576 2475 4630 in
2503 4575 2765 4645 injuriam
2803 4576 2971 4642 misit,
3009 4585 3063 4632 et
3106 4576 3410 4632 litterarum
3445 4576 3622 4648 magi.

2045 4673 2180 4728 stris
2211 4682 2410 4744 puerOs
2428 4671 2624 4727 docere
2645 4672 2919 4742 praecepit,
2947 4672 3174 4744 studens
3205 4686 3314 4742 quo
3338 4669 3616 4727 deridere-

2045 4771 2136 4820 tur
2181 4764 2505 4836 mysterium
2547 4770 2824 4820 nostrum.
2859 4763 3128 4821 Praeterea
3167 4759 3526 4821 Constantius
3563 4764 3618 4820 in

362 4850 488 4916 288,
530 4851 873 4911 Diocletiano
895 4827 1201 4927 imperante
1237 4854 1423 4913 Romae
1443 4860 1642 4930 praesul
1669 4857 1940 4917 Eusebius
1969 4827 2012 4885 C
2044 4827 2347 4914 Britanniis
2373 4858 2625 4925 meritur,
2649 4864 2774 4914 cum
2804 4858 3123 4928 imperasset
3140 4857 3300 4913 annis
3317 4856 3574 4914 undecim
3597 4871 3644 4925 ;_

365 4949 616 5006 habetur.
641 4949 770 5018 Qui,
796 4951 1053 5007 videlicet
1088 4951 1493 5018 Diocletianus,
1523 4955 1667 5022 apud
1697 4953 1938 5008 Alexano

365 5042 536 5098 driam
571 5041 878 5099 Achilleum
931 5044 1225 5100 interfecit.
1273 5043 1405 5100 Erat
1454 5053 1634 5101 autem
1668 5060 1793 5100 cum
1824 5047 1942 5115 ipso

364 5142 415 5190 et
451 5134 850 5191 Constantinus
883 5135 1030 5193 illius
1061 5136 1406 5203 Constantis,
1436 5140 1530 5209 qui
1585 5154 1706 5193 cum
1756 5139 1941 5194 adhuc

365 5228 517 5285 valde
563 5230 784 5299 juvenis
835 5235 1004 5296 esset,
1055 5229 1276 5286 fortiter
1333 5233 1527 5304 agebat
1581 5234 1634 5288 in
1691 5234 1936 5303 praeliis;

363 5333 522 5388 quem
553 5318 774 5374 intuens
803 5319 1176 5385 Diocletianus
1206 5321 1409 5376 invidia
1444 5331 1640 5378 motus
1658 5324 1785 5377 dolo
1809 5339 1932 5392 per-

363 5410 532 5477 imere
589 5412 872 5481 satagebat
923 5431 936 5468 :
999 5413 1148 5469 Deus
1213 5426 1392 5470 autem
1447 5414 1591 5470 hunc
1633 5416 1937 5487 inopinate

365 5503 593 5558 salvavit
621 5512 675 5559 et
700 5506 840 5574 patri
867 5507 1130 5561 restituit.
1164 5506 1314 5564 Alias
1348 5518 1528 5562 autem
1565 5511 1638 5562 ita
1674 5510 1951 5565 refertum.

362 5595 724 5652 Constantino
754 5613 887 5654 vero
920 5598 1032 5654 filio
1063 5598 1371 5655 Constantii
1405 5601 1459 5654 in
1490 5599 1714 5657 Oriente
1743 5617 1806 5656 ac
1831 5599 1936 5656 Pa-

363 5689 573 5744 laestina
625 5689 856 5761 degente
885 5700 937 5747 et
973 5708 1094 5747 cum
1125 5691 1458 5748 Christianis
1503 5695 1796 5759 sentiente,
1851 5695 1934 5747 vi-

362 5780 500 5836 dens
535 5782 682 5836 hunc
711 5781 967 5840 Galerius
1013 5783 1374 5841 Maximianus
1409 5784 1686 5842 intellectu
1740 5785 1938 5841 anima

365 5886 427 5927 ac
453 5874 704 5947 corporis
730 5874 929 5931 robore
954 5885 1118 5947 atque
1141 5875 1362 5948 ingenio
1393 5875 1541 5947 circa
1567 5875 1954 5934 eruditionem.

2041 4955 2136 5024 qui
2179 4959 2276 5023 pro
2300 4967 2360 5008 se
2379 4952 2808 5006 Constantinum
2839 4952 3293 5023 pronuntiaverat
3319 4949 3621 5020 imperato-

2041 5062 2183 5113 rem,
2214 5045 2636 5116 primogenitum
2671 5042 2846 5098 filium
2878 5046 3064 5106 suum,
3099 5042 3152 5096 in
3186 5050 3487 5112 conspectu
3527 5049 3621 5097 to»

2041 5141 2151 5194 tius
2185 5138 2394 5208 populi,
2421 5135 2787 5206 praesentibus
2812 5151 3033 5207 quoque
3054 5135 3268 5191 caeteris
3299 5133 3432 5189 ﬁliis
3465 5133 3611 5198 suis,

2039 5227 2384 5285 Constantini
2457 5225 2857 5296 compatriotis,
2927 5220 3249 5280 Constantio
3312 5224 3522 5280 scilicet
3565 5232 3636 5279 et.

2044 5320 2402 5382 Anaballeno,
2440 5318 2535 5389 qui
2574 5327 2628 5373 et
2660 5315 2965 5372 Dalmatius
3001 5317 3182 5372 dictus
3226 5322 3333 5379 e'st,
3378 5315 3472 5385 qui
3502 5316 3640 5370 nati.

2046 5414 2263 5469 fuerant
2294 5429 2358 5467 ex
2383 5411 2669 5467 Theodora
2699 5411 2808 5466 lilia
2836 5408 3075 5465 Herculii
3109 5427 3125 5464 :
3157 5422 3280 5463 nam
3298 5407 3618 5476 Constanti-

2048 5523 2150 5561 nus
2180 5521 2243 5559 ex
2274 5503 2475 5558 Helena
2512 5503 2711 5570 fuerat,
2741 5503 2908 5574 priori
2937 5500 3242 5557 Constantii
3267 5499 3521 5573 conjuge.
3547 5500 3625 5557 At

2043 5599 2402 5656 Constantius
2436 5601 2627 5653 horum
2667 5604 2820 5668 pater
2845 5612 3012 5667 nepos
3042 5604 3161 5652 erat
3190 5596 3406 5651 Claudii
3442 5596 3619 5667 impe-

2045 5689 2270 5754 ratoris,
2299 5705 2364 5746 ex
2396 5689 2506 5743 lilia
2529 5689 2647 5758 ejus
2678 5688 2914 5760 genitus.
2941 5686 3112 5742 Porro
3148 5684 3418 5743 Eusebius
3437 5687 3618 5742 Caesa-

2047 5783 2251 5838 riensis
2276 5781 2409 5836 dicit
2429 5781 2577 5851 quod
2607 5780 2976 5836 Diocletianus
3015 5793 3216 5835 amens
3246 5779 3476 5835 effectus
3511 5795 3618 5835 una

2048 5889 2172 5930 cum
2205 5872 2462 5933 Herculio
2488 5874 2721 5946 imperio
2750 5872 3001 5944 deposito
3029 5861 3297 5944 privatam
3333 5871 3499 5927 vitam
3520 5880 3615 5924 ar.-
