4038 6298
484 355 620 423 1207

1529 362 1927 425 ANASTASII
1986 362 2616 428 BIBLIOTHECARII

3595 362 3726 429 1208

478 469 705 539 ripocrit
735 487 750 536 ;
783 482 1018 541 quorum
1074 484 1220 525 unus
1267 468 1491 540 quidem
1537 471 1840 542 suspendio
1885 471 2052 526 vitam
2084 479 2126 534 Α
2155 472 2228 529 At
2259 489 2392 529 vero
2430 475 2578 532 cives
2610 474 2864 541 Romani,
2912 472 3006 545 qui
3049 475 3196 530 hunc
3258 488 3626 546 poposcerunt
3673 475 3728 529 nl

473 561 787 622 iuutavenit,
819 561 958 615 alter
987 575 1140 625 vero,
1177 558 1228 616 id
1251 569 1336 616 est
1371 559 1763 626 Diocletianus,
1787 561 2050 635 languore

471 652 684 721 prolixo
715 661 1078 724 consumptus
1107 654 1456 710 emarcuerit.
1482 654 1749 711 Caeterum
1772 653 2049 721 Gelasius,

471 743 716 808 ejusdem
747 745 1001 805 Caesaris:
1031 750 1284 815 antistes,
1333 749 1467 804 dicit
1519 751 1667 820 quod
1727 752 2046 822 pmnitentia

472 835 645 897 ducti,
673 846 728 891 et
759 836 943 894 denuo
976 839 1245 910 imperare
1269 844 1536 907 volentes,
1577 843 1852 897 communi
1887 859 2048 899 sena-

471 937 562 980 tus
589 926 814 980 decreto
847 929 1219 998 perimuntur.
1261 930 1361 986 His
1391 949 1524 999 ergo
1551 934 1617 988 de
1651 933 1833 990 medio
1865 935 2047 1000 factis,

470 1025 526 1072 et
553 1031 674 1086 qua:
699 1017 1133 1076 Christianitatis
1158 1031 1287 1076 sunt
1315 1024 1586 1080 sentiente
1608 1024 1933 1082 Constantio
1955 1025 2047 1083 de-

473 1108 687 1175 functo,
719 1109 1032 1182 imperium,
1071 1120 1129 1167 ut
1159 1114 1412 1184 praedixi,
1456 1115 1746 1173 obtinuere
1775 1116 2048 1176 Constan-

473 1200 622 1258 tinus
651 1203 949 1273 Augustus,
975 1213 1029 1260 et
1059 1203 1420 1265 Maximianus
1455 1209 1728 1268 Galerius.

548 1294 736 1350 Mundi
791 1311 938 1353 anno
997 1298 1161 1362 5797,
1203 1300 1405 1357 divinae
1464 1303 1863 1361 incarnationis
1918 1305 2046 1371 297,

475 1387 868 1445 Constantinus
897 1391 1310 1449 sacratissimus
1332 1405 1385 1449 et
1415 1396 1919 1456 christianissimus
1949 1402 2052 1455 im-

475 1490 631 1552 perat
658 1483 712 1536 in
746 1481 936 1539 Galliis
966 1491 1022 1539 et
1049 1483 1376 1554 Britannia;
1433 1503 1556 1542 cum
1601 1504 1709 1558 quo
1757 1505 1856 1560 per
1904 1491 2046 1546 idem

477 1583 694 1647 tempus
748 1576 957 1646 pariter
1011 1575 1320 1646 imperabat
1390 1578 1752 1636 Maximianus
1797 1579 2049 1636 Galerius

475 1681 602 1722 cum
626 1667 840 1724 duobus
871 1668 1183 1725 Caesaribus
1207 1666 1413 1726 Severo
1441 1679 1495 1726 et
1515 1669 1833 1726 Maximino.
1865 1672 2050 1728 Romae

475 1768 658 1815 autem
691 1758 995 1818 Maxentius
1029 1769 1298 1832 tyrannus
1327 1762 1530 1831 injuste
1558 1764 1837 1834 imperans
1862 1767 2045 1820 omnia

476 1866 620 1908 saeve
654 1852 1008 1923 operabatur.
1041 1831 1198 1907 Tunc
1228 1861 1284 1908 et
1324 1853 1602 1909 Licinium
1630 1831 1900 1912 Catsarem
1937 1855 2048 1911 Ro-
2079 1831 2122 1885 Β

475 1944 623 1998 mani
649 1943 1012 2015 appellavere,
1034 1946 1266 2016 gratiam
1303 1946 1667 2004 Constantino
1708 1963 2050 2020 pra-stantes,

477 2051 600 2090 cum
630 2045 780 2092 esset
833 2038 1048 2094 sororis
1094 2037 1433 2096 Constantia:
1463 2043 1670 2112 nuptiis
1726 2044 2051 2109 honoratus,

477 2128 686 2200 quique
717 2128 976 2200 pietatem
1009 2129 1346 2206 Christianae
1369 2133 1656 2206 religionis
1686 2135 1959 2192 fallaciter
1981 2138 2055 2193 si-

483 2222 748 2276 mulabat.
781 2213 992 2277 interea
1023 2222 1228 2279 Severo
1268 2232 1487 2280 mortuo
1519 2227 1715 2283 Petrus
1762 2226 2056 2296 episcopus

476 2312 909 2378 Alexandrinus,
933 2331 1059 2372 cum
1091 2324 1238 2374 esset
1269 2317 1326 2372 in
1357 2317 1612 2374 custodia
1644 2331 1914 2391 praecepto
1943 2319 2056 2374 Ma-

479 2406 702 2461 ximiani
727 2402 931 2463 Galerii
955 2416 1012 2464 et
1036 2405 1323 2465 Maximini
1356 2406 1454 2465 filii
1483 2409 1622 2479 ejus,
1666 2413 1845 2484 capite
1879 2414 2056 2470 reciso

481 2497 731 2569 glorioso
778 2500 1170 2572 martyrizatus
1223 2510 1352 2567 est;
1395 2499 1493 2573 qui
1535 2502 1725 2558 Arium
1764 2502 2056 2559 diaconum

477 2588 832 2646 exsistentem
858 2590 1066 2662 absque
1095 2593 1484 2651 communione
1511 2594 1665 2660 fecit,
1698 2597 1791 2667 qui
1833 2603 1888 2651 et
1920 2607 2064 2662 post-

479 2682 583 2738 hac
615 2681 868 2752 pessima
904 2684 1182 2756 opinionis
1219 2685 1498 2742 haereseos
1531 2693 1798 2757 patronus
1829 2688 2058 2744 eﬂ‘ectus

481 2773 688 2831 multos
719 2789 749 2828 a
781 2775 986 2845 pietate
1037 2777 1292 2831 removit.
1323 2776 1478 2832 Multi
1524 2792 1654 2833 vero
1710 2786 1768 2833 et
1816 2779 1908 2833 alii
1957 2782 2060 2836 sub

479 2868 604 2925 istis
632 2868 885 2941 tyrannis
922 2868 1170 2940 martyrii
1221 2885 1326 2941 pro
1359 2869 1582 2924 Christo
1617 2885 1824 2926 corona
1885 2871 2058 2929 induti

477 2968 629 3027 sunt,
673 2976 910 3031 quorum
963 2967 1094 3016 sunt
1137 2960 1360 3018 Phileas
1430 2963 1724 3034 episcopus
1785 2962 2062 3021 Thmueos

479 3051 723 3123 Egypt},
746 3053 937 3108 Peleus
960 3062 1015 3109 et
1044 3052 1198 3109 Nilus
1221 3054 1464 3125 episcopi
1487 3053 1733 3127 Egypti,
1759 3056 2063 3114 Anthemus

2151 570 2209 624 in
2236 585 2396 624 suum
2423 578 2742 639 exsurgeret
2785 568 3144 637 adjutorium,
3165 582 3193 620 a
3222 567 3444 636 maligni
3473 565 3732 620 Maxentii

2150 662 2452 733 tyrannide
2491 662 2709 716 liberati
2747 661 3030 717 civitatem
3059 667 3347 719 eorunant,
3384 675 3508 712 cum
3535 660 3735 727 gaudio

2150 759 2418 812 victorem
2443 757 2867 813 Constantinum
2895 771 3001 809 una
3032 771 3158 810 cum
3186 755 3474 809 victoriam
3499 752 3735 807 faciente

2148 863 2314 904 cruce
2341 850 2730 918 suscipientes,
2759 859 2812 905 et
2837 849 2981 902 hunc
3013 847 3339 903 salvatorem
3367 860 3492 899 cum
3533 845 3740 916 gaudio

2149 942 2542 996 acelamantes.

2221 1032 2406 1087 Mundi
2436 1049 2580 1087 anno
2623 1032 2784 1094 5803,
2817 1029 3217 1088 Constantinus
3255 1028 3490 1097 Septimo
3515 1025 3735 1097 imperii

2147 1124 2233 1179 sui
2274 1139 2442 1191 anno,
2477 1141 2600 1179 cum
2627 1125 2814 1178 divina
2839 1139 2940 1194 ope
2971 1123 3200 1177 Romam
3227 1117 3584 1182 obtinuisset,
3610 1128 3738 1173 ante

2147 1219 2334 1272 omnia
2383 1232 2620 1287 corpora
2685 1227 3012 1272 sanctorum
3075 1222 3380 1285 martyrqu
3444 1211 3631 1280 colligi
3686 1219 3738 1264 ct

2150 1319 2352 1366 sanctae
2385 1310 2681 1380 sepultura:
2708 1310 2852 1363 tradi
2893 1307 3180 1379 praecepit.
3206 1306 3271 1360 Et
3308 1315 3469 1361 erant
3499 1303 3732 1358 Romani

2150 1402 2533 1471 triumphalem
2561 1402 2916 1456 festivitatem
2944 1407 3171 1471 agentes
3211 1406 3266 1453 et
3302 1397 3594 1452 Dominum
3622 1395 3733 1451 col-

2150 1493 2484 1558 laudantes,
2563 1509 2660 1546 nec
2719 1508 2827 1546 non
2882 1499 2939 1545 et
3000 1492 3272 1544 vivificam
3333 1505 3561 1545 crucem
3640 1505 3733 1558 per

2150 1595 2364 1657 septem
2402 1586 2522 1641 dies
2572 1597 2626 1642 et
2677 1585 3102 1642 Constantinum
3159 1584 3425 1640 victorem
3481 1584 3734 1654 magnifi-

2148 1688 2358 1736 cautes.

2220 1773 2568 1829 Constantini
2633 1789 2778 1830 anno
2827 1775 2860 1830 9
2907 1771 3238 1828 Maximinus
3292 1771 3438 1826 filius
3507 1768 3737 1834 Galerii,

2153 1865 2405 1920 insiliens
2436 1873 2488 1920 et
2515 1865 2742 1920 sibimet
2783 1865 3077 1936 imperium
3123 1863 3436 1925 reﬂectens,
3499 1862 3744 1930 turpiter

2155 1959 2208 2012 in
2232 1957 2423 2013 Cilicia
2449 1959 2617 2013 vitam
2647 1957 2842 2014 finivit.
2874 1958 3122 2012 Audiens
3155 1966 3336 2010 autem
3369 1953 3737 2008 Maximianus

2152 2046 2405 2104 Galerius
2443 2057 2598 2118 pater
2653 2049 2820 2118 hujus
2872 2047 3206 2103 Maxentium
3268 2046 3438 2100 filium
3491 2044 3741 2098 Herculii

2153 2139 2341 2196 Romae
2372 2156 2403 2194 a
2433 2140 2798 2197 Constantino
2840 2157 2939 2210 per
2973 2140 3231 2194 virtutem
3285 2137 3468 2191 crucis
3516 2136 3738 2190 adiuer-

2155 2249 2276 2288 sum
2310 2274 2326 2299 ,
2399 2233 2606 2294 timuit,
2659 2244 2715 2288 et
2764 2231 3204 2303 persecutionem
3259 2243 3425 2300 quam
3475 2227 3743 2282 adversus

2155 2324 2500 2380 Christianos
2530 2323 2772 2394 agitabat
2805 2337 3025 2378 cessare
3051 2321 3204 2375 fecit.

2226 2416 2627 2472 Constantinus
2680 2425 2864 2470 autem
2921 2413 3138 2469 decimo
3165 2412 3384 2482 imperii
3449 2410 3538 2466 sui
3593 2424 3743 2463 anno

2159 2523 2266 2562 una
2297 2522 2421 2560 cum
2480 2502 2693 2560 Licinio
2721 2506 2963 2571 Ctesare,
3029 2504 3150 2560 zelo
3176 2503 3272 2559 Dei
3299 2503 3522 2564 ductus,
3554 2512 3739 2556 castra

2160 2599 2325 2653 movit
2363 2599 2629 2651 adversus
2664 2595 3053 2649 Maximianum
3089 2592 3390 2656 Gaierium,
3415 2593 3511 2664 qui
3551 2591 3743 2646 mode-

2161 2691 2385 2745 rabatur
2411 2690 2706 2744 Orientem.
2747 2689 2815 2741 At
2866 2687 2958 2742 ille
3013 2694 3204 2742 contra
3258 2686 3560 2740 restituros
3611 2699 3740 2738 cum

2164 2786 2432 2838 immensa
2473 2780 2827 2837 multitudine
2868 2794 3159 2850 aggressus
3198 2784 3283 2834 est
3307 2793 3429 2842 eos,
3470 2777 3608 2832 fisus
3652 2775 3739 2832 di-

2159 2875 2541 2930 vinationibus
2585 2873 2896 2928 daunonum
2927 2879 2983 2927 et
3019 2871 3288 2926 maleﬂcis
3333 2869 3740 2926 adinventioni-

2163 2967 2286 3022 bus.
2318 2968 2570 3038 Cumque
2620 2966 2837 3022 vivifiea
2901 2980 3037 3018 crux
3091 2979 3348 3035 magnum
3409 2962 3743 3033 pracederet

2163 3061 2608 3126 Constantinum,
2643 3069 2910 3132 tyrannus
2937 3076 3045 3114 una
3080 3075 3206 3114 cum
3256 3057 3652 3129 congressione
3687 3056 3738 3109 in

476 3148 772 3217 episcopus
802 3146 1160 3211 Nicomediae,
1221 3147 1501 3218 Tyrannio
1550 3150 1848 3221 episcopus
1903 3149 2054 3222 Tyri,
2083 3164 2128 3224 α
2163 3151 2346 3223 fugam
2384 3168 2590 3220 versus;
2630 3152 2761 3207 dum
2813 3151 3112 3208 multitudo
3142 3150 3471 3215 mederetur,
3502 3149 3743 3219 impera-

480 3239 739 3295 Silvanus
769 3240 1060 3310 episcOpus
1109 3238 1340 3295 Hemisae
1368 3248 1421 3295 et
1449 3241 1706 3297 Silvanus
1756 3245 2050 3313 episcopus

477 3332 659 3397 (ἶριν,
722 3331 1002 3388 Lucianus
1049 3333 1339 3404 presbyter
1382 3333 1722 3402 Antiochiae,
1776 3336 2052 3393 Zenobius

482 3428 768 3497 presbyter
795 3424 1039 3490 Sidonis,
1070 3424 1391 3496 Pamphilus
1447 3429 1733 3501 presbyter
1760 3431 2009 3486 Caesaris:
2033 3473 2052 3497 ,

478 3530 645 3590 atque
681 3519 775 3573 alii
801 3517 1098 3574 innumeri.
1133 3519 1380 3590 Denique
1409 3520 1659 3577 Galerius
1685 3521 2052 3580 Maximianus

477 3627 642 3670 nume
691 3612 961 3683 praecepit
1026 3610 1471 3668 Christianorum
1535 3614 1922 3671 exterminium
1973 3617 2050 3687 (ἓ)

482 3705 622 3766 tieri,
656 3719 768 3759 non
795 3711 1008 3758 tantum
1045 3712 1269 3774 propter
1303 3705 1640 3774 impietatem
1687 3722 1844 3762 suam
1878 3723 2052 3777 quan-

479 3805 595 3849 tum
619 3794 691 3849 ob
717 3795 963 3865 rapinam
996 3794 1451 3864 patrimoniorum
1485 3795 1756 3866 ipsorum.

553 3887 724 3941 Porro
745 3885 1147 3942 Constantinus
1194 3898 1350 3942 sexto
1398 3890 1616 3960 imperii
1670 3896 1758 3946 sui
1803 3907 1949 3948 anno
1998 3894 2051 3947 in

479 3976 912 4031 destructionem
945 3984 1307 4047 tyrannorum
1328 3980 1591 4035 surrexit.
1617 3980 1926 4040 Maxentius
1951 4001 2052 4039 au-

481 4082 589 4124 tein
630 4069 832 4139 impius
874 4069 1022 4125 facto
1049 4070 1105 4125 in
1137 4069 1323 4137 ﬂuvio,
1355 4073 1449 4142 qui
1495 4073 1646 4128 circa
1700 4075 1893 4136 urbem
1941 4075 2053 4131 lico

485 4174 628 4214 mam
655 4159 926 4226 decurrit,
971 4177 1037 4216 ex
1087 4161 1317 4217 navibus
1348 4173 1514 4234 ponte
1560 4174 1753 4220 contra
1802 4183 2055 4237 magnmn

479 4251 905 4306 Constantinum
941 4253 1116 4307 aciem
1161 4253 1371 4324 dirigit,
1400 4255 1496 4324 qui
1529 4256 1790 4313 Maxentii
1827 4261 2059 4329 pavebat

486 4340 754 4396 maleﬁcia
781 4342 1041 4411 parvulos
1073 4343 1372 4399 incidentis
1417 4353 1641 4415 propter
1688 4346 2060 4404 divinationes

481 4435 744 4489 nefarias.
780 4435 1028 4505 Cumque
1062 4437 1116 4490 in
1141 4438 1484 4493 haesitatione
1513 4441 1686 4495 multa
1707 4442 2055 4506 consisteret,

2157 3247 2354 3300 toriam
2389 3254 2592 3300 vestem
2638 3245 2920 3315 deposuit,
2970 3253 3025 3300 et
3082 3241 3306 3319 mjlitari
3361 3241 3738 3298 circumdatus

2157 3339 2368 3403 habitu,
2403 3338 2594 3407 paucis
2632 3352 2698 3394 ex
2744 3336 3059 3392 fautoribus
3089 3350 3275 3392 secum
3323 3332 3739 3395 comitantibus,

2157 3447 2188 3484 a
2219 3430 2426 3485 villain
2455 3430 2640 3485 villam
2700 3429 2826 3501 fuga
2878 3428 3220 3484 clandestina
3274 3426 3624 3498 preperabat,
3686 3434 3740 3479 et

2159 3537 2266 3577 non
2301 3522 2478 3576 solum
2502 3520 2815 3577 sacerdotes
2839 3519 3109 3574 idolorum
3127 3526 3178 3573 et
3203 3517 3257 3572 in
3281 3516 3510 3588 magicis
3533 3516 3740 3571 artibus

2157 3610 2493 3676 diﬂ'amatos,
2555 3612 2650 3668 sed
2682 3621 2740 3667 et
2788 3621 2938 3668 vates
2973 3626 3167 3667 eorum
3213 3610 3502 3673 collectos,
3558 3617 3740 3678 utpote

2157 3706 2498 3776 deceptores,
2531 3704 2751 3760 occidit.

2229 3802 2431 3857 interea
2461 3796 2859 3858 Constantinus
2888 3816 3014 3857 cum
3041 3799 3100 3856 ii
3132 3811 3356 3871 gereret
3393 3798 3611 3870 imperii
3644 3813 3741 3850 an-

2161 3909 2315 3959 num,
2361 3903 2419 3948 e'.
2457 3893 2639 3948 vivum
2686 3891 2966 3950 Galerium
3023 3891 3415 3947 Maximianum
3463 3899 3611 3946 esset
3653 3903 3742 3958 ag-

2159 4001 2476 4056 gressurus,
2529 3985 2716 4041 divina
2773 3987 3118 4057 praeveniens
3174 3985 3254 4038 ira
3328 3981 3745 4054 comprehendit

2161 4094 2286 4134 eum
2315 4096 2329 4133 :
2369 4077 2587 4132 ﬂamma
2627 4079 2773 4133 enim
2803 4079 2874 4134 de
2919 4079 3102 4134 medio
3131 4077 3404 4132 viscerum
3449 4085 3502 4129 et
3533 4071 3744 4128 medul-

2164 4176 2337 4231 larum
2389 4191 2657 4232 succensa
2711 4191 2838 4231 cum
2886 4176 3074 4232 dolore
3126 4171 3456 4230 intolerabili
3506 4184 3742 4241 pronum

2164 4285 2330 4340 super
2359 4275 2561 4324 terram
2595 4269 2939 4324 anhelantem
2965 4268 3287 4338 prostravit.
3315 4267 3391 4320 ita
3424 4272 3484 4318 ut
3510 4270 3743 4332 uterque

2166 4363 2361 4417 oculus
2391 4362 2512 4430 ejus
2548 4363 2820 4425 exsiliret,
2865 4370 2922 4416 et
2951 4375 3160 4426 caecus,
3190 4368 3248 4415 ut
3282 4373 3341 4414 re
3375 4372 3528 4419 vera,
3570 4355 3746 4412 scele-

2168 4463 2288 4510 stus
2332 4455 2760 4522 relinqueretur.
2806 4452 2979 4510 Porro
3009 4469 3134 4508 cum
3170 4467 3365 4507 carnes
3402 4450 3523 4520 ejus
3553 4459 3743 4519 putre-

483 4526 735 4596 apparuit
761 4526 834 4591 ei,
868 4527 1001 4581 hora
1039 4536 1200 4584 sexta
1231 4529 1362 4593 diei,
1394 4530 1636 4599 pretiosa
1668 4547 1804 4587 crux
1837 4549 1905 4588 ex
1937 4535 2056 4589 luce

2167 4549 2322 4602 facta:
2357 4563 2466 4617 pra:
2496 4547 2883 4602 innumerabili
2915 4548 3126 4602 ossium
3162 4545 3418 4606 incendio
3458 4543 3744 4606 caderent.

482 4620 738 4686 formata,
793 4620 1005 4676 habens
1058 4623 1605 4691 superscriptiouem,
1639 4623 1708 4678 In
1766 4625 1867 4680 hoc
1890 4627 2054 4683 vince.

481 4711 676 4767 Astitit
709 4719 892 4766 autem
923 4713 973 4767 ei
1000 4712 1268 4769 Dominus
1305 4715 1358 4769 in
1392 4715 1608 4772 visione
1640 4718 1844 4783 noctis,
1879 4727 1932 4772 et
1977 4721 2063 4774 di-

484 4806 564 4858 xit
599 4819 615 4857 :
653 4801 810 4858 Utere
835 4803 976 4886 quod
1014 4815 1280 4860 ostensum
1310 4816 1388 4860 est
1441 4807 1557 4871 tibi,
1614 4819 1664 4864 et
1706 4811 1874 4864 vince.
1909 4809 2062 4868 Tunc

483 4919 496 4945 ι
521 4911 650 4951 ruce
674 4913 838 4953 aurea
875 4896 1133 4965 formata,
1159 4916 1281 4968 qua:
1302 4908 1388 4956 est
1414 4916 1591 4971 usque
1631 4902 1686 4956 in
1735 4904 2061 4960 hodiernum

481 4990 651 5054 diem,
678 4988 847 5059 jussit
874 4998 934 5044 ut
964 4999 1091 5045 ante
1116 5007 1176 5046 se
1206 5001 1516 5061 portaretur
1548 4995 1603 5066 in
1639 4995 1859 5064 prtelio;
1893 4996 2065 5051 facta-

482 5097 590 5149 que
635 5081 1029 5150 congressione
1075 5084 1321 5152 superati
1351 5086 1596 5154 suntqui
1652 5087 1804 5140 circa
1846 5085 2064 5142 Maxen-

483 5175 620 5228 tium
654 5171 892 5238 fuerant,
940 5174 1189 5242 plurimis
1222 5190 1287 5230 ex
1321 5175 1407 5230 bis
1437 5176 1802 5247 interemptis.
1833 5177 2061 5233 Maxen-

483 5264 594 5319 tius
651 5272 835 5320 autem
887 5280 1010 5320 cum
1065 5266 1300 5321 residuis
1353 5267 1590 5336 fugiens,
1653 5281 1814 5338 ponte
1874 5270 2060 5325 divina

486 5359 685 5411 virtute
712 5355 970 5422 discisso,
995 5358 1050 5412 in
1074 5356 1271 5412 ﬂumen
1307 5357 1664 5428 demergitur,
1700 5361 2061 5428 quemadmo‘

482 5451 615 5502 dum
656 5447 871 5526 Pharao
912 5450 1192 5519 quondam
1221 5468 1346 5506 cum
1378 5453 1524 5505 omni
1576 5455 1842 5518 exercitu,
1875 5455 1947 5508 ita
2002 5465 2065 5510 ut

484 5540 663 5595 amnis
695 5541 910 5595 necatis
934 5541 1091 5611 equis
1122 5557 1244 5597 cum
1298 5545 1688 5599 asecnsoribus
1721 5547 2061 5618 impleretur.

2164 4642 2281 4712 ipse
2311 4641 2719 4709 impugnantem
2744 4640 2911 4696 Deum
2936 4641 3163 4710 projccit
3198 4640 3460 4695 animam.

2237 4727 2574 4784 Duodecimn
2602 4745 2746 4784 anno
2781 4729 2998 4800 imperii
3035 4731 3120 4784 sui
3155 4730 3553 4786 Constantinus
3598 4727 3740 4782 Lici-

2168 4821 2276 4882 nio,
2299 4821 2392 4890 qui
2421 4837 2604 4876 secum
2622 4833 2837 4877 certare
2861 4823 3152 4878 videbatur
3178 4833 3233 4879 et
3255 4822 3445 4877 dolose
3468 4822 3742 4878 Christia-

2166 4913 2405 4966 nismum
2441 4912 2756 4977 simulabat,
2798 4929 3094 4984 segregans
3125 4922 3332 4983 partem
3370 4911 3741 4967 Romanorum

2169 5011 2333 5058 terrae
2369 5005 2599 5076 largitus
2624 5013 2730 5069 est,
2763 5005 3047 5074 appellans
3076 5022 3202 5061 eum
3245 5005 3659 5075 imperatorem,
3689 5014 3742 5059 ct

2168 5104 2504 5165 extorqueas
2532 5096 2600 5150 ab
2629 5112 2695 5152 eo
2734 5096 2939 5150 fmdera
2974 5097 3048 5150 nil
3092 5113 3151 5151 se
3179 5103 3371 5150 contra
3399 5094 3744 5150 Christianos

2171 5196 2448 5244 acturum.
2484 5188 2548 5240 Et
2588 5188 2718 5244 hinc
2746 5198 3104 5258 tyrannorum
3134 5188 3309 5259 gratia
3352 5185 3446 5242 Dei
3484 5201 3743 5257 persecu-

2171 5278 2248 5332 tio
2273 5279 2610 5347 conquievit.

2245 5371 2426 5425 Mundi
2484 5385 2630 5426 anno
2681 5371 2861 5433 5810,
2917 5370 3116 5426 divinae
3175 5368 3572 5426 incarnationis
3616 5370 3739 5434 lito,

2170 5473 2369 5535 quarto
2403 5463 2618 5518 decimo
2649 5462 2868 5535 imperii
2899 5464 2986 5520 sui
3028 5477 3174 5517 anno
3207 5462 3602 5517 Constantinus
3654 5470 3739 5515 to-

2174 5559 2283 5613 tius
2311 5557 2539 5612 Romani
2570 5555 2721 5611 orbis
2769 5563 3120 5612 monocrator
3147 5553 3372 5610 effectus
3401 5570 3618 5610 onmem
3648 5569 3744 5610 cu-

1992 5666 2224 5728 NOTAS.

1992 5672 2224 5728 ΝΟΤᾹῦ.

565 5749 1299 5836 (2),Επίένῖζξίηίνυζιπυξὶιυτ
1332 5757 1704 5816 Τθτῑυηίειηιιε
1759 5761 1879 5816 adv.
1941 5761 2070 5818 Jttd.
2112 5783 2162 5823 c.
2198 5770 2230 5824 8
2266 5779 2319 5827 ct
2358 5771 2411 5825 ll
2447 5777 2502 5825 et
2571 5771 2691 5824 adv.
2756 5766 3158 5822 Valentinianus
3202 5781 3250 5820 c.
3327 5763 3414 5821 l6.
3476 5761 3746 5836 Interpres

484 5822 726 5891 cpistola:
754 5823 810 5876 S.
853 5823 1132 5881 Barnabas
1171 5825 1338 5886 FAlslt.
