  <div class='ocr_page' id='page_1' title='image "/cluster/home/n/w/nwhite01/storage/ocr_20150623/108/mdp.39015037042556/612.png"; bbox 0 0 4038 6298; ppageno 0'>
   <div class='ocr_carea' id='block_1_1' title="bbox 292 397 423 464">
    <p class='ocr_par' dir='ltr' id='par_1_1' title="bbox 292 397 423 464">
     <span class='ocr_line' id='line_1_1' title="bbox 292 397 423 464; baseline 0.038 -5"><span class='ocrx_word' id='word_1_1' title='bbox 292 397 423 464; x_wconf 71' lang='grc'><strong>1209</strong></span> 
     </span>
    </p>
   </div>
   <div class='ocr_carea' id='block_1_2' title="bbox 1087 398 2736 464">
    <p class='ocr_par' dir='ltr' id='par_1_2' title="bbox 1087 398 2736 464">
     <span class='ocr_line' id='line_1_2' title="bbox 1087 398 2736 464; baseline 0.001 -1"><span class='ocrx_word' id='word_1_2' title='bbox 1087 401 1457 463; x_wconf 78' lang='lat' dir='ltr'><strong>HISTORIA</strong></span> <span class='ocrx_word' id='word_1_3' title='bbox 1489 398 2075 463; x_wconf 56' lang='lat' dir='ltr'><strong>ECCLESIASTIQA.</strong></span> <span class='ocrx_word' id='word_1_4' title='bbox 2108 402 2210 462; x_wconf 75' lang='lat' dir='ltr'><strong>EX</strong></span> <span class='ocrx_word' id='word_1_5' title='bbox 2245 398 2736 464; x_wconf 78' lang='lat' dir='ltr'><strong>THEOPHANE.</strong></span> 
     </span>
    </p>
   </div>
   <div class='ocr_carea' id='block_1_3' title="bbox 3405 394 3545 458">
    <p class='ocr_par' dir='ltr' id='par_1_3' title="bbox 3405 394 3545 458">
     <span class='ocr_line' id='line_1_3' title="bbox 3405 394 3545 458; baseline -0.007 0"><span class='ocrx_word' id='word_1_6' title='bbox 3405 394 3545 458; x_wconf 63' lang='lat'><strong>1210</strong></span> 
     </span>
    </p>
   </div>
   <div class='ocr_carea' id='block_1_4' title="bbox 285 508 3541 581">
    <p class='ocr_par' dir='ltr' id='par_1_4' title="bbox 285 508 3541 581">
     <span class='ocr_line' id='line_1_4' title="bbox 285 508 3541 581; baseline -0.002 -15"><span class='ocrx_word' id='word_1_7' title='bbox 285 528 401 567; x_wconf 70' lang='lat' dir='ltr'><strong>rain</strong></span> <span class='ocrx_word' id='word_1_8' title='bbox 436 511 722 567; x_wconf 87' lang='lat' dir='ltr'><strong>transtulit</strong></span> <span class='ocrx_word' id='word_1_9' title='bbox 746 508 814 566; x_wconf 84' lang='lat' dir='ltr'><strong>ad</strong></span> <span class='ocrx_word' id='word_1_10' title='bbox 846 508 1055 575; x_wconf 85' lang='lat' dir='ltr'><strong>divina,</strong></span> <span class='ocrx_word' id='word_1_11' title='bbox 1085 511 1356 567; x_wconf 81' lang='lat' dir='ltr'><strong>ecclesias</strong></span> <span class='ocrx_word' id='word_1_12' title='bbox 1388 510 1609 581; x_wconf 78' lang='lat' dir='ltr'><strong>erigens</strong></span> <span class='ocrx_word' id='word_1_13' title='bbox 1639 517 1693 563; x_wconf 89' lang='lat' dir='ltr'><strong>et</strong></span> <span class='ocrx_word' id='word_1_14' title='bbox 1725 509 1863 564; x_wconf 78' lang='lat' dir='ltr'><strong>Iibe-</strong></span> <span class='ocrx_word' id='word_1_15' title='bbox 1894 510 1941 566; x_wconf 78' lang='grc' dir='ltr'><strong>Δ</strong></span> <span class='ocrx_word' id='word_1_16' title='bbox 1970 510 2263 578; x_wconf 78' lang='lat' dir='ltr'><strong>baptizari.</strong></span> <span class='ocrx_word' id='word_1_17' title='bbox 2292 510 2427 565; x_wconf 89' lang='lat' dir='ltr'><strong>Mihi</strong></span> <span class='ocrx_word' id='word_1_18' title='bbox 2463 518 2647 565; x_wconf 86' lang='lat' dir='ltr'><strong>autem</strong></span> <span class='ocrx_word' id='word_1_19' title='bbox 2698 508 2879 573; x_wconf 81' lang='lat' dir='ltr'><strong>verius</strong></span> <span class='ocrx_word' id='word_1_20' title='bbox 2918 513 3146 578; x_wconf 77' lang='lat' dir='ltr'><strong>apparet</strong></span> <span class='ocrx_word' id='word_1_21' title='bbox 3176 511 3322 578; x_wconf 86' lang='lat' dir='ltr'><strong>quod</strong></span> <span class='ocrx_word' id='word_1_22' title='bbox 3359 509 3541 567; x_wconf 69' lang='lat' dir='ltr'><strong>Romae</strong></span> 
     </span>
    </p>
   </div>
   <div class='ocr_carea' id='block_1_5' title="bbox 284 601 1863 674">
    <p class='ocr_par' dir='ltr' id='par_1_5' title="bbox 284 601 1863 674">
     <span class='ocr_line' id='line_1_5' title="bbox 284 601 1863 674; baseline -0.004 -15"><span class='ocrx_word' id='word_1_23' title='bbox 284 605 471 659; x_wconf 86' lang='lat' dir='ltr'><strong>raliter</strong></span> <span class='ocrx_word' id='word_1_24' title='bbox 503 603 605 659; x_wconf 87' lang='lat' dir='ltr'><strong>has</strong></span> <span class='ocrx_word' id='word_1_25' title='bbox 643 620 710 659; x_wconf 78' lang='lat' dir='ltr'><strong>et</strong></span> <span class='ocrx_word' id='word_1_26' title='bbox 743 605 959 659; x_wconf 82' lang='lat' dir='ltr'><strong>ratione</strong></span> <span class='ocrx_word' id='word_1_27' title='bbox 998 604 1218 674; x_wconf 88' lang='lat' dir='ltr'><strong>publica</strong></span> <span class='ocrx_word' id='word_1_28' title='bbox 1254 604 1464 658; x_wconf 88' lang='lat' dir='ltr'><strong>ditans.</strong></span> <span class='ocrx_word' id='word_1_29' title='bbox 1498 601 1599 658; x_wconf 89' lang='lat' dir='ltr'><strong>lste</strong></span> <span class='ocrx_word' id='word_1_30' title='bbox 1633 602 1863 670; x_wconf 82' lang='lat' dir='ltr'><strong>primam</strong></span> 
     </span>
    </p>
   </div>
   <div class='ocr_carea' id='block_1_6' title="bbox 288 690 1865 767">
    <p class='ocr_par' dir='ltr' id='par_1_6' title="bbox 288 690 1865 767">
     <span class='ocr_line' id='line_1_6' title="bbox 288 690 1865 767; baseline -0.002 -18"><span class='ocrx_word' id='word_1_31' title='bbox 288 696 461 767; x_wconf 88' lang='lat' dir='ltr'><strong>legem</strong></span> <span class='ocrx_word' id='word_1_32' title='bbox 486 694 733 767; x_wconf 88' lang='lat' dir='ltr'><strong>scripsit,</strong></span> <span class='ocrx_word' id='word_1_33' title='bbox 752 694 1025 749; x_wconf 88' lang='lat' dir='ltr'><strong>idolorum</strong></span> <span class='ocrx_word' id='word_1_34' title='bbox 1059 696 1261 766; x_wconf 85' lang='lat' dir='ltr'><strong>templa</strong></span> <span class='ocrx_word' id='word_1_35' title='bbox 1284 696 1367 749; x_wconf 86' lang='lat' dir='ltr'><strong>his</strong></span> <span class='ocrx_word' id='word_1_36' title='bbox 1396 694 1536 749; x_wconf 88' lang='lat' dir='ltr'><strong>tradi</strong></span> <span class='ocrx_word' id='word_1_37' title='bbox 1563 709 1684 763; x_wconf 73' lang='lat' dir='ltr'><strong>qua:</strong></span> <span class='ocrx_word' id='word_1_38' title='bbox 1707 690 1865 748; x_wconf 65' lang='lat' dir='ltr'><strong>Chi-io</strong></span> 
     </span>
    </p>
   </div>
   <div class='ocr_carea' id='block_1_7' title="bbox 290 787 1866 858">
    <p class='ocr_par' dir='ltr' id='par_1_7' title="bbox 290 787 1866 858">
     <span class='ocr_line' id='line_1_7' title="bbox 290 787 1866 858; baseline -0.002 -14"><span class='ocrx_word' id='word_1_39' title='bbox 290 799 379 844; x_wconf 83' lang='lat' dir='ltr'><strong>sto</strong></span> <span class='ocrx_word' id='word_1_40' title='bbox 424 798 552 844; x_wconf 85' lang='lat' dir='ltr'><strong>sunt</strong></span> <span class='ocrx_word' id='word_1_41' title='bbox 585 789 872 858; x_wconf 75' lang='lat' dir='ltr'><strong>deputata.</strong></span> <span class='ocrx_word' id='word_1_42' title='bbox 912 790 1048 843; x_wconf 84' lang='lat' dir='ltr'><strong>Cum</strong></span> <span class='ocrx_word' id='word_1_43' title='bbox 1079 803 1146 844; x_wconf 91' lang='lat' dir='ltr'><strong>eo</strong></span> <span class='ocrx_word' id='word_1_44' title='bbox 1187 803 1320 843; x_wconf 85' lang='lat' dir='ltr'><strong>sane</strong></span> <span class='ocrx_word' id='word_1_45' title='bbox 1368 788 1516 856; x_wconf 75' lang='lat' dir='ltr'><strong>leges</strong></span> <span class='ocrx_word' id='word_1_46' title='bbox 1558 787 1866 857; x_wconf 74' lang='lat' dir='ltr'><strong>proferebat</strong></span> 
     </span>
    </p>
   </div>
   <div class='ocr_carea' id='block_1_8' title="bbox 287 878 1867 953">
    <p class='ocr_par' dir='ltr' id='par_1_8' title="bbox 287 878 1867 953">
     <span class='ocr_line' id='line_1_8' title="bbox 287 878 1867 953; baseline -0.002 -17"><span class='ocrx_word' id='word_1_47' title='bbox 287 880 515 953; x_wconf 89' lang='lat' dir='ltr'><strong>Crispus</strong></span> <span class='ocrx_word' id='word_1_48' title='bbox 541 882 689 936; x_wconf 73' lang='lat' dir='ltr'><strong>filius</strong></span> <span class='ocrx_word' id='word_1_49' title='bbox 712 880 856 950; x_wconf 80' lang='lat' dir='ltr'><strong>ejus.</strong></span> <span class='ocrx_word' id='word_1_50' title='bbox 890 878 1198 936; x_wconf 83' lang='lat' dir='ltr'><strong>Secundam</strong></span> <span class='ocrx_word' id='word_1_51' title='bbox 1236 895 1386 941; x_wconf 83' lang='lat' dir='ltr'><strong>vero.</strong></span> <span class='ocrx_word' id='word_1_52' title='bbox 1407 879 1753 935; x_wconf 84' lang='lat' dir='ltr'><strong>Christianos</strong></span> <span class='ocrx_word' id='word_1_53' title='bbox 1776 893 1867 934; x_wconf 83' lang='lat' dir='ltr'><strong>so-</strong></span> 
     </span>
    </p>
   </div>
   <div class='ocr_carea' id='block_1_9' title="bbox 289 970 1862 1044">
    <p class='ocr_par' dir='ltr' id='par_1_9' title="bbox 289 970 1862 1044">
     <span class='ocr_line' id='line_1_9' title="bbox 289 970 1862 1044; baseline -0.001 -19"><span class='ocrx_word' id='word_1_54' title='bbox 289 974 371 1029; x_wconf 89' lang='lat' dir='ltr'><strong>los</strong></span> <span class='ocrx_word' id='word_1_55' title='bbox 424 974 661 1028; x_wconf 74' lang='lat' dir='ltr'><strong>militare</strong></span> <span class='ocrx_word' id='word_1_56' title='bbox 688 973 1059 1044; x_wconf 76' lang='lat' dir='ltr'><strong>gentibusque</strong></span> <span class='ocrx_word' id='word_1_57' title='bbox 1085 987 1150 1028; x_wconf 89' lang='lat' dir='ltr'><strong>ac</strong></span> <span class='ocrx_word' id='word_1_58' title='bbox 1178 972 1513 1028; x_wconf 75' lang='lat' dir='ltr'><strong>exercitibus</strong></span> <span class='ocrx_word' id='word_1_59' title='bbox 1539 970 1862 1044; x_wconf 88' lang='lat' dir='ltr'><strong>principari,</strong></span> 
     </span>
    </p>
   </div>
   <div class='ocr_carea' id='block_1_10' title="bbox 282 1062 1863 1139">
    <p class='ocr_par' dir='ltr' id='par_1_10' title="bbox 282 1062 1863 1139">
     <span class='ocr_line' id='line_1_10' title="bbox 282 1062 1863 1139; baseline 0.001 -23"><span class='ocrx_word' id='word_1_60' title='bbox 282 1078 382 1118; x_wconf 88' lang='lat' dir='ltr'><strong>eos</strong></span> <span class='ocrx_word' id='word_1_61' title='bbox 404 1075 585 1119; x_wconf 85' lang='lat' dir='ltr'><strong>autem</strong></span> <span class='ocrx_word' id='word_1_62' title='bbox 611 1064 707 1134; x_wconf 88' lang='lat' dir='ltr'><strong>qtti</strong></span> <span class='ocrx_word' id='word_1_63' title='bbox 733 1071 1118 1133; x_wconf 83' lang='lat' dir='ltr'><strong>permanerent</strong></span> <span class='ocrx_word' id='word_1_64' title='bbox 1145 1064 1198 1118; x_wconf 92' lang='lat' dir='ltr'><strong>in</strong></span> <span class='ocrx_word' id='word_1_65' title='bbox 1221 1062 1553 1126; x_wconf 82' lang='lat' dir='ltr'><strong>idololatria,</strong></span> <span class='ocrx_word' id='word_1_66' title='bbox 1576 1064 1863 1139; x_wconf 77' lang='lat' dir='ltr'><strong>capitalem</strong></span> 
     </span>
    </p>
   </div>
   <div class='ocr_carea' id='block_1_11' title="bbox 285 1154 1862 1227">
    <p class='ocr_par' dir='ltr' id='par_1_11' title="bbox 285 1154 1862 1227">
     <span class='ocr_line' id='line_1_11' title="bbox 285 1154 1862 1227; baseline 0.001 -18"><span class='ocrx_word' id='word_1_67' title='bbox 285 1154 477 1211; x_wconf 76' lang='lat' dir='ltr'><strong>subire</strong></span> <span class='ocrx_word' id='word_1_68' title='bbox 510 1156 869 1211; x_wconf 82' lang='lat' dir='ltr'><strong>sententiam.</strong></span> <span class='ocrx_word' id='word_1_69' title='bbox 914 1154 1181 1221; x_wconf 87' lang='lat' dir='ltr'><strong>Tertiam,</strong></span> <span class='ocrx_word' id='word_1_70' title='bbox 1223 1155 1362 1212; x_wconf 86' lang='lat' dir='ltr'><strong>duas</strong></span> <span class='ocrx_word' id='word_1_71' title='bbox 1405 1156 1693 1227; x_wconf 82' lang='lat' dir='ltr'><strong>paschales</strong></span> <span class='ocrx_word' id='word_1_72' title='bbox 1727 1155 1862 1211; x_wconf 80' lang='lat' dir='ltr'><strong>heb-</strong></span> 
     </span>
    </p>
   </div>
   <div class='ocr_carea' id='block_1_12' title="bbox 288 1247 1867 1319">
    <p class='ocr_par' dir='ltr' id='par_1_12' title="bbox 288 1247 1867 1319">
     <span class='ocr_line' id='line_1_12' title="bbox 288 1247 1867 1319; baseline 0.003 -19"><span class='ocrx_word' id='word_1_73' title='bbox 288 1247 579 1310; x_wconf 86' lang='lat' dir='ltr'><strong>domadas,</strong></span> <span class='ocrx_word' id='word_1_74' title='bbox 616 1262 784 1302; x_wconf 82' lang='lat' dir='ltr'><strong>unum</strong></span> <span class='ocrx_word' id='word_1_75' title='bbox 827 1247 1041 1304; x_wconf 82' lang='lat' dir='ltr'><strong>scilicet</strong></span> <span class='ocrx_word' id='word_1_76' title='bbox 1073 1256 1203 1303; x_wconf 87' lang='lat' dir='ltr'><strong>ante</strong></span> <span class='ocrx_word' id='word_1_77' title='bbox 1241 1256 1297 1303; x_wconf 92' lang='lat' dir='ltr'><strong>et</strong></span> <span class='ocrx_word' id='word_1_78' title='bbox 1338 1248 1566 1304; x_wconf 84' lang='lat' dir='ltr'><strong>alteram</strong></span> <span class='ocrx_word' id='word_1_79' title='bbox 1620 1259 1743 1319; x_wconf 89' lang='lat' dir='ltr'><strong>post</strong></span> <span class='ocrx_word' id='word_1_80' title='bbox 1780 1263 1867 1304; x_wconf 89' lang='lat' dir='ltr'><strong>re-</strong></span> 
     </span>
    </p>
   </div>
   <div class='ocr_carea' id='block_1_13' title="bbox 288 1336 1865 1410">
    <p class='ocr_par' dir='ltr' id='par_1_13' title="bbox 288 1336 1865 1410">
     <span class='ocr_line' id='line_1_13' title="bbox 288 1336 1865 1410; baseline 0.002 -17"><span class='ocrx_word' id='word_1_81' title='bbox 288 1339 711 1403; x_wconf 87' lang='lat' dir='ltr'><strong>surrectionem,</strong></span> <span class='ocrx_word' id='word_1_82' title='bbox 747 1338 867 1393; x_wconf 90' lang='lat' dir='ltr'><strong>sine</strong></span> <span class='ocrx_word' id='word_1_83' title='bbox 910 1336 1095 1393; x_wconf 87' lang='lat' dir='ltr'><strong>labore</strong></span> <span class='ocrx_word' id='word_1_84' title='bbox 1123 1338 1451 1409; x_wconf 81' lang='lat' dir='ltr'><strong>cujusquam</strong></span> <span class='ocrx_word' id='word_1_85' title='bbox 1485 1338 1671 1410; x_wconf 87' lang='lat' dir='ltr'><strong>operis</strong></span> <span class='ocrx_word' id='word_1_86' title='bbox 1717 1340 1865 1396; x_wconf 87' lang='lat' dir='ltr'><strong>cele-</strong></span> 
     </span>
    </p>
   </div>
   <div class='ocr_carea' id='block_1_14' title="bbox 292 1425 1866 1503">
    <p class='ocr_par' dir='ltr' id='par_1_14' title="bbox 292 1425 1866 1503">
     <span class='ocr_line' id='line_1_14' title="bbox 292 1425 1866 1503; baseline 0.004 -22"><span class='ocrx_word' id='word_1_87' title='bbox 292 1425 550 1483; x_wconf 85' lang='lat' dir='ltr'><strong>brandas.</strong></span> <span class='ocrx_word' id='word_1_88' title='bbox 590 1426 687 1485; x_wconf 85' lang='lat' dir='ltr'><strong>His</strong></span> <span class='ocrx_word' id='word_1_89' title='bbox 725 1429 797 1482; x_wconf 91' lang='lat' dir='ltr'><strong>ita</strong></span> <span class='ocrx_word' id='word_1_90' title='bbox 842 1430 1015 1500; x_wconf 90' lang='lat' dir='ltr'><strong>gestis</strong></span> <span class='ocrx_word' id='word_1_91' title='bbox 1062 1445 1165 1501; x_wconf 81' lang='lat' dir='ltr'><strong>pax</strong></span> <span class='ocrx_word' id='word_1_92' title='bbox 1202 1430 1474 1501; x_wconf 82' lang='lat' dir='ltr'><strong>profunda</strong></span> <span class='ocrx_word' id='word_1_93' title='bbox 1505 1438 1558 1488; x_wconf 90' lang='lat' dir='ltr'><strong>et</strong></span> <span class='ocrx_word' id='word_1_94' title='bbox 1592 1431 1866 1503; x_wconf 87' lang='lat' dir='ltr'><strong>tranquil-</strong></span> 
     </span>
    </p>
   </div>
   <div class='ocr_carea' id='block_1_15' title="bbox 288 1518 1867 1591">
    <p class='ocr_par' dir='ltr' id='par_1_15' title="bbox 288 1518 1867 1591">
     <span class='ocr_line' id='line_1_15' title="bbox 288 1518 1867 1591; baseline 0.004 -18"><span class='ocrx_word' id='word_1_95' title='bbox 288 1518 418 1573; x_wconf 84' lang='lat' dir='ltr'><strong>litas</strong></span> <span class='ocrx_word' id='word_1_96' title='bbox 465 1520 711 1575; x_wconf 89' lang='lat' dir='ltr'><strong>obtinuit</strong></span> <span class='ocrx_word' id='word_1_97' title='bbox 729 1523 922 1576; x_wconf 85' lang='lat' dir='ltr'><strong>orbem</strong></span> <span class='ocrx_word' id='word_1_98' title='bbox 964 1531 1021 1577; x_wconf 88' lang='lat' dir='ltr'><strong>et</strong></span> <span class='ocrx_word' id='word_1_99' title='bbox 1056 1522 1359 1581; x_wconf 72' lang='lat' dir='ltr'><strong>exsultatio</strong></span> <span class='ocrx_word' id='word_1_100' title='bbox 1390 1523 1600 1591; x_wconf 81' lang='lat' dir='ltr'><strong>tidelcs,</strong></span> <span class='ocrx_word' id='word_1_101' title='bbox 1632 1537 1867 1580; x_wconf 85' lang='lat' dir='ltr'><strong>concur-</strong></span> 
     </span>
    </p>
   </div>
   <div class='ocr_carea' id='block_1_16' title="bbox 289 1596 1866 1672">
    <p class='ocr_par' dir='ltr' id='par_1_16' title="bbox 289 1596 1866 1672">
     <span class='ocr_line' id='line_1_16' title="bbox 289 1596 1866 1672; baseline 0.004 -9"><span class='ocrx_word' id='word_1_102' title='bbox 289 1609 547 1667; x_wconf 81' lang='lat' dir='ltr'><strong>rentibus</strong></span> <span class='ocrx_word' id='word_1_103' title='bbox 603 1608 826 1667; x_wconf 77' lang='lat' dir='ltr'><strong>assidue</strong></span> <span class='ocrx_word' id='word_1_104' title='bbox 890 1613 1150 1669; x_wconf 89' lang='lat' dir='ltr'><strong>omnibus</strong></span> <span class='ocrx_word' id='word_1_105' title='bbox 1178 1596 1523 1670; x_wconf 72' lang='lat' dir='ltr'><strong>nationibus</strong></span> <span class='ocrx_word' id='word_1_106' title='bbox 1575 1615 1642 1671; x_wconf 84' lang='lat' dir='ltr'><strong>ad</strong></span> <span class='ocrx_word' id='word_1_107' title='bbox 1703 1614 1866 1672; x_wconf 72' lang='lat' dir='ltr'><strong>ﬁdem</strong></span> 
     </span>
    </p>
   </div>
   <div class='ocr_carea' id='block_1_17' title="bbox 285 1702 1867 1781">
    <p class='ocr_par' dir='ltr' id='par_1_17' title="bbox 285 1702 1867 1781">
     <span class='ocr_line' id='line_1_17' title="bbox 285 1702 1867 1781; baseline 0.006 -24"><span class='ocrx_word' id='word_1_108' title='bbox 285 1702 515 1769; x_wconf 84' lang='lat' dir='ltr'><strong>Christi,</strong></span> <span class='ocrx_word' id='word_1_109' title='bbox 559 1712 615 1760; x_wconf 90' lang='lat' dir='ltr'><strong>et</strong></span> <span class='ocrx_word' id='word_1_110' title='bbox 662 1703 979 1775; x_wconf 80' lang='lat' dir='ltr'><strong>baptizatis,</strong></span> <span class='ocrx_word' id='word_1_111' title='bbox 1023 1720 1088 1761; x_wconf 87' lang='lat' dir='ltr'><strong>ac</strong></span> <span class='ocrx_word' id='word_1_112' title='bbox 1132 1705 1309 1776; x_wconf 81' lang='lat' dir='ltr'><strong>patria</strong></span> <span class='ocrx_word' id='word_1_113' title='bbox 1362 1708 1867 1781; x_wconf 85' lang='lat' dir='ltr'><strong>conquassantibus</strong></span> 
     </span>
    </p>
   </div>
   <div class='ocr_carea' id='block_1_18' title="bbox 284 1795 609 1852">
    <p class='ocr_par' dir='ltr' id='par_1_18' title="bbox 284 1795 609 1852">
     <span class='ocr_line' id='line_1_18' title="bbox 284 1795 609 1852; baseline 0.003 -1"><span class='ocrx_word' id='word_1_114' title='bbox 284 1795 609 1852; x_wconf 78' lang='lat' dir='ltr'><strong>simulacra.</strong></span> 
     </span>
    </p>
   </div>
   <div class='ocr_carea' id='block_1_19' title="bbox 355 1887 1869 1959">
    <p class='ocr_par' dir='ltr' id='par_1_19' title="bbox 355 1887 1869 1959">
     <span class='ocr_line' id='line_1_19' title="bbox 355 1887 1869 1959; baseline 0.005 -18"><span class='ocrx_word' id='word_1_115' title='bbox 355 1887 561 1955; x_wconf 85' lang='lat' dir='ltr'><strong>Quinto</strong></span> <span class='ocrx_word' id='word_1_116' title='bbox 609 1888 826 1946; x_wconf 86' lang='lat' dir='ltr'><strong>decimo</strong></span> <span class='ocrx_word' id='word_1_117' title='bbox 874 1890 1092 1959; x_wconf 90' lang='lat' dir='ltr'><strong>imperii</strong></span> <span class='ocrx_word' id='word_1_118' title='bbox 1132 1889 1484 1947; x_wconf 84' lang='lat' dir='ltr'><strong>Constantini</strong></span> <span class='ocrx_word' id='word_1_119' title='bbox 1532 1906 1677 1948; x_wconf 81' lang='lat' dir='ltr'><strong>anno</strong></span> <span class='ocrx_word' id='word_1_120' title='bbox 1719 1889 1869 1948; x_wconf 80' lang='lat' dir='ltr'><strong>Lici-</strong></span> 
     </span>
    </p>
   </div>
   <div class='ocr_carea' id='block_1_20' title="bbox 286 1976 1870 2052">
    <p class='ocr_par' dir='ltr' id='par_1_20' title="bbox 286 1976 1870 2052">
     <span class='ocr_line' id='line_1_20' title="bbox 286 1976 1870 2052; baseline 0.004 -19"><span class='ocrx_word' id='word_1_121' title='bbox 286 1976 416 2034; x_wconf 79' lang='lat' dir='ltr'><strong>nius</strong></span> <span class='ocrx_word' id='word_1_122' title='bbox 448 1979 614 2047; x_wconf 72' lang='lat' dir='ltr'><strong>erepit</strong></span> <span class='ocrx_word' id='word_1_123' title='bbox 650 1987 847 2034; x_wconf 88' lang='lat' dir='ltr'><strong>contra</strong></span> <span class='ocrx_word' id='word_1_124' title='bbox 894 1980 1242 2037; x_wconf 85' lang='lat' dir='ltr'><strong>Christianos</strong></span> <span class='ocrx_word' id='word_1_125' title='bbox 1277 1982 1713 2052; x_wconf 84' lang='lat' dir='ltr'><strong>persecutionem</strong></span> <span class='ocrx_word' id='word_1_126' title='bbox 1747 2000 1870 2039; x_wconf 89' lang='lat' dir='ltr'><strong>mo-</strong></span> 
     </span>
    </p>
   </div>
   <div class='ocr_carea' id='block_1_21' title="bbox 285 2073 1868 2145">
    <p class='ocr_par' dir='ltr' id='par_1_21' title="bbox 285 2073 1868 2145">
     <span class='ocr_line' id='line_1_21' title="bbox 285 2073 1868 2145; baseline 0.006 -24"><span class='ocrx_word' id='word_1_127' title='bbox 285 2085 455 2136; x_wconf 67' lang='lat' dir='ltr'><strong>rere;</strong></span> <span class='ocrx_word' id='word_1_128' title='bbox 516 2078 571 2124; x_wconf 79' lang='lat' dir='ltr'><strong>et</strong></span> <span class='ocrx_word' id='word_1_129' title='bbox 639 2073 817 2141; x_wconf 84' lang='lat' dir='ltr'><strong>primo</strong></span> <span class='ocrx_word' id='word_1_130' title='bbox 872 2073 1095 2143; x_wconf 80' lang='lat' dir='ltr'><strong>quidem</strong></span> <span class='ocrx_word' id='word_1_131' title='bbox 1150 2073 1499 2130; x_wconf 86' lang='lat' dir='ltr'><strong>Christianos</strong></span> <span class='ocrx_word' id='word_1_132' title='bbox 1555 2075 1648 2145; x_wconf 85' lang='lat' dir='ltr'><strong>qui</strong></span> <span class='ocrx_word' id='word_1_133' title='bbox 1710 2084 1868 2131; x_wconf 87' lang='lat' dir='ltr'><strong>erant</strong></span> 
     </span>
    </p>
   </div>
   <div class='ocr_carea' id='block_1_22' title="bbox 287 2160 1871 2235">
    <p class='ocr_par' dir='ltr' id='par_1_22' title="bbox 287 2160 1871 2235">
     <span class='ocr_line' id='line_1_22' title="bbox 287 2160 1871 2235; baseline 0.007 -22"><span class='ocrx_word' id='word_1_134' title='bbox 287 2160 340 2214; x_wconf 88' lang='lat' dir='ltr'><strong>in</strong></span> <span class='ocrx_word' id='word_1_135' title='bbox 394 2162 601 2232; x_wconf 88' lang='lat' dir='ltr'><strong>palatio</strong></span> <span class='ocrx_word' id='word_1_136' title='bbox 652 2174 976 2235; x_wconf 89' lang='lat' dir='ltr'><strong>persecutus</strong></span> <span class='ocrx_word' id='word_1_137' title='bbox 1017 2176 1121 2233; x_wconf 87' lang='lat' dir='ltr'><strong>est,</strong></span> <span class='ocrx_word' id='word_1_138' title='bbox 1165 2167 1432 2222; x_wconf 79' lang='lat' dir='ltr'><strong>oblivioni</strong></span> <span class='ocrx_word' id='word_1_139' title='bbox 1492 2170 1718 2224; x_wconf 88' lang='lat' dir='ltr'><strong>tradens</strong></span> <span class='ocrx_word' id='word_1_140' title='bbox 1767 2169 1871 2224; x_wconf 89' lang='lat' dir='ltr'><strong>de-</strong></span> 
     </span>
    </p>
   </div>
   <div class='ocr_carea' id='block_1_23' title="bbox 285 2256 1868 2337">
    <p class='ocr_par' dir='ltr' id='par_1_23' title="bbox 285 2256 1868 2337">
     <span class='ocr_line' id='line_1_23' title="bbox 285 2256 1868 2337; baseline 0.008 -29"><span class='ocrx_word' id='word_1_141' title='bbox 285 2256 651 2311; x_wconf 84' lang='lat' dir='ltr'><strong>structionem</strong></span> <span class='ocrx_word' id='word_1_142' title='bbox 699 2259 1123 2327; x_wconf 78' lang='lat' dir='ltr'><strong>praecedentium</strong></span> <span class='ocrx_word' id='word_1_143' title='bbox 1173 2269 1535 2332; x_wconf 86' lang='lat' dir='ltr'><strong>tyrannorum</strong></span> <span class='ocrx_word' id='word_1_144' title='bbox 1584 2272 1640 2330; x_wconf 85' lang='lat' dir='ltr'><strong>et</strong></span> <span class='ocrx_word' id='word_1_145' title='bbox 1675 2274 1868 2337; x_wconf 84' lang='lat' dir='ltr'><strong>pacto-</strong></span> 
     </span>
    </p>
   </div>
   <div class='ocr_carea' id='block_1_24' title="bbox 288 2348 1867 2417">
    <p class='ocr_par' dir='ltr' id='par_1_24' title="bbox 288 2348 1867 2417">
     <span class='ocr_line' id='line_1_24' title="bbox 288 2348 1867 2417; baseline 0.01 -18"><span class='ocrx_word' id='word_1_146' title='bbox 288 2361 406 2401; x_wconf 90' lang='lat' dir='ltr'><strong>rum</strong></span> <span class='ocrx_word' id='word_1_147' title='bbox 442 2362 639 2417; x_wconf 88' lang='lat' dir='ltr'><strong>magno</strong></span> <span class='ocrx_word' id='word_1_148' title='bbox 664 2348 1031 2407; x_wconf 87' lang='lat' dir='ltr'><strong>Constantino</strong></span> <span class='ocrx_word' id='word_1_149' title='bbox 1070 2352 1364 2413; x_wconf 86' lang='lat' dir='ltr'><strong>factorum.</strong></span> <span class='ocrx_word' id='word_1_150' title='bbox 1401 2356 1460 2411; x_wconf 90' lang='lat' dir='ltr'><strong>In</strong></span> <span class='ocrx_word' id='word_1_151' title='bbox 1502 2355 1736 2414; x_wconf 76' lang='lat' dir='ltr'><strong>feminas</strong></span> <span class='ocrx_word' id='word_1_152' title='bbox 1761 2373 1867 2414; x_wconf 79' lang='lat' dir='ltr'><strong>au-</strong></span> 
     </span>
    </p>
   </div>
   <div class='ocr_carea' id='block_1_25' title="bbox 282 2438 1868 2515">
    <p class='ocr_par' dir='ltr' id='par_1_25' title="bbox 282 2438 1868 2515">
     <span class='ocr_line' id='line_1_25' title="bbox 282 2438 1868 2515; baseline 0.01 -25"><span class='ocrx_word' id='word_1_153' title='bbox 282 2444 394 2491; x_wconf 91' lang='lat' dir='ltr'><strong>tem</strong></span> <span class='ocrx_word' id='word_1_154' title='bbox 420 2438 677 2494; x_wconf 85' lang='lat' dir='ltr'><strong>furieudo</strong></span> <span class='ocrx_word' id='word_1_155' title='bbox 704 2451 758 2497; x_wconf 91' lang='lat' dir='ltr'><strong>et</strong></span> <span class='ocrx_word' id='word_1_156' title='bbox 792 2445 1157 2512; x_wconf 88' lang='lat' dir='ltr'><strong>opprimendo</strong></span> <span class='ocrx_word' id='word_1_157' title='bbox 1192 2455 1358 2515; x_wconf 86' lang='lat' dir='ltr'><strong>atque</strong></span> <span class='ocrx_word' id='word_1_158' title='bbox 1399 2445 1750 2504; x_wconf 86' lang='lat' dir='ltr'><strong>Christianos</strong></span> <span class='ocrx_word' id='word_1_159' title='bbox 1774 2464 1868 2505; x_wconf 86' lang='lat' dir='ltr'><strong>oc-</strong></span> 
     </span>
    </p>
   </div>
   <div class='ocr_carea' id='block_1_26' title="bbox 284 2529 1867 2611">
    <p class='ocr_par' dir='ltr' id='par_1_26' title="bbox 284 2529 1867 2611">
     <span class='ocr_line' id='line_1_26' title="bbox 284 2529 1867 2611; baseline 0.008 -28"><span class='ocrx_word' id='word_1_160' title='bbox 284 2529 519 2585; x_wconf 86' lang='lat' dir='ltr'><strong>cidendo</strong></span> <span class='ocrx_word' id='word_1_161' title='bbox 555 2534 782 2590; x_wconf 85' lang='lat' dir='ltr'><strong>minime</strong></span> <span class='ocrx_word' id='word_1_162' title='bbox 805 2537 1147 2605; x_wconf 90' lang='lat' dir='ltr'><strong>quiescebat.</strong></span> <span class='ocrx_word' id='word_1_163' title='bbox 1179 2536 1320 2594; x_wconf 84' lang='lat' dir='ltr'><strong>Huic</strong></span> <span class='ocrx_word' id='word_1_164' title='bbox 1358 2554 1455 2611; x_wconf 90' lang='lat' dir='ltr'><strong>per</strong></span> <span class='ocrx_word' id='word_1_165' title='bbox 1485 2540 1702 2596; x_wconf 84' lang='lat' dir='ltr'><strong>litteras</strong></span> <span class='ocrx_word' id='word_1_166' title='bbox 1727 2540 1867 2597; x_wconf 86' lang='lat' dir='ltr'><strong>Cou-</strong></span> 
     </span>
    </p>
   </div>
   <div class='ocr_carea' id='block_1_27' title="bbox 283 2625 1868 2700">
    <p class='ocr_par' dir='ltr' id='par_1_27' title="bbox 283 2625 1868 2700">
     <span class='ocr_line' id='line_1_27' title="bbox 283 2625 1868 2700; baseline 0.007 -22"><span class='ocrx_word' id='word_1_167' title='bbox 283 2626 567 2680; x_wconf 81' lang='lat' dir='ltr'><strong>stantinus</strong></span> <span class='ocrx_word' id='word_1_168' title='bbox 598 2625 801 2694; x_wconf 85' lang='lat' dir='ltr'><strong>jubeus</strong></span> <span class='ocrx_word' id='word_1_169' title='bbox 851 2629 922 2684; x_wconf 92' lang='lat' dir='ltr'><strong>ab</strong></span> <span class='ocrx_word' id='word_1_170' title='bbox 967 2629 1286 2700; x_wconf 74' lang='lat' dir='ltr'><strong>huiusmodi</strong></span> <span class='ocrx_word' id='word_1_171' title='bbox 1323 2632 1544 2687; x_wconf 77' lang='lat' dir='ltr'><strong>vesania</strong></span> <span class='ocrx_word' id='word_1_172' title='bbox 1599 2633 1868 2689; x_wconf 84' lang='lat' dir='ltr'><strong>receden-</strong></span> 
     </span>
    </p>
   </div>
   <div class='ocr_carea' id='block_1_28' title="bbox 282 2717 1868 2794">
    <p class='ocr_par' dir='ltr' id='par_1_28' title="bbox 282 2717 1868 2794">
     <span class='ocr_line' id='line_1_28' title="bbox 282 2717 1868 2794; baseline 0.008 -24"><span class='ocrx_word' id='word_1_173' title='bbox 282 2717 457 2784; x_wconf 89' lang='lat' dir='ltr'><strong>dum,</strong></span> <span class='ocrx_word' id='word_1_174' title='bbox 529 2734 875 2791; x_wconf 82' lang='lat' dir='ltr'><strong>nequaquam</strong></span> <span class='ocrx_word' id='word_1_175' title='bbox 948 2725 1315 2794; x_wconf 87' lang='lat' dir='ltr'><strong>compescuit.</strong></span> <span class='ocrx_word' id='word_1_176' title='bbox 1389 2724 1529 2780; x_wconf 87' lang='lat' dir='ltr'><strong>llinc</strong></span> <span class='ocrx_word' id='word_1_177' title='bbox 1593 2726 1760 2781; x_wconf 85' lang='lat' dir='ltr'><strong>etiam</strong></span> <span class='ocrx_word' id='word_1_178' title='bbox 1809 2738 1868 2783; x_wconf 89' lang='lat' dir='ltr'><strong>et</strong></span> 
     </span>
    </p>
   </div>
   <div class='ocr_carea' id='block_1_29' title="bbox 282 2808 1864 2889">
    <p class='ocr_par' dir='ltr' id='par_1_29' title="bbox 282 2808 1864 2889">
     <span class='ocr_line' id='line_1_29' title="bbox 282 2808 1864 2889; baseline 0.008 -27"><span class='ocrx_word' id='word_1_179' title='bbox 282 2808 499 2865; x_wconf 81' lang='lat' dir='ltr'><strong>Basilea</strong></span> <span class='ocrx_word' id='word_1_180' title='bbox 552 2812 869 2883; x_wconf 86' lang='lat' dir='ltr'><strong>episcopum</strong></span> <span class='ocrx_word' id='word_1_181' title='bbox 915 2813 1175 2881; x_wconf 78' lang='lat' dir='ltr'><strong>Amasiae,</strong></span> <span class='ocrx_word' id='word_1_182' title='bbox 1227 2826 1282 2872; x_wconf 91' lang='lat' dir='ltr'><strong>et</strong></span> <span class='ocrx_word' id='word_1_183' title='bbox 1324 2825 1384 2872; x_wconf 90' lang='lat' dir='ltr'><strong>ut</strong></span> <span class='ocrx_word' id='word_1_184' title='bbox 1426 2819 1647 2889; x_wconf 89' lang='lat' dir='ltr'><strong>quidam</strong></span> <span class='ocrx_word' id='word_1_185' title='bbox 1687 2821 1864 2887; x_wconf 89' lang='lat' dir='ltr'><strong>aiunt,</strong></span> 
     </span>
    </p>
   </div>
   <div class='ocr_carea' id='block_1_30' title="bbox 283 2901 1868 2983">
    <p class='ocr_par' dir='ltr' id='par_1_30' title="bbox 283 2901 1868 2983">
     <span class='ocr_line' id='line_1_30' title="bbox 283 2901 1868 2983; baseline 0.009 -29"><span class='ocrx_word' id='word_1_186' title='bbox 283 2901 451 2954; x_wconf 89' lang='lat' dir='ltr'><strong>etiam</strong></span> <span class='ocrx_word' id='word_1_187' title='bbox 488 2917 603 2957; x_wconf 57' lang='lat' dir='ltr'><strong>sani</strong></span> <span class='ocrx_word' id='word_1_188' title='bbox 624 2911 712 2958; x_wconf 90' lang='lat' dir='ltr'><strong>tos</strong></span> <span class='ocrx_word' id='word_1_189' title='bbox 751 2904 1114 2977; x_wconf 79' lang='lat' dir='ltr'><strong>quadraginta</strong></span> <span class='ocrx_word' id='word_1_190' title='bbox 1158 2917 1429 2983; x_wconf 82' lang='lat' dir='ltr'><strong>martyres</strong></span> <span class='ocrx_word' id='word_1_191' title='bbox 1459 2919 1516 2966; x_wconf 89' lang='lat' dir='ltr'><strong>et</strong></span> <span class='ocrx_word' id='word_1_192' title='bbox 1557 2912 1696 2968; x_wconf 84' lang='lat' dir='ltr'><strong>alios</strong></span> <span class='ocrx_word' id='word_1_193' title='bbox 1724 2913 1868 2967; x_wconf 84' lang='lat' dir='ltr'><strong>mul-</strong></span> 
     </span>
    </p>
   </div>
   <div class='ocr_carea' id='block_1_31' title="bbox 284 2993 1156 3067">
    <p class='ocr_par' dir='ltr' id='par_1_31' title="bbox 284 2993 1156 3067">
     <span class='ocr_line' id='line_1_31' title="bbox 284 2993 1156 3067; baseline 0.008 -19"><span class='ocrx_word' id='word_1_194' title='bbox 284 3002 375 3048; x_wconf 81' lang='lat' dir='ltr'><strong>tos</strong></span> <span class='ocrx_word' id='word_1_195' title='bbox 400 2993 546 3048; x_wconf 86' lang='lat' dir='ltr'><strong>llniri</strong></span> <span class='ocrx_word' id='word_1_196' title='bbox 573 3010 669 3064; x_wconf 91' lang='lat' dir='ltr'><strong>per</strong></span> <span class='ocrx_word' id='word_1_197' title='bbox 699 2997 968 3067; x_wconf 89' lang='lat' dir='ltr'><strong>supplicia</strong></span> <span class='ocrx_word' id='word_1_198' title='bbox 1002 2998 1156 3055; x_wconf 89' lang='lat' dir='ltr'><strong>fecit.</strong></span> 
     </span>
    </p>
   </div>
   <div class='ocr_carea' id='block_1_32' title="bbox 354 3081 1865 3161">
    <p class='ocr_par' dir='ltr' id='par_1_32' title="bbox 354 3081 1865 3161">
     <span class='ocr_line' id='line_1_32' title="bbox 354 3081 1865 3161; baseline 0.011 -24"><span class='ocrx_word' id='word_1_199' title='bbox 354 3081 522 3138; x_wconf 77' lang='lat' dir='ltr'><strong>Sexto</strong></span> <span class='ocrx_word' id='word_1_200' title='bbox 551 3084 765 3142; x_wconf 86' lang='lat' dir='ltr'><strong>decimo</strong></span> <span class='ocrx_word' id='word_1_201' title='bbox 799 3104 943 3144; x_wconf 90' lang='lat' dir='ltr'><strong>anno</strong></span> <span class='ocrx_word' id='word_1_202' title='bbox 977 3089 1190 3161; x_wconf 90' lang='lat' dir='ltr'><strong>imperii</strong></span> <span class='ocrx_word' id='word_1_203' title='bbox 1220 3092 1570 3151; x_wconf 84' lang='lat' dir='ltr'><strong>Constantini</strong></span> <span class='ocrx_word' id='word_1_204' title='bbox 1595 3096 1763 3153; x_wconf 83' lang='lat' dir='ltr'><strong>Arius</strong></span> <span class='ocrx_word' id='word_1_205' title='bbox 1795 3097 1865 3153; x_wconf 89' lang='lat' dir='ltr'><strong>ab</strong></span> 
     </span>
    </p>
   </div>
   <div class='ocr_carea' id='block_1_33' title="bbox 1965 601 3543 673">
    <p class='ocr_par' dir='ltr' id='par_1_33' title="bbox 1965 601 3543 673">
     <span class='ocr_line' id='line_1_33' title="bbox 1965 601 3543 673; baseline 0 -15"><span class='ocrx_word' id='word_1_206' title='bbox 1965 619 1995 658; x_wconf 86' lang='lat' dir='ltr'><strong>a</strong></span> <span class='ocrx_word' id='word_1_207' title='bbox 2050 602 2317 661; x_wconf 85' lang='lat' dir='ltr'><strong>Silvestro</strong></span> <span class='ocrx_word' id='word_1_208' title='bbox 2370 602 2535 658; x_wconf 88' lang='lat' dir='ltr'><strong>fuerit</strong></span> <span class='ocrx_word' id='word_1_209' title='bbox 2585 602 2912 673; x_wconf 86' lang='lat' dir='ltr'><strong>baptizatus.</strong></span> <span class='ocrx_word' id='word_1_210' title='bbox 2942 610 2997 656; x_wconf 90' lang='lat' dir='ltr'><strong>et</strong></span> <span class='ocrx_word' id='word_1_211' title='bbox 3051 601 3198 671; x_wconf 87' lang='lat' dir='ltr'><strong>quod</strong></span> <span class='ocrx_word' id='word_1_212' title='bbox 3248 604 3543 658; x_wconf 76' lang='lat' dir='ltr'><strong>nominata:</strong></span> 
     </span>
    </p>
   </div>
   <div class='ocr_carea' id='block_1_34' title="bbox 1964 693 3547 765">
    <p class='ocr_par' dir='ltr' id='par_1_34' title="bbox 1964 693 3547 765">
     <span class='ocr_line' id='line_1_34' title="bbox 1964 693 3547 765; baseline 0 -14"><span class='ocrx_word' id='word_1_213' title='bbox 1964 694 2424 758; x_wconf 80' lang='lat' dir='ltr'><strong>Constitutioues,</strong></span> <span class='ocrx_word' id='word_1_214' title='bbox 2475 710 2596 765; x_wconf 74' lang='lat' dir='ltr'><strong>qua:</strong></span> <span class='ocrx_word' id='word_1_215' title='bbox 2640 695 2706 749; x_wconf 87' lang='lat' dir='ltr'><strong>ad</strong></span> <span class='ocrx_word' id='word_1_216' title='bbox 2761 693 3114 749; x_wconf 82' lang='lat' dir='ltr'><strong>Melchiadem</strong></span> <span class='ocrx_word' id='word_1_217' title='bbox 3174 693 3442 760; x_wconf 86' lang='lat' dir='ltr'><strong>feruntur,</strong></span> <span class='ocrx_word' id='word_1_218' title='bbox 3475 695 3547 752; x_wconf 77' lang='lat' dir='ltr'><strong>ab</strong></span> 
     </span>
    </p>
   </div>
   <div class='ocr_carea' id='block_1_35' title="bbox 1964 785 3546 858">
    <p class='ocr_par' dir='ltr' id='par_1_35' title="bbox 1964 785 3546 858">
     <span class='ocr_line' id='line_1_35' title="bbox 1964 785 3546 858; baseline -0.001 -15"><span class='ocrx_word' id='word_1_219' title='bbox 1964 788 2189 843; x_wconf 81' lang='lat' dir='ltr'><strong>Ariauis</strong></span> <span class='ocrx_word' id='word_1_220' title='bbox 2226 787 2362 842; x_wconf 67' lang='lat' dir='ltr'><strong>iictat</strong></span> <span class='ocrx_word' id='word_1_221' title='bbox 2397 786 2533 847; x_wconf 87' lang='lat' dir='ltr'><strong>sint.</strong></span> <span class='ocrx_word' id='word_1_222' title='bbox 2565 785 2657 857; x_wconf 88' lang='lat' dir='ltr'><strong>qni</strong></span> <span class='ocrx_word' id='word_1_223' title='bbox 2698 788 2931 858; x_wconf 85' lang='lat' dir='ltr'><strong>gloriam</strong></span> <span class='ocrx_word' id='word_1_224' title='bbox 2980 786 3107 840; x_wconf 86' lang='lat' dir='ltr'><strong>hinc</strong></span> <span class='ocrx_word' id='word_1_225' title='bbox 3141 787 3244 843; x_wconf 84' lang='lat' dir='ltr'><strong>sibi</strong></span> <span class='ocrx_word' id='word_1_226' title='bbox 3280 787 3546 842; x_wconf 81' lang='lat' dir='ltr'><strong>festinant</strong></span> 
     </span>
    </p>
   </div>
   <div class='ocr_carea' id='block_1_36' title="bbox 1969 877 3540 950">
    <p class='ocr_par' dir='ltr' id='par_1_36' title="bbox 1969 877 3540 950">
     <span class='ocr_line' id='line_1_36' title="bbox 1969 877 3540 950; baseline 0 -16"><span class='ocrx_word' id='word_1_227' title='bbox 1969 879 2280 950; x_wconf 87' lang='lat' dir='ltr'><strong>acquirere,</strong></span> <span class='ocrx_word' id='word_1_228' title='bbox 2307 877 2393 934; x_wconf 88' lang='lat' dir='ltr'><strong>vel</strong></span> <span class='ocrx_word' id='word_1_229' title='bbox 2418 879 2581 934; x_wconf 87' lang='lat' dir='ltr'><strong>etiam</strong></span> <span class='ocrx_word' id='word_1_230' title='bbox 2615 878 2920 948; x_wconf 86' lang='lat' dir='ltr'><strong>piissimum</strong></span> <span class='ocrx_word' id='word_1_231' title='bbox 2942 878 3245 949; x_wconf 89' lang='lat' dir='ltr'><strong>principem</strong></span> <span class='ocrx_word' id='word_1_232' title='bbox 3280 878 3540 938; x_wconf 81' lang='lat' dir='ltr'><strong>lacerare.</strong></span> 
     </span>
    </p>
   </div>
   <div class='ocr_carea' id='block_1_37' title="bbox 1968 970 3541 1041">
    <p class='ocr_par' dir='ltr' id='par_1_37' title="bbox 1968 970 3541 1041">
     <span class='ocr_line' id='line_1_37' title="bbox 1968 970 3541 1041; baseline -0.003 -14"><span class='ocrx_word' id='word_1_233' title='bbox 1968 973 2103 1027; x_wconf 88' lang='lat' dir='ltr'><strong>dum</strong></span> <span class='ocrx_word' id='word_1_234' title='bbox 2139 972 2353 1028; x_wconf 88' lang='lat' dir='ltr'><strong>scilicet</strong></span> <span class='ocrx_word' id='word_1_235' title='bbox 2398 986 2464 1027; x_wconf 75' lang='lat' dir='ltr'><strong>ex</strong></span> <span class='ocrx_word' id='word_1_236' title='bbox 2509 972 2615 1026; x_wconf 81' lang='lat' dir='ltr'><strong>hoc</strong></span> <span class='ocrx_word' id='word_1_237' title='bbox 2648 970 2838 1025; x_wconf 68' lang='lat' dir='ltr'><strong>volunt</strong></span> <span class='ocrx_word' id='word_1_238' title='bbox 2876 985 3001 1024; x_wconf 84' lang='lat' dir='ltr'><strong>eum</strong></span> <span class='ocrx_word' id='word_1_239' title='bbox 3050 987 3158 1025; x_wconf 89' lang='lat' dir='ltr'><strong>non</strong></span> <span class='ocrx_word' id='word_1_240' title='bbox 3206 971 3541 1041; x_wconf 82' lang='lat' dir='ltr'><strong>baptizatum</strong></span> 
     </span>
    </p>
   </div>
   <div class='ocr_carea' id='block_1_38' title="bbox 1969 1061 3545 1134">
    <p class='ocr_par' dir='ltr' id='par_1_38' title="bbox 1969 1061 3545 1134">
     <span class='ocr_line' id='line_1_38' title="bbox 1969 1061 3545 1134; baseline -0.003 -13"><span class='ocrx_word' id='word_1_241' title='bbox 1969 1064 2289 1131; x_wconf 85' lang='lat' dir='ltr'><strong>ostendere,</strong></span> <span class='ocrx_word' id='word_1_242' title='bbox 2336 1063 2482 1134; x_wconf 88' lang='lat' dir='ltr'><strong>quod</strong></span> <span class='ocrx_word' id='word_1_243' title='bbox 2538 1072 2621 1118; x_wconf 90' lang='lat' dir='ltr'><strong>est</strong></span> <span class='ocrx_word' id='word_1_244' title='bbox 2667 1061 3046 1119; x_wconf 84' lang='lat' dir='ltr'><strong>irrationabile</strong></span> <span class='ocrx_word' id='word_1_245' title='bbox 3095 1072 3259 1133; x_wconf 88' lang='lat' dir='ltr'><strong>atque</strong></span> <span class='ocrx_word' id='word_1_246' title='bbox 3311 1061 3545 1118; x_wconf 84' lang='lat' dir='ltr'><strong>falsissi-</strong></span> 
     </span>
    </p>
   </div>
   <div class='ocr_carea' id='block_1_39' title="bbox 1969 1153 3545 1227">
    <p class='ocr_par' dir='ltr' id='par_1_39' title="bbox 1969 1153 3545 1227">
     <span class='ocr_line' id='line_1_39' title="bbox 1969 1153 3545 1227; baseline -0.003 -14"><span class='ocrx_word' id='word_1_247' title='bbox 1969 1175 2141 1213; x_wconf 91' lang='lat' dir='ltr'><strong>mum.</strong></span> <span class='ocrx_word' id='word_1_248' title='bbox 2168 1156 2226 1213; x_wconf 87' lang='lat' dir='ltr'><strong>Si</strong></span> <span class='ocrx_word' id='word_1_249' title='bbox 2257 1157 2404 1213; x_wconf 89' lang='lat' dir='ltr'><strong>enim</strong></span> <span class='ocrx_word' id='word_1_250' title='bbox 2432 1172 2540 1211; x_wconf 89' lang='lat' dir='ltr'><strong>non</strong></span> <span class='ocrx_word' id='word_1_251' title='bbox 2576 1166 2695 1212; x_wconf 87' lang='lat' dir='ltr'><strong>erat</strong></span> <span class='ocrx_word' id='word_1_252' title='bbox 2725 1156 2781 1211; x_wconf 86' lang='lat' dir='ltr'><strong>in</strong></span> <span class='ocrx_word' id='word_1_253' title='bbox 2810 1153 3031 1211; x_wconf 73' lang='lat' dir='ltr'><strong>Nicmna</strong></span> <span class='ocrx_word' id='word_1_254' title='bbox 3061 1156 3274 1227; x_wconf 85' lang='lat' dir='ltr'><strong>synodo</strong></span> <span class='ocrx_word' id='word_1_255' title='bbox 3297 1155 3545 1223; x_wconf 83' lang='lat' dir='ltr'><strong>baptiza-</strong></span> 
     </span>
    </p>
   </div>
   <div class='ocr_carea' id='block_1_40' title="bbox 1969 1248 3542 1320">
    <p class='ocr_par' dir='ltr' id='par_1_40' title="bbox 1969 1248 3542 1320">
     <span class='ocr_line' id='line_1_40' title="bbox 1969 1248 3542 1320; baseline -0.004 -14"><span class='ocrx_word' id='word_1_256' title='bbox 1969 1260 2082 1317; x_wconf 85' lang='lat' dir='ltr'><strong>tus,</strong></span> <span class='ocrx_word' id='word_1_257' title='bbox 2114 1266 2245 1320; x_wconf 86' lang='lat' dir='ltr'><strong>ergo</strong></span> <span class='ocrx_word' id='word_1_258' title='bbox 2271 1265 2371 1306; x_wconf 89' lang='lat' dir='ltr'><strong>nec</strong></span> <span class='ocrx_word' id='word_1_259' title='bbox 2407 1248 2717 1305; x_wconf 86' lang='lat' dir='ltr'><strong>divinorum</strong></span> <span class='ocrx_word' id='word_1_260' title='bbox 2740 1248 3104 1320; x_wconf 85' lang='lat' dir='ltr'><strong>participator</strong></span> <span class='ocrx_word' id='word_1_261' title='bbox 3132 1248 3542 1320; x_wconf 81' lang='lat' dir='ltr'><strong>mysteriorum,</strong></span> 
     </span>
    </p>
   </div>
   <div class='ocr_carea' id='block_1_41' title="bbox 1968 1339 3548 1411">
    <p class='ocr_par' dir='ltr' id='par_1_41' title="bbox 1968 1339 3548 1411">
     <span class='ocr_line' id='line_1_41' title="bbox 1968 1339 3548 1411; baseline -0.004 -11"><span class='ocrx_word' id='word_1_262' title='bbox 1968 1360 2069 1400; x_wconf 87' lang='lat' dir='ltr'><strong>nec</strong></span> <span class='ocrx_word' id='word_1_263' title='bbox 2104 1346 2297 1398; x_wconf 86' lang='lat' dir='ltr'><strong>orabat</strong></span> <span class='ocrx_word' id='word_1_264' title='bbox 2327 1359 2450 1397; x_wconf 90' lang='lat' dir='ltr'><strong>cum</strong></span> <span class='ocrx_word' id='word_1_265' title='bbox 2500 1342 2709 1398; x_wconf 83' lang='lat' dir='ltr'><strong>sanctis</strong></span> <span class='ocrx_word' id='word_1_266' title='bbox 2753 1341 3031 1402; x_wconf 85' lang='lat' dir='ltr'><strong>Patribns,</strong></span> <span class='ocrx_word' id='word_1_267' title='bbox 3075 1341 3221 1410; x_wconf 83' lang='lat' dir='ltr'><strong>quod</strong></span> <span class='ocrx_word' id='word_1_268' title='bbox 3272 1339 3548 1411; x_wconf 78' lang='lat' dir='ltr'><strong>nequi~si-</strong></span> 
     </span>
    </p>
   </div>
   <div class='ocr_carea' id='block_1_42' title="bbox 1968 1428 3546 1498">
    <p class='ocr_par' dir='ltr' id='par_1_42' title="bbox 1968 1428 3546 1498">
     <span class='ocr_line' id='line_1_42' title="bbox 1968 1428 3546 1498; baseline -0.004 -7"><span class='ocrx_word' id='word_1_269' title='bbox 1968 1440 2117 1491; x_wconf 73' lang='lat' dir='ltr'><strong>unum</strong></span> <span class='ocrx_word' id='word_1_270' title='bbox 2157 1442 2241 1492; x_wconf 89' lang='lat' dir='ltr'><strong>est</strong></span> <span class='ocrx_word' id='word_1_271' title='bbox 2284 1442 2339 1489; x_wconf 91' lang='lat' dir='ltr'><strong>et</strong></span> <span class='ocrx_word' id='word_1_272' title='bbox 2375 1434 2560 1488; x_wconf 81' lang='lat' dir='ltr'><strong>dicere</strong></span> <span class='ocrx_word' id='word_1_273' title='bbox 2589 1443 2641 1487; x_wconf 89' lang='lat' dir='ltr'><strong>et</strong></span> <span class='ocrx_word' id='word_1_274' title='bbox 2679 1432 2904 1487; x_wconf 89' lang='lat' dir='ltr'><strong>sentire.</strong></span> <span class='ocrx_word' id='word_1_275' title='bbox 2950 1431 3182 1498; x_wconf 83' lang='lat' dir='ltr'><strong>Quidam</strong></span> <span class='ocrx_word' id='word_1_276' title='bbox 3232 1446 3362 1486; x_wconf 85' lang='lat' dir='ltr'><strong>vero</strong></span> <span class='ocrx_word' id='word_1_277' title='bbox 3392 1428 3546 1484; x_wconf 80' lang='lat' dir='ltr'><strong>Aria-</strong></span> 
     </span>
    </p>
   </div>
   <div class='ocr_carea' id='block_1_43' title="bbox 1968 1521 3547 1597">
    <p class='ocr_par' dir='ltr' id='par_1_43' title="bbox 1968 1521 3547 1597">
     <span class='ocr_line' id='line_1_43' title="bbox 1968 1521 3547 1597; baseline -0.005 -14"><span class='ocrx_word' id='word_1_278' title='bbox 1968 1543 2166 1583; x_wconf 87' lang='lat' dir='ltr'><strong>norum</strong></span> <span class='ocrx_word' id='word_1_279' title='bbox 2218 1535 2381 1597; x_wconf 86' lang='lat' dir='ltr'><strong>atque</strong></span> <span class='ocrx_word' id='word_1_280' title='bbox 2429 1541 2764 1595; x_wconf 83' lang='lat' dir='ltr'><strong>paganorum</strong></span> <span class='ocrx_word' id='word_1_281' title='bbox 2801 1525 2961 1594; x_wconf 90' lang='lat' dir='ltr'><strong>quasi</strong></span> <span class='ocrx_word' id='word_1_282' title='bbox 3000 1523 3190 1593; x_wconf 88' lang='lat' dir='ltr'><strong>spurio</strong></span> <span class='ocrx_word' id='word_1_283' title='bbox 3234 1536 3432 1591; x_wconf 89' lang='lat' dir='ltr'><strong>magno</strong></span> <span class='ocrx_word' id='word_1_284' title='bbox 3455 1521 3547 1575; x_wconf 85' lang='lat' dir='ltr'><strong>de-</strong></span> 
     </span>
    </p>
   </div>
   <div class='ocr_carea' id='block_1_44' title="bbox 1969 1606 3544 1687">
    <p class='ocr_par' dir='ltr' id='par_1_44' title="bbox 1969 1606 3544 1687">
     <span class='ocr_line' id='line_1_44' title="bbox 1969 1606 3544 1687; baseline -0.006 -11"><span class='ocrx_word' id='word_1_285' title='bbox 1969 1621 2197 1676; x_wconf 86' lang='lat' dir='ltr'><strong>trahunt</strong></span> <span class='ocrx_word' id='word_1_286' title='bbox 2240 1606 2632 1682; x_wconf 83' lang='lat' dir='ltr'><strong>Constantino,</strong></span> <span class='ocrx_word' id='word_1_287' title='bbox 2669 1631 2984 1687; x_wconf 83' lang='lat' dir='ltr'><strong>quanquam</strong></span> <span class='ocrx_word' id='word_1_288' title='bbox 3034 1625 3089 1670; x_wconf 89' lang='lat' dir='ltr'><strong>et</strong></span> <span class='ocrx_word' id='word_1_289' title='bbox 3131 1615 3233 1684; x_wconf 88' lang='lat' dir='ltr'><strong>ipsi</strong></span> <span class='ocrx_word' id='word_1_290' title='bbox 3274 1614 3544 1668; x_wconf 87' lang='lat' dir='ltr'><strong>mentian-</strong></span> 
     </span>
    </p>
   </div>
   <div class='ocr_carea' id='block_1_45' title="bbox 1972 1710 3540 1784">
    <p class='ocr_par' dir='ltr' id='par_1_45' title="bbox 1972 1710 3540 1784">
     <span class='ocr_line' id='line_1_45' title="bbox 1972 1710 3540 1784; baseline -0.003 -18"><span class='ocrx_word' id='word_1_291' title='bbox 1972 1724 2075 1768; x_wconf 88' lang='lat' dir='ltr'><strong>tur.</strong></span> <span class='ocrx_word' id='word_1_292' title='bbox 2106 1710 2431 1784; x_wconf 80' lang='lat' dir='ltr'><strong>Geuealogia</strong></span> <span class='ocrx_word' id='word_1_293' title='bbox 2463 1711 2607 1767; x_wconf 89' lang='lat' dir='ltr'><strong>enim</strong></span> <span class='ocrx_word' id='word_1_294' title='bbox 2649 1710 2769 1780; x_wconf 76' lang='lat' dir='ltr'><strong>ejus</strong></span> <span class='ocrx_word' id='word_1_295' title='bbox 2802 1710 2948 1778; x_wconf 88' lang='lat' dir='ltr'><strong>regia</strong></span> <span class='ocrx_word' id='word_1_296' title='bbox 2978 1716 3117 1773; x_wconf 86' lang='lat' dir='ltr'><strong>erat,</strong></span> <span class='ocrx_word' id='word_1_297' title='bbox 3162 1716 3216 1763; x_wconf 89' lang='lat' dir='ltr'><strong>et</strong></span> <span class='ocrx_word' id='word_1_298' title='bbox 3247 1715 3540 1779; x_wconf 84' lang='lat' dir='ltr'><strong>antequam</strong></span> 
     </span>
    </p>
   </div>
   <div class='ocr_carea' id='block_1_46' title="bbox 1975 1797 3548 1870">
    <p class='ocr_par' dir='ltr' id='par_1_46' title="bbox 1975 1797 3548 1870">
     <span class='ocr_line' id='line_1_46' title="bbox 1975 1797 3548 1870; baseline -0.004 -11"><span class='ocrx_word' id='word_1_299' title='bbox 1975 1806 2345 1860; x_wconf 87' lang='lat' dir='ltr'><strong>Diocletianus</strong></span> <span class='ocrx_word' id='word_1_300' title='bbox 2388 1814 2555 1858; x_wconf 80' lang='lat' dir='ltr'><strong>esset.</strong></span> <span class='ocrx_word' id='word_1_301' title='bbox 2612 1801 2977 1857; x_wconf 85' lang='lat' dir='ltr'><strong>Constantius</strong></span> <span class='ocrx_word' id='word_1_302' title='bbox 3034 1800 3180 1855; x_wconf 88' lang='lat' dir='ltr'><strong>enim</strong></span> <span class='ocrx_word' id='word_1_303' title='bbox 3236 1808 3392 1870; x_wconf 90' lang='lat' dir='ltr'><strong>pater</strong></span> <span class='ocrx_word' id='word_1_304' title='bbox 3423 1797 3548 1867; x_wconf 83' lang='lat' dir='ltr'><strong>ejus</strong></span> 
     </span>
    </p>
   </div>
   <div class='ocr_carea' id='block_1_47' title="bbox 1970 1890 3546 1969">
    <p class='ocr_par' dir='ltr' id='par_1_47' title="bbox 1970 1890 3546 1969">
     <span class='ocr_line' id='line_1_47' title="bbox 1970 1890 3546 1969; baseline -0.004 -16"><span class='ocrx_word' id='word_1_305' title='bbox 1970 1912 2146 1969; x_wconf 77' lang='lat' dir='ltr'><strong>nepos</strong></span> <span class='ocrx_word' id='word_1_306' title='bbox 2173 1897 2275 1951; x_wconf 89' lang='lat' dir='ltr'><strong>fuit</strong></span> <span class='ocrx_word' id='word_1_307' title='bbox 2309 1895 2522 1951; x_wconf 82' lang='lat' dir='ltr'><strong>Claudii</strong></span> <span class='ocrx_word' id='word_1_308' title='bbox 2552 1893 2927 1964; x_wconf 88' lang='lat' dir='ltr'><strong>imperatoris,</strong></span> <span class='ocrx_word' id='word_1_309' title='bbox 2960 1902 3017 1948; x_wconf 91' lang='lat' dir='ltr'><strong>et</strong></span> <span class='ocrx_word' id='word_1_310' title='bbox 3041 1908 3109 1947; x_wconf 78' lang='lat' dir='ltr'><strong>ex</strong></span> <span class='ocrx_word' id='word_1_311' title='bbox 3139 1890 3341 1947; x_wconf 78' lang='lat' dir='ltr'><strong>Helena</strong></span> <span class='ocrx_word' id='word_1_312' title='bbox 3377 1890 3546 1961; x_wconf 84' lang='lat' dir='ltr'><strong>priori</strong></span> 
     </span>
    </p>
   </div>
   <div class='ocr_carea' id='block_1_48' title="bbox 1971 1984 3546 2055">
    <p class='ocr_par' dir='ltr' id='par_1_48' title="bbox 1971 1984 3546 2055">
     <span class='ocr_line' id='line_1_48' title="bbox 1971 1984 3546 2055; baseline -0.004 -11"><span class='ocrx_word' id='word_1_313' title='bbox 1971 2003 2141 2044; x_wconf 75' lang='lat' dir='ltr'><strong>uxore</strong></span> <span class='ocrx_word' id='word_1_314' title='bbox 2179 2004 2277 2043; x_wconf 91' lang='lat' dir='ltr'><strong>sua</strong></span> <span class='ocrx_word' id='word_1_315' title='bbox 2295 1987 2718 2044; x_wconf 88' lang='lat' dir='ltr'><strong>Constantinum</strong></span> <span class='ocrx_word' id='word_1_316' title='bbox 2740 1984 2936 2040; x_wconf 84' lang='lat' dir='ltr'><strong>habuit</strong></span> <span class='ocrx_word' id='word_1_317' title='bbox 2966 2000 3248 2055; x_wconf 82' lang='lat' dir='ltr'><strong>magnum.</strong></span> <span class='ocrx_word' id='word_1_318' title='bbox 3274 1984 3546 2038; x_wconf 68' lang='lat' dir='ltr'><strong>Craterum</strong></span> 
     </span>
    </p>
   </div>
   <div class='ocr_carea' id='block_1_49' title="bbox 1971 2077 3547 2137">
    <p class='ocr_par' dir='ltr' id='par_1_49' title="bbox 1971 2077 3547 2137">
     <span class='ocr_line' id='line_1_49' title="bbox 1971 2077 3547 2137; baseline -0.003 -1"><span class='ocrx_word' id='word_1_319' title='bbox 1971 2082 2162 2137; x_wconf 88' lang='lat' dir='ltr'><strong>habuit</strong></span> <span class='ocrx_word' id='word_1_320' title='bbox 2190 2090 2243 2135; x_wconf 82' lang='lat' dir='ltr'><strong>et</strong></span> <span class='ocrx_word' id='word_1_321' title='bbox 2275 2082 2414 2134; x_wconf 82' lang='lat' dir='ltr'><strong>filios</strong></span> <span class='ocrx_word' id='word_1_322' title='bbox 2441 2096 2506 2135; x_wconf 78' lang='lat' dir='ltr'><strong>ex</strong></span> <span class='ocrx_word' id='word_1_323' title='bbox 2534 2079 2820 2135; x_wconf 85' lang='lat' dir='ltr'><strong>Theodora</strong></span> <span class='ocrx_word' id='word_1_324' title='bbox 2849 2079 2959 2133; x_wconf 86' lang='lat' dir='ltr'><strong>lilia</strong></span> <span class='ocrx_word' id='word_1_325' title='bbox 2991 2077 3307 2134; x_wconf 80' lang='lat' dir='ltr'><strong>Maximiani</strong></span> <span class='ocrx_word' id='word_1_326' title='bbox 3334 2077 3547 2133; x_wconf 82' lang='lat' dir='ltr'><strong>Hercu-</strong></span> 
     </span>
    </p>
   </div>
   <div class='ocr_carea' id='block_1_50' title="bbox 1970 2166 3545 2243">
    <p class='ocr_par' dir='ltr' id='par_1_50' title="bbox 1970 2166 3545 2243">
     <span class='ocr_line' id='line_1_50' title="bbox 1970 2166 3545 2243; baseline -0.004 -17"><span class='ocrx_word' id='word_1_327' title='bbox 1970 2173 2047 2234; x_wconf 89' lang='lat' dir='ltr'><strong>lii,</strong></span> <span class='ocrx_word' id='word_1_328' title='bbox 2080 2188 2204 2243; x_wconf 70' lang='lat' dir='ltr'><strong>quae</strong></span> <span class='ocrx_word' id='word_1_329' title='bbox 2233 2186 2393 2227; x_wconf 87' lang='lat' dir='ltr'><strong>soror</strong></span> <span class='ocrx_word' id='word_1_330' title='bbox 2417 2180 2537 2225; x_wconf 87' lang='lat' dir='ltr'><strong>erat</strong></span> <span class='ocrx_word' id='word_1_331' title='bbox 2564 2168 2846 2233; x_wconf 73' lang='lat' dir='ltr'><strong>Maxentii,</strong></span> <span class='ocrx_word' id='word_1_332' title='bbox 2884 2168 2979 2238; x_wconf 87' lang='lat' dir='ltr'><strong>qui</strong></span> <span class='ocrx_word' id='word_1_333' title='bbox 3019 2167 3363 2239; x_wconf 85' lang='lat' dir='ltr'><strong>tyrannidem</strong></span> <span class='ocrx_word' id='word_1_334' title='bbox 3401 2166 3545 2236; x_wconf 88' lang='lat' dir='ltr'><strong>apud</strong></span> 
     </span>
    </p>
   </div>
   <div class='ocr_carea' id='block_1_51' title="bbox 1972 2259 3549 2333">
    <p class='ocr_par' dir='ltr' id='par_1_51' title="bbox 1972 2259 3549 2333">
     <span class='ocr_line' id='line_1_51' title="bbox 1972 2259 3549 2333; baseline -0.005 -15"><span class='ocrx_word' id='word_1_335' title='bbox 1972 2264 2276 2333; x_wconf 75' lang='lat' dir='ltr'><strong>Romanam</strong></span> <span class='ocrx_word' id='word_1_336' title='bbox 2317 2263 2510 2317; x_wconf 88' lang='lat' dir='ltr'><strong>urbem</strong></span> <span class='ocrx_word' id='word_1_337' title='bbox 2563 2260 2832 2325; x_wconf 81' lang='lat' dir='ltr'><strong>exercuit,</strong></span> <span class='ocrx_word' id='word_1_338' title='bbox 2866 2259 3072 2330; x_wconf 81' lang='lat' dir='ltr'><strong>quique</strong></span> <span class='ocrx_word' id='word_1_339' title='bbox 3116 2267 3436 2331; x_wconf 87' lang='lat' dir='ltr'><strong>peremptus</strong></span> <span class='ocrx_word' id='word_1_340' title='bbox 3464 2266 3549 2312; x_wconf 87' lang='lat' dir='ltr'><strong>est</strong></span> 
     </span>
    </p>
   </div>
   <div class='ocr_carea' id='block_1_52' title="bbox 1968 2348 3602 2423">
    <p class='ocr_par' dir='ltr' id='par_1_52' title="bbox 1968 2348 3602 2423">
     <span class='ocr_line' id='line_1_52' title="bbox 1968 2348 3602 2423; baseline -0.002 -17"><span class='ocrx_word' id='word_1_341' title='bbox 1968 2367 1999 2406; x_wconf 86' lang='lat' dir='ltr'><strong>a</strong></span> <span class='ocrx_word' id='word_1_342' title='bbox 2034 2352 2402 2409; x_wconf 88' lang='lat' dir='ltr'><strong>Constantino</strong></span> <span class='ocrx_word' id='word_1_343' title='bbox 2450 2351 2593 2423; x_wconf 85' lang='lat' dir='ltr'><strong>apud</strong></span> <span class='ocrx_word' id='word_1_344' title='bbox 2639 2348 2903 2406; x_wconf 84' lang='lat' dir='ltr'><strong>Molbinm</strong></span> <span class='ocrx_word' id='word_1_345' title='bbox 2964 2355 3208 2419; x_wconf 90' lang='lat' dir='ltr'><strong>pontem,</strong></span> <span class='ocrx_word' id='word_1_346' title='bbox 3251 2348 3472 2418; x_wconf 87' lang='lat' dir='ltr'><strong>quando</strong></span> <span class='ocrx_word' id='word_1_347' title='bbox 3494 2353 3551 2403; x_wconf 76' lang='lat' dir='ltr'><strong>et</strong></span> <span class='ocrx_word' id='word_1_348' title='bbox 3594 2408 3602 2417; x_wconf 87' lang='lat'>_</span> 
     </span>
    </p>
   </div>
   <div class='ocr_carea' id='block_1_53' title="bbox 1969 2439 3549 2516">
    <p class='ocr_par' dir='ltr' id='par_1_53' title="bbox 1969 2439 3549 2516">
     <span class='ocr_line' id='line_1_53' title="bbox 1969 2439 3549 2516; baseline -0.003 -17"><span class='ocrx_word' id='word_1_349' title='bbox 1969 2446 2158 2501; x_wconf 86' lang='lat' dir='ltr'><strong>crucis</strong></span> <span class='ocrx_word' id='word_1_350' title='bbox 2190 2447 2404 2516; x_wconf 81' lang='lat' dir='ltr'><strong>signum</strong></span> <span class='ocrx_word' id='word_1_351' title='bbox 2445 2444 2582 2499; x_wconf 80' lang='lat' dir='ltr'><strong>vidit</strong></span> <span class='ocrx_word' id='word_1_352' title='bbox 2610 2443 2666 2499; x_wconf 91' lang='lat' dir='ltr'><strong>in</strong></span> <span class='ocrx_word' id='word_1_353' title='bbox 2713 2443 2876 2507; x_wconf 68' lang='lat' dir='ltr'><strong>cado,</strong></span> <span class='ocrx_word' id='word_1_354' title='bbox 2906 2451 3070 2511; x_wconf 88' lang='lat' dir='ltr'><strong>atque</strong></span> <span class='ocrx_word' id='word_1_355' title='bbox 3112 2439 3326 2496; x_wconf 68' lang='lat' dir='ltr'><strong>Fausta:</strong></span> <span class='ocrx_word' id='word_1_356' title='bbox 3359 2440 3549 2495; x_wconf 79' lang='lat' dir='ltr'><strong>uxoris</strong></span> 
     </span>
    </p>
   </div>
   <div class='ocr_carea' id='block_1_54' title="bbox 1968 2530 3551 2608">
    <p class='ocr_par' dir='ltr' id='par_1_54' title="bbox 1968 2530 3551 2608">
     <span class='ocr_line' id='line_1_54' title="bbox 1968 2530 3551 2608; baseline -0.004 -17"><span class='ocrx_word' id='word_1_357' title='bbox 1968 2537 2150 2608; x_wconf 86' lang='lat' dir='ltr'><strong>magni</strong></span> <span class='ocrx_word' id='word_1_358' title='bbox 2175 2536 2527 2591; x_wconf 85' lang='lat' dir='ltr'><strong>Constantini</strong></span> <span class='ocrx_word' id='word_1_359' title='bbox 2564 2552 2578 2589; x_wconf 90' lang='lat'><strong>:</strong></span> <span class='ocrx_word' id='word_1_360' title='bbox 2610 2542 2665 2591; x_wconf 91' lang='lat' dir='ltr'><strong>et</strong></span> <span class='ocrx_word' id='word_1_361' title='bbox 2713 2548 2875 2589; x_wconf 89' lang='lat' dir='ltr'><strong>nemo</strong></span> <span class='ocrx_word' id='word_1_362' title='bbox 2923 2530 3158 2589; x_wconf 81' lang='lat' dir='ltr'><strong>miretur</strong></span> <span class='ocrx_word' id='word_1_363' title='bbox 3189 2532 3251 2587; x_wconf 89' lang='lat' dir='ltr'><strong>si</strong></span> <span class='ocrx_word' id='word_1_364' title='bbox 3276 2541 3403 2587; x_wconf 81' lang='lat' dir='ltr'><strong>ante</strong></span> <span class='ocrx_word' id='word_1_365' title='bbox 3454 2531 3551 2586; x_wconf 78' lang='lat' dir='ltr'><strong>ba-</strong></span> 
     </span>
    </p>
   </div>
   <div class='ocr_carea' id='block_1_55' title="bbox 1966 2623 3549 2703">
    <p class='ocr_par' dir='ltr' id='par_1_55' title="bbox 1966 2623 3549 2703">
     <span class='ocr_line' id='line_1_55' title="bbox 1966 2623 3549 2703; baseline -0.002 -19"><span class='ocrx_word' id='word_1_366' title='bbox 1966 2632 2252 2703; x_wconf 83' lang='lat' dir='ltr'><strong>ptismum,</strong></span> <span class='ocrx_word' id='word_1_367' title='bbox 2285 2643 2410 2684; x_wconf 90' lang='lat' dir='ltr'><strong>cum</strong></span> <span class='ocrx_word' id='word_1_368' title='bbox 2430 2627 2618 2683; x_wconf 86' lang='lat' dir='ltr'><strong>adhuc</strong></span> <span class='ocrx_word' id='word_1_369' title='bbox 2648 2641 2889 2697; x_wconf 80' lang='lat' dir='ltr'><strong>paganos</strong></span> <span class='ocrx_word' id='word_1_370' title='bbox 2916 2626 3057 2682; x_wconf 91' lang='lat' dir='ltr'><strong>ritus</strong></span> <span class='ocrx_word' id='word_1_371' title='bbox 3079 2631 3385 2687; x_wconf 85' lang='lat' dir='ltr'><strong>servarent,</strong></span> <span class='ocrx_word' id='word_1_372' title='bbox 3407 2623 3549 2681; x_wconf 75' lang='lat' dir='ltr'><strong>duas</strong></span> 
     </span>
    </p>
   </div>
   <div class='ocr_carea' id='block_1_56' title="bbox 1967 2716 3550 2791">
    <p class='ocr_par' dir='ltr' id='par_1_56' title="bbox 1967 2716 3550 2791">
     <span class='ocr_line' id='line_1_56' title="bbox 1967 2716 3550 2791; baseline -0.006 -12"><span class='ocrx_word' id='word_1_373' title='bbox 1967 2737 2186 2779; x_wconf 87' lang='lat' dir='ltr'><strong>sorores</strong></span> <span class='ocrx_word' id='word_1_374' title='bbox 2211 2722 2485 2777; x_wconf 79' lang='lat' dir='ltr'><strong>duxerant</strong></span> <span class='ocrx_word' id='word_1_375' title='bbox 2516 2727 2671 2791; x_wconf 90' lang='lat' dir='ltr'><strong>pater</strong></span> <span class='ocrx_word' id='word_1_376' title='bbox 2693 2726 2747 2775; x_wconf 89' lang='lat' dir='ltr'><strong>et</strong></span> <span class='ocrx_word' id='word_1_377' title='bbox 2778 2718 2945 2773; x_wconf 83' lang='lat' dir='ltr'><strong>ﬁlius.</strong></span> <span class='ocrx_word' id='word_1_378' title='bbox 2996 2716 3134 2771; x_wconf 90' lang='lat' dir='ltr'><strong>Sunt</strong></span> <span class='ocrx_word' id='word_1_379' title='bbox 3166 2724 3347 2771; x_wconf 87' lang='lat' dir='ltr'><strong>autem</strong></span> <span class='ocrx_word' id='word_1_380' title='bbox 3382 2730 3550 2789; x_wconf 85' lang='lat' dir='ltr'><strong>gene-</strong></span> 
     </span>
    </p>
   </div>
   <div class='ocr_carea' id='block_1_57' title="bbox 1968 2813 3259 2871">
    <p class='ocr_par' dir='ltr' id='par_1_57' title="bbox 1968 2813 3259 2871">
     <span class='ocr_line' id='line_1_57' title="bbox 1968 2813 3259 2871; baseline -0.004 0"><span class='ocrx_word' id='word_1_381' title='bbox 1968 2816 2211 2871; x_wconf 88' lang='lat' dir='ltr'><strong>rationes</strong></span> <span class='ocrx_word' id='word_1_382' title='bbox 2238 2830 2430 2871; x_wconf 89' lang='lat' dir='ltr'><strong>eorum</strong></span> <span class='ocrx_word' id='word_1_383' title='bbox 2458 2816 2602 2869; x_wconf 88' lang='lat' dir='ltr'><strong>sicut</strong></span> <span class='ocrx_word' id='word_1_384' title='bbox 2638 2813 2873 2868; x_wconf 86' lang='lat' dir='ltr'><strong>inferius</strong></span> <span class='ocrx_word' id='word_1_385' title='bbox 2904 2818 3259 2867; x_wconf 87' lang='lat' dir='ltr'><strong>annotautur.</strong></span> 
     </span>
    </p>
   </div>
   <div class='ocr_carea' id='block_1_58' title="bbox 2537 2963 2977 3017">
    <p class='ocr_par' dir='ltr' id='par_1_58' title="bbox 2537 2963 2977 3017">
     <span class='ocr_line' id='line_1_58' title="bbox 2537 2963 2977 3017; baseline -0.009 0"><span class='ocrx_word' id='word_1_386' title='bbox 2537 2964 2868 3017; x_wconf 78' lang='lat' dir='ltr'><strong>CONSTANT</strong></span> <span class='ocrx_word' id='word_1_387' title='bbox 2877 2963 2977 3014; x_wconf 84' lang='lat' dir='ltr'><strong>[US</strong></span> 
     </span>
    </p>
   </div>
   <div class='ocr_carea' id='block_1_59' title="bbox 2117 3060 3546 3130">
    <p class='ocr_par' dir='ltr' id='par_1_59' title="bbox 2117 3060 3546 3130">
     <span class='ocr_line' id='line_1_59' title="bbox 2117 3060 3546 3130; baseline -0.01 -7"><span class='ocrx_word' id='word_1_388' title='bbox 2117 3084 2183 3123; x_wconf 78' lang='lat' dir='ltr'><strong>ex</strong></span> <span class='ocrx_word' id='word_1_389' title='bbox 2214 3070 2479 3122; x_wconf 84' lang='lat' dir='ltr'><strong>Theodora</strong></span> <span class='ocrx_word' id='word_1_390' title='bbox 2500 3067 2600 3119; x_wconf 79' lang='lat' dir='ltr'><strong>illia</strong></span> <span class='ocrx_word' id='word_1_391' title='bbox 2628 3064 2856 3118; x_wconf 83' lang='lat' dir='ltr'><strong>Herculii</strong></span> <span class='ocrx_word' id='word_1_392' title='bbox 2878 3066 3043 3130; x_wconf 86' lang='lat' dir='ltr'><strong>gignit</strong></span> <span class='ocrx_word' id='word_1_393' title='bbox 3262 3076 3327 3113; x_wconf 74' lang='lat' dir='ltr'><strong>ex</strong></span> <span class='ocrx_word' id='word_1_394' title='bbox 3350 3060 3546 3130; x_wconf 69' lang='lat' dir='ltr'><strong>Helena</strong></span> 
     </span>
    </p>
   </div>
   <div class='ocr_carea' id='block_1_60' title="bbox 3245 3120 3551 3186">
    <p class='ocr_par' dir='ltr' id='par_1_60' title="bbox 3245 3120 3551 3186">
     <span class='ocr_line' id='line_1_60' title="bbox 3245 3120 3551 3186; baseline -0.007 -13"><span class='ocrx_word' id='word_1_395' title='bbox 3245 3137 3366 3173; x_wconf 78' lang='lat' dir='ltr'><strong>vero</strong></span> <span class='ocrx_word' id='word_1_396' title='bbox 3389 3120 3551 3186; x_wconf 78' lang='lat' dir='ltr'><strong>gignit</strong></span> 
     </span>
    </p>
   </div>
   <div class='ocr_carea' id='block_1_61' title="bbox 283 3170 3529 3275">
    <p class='ocr_par' dir='ltr' id='par_1_61' title="bbox 283 3170 3529 3275">
     <span class='ocr_line' id='line_1_61' title="bbox 283 3170 3529 3275; baseline 0.005 -48"><span class='ocrx_word' id='word_1_397' title='bbox 283 3170 502 3275; x_wconf 74' lang='lat' dir='ltr'><strong>insania</strong></span> <span class='ocrx_word' id='word_1_398' title='bbox 541 3179 1153 3275; x_wconf 82' lang='lat' dir='ltr'><strong>cognominatusapud</strong></span> <span class='ocrx_word' id='word_1_399' title='bbox 1194 3184 1583 3241; x_wconf 73' lang='lat' dir='ltr'><strong>Alexandriam</strong></span> <span class='ocrx_word' id='word_1_400' title='bbox 1615 3188 1865 3245; x_wconf 73' lang='lat' dir='ltr'><strong>haeresim</strong></span> <span class='ocrx_word' id='word_1_401' title='bbox 1894 3190 1936 3247; x_wconf 91' lang='lat' dir='ltr'><strong>C</strong></span> <span class='ocrx_word' id='word_1_402' title='bbox 1968 3215 2361 3275; x_wconf 65' lang='lat' dir='ltr'><strong>Constantinum,</strong></span> <span class='ocrx_word' id='word_1_403' title='bbox 2394 3218 2588 3275; x_wconf 76' lang='lat' dir='ltr'><strong>patrem</strong></span> <span class='ocrx_word' id='word_1_404' title='bbox 2650 3207 2869 3275; x_wconf 52' lang='lat' dir='ltr'><strong>Anabal-</strong></span> <span class='ocrx_word' id='word_1_405' title='bbox 2927 3208 3169 3259; x_wconf 66' lang='grc' dir='ltr'>Γιοιιείειι..</span> <span class='ocrx_word' id='word_1_406' title='bbox 3246 3170 3529 3258; x_wconf 40' lang='lat' dir='ltr'><strong>Cissim-</strong></span> 
     </span>
    </p>
   </div>
   <div class='ocr_carea' id='block_1_62' title="bbox 281 3268 1925 3350">
    <p class='ocr_par' dir='ltr' id='par_1_62' title="bbox 281 3268 1925 3350">
     <span class='ocr_line' id='line_1_62' title="bbox 281 3268 1925 3350; baseline 0.01 -29"><span class='ocrx_word' id='word_1_407' title='bbox 281 3282 440 3321; x_wconf 69' lang='lat' dir='ltr'><strong>suam</strong></span> <span class='ocrx_word' id='word_1_408' title='bbox 464 3268 519 3322; x_wconf 89' lang='lat' dir='ltr'><strong>in</strong></span> <span class='ocrx_word' id='word_1_409' title='bbox 550 3271 790 3326; x_wconf 85' lang='lat' dir='ltr'><strong>ecclesia</strong></span> <span class='ocrx_word' id='word_1_410' title='bbox 822 3274 1198 3330; x_wconf 86' lang='lat' dir='ltr'><strong>manifestavit</strong></span> <span class='ocrx_word' id='word_1_411' title='bbox 1231 3286 1286 3332; x_wconf 90' lang='lat' dir='ltr'><strong>et</strong></span> <span class='ocrx_word' id='word_1_412' title='bbox 1319 3279 1563 3333; x_wconf 90' lang='lat' dir='ltr'><strong>schisma</strong></span> <span class='ocrx_word' id='word_1_413' title='bbox 1598 3294 1862 3350; x_wconf 87' lang='lat' dir='ltr'><strong>operatus</strong></span> <span class='ocrx_word' id='word_1_414' title='bbox 1918 3311 1925 3323; x_wconf 65' lang='grc' dir='ltr'><strong><em>ε</em></strong></span> 
     </span>
    </p>
   </div>
   <div class='ocr_carea' id='block_1_63' title="bbox 278 3364 1862 3443">
    <p class='ocr_par' dir='ltr' id='par_1_63' title="bbox 278 3364 1862 3443">
     <span class='ocr_line' id='line_1_63' title="bbox 278 3364 1862 3443; baseline 0.01 -30"><span class='ocrx_word' id='word_1_415' title='bbox 278 3368 389 3424; x_wconf 79' lang='lat' dir='ltr'><strong>est,</strong></span> <span class='ocrx_word' id='word_1_416' title='bbox 432 3372 768 3430; x_wconf 87' lang='lat' dir='ltr'><strong>cooperante</strong></span> <span class='ocrx_word' id='word_1_417' title='bbox 810 3364 914 3420; x_wconf 86' lang='lat' dir='ltr'><strong>sibi</strong></span> <span class='ocrx_word' id='word_1_418' title='bbox 961 3368 1202 3437; x_wconf 88' lang='lat' dir='ltr'><strong>maligno</strong></span> <span class='ocrx_word' id='word_1_419' title='bbox 1239 3371 1579 3437; x_wconf 85' lang='lat' dir='ltr'><strong>adversario,</strong></span> <span class='ocrx_word' id='word_1_420' title='bbox 1616 3377 1708 3443; x_wconf 90' lang='lat' dir='ltr'><strong>qui</strong></span> <span class='ocrx_word' id='word_1_421' title='bbox 1754 3390 1862 3429; x_wconf 91' lang='lat' dir='ltr'><strong>non</strong></span> 
     </span>
    </p>
   </div>
   <div class='ocr_carea' id='block_1_64' title="bbox 279 3448 1863 3524">
    <p class='ocr_par' dir='ltr' id='par_1_64' title="bbox 279 3448 1863 3524">
     <span class='ocr_line' id='line_1_64' title="bbox 279 3448 1863 3524; baseline 0.011 -21"><span class='ocrx_word' id='word_1_422' title='bbox 279 3448 390 3504; x_wconf 89' lang='lat' dir='ltr'><strong>fert</strong></span> <span class='ocrx_word' id='word_1_423' title='bbox 429 3451 611 3507; x_wconf 75' lang='lat' dir='ltr'><strong>ridere</strong></span> <span class='ocrx_word' id='word_1_424' title='bbox 678 3469 867 3524; x_wconf 90' lang='lat' dir='ltr'><strong>pacem</strong></span> <span class='ocrx_word' id='word_1_425' title='bbox 904 3457 1183 3514; x_wconf 67' lang='lat' dir='ltr'><strong>Ecclesiae.</strong></span> <span class='ocrx_word' id='word_1_426' title='bbox 1229 3459 1431 3517; x_wconf 86' lang='lat' dir='ltr'><strong>Factus</strong></span> <span class='ocrx_word' id='word_1_427' title='bbox 1473 3475 1557 3518; x_wconf 88' lang='lat' dir='ltr'><strong>est</strong></span> <span class='ocrx_word' id='word_1_428' title='bbox 1597 3474 1778 3518; x_wconf 87' lang='lat' dir='ltr'><strong>autem</strong></span> <span class='ocrx_word' id='word_1_429' title='bbox 1810 3474 1863 3521; x_wconf 87' lang='lat' dir='ltr'><strong>et</strong></span> 
     </span>
    </p>
   </div>
   <div class='ocr_carea' id='block_1_65' title="bbox 279 3547 1864 3621">
    <p class='ocr_par' dir='ltr' id='par_1_65' title="bbox 279 3547 1864 3621">
     <span class='ocr_line' id='line_1_65' title="bbox 279 3547 1864 3621; baseline 0.013 -26"><span class='ocrx_word' id='word_1_430' title='bbox 279 3550 442 3597; x_wconf 72' lang='lat' dir='ltr'><strong>terra:</strong></span> <span class='ocrx_word' id='word_1_431' title='bbox 472 3553 654 3599; x_wconf 84' lang='lat' dir='ltr'><strong>motus</strong></span> <span class='ocrx_word' id='word_1_432' title='bbox 689 3547 1035 3605; x_wconf 81' lang='lat' dir='ltr'><strong>Alexandria:</strong></span> <span class='ocrx_word' id='word_1_433' title='bbox 1082 3552 1461 3621; x_wconf 81' lang='lat' dir='ltr'><strong>gravissimus,</strong></span> <span class='ocrx_word' id='word_1_434' title='bbox 1497 3555 1573 3610; x_wconf 88' lang='lat' dir='ltr'><strong>ita</strong></span> <span class='ocrx_word' id='word_1_435' title='bbox 1616 3567 1674 3611; x_wconf 92' lang='lat' dir='ltr'><strong>ut</strong></span> <span class='ocrx_word' id='word_1_436' title='bbox 1703 3560 1864 3614; x_wconf 81' lang='lat' dir='ltr'><strong>cade-</strong></span> 
     </span>
    </p>
   </div>
   <div class='ocr_carea' id='block_1_66' title="bbox 280 3638 1864 3723">
    <p class='ocr_par' dir='ltr' id='par_1_66' title="bbox 280 3638 1864 3723">
     <span class='ocr_line' id='line_1_66' title="bbox 280 3638 1864 3723; baseline 0.009 -30"><span class='ocrx_word' id='word_1_437' title='bbox 280 3651 403 3695; x_wconf 83' lang='lat' dir='ltr'><strong>rent</strong></span> <span class='ocrx_word' id='word_1_438' title='bbox 448 3638 648 3696; x_wconf 90' lang='lat' dir='ltr'><strong>domns</strong></span> <span class='ocrx_word' id='word_1_439' title='bbox 698 3643 880 3699; x_wconf 77' lang='lat' dir='ltr'><strong>multae</strong></span> <span class='ocrx_word' id='word_1_440' title='bbox 942 3662 1007 3701; x_wconf 91' lang='lat' dir='ltr'><strong>ac</strong></span> <span class='ocrx_word' id='word_1_441' title='bbox 1062 3650 1300 3720; x_wconf 83' lang='lat' dir='ltr'><strong>populus</strong></span> <span class='ocrx_word' id='word_1_442' title='bbox 1361 3653 1631 3723; x_wconf 89' lang='lat' dir='ltr'><strong>plurimus</strong></span> <span class='ocrx_word' id='word_1_443' title='bbox 1690 3652 1864 3709; x_wconf 86' lang='lat' dir='ltr'><strong>inter-</strong></span> 
     </span>
    </p>
   </div>
   <div class='ocr_carea' id='block_1_67' title="bbox 277 3732 403 3789">
    <p class='ocr_par' dir='ltr' id='par_1_67' title="bbox 277 3732 403 3789">
     <span class='ocr_line' id='line_1_67' title="bbox 277 3732 403 3789; baseline -0.016 -2"><span class='ocrx_word' id='word_1_444' title='bbox 277 3732 403 3789; x_wconf 79' lang='lat' dir='ltr'><strong>iret.</strong></span> 
     </span>
    </p>
   </div>
   <div class='ocr_carea' id='block_1_68' title="bbox 351 3828 1862 3905">
    <p class='ocr_par' dir='ltr' id='par_1_68' title="bbox 351 3828 1862 3905">
     <span class='ocr_line' id='line_1_68' title="bbox 351 3828 1862 3905; baseline 0.008 -22"><span class='ocrx_word' id='word_1_445' title='bbox 351 3828 602 3901; x_wconf 85' lang='lat' dir='ltr'><strong>Septimo</strong></span> <span class='ocrx_word' id='word_1_446' title='bbox 639 3830 861 3889; x_wconf 29' lang='lat' dir='ltr'><strong>decimo.</strong></span> <span class='ocrx_word' id='word_1_447' title='bbox 889 3833 1104 3905; x_wconf 85' lang='lat' dir='ltr'><strong>imperii</strong></span> <span class='ocrx_word' id='word_1_448' title='bbox 1150 3836 1238 3893; x_wconf 92' lang='lat' dir='ltr'><strong>sui</strong></span> <span class='ocrx_word' id='word_1_449' title='bbox 1286 3853 1432 3895; x_wconf 89' lang='lat' dir='ltr'><strong>anno</strong></span> <span class='ocrx_word' id='word_1_450' title='bbox 1462 3838 1862 3895; x_wconf 82' lang='lat' dir='ltr'><strong>Constantinus</strong></span> 
     </span>
    </p>
   </div>
   <div class='ocr_carea' id='block_1_69' title="bbox 277 3924 1863 4001">
    <p class='ocr_par' dir='ltr' id='par_1_69' title="bbox 277 3924 1863 4001">
     <span class='ocr_line' id='line_1_69' title="bbox 277 3924 1863 4001; baseline 0.011 -31"><span class='ocrx_word' id='word_1_451' title='bbox 277 3932 564 3992; x_wconf 74' lang='lat' dir='ltr'><strong>comperta</strong></span> <span class='ocrx_word' id='word_1_452' title='bbox 592 3924 708 3979; x_wconf 81' lang='lat' dir='ltr'><strong>Arii</strong></span> <span class='ocrx_word' id='word_1_453' title='bbox 734 3927 1104 3983; x_wconf 84' lang='lat' dir='ltr'><strong>commotione</strong></span> <span class='ocrx_word' id='word_1_454' title='bbox 1126 3929 1284 3985; x_wconf 83' lang='lat' dir='ltr'><strong>valde</strong></span> <span class='ocrx_word' id='word_1_455' title='bbox 1313 3931 1611 3995; x_wconf 83' lang='lat' dir='ltr'><strong>tribulatus</strong></span> <span class='ocrx_word' id='word_1_456' title='bbox 1638 3931 1863 4001; x_wconf 87' lang='lat' dir='ltr'><strong>scripsit</strong></span> 
     </span>
    </p>
   </div>
   <div class='ocr_carea' id='block_1_70' title="bbox 276 4013 1859 4095">
    <p class='ocr_par' dir='ltr' id='par_1_70' title="bbox 276 4013 1859 4095">
     <span class='ocr_line' id='line_1_70' title="bbox 276 4013 1859 4095; baseline 0.011 -31"><span class='ocrx_word' id='word_1_457' title='bbox 276 4013 592 4071; x_wconf 76' lang='lat' dir='ltr'><strong>Alexandro</strong></span> <span class='ocrx_word' id='word_1_458' title='bbox 620 4024 678 4073; x_wconf 86' lang='lat' dir='ltr'><strong>et</strong></span> <span class='ocrx_word' id='word_1_459' title='bbox 724 4018 861 4073; x_wconf 79' lang='lat' dir='ltr'><strong>Atio</strong></span> <span class='ocrx_word' id='word_1_460' title='bbox 914 4036 1265 4078; x_wconf 89' lang='lat' dir='ltr'><strong>communem</strong></span> <span class='ocrx_word' id='word_1_461' title='bbox 1312 4024 1626 4095; x_wconf 85' lang='lat' dir='ltr'><strong>epistolam,</strong></span> <span class='ocrx_word' id='word_1_462' title='bbox 1672 4027 1859 4081; x_wconf 86' lang='lat' dir='ltr'><strong>cousi-</strong></span> 
     </span>
    </p>
   </div>
   <div class='ocr_carea' id='block_1_71' title="bbox 277 4101 1858 4192">
    <p class='ocr_par' dir='ltr' id='par_1_71' title="bbox 277 4101 1858 4192">
     <span class='ocr_line' id='line_1_71' title="bbox 277 4101 1858 4192; baseline 0.009 -35"><span class='ocrx_word' id='word_1_463' title='bbox 277 4101 413 4159; x_wconf 90' lang='lat' dir='ltr'><strong>linm</strong></span> <span class='ocrx_word' id='word_1_464' title='bbox 461 4104 603 4163; x_wconf 83' lang='lat' dir='ltr'><strong>dans</strong></span> <span class='ocrx_word' id='word_1_465' title='bbox 652 4117 1362 4192; x_wconf 41' lang='lat' dir='ltr'><strong>nequam&#39;commotionem</strong></span> <span class='ocrx_word' id='word_1_466' title='bbox 1413 4116 1662 4171; x_wconf 78' lang='lat' dir='ltr'><strong>solvendi</strong></span> <span class='ocrx_word' id='word_1_467' title='bbox 1702 4125 1759 4171; x_wconf 90' lang='lat' dir='ltr'><strong>et</strong></span> <span class='ocrx_word' id='word_1_468' title='bbox 1789 4118 1858 4173; x_wconf 87' lang='lat' dir='ltr'><strong>ad</strong></span> 
     </span>
    </p>
   </div>
   <div class='ocr_carea' id='block_1_72' title="bbox 276 4205 1857 4267">
    <p class='ocr_par' dir='ltr' id='par_1_72' title="bbox 276 4205 1857 4267">
     <span class='ocr_line' id='line_1_72' title="bbox 276 4205 1857 4267; baseline 0.011 -18"><span class='ocrx_word' id='word_1_469' title='bbox 276 4211 470 4265; x_wconf 82' lang='lat' dir='ltr'><strong>pacem</strong></span> <span class='ocrx_word' id='word_1_470' title='bbox 525 4209 771 4257; x_wconf 85' lang='lat' dir='ltr'><strong>mutuam</strong></span> <span class='ocrx_word' id='word_1_471' title='bbox 819 4206 1108 4263; x_wconf 85' lang='lat' dir='ltr'><strong>redeundi.</strong></span> <span class='ocrx_word' id='word_1_472' title='bbox 1147 4205 1293 4264; x_wconf 80' lang='lat' dir='ltr'><strong>Misit</strong></span> <span class='ocrx_word' id='word_1_473' title='bbox 1338 4218 1521 4264; x_wconf 89' lang='lat' dir='ltr'><strong>autem</strong></span> <span class='ocrx_word' id='word_1_474' title='bbox 1566 4219 1619 4264; x_wconf 91' lang='lat' dir='ltr'><strong>et</strong></span> <span class='ocrx_word' id='word_1_475' title='bbox 1668 4209 1857 4267; x_wconf 88' lang='lat' dir='ltr'><strong>Osium</strong></span> 
     </span>
    </p>
   </div>
   <div class='ocr_carea' id='block_1_73' title="bbox 275 4286 1860 4360">
    <p class='ocr_par' dir='ltr' id='par_1_73' title="bbox 275 4286 1860 4360">
     <span class='ocr_line' id='line_1_73' title="bbox 275 4286 1860 4360; baseline 0.01 -19"><span class='ocrx_word' id='word_1_476' title='bbox 275 4286 594 4360; x_wconf 63' lang='lat' dir='ltr'><strong>episcopum</strong></span> <span class='ocrx_word' id='word_1_477' title='bbox 625 4290 899 4351; x_wconf 73' lang='lat' dir='ltr'><strong>Corduba:</strong></span> <span class='ocrx_word' id='word_1_478' title='bbox 938 4296 1329 4353; x_wconf 78' lang='lat' dir='ltr'><strong>Alexandriam</strong></span> <span class='ocrx_word' id='word_1_479' title='bbox 1358 4309 1552 4355; x_wconf 83' lang='lat' dir='ltr'><strong>contra</strong></span> <span class='ocrx_word' id='word_1_480' title='bbox 1577 4300 1772 4356; x_wconf 81' lang='lat' dir='ltr'><strong>Arium</strong></span> <span class='ocrx_word' id='word_1_481' title='bbox 1803 4309 1860 4357; x_wconf 87' lang='lat' dir='ltr'><strong>et</strong></span> 
     </span>
    </p>
   </div>
   <div class='ocr_carea' id='block_1_74' title="bbox 278 4379 1859 4465">
    <p class='ocr_par' dir='ltr' id='par_1_74' title="bbox 278 4379 1859 4465">
     <span class='ocr_line' id='line_1_74' title="bbox 278 4379 1859 4465; baseline 0.012 -33"><span class='ocrx_word' id='word_1_482' title='bbox 278 4379 346 4434; x_wconf 87' lang='lat' dir='ltr'><strong>ad</strong></span> <span class='ocrx_word' id='word_1_483' title='bbox 378 4379 684 4449; x_wconf 87' lang='lat' dir='ltr'><strong>Orientem.</strong></span> <span class='ocrx_word' id='word_1_484' title='bbox 724 4398 1084 4445; x_wconf 87' lang='lat' dir='ltr'><strong>correcturus</strong></span> <span class='ocrx_word' id='word_1_485' title='bbox 1112 4392 1420 4451; x_wconf 82' lang='lat' dir='ltr'><strong>Orientales</strong></span> <span class='ocrx_word' id='word_1_486' title='bbox 1458 4390 1671 4450; x_wconf 83' lang='lat' dir='ltr'><strong>Pascha</strong></span> <span class='ocrx_word' id='word_1_487' title='bbox 1700 4394 1859 4465; x_wconf 86' lang='lat' dir='ltr'><strong>pejus</strong></span> 
     </span>
    </p>
   </div>
   <div class='ocr_carea' id='block_1_75' title="bbox 276 4473 1856 4554">
    <p class='ocr_par' dir='ltr' id='par_1_75' title="bbox 276 4473 1856 4554">
     <span class='ocr_line' id='line_1_75' title="bbox 276 4473 1856 4554; baseline 0.014 -30"><span class='ocrx_word' id='word_1_488' title='bbox 276 4489 443 4540; x_wconf 86' lang='lat' dir='ltr'><strong>quam</strong></span> <span class='ocrx_word' id='word_1_489' title='bbox 477 4473 651 4533; x_wconf 70' lang='lat' dir='ltr'><strong>Judaei</strong></span> <span class='ocrx_word' id='word_1_490' title='bbox 681 4493 746 4535; x_wconf 78' lang='lat' dir='ltr'><strong>ex</strong></span> <span class='ocrx_word' id='word_1_491' title='bbox 779 4481 1009 4554; x_wconf 88' lang='lat' dir='ltr'><strong>antiqua</strong></span> <span class='ocrx_word' id='word_1_492' title='bbox 1044 4484 1446 4543; x_wconf 85' lang='lat' dir='ltr'><strong>consuetudine</strong></span> <span class='ocrx_word' id='word_1_493' title='bbox 1487 4486 1856 4545; x_wconf 85' lang='lat' dir='ltr'><strong>celebrantes.</strong></span> 
     </span>
    </p>
   </div>
   <div class='ocr_carea' id='block_1_76' title="bbox 275 4564 1862 4647">
    <p class='ocr_par' dir='ltr' id='par_1_76' title="bbox 275 4564 1862 4647">
     <span class='ocr_line' id='line_1_76' title="bbox 275 4564 1862 4647; baseline 0.009 -27"><span class='ocrx_word' id='word_1_494' title='bbox 275 4564 553 4625; x_wconf 76' lang='lat' dir='ltr'><strong>Reversus</strong></span> <span class='ocrx_word' id='word_1_495' title='bbox 594 4582 678 4627; x_wconf 88' lang='lat' dir='ltr'><strong>est</strong></span> <span class='ocrx_word' id='word_1_496' title='bbox 728 4582 913 4629; x_wconf 84' lang='lat' dir='ltr'><strong>autem</strong></span> <span class='ocrx_word' id='word_1_497' title='bbox 966 4574 1035 4630; x_wconf 84' lang='lat' dir='ltr'><strong>ad</strong></span> <span class='ocrx_word' id='word_1_498' title='bbox 1085 4585 1377 4647; x_wconf 89' lang='lat' dir='ltr'><strong>utrumque</strong></span> <span class='ocrx_word' id='word_1_499' title='bbox 1435 4577 1702 4637; x_wconf 82' lang='lat' dir='ltr'><strong>inellicax.</strong></span> <span class='ocrx_word' id='word_1_500' title='bbox 1746 4578 1862 4635; x_wconf 88' lang='lat' dir='ltr'><strong>Hoc</strong></span> 
     </span>
    </p>
   </div>
   <div class='ocr_carea' id='block_1_77' title="bbox 274 4658 1860 4729">
    <p class='ocr_par' dir='ltr' id='par_1_77' title="bbox 274 4658 1860 4729">
     <span class='ocr_line' id='line_1_77' title="bbox 274 4658 1860 4729; baseline 0.009 -17"><span class='ocrx_word' id='word_1_501' title='bbox 274 4658 440 4713; x_wconf 89' lang='lat' dir='ltr'><strong>etiam</strong></span> <span class='ocrx_word' id='word_1_502' title='bbox 467 4676 614 4717; x_wconf 89' lang='lat' dir='ltr'><strong>anno</strong></span> <span class='ocrx_word' id='word_1_503' title='bbox 650 4664 1052 4724; x_wconf 83' lang='lat' dir='ltr'><strong>Constantinus</strong></span> <span class='ocrx_word' id='word_1_504' title='bbox 1079 4668 1441 4725; x_wconf 86' lang='lat' dir='ltr'><strong>Constantem</strong></span> <span class='ocrx_word' id='word_1_505' title='bbox 1477 4670 1650 4728; x_wconf 86' lang='lat' dir='ltr'><strong>liliqu</strong></span> <span class='ocrx_word' id='word_1_506' title='bbox 1696 4687 1860 4729; x_wconf 88' lang='lat' dir='ltr'><strong>suum</strong></span> 
     </span>
    </p>
   </div>
   <div class='ocr_carea' id='block_1_78' title="bbox 275 4755 1327 4820">
    <p class='ocr_par' dir='ltr' id='par_1_78' title="bbox 275 4755 1327 4820">
     <span class='ocr_line' id='line_1_78' title="bbox 275 4755 1327 4820; baseline 0.009 -10"><span class='ocrx_word' id='word_1_507' title='bbox 275 4755 554 4811; x_wconf 62' lang='lat' dir='ltr'><strong>Cmaarem</strong></span> <span class='ocrx_word' id='word_1_508' title='bbox 590 4758 723 4815; x_wconf 90' lang='lat' dir='ltr'><strong>fecit</strong></span> <span class='ocrx_word' id='word_1_509' title='bbox 754 4770 811 4817; x_wconf 90' lang='lat' dir='ltr'><strong>et</strong></span> <span class='ocrx_word' id='word_1_510' title='bbox 837 4763 986 4819; x_wconf 87' lang='lat' dir='ltr'><strong>misit</strong></span> <span class='ocrx_word' id='word_1_511' title='bbox 1011 4764 1066 4818; x_wconf 92' lang='lat' dir='ltr'><strong>iu</strong></span> <span class='ocrx_word' id='word_1_512' title='bbox 1098 4763 1327 4820; x_wconf 83' lang='lat' dir='ltr'><strong>Gallias.</strong></span> 
     </span>
    </p>
   </div>
   <div class='ocr_carea' id='block_1_79' title="bbox 346 4848 1860 4929">
    <p class='ocr_par' dir='ltr' id='par_1_79' title="bbox 346 4848 1860 4929">
     <span class='ocr_line' id='line_1_79' title="bbox 346 4848 1860 4929; baseline 0.01 -28"><span class='ocrx_word' id='word_1_513' title='bbox 346 4848 556 4905; x_wconf 78' lang='lat' dir='ltr'><strong>Octavo</strong></span> <span class='ocrx_word' id='word_1_514' title='bbox 577 4851 795 4907; x_wconf 88' lang='lat' dir='ltr'><strong>decimo</strong></span> <span class='ocrx_word' id='word_1_515' title='bbox 825 4870 959 4919; x_wconf 73' lang='lat' dir='ltr'><strong>sane</strong></span> <span class='ocrx_word' id='word_1_516' title='bbox 989 4854 1200 4925; x_wconf 86' lang='lat' dir='ltr'><strong>imperii</strong></span> <span class='ocrx_word' id='word_1_517' title='bbox 1235 4856 1319 4910; x_wconf 88' lang='lat' dir='ltr'><strong>sui</strong></span> <span class='ocrx_word' id='word_1_518' title='bbox 1357 4871 1523 4924; x_wconf 85' lang='lat' dir='ltr'><strong>anno,</strong></span> <span class='ocrx_word' id='word_1_519' title='bbox 1556 4866 1613 4912; x_wconf 78' lang='grc' dir='ltr'><strong>ιιι</strong></span> <span class='ocrx_word' id='word_1_520' title='bbox 1637 4860 1860 4929; x_wconf 83' lang='lat' dir='ltr'><strong>quidam</strong></span> 
     </span>
    </p>
   </div>
   <div class='ocr_carea' id='block_1_80' title="bbox 273 4937 1857 5018">
    <p class='ocr_par' dir='ltr' id='par_1_80' title="bbox 273 4937 1857 5018">
     <span class='ocr_line' id='line_1_80' title="bbox 273 4937 1857 5018; baseline 0.011 -27"><span class='ocrx_word' id='word_1_521' title='bbox 273 4937 492 5009; x_wconf 71' lang='lat' dir='ltr'><strong>dicunt,</strong></span> <span class='ocrx_word' id='word_1_522' title='bbox 522 4941 924 5001; x_wconf 86' lang='lat' dir='ltr'><strong>Constantinus</strong></span> <span class='ocrx_word' id='word_1_523' title='bbox 947 4961 1072 5003; x_wconf 90' lang='lat' dir='ltr'><strong>cum</strong></span> <span class='ocrx_word' id='word_1_524' title='bbox 1106 4946 1302 5018; x_wconf 84' lang='lat' dir='ltr'><strong>Crispo</strong></span> <span class='ocrx_word' id='word_1_525' title='bbox 1335 4948 1447 5003; x_wconf 89' lang='lat' dir='ltr'><strong>lilio</strong></span> <span class='ocrx_word' id='word_1_526' title='bbox 1473 4964 1576 5004; x_wconf 91' lang='lat' dir='ltr'><strong>suo</strong></span> <span class='ocrx_word' id='word_1_527' title='bbox 1599 4949 1789 5007; x_wconf 65' lang='lat' dir='ltr'><strong>Romae</strong></span> <span class='ocrx_word' id='word_1_528' title='bbox 1827 4967 1857 5007; x_wconf 86' lang='lat' dir='ltr'><strong>a</strong></span> 
     </span>
    </p>
   </div>
   <div class='ocr_carea' id='block_1_81' title="bbox 274 5028 1858 5108">
    <p class='ocr_par' dir='ltr' id='par_1_81' title="bbox 274 5028 1858 5108">
     <span class='ocr_line' id='line_1_81' title="bbox 274 5028 1858 5108; baseline 0.006 -23"><span class='ocrx_word' id='word_1_529' title='bbox 274 5028 545 5089; x_wconf 84' lang='lat' dir='ltr'><strong>Silvestre</strong></span> <span class='ocrx_word' id='word_1_530' title='bbox 573 5033 887 5104; x_wconf 82' lang='lat' dir='ltr'><strong>baptizatus</strong></span> <span class='ocrx_word' id='word_1_531' title='bbox 914 5045 1022 5094; x_wconf 85' lang='lat' dir='ltr'><strong>est.</strong></span> <span class='ocrx_word' id='word_1_532' title='bbox 1056 5036 1340 5108; x_wconf 84' lang='lat' dir='ltr'><strong>Quotquot</strong></span> <span class='ocrx_word' id='word_1_533' title='bbox 1381 5039 1528 5093; x_wconf 91' lang='lat' dir='ltr'><strong>enim</strong></span> <span class='ocrx_word' id='word_1_534' title='bbox 1566 5039 1619 5094; x_wconf 92' lang='lat' dir='ltr'><strong>in</strong></span> <span class='ocrx_word' id='word_1_535' title='bbox 1650 5042 1858 5096; x_wconf 86' lang='lat' dir='ltr'><strong>seniori</strong></span> 
     </span>
    </p>
   </div>
   <div class='ocr_carea' id='block_1_82' title="bbox 277 5123 1858 5203">
    <p class='ocr_par' dir='ltr' id='par_1_82' title="bbox 277 5123 1858 5203">
     <span class='ocr_line' id='line_1_82' title="bbox 277 5123 1858 5203; baseline 0.008 -26"><span class='ocrx_word' id='word_1_536' title='bbox 277 5123 449 5180; x_wconf 75' lang='lat' dir='ltr'><strong>Ruina</strong></span> <span class='ocrx_word' id='word_1_537' title='bbox 478 5128 791 5184; x_wconf 86' lang='lat' dir='ltr'><strong>consistunt</strong></span> <span class='ocrx_word' id='word_1_538' title='bbox 816 5145 992 5200; x_wconf 91' lang='lat' dir='ltr'><strong>usque</strong></span> <span class='ocrx_word' id='word_1_539' title='bbox 1022 5130 1202 5197; x_wconf 84' lang='lat' dir='ltr'><strong>hodie,</strong></span> <span class='ocrx_word' id='word_1_540' title='bbox 1231 5132 1613 5203; x_wconf 89' lang='lat' dir='ltr'><strong>baptisterium</strong></span> <span class='ocrx_word' id='word_1_541' title='bbox 1654 5134 1858 5189; x_wconf 85' lang='lat' dir='ltr'><strong>habent</strong></span> 
     </span>
    </p>
   </div>
   <div class='ocr_carea' id='block_1_83' title="bbox 272 5219 1854 5297">
    <p class='ocr_par' dir='ltr' id='par_1_83' title="bbox 272 5219 1854 5297">
     <span class='ocr_line' id='line_1_83' title="bbox 272 5219 1854 5297; baseline 0.007 -26"><span class='ocrx_word' id='word_1_542' title='bbox 272 5219 329 5275; x_wconf 79' lang='lat' dir='ltr'><strong>in</strong></span> <span class='ocrx_word' id='word_1_543' title='bbox 357 5221 1038 5294; x_wconf 88' lang='lat' dir='ltr'><strong>testimonium,quoniam</strong></span> <span class='ocrx_word' id='word_1_544' title='bbox 1064 5239 1095 5279; x_wconf 89' lang='lat' dir='ltr'><strong>a</strong></span> <span class='ocrx_word' id='word_1_545' title='bbox 1118 5222 1387 5280; x_wconf 80' lang='lat' dir='ltr'><strong>Silvestre</strong></span> <span class='ocrx_word' id='word_1_546' title='bbox 1407 5224 1593 5280; x_wconf 60' lang='lat' dir='ltr'><strong>Romae</strong></span> <span class='ocrx_word' id='word_1_547' title='bbox 1607 5227 1854 5297; x_wconf 85' lang='lat' dir='ltr'><strong>baptiza-</strong></span> 
     </span>
    </p>
   </div>
   <div class='ocr_carea' id='block_1_84' title="bbox 275 5317 1858 5387">
    <p class='ocr_par' dir='ltr' id='par_1_84' title="bbox 275 5317 1858 5387">
     <span class='ocr_line' id='line_1_84' title="bbox 275 5317 1858 5387; baseline 0.008 -24"><span class='ocrx_word' id='word_1_548' title='bbox 275 5318 369 5365; x_wconf 85' lang='lat' dir='ltr'><strong>tus</strong></span> <span class='ocrx_word' id='word_1_549' title='bbox 403 5320 488 5368; x_wconf 85' lang='lat' dir='ltr'><strong>est</strong></span> <span class='ocrx_word' id='word_1_550' title='bbox 510 5321 635 5383; x_wconf 89' lang='lat' dir='ltr'><strong>post</strong></span> <span class='ocrx_word' id='word_1_551' title='bbox 658 5320 1024 5383; x_wconf 84' lang='lat' dir='ltr'><strong>tyrannorum</strong></span> <span class='ocrx_word' id='word_1_552' title='bbox 1056 5317 1512 5387; x_wconf 85' lang='lat' dir='ltr'><strong>peremptiouem.</strong></span> <span class='ocrx_word' id='word_1_553' title='bbox 1546 5317 1858 5376; x_wconf 89' lang='lat' dir='ltr'><strong>Orientales</strong></span> 
     </span>
    </p>
   </div>
   <div class='ocr_carea' id='block_1_85' title="bbox 271 5405 1852 5474">
    <p class='ocr_par' dir='ltr' id='par_1_85' title="bbox 271 5405 1852 5474">
     <span class='ocr_line' id='line_1_85' title="bbox 271 5405 1852 5474; baseline 0.006 -18"><span class='ocrx_word' id='word_1_554' title='bbox 271 5410 457 5458; x_wconf 75' lang='lat' dir='ltr'><strong>autem</strong></span> <span class='ocrx_word' id='word_1_555' title='bbox 491 5405 634 5474; x_wconf 90' lang='lat' dir='ltr'><strong>apud</strong></span> <span class='ocrx_word' id='word_1_556' title='bbox 681 5405 1052 5461; x_wconf 82' lang='lat' dir='ltr'><strong>Nicomediam</strong></span> <span class='ocrx_word' id='word_1_557' title='bbox 1082 5408 1237 5462; x_wconf 86' lang='lat' dir='ltr'><strong>aiunt</strong></span> <span class='ocrx_word' id='word_1_558' title='bbox 1275 5424 1399 5464; x_wconf 91' lang='lat' dir='ltr'><strong>eum</strong></span> <span class='ocrx_word' id='word_1_559' title='bbox 1441 5410 1586 5464; x_wconf 90' lang='lat' dir='ltr'><strong>circa</strong></span> <span class='ocrx_word' id='word_1_560' title='bbox 1622 5420 1852 5466; x_wconf 85' lang='lat' dir='ltr'><strong>mortem</strong></span> 
     </span>
    </p>
   </div>
   <div class='ocr_carea' id='block_1_86' title="bbox 275 5494 1853 5571">
    <p class='ocr_par' dir='ltr' id='par_1_86' title="bbox 275 5494 1853 5571">
     <span class='ocr_line' id='line_1_86' title="bbox 275 5494 1853 5571; baseline 0.006 -22"><span class='ocrx_word' id='word_1_561' title='bbox 275 5495 345 5549; x_wconf 83' lang='lat' dir='ltr'><strong>ab</strong></span> <span class='ocrx_word' id='word_1_562' title='bbox 379 5494 615 5553; x_wconf 78' lang='lat' dir='ltr'><strong>Eusebio</strong></span> <span class='ocrx_word' id='word_1_563' title='bbox 658 5496 1069 5555; x_wconf 83' lang='lat' dir='ltr'><strong>Nicomediensi</strong></span> <span class='ocrx_word' id='word_1_564' title='bbox 1116 5498 1325 5555; x_wconf 82' lang='lat' dir='ltr'><strong>Ariano</strong></span> <span class='ocrx_word' id='word_1_565' title='bbox 1370 5500 1729 5571; x_wconf 84' lang='lat' dir='ltr'><strong>baptizatum,</strong></span> <span class='ocrx_word' id='word_1_566' title='bbox 1764 5506 1853 5559; x_wconf 91' lang='lat' dir='ltr'><strong>ubi</strong></span> 
     </span>
    </p>
   </div>
   <div class='ocr_carea' id='block_1_87' title="bbox 273 5588 1851 5661">
    <p class='ocr_par' dir='ltr' id='par_1_87' title="bbox 273 5588 1851 5661">
     <span class='ocr_line' id='line_1_87' title="bbox 273 5588 1851 5661; baseline 0.006 -18"><span class='ocrx_word' id='word_1_567' title='bbox 273 5594 329 5643; x_wconf 84' lang='lat' dir='ltr'><strong>et</strong></span> <span class='ocrx_word' id='word_1_568' title='bbox 368 5588 603 5659; x_wconf 76' lang='lat' dir='ltr'><strong>contigit</strong></span> <span class='ocrx_word' id='word_1_569' title='bbox 655 5607 780 5646; x_wconf 89' lang='lat' dir='ltr'><strong>eum</strong></span> <span class='ocrx_word' id='word_1_570' title='bbox 833 5592 1106 5650; x_wconf 83' lang='lat' dir='ltr'><strong>dormisse</strong></span> <span class='ocrx_word' id='word_1_571' title='bbox 1148 5609 1163 5650; x_wconf 91' lang='lat'><strong>:</strong></span> <span class='ocrx_word' id='word_1_572' title='bbox 1213 5593 1501 5651; x_wconf 78' lang='lat' dir='ltr'><strong>differebat</strong></span> <span class='ocrx_word' id='word_1_573' title='bbox 1540 5597 1711 5661; x_wconf 88' lang='lat' dir='ltr'><strong>enim,</strong></span> <span class='ocrx_word' id='word_1_574' title='bbox 1763 5600 1851 5653; x_wconf 74' lang='lat' dir='ltr'><strong>in~</strong></span> 
     </span>
    </p>
   </div>
   <div class='ocr_carea' id='block_1_88' title="bbox 272 5681 1850 5756">
    <p class='ocr_par' dir='ltr' id='par_1_88' title="bbox 272 5681 1850 5756">
     <span class='ocr_line' id='line_1_88' title="bbox 272 5681 1850 5756; baseline 0.008 -23"><span class='ocrx_word' id='word_1_575' title='bbox 272 5681 495 5750; x_wconf 85' lang='lat' dir='ltr'><strong>quiuut,</strong></span> <span class='ocrx_word' id='word_1_576' title='bbox 548 5681 911 5752; x_wconf 83' lang='lat' dir='ltr'><strong>baptismum,</strong></span> <span class='ocrx_word' id='word_1_577' title='bbox 965 5700 1197 5756; x_wconf 87' lang='lat' dir='ltr'><strong>sperans</strong></span> <span class='ocrx_word' id='word_1_578' title='bbox 1244 5685 1302 5742; x_wconf 86' lang='lat' dir='ltr'><strong>in</strong></span> <span class='ocrx_word' id='word_1_579' title='bbox 1333 5684 1573 5743; x_wconf 82' lang='lat' dir='ltr'><strong>Jordane</strong></span> <span class='ocrx_word' id='word_1_580' title='bbox 1626 5687 1850 5746; x_wconf 84' lang='lat' dir='ltr'><strong>flumine</strong></span> 
     </span>
    </p>
   </div>
   <div class='ocr_carea' id='block_1_89' title="bbox 2065 3271 3423 3333">
    <p class='ocr_par' dir='ltr' id='par_1_89' title="bbox 2065 3271 3423 3333">
     <span class='ocr_line' id='line_1_89' title="bbox 2065 3271 3423 3333; baseline -0.01 -5"><span class='ocrx_word' id='word_1_581' title='bbox 2065 3274 2191 3328; x_wconf 85' lang='lat' dir='ltr'><strong>Galli</strong></span> <span class='ocrx_word' id='word_1_582' title='bbox 2217 3271 2496 3333; x_wconf 71' lang='lat' dir='ltr'><strong>Dalmatici,</strong></span> <span class='ocrx_word' id='word_1_583' title='bbox 2650 3271 2858 3333; x_wconf 88' lang='lat' dir='ltr'><strong>lianum,</strong></span> <span class='ocrx_word' id='word_1_584' title='bbox 2916 3274 3035 3321; x_wconf 83' lang='lat' dir='ltr'><strong>tiam</strong></span> <span class='ocrx_word' id='word_1_585' title='bbox 3057 3284 3183 3320; x_wconf 80' lang='lat' dir='ltr'><strong>uxo-</strong></span> <span class='ocrx_word' id='word_1_586' title='bbox 3304 3280 3423 3317; x_wconf 87' lang='lat' dir='ltr'><strong>num</strong></span> 
     </span>
    </p>
   </div>
   <div class='ocr_carea' id='block_1_90' title="bbox 1971 3332 3551 3400">
    <p class='ocr_par' dir='ltr' id='par_1_90' title="bbox 1971 3332 3551 3400">
     <span class='ocr_line' id='line_1_90' title="bbox 1971 3332 3551 3400; baseline -0.009 -13"><span class='ocrx_word' id='word_1_587' title='bbox 1971 3351 2034 3400; x_wconf 84' lang='lat' dir='ltr'><strong>ex</strong></span> <span class='ocrx_word' id='word_1_588' title='bbox 2057 3352 2157 3400; x_wconf 92' lang='lat' dir='ltr'><strong>quo</strong></span> <span class='ocrx_word' id='word_1_589' title='bbox 2180 3332 2599 3400; x_wconf 67' lang='lat' dir='ltr'><strong>fuitDalmiticus</strong></span> <span class='ocrx_word' id='word_1_590' title='bbox 2659 3332 2753 3400; x_wconf 73' lang='lat' dir='ltr'><strong>qui</strong></span> <span class='ocrx_word' id='word_1_591' title='bbox 2774 3332 2849 3383; x_wconf 42' lang='lat' dir='ltr'><strong>et&#39;</strong></span> <span class='ocrx_word' id='word_1_592' title='bbox 2941 3394 2954 3400; x_wconf 83' lang='lat'><strong><em>_</em></strong></span> <span class='ocrx_word' id='word_1_593' title='bbox 2980 3346 3111 3400; x_wconf 65' lang='lat' dir='ltr'><strong>rem</strong></span> <span class='ocrx_word' id='word_1_594' title='bbox 3219 3340 3551 3400; x_wconf 46' lang='lat' dir='ltr'><strong>maguum-so-</strong></span> 
     </span>
    </p>
   </div>
   <div class='ocr_carea' id='block_1_91' title="bbox 1963 3389 3517 3465">
    <p class='ocr_par' dir='ltr' id='par_1_91' title="bbox 1963 3389 3517 3465">
     <span class='ocr_line' id='line_1_91' title="bbox 1963 3389 3517 3465; baseline -0.008 -15"><span class='ocrx_word' id='word_1_595' title='bbox 1963 3389 2156 3465; x_wconf 73' lang='lat' dir='ltr'><strong>junlor,</strong></span> <span class='ocrx_word' id='word_1_596' title='bbox 2188 3397 2373 3465; x_wconf 71' lang='lat' dir='ltr'><strong>Iuliani</strong></span> <span class='ocrx_word' id='word_1_597' title='bbox 2405 3411 2594 3460; x_wconf 64' lang='lat' dir='ltr'><strong>praeva-</strong></span> <span class='ocrx_word' id='word_1_598' title='bbox 2650 3389 2839 3449; x_wconf 76' lang='lat' dir='ltr'><strong>Gallus.</strong></span> <span class='ocrx_word' id='word_1_599' title='bbox 2938 3392 3134 3444; x_wconf 84' lang='lat' dir='ltr'><strong>Licinii.</strong></span> <span class='ocrx_word' id='word_1_600' title='bbox 3249 3389 3517 3443; x_wconf 79' lang='lat' dir='ltr'><strong>tummodo.</strong></span> 
     </span>
    </p>
   </div>
   <div class='ocr_carea' id='block_1_92' title="bbox 2058 3461 2482 3512">
    <p class='ocr_par' dir='ltr' id='par_1_92' title="bbox 2058 3461 2482 3512">
     <span class='ocr_line' id='line_1_92' title="bbox 2058 3461 2482 3512; baseline -0.005 -1"><span class='ocrx_word' id='word_1_601' title='bbox 2058 3463 2287 3512; x_wconf 83' lang='lat' dir='ltr'><strong>ricatoris</strong></span> <span class='ocrx_word' id='word_1_602' title='bbox 2306 3461 2482 3510; x_wconf 79' lang='lat' dir='ltr'><strong>frater.</strong></span> 
     </span>
    </p>
   </div>
   <div class='ocr_carea' id='block_1_93' title="bbox 2938 3392 3134 3444">
    <p class='ocr_par' dir='ltr' id='par_1_93' title="bbox 2938 3392 3134 3444">
     <span class='ocr_line' id='line_1_93' title="bbox 2938 3392 3134 3444; baseline 0.005 -1"><span class='ocrx_word' id='word_1_603' title='bbox 2938 3392 3134 3444; x_wconf 82' lang='lat' dir='ltr'><strong>Licinii.</strong></span> 
     </span>
    </p>
   </div>
   <div class='ocr_carea' id='block_1_94' title="bbox 2249 3579 3271 3636">
    <p class='ocr_par' dir='ltr' id='par_1_94' title="bbox 2249 3579 3271 3636">
     <span class='ocr_line' id='line_1_94' title="bbox 2249 3579 3271 3636; baseline -0.003 -2"><span class='ocrx_word' id='word_1_604' title='bbox 2249 3582 2513 3636; x_wconf 73' lang='lat' dir='ltr'><strong>MAGNUS</strong></span> <span class='ocrx_word' id='word_1_605' title='bbox 2540 3582 2759 3634; x_wconf 75' lang='lat' dir='ltr'><strong>AUTEM</strong></span> <span class='ocrx_word' id='word_1_606' title='bbox 2784 3579 3271 3634; x_wconf 70' lang='lat' dir='ltr'><strong>CONSTANTINUS</strong></span> 
     </span>
    </p>
   </div>
   <div class='ocr_carea' id='block_1_95' title="bbox 2354 3683 3164 3749">
    <p class='ocr_par' dir='ltr' id='par_1_95' title="bbox 2354 3683 3164 3749">
     <span class='ocr_line' id='line_1_95' title="bbox 2354 3683 3164 3749; baseline -0.001 -12"><span class='ocrx_word' id='word_1_607' title='bbox 2354 3701 2415 3737; x_wconf 77' lang='lat' dir='ltr'><strong>ex</strong></span> <span class='ocrx_word' id='word_1_608' title='bbox 2434 3688 2615 3738; x_wconf 78' lang='lat' dir='ltr'><strong>Fausta</strong></span> <span class='ocrx_word' id='word_1_609' title='bbox 2636 3687 2731 3737; x_wconf 79' lang='lat' dir='ltr'><strong>tilia</strong></span> <span class='ocrx_word' id='word_1_610' title='bbox 2756 3685 2978 3736; x_wconf 83' lang='lat' dir='ltr'><strong>Herculii</strong></span> <span class='ocrx_word' id='word_1_611' title='bbox 3000 3683 3164 3749; x_wconf 78' lang='lat' dir='ltr'><strong>gignit</strong></span> 
     </span>
    </p>
   </div>
   <div class='ocr_carea' id='block_1_96' title="bbox 1967 3766 3547 3833">
    <p class='ocr_par' dir='ltr' id='par_1_96' title="bbox 1967 3766 3547 3833">
     <span class='ocr_line' id='line_1_96' title="bbox 1967 3766 3547 3833; baseline -0.005 -10"><span class='ocrx_word' id='word_1_612' title='bbox 1967 3770 2214 3833; x_wconf 78' lang='lat' dir='ltr'><strong>Crispum,</strong></span> <span class='ocrx_word' id='word_1_613' title='bbox 2247 3766 3052 3833; x_wconf 81' lang='lat' dir='ltr'><strong>Constantium,__Coustantinum,</strong></span> <span class='ocrx_word' id='word_1_614' title='bbox 3105 3766 3444 3833; x_wconf 72' lang='lat' dir='ltr'><strong>Constantem,</strong></span> <span class='ocrx_word' id='word_1_615' title='bbox 3491 3768 3547 3815; x_wconf 87' lang='lat' dir='ltr'><strong>et</strong></span> 
     </span>
    </p>
   </div>
   <div class='ocr_carea' id='block_1_97' title="bbox 2617 3826 3526 3891">
    <p class='ocr_par' dir='ltr' id='par_1_97' title="bbox 2617 3826 3526 3891">
     <span class='ocr_line' id='line_1_97' title="bbox 2617 3826 3526 3891; baseline -0.003 -12"><span class='ocrx_word' id='word_1_616' title='bbox 2617 3828 2865 3879; x_wconf 82' lang='lat' dir='ltr'><strong>Helenam</strong></span> <span class='ocrx_word' id='word_1_617' title='bbox 2889 3841 3098 3878; x_wconf 82' lang='lat' dir='ltr'><strong>uxorem</strong></span> <span class='ocrx_word' id='word_1_618' title='bbox 3121 3826 3306 3878; x_wconf 84' lang='lat' dir='ltr'><strong>Juliani</strong></span> <span class='ocrx_word' id='word_1_619' title='bbox 3340 3826 3526 3891; x_wconf 63' lang='lat' dir='ltr'><strong>refuga)</strong></span> 
     </span>
    </p>
   </div>
   <div class='ocr_carea' id='block_1_98' title="bbox 2040 3931 3543 4016">
    <p class='ocr_par' dir='ltr' id='par_1_98' title="bbox 2040 3931 3543 4016">
     <span class='ocr_line' id='line_1_98' title="bbox 2040 3931 3543 4016; baseline -0.003 -25"><span class='ocrx_word' id='word_1_620' title='bbox 2040 3934 2225 3991; x_wconf 88' lang='lat' dir='ltr'><strong>Mundi</strong></span> <span class='ocrx_word' id='word_1_621' title='bbox 2247 3951 2394 4016; x_wconf 80' lang='lat' dir='ltr'><strong>anno</strong></span> <span class='ocrx_word' id='word_1_622' title='bbox 2414 3933 2577 3999; x_wconf 81' lang='lat' dir='ltr'><strong>58l5,</strong></span> <span class='ocrx_word' id='word_1_623' title='bbox 2600 3933 2799 3988; x_wconf 68' lang='lat' dir='ltr'><strong>divinae</strong></span> <span class='ocrx_word' id='word_1_624' title='bbox 2831 3932 3227 3987; x_wconf 88' lang='lat' dir='ltr'><strong>incarnationis</strong></span> <span class='ocrx_word' id='word_1_625' title='bbox 3254 3948 3400 3986; x_wconf 85' lang='lat' dir='ltr'><strong>anno</strong></span> <span class='ocrx_word' id='word_1_626' title='bbox 3418 3931 3543 3998; x_wconf 76' lang='lat'><strong>5|5,</strong></span> 
     </span>
    </p>
   </div>
   <div class='ocr_carea' id='block_1_99' title="bbox 1968 4023 3548 4095">
    <p class='ocr_par' dir='ltr' id='par_1_99' title="bbox 1968 4023 3548 4095">
     <span class='ocr_line' id='line_1_99' title="bbox 1968 4023 3548 4095; baseline -0.003 -12"><span class='ocrx_word' id='word_1_627' title='bbox 1968 4043 2171 4083; x_wconf 90' lang='lat' dir='ltr'><strong>nouum</strong></span> <span class='ocrx_word' id='word_1_628' title='bbox 2197 4028 2472 4083; x_wconf 88' lang='lat' dir='ltr'><strong>decimum</strong></span> <span class='ocrx_word' id='word_1_629' title='bbox 2501 4027 2717 4095; x_wconf 88' lang='lat' dir='ltr'><strong>imperii</strong></span> <span class='ocrx_word' id='word_1_630' title='bbox 2753 4027 2837 4080; x_wconf 89' lang='lat' dir='ltr'><strong>sui</strong></span> <span class='ocrx_word' id='word_1_631' title='bbox 2873 4041 3079 4080; x_wconf 87' lang='lat' dir='ltr'><strong>annum</strong></span> <span class='ocrx_word' id='word_1_632' title='bbox 3113 4025 3235 4095; x_wconf 91' lang='lat' dir='ltr'><strong>pius</strong></span> <span class='ocrx_word' id='word_1_633' title='bbox 3272 4023 3548 4080; x_wconf 83' lang='lat' dir='ltr'><strong>Constan-</strong></span> 
     </span>
    </p>
   </div>
   <div class='ocr_carea' id='block_1_100' title="bbox 1967 4116 3547 4190">
    <p class='ocr_par' dir='ltr' id='par_1_100' title="bbox 1967 4116 3547 4190">
     <span class='ocr_line' id='line_1_100' title="bbox 1967 4116 3547 4190; baseline -0.003 -14"><span class='ocrx_word' id='word_1_634' title='bbox 1967 4122 2115 4176; x_wconf 87' lang='lat' dir='ltr'><strong>tinus</strong></span> <span class='ocrx_word' id='word_1_635' title='bbox 2158 4121 2398 4190; x_wconf 82' lang='lat' dir='ltr'><strong>agebat;</strong></span> <span class='ocrx_word' id='word_1_636' title='bbox 2455 4119 2548 4189; x_wconf 88' lang='lat' dir='ltr'><strong>qui</strong></span> <span class='ocrx_word' id='word_1_637' title='bbox 2601 4118 2793 4174; x_wconf 89' lang='lat' dir='ltr'><strong>videus</strong></span> <span class='ocrx_word' id='word_1_638' title='bbox 2844 4116 3113 4172; x_wconf 91' lang='lat' dir='ltr'><strong>Licinium</strong></span> <span class='ocrx_word' id='word_1_639' title='bbox 3170 4116 3547 4187; x_wconf 79' lang='lat' dir='ltr'><strong>persecutione</strong></span> 
     </span>
    </p>
   </div>
   <div class='ocr_carea' id='block_1_101' title="bbox 1966 4209 3542 4269">
    <p class='ocr_par' dir='ltr' id='par_1_101' title="bbox 1966 4209 3542 4269">
     <span class='ocr_line' id='line_1_101' title="bbox 1966 4209 3542 4269; baseline -0.004 0"><span class='ocrx_word' id='word_1_640' title='bbox 1966 4214 2131 4269; x_wconf 85' lang='lat' dir='ltr'><strong>solito</strong></span> <span class='ocrx_word' id='word_1_641' title='bbox 2160 4214 2410 4269; x_wconf 82' lang='lat' dir='ltr'><strong>insanius</strong></span> <span class='ocrx_word' id='word_1_642' title='bbox 2458 4214 2775 4266; x_wconf 88' lang='lat' dir='ltr'><strong>ahuteutem</strong></span> <span class='ocrx_word' id='word_1_643' title='bbox 2808 4221 2861 4266; x_wconf 90' lang='lat' dir='ltr'><strong>et</strong></span> <span class='ocrx_word' id='word_1_644' title='bbox 2896 4220 3086 4266; x_wconf 87' lang='lat' dir='ltr'><strong>cont-ra</strong></span> <span class='ocrx_word' id='word_1_645' title='bbox 3138 4209 3542 4264; x_wconf 87' lang='lat' dir='ltr'><strong>benefactorem</strong></span> 
     </span>
    </p>
   </div>
   <div class='ocr_carea' id='block_1_102' title="bbox 1965 4302 3541 4370">
    <p class='ocr_par' dir='ltr' id='par_1_102' title="bbox 1965 4302 3541 4370">
     <span class='ocr_line' id='line_1_102' title="bbox 1965 4302 3541 4370; baseline -0.004 -9"><span class='ocrx_word' id='word_1_646' title='bbox 1965 4306 2255 4361; x_wconf 89' lang='lat' dir='ltr'><strong>consilium</strong></span> <span class='ocrx_word' id='word_1_647' title='bbox 2284 4305 2664 4370; x_wconf 84' lang='lat' dir='ltr'><strong>meditantem,</strong></span> <span class='ocrx_word' id='word_1_648' title='bbox 2707 4312 2956 4358; x_wconf 88' lang='lat' dir='ltr'><strong>armatur</strong></span> <span class='ocrx_word' id='word_1_649' title='bbox 2995 4302 3259 4357; x_wconf 89' lang='lat' dir='ltr'><strong>adversus</strong></span> <span class='ocrx_word' id='word_1_650' title='bbox 3295 4316 3420 4356; x_wconf 87' lang='lat' dir='ltr'><strong>eum</strong></span> <span class='ocrx_word' id='word_1_651' title='bbox 3444 4316 3541 4370; x_wconf 81' lang='lat' dir='ltr'><strong>per</strong></span> 
     </span>
    </p>
   </div>
   <div class='ocr_carea' id='block_1_103' title="bbox 1966 4394 3541 4467">
    <p class='ocr_par' dir='ltr' id='par_1_103' title="bbox 1966 4394 3541 4467">
     <span class='ocr_line' id='line_1_103' title="bbox 1966 4394 3541 4467; baseline -0.004 -15"><span class='ocrx_word' id='word_1_652' title='bbox 1966 4399 2169 4452; x_wconf 89' lang='lat' dir='ltr'><strong>siccam</strong></span> <span class='ocrx_word' id='word_1_653' title='bbox 2204 4397 2282 4467; x_wconf 74' lang='lat'><strong>(3)</strong></span> <span class='ocrx_word' id='word_1_654' title='bbox 2334 4404 2391 4452; x_wconf 91' lang='lat' dir='ltr'><strong>et</strong></span> <span class='ocrx_word' id='word_1_655' title='bbox 2436 4411 2606 4451; x_wconf 89' lang='lat' dir='ltr'><strong>mare.</strong></span> <span class='ocrx_word' id='word_1_656' title='bbox 2662 4395 2908 4465; x_wconf 88' lang='lat' dir='ltr'><strong>Cumque</strong></span> <span class='ocrx_word' id='word_1_657' title='bbox 2963 4394 3240 4464; x_wconf 84' lang='lat' dir='ltr'><strong>publicum</strong></span> <span class='ocrx_word' id='word_1_658' title='bbox 3294 4394 3541 4463; x_wconf 75' lang='lat' dir='ltr'><strong>przelium</strong></span> 
     </span>
    </p>
   </div>
   <div class='ocr_carea' id='block_1_104' title="bbox 1971 4478 3544 4561">
    <p class='ocr_par' dir='ltr' id='par_1_104' title="bbox 1971 4478 3544 4561">
     <span class='ocr_line' id='line_1_104' title="bbox 1971 4478 3544 4561; baseline -0.003 -18"><span class='ocrx_word' id='word_1_659' title='bbox 1971 4499 2246 4561; x_wconf 76' lang='lat' dir='ltr'><strong>ageretur,</strong></span> <span class='ocrx_word' id='word_1_660' title='bbox 2269 4487 2428 4543; x_wconf 79' lang='lat' dir='ltr'><strong>vivus</strong></span> <span class='ocrx_word' id='word_1_661' title='bbox 2458 4487 2707 4542; x_wconf 84' lang='lat' dir='ltr'><strong>Licinius</strong></span> <span class='ocrx_word' id='word_1_662' title='bbox 2735 4488 2789 4541; x_wconf 91' lang='lat' dir='ltr'><strong>in</strong></span> <span class='ocrx_word' id='word_1_663' title='bbox 2822 4478 3267 4558; x_wconf 25' lang='lat' dir='ltr'><strong>Bithynia‘penes</strong></span> <span class='ocrx_word' id='word_1_664' title='bbox 3304 4485 3544 4557; x_wconf 79' lang='lat' dir='ltr'><strong>Chryso-</strong></span> 
     </span>
    </p>
   </div>
   <div class='ocr_carea' id='block_1_105' title="bbox 1892 4555 3542 4653">
    <p class='ocr_par' dir='ltr' id='par_1_105' title="bbox 1892 4555 3542 4653">
     <span class='ocr_line' id='line_1_105' title="bbox 1892 4555 3542 4653; baseline -0.004 -18"><span class='ocrx_word' id='word_1_665' title='bbox 1892 4555 1936 4611; x_wconf 71' lang='grc' dir='ltr'><strong>θ</strong></span> <span class='ocrx_word' id='word_1_666' title='bbox 1968 4555 2131 4653; x_wconf 76' lang='lat' dir='ltr'><strong>polim</strong></span> <span class='ocrx_word' id='word_1_667' title='bbox 2165 4580 2657 4651; x_wconf 86' lang='lat' dir='ltr'><strong>comprehenditur</strong></span> <span class='ocrx_word' id='word_1_668' title='bbox 2678 4588 2731 4634; x_wconf 86' lang='lat' dir='ltr'><strong>et</strong></span> <span class='ocrx_word' id='word_1_669' title='bbox 2756 4555 3116 4635; x_wconf 80' lang='lat' dir='ltr'><strong>Constantini</strong></span> <span class='ocrx_word' id='word_1_670' title='bbox 3138 4578 3391 4632; x_wconf 86' lang='lat' dir='ltr'><strong>manibus</strong></span> <span class='ocrx_word' id='word_1_671' title='bbox 3420 4555 3542 4631; x_wconf 16' lang='lat' dir='ltr'><strong>Vtra-</strong></span> 
     </span>
    </p>
   </div>
   <div class='ocr_carea' id='block_1_106' title="bbox 1963 4667 3541 4742">
    <p class='ocr_par' dir='ltr' id='par_1_106' title="bbox 1963 4667 3541 4742">
     <span class='ocr_line' id='line_1_106' title="bbox 1963 4667 3541 4742; baseline -0.005 -14"><span class='ocrx_word' id='word_1_672' title='bbox 1963 4673 2135 4737; x_wconf 90' lang='lat' dir='ltr'><strong>ditur,</strong></span> <span class='ocrx_word' id='word_1_673' title='bbox 2165 4674 2259 4742; x_wconf 90' lang='lat' dir='ltr'><strong>qui</strong></span> <span class='ocrx_word' id='word_1_674' title='bbox 2289 4680 2551 4728; x_wconf 86' lang='lat' dir='ltr'><strong>consueta</strong></span> <span class='ocrx_word' id='word_1_675' title='bbox 2584 4671 2923 4725; x_wconf 88' lang='lat' dir='ltr'><strong>humanitate</strong></span> <span class='ocrx_word' id='word_1_676' title='bbox 2965 4685 3099 4725; x_wconf 91' lang='lat' dir='ltr'><strong>usus</strong></span> <span class='ocrx_word' id='word_1_677' title='bbox 3126 4670 3174 4723; x_wconf 88' lang='lat' dir='ltr'><strong>ei</strong></span> <span class='ocrx_word' id='word_1_678' title='bbox 3206 4670 3315 4723; x_wconf 90' lang='lat' dir='ltr'><strong>vita</strong></span> <span class='ocrx_word' id='word_1_679' title='bbox 3342 4667 3541 4721; x_wconf 87' lang='lat' dir='ltr'><strong>donata</strong></span> 
     </span>
    </p>
   </div>
   <div class='ocr_carea' id='block_1_107' title="bbox 1961 4759 3540 4831">
    <p class='ocr_par' dir='ltr' id='par_1_107' title="bbox 1961 4759 3540 4831">
     <span class='ocr_line' id='line_1_107' title="bbox 1961 4759 3540 4831; baseline -0.004 -10"><span class='ocrx_word' id='word_1_680' title='bbox 1961 4764 2414 4821; x_wconf 88' lang='lat' dir='ltr'><strong>Thessalonicam</strong></span> <span class='ocrx_word' id='word_1_681' title='bbox 2443 4765 2607 4819; x_wconf 92' lang='lat' dir='ltr'><strong>mittit</strong></span> <span class='ocrx_word' id='word_1_682' title='bbox 2632 4763 2840 4818; x_wconf 89' lang='lat' dir='ltr'><strong>carceri</strong></span> <span class='ocrx_word' id='word_1_683' title='bbox 2866 4763 3310 4831; x_wconf 89' lang='lat' dir='ltr'><strong>mancipaudum.</strong></span> <span class='ocrx_word' id='word_1_684' title='bbox 3342 4759 3540 4814; x_wconf 81' lang='lat' dir='ltr'><strong>Verum</strong></span> 
     </span>
    </p>
   </div>
   <div class='ocr_carea' id='block_1_108' title="bbox 1960 4851 3543 4927">
    <p class='ocr_par' dir='ltr' id='par_1_108' title="bbox 1960 4851 3543 4927">
     <span class='ocr_line' id='line_1_108' title="bbox 1960 4851 3543 4927; baseline -0.006 -12"><span class='ocrx_word' id='word_1_685' title='bbox 1960 4876 2070 4915; x_wconf 88' lang='lat' dir='ltr'><strong>non</strong></span> <span class='ocrx_word' id='word_1_686' title='bbox 2114 4860 2283 4914; x_wconf 89' lang='lat' dir='ltr'><strong>multo</strong></span> <span class='ocrx_word' id='word_1_687' title='bbox 2314 4866 2438 4927; x_wconf 90' lang='lat' dir='ltr'><strong>post</strong></span> <span class='ocrx_word' id='word_1_688' title='bbox 2486 4856 2737 4911; x_wconf 90' lang='lat' dir='ltr'><strong>barbaris</strong></span> <span class='ocrx_word' id='word_1_689' title='bbox 2773 4854 3023 4909; x_wconf 90' lang='lat' dir='ltr'><strong>mercede</strong></span> <span class='ocrx_word' id='word_1_690' title='bbox 3054 4853 3343 4907; x_wconf 84' lang='lat' dir='ltr'><strong>conductis</strong></span> <span class='ocrx_word' id='word_1_691' title='bbox 3391 4851 3543 4906; x_wconf 84' lang='lat' dir='ltr'><strong>futu—</strong></span> 
     </span>
    </p>
   </div>
   <div class='ocr_carea' id='block_1_109' title="bbox 1962 4943 3543 5017">
    <p class='ocr_par' dir='ltr' id='par_1_109' title="bbox 1962 4943 3543 5017">
     <span class='ocr_line' id='line_1_109' title="bbox 1962 4943 3543 5017; baseline -0.006 -11"><span class='ocrx_word' id='word_1_692' title='bbox 1962 4968 2083 5007; x_wconf 89' lang='lat' dir='ltr'><strong>rum</strong></span> <span class='ocrx_word' id='word_1_693' title='bbox 2112 4962 2231 5006; x_wconf 88' lang='lat' dir='ltr'><strong>erat</strong></span> <span class='ocrx_word' id='word_1_694' title='bbox 2265 4960 2325 5005; x_wconf 93' lang='lat' dir='ltr'><strong>ut</strong></span> <span class='ocrx_word' id='word_1_695' title='bbox 2357 4949 2708 5005; x_wconf 86' lang='lat' dir='ltr'><strong>rebellionem</strong></span> <span class='ocrx_word' id='word_1_696' title='bbox 2737 4954 2977 5017; x_wconf 88' lang='lat' dir='ltr'><strong>pararet,</strong></span> <span class='ocrx_word' id='word_1_697' title='bbox 3016 4946 3122 5002; x_wconf 91' lang='lat' dir='ltr'><strong>nisi</strong></span> <span class='ocrx_word' id='word_1_698' title='bbox 3158 4946 3261 5000; x_wconf 91' lang='lat' dir='ltr'><strong>hoc</strong></span> <span class='ocrx_word' id='word_1_699' title='bbox 3314 4943 3543 4999; x_wconf 90' lang='lat' dir='ltr'><strong>mitissi-</strong></span> 
     </span>
    </p>
   </div>
   <div class='ocr_carea' id='block_1_110' title="bbox 1966 5037 3540 5114">
    <p class='ocr_par' dir='ltr' id='par_1_110' title="bbox 1966 5037 3540 5114">
     <span class='ocr_line' id='line_1_110' title="bbox 1966 5037 3540 5114; baseline -0.006 -13"><span class='ocrx_word' id='word_1_700' title='bbox 1966 5063 2091 5101; x_wconf 88' lang='lat' dir='ltr'><strong>mus</strong></span> <span class='ocrx_word' id='word_1_701' title='bbox 2123 5045 2519 5102; x_wconf 87' lang='lat' dir='ltr'><strong>Constantinus</strong></span> <span class='ocrx_word' id='word_1_702' title='bbox 2570 5055 2921 5114; x_wconf 66' lang='lat' dir='ltr'><strong>praenoscens</strong></span> <span class='ocrx_word' id='word_1_703' title='bbox 2956 5039 3139 5109; x_wconf 89' lang='lat' dir='ltr'><strong>gladio</strong></span> <span class='ocrx_word' id='word_1_704' title='bbox 3191 5038 3339 5093; x_wconf 90' lang='lat' dir='ltr'><strong>hunc</strong></span> <span class='ocrx_word' id='word_1_705' title='bbox 3372 5037 3540 5092; x_wconf 83' lang='lat' dir='ltr'><strong>recidi</strong></span> 
     </span>
    </p>
   </div>
   <div class='ocr_carea' id='block_1_111' title="bbox 1959 5130 3542 5209">
    <p class='ocr_par' dir='ltr' id='par_1_111' title="bbox 1959 5130 3542 5209">
     <span class='ocr_line' id='line_1_111' title="bbox 1959 5130 3542 5209; baseline -0.008 -15"><span class='ocrx_word' id='word_1_706' title='bbox 1959 5139 2238 5209; x_wconf 70' lang='lat' dir='ltr'><strong>iussisset.</strong></span> <span class='ocrx_word' id='word_1_707' title='bbox 2276 5138 2340 5192; x_wconf 85' lang='lat' dir='ltr'><strong>Et</strong></span> <span class='ocrx_word' id='word_1_708' title='bbox 2369 5137 2448 5191; x_wconf 91' lang='lat' dir='ltr'><strong>sic</strong></span> <span class='ocrx_word' id='word_1_709' title='bbox 2472 5137 2538 5191; x_wconf 91' lang='lat' dir='ltr'><strong>de</strong></span> <span class='ocrx_word' id='word_1_710' title='bbox 2572 5144 2772 5190; x_wconf 65' lang='lat' dir='ltr'><strong>caetero</strong></span> <span class='ocrx_word' id='word_1_711' title='bbox 2796 5130 3036 5204; x_wconf 79' lang='lat' dir='ltr'><strong>perfecta</strong></span> <span class='ocrx_word' id='word_1_712' title='bbox 3069 5132 3207 5185; x_wconf 87' lang='lat' dir='ltr'><strong>freta</strong></span> <span class='ocrx_word' id='word_1_713' title='bbox 3230 5136 3361 5187; x_wconf 89' lang='lat' dir='ltr'><strong>sunt</strong></span> <span class='ocrx_word' id='word_1_714' title='bbox 3389 5138 3542 5183; x_wconf 84' lang='lat' dir='ltr'><strong>tran-</strong></span> 
     </span>
    </p>
   </div>
   <div class='ocr_carea' id='block_1_112' title="bbox 1964 5223 3538 5303">
    <p class='ocr_par' dir='ltr' id='par_1_112' title="bbox 1964 5223 3538 5303">
     <span class='ocr_line' id='line_1_112' title="bbox 1964 5223 3538 5303; baseline -0.007 -18"><span class='ocrx_word' id='word_1_715' title='bbox 1964 5232 2234 5303; x_wconf 84' lang='lat' dir='ltr'><strong>quillitate</strong></span> <span class='ocrx_word' id='word_1_716' title='bbox 2292 5229 2732 5286; x_wconf 87' lang='lat' dir='ltr'><strong>Christianorum</strong></span> <span class='ocrx_word' id='word_1_717' title='bbox 2813 5223 3249 5281; x_wconf 84' lang='lat' dir='ltr'><strong>conversationis</strong></span> <span class='ocrx_word' id='word_1_718' title='bbox 3302 5223 3538 5289; x_wconf 88' lang='lat' dir='ltr'><strong>negotia,</strong></span> 
     </span>
    </p>
   </div>
   <div class='ocr_carea' id='block_1_113' title="bbox 1964 5315 3544 5396">
    <p class='ocr_par' dir='ltr' id='par_1_113' title="bbox 1964 5315 3544 5396">
     <span class='ocr_line' id='line_1_113' title="bbox 1964 5315 3544 5396; baseline -0.007 -16"><span class='ocrx_word' id='word_1_719' title='bbox 1964 5341 2059 5396; x_wconf 84' lang='lat' dir='ltr'><strong>per</strong></span> <span class='ocrx_word' id='word_1_720' title='bbox 2093 5325 2350 5378; x_wconf 86' lang='lat' dir='ltr'><strong>virtutem</strong></span> <span class='ocrx_word' id='word_1_721' title='bbox 2390 5321 2600 5377; x_wconf 89' lang='lat' dir='ltr'><strong>scilicet</strong></span> <span class='ocrx_word' id='word_1_722' title='bbox 2628 5319 2863 5373; x_wconf 83' lang='lat' dir='ltr'><strong>viviilcae</strong></span> <span class='ocrx_word' id='word_1_723' title='bbox 2899 5318 3084 5372; x_wconf 87' lang='lat' dir='ltr'><strong>crucis</strong></span> <span class='ocrx_word' id='word_1_724' title='bbox 3118 5315 3325 5385; x_wconf 83' lang='lat' dir='ltr'><strong>fugatis</strong></span> <span class='ocrx_word' id='word_1_725' title='bbox 3356 5323 3544 5385; x_wconf 81' lang='lat' dir='ltr'><strong>tyran-</strong></span> 
     </span>
    </p>
   </div>
   <div class='ocr_carea' id='block_1_114' title="bbox 1964 5407 3540 5488">
    <p class='ocr_par' dir='ltr' id='par_1_114' title="bbox 1964 5407 3540 5488">
     <span class='ocr_line' id='line_1_114' title="bbox 1964 5407 3540 5488; baseline -0.005 -16"><span class='ocrx_word' id='word_1_726' title='bbox 1964 5420 2093 5482; x_wconf 83' lang='lat' dir='ltr'><strong>nis,</strong></span> <span class='ocrx_word' id='word_1_727' title='bbox 2147 5427 2203 5471; x_wconf 89' lang='lat' dir='ltr'><strong>et</strong></span> <span class='ocrx_word' id='word_1_728' title='bbox 2261 5416 2618 5488; x_wconf 88' lang='lat' dir='ltr'><strong>singulariter</strong></span> <span class='ocrx_word' id='word_1_729' title='bbox 2676 5413 2963 5469; x_wconf 87' lang='lat' dir='ltr'><strong>obtinente</strong></span> <span class='ocrx_word' id='word_1_730' title='bbox 3016 5411 3285 5467; x_wconf 88' lang='lat' dir='ltr'><strong>divinitus</strong></span> <span class='ocrx_word' id='word_1_731' title='bbox 3349 5407 3540 5479; x_wconf 85' lang='lat' dir='ltr'><strong>adjuto</strong></span> 
     </span>
    </p>
   </div>
   <div class='ocr_carea' id='block_1_115' title="bbox 1956 5500 3544 5575">
    <p class='ocr_par' dir='ltr' id='par_1_115' title="bbox 1956 5500 3544 5575">
     <span class='ocr_line' id='line_1_115' title="bbox 1956 5500 3544 5575; baseline -0.008 -11"><span class='ocrx_word' id='word_1_732' title='bbox 1956 5508 2322 5564; x_wconf 83' lang='lat' dir='ltr'><strong>Constantino</strong></span> <span class='ocrx_word' id='word_1_733' title='bbox 2354 5508 2655 5562; x_wconf 80' lang='lat' dir='ltr'><strong>Romanum</strong></span> <span class='ocrx_word' id='word_1_734' title='bbox 2692 5505 3006 5575; x_wconf 86' lang='lat' dir='ltr'><strong>imperium.</strong></span> <span class='ocrx_word' id='word_1_735' title='bbox 3042 5500 3381 5559; x_wconf 89' lang='lat' dir='ltr'><strong>Constitutis</strong></span> <span class='ocrx_word' id='word_1_736' title='bbox 3412 5512 3544 5569; x_wconf 86' lang='lat' dir='ltr'><strong>ergo</strong></span> 
     </span>
    </p>
   </div>
   <div class='ocr_carea' id='block_1_116' title="bbox 1956 5585 3544 5669">
    <p class='ocr_par' dir='ltr' id='par_1_116' title="bbox 1956 5585 3544 5669">
     <span class='ocr_line' id='line_1_116' title="bbox 1956 5585 3544 5669; baseline -0.006 -17"><span class='ocrx_word' id='word_1_737' title='bbox 1956 5598 2141 5669; x_wconf 88' lang='lat' dir='ltr'><strong>pueris</strong></span> <span class='ocrx_word' id='word_1_738' title='bbox 2169 5597 2285 5651; x_wconf 87' lang='lat' dir='ltr'><strong>suis</strong></span> <span class='ocrx_word' id='word_1_739' title='bbox 2304 5595 2622 5651; x_wconf 69' lang='lat' dir='ltr'><strong>Caesaribus</strong></span> <span class='ocrx_word' id='word_1_740' title='bbox 2653 5600 2841 5662; x_wconf 88' lang='lat' dir='ltr'><strong>optata</strong></span> <span class='ocrx_word' id='word_1_741' title='bbox 2863 5607 2996 5663; x_wconf 90' lang='lat' dir='ltr'><strong>pace</strong></span> <span class='ocrx_word' id='word_1_742' title='bbox 3028 5591 3237 5660; x_wconf 90' lang='lat' dir='ltr'><strong>potitus</strong></span> <span class='ocrx_word' id='word_1_743' title='bbox 3270 5596 3376 5644; x_wconf 89' lang='lat' dir='ltr'><strong>est.</strong></span> <span class='ocrx_word' id='word_1_744' title='bbox 3406 5585 3544 5643; x_wconf 82' lang='lat' dir='ltr'><strong>Erat</strong></span> 
     </span>
    </p>
   </div>
   <div class='ocr_carea' id='block_1_117' title="bbox 1958 5678 3540 5759">
    <p class='ocr_par' dir='ltr' id='par_1_117' title="bbox 1958 5678 3540 5759">
     <span class='ocr_line' id='line_1_117' title="bbox 1958 5678 3540 5759; baseline -0.005 -16"><span class='ocrx_word' id='word_1_745' title='bbox 1958 5698 2138 5745; x_wconf 89' lang='lat' dir='ltr'><strong>autem</strong></span> <span class='ocrx_word' id='word_1_746' title='bbox 2174 5688 2257 5744; x_wconf 87' lang='lat' dir='ltr'><strong>vir</strong></span> <span class='ocrx_word' id='word_1_747' title='bbox 2294 5703 2388 5759; x_wconf 88' lang='lat' dir='ltr'><strong>per</strong></span> <span class='ocrx_word' id='word_1_748' title='bbox 2424 5686 2609 5744; x_wconf 90' lang='lat' dir='ltr'><strong>omnia</strong></span> <span class='ocrx_word' id='word_1_749' title='bbox 2652 5684 2836 5741; x_wconf 90' lang='lat' dir='ltr'><strong>clarus</strong></span> <span class='ocrx_word' id='word_1_750' title='bbox 2877 5683 2931 5738; x_wconf 93' lang='lat' dir='ltr'><strong>in</strong></span> <span class='ocrx_word' id='word_1_751' title='bbox 2980 5682 3180 5739; x_wconf 82' lang='lat' dir='ltr'><strong>virtute</strong></span> <span class='ocrx_word' id='word_1_752' title='bbox 3215 5680 3435 5748; x_wconf 66' lang='lat' dir='ltr'><strong>animae,</strong></span> <span class='ocrx_word' id='word_1_753' title='bbox 3481 5678 3540 5735; x_wconf 83' lang='lat' dir='ltr'><strong>in</strong></span> 
     </span>
    </p>
   </div>
   <div class='ocr_carea' id='block_1_118' title="bbox 355 5782 1881 5951">
    <p class='ocr_par' dir='ltr' id='par_1_118' title="bbox 355 5783 1881 5949">
     <span class='ocr_line' id='line_1_118' title="bbox 1802 5783 1881 5839; baseline 0 0"><span class='ocrx_word' id='word_1_754' title='bbox 1802 5783 1881 5839; x_wconf 73' lang='grc' dir='ltr'><strong>ΝΟ</strong></span> 
     </span>
     <span class='ocr_line' id='line_1_119' title="bbox 355 5865 1881 5949; baseline 0.009 -29"><span class='ocrx_word' id='word_1_755' title='bbox 355 5866 434 5936; x_wconf 75' lang='lat' dir='ltr'><strong>(Ii)</strong></span> <span class='ocrx_word' id='word_1_756' title='bbox 468 5865 625 5925; x_wconf 80' lang='lat' dir='ltr'><strong>Sicca</strong></span> <span class='ocrx_word' id='word_1_757' title='bbox 662 5868 778 5926; x_wconf 69' lang='lat' dir='ltr'><strong>sive</strong></span> <span class='ocrx_word' id='word_1_758' title='bbox 819 5871 972 5926; x_wconf 85' lang='lat' dir='ltr'><strong>arida</strong></span> <span class='ocrx_word' id='word_1_759' title='bbox 1023 5888 1123 5945; x_wconf 88' lang='lat' dir='ltr'><strong>pro</strong></span> <span class='ocrx_word' id='word_1_760' title='bbox 1146 5879 1315 5941; x_wconf 83' lang='lat' dir='ltr'><strong>terra,</strong></span> <span class='ocrx_word' id='word_1_761' title='bbox 1348 5883 1409 5930; x_wconf 89' lang='lat' dir='ltr'><strong>ut</strong></span> <span class='ocrx_word' id='word_1_762' title='bbox 1434 5876 1644 5949; x_wconf 85' lang='lat' dir='ltr'><strong>psalmo</strong></span> <span class='ocrx_word' id='word_1_763' title='bbox 1677 5892 1795 5934; x_wconf 82' lang='lat' dir='ltr'><strong>xciv</strong></span> <span class='ocrx_word' id='word_1_764' title='bbox 1825 5898 1837 5934; x_wconf 89' lang='lat'><strong>:</strong></span> <span class='ocrx_word' id='word_1_765' title='bbox 1877 5897 1881 5909; x_wconf 66' lang='grc' dir='ltr'><strong>ι</strong></span> 
     </span>
    </p>
   </div>
   <div class='ocr_carea' id='block_1_119' title="bbox 1964 5782 3144 5951">
    <p class='ocr_par' dir='ltr' id='par_1_119' title="bbox 1964 5782 3144 5950">
     <span class='ocr_line' id='line_1_120' title="bbox 1964 5782 3144 5950; baseline -0.006 -21"><span class='ocrx_word' id='word_1_766' title='bbox 1964 5782 2169 5950; x_wconf 45' lang='grc' dir='ltr'><strong>Ρέηρὰν</strong></span> <span class='ocrx_word' id='word_1_767' title='bbox 2203 5876 2260 5930; x_wconf 78' lang='grc' dir='ltr'>αἱ</span> <span class='ocrx_word' id='word_1_768' title='bbox 2286 5876 2466 5948; x_wconf 75' lang='grc' dir='ltr'><strong>χεῖρες</strong></span> <span class='ocrx_word' id='word_1_769' title='bbox 2488 5869 2655 5928; x_wconf 77' lang='grc' dir='ltr'><strong>αὐτοῦ</strong></span> <span class='ocrx_word' id='word_1_770' title='bbox 2683 5868 2944 5926; x_wconf 74' lang='grc' dir='ltr'><strong>ἔπλασαν.</strong></span> <span class='ocrx_word' id='word_1_771' title='bbox 2974 5867 3144 5924; x_wconf 67' lang='lat' dir='ltr'><strong>Fara.</strong></span> 
     </span>
    </p>
   </div>
  </div>
