4034 6298
545 441 675 507 1211

1655 451 2049 512 ANAS'I‘ASII
2095 425 2721 514 memoracula”

3664 445 3805 510 12k?

459 580 466 588 '
542 563 798 619 acumine
820 577 1039 626 sensus,
1065 561 1120 615 in
1155 564 1462 619 eruditione
1503 566 1814 631 verborum,
1853 570 1906 622 in
1940 569 2110 638 wqui-
2142 572 2190 631 Α
2219 566 2359 623 dona
2415 572 2665 641 largitus,
2726 569 3070 640 principibus
3113 566 3451 638 singularum
3511 567 3806 621 nationum

545 667 654 711 tate
686 657 939 727 iustitiae,
968 657 1033 710 'ln
1072 656 1353 712 alacritate
1397 658 1795 726 beneficentiae,
1841 661 1894 715 iu
1920 662 2118 717 decore

543 749 752 816 vultus,
783 750 837 803 in
877 749 1145 804 bellorum
1179 749 1438 806 virilitate
1469 767 1534 806 ac
1581 751 1863 816 felicitate,
1900 753 1954 807 in
1994 754 2120 806 bar-

546 841 747 898 baricis
802 856 1055 924 magnus,
1121 843 1173 895 in
1229 845 1633 901 eontribulibus
1690 844 2118 916 insuperabilis;

550 938 694 992 unde
736 945 789 991 et
839 948 1030 994 contra
1071 955 1269 995 omnes
1304 941 1488 996 hostes
1520 942 1803 996 victoriam
1858 941 2119 997 orationi-

549 1029 653 1084 bus
683 1031 985 1086 obtinebat.

621 1115 802 1175 Mundi
821 1137 965 1177 anno
991 1123 1153 1186 58l6,
1189 1124 1388 1178 divium
1415 1123 1972 1180 incarnationisauno
1996 1120 2122 1186 516,

547 1217 851 1271 vicennalia
907 1218 1118 1286 imperii
1152 1217 1598 1292 celebratagsunt
1632 1217 1977 1273 Constantini
2015 1217 2124 1269 Au-

549 1312 718 1380 gusti,
755 1318 808 1365 et
841 1311 981 1366 facta
1019 1321 1103 1367 est
1135 1324 1323 1366 sancta
1369 1320 1421 1367 et
1467 1312 1797 1366 universalis
1829 1309 2004 1381 prima
2034 1323 2126 1382 sy-

550 1407 730 1460 nodus
780 1405 883 1460 518
936 1405 1181 1469 Patrum,
1225 1418 1457 1476 quorum
1515 1407 1670 1461 multi
1733 1407 2122 1461 miraculorum

547 1506 710 1554 erant
743 1508 1046 1570 patratores
1072 1509 1125 1554 ct
1158 1501 1457 1572 coangelici
1490 1501 1612 1566 viri,
1648 1501 1900 1571 stigmata
1920 1499 2124 1555 Christi

551 1596 606 1649 in
639 1608 872 1666 corpore
903 1611 1001 1651 suo
1035 1593 1294 1652 ferentes.
1337 1589 1444 1650 Pro
1473 1594 1722 1650 Romano
1749 1605 1930 1650 autem
1969 1592 2127 1650 Vitus

550 1693 605 1742 et
635 1685 956 1744 Vincentius
992 1689 1241 1745 aderant.
1274 1689 1401 1744 Ητεο
1424 1698 1612 1744 sancta
1657 1688 1900 1760 synodus
1936 1687 2124 1742 Arium

549 1788 605 1836 et
660 1791 1068 1838 consentaneas
1117 1783 1237 1852 ejus
1282 1784 1554 1853 deposuit,
1615 1789 1842 1852 excepto
1892 1779 2128 1836 Eusebio

547 1873 844 1948 Pamphili,
871 1877 962 1946 qui
998 1877 1060 1931 ad
1089 1892 1330 1947 praesens
1365 1877 1632 1932 homousii
1666 1891 1725 1931 se
1751 1883 1938 1930 tenere
1971 1874 2126 1929 {idem

2224 663 2494 718 honorare
2554 663 2870 718 sacerdotes
2943 661 3311 731 pracipiebat,
3356 669 3409 716 et
3471 660 3545 713 ita
3607 675 3808 714 omnes

2223 756 2528 827 gaudentes
2551 757 2807 813 absolvit.
2841 756 3156 812 Aidificavit
3195 764 3376 811 autem
3404 753 3803 809 Constantino-

2222 849 2412 918 polim.
2442 866 2549 919 qua
2581 867 2794 904 summa
2837 850 3163 905 liberalitate
3190 848 3362 903 ditata
3411 847 3464 901 in
3493 845 3800 901 illustribus

2224 941 2481 997 domibus
2517 958 2611 997 eos
2642 943 2736 1012 qui
2774 943 2840 997 ab
2879 944 3015 997 urbe
3044 941 3217 996 Roma
3245 949 3402 996 erant
3425 940 3526 994 viri
3555 938 3803 992 rationa—

2226 1034 2362 1090 biles
2398 1036 2739 1096 collocavit;
2769 1044 2824 1091 et
2859 1051 2925 1090 ex
2961 1036 3086 1089 aliis
3115 1034 3248 1088 locis
3291 1032 3596 1088 secundum
3629 1043 3803 1101 genus

2226 1126 2452 1198 eligens,
2480 1138 2534 1182 et
2563 1132 2752 1184 domos
2800 1144 3033 1198 magnas
3073 1127 3152 1183 cis
3189 1126 3464 1191 tribuens,
3497 1133 3555 1179 ut
3587 1121 3807 1179 habita-

2228 1228 2380 1277 retur
2417 1224 2612 1278 cititas
2649 1223 2786 1294 egit.
2828 1223 2980 1278 Tunc
3015 1223 3178 1277 etiam
3210 1231 3262 1276 et
3301 1220 3563 1289 templum
3596 1225 3806 1272 sanctae

2228 1309 2448 1386 Sophia:
2480 1325 2534 1374 et
2564 1329 2768 1373 sanctae
2826 1317 2995 1372 lrena:
3050 1323 3104 1370 et
3146 1312 3516 1386 apostolorum
3548 1320 3602 1366 et
3628 1311 3810 1365 sancti

2228 1407 2383 1466 Mocii
2421 1420 2475 1466 et
2495 1411 2806 1481 archangeli
2833 1411 2927 1465 Dei
2962 1409 3174 1464 amicus
3207 1409 3464 1479 princeps
3489 1405 3804 1460 aediﬁcavit.

2225 1496 2385 1560 Tunc
2427 1501 2674 1560 funditus
2700 1505 2903 1574 templo
2950 1503 3184 1572 Asclepii
3231 1516 3400 1571 penes
3424 1498 3591 1568 Egas
3617 1511 3673 1554 et
3702 1495 3810 1552 Ve-

2231 1599 2385 1654 neris
2409 1594 2465 1654 in
2501 1599 2746 1670 Aphacis
2777 1601 2886 1654 sita
2917 1600 3224 1661 destructo,
3258 1606 3421 1663 atque
3450 1595 3572 1649 aliis
3617 1593 3811 1648 multis

2229 1692 2462 1755 eversis,
2526 1692 2724 1746 horum
2784 1691 2991 1747 reditus
3045 1691 3270 1746 donavit
3325 1689 3599 1744 ecclesiis.
3651 1685 3810 1740 Tunc

2232 1783 2415 1839 multae
2458 1784 2646 1854 gentes
2681 1784 2745 1837 ad
2803 1783 3136 1854 baptismum
3179 1796 3469 1836 accessere
3522 1777 3812 1833 miraculis

2231 1883 2387 1938 actae,
2414 1890 2535 1945 quae
2558 1883 2774 1944 patrata
2795 1884 2926 1928 sunt
2954 1889 2983 1926 a
3025 1872 3258 1942 captivis
3289 1869 3695 1937 sacerdotibus,
3715 1868 3813 1935 qui

548 1940 1083 2040 voce-prolitebatur.
1119 1970 1321 2040 Impius
1369 1970 1553 2039 itaque
1594 1970 1758 2024 Arius
1790 1985 1914 2024 cum
1948 1969 2001 2023 in
2032 1986 2127 2041 sy-
2162 1940 2452 2025 Bfuerant
2503 1940 2604 2024 sub
2670 1967 2898 2024 Galieno
2968 1940 3302 2037 imperatore
3380 1964 3676 2034 eaptivati;
3756 1971 3814 2016 et

547 2061 694 2116 nudo
719 2077 958 2132 praesens
987 2064 1368 2126 adduceretur,
1394 2061 1661 2118 Eusebius
1694 2062 2127 2118 Nicomediensis

549 2164 606 2212 ct
645 2154 924 2228 Theognis
949 2168 1003 2211 et
1031 2155 1199 2212 Maris
1225 2166 1278 2212 et
1315 2155 1605 2213 Narcissus
1639 2166 1692 2213 et
1732 2155 2126 2228 Theophautus

551 2257 607 2305 et
645 2243 995 2322 Patrophilus
1049 2252 1197 2307 hunc
1240 2251 1535 2308 defendere
1582 2251 1993 2317 moliebantur;
2033 2252 2126 2323 qui

551 2355 946 2416 componentes
1002 2343 1123 2400 fidei
1174 2346 1402 2402 verbum
1472 2346 1852 2418 biasphemum
1917 2347 2128 2418 synodo

470 2444 475 2448 ’
552 2451 868 2508 perrexere.
908 2437 1064 2508 Quod
1108 2456 1233 2495 cum
1286 2441 1567 2511 diruptum
1618 2451 1786 2505 esset,
1819 2441 1872 2495 hi
1913 2441 2005 2509 qui
2049 2441 2130 2495 fe-

553 2541 750 2587 Cerunt
780 2531 916 2589 illud
949 2533 1150 2591 reversi
1194 2534 1594 2589 damnaverunt
1636 2535 1856 2600 Arium,
1881 2535 2129 2605 exceptis

555 2619 809 2681 Secundo
843 2623 1163 2683 Ptolmaidis
1184 2619 1404 2698 Egypti
1430 2636 1483 2682 et
1512 2625 1735 2682 Theona
1761 2618 2129 2697 Marmaricae.

553 2719 767 2787 Quibus
817 2736 938 2775 cum
982 2721 1111 2775 Ario
1165 2717 1407 2790 repulsis
1451 2728 1505 2775 et
1548 2717 2127 2791 anat‘hematizatisﬂ)

554 2820 801 2865 sanctum
839 2810 1146 2882 symbolum
1193 2811 1314 2866 fidei
1362 2811 1659 2876 dictavere,
1717 2813 2129 2868 subscribentes

553 2916 744 2959 omnes
766 2921 887 2959 cum
922 2903 1696 2976 augustissimoimperatore;
1729 2917 1775 2961 et
1806 2907 1966 2962 laude
1983 2907 2128 2961 dicta

554 2999 773 3054 solutus
829 3009 913 3053 est
967 3009 1164 3063 ccetus,
1225 3015 1367 3054 anno
1421 3015 1530 3071 quo
1588 2999 1908 3071 Byzantium
1966 3001 2134 3070 coepit

553 3091 833 3146 aedificari.
875 3092 1157 3146 Celebrata
1200 3102 1284 3148 est
1342 3093 1507 3164 igitur
1547 3103 1738 3148 sancta
1774 3094 2018 3164 synodus
2050 3093 2132 3146 in—

552 3183 797 3239 dictione
828 3184 914 3248 12,
948 3199 1133 3240 mense
1157 3175 1323 3251 Maio,
1352 3185 1439 3239 die
1465 3184 1558 3248 20,
1591 3199 1712 3254 qum
1759 3183 1981 3254 scripsit
2013 3183 2131 3254 epi-

2232 2065 2385 2134 prius
2442 2062 2660 2132 quidem
2716 2079 2781 2118 ex
2846 2060 3039 2118 Gothis
3085 2069 3139 2116 et
3187 2059 3354 2114 Celtis
3400 2068 3565 2126 atque
3599 2055 3816 2111 Galatis

2231 2157 2619 2228 Hesperiarqu
2656 2158 2917 2226 partium,
2948 2155 3037 2223 qui
3066 2163 3257 2209 contra
3291 2152 3566 2206 Romanos
3590 2149 3820 2205 fuerant

2230 2249 2358 2313 nisi,
2415 2265 2560 2304 nunc
2604 2261 2784 2304 autem
2826 2257 2879 2304 et
2924 2249 3027 2303 sub
3059 2249 3266 2304 victore
3292 2244 3660 2300 Constantino
3691 2244 3815 2311 plu-

2231 2339 2367 2397 rima
2386 2345 2678 2400 multitudo
2695 2344 2940 2414 gentium
2970 2342 3279 2397 iliuminata
3317 2351 3405 2395 est
3428 2340 3494 2393 ad
3523 2337 3826 2394 Christum-

2230 2452 2592 2494 coucurrens.
2640 2438 2774 2493 Nam
2823 2446 2876 2492 et
2921 2437 3211 2492 interiores
3245 2432 3361 2490 indi
3397 2440 3451 2488 et
3489 2433 3697 2493 Iberes.
3729 2435 3824 2485 uti-

2232 2528 2466 2585 Rufinus
2496 2531 2709 2593 scribit,
2751 2529 3007 2586 similiter
3035 2538 3095 2583 et
3137 2527 3381 2582 Armenii
3429 2526 3671 2596 perfecte
3708 2525 3818 2581 sub

2232 2625 2354 2694 ipso
2383 2623 2757 2689 crediderunt,
2794 2638 2889 2692 per
2937 2617 3246 2676 Teridatem
3301 2634 3482 2688 regem
3513 2627 3568 2674 et
3597 2616 3811 2688 Grego-

2231 2717 2375 2772 rium
2409 2718 2731 2785 episcopum
2775 2731 2934 2771 suum
2980 2716 3213 2769 salutem
3261 2713 3620 2782 accipientes.
3655 2711 3817 2766 Tunc

2234 2821 2290 2869 et
2322 2803 2633 2864 Dorotheus
2680 2808 2977 2878 episcopus
3016 2806 3169 2878 Tyri,
3212 2806 3305 2875 qui
3351 2804 3522 2858 multa
3557 2802 3662 2859 sub
3695 2802 3826 2858 Dio:

2233 2898 2469 2961 cietiano
2515 2903 2656 2958 mala
2691 2917 2985 2972 perpessus
3028 2900 3191 2955 exilia
3227 2908 3281 2954 et
3320 2905 3587 2953 tormenta
3625 2907 3820 2967 pertu-

2234 3001 2392 3064 lerat,
2423 2998 2682 3068 pollebat,
2716 3012 3010 3052 numerosa
3045 2997 3249 3066 scripta
3285 2994 3582 3051 conficiens
3620 2993 3832 3048 Latina-

2235 3093 2482 3150 simulet
2512 3093 2726 3154 Graeca,
2769 3091 3059 3161 utriusque
3093 3090 3354 3144 nimirum
3405 3088 3667 3144 dictionis
3707 3103 3820 3142 non

2235 3189 2512 3245 modicam
2565 3185 2958 3257 experientiam
3013 3189 3368 3248 consecutus,
3409 3189 3462 3238 et
3515 3182 3834 3235 multarum

556 3280 752 3334 sto-lam
785 3281 836 3333 in
868 3276 1276 3346 Aieraudrlam,
1305 3274 1534 3350 Libyam
1564 3288 1619 3334 et
1647 3275 2012 3348 Pentapolim,
2039 3291 2133 3349 per
2158 3293 2204 3355 ς
2235 3297 2334 3353 per
2364 3281 2642 3351 ingenium
2677 3294 2862 3335 rerum
2893 3292 3103 3347 gnarus
3149 3275 3400 3332 effect-us.
3449 3270 3546 3329 llic
3575 3275 3824 3345 diligeno

527 3386 720 3434 uuam
775 3366 1015 3429 innotuit
1063 3367 1142 3443 (ὅ)
1195 3367 1517 3443 eiectionem
1578 3369 1734 3435 Arii,
1788 3372 2027 3426 Secundi
2076 3382 2131 3427 et

555 3464 813 3520 Theatra.
866 3463 1205 3535 Signiﬁcavit
1256 3473 1437 3520 autem
1483 3473 1538 3521 et
1595 3464 1662 3520 de
1700 3462 1952 3527 Meletio,
1985 3463 2130 3535 quod

557 3572 808 3613 seorsum
847 3557 901 3610 in
943 3558 1166 3612 civitate
1206 3557 1424 3627 propria
1472 3556 1675 3612 tacitus
1703 3555 1991 3612 resideret.
2024 3555 2134 3613 Eos

553 3665 690 3704 vero
716 3650 809 3718 qui
836 3650 904 3703 ab
945 3649 1064 3719 ipso
1105 3661 1301 3703 manus
1331 3648 1742 3720 impositionem
1777 3661 2128 3720 acceperant,

556 3741 732 3812 magis
764 3742 988 3813 mystica
1018 3742 1334 3797 sacratione
1363 3742 1680 3798 ﬁrmandos.
1706 3741 1942 3813 Scripsit
1965 3743 2129 3798 etiam

555 3835 626 3889 de
655 3832 886 3899 Pascha,
926 3831 985 3887 id
1011 3833 1243 3889 ulterius
1271 3846 1395 3888 cum
1441 3832 1646 3889 Judmis
1677 3834 1991 3892 nullatenus
2017 3833 2133 3891 elli-

556 3925 834 3991 cieudum,
882 3924 977 3981 sed
1016 3926 1318 3982 secundum
1374 3921 1606 3982 formam
1637 3943 1758 3994 qua:
1790 3943 1886 3998 per
1923 3925 2131 3984 Italiam

555 4017 887 4081 custoditur,
929 4016 983 4072 in
1017 4012 1296 4074 Dominica
1338 4012 1425 4075 die
1477 4021 1658 4089 putius
1705 4021 2130 4078 celebrandum.

557 4107 823 4162 Similiter
850 4116 902 4162 et
942 4108 1224 4178 piissimus
1260 4109 1554 4181 imperator
1579 4111 1863 4181 epistolas
1896 4112 2133 4184 scripsit

559 4200 766 4271 ubique
808 4199 1066 4272 iubentes
1108 4202 1294 4260 eadem
1329 4218 1447 4275 quae
1484 4211 1675 4260 sancta
1716 4202 1962 4276 synodus
2000 4219 2129 4274 pro-

560 4293 917 4365 mulgaverat,
970 4303 1023 4350 et
1073 4292 1375 4350 ﬁrmantes.
1426 4294 1692 4351 Praeterea
1742 4311 1866 4350 cum
1919 4294 2131 4367 imperii

558 4387 644 4442 sui
677 4385 948 4442 festivitas
991 4387 1295 4444 vicennalls
1341 4389 1590 4454 instaret,
1626 4405 1817 4447 omnes
1848 4391 2036 4448 Patres
2065 4393 2133 4448 ad

557 4480 871 4535 convivium
925 4487 1105 4544 vocat,
1163 4492 1286 4534 cum
1337 4480 1449 4536 illis
1503 4482 1710 4550 pariter
1773 4486 2133 4557 convivatus;

559 4585 702 4643 quos
761 4571 1021 4626 decenter
1075 4570 1356 4628 honorans
1413 4571 1708 4643 Paphnutii
1760 4583 1814 4631 et
1868 4577 2129 4634 'similium

2235 3383 2319 3430 ter
2371 3375 2536 3430 etiam
2611 3388 2776 3442 super
2823 3370 3093 3440 episcopis
3144 3368 3392 3441 Byzantii
3450 3383 3517 3423 ac
3575 3367 3822 3423 aliorum

2235 3465 2530 3521 multorum
2578 3465 2829 3520 locorum
2872 3462 3159 3517 historiam
3197 3462 3409 3517 texuit!
3439 3461 3531 3530 qui
3557 3469 3610 3516 et
3639 3459 3695 3515 in
3731 3475 3827 3531 sy-

2236 3558 2380 3613 nodo
2413 3565 2663 3628 repertus
2714 3564 2821 3622 est,
2859 3562 2913 3610 et
2947 3553 3014 3609 ad
3065 3553 3340 3623 pr0priam
3382 3551 3700 3623 parochiam
3741 3551 3832 3624 (6)7

2235 3663 2490 3706 remeans
2530 3647 2849 3719 perduravit
2900 3660 3075 3716 usque
3111 3644 3177 3699 ad
3232 3642 3477 3715 refugam
3510 3642 3836 3702 Julianume

2238 3743 2302 3798 Et
2326 3741 2585 3815 quoniam
2615 3756 2724 3796 non
2759 3738 3071 3802 manifeste,
3105 3737 3200 3792 sed
3233 3738 3447 3792 occulte
3478 3752 3571 3806 per
3599 3735 3838 3806 judice;

2235 3835 2590 3895 exsecrabilis
2627 3833 2712 3889 vir
2736 3834 2791 3887 in
2832 3831 3184 3888 Christianos
3212 3830 3676 3895 debacchabatur,
3708 3829 3826 3886 ite-

2237 3942 2355 3980 rum
2401 3925 2595 3981 beatus
2658 3923 2964 3978 Dorotheus
2994 3919 3172 3991 pergit
3197 3919 3604 3993 Odyssopolim,
3636 3919 3731 3974 ubi
3765 3930 3833 3976 et

2237 4017 2668 4090 comprehensus
2714 4031 2742 4070 a
2776 4013 3056 4086 judicibus
3087 4012 3315 4078 Iuliani,
3361 4012 3655 4080 multisque
3687 4012 3825 4069 alle-

2235 4120 2358 4168 ctus
2396 4111 2739 4175 verberibus,
2782 4112 2836 4164 in
2868 4123 3126 4180 suprema
3158 4113 3441 4163 senectute
3477 4121 3576 4176 pro
3607 4105 3836 4162 Christi

2234 4206 2585 4264 confessione
2607 4202 2892 4275 suppliciis
2940 4203 3074 4267 obit,
3105 4217 3228 4258 eum
3255 4201 3369 4272 jam
3415 4201 3514 4256 107
3544 4214 3833 4255 annorum.

2234 4309 2402 4358 esset.

2305 4387 2490 4449 Mundi
2523 4407 2667 4448 anno
2694 4388 2856 4457 58i7,
2888 4390 3092 4446 divina:
3122 4389 3523 4445 incarnationis
3551 4389 3678 4454 517,
3711 4386 3818 4443 Ju-

2235 4480 2335 4544 dmi
2369 4496 2422 4544 et
2455 4486 2634 4543 Persa:
2675 4486 2924 4542 videntes
2953 4484 3440 4540 Christianismum
3502 4483 3552 4536 in
3594 4482 3826 4539 Perside

2238 4583 2411 4652 magis
2446 4597 2510 4636 ac
2539 4581 2712 4652 magis
2745 4578 3291 4651 pollerc,detrahuut
3324 4577 3568 4631 Simeoni
3600 4577 3824 4631 archie-

558 4665 941 4721 confessorum
976 4665 1117 4730 loca,
1144 4679 1208 4719 ex
1247 4666 1449 4734 quibus
1481 4666 1535 4720 in
1566 4669 1956 4736 persecutione
1984 4673 2128 4727 oculi
2167 4665 2208 4720 Ι)
2236 4678 2463 4748 piscopo
2496 4675 2868 4746 Ctesiphontis
2910 4674 3050 4743 apud
3105 4671 3368 4726 Saborem
3410 4669 3701 4725 Persarum
3731 4686 3824 4724 re-

557 4757 776 4813 fuerant
801 4756 1008 4826 eliossl,
1043 4757 1128 4813 vel
1158 4757 1322 4812 etiam
1370 4767 1564 4813 caztera
1599 4763 1842 4817 membra
1875 4769 2127 4819 truncata

555 4851 949 4918 osculabatur,
1011 4851 1492 4908 sanctificationem
1543 4870 1608 4909 ex
1670 4855 1750 4912 eis
1807 4855 2132 4913 lucrifacere

556 4955 806 5012 sperans.
860 4939 1035 4997 Porro
1077 4938 1293 4997 libellos
1333 4957 1475 5012 quos
1507 4953 1698 4998 contra
1735 4945 1972 5002 invicem
2002 4948 2130 5018 qui-

555 5036 677 5091 dam
701 5043 1060 5106 perrexerant
1093 5036 1203 5106 igni
1234 5035 1462 5090 tradidit
1495 5039 1857 5109 jurejurando
1882 5041 2128 5110 firmans,

554 5130 868 5186 sividisset
926 5128 1245 5201 episcorium
1304 5131 1697 5196 mtecbantem,
1759 5147 1818 5186 se
1875 5132 2134 5188 alacriter

554 5223 702 5278 hunc
730 5219 1092 5293 operiturum.
1129 5217 1296 5276 Multa
1330 5233 1552 5293 quoque
1582 5224 1841 5279 omnibus
1876 5225 2129 5281 ecclesiis

2239 4783 2384 4838 gem,
2423 4766 2581 4836 quasi
2616 4765 2794 4820 amico
2824 4763 3177 4832 imperatoris
3225 4761 3456 4814 Romani
3480 4770 3533 4815 et
3569 4759 3836 4814 Persico--

2239 4875 2359 4916 rum
2386 4859 2612 4914 delatori
2647 4857 3012 4927 negotiorum.
3043 4855 3408 4922 Quamobrem
3440 4853 3838 4922 persecutione-

2240 4967 2438 5023 magna
2469 4953 2524 5006 in
2559 4951 2780 5008 Perside
2826 4958 2971 5006 mota
3025 4950 3177 5002 multi
3216 4963 3314 5017 pro
3345 4948 3566 5002 Christo
3617 4956 3824 5017 marty-

2240 5047 2326 5099 riu
2350 5053 2480 5099 sunt
2503 5043 2796 5105 adornati;
2823 5041 2965 5095 inter
2991 5054 3130 5110 quos
3166 5038 3541 5093 Heustazades
3571 5036 3824 5107 paedagm

2237 5153 2340 5210 gus
2374 5136 2596 5192 Saboris
2627 5143 2681 5189 et
2725 5136 2948 5189 Simeon
2974 5144 3028 5188 et
3065 5148 3234 5202 super
3270 5130 3408 5187 alios
3457 5132 3658 5185 multos
3689 5146 3823 5184 cen-

2239 5238 2352 5284 tum
2389 5227 2579 5285 clerici
2609 5235 2664 5283 et
2700 5228 2939 5298 episcOpi
2982 5241 3090 5280 una
3140 5223 3228 5279 die
3273 5222 3613 5295 martyrizati
3665 5230 3831 5291 sunt,

2070 5361 2303 5419 NOTIE.

627 5455 713 5541 (ἢ
741 5456 936 5541 Attulit.
966 5454 1107 5538 ἥξει.
1144 5453 1301 5541 Trip.
1333 5455 1427 5541 βξ,
1467 5455 1511 5538 6⁸
1538 5473 1550 5508 :
1587 5475 1606 5506 σ
1639 5455 2136 5541 anathematizave-

555 5525 706 5583 runt.
740 5546 758 5578 ι
797 5527 888 5583 Sic
920 5527 1066 5581 enim
1095 5541 1194 5581 nos
1215 5525 1514 5580 Christiani
1555 5537 1742 5581 contra
1788 5525 2136 5594 blaSphemos

558 5597 832 5669 prnlatum
860 5599 1100 5669 solemus
1131 5597 1406 5669 appellare
1428 5597 1739 5669 decretum.
1771 5593 1940 5669 Elian.

630 5669 710 5740 (5)
748 5667 1009 5723 l‘ttnotu'tt
1044 5665 1372 5740 Mastasius
1425 5667 1477 5722 tn
1532 5668 1731 5740 exsilio
1777 5665 1836 5721 S.
1881 5668 2132 5740 Martini:

2309 5461 2385 5530 (li)
2423 5457 2763 5530 Parce/tiam.
2792 5455 3089 5527 Παροικίαν
3118 5455 3336 5522 quidam
3392 5454 3827 5530 mahint,_pa_rte-

2235 5527 2399 5585 ciunt.
2434 5529 2540 5584 Sed
2580 5530 2896 5599 promiscue
2936 5527 3822 5599 utrumque_usurpatur._A_vitus

2243 5599 2561 5656 Viennensis
2583 5596 2678 5670 ep.
2703 5601 2800 5670 90:
2826 5621 2844 5651 ί
2868 5598 2926 5651 1η
2955 5600 3211 5666 parochia
3233 5596 3819 5670 Eponcnsi.‘i.Epiphar

2234 5673 2362 5727 nius
2389 5667 2664 5726 Scholasi.
2693 5669 2845 5737 Trip.
2881 5685 2919 5733 t,
2959 5671 3016 5722 Η
3053 5687 3067 5722 :
3107 5688 3124 5720 α
3162 5669 3220 5722 In
3263 5677 3447 5721 nostra
3471 5667 3634 5736 igitur
3657 5683 3823 5736 paro-

566 5760 584 5792 ι
612 5738 773 5794 Potui
794 5741 842 5794 ei
864 5740 1107 5809 scribere
1134 5752 1198 5809 ac
1222 5739 1565 5793 innotescere
1589 5739 1770 5793 omnia
1790 5739 2135 5809 quaedeipso
2233 5745 2379 5798 chia.
2417 5761 2435 5793 ι
2473 5743 2616 5797 Idem
2658 5751 2837 5796 tamen
2899 5739 3243 5809 frequentius
3291 5738 3571 5809 purwrium
3633 5739 3818 5801 vertit,

560 5810 1008 5865 diﬂ'amabantur.
1042 5827 1060 5860 ι
1085 5806 1395 5865 Ludovicus
1419 5810 1548 5879 imp.
1582 5810 1634 5862 in
1673 5824 1835 5879 pracc.
1864 5825 1950 5878 ap.
1979 5808 2133 5864 Flod.

565 5881 702 6004 t,il9
728 5898 739 5932 :
770 5898 788 5932 ‹
818 5879 954 5947 Quia
979 5880 1096 5936 Ebo
1129 5880 1432 5937 clementia:
1468 5890 1666 5937 nostra:
1684 5881 1920 5936 innotuit
1947 5881 2125 5952 quia.»

565 5981 633 5998 --
683 5967 734 6004 υ.

560 5981 633 5998 -ι-
659 5967 734 6005 ID.

2241 5812 2484 5938 ut‘uil?
2509 5822 2561 5868 et
2589 5830 2661 5880 tv,
2685 5813 2776 5880 2i,
2805 5809 2943 5879 v,28
2973 5808 3024 5864 et
3056 5810 3145 5878 5L,
3175 5826 3272 5878 xu,
3296 5808 3394 5875 ‘22;
3425 5809 3587 5880 idque
3609 5810 3819 5865 rectius

2241 5901 2298 5938 es
2333 5925 2346 5938 .
2406 5900 2462 5938 ι).

2240 5893 2346 5942 est.
2386 5893 2462 5939 ID.
