4038 6298
311 424 455 496 1213

1189 442 1556 506 HISTORIA
1593 446 2164 510 ECCLESIASTICA
2200 452 2301 512 EX
2333 451 2822 514 THEOPHANE.

3439 447 3578 514 1214

308 557 358 600 et
416 547 842 608 innumerabilis
889 551 998 605 alia
1035 553 1367 623 multitudo;
1401 572 1466 612 ex
1524 559 1726 629 quibus
1764 560 1898 615 insi-
1939 562 1975 618 Α
2009 562 2076 617 ab
2109 562 2242 617 hora
2275 565 2432 619 tertia
2463 579 2637 632 usque
2677 566 2742 617 ad
2769 565 2959 620 horam
2984 564 3255 634 quintam.
3285 566 3451 620 Arius
3478 583 3576 620 au-

308 641 502 710 gnium
526 641 714 698 decem
735 657 791 699 et
816 654 941 699 octo
978 647 1150 703 millia
1181 660 1480 722 martyrum
1509 666 1891 720 numerarunt,

309 737 608 792 tormentis
643 737 998 794 horribilibus
1052 753 1104 797 et
1138 758 1165 794 a
1194 753 1392 798 natura
1418 749 1696 802 extraneis
1724 765 1752 803 a
1790 749 1893 803 Sa-

308 828 442 882 bore
470 840 777 900 perempta.
804 829 908 887 Per
929 833 1069 887 idem
1099 842 1317 905 tempus
1348 847 1402 891 et
1439 837 1498 892 Β.
1532 837 1734 894 Helena
1769 842 1896 894 dor-

314 919 477 971 mivit
509 919 566 972 in
606 919 840 975 Domino
891 937 1161 978 annorum
1211 928 1517 997 octoginta,
1575 931 1744 984 multa
1784 931 1895 987 iiiio

308 1010 584 1067 mandans
613 1027 714 1080 pro
738 1014 940 1082 pietate
970 1030 1090 1082 quae
1116 1016 1337 1083 Christo
1373 1021 1623 1076 debetur.
1668 1019 1892 1091 Sepulta

306 1109 494 1155 autem
530 1111 617 1158 est
651 1105 704 1156 in
745 1107 951 1175 templo
995 1104 1097 1162 SS.
1133 1112 1510 1180 apostolorum
1562 1114 1701 1182 apud
1738 1114 1896 1170 Con-

305 1193 752 1266 stantinopolim,
783 1199 929 1266 quod
963 1199 1253 1257 mditicavit
1287 1204 1427 1259 [ilius
1473 1205 1592 1272 eius
1624 1207 1896 1264 Constan-

308 1287 463 1340 tinus
506 1287 579 1340 ad
629 1289 1006 1356 sepeliendum
1063 1303 1308 1351 mortuos
1340 1296 1894 1370 Christianosimpe-

305 1386 546 1433 ratores.
575 1379 759 1434 Prima
798 1397 931 1437 vero
975 1382 1028 1438 in
1061 1399 1128 1439 eo
1173 1385 1233 1441 Β.
1265 1387 1467 1445 Helena
1522 1399 1602 1445 est
1651 1394 1888 1462 sepulta,

306 1472 692 1528 monumentis
739 1472 908 1530 claris
939 1483 993 1532 et
1035 1477 1244 1547 vigiliis
1277 1481 1569 1536 honorata.
1606 1482 1778 1538 Porro
1805 1501 1892 1541 sa-

305 1582 415 1622 cra:
467 1568 731 1639 virgines,
781 1587 1014 1640 quarum
1074 1573 1282 1629 mensis
1327 1585 1516 1631 astans
1555 1593 1654 1646 per
1687 1591 1892 1634 semet-

307 1655 486 1726 ipsam
520 1661 683 1727 quasi
720 1659 922 1716 famula
956 1663 1336 1731 ministrabat,
1370 1664 1573 1722 divinis
1605 1670 1745 1726 hanc
1777 1689 1894 1728 mo-

307 1756 596 1811 numentis
629 1758 1001 1826 praedicabant
1027 1762 1150 1816 sine
1200 1764 1514 1818 cessatione
1553 1764 1791 1818 beatam.

379 1847 570 1904 Mundi
624 1867 771 1906 anno
819 1852 981 1917 58l8,
1037 1854 1240 1910 divinae
1306 1856 1703 1911 incarnationis
1763 1859 1888 1926 518,

306 1939 669 1998 Constantius
710 1931 841 2000 cum
879 1946 950 2002 22
999 1949 1216 2017 imperii
1268 1959 1484 2019 gereret
1530 1966 1756 2016 annum,
1795 1968 1894 2022 per

304 2033 569 2089 virtutem
603 2036 660 2092 S.
701 2041 887 2094 crucis
916 2039 1247 2108 Germanos,
1285 2041 1572 2098 Sarmatas
1605 2056 1658 2099 et
1685 2045 1894 2102 Gothos

305 2137 568 2184 extremae
616 2133 867 2185 servituti
919 2135 1156 2205 subegit.
1219 2134 1374 2192 Tunc
1412 2137 1686 2193 Eusebius
1737 2139 1893 2193 Pam-

306 2223 440 2291 phili
495 2223 810 2294 symbolum
867 2226 987 2280 ﬁdei
1023 2244 1052 2283 a
1083 2229 1296 2285 sanctis
1334 2230 1590 2288 Patribus
1628 2235 1770 2302 apud
1801 2232 1896 2288 Ni-

306 2329 475 2369 cmam
503 2319 773 2386 expositae
803 2334 1023 2374 omnem
1067 2323 1451 2378 orthodoxiam
1500 2326 1698 2381 habere
1727 2335 1896 2382 testa-

305 2413 398 2461 tur
425 2409 678 2467 scribens
713 2413 829 2468 suis
877 2412 1202 2468 coneivibus
1242 2423 1296 2468 et
1330 2415 1705 2485 interpretans
1743 2418 1891 2474 dicta

305 2501 613 2556 secundum
669 2518 919 2560 sensum.
966 2506 1302 2562 Athanasius
1347 2517 1526 2562 autem
1573 2510 1626 2563 in
1663 2511 1891 2578 epistola

306 2593 374 2646 ad
425 2594 596 2650 Afros
644 2596 815 2652 missa
876 2599 1256 2656 testimonium
1326 2602 1586 2671 perhibet
1630 2601 1888 2666 Eusebio,

305 2686 449 2754 quod
492 2690 806 2756 susceperit
834 2705 1022 2746 vocem
1053 2692 1665 2749 consubstantialitatis
1700 2695 1800 2762 (7).
1825 2695 1892 2749 At

305 2793 438 2832 vero
489 2779 869 2838 Theodoritus
916 2783 1051 2839 dicit
1097 2787 1243 2838 hunc
1275 2788 1607 2841 concordem
1653 2787 1892 2843 Ariano-

303 2889 450 2938 rum,
485 2875 705 2930 Eusebii
751 2877 969 2932 scilicet
1010 2876 1452 2936 Nicomediensis
1483 2890 1536 2937 et
1569 2897 1761 2938 eorum
1793 2884 1888 2953 qui

304 2986 427 3024 cum
463 2972 588 3041 ipso
638 2969 975 3033 sentiebant,
1030 2969 1222 3026 fuisse.
1270 2971 1425 3028 Unde
1469 2980 1523 3026 et
1558 2974 1889 3038 depositioni

302 3065 662 3120 sacratissimi
706 3063 984 3118 Eustatbii
1016 3065 1347 3119 Antiocheni
1398 3069 1716 3132 consensit;
1761 3084 1887 3123 cum

303 3157 505 3226 quibus
531 3165 586 3213 ct
635 3155 960 3226 imperatori
997 3159 1336 3226 persuadens
1364 3159 1509 3212 hunc
1534 3160 1682 3228 jttste
1717 3160 1882 3229 depo-

2001 665 2106 708 tcm
2160 671 2284 710 cum
2349 655 2754 711 Nicomediensi
2813 655 3054 712 Eusebio
3107 668 3161 712 et
3213 658 3580 712 sectatoribus

1998 748 2115 803 suis
2145 747 2497 805 insurrexere
2545 765 2670 804 cum
2694 749 3003 819 iuramento
3045 749 3259 804 libellos
3315 750 3580 825 orthudor

1999 841 2101 895 xire
2140 841 2485 911 porrigentes
2517 839 2862 911 imperatori,
2897 841 3104 897 sitienti
3136 856 3325 896 eorum
3360 842 3454 911 qui
3489 841 3579 898 di-

1995 935 2101 989 visi
2135 936 2352 990 fuerant
2384 937 2647 990 unitatem
2679 952 2692 999 ;
2726 942 2778 990 et
2811 950 3139 1005 persuasere
3172 936 3218 989 ei
3254 936 3579 993 mentientes

1997 1028 2140 1098 quod
2165 1029 2565 1084 concordarent
2596 1043 2718 1083 cum
2751 1026 3012 1082 Patribus
3037 1026 3130 1098 qui
3165 1025 3309 1096 apud
3340 1027 3574 1082 Nicaeam

2001 1129 2394 1177 convenerant.
2426 1121 2708 1192 Siquidem
2752 1121 2838 1177 his
2869 1122 3127 1177 credulus
3157 1123 3457 1193 imperator
3489 1122 3577 1176 in-

1999 1213 2261 1286 dignatus
2318 1223 2404 1269 est
2459 1215 2725 1270 adversus
2778 1215 3135 1268 Athanasium
3175 1229 3270 1284 pro
3315 1229 3380 1268 eo
3429 1214 3576 1285 quod

1995 1311 2188 1365 Arium
2248 1318 2301 1363 et
2333 1309 2595 1363 Euzoium
2631 1325 2735 1363 non
2766 1310 3090 1378 susceperit,
3117 1309 3208 1377 qui
3235 1309 3303 1362 ab
3337 1307 3575 1362 Alexan-

1997 1403 2100 1458 dro
2157 1403 2388 1474 depositi
2466 1403 2726 1470 fuerant,
2802 1419 2923 1456 cum
3005 1401 3240 1457 Euzoius
3311 1401 3580 1456 diaconus

1995 1503 2163 1553 esset.
2260 1517 2267 1528 ‘

2065 1587 2240 1642 Porro
2269 1604 2505 1658 primum
2530 1597 2584 1644 et
2624 1589 2962 1644 tricesimum
3001 1589 3212 1657 imperii
3244 1588 3328 1643 sui
3371 1604 3574 1642 annum

1993 1682 2356 1738 Constantino
2387 1691 2602 1753 agente,
2641 1684 2912 1737 Eusebius
2961 1691 3015 1734 et
3050 1681 3104 1736 hi
3156 1682 3248 1749 qui
3305 1699 3425 1735 rum
3459 1682 3578 1751 ipso

1995 1783 2172 1837 erant,
2211 1777 2429 1829 inventa
2457 1775 2746 1830 occasione
2780 1773 3047 1830 adversus
3082 1774 3446 1828 Athanasium
3482 1774 3579 1827 de-

1994 1868 2276 1923 certabant
2323 1876 2509 1937 utpote
2553 1880 2744 1922 contra
2809 1875 3164 1938 pugnatorem
3215 1876 3377 1924 rectae
3415 1866 3573 1928 lidei;

1997 1977 2120 2015 cum
2156 1961 2361 2032 quibus
2388 1969 2441 2016 et
2492 1961 2763 2016 Meletiani
2813 1962 3240 2015 conveniebant.
3289 1960 3355 2014 Et
3402 1962 3578 2029 primo

1995 2053 2213 2121 quidem
2264 2053 2385 2126 ejus
2426 2055 2821 2109 detrahebatur
2846 2053 3204 2118 ordinationi,
3245 2068 3574 2124 quamquam

1995 2150 2373 2220 Apollinarius
2410 2149 2603 2221 Syrius
2659 2165 2855 2222 magna
2895 2165 3059 2219 super
3099 2148 3385 2202 Athanasii
3423 2147 3574 2206 ordi-

1995 2242 2221 2297 natione
2248 2249 2521 2306 testctur;
2557 2242 2800 2297 secundo
2831 2255 2960 2295 vero
2997 2239 3062 2294 de
3089 2240 3228 2293 linea
3261 2245 3432 2302 veste,
3467 2253 3574 2305 qua

1995 2333 2149 2388 indui
2213 2343 2468 2387 sanctum
2524 2333 2730 2389 inimici
2793 2331 3316 2396 calumniabantur;
3352 2330 3574 2384 tertium

1995 2439 2160 2495 super
2185 2422 2536 2489 Philumeno,
2569 2425 2657 2477 cui
2694 2439 2887 2478 aurum
2924 2423 3156 2476 multum
3189 2421 3332 2475 hunc
3363 2420 3578 2476 misisse

1997 2517 2340 2573 mendaciter
2377 2516 2700 2571 asserebant
2724 2515 2778 2569 in
2808 2515 3037 2571 insidias
3063 2514 3432 2584 imperatoris.
3466 2514 3575 2567 Ac-

1995 2609 2198 2662 cersito
2227 2617 2411 2662 autem
2437 2606 2734 2660 Athanasio
2769 2606 3089 2674 imperator,
3120 2612 3174 2658 et
3200 2611 3399 2658 cuncta
3437 2600 3572 2656 falsa

1993 2701 2298 2771 reperiens,
2346 2715 2470 2756 cum
2521 2699 2754 2767 epistola
2819 2705 2873 2751 et
2931 2698 3144 2752 honore
3194 2697 3575 2751 Alexandriam

1996 2793 2140 2848 hunc
2195 2792 2432 2848 remisit.
2486 2788 2691 2847 Deinde
2742 2790 2930 2846 Ariani
2990 2791 3224 2845 diversis
3275 2790 3578 2844 Athanasio

1995 2886 2137 2954 apud
2165 2886 2553 2955 imperatorem
2582 2885 3027 2940 accusationibus
3061 2884 3416 2954 derogantes,
3453 2890 3576 2952 post

1994 2981 2167 3034 multa
2217 2993 2340 3032 cum
2398 2979 2723 3048 iuramento
2784 2979 2963 3032 dicere
3003 2993 3402 3047 praesumpsere
3452 2977 3578 3046 quia

1998 3069 2340 3124 Minitantem
2375 3068 2687 3122 audivimus
2741 3067 3129 3129 Athanasium,
3180 3077 3232 3122 et
3284 3067 3580 3135 prohiben-

1994 3168 2101 3214 tem
2133 3157 2394 3213 frumenti
2425 3157 2756 3213 delationem
2784 3173 2906 3226 qua:
2931 3158 3183 3212 veniebat
3237 3158 3308 3212 ab
3343 3155 3579 3228 Egypto

305 3251 466 3304 situm
500 3251 613 3319 egit
636 3256 696 3302 ut
727 3246 868 3320 apud
904 3247 1148 3319 illyrium
1184 3250 1237 3302 in
1271 3249 1527 3303 exsilium
1551 3253 1888 3308 mitteretur.
1915 3270 1960 3332 ρ
1994 3249 2360 3322 Byzantium;
2408 3249 2570 3331 unde
2626 3259 2680 3304 et
2739 3260 3018 3304 commoto
3075 3250 3131 3303 in
3201 3249 3336 3302 iram
3398 3247 3579 3302 amico

374 3335 723 3395 Constantini
742 3337 1013 3409 vigesimo
1037 3339 1206 3393 tertio
1242 3354 1386 3393 anno
1422 3339 1477 3393 in
1510 3340 1742 3409 imperio
1771 3357 1888 3410 per-

303 3438 581 3494 currente,
618 3429 760 3494 apud
794 3429 1146 3485 Antiochiam
1172 3439 1504 3500 octagonum
1534 3432 1889 3504 lemplum(8)

301 3525 467 3594 cwpit
496 3523 805 3590 aediﬁcare;
843 3522 938 3594 qui
979 3537 1104 3576 cum
1140 3523 1466 3593 vigesimum
1499 3536 1754 3595 quartum
1781 3527 1875 3581 im-

303 3617 439 3686 perii
473 3626 663 3688 ageret
709 3631 936 3682 annum,
989 3616 1300 3671 Danubium
1351 3619 1633 3675 transiens
1668 3629 1885 3692 pontem

299 3709 352 3763 in
384 3727 508 3766 eum
544 3711 821 3781 lapideum
853 3709 1006 3776 fecit,
1036 3709 1382 3783 Scythasque
1415 3713 1653 3785 subegit.

371 3801 543 3859 Porro
591 3804 852 3875 vigesimo
899 3803 1090 3874 quinto
1127 3803 1340 3874 imperii
1397 3804 1481 3859 sui
1553 3821 1700 3860 anno
1733 3804 1885 3861 Con-

302 3897 718 3964 stantinopolim
764 3911 959 3952 novam
1008 3895 1239 3952 Romam
1276 3898 1584 3968 nuncupari
1623 3899 1886 3961 decrevit,

302 3989 482 4047 Marco
537 3989 721 4047 Romae
781 3992 1131 4062 praesulatum
1185 4001 1428 4061 gerente.
1486 3989 1887 4049 Constantinus

302 4097 564 4155 prmterea
627 4085 952 4157 vigesimum
1008 4091 1223 4139 sextum
1261 4083 1478 4154 imperii
1546 4083 1633 4140 sui
1689 4099 1887 4156 gerens

303 4191 526 4242 antrum,
553 4177 796 4233 extendit
821 4177 1255 4246 persecutionem
1283 4190 1440 4230 suam
1470 4174 1524 4238 in
1555 4174 1886 4232 destructio-

304 4285 421 4322 nem
454 4270 730 4326 idolorum
764 4279 928 4340 atque
960 4269 1318 4339 templorum.
1349 4266 1454 4323 Per
1497 4268 1639 4324 idem
1673 4278 1886 4340 tempus

301 4371 352 4414 et
380 4363 723 4417 Athanasius
747 4361 1158 4418 Alexandrinus
1186 4361 1416 4417 antistes
1441 4360 1694 4417 habetur.
1722 4359 1882 4431 Vige-

301 4456 436 4508 simo
460 4454 699 4523 septimo
736 4453 1100 4510 nihilominus
1133 4453 1346 4526 imperii
1381 4453 1502 4521 ejus
1533 4467 1679 4508 anno
1704 4451 1884 4511 Julius

301 4555 433 4610 papa
459 4542 742 4597 Romanus
765 4541 1114 4612 agnoscitur.

1992 3343 2198 3399 Clu-isti
2240 3343 2512 3412 principe,
2544 3357 2705 3411 egere
2741 3350 2800 3394 ut
2847 3342 3045 3397 exsilio
3078 3342 3415 3410 relegaretur
3461 3352 3579 3394 ma-

1991 3452 2132 3505 gnus
2179 3435 2517 3490 Athanasius
2573 3433 2715 3506 apud
2748 3433 3020 3488 Triberim
3057 3433 3243 3488 Callia)
3272 3433 3573 3486 civitatem.

2062 3530 2236 3584 Porro
2299 3529 2581 3585 tricesimo
2642 3528 2886 3584 secundo
2960 3527 3177 3596 imperii
3229 3524 3574 3580 Constantini

1990 3622 2265 3693 principis
2295 3635 2444 3676 anno
2475 3620 2658 3677 Persa:
2684 3627 2875 3675 contra
2909 3618 3187 3674 Romanos
3215 3617 3458 3689 praelium
3492 3616 3576 3671 in-

1989 3714 2265 3769 dicavere.
2301 3713 2456 3768 Tunc
2511 3711 2913 3768 Constantinus
2970 3727 3098 3767 cum
3162 3711 3462 3774 transisset
3519 3709 3572 3764 in

1989 3803 2499 3859 Nlcomediensium
2537 3799 2835 3880 gcivitatem
2893 3813 3086 3858 contra
3159 3801 3356 3858 Persas
3435 3817 3575 3873 pra:-

1991 3899 2246 3963 liaturus,
2315 3899 2578 3968 languore
2629 3905 2938 3966 praeventus
3003 3897 3054 3950 in
3114 3910 3248 3965 pace
3290 3894 3575 3950 dormivit'

1986 3989 2169 4057 Tunc,
2210 3998 2271 4045 ut
2323 3990 2546 4060 quidam
2600 4004 2792 4044 eorum
2829 3989 2921 4060 qui
2979 4004 3102 4043 cum
3138 3988 3267 4042 Ario
3330 3988 3576 4043 sentiunt

1986 4085 2169 4150 aiunt,
2206 4084 2272 4138 ab
2309 4081 2549 4137 Eusebio
2586 4081 2992 4137 Nicomedieusi
3031 4081 3569 4149 Constantinopolim

1987 4179 2257 4232 translato
2319 4184 2573 4230 sanctum
2638 4175 2839 4230 meruit
2892 4177 3160 4246 baptisma
3228 4176 3568 4247 percipere;

1985 4271 2133 4339 quod
2175 4269 2521 4323 mendacium
2559 4274 2664 4332 est,
2699 4268 2846 4322 sicut
2886 4269 3143 4338 superius
3182 4277 3266 4323 est
3311 4282 3569 4338 compro-

1986 4361 2215 4417 batum:
2257 4358 2442 4414 Roma:
2474 4360 2674 4430 quippe
2705 4373 2733 4412 a
2793 4357 3063 4415 Silvestre
3108 4359 3417 4429 baptizatus
3462 4370 3565 4424 est,

1986 4452 2453 4525 quemadmodum
2478 4461 2533 4508 et
2572 4452 3049 4523 praeostendimus.
3079 4450 3228 4506 Vixit
3265 4459 3447 4507 autem
3474 4467 3572 4522 per

1986 4556 2178 4602 omnes
2224 4546 2344 4599 dies
2401 4545 2525 4599 vita:
2584 4559 2696 4599 suae
2734 4545 2896 4598 annis
2961 4543 3242 4613 sexaginta
3301 4543 3564 4613 quinque.

369 4633 549 4689 Mundi
613 4649 760 4691 anno
811 4634 975 4702 5823,
1025 4636 1224 4691 divinae
1287 4635 1687 4691 incarnationis
1739 4639 2112 4699 annoDcum
2169 4639 2494 4708 imperasset
2545 4637 2707 4692 annis
2757 4636 2982 4708 triginta
3038 4651 3150 4691 uno
3196 4645 3251 4692 et
3284 4637 3566 4692 mensibus

300 4725 421 4796 323,
462 4729 519 4784 in
554 4727 781 4785 Oriente
812 4727 985 4784 fames
1015 4728 1156 4784 facta
1192 4738 1294 4793 est,
1323 4729 1396 4782 ita
1431 4738 1491 4783 ut
1523 4729 1744 4785 modius
1771 4728 1884 4784 fru-

300 4821 458 4875 menti
492 4820 598 4877 400
644 4820 800 4875 ﬂeret
826 4828 1235 4892 argenteorum,
1270 4821 1578 4891 imperante
1607 4820 1882 4876 Constan-

298 4909 410 4967 tino
441 4928 588 4968 anno
618 4913 890 4984 vigesimo
933 4921 1162 4977 octavo;
1207 4912 1369 4982 cuius
1418 4915 1687 4986 vigesimo
1733 4930 1882 4972 nono

299 5003 508 5074 imperii
545 5022 691 5062 anno
721 5005 887 5062 Arius
916 5007 986 5061 ab
1027 5006 1224 5062 exsilio
1254 5022 1350 5077 per
1374 5006 1557 5064 ﬁctam
1601 5011 1878 5081 paeniten-

299 5097 422 5153 tiam
459 5111 750 5157 revocatus
783 5107 838 5155 et
870 5099 1258 5155 Alexandriam
1285 5100 1490 5156 missus
1518 5117 1626 5156 non
1663 5111 1746 5158 est
1785 5120 1872 5158 re-

297 5199 484 5260 ceptus
516 5193 586 5248 ab
607 5191 932 5247 Athanasio.

361 5283 665 5342 Trieesimo
694 5300 842 5342 anno
881 5283 1096 5355 imperii
1120 5283 1471 5340 Constantini
1517 5282 1640 5355 ejus
1667 5285 1874 5340 tricen-

295 5377 433 5434 nalla
464 5381 739 5435 celebrata
770 5385 923 5444 sunt,
949 5377 1169 5449 quando
1216 5377 1370 5433 stella
1417 5375 1473 5434 in
1525 5379 1667 5434 caelo
1704 5394 1871 5450 appa-

295 5470 420 5536 ruit,
447 5474 589 5544 apnd
646 5471 991 5527 Antiochiam
1037 5471 1278 5527 interdiu
1309 5479 1503 5527 contra
1546 5470 1866 5528 orientalem

295 5573 492 5631 partem
527 5565 800 5636 iumigans
823 5565 1200 5633 vehementer,
1233 5573 1495 5636 tanquam
1524 5581 1587 5621 ex
1620 5567 1859 5632 camino,

1985 4733 2199 4789 decem.
2756 4789 2761 4795 .

2055 4824 2251 4880 Mundi
2306 4838 2452 4878 anno
2499 4821 2667 4888 5825,
2721 4821 2920 4878 divina:
2975 4821 3374 4878 incarnationis
3419 4838 3564 4878 anno

1983 4916 2108 4979 325.
2142 4933 2266 4973 cum
2300 4915 2702 4973 Constantinus
2730 4929 2959 4984 magnus
2990 4923 3045 4969 et
3071 4924 3299 4970 sanctus
3329 4915 3566 4984 quievis-

1981 5017 2086 5072 set,
2123 5017 2235 5063 tres
2262 5006 2356 5061 lilii
2397 5007 2518 5077 ejus
2551 5007 2839 5060 obtinuere
2872 5004 3171 5070 Romanos,
3202 5014 3256 5060 et
3283 5004 3562 5062 Orientem

1980 5101 2198 5171 quidem
2244 5097 2630 5165 Constantius,
2658 5106 2713 5152 et
2752 5097 3150 5153 Constantinus
3191 5098 3424 5152 Italiam.
3456 5096 3561 5152 Sed

1978 5204 2033 5252 et
2067 5193 2470 5250 Constantinus
2506 5192 2686 5262 primo
2720 5190 2946 5261 quidem
2978 5190 3271 5246 homousio
3319 5201 3560 5261 recepto,

1978 5285 2326 5359 postmodum
2386 5281 2588 5339 mentis
2615 5282 2836 5339 levitate
2885 5289 3128 5337 mutatus
3158 5288 3262 5345 est,
3304 5280 3563 5337 seductus

1976 5379 2046 5434 ab
2104 5376 2309 5433 Ariano
2378 5375 2706 5446 presbytero
2759 5381 2814 5428 et
2872 5369 3112 5428 Eusebio
3179 5372 3561 5436 cunuchorum

1975 5470 2150 5542 primo
2181 5477 2344 5539 atque
2368 5465 2775 5522 Nicomedieusi
2809 5463 3065 5520 Eusebio.

2043 5558 2228 5616 Tertio
2266 5560 2451 5642 itaque
2487 5557 2701 5630 imperii
2730 5556 3036 5612 Constantii
3079 5570 3224 5612 anno
3287 5555 3561 5612 Constan-

1800 5675 2038 5736 NOTM.

360 5764 433 5838 (7)
460 5767 1071 5827 Conrubatantialitatis.
1108 5767 1351 5825 Utuntur
1397 5785 1460 5826 ea
1492 5771 1733 5828 dictione
1764 5770 1868 5828 Fa-

297 5841 498 5910 cundus
527 5850 583 5896 et
614 5840 886 5910 interpres
920 5838 1256 5910 Tripartite.
1287 5841 1457 5895 FABR.

362 5907 434 5981 (3)
471 5906 773 5983 Templum.-
814 5906 1093 5983 Kuptaidv
1137 5953 1151 5977 ,
1204 5910 1565 5969 Dominicnm.
1632 5912 1861 5972 Ruﬁnus

1974 5769 2161 5841 Aquil.
2194 5769 2467 5841 interpres
2505 5767 2797 5841 ﬂist.eccl.
2830 5767 3068 5841 Eusebii,
3091 5767 3155 5841 _9,
3179 5770 3212 5823 9
3245 5786 3258 5824 :
3287 5786 3307 5820 ι
3336 5769 3556 5824 Oratio-

1974 5837 2103 5896 nu'm
2132 5837 2355 5903 domos,
2374 5839 2408 5893 i.
2433 5856 2483 5894 e.
2515 5837 2797 5893 Dominica
2824 5855 2978 5893 sua.)
3005 5838 3138 5893 Vide
3168 5857 3289 5907 quae
3312 5842 3555 5897 diximus

1971 5911 2037 5966 ad
2071 5911 2104 5966 l.
2133 5912 2169 5966 3
2196 5926 2244 5967 c.
2274 5909 2483 5965 Theod.
2518 5911 2586 5966 de
2618 5925 2812 5980 pagan.
2841 5925 2952 5966 sae.
2979 5922 3034 5966 et
3067 5919 3236 5982 temp.
3274 5911 3348 5966 lo.
