4034 6298
470 422 606 495 1215

1580 429 1975 493 ANASTAS’II
2025 426 2657 489 BIBLIOTHECARII'

3595 418 3733 480 121⁸6

467 554 616 600 tinus
654 543 798 599 filius
826 544 1006 615 magni
1045 543 1419 611 Constantini,
1448 546 1729 616 profectus
1754 545 1824 601 ad
1861 552 2045 616 partes
2072 545 2123 605 Α
2150 540 2416 607 inetﬁcax,
2438 535 2885 596 Occidentalibus
2907 550 3012 590 non
3030 530 3422 604 recipientibus
3451 530 3733 585 molimina

468 634 659 692 fratris
689 636 773 691 sui
804 635 1130 692 Constantis
1160 646 1214 692 et
1248 638 1449 693 bellum
1493 653 1811 709 aggressus,
1834 653 1870 693 ia
1904 636 2048 694 mili-

465 727 619 783 tibus
660 728 880 784 occisus
905 738 1010 793 cst,
1062 739 1116 783 et
1171 732 1346 785 tenuit
1382 730 1659 787 Constans
1694 733 1847 787 solus
1881 732 2046 787 totius

472 816 743 889 ﬂespcrite
771 828 998 876 terram.
1039 821 1208 875 Porro
1242 822 1595 880 Constantius
1624 826 1677 879 in
1710 822 1931 880 Oriente
1954 839 2048 896 ge-

452 927 599 971 rens
629 912 917 982 imperium
967 914 1179 969 Gallum
1232 925 1286 971 et
1340 914 1616 971 lulianum
1652 917 1881 972 tradidit
1913 932 2046 974 eru-

452 1002 703 1059 diendos
734 1004 788 1058 in
818 1005 945 1059 villa
978 1004 1281 1060 Dcmaceile
1314 1016 1525 1073 vocata,
1574 1025 1696 1076 quae
1725 1008 1883 1078 juxta
1923 1008 2047 1064 Cat-

470 1110 683 1151 aaream
709 1105 793 1151 est
822 1094 1178 1166 Cappadovire
1208 1100 1332 1153 sita.
1361 1098 1423 1153 lii
1452 1102 1559 1154 duo
1590 1101 1784 1155 fratres
1815 1101 2047 1156 lectores

468 1184 599 1240 facti
632 1196 783 1253 sunt,
816 1194 869 1240 et
894 1189 1181 1243 ecclesiam
1217 1190 1489 1246 aediﬁcare
1514 1191 1571 1247 S.
1598 1192 1787 1249 Mamaa
1820 1191 2046 1266 martyri

470 1285 827 1331 curaverunt.
861 1276 1062 1332 Verum
1098 1280 1149 1332 in
1181 1291 1334 1348 parte
1362 1298 1469 1352 qua
1502 1283 1783 1339 Julianum
1808 1300 2043 1342 conser-

473 1384 601 1423 vare
636 1370 890 1440 contigit,
927 1379 1069 1426 terra
1098 1373 1242 1441 quod
1278 1374 1658 1431 aedificabatur
1692 1378 1845 1432 nulio
1880 1379 2045 1434 modo

502 1461 791 1530 ecipiebat.
848 1462 1021 1519 Porro
1077 1464 1324 1522 detonsis
1393 1468 1605 1539 capillis
1676 1472 2042 1527 monasticum

468 1552 711 1610 '—tudium
743 1558 1060 1612 simulabat.
1082 1557 1444 1616 Constantius
1480 1569 1663 1616 autem
1689 1571 1743 1618 et
1774 1563 2044 1621 Constans

474 1662 620 1716 reges
649 1648 891 1715 edidere,
911 1649 1156 1705 Judaeum
1189 1666 1296 1706 non
1320 1667 1501 1707 emere
1532 1668 1773 1717 servum,
1801 1656 2042 1726 alioquin

470 1740 678 1796 auferri
720 1757 843 1797 eum
878 1751 931 1798 et
978 1744 1217 1813 publicis
1256 1745 1562 1802 rationibus
1592 1747 1754 1802 tradi.
1786 1746 1958 1804 Porro
1995 1749 2042 1803 si

474 1842 527 1887 .et
551 1833 949 1891 circumcidere
978 1850 1148 1893 ausus
1188 1836 1351 1893 fuerit
1379 1854 1619 1904 servum,
1645 1839 1825 1911 gladio
1859 1841 2039 1912 puniri

468 1927 599 1983 talia
630 1938 1080 2000 praesumentem.

541 2018 729 2073 Mundi
786 2035 932 2075 anno
964 2020 1129 2085 5834,
1183 2022 1383 2078 divinae
1445 2022 1845 2077 incarnationis
1898 2039 2044 2079 anno

469 2109 598 2172 554,
628 2108 811 2165 Julius
844 2110 1149 2165 Romanum
1186 2113 1324 2182 gerit
1355 2114 1719 2182 pontificium.
1768 2112 2042 2169 Constan-

472 2204 580 2259 tius
613 2204 681 2259 de
718 2204 961 2275 Assyriis
982 2206 1364 2273 triumphavit,
1400 2206 1572 2260 Sabor
1593 2205 1940 2261 Christianos
1968 2224 2047 2262 re-

471 2294 561 2363 gni
591 2294 677 2350 sui
718 2297 1085 2367 persequitur,
1116 2296 1388 2352 Constans
1433 2314 1563 2353 vero
1598 2297 1837 2355 Francos
1882 2300 2045 2354 deva-

472 2386 656 2440 stavit.
698 2386 798 2442 Per
824 2388 964 2443 idem
996 2400 1211 2459 tempus
1240 2402 1400 2445 terrae
1445 2399 1593 2445 motu
1642 2391 1846 2463 ingenti
1903 2393 2046 2449 facto

470 2478 822 2536 Neocaesarea
848 2481 1010 2538 Ponti
1064 2484 1284 2550 cecidit,
1312 2499 1538 2554 excepta
1580 2489 1809 2543 ecclesia
1840 2498 1894 2542 et
1928 2489 2044 2558 epi-

476 2574 665 2644 scopio
699 2574 776 2647 (9)
805 2583 861 2629 et
894 2574 1096 2630 ibidem
1129 2575 1368 2647 repertis
1402 2577 1537 2632 viris
1566 2578 1860 2649 religiosis.
1892 2578 2044 2635 'i‘unc

472 2676 527 2719 et
560 2666 764 2723 Paulus
797 2668 1084 2724 confessor
1115 2667 1408 2724 ordinatur
1437 2670 1730 2740 episcopus
1774 2670 2049 2726 Constan-

474 2760 808 2831 tinopoleos.
831 2759 977 2816 Sane
1004 2758 1363 2816 Constantius
1398 2778 1522 2818 cum
1554 2774 1805 2817 octavum
1834 2763 2045 2834 imperii

472 2852 559 2907 sui
592 2868 795 2908 annum
819 2862 991 2925 geret,
1018 2854 1377 2911 Alexandrini
1407 2854 1753 2924 Gregorium,
1776 2855 1867 2924 qui
1899 2872 2049 2912 lllOl‘e

475 2946 711 3003 latronis
739 2961 902 3016 super
930 2946 1290 3003 Athanasium
1315 2947 1508 3001 insiliit
1530 2955 1593 3002 et
1613 2948 1793 3001 sedem
1830 2964 1928 3017 per
1952 2964 2047 3003 sex

473 3052 653 3093 annos
713 3038 973 3101 obtinuit,
1028 3038 1372 3094 occiderunt.
1424 3039 1685 3109 Sequenti
1745 3055 1873 3095 vero
1905 3056 2049 3096 anno

472 3127 833 3200 Dyrrachium
902 3127 1182 3184 Dalmatiae
1232 3146 1262 3184 a
1322 3140 1480 3185 terra:
1538 3139 1687 3183 motu
1728 3140 2045 3201 corruptum

2150 650 2272 705 qua:
2333 633 2598 688 adversus
2648 629 3087 688 sacratissimum
3140 623 3496 680 Athanasium
3548 621 3734 675 denuo

2150 727 2509 797 parabantur.
2555 722 2701 779 Sane
2743 722 3011 778 Romanis
3058 716 3470 789 postulantibus
3503 723 3734 770 coactus

2148 827 2366 874 revocat
2397 815 2677 871 Liberium
2701 822 2755 870 et
2770 812 2891 869 sedi
2926 810 3189 867 restituit.
3220 806 3368 863 Felix
3394 822 3524 861 vero
3542 822 3703 875 egres

2147 926 2244 965 sus
2293 909 2484 964 urbem
2530 906 2763 963 ulterius
2812 902 3039 959 minime
3094 899 3257 957 rediit
3293 916 3325 966 ;,
3358 899 3447 953 cui
3483 897 3751 951 succedit

2150 999 2438 1055 Damasus.
2472 998 2687 1053 interea
2733 994 3100 1051 Constantius
3127 991 3343 1047 decimo
3388 999 3585 1045 octavo
3623 990 3735 1042 im-

2146 1090 2279 1160 peril
2336 1090 2423 1145 sui
2480 1103 2624 1143 anno
2684 1085 2925 1149 Gallum,
2973 1097 3137 1155 quem
3188 1080 3463 1136 Caesarem
3521 1080 3730 1131 factum

2144 1179 2527 1235 Constantium
2563 1174 2995 1249 cognominavit,
3035 1170 3520 1240 interfici‘jubens,
3552 1167 3733 1223 Julia-

2145 1289 2272 1327 nmn
2308 1272 2474 1341 hujus
2523 1271 2744 1326 fratrem
2778 1270 2833 1324 in
2874 1264 3121 1324 custodia
3151 1264 3446 1320 retinebat.
3493 1261 3757 1317 Eusebia.

2145 1380 2272 1419 vero
2323 1363 2527 1433 conjux
2575 1360 2883 1417 Constantii
2933 1362 3080 1413 hunc
3113 1356 3442 1428 postulatum
3483 1353 3735 1409 Athenas

2144 1458 2491 1524 transmisit;
2513 1471 2624 1527 quo
2651 1470 2774 1510 cum
2802 1451 3164 1523 pervenisset,
3186 1448 3370 1506 studia
3401 1446 3733 1502 instituebae

2144 1559 2233 1605 tur
2277 1549 2520 1621 gentilia,
2551 1546 2713 1603 bonis
2764 1543 3138 1599 fundamentis
3188 1539 3736 1610 superaediiicaturus

2144 1640 2431 1703 malitiam,
2462 1647 2517 1694 et
2544 1654 2651 1691 non
2694 1637 2840 1692 sicut
2869 1633 3159 1703 oportebat
3184 1634 3288 1687 ista
3315 1640 3567 1687 secutus.

2215 1731 2400 1787 M'uudi
2422 1746 2567 1785 anno
2595 1729 2758 1791 5847,
2780 1728 2977 1783 divina:
3005 1724 3403 1779 incarnationis
3425 1736 3568 1776 anno
3597 1719 3731 1787 557,

2143 1828 2436 1882 Maximum
2480 1821 3037 1893 iiierosolymitanum
3077 1819 3451 1888 deposuerunt
3493 1815 3752 1872 Aeacius—

2146 1919 2505 1976 Caesariensis
2553 1928 2607 1971 et
2646 1914 3000 1983 Patrophilus
3041 1910 3558 1981 Scytbopolitanus,
3597 1921 3730 1961 cum

2145 2021 2329 2070 essent
2366 2010 2577 2073 Ariani,
2613 2017 2666 2063 et
2711 2006 3150 2075 subrogaverunt
3201 2018 3298 2074 pro
3330 2018 3394 2058 eo
3439 2000 3731 2073 Cyrillum,

2146 2114 2404 2177 putantes
2430 2120 2551 2157 eum
2576 2102 2775 2156 trahere
2803 2100 3150 2155 concordem.
3180 2096 3332 2150 Tunc
3356 2096 3570 2167 signum
3596 2108 3735 2148 (πυ,

2147 2199 2230 2254 cis
2278 2196 2537 2266 apparuit
2599 2194 2652 2249 in
2708 2193 2849 2248 ctelo
2903 2192 2992 2247 die
3053 2190 3440 2257 Pentecostes,
3490 2187 3756 2258 speciem.

2146 2290 2372 2345 luminis
2417 2288 2658 2351 habens,
2704 2295 2992 2340 extensum
3030 2300 3059 2338 a
3107 2282 3374 2353 Coigotba
3428 2294 3601 2350 usque
3657 2279 3732 2331 ad

2148 2389 2386 2438 montem
2427 2380 2705 2436 Olivarum
2741 2394 2756 2445 ;
2809 2377 2865 2432 in
2900 2378 3134 2432 circuitu
3188 2384 3368 2430 autem
3413 2370 3738 2444 apparentia

2147 2474 2289 2544 signi
2322 2488 2522 2528 corona
2552 2480 2695 2533 erat,
2734 2470 2942 2526 habens
2971 2470 3116 2523 velut
3159 2467 3261 2522 lris
3304 2467 3569 2537 speciem.
3615 2462 3739 2519 Hoc

2148 2578 2329 2623 autem
2380 2575 2436 2621 et
2476 2564 2801 2619 Constantio
2852 2562 3040 2617 eadem
3092 2560 3182 2615 die
3229 2559 3505 2631 apparuit.
3555 2556 3741 2627 Hujus

2146 2666 2329 2714 autem
2362 2655 2552 2728 Cyrilli
2595 2655 2767 2709 fertur
2806 2653 3040 2723 epistola
3069 2653 3135 2706 ad
3174 2652 3562 2721 imperatorem
3584 2649 3763 2705 Coum

2149 2752 2437 2813 stantium,
2488 2753 2541 2805 in
2581 2764 2688 2820 qua
2745 2747 3052 2818 piissimum
3098 2761 3223 2801 cum
3282 2744 3530 2799 vocabat.
3577 2739 3746 2799 Unde

2148 2846 2371 2918 quidam
2420 2842 2467 2899 ei
2510 2842 2683 2912 quasi
2710 2841 2915 2895 Ariano
2953 2840 3247 2909 derogant,
3294 2837 3541 2892 dicentes
3583 2836 3745 2892 hunc

2148 2940 2315 2995 etiam
2343 2935 2617 2991 homousii
2662 2948 2849 2988 vocem
2885 2932 3121 2986 tacuisse
3166 2930 3745 2994 ininstitution‘bus,

2150 3046 2287 3103 quas
2318 3028 2574 3099 exposuit
2605 3027 2675 3082 ad
2713 3012 3015 3097 profectum
3060 3025 3435 3095 imperitarum
3467 3022 3743 3092 plebium»,

2152 3123 2233 3179 ad'
2262 3120 2531 3191 baptisma
2571 3129 2795 3189 propter
2819 3115 3085 3171 miracula
3115 3114 3343 3169 vivifica:
3369 3114 3553 3169 crucis
3579 3128 3745 3168 acce—

474 3230 584 3285 est,
621 3229 676 3276 et
728 3222 899 3277 Roma
954 3238 1049 3293 per
1090 3232 1201 3278 tres
1264 3222 1382 3277 dies
1441 3234 1710 3277 commota
1766 3222 2052 3292 dispendia
2082 3239 2125 3299 ε
2157 3215 2420 3270 dentium.
2449 3210 2736 3267 Falluntur
2765 3223 2945 3265 autem
2977 3217 3143 3278 atque
3180 3206 3547 3277 delinquunt:
3572 3219 3761 3276 ορατ-ι

475 3315 720 3384 pertulit.
770 3315 929 3370 Circa
985 3318 1100 3371 inec
1129 3324 1310 3371 autem
1349 3325 1597 3385 tempora
1641 3314 1895 3370 Liberius
1944 3317 2054 3371 Ro-

427 3404 432 3410 ’
476 3423 644 3462 tnano
673 3408 873 3463 throno
906 3408 1184 3477 praesedit.
1221 3406 1420 3463 Verum
1454 3408 1792 3463 Athanasius
1820 3416 1875 3463 et
1910 3408 2057 3463 Pau-

481 3500 589 3561 lus,
622 3507 679 3555 et
731 3509 1001 3568 quotquot
1050 3513 1153 3568 pro
1210 3498 1537 3553 rectitudine
1574 3501 1845 3555 sermonis
1898 3500 2055 3570 ejecti

479 3594 722 3659 fuerant,
752 3593 978 3650 Romam
1022 3592 1095 3647 ad
1120 3591 1323 3647 Julium
1359 3589 1749 3662 confugerunt,
1790 3601 1845 3646 et
1884 3608 2058 3648 unus-

477 3688 714 3759 quisque
740 3688 809 3744 de
842 3704 900 3744 se
923 3687 1124 3743 Julium
1157 3686 1346 3742 docuit
1371 3701 1387 3752 ;
1412 3701 1553 3757 quos
1583 3686 1674 3742 ille
1702 3701 1827 3740 cum
1859 3684 2060 3740 litteris

479 3784 728 3838 ecclesiis
755 3783 871 3838 suis
892 3783 1157 3839 restituit.
1190 3781 1526 3836 Athanasius
1558 3786 1747 3835 autem
1774 3787 1830 3835 et
1858 3779 2061 3834 Paulus

480 3884 535 3932 et
572 3878 625 3932 hi
653 3877 746 3946 qui
782 3891 907 3932 cum
953 3876 1090 3946 ipsis
1145 3883 1321 3939 erant,
1368 3874 1569 3929 litteris
1597 3872 1725 3927 Julii
1757 3888 1911 3944 papae
1944 3871 2060 3929 Bo-

481 3969 629 4023 mani
664 3968 817 4034 freti,
876 3968 1109 4022 thronos
1156 3968 1410 4037 proprios
1446 3972 1791 4035 receperunt.
1852 3964 2064 4020 Interea

484 4072 642 4117 terra:
700 4068 851 4116 motu
904 4075 1104 4131 magno
1142 4060 1198 4114 in
1253 4059 1477 4114 civitate
1531 4057 1732 4128 Beryto
1782 4057 2064 4113 thnicis

483 4156 628 4209 facto
664 4155 899 4224 plurima
949 4168 1079 4224 pars
1106 4152 1230 4222 ejus
1268 4151 1499 4218 corruit,
1532 4150 1609 4206 ita
1640 4159 1702 4206 ut
1741 4150 1899 4206 multi
1930 4166 2066 4221 gen-

485 4247 612 4301 tiles
636 4247 1049 4317 ingrederentur
1074 4245 1387 4309 ecclesiam,
1406 4260 1467 4301 se
1498 4244 1663 4300 ritum
1691 4244 2065 4301 Christianum

484 4348 805 4393 scrvatttros
857 4352 1009 4393 more
1066 4346 1259 4393 nostro
1309 4336 1667 4408 spondentes.
1699 4337 1838 4393 Hinc
1887 4338 2070 4394 insur-

483 4438 675 4500 gentes
698 4432 918 4501 quidam
954 4430 1159 4488 formas
1184 4431 1434 4487 ecclesia:
1478 4432 1884 4503 quodammodo
1919 4431 2070 4486 frau-

482 4521 676 4577 dantes
708 4528 1130 4585 resecaverunt,
1161 4530 1218 4575 et
1254 4521 1435 4577 locum
1468 4521 1743 4576 orationis
1782 4521 2066 4591 cognomi-

2159 3306 2309 3361 tebat
2335 3303 2481 3358 enim
2510 3310 2564 3356 et
2586 3302 2970 3372 imperatorem
3002 3316 3066 3355 ex
3092 3298 3443 3369 simplicitate
3462 3305 3514 3351 et
3532 3313 3647 3351 non
3669 3313 3743 3351 ex

2159 3397 2357 3453 aﬂ‘ectu
2389 3395 2648 3452 versutiis
2679 3394 3007 3447 Arianorum
3038 3392 3091 3446 in
3119 3389 3369 3445 hmresim
3396 3398 3741 3459 surreptum,

2156 3502 2212 3547 et
2244 3508 2272 3546 a
2302 3490 2622 3561 paganismo
2650 3487 2892 3542 nondum
2935 3484 3175 3555 perfecte
3208 3495 3562 3543 conversum,
3598 3479 3750 3550 piis-

2159 3585 2360 3640 simum
2416 3580 2820 3649 dispensatorie
2866 3577 3069 3641 dicere,
3114 3588 3179 3628 ac
3222 3570 3496 3627 bomousii
3546 3584 3746 3624 vocem

2160 3675 2378 3732 interim
2434 3684 2635 3735 tacere,
2687 3685 2810 3742 qua:
2863 3668 3129 3740 plurimos
3163 3664 3343 3720 adhuc
3391 3662 3648 3718 turbabat
3686 3669 3748 3716 et

2161 3768 2522 3840 baptizandos
2570 3764 2920 3818 inimicorum
2965 3757 3402 3815 contradictione
3435 3752 3749 3817 recidehat,

2163 3870 2420 3916 caeterum
2451 3873 2551 3928 per
2590 3856 2861 3912 dictiOucs
2905 3840 3015 3907 vim
3056 3849 3325 3920 aequalem
3368 3845 3749 3917 significantes

2164 3952 2443 4011 homousii
2477 3965 2664 4006 vocem
2696 3947 3063 4018 exprimere;
3102 3940 3247 4013 quod
3283 3950 3335 3995 et
3378 3938 3504 3994 fecit
3549 3938 3749 3994 beatus

2165 4044 2420 4118 Cyrillus,
2502 4041 2777 4097 Nicenam
2843 4038 3000 4092 fidem
3082 4033 3382 4090 secundum
3446 4031 3746 4086 dictionem

2166 4137 2443 4209 aperiens,
2474 4145 2528 4190 et
2564 4133 2731 4189 Deum
2766 4146 2952 4185 verum
2977 4128 3176 4183 Filium
3200 4143 3263 4181 ex
3292 4126 3399 4181 Deo
3430 4139 3558 4180 vero
3584 4124 3751 4180 Patre

2168 4245 2514 4304 praeconans.
2562 4225 2742 4281 Porro
2796 4222 3132 4278 Athanasius
3173 4229 3227 4274 et
3270 4220 3476 4275 Paulus
3526 4227 3751 4271 mortuo

2168 4325 2337 4395 impio
2364 4320 2605 4378 Eusebio
2629 4314 3134 4385 Constantinopoli,
3168 4312 3257 4367 uhi
3296 4310 3607 4383 praefuerat,
3641 4313 3765 4366 itea

2170 4433 2293 4474 rum
2327 4417 2553 4471 Romam
2604 4412 2668 4468 ad
2721 4409 2925 4465 Julium
2963 4406 3301 4462 descendunt
3351 4405 3665 4475 episcopum
3697 4413 3759 4456 et

2173 4509 2242 4565 ad
2288 4506 2643 4565 Constantem
2691 4504 3077 4573 imperatorem
3128 4499 3352 4553 fratrem
3409 4496 3750 4553 Constantii.

483 4622 681 4672 nantes
728 4615 781 4670 in
832 4616 949 4685 ipso
992 4582 1396 4669 multitudinem
1447 4621 1823 4685 receperunt,
1851 4582 2415 4675 cunctaDPopulus
2452 4608 2636 4656 autem
2683 4596 2925 4654 Eusebio
2960 4594 3221 4649 defuncto
3269 4591 3499 4648 Paulum
3546 4592 3752 4646 throno

486 4726 608 4780 quze
646 4717 776 4765 sunt
804 4707 1062 4764 Ecclesia:
1097 4707 1374 4763 imitantes
1398 4744 1414 4770 ,
1464 4705 1721 4763 similiter
1767 4706 1911 4777 apud
1968 4722 2071 4763 nos

486 4802 663 4859 eiii-eti
706 4813 763 4857 ut
804 4800 1256 4856 Samaritensium
1310 4798 1535 4855 haeresis
1580 4800 1863 4870 gentiliter
1907 4815 2072 4868 penes

486 4896 706 4952 Judaaos
746 4896 1066 4951 viventium.
1124 4894 1416 4949 Cteterum-
1446 4891 1807 4948 Constantius
1849 4892 2072 4949 Liberio

488 4985 756 5043 scribenti
790 4987 896 5041 sibi
922 4999 1021 5057 pro
1063 4984 1355 5039 homousio
1394 4990 1450 5038 et
1489 4982 1870 5039 sacratissimo
1899 4981 2072 5037 Atha-

490 5079 647 5134 nasio
675 5078 847 5133 iratus
875 5076 1068 5141 mittit,
1090 5085 1145 5131 et
1170 5076 1318 5130 hunc
1348 5074 1516 5129 exilio
1549 5073 1779 5146 relegari
1811 5072 2070 5144 praecepit

490 5169 635 5241 apud
656 5168 967 5224 Bretaniam
996 5167 1266 5222 Thraciae.
1291 5166 1555 5237 Tuncque
1581 5181 1679 5235 pro
1708 5164 1803 5219 illo
1831 5164 2065 5221 Felicem

490 5268 978 5325 consecraverunt,
996 5259 1379 5331 quidiaconus
1412 5258 1510 5313 fuit
1540 5256 1790 5313 ecclesiae
1815 5266 1870 5311 et
1894 5254 2079 5311 ΝἰεειξοΔ

492 5371 626 5414 num
656 5354 1094 5426 amplectebatur
1130 5352 1448 5409 concilium.
1483 5351 1659 5407 Porro
1692 5349 1941 5418 jussione
1968 5351 2070 5404 im-

494 5448 770 5518 peratoria
794 5447 1038 5519 synodus
1064 5454 1395 5517 congregata
1417 5451 1502 5501 est
1518 5445 1660 5512 apud
1684 5443 2074 5508 Mediolanum,

493 5536 930 5594 Occidentalium
966 5537 1189 5608 quidem
1234 5543 1605 5591 trecentorum
1643 5533 2032 5608 episcoporum
2058 5572 2075 5598 ,

495 5631 856 5689 Orientalium
889 5647 1020 5689 vero
1044 5631 1200 5687 valde
1230 5644 1559 5702 paucorum.
1586 5607 1758 5684 Pdrro
1788 5628 1967 5683 soluta
1994 5635 2080 5682 est

2172 4689 2734 4763 Constantinopoleos
2764 4688 3023 4748 reddunt,
3054 4685 3301 4739 dicentes
3336 4684 3481 4753 quod
3520 4682 3753 4739 Romam

2171 4788 2242 4843 ad
2291 4785 2513 4841 Iulium.
2546 4781 2828 4856 profectus
2874 4778 3038 4835 fuerit
3079 4784 3144 4832 etv
3180 4777 3248 4830 ab
3287 4792 3354 4831 eo
3392 4792 3515 4832 cum
3553 4776 3757 4832 litteris

2170 4879 2519 4937 remeaverit.
2555 4876 2676 4944 Quo
2714 4882 2997 4945 comperto
3023 4872 3383 4930 Constantius
3435 4869 3757 4938 indignatus

2168 4974 2326 5045 jubet
2360 4971 2614 5041 Philippo
2662 4967 2917 5039 praefecto
2960 4964 3189 5019 Paulum
3229 4962 3439 5032 insequi
3479 4974 3532 5015 et
3576 4960 3758 5015 Mace-

2178 5065 2407 5121 donium
2444 5064 2739 5117 restituere
2774 5060 2993 5114 throno.
3028 5055 3331 5112 Praefectus
3362 5063 3542 5107 autem
3580 5066 3758 5122 popu-

2178 5157 2291 5213 lum
2317 5163 2588 5217 metuens,
2611 5149 2837 5205 Paulum
2864 5148 3333 5211 Thessalonicam,
3360 5160 3426 5200 ex
3459 5158 3567 5214 qua
3595 5150 3756 5199 ortus

2179 5244 2380 5311 fuerat,
2438 5262 2575 5303 usus
2626 5243 2850 5315 ingenio
2897 5240 3212 5295 destinavit.
3273 5242 3572 5309 imperator
3622 5251 3757 5291 vero

2177 5344 2342 5399 etiam
2397 5348 2529 5394 tunc
2578 5336 2884 5393 Athanasio
2935 5348 3122 5387 necem
3172 5330 3482 5385 minabatur
3527 5329 3756 5393 inferre,

2174 5451 2340 5508 quam
2372 5435 2464 5489 ille
2494 5433 2695 5486 timens
2715 5430 2873 5498 fugax
2896 5427 3076 5482 denuo
3107 5425 3334 5480 Romam
3369 5423 3624 5492 perrexit.
3649 5420 3754 5475 Cui

2179 5528 2430 5600 protinus
2485 5523 2692 5582 Paulus
2719 5535 2939 5591 quoque
3004 5519 3229 5573 veniens
3279 5531 3309 5569 a
3360 5513 3759 5569 Thessalonica

2182 5622 2428 5679 sociatur
2460 5636 2475 5685 ;
2507 5616 2600 5689 qui
2632 5614 2899 5671 abeuntes
2913 5610 3201 5667 Constanti
3228 5624 3345 5680 quae
3368 5609 3512 5677 passi
3544 5607 3765 5662 fuerant

2018 5740 2247 5799 NOTJE.

574 5844 652 5915 (9)
688 5842 983 5923 Fpisrapio.
1052 5839 1397 5923 Flodoardus
1422 5838 1614 5923 l,_‘20:
1670 5857 1690 5892 ι
1725 5837 1924 5923 §icque
1971 5850 2098 5923 pro-

502 5908 663 5991 spere
693 5908 750 5972 in
788 5908 948 5973 suum
980 5928 1233 5971 reversus
1264 5911 1624 5985 episcopium.
1673 5930 1691 5963 ι
1730 5908 1896 5966 Furi.

2224 5902 2235 5913 .
2278 5827 2390 5955 (toi)
2417 5830 2534 5897 Quo
2558 5858 2628 5871 —
2647 5834 2876 5883 acutus.
2912 5820 3041 5877 Haec
3073 5817 3143 5875 de
3165 5831 3265 5875 suo
3297 5814 3513 5871 addidit
3534 5812 3764 5867 Anasta-

2224 5918 2333 5955 ms.
2385 5916 2440 5955 υ.

2187 5918 2333 5961 Cius.
2363 5916 2440 5957 ID.
