4034 6298
281 328 430 399 1-247

1083 339 1452 401 HISTORIA
1490 340 2067 403 ECCLESIASTICA
2100 340 2716 404 EXTHEOPHANE.

3411 342 3550 411 1218

275 444 656 514 nuntiarunt,
723 447 812 517 qui
857 448 1157 503 condolens
1208 452 1418 508 sanctis
1474 450 1672 507 scribit
1724 451 1868 506 Con-
1896 450 2115 509 Anus:
2151 450 2527 524 Mihi,inquit,
2548 471 2666 508 cum
2684 452 2916 524 subjt'clo
2943 457 3133 525 populo
3152 460 3216 513 de
3246 456 3549 527 Icujusmodi

273 542 488 597 Stantia
516 548 577 595 ut
604 547 699 596 aut
729 540 978 597 redderet
999 541 1166 599 Paulo
1191 550 1246 599 et
1284 544 1586 602 Athanasio
1618 545 1869 616 proprias

275 634 466 698 sedes,
486 646 578 688 aut
601 642 748 690 certe
768 635 1016 704 praelium
1043 646 1234 689 contra
1250 652 1310 691 se
1324 637 1493 692 sciret
1515 637 1866 693 m0veudum.

278 726 546 781 llnrtatus
575 735 756 782 autem
792 736 876 781 est
912 743 1035 783 eum
1068 744 1178 798 quo
1209 730 1454 801 synodus
1495 729 1638 801 apud
1673 729 1868 784 Sardi-

276 835 406 874 ram
441 819 614 885 ﬁeret,
645 821 698 875 in
729 836 836 891 qua
870 820 1258 892 Hesperiarutn
1284 835 1595 879 convenere
1624 823 1866 894 epismpi

260 913 555 976 trecenti,
587 910 895 969 Orientales
935 922 1116 970 autem
1147 914 1371 986 triginta
1420 931 1537 972 sex.
1574 916 1663 972 lsti
1710 916 1867 973 Occi-

272 1003 595 1059 dentalibus
622 1003 977 1066 resistebant,
1008 1014 1259 1076 petentes
1286 1008 1481 1075 expelli
1507 1007 1659 1077 prius
1692 1007 1861 1062 Alba.

264 1098 502 1151 nasium
537 1109 591 1152 et
625 1096 879 1151 Paulum.
906 1095 1079 1156 Osius
1110 1106 1292 1154 autem
1328 1099 1706 1155 Cordubensis
1750 1101 1866 1171 epi-

275 1205 489 1260 scopus
543 1201 597 1245 et
620 1190 951 1259 Protogenes
997 1190 1345 1248 Sardicensis
1384 1193 1529 1263 passi
1575 1209 1682 1261 non
1734 1200 1866 1247 sunt

269 1300 391 1354 quo
448 1284 631 1339 minus
688 1285 941 1340 adessent
988 1286 1163 1341 sancti
1212 1285 1549 1344 Athanasius
1597 1289 1762 1343 simul
1806 1294 1863 1342 et

267 1375 504 1432 Paulus.
538 1376 695 1431 Tunc
727 1375 1031 1432 Orientales
1062 1393 1232 1448 penes
1262 1377 1687 1450 Philippopolim
1729 1395 1865 1433 cou-

272 1471 560 1524 venientes
592 1470 939 1538 impudenter
974 1470 1327 1526 bomousium
1361 1472 1861 1529 anathematizave-

268 1574 449 1617 runt:
509 1562 601 1632 qui
650 1577 779 1617 vero
829 1563 974 1633 apud
1026 1562 1312 1618 Sardicam
1371 1565 1666 1620 orthodoxi
1731 1575 1861 1621 sunt

272 1657 508 1718 inventi,
539 1670 852 1710 anomoeum
886 1656 1435 1720 anathematizantes,
1471 1667 1683 1714 rectum
1714 1659 1857 1729 apud

270 1748 512 1802 Nicaeam
531 1748 796 1818 exposita:
817 1747 936 1803 fidei
967 1749 1260 1804 terminum
1289 1750 1663 1805 firmaverunt.
1681 1746 1858 1808 Porro
1890 1750 1896 1818 ξ

256 1843 564 1897 'reddidere
607 1843 836 1897 thronos
868 1842 1168 1898 Athanasio
1216 1852 1270 1899 et
1307 1844 1476 1898 Paulo
1503 1856 1671 1915 atque
1718 1845 1859 1898 Mar-

252 1934 414 1987 ~cclln
445 1933 762 2003 Ancyrano,
803 1933 1085 1989 confitenti
1116 1935 1463 1991 humousium
1499 1947 1551 1993 et
1589 1936 1854 1991 rationem

271 2008 376 2097 pro
413 2042 473 2081 se
508 2026 780 2093 reddenti,
807 2026 952 2097 quod
994 2043 1103 2082 non
1130 2027 1494 2084 intellexerint
1523 2029 1725 2099 scripta
1757 2042 1856 2085 sua

270 2119 329 2174 hi
368 2120 462 2191 qui
504 2136 564 2175 se
586 2120 1040 2176 accusationibus
1072 2120 1431 2190 impetebant.
1470 2122 1677 2177 Interea
1711 2124 1858 2175 Con.-

258 2211 514 2267 stantiu's
555 2212 821 2283 vigesimo
856 2213 1038 2283 primo
1072 2227 1218 2267 anno
1245 2211 1473 2267 Romam
1506 2221 1696 2269 contra
1740 2214 1857 2269 Ma-

270 2305 559 2375 gnentium
605 2305 972 2361 dimicaturus
1009 2306 1181 2371 venit,
1217 2306 1307 2360 ubi
1353 2306 1422 2362 ab
1462 2306 1695 2361 Eusebia
1733 2323 1857 2376 pro-

259 2399 393 2467 pria
445 2413 616 2453 uxore
658 2406 881 2468 rogatus
929 2396 1207 2452 Jttliauum
1257 2414 1323 2453 ex
1364 2412 1589 2453 carcere
1628 2398 1854 2453 ductum

262 2488 546 2545 Caesarem
581 2490 711 2552 facit
758 2499 812 2543 et
859 2490 913 2544 in
943 2490 1152 2545 Gallias
1179 2491 1364 2558 mittit,
1400 2491 1666 2562 copulans
1707 2495 1755 2547 ei
1787 2493 1854 2547 ad

266 2586 498 2653 nuptias
525 2598 773 2638 sororem
805 2598 961 2638 suam
991 2582 1274 2651 Helenam,
1304 2600 1423 2656 quae
1450 2594 1503 2641 et
1530 2586 1856 2641 Constantia

267 2680 416 2735 dicta
448 2688 555 2737 est.
1638 2672 1641 2673 ν

347 2770 533 2824 Mundi
555 2784 697 2823 anno
721 2768 882 2832 5850,
912 2770 1111 2824 divinae
1130 2768 1526 2826 incarnationis
1547 2785 1693 2826 anno
1726 2772 1853 2837 550,

271 2865 421 2920 facto
456 2880 653 2936 magno
689 2848 861 2932 terra.
913 2872 1064 2918 motu
1116 2861 1624 2932 Constantinopolis
1673 2864 1854 2920 diruta

268 2969 378 3014 est.
435 2956 642 3012 Deinde
700 2969 919 3011 mortuo
966 2956 1293 3011 Constantio
1343 2957 1610 3027 vigesimo
1654 2970 1854 3026 quarto

270 3051 487 3120 imperii
518 3051 605 3104 sui
639 3063 787 3103 anno
817 3047 1071 3104 Julianus
1114 3056 1471 3104 monocrator
1496 3046 1726 3104 eﬂ'ectus
1754 3050 1854 3104 im-

1974 543 2194 614 ucgotiis
2230 546 2438 600 curiose
2475 563 2628 617 agere
2657 546 2744 614 fas
2781 563 2883 601 non
2932 558 3029 603 est.
3071 549 3140 603 Ut
3184 567 3307 621 ergo
3348 552 3553 606 videtur

1971 636 2115 691 vobis
2173 638 2561 704 sacerdotibus,
2626 641 2808 710 facite.
2858 640 3014 697 Tunc
3063 642 3345 700 venientes
3403 648 3548 717 apud

1969 726 2355 798 Lampsacum,
2390 741 2445 786 et
2482 731 2695 789 duobus
2734 734 2846 790 illic
2876 737 3159 791 mensibus
3203 740 3548 799 commorati.

1969 821 2269 878 novissime
2316 824 2469 878 irrita
2503 827 2681 882 fecere
2718 844 2840 897 quae
2874 829 2942 883 ab
2981 829 3229 883 Eudoxio
3262 839 3315 885 et
3348 832 3552 887 Aeaciu

1968 910 2444 984 Constantinopoli
2489 924 2620 971 sunt
2667 924 2899 986 patrata,
2951 920 3352 989 tenendamque
3385 922 3546 975 fidem

1969 1006 2111 1075 apud
2139 1005 2444 1063 Seleuciam
2466 1011 2773 1079 expositam
2800 1011 3184 1068 decreverunt.
3208 1012 3316 1068 Sed
3347 1015 3549 1084 impius

1968 1095 2190 1166 Valens,
2217 1116 2341 1170 qua:
2366 1102 2507 1171 apud
2548 1100 2910 1174 Lampsacum
2943 1114 3098 1175 gesta
3130 1116 3293 1172 sunt,
3325 1108 3547 1163 destru-

1966 1191 2065 1254 xit,
2111 1198 2166 1243 et
2191 1191 2501 1260 episcopos,
2534 1192 2627 1262 qui
2676 1192 2878 1250 ibidem
2913 1205 3307 1259 convenerant,
3354 1198 3548 1252 exsilio

1966 1282 2245 1352 relegavit.
2273 1285 2481 1341 Interea
2518 1286 2769 1343 Liberius
2801 1303 2943 1359 papa
2979 1287 3262 1347 Romanus
3290 1302 3345 1346 et
3373 1293 3549 1346 Atha-

1965 1378 2157 1435 nasius
2181 1388 2235 1435 et
2263 1378 2516 1438 Meletius
2540 1389 2594 1437 et
2628 1380 3100 1440 Samosatensium
3135 1384 3426 1449 Eusebius.
3449 1387 3543 1457 qui

1961 1472 2176 1529 Ioviani
2237 1483 2512 1546 praecepto
2565 1475 2634 1529 ab
2674 1477 2874 1531 exsilio
2929 1477 3143 1533 fuerant
3191 1480 3457 1546 revocati,
3489 1482 3543 1536 in

1962 1567 2313 1623 orthodoxize-
2331 1582 2582 1623 sermone
2605 1568 2878 1639 vigebant,
2901 1584 3113 1625 necnon
3148 1579 3201 1626 et
3231 1570 3547 1645 Hierosoly-

1963 1663 2207 1719 mitanus
2242 1662 2480 1734 Cyrinus
2527 1670 2580 1717 et
2630 1661 2722 1715 alii
2766 1662 3008 1733 episcopi
3049 1664 3369 1721 orthodoxae
3421 1665 3541 1722 fidei

1962 1766 2419 1827 propugnatores.
2448 1755 2669 1811 Arianis
2704 1768 2885 1811 autem
2922 1765 3191 1825 praeerant
3228 1760 3371 1829 apud
3412 1760 3545 1815 Ale-

1960 1846 2243 1901 xandriam
2299 1845 2524 1914 Lucius,
2559 1856 2612 1902 et
2655 1848 2798 1917 apud
2853 1848 3199 1903 Antiochiam
3264 1849 3543 1916 Euzoius,

1958 1935 2218 1993 Paulinus
2243 1946 2423 1992 autem
2454 1937 2549 1991 uni
2583 1937 2723 2007 parti
2751 1936 3206 2005 orthodoxorum,
3229 1940 3385 1996 alteri
3412 1956 3545 1996 vero

1958 2029 2231 2086 Meletius.
2284 2029 2520 2097 Quidam
2554 2046 2685 2086 sane
2714 2030 2867 2085 aiunt
2894 2031 3038 2103 quod
3082 2029 3365 2088 Dominica
3403 2050 3543 2088 uxor

1957 2123 2204 2179 Valentis
2248 2124 2585 2192 persuaserit
2630 2126 2680 2179 ei
2718 2134 2826 2178 tam
2871 2124 3117 2179 valenter
3160 2124 3273 2179 Arii
3322 2141 3540 2181 sensum

1958 2217 2181 2272 sectari.
2210 2215 2381 2272 Porro
2405 2216 2499 2271 alii
2535 2217 2785 2271 scribunt
2808 2216 2955 2287 quod
2975 2229 3262 2289 postquam
3298 2219 3541 2288 impera-

1958 2308 2099 2362 verit
2138 2308 2207 2363 ab
2236 2307 2483 2362 Eudoxio
2511 2308 2841 2377 baptizatus,
2878 2308 3197 2378 iuramento
3235 2310 3541 2365 firmaverit

1958 2399 2013 2454 in
2046 2401 2167 2470 ipso
2216 2400 2545 2471 baptismate
2586 2415 2711 2454 cum
2744 2400 2878 2455 Ario
2908 2416 2969 2455 se
3020 2416 3315 2457 sensurum
3354 2411 3409 2456 et
3442 2403 3542 2458 bo-

1959 2493 2232 2547 mousium
2267 2493 2492 2547 minime
2521 2501 2868 2561 recepturum
2898 2533 2913 2559 ,
2944 2501 3004 2550 et
3032 2495 3113 2550 sic
3152 2497 3374 2565 utrique
3398 2497 3538 2553 dena

1958 2585 2125 2637 millia
2152 2586 2594 2651 persecutionum
2622 2585 2677 2639 in
2720 2586 3060 2642 orthodoxos
3094 2599 3531 2645 commoverunt.

1957 2674 2176 2731 Mittunt
2211 2685 2392 2732 autem
2426 2688 2479 2733 et
2513 2677 2733 2750 Liberip
2758 2681 3111 2735 Eustathium
3144 2681 3446 2737 Armenttm
3481 2692 3537 2739 et

1958 2769 2240 2825 Silvanum
2281 2771 2610 2827 Tarsensem
2658 2782 2821 2843 atque.
2870 2773 3233 2845 Theophilum
3276 2775 3539 2832 Castavao

1959 2863 2187 2928 lensem,
2224 2866 2668 2935 repromittentes
2711 2882 2805 2936 per
2838 2868 2987 2935 ipsos
3026 2869 3271 2939 recipere
3309 2870 3537 2924 homon-

1957 2956 2123 3010 sium.
2145 2956 2246 3020 Οιιί
2267 2957 2645 3026 pervenientes
2668 2957 2885 3012 Liberio
2905 2959 3169 3029 scriptum
3190 2973 3285 3028 pro
3303 2961 3539 3016 homon-

1957 3051 2044 3105 sio
2094 3058 2459 3121 porrexerunt
2510 3050 2774 3115 libellum,
2831 3048 3150 3120 profitentes
3200 3067 3260 3107 se
3316 3066 3536 3107 omnem

270 3145 544 3215 pudenter
584 3142 799 3198 vivebat
834 3151 997 3211 atque
1032 3140 1328 3209 gentiliter,
1369 3141 1639 3211 sanguine
1676 3144 1853 3197 sacri-
1878 3150 1921 3209 ρ
1956 3142 2206 3197 lmresim
2259 3156 2589 3205 eversuros,
2654 3158 2776 3213 quas
2840 3141 3052 3214 synodo
3104 3141 3338 3199 Nicmnae
3399 3146 3540 3200 foret

274 3233 523 3289 liciorum
586 3240 842 3288 sanctum
893 3232 1227 3301 baptismum
1257 3230 1498 3299 diluens,
1544 3240 1602 3289 et
1649 3242 1851 3289 cuncta

270 3326 485 3383 faciens
507 3328 709 3399 quibus
749 3325 1025 3381 daemones
1052 3326 1256 3395 placari
1293 3332 1580 3381 suescnnt.

344 3419 527 3475 Ilundi
558 3434 703 3473 anno
733 3418 894 3482 5856,
913 3418 1111 3473 divinae
1134 3417 1531 3474 incarnationis
1556 3431 1699 3472 anno
1723 3413 1851 3476 356.

268 3510 535 3567 Iovianus
566 3508 928 3572 cbiliarcbus,
953 3508 1036 3562 vir
1066 3509 1395 3564 mitissimus
1423 3516 1479 3564 et
1510 3507 1852 3563 orthodoxus

270 3604 645 3667 Christianus,
687 3604 986 3673 imperator
1021 3601 1392 3657 Romanorum
1419 3602 1488 3657 ab
1516 3600 1663 3657 omni
1692 3616 1854 3656 exer-

270 3698 384 3752 citu
420 3711 485 3751 ac
530 3695 945 3764 magistratibus
994 3704 1159 3765 atque
1201 3694 1526 3751 consulibus
1569 3693 1623 3747 in
1660 3694 1850 3747 eodem

270 3785 394 3843 loco
427 3772 588 3842 tePrae
619 3785 936 3851 Persarum,
979 3788 1033 3840 in
1060 3802 1172 3856 quo
1204 3786 1586 3858 praevaricator
1620 3785 1849 3846 interiit,

269 3890 672 3951 nuncupatur,
715 3879 809 3950 qui
849 3879 1142 3935 recusabat
1174 3879 1486 3949 imperium,
1526 3892 1850 3933 asseverans

270 3990 381 4028 non
411 3984 661 4042 se'posse
706 3971 1003 4042 principari
1034 3970 1298 4027 exercitui
1331 3971 1423 4041 qui
1471 3985 1717 4041 paganus
1748 3968 1850 4024 sub

267 4068 491 4122 Juliano
516 4068 590 4123 sit
620 4070 797 4121 factus
821 4082 838 4133 ;
868 4065 934 4120 ad
963 4079 1125 4135 quem
1152 4079 1351 4119 omnes
1380 4063 1711 4118 unanimiter
1738 4062 1851 4116 cla-

269 4175 490 4216 mavere
519 4173 581 4214 se
613 4157 959 4214 Christianos
1000 4171 1144 4211 esse.
1182 4154 1418 4227 Scripsit
1454 4165 1712 4226 praeterea
1752 4151 1849 4208 Jo-

268 4255 465 4307 vianus
485 4250 861 4309 sacratissimo
884 4247 1188 4305 Athanasio
1212 4248 1572 4302 immaculata:
1594 4247 1715 4302 fidei
1740 4246 1846 4301 sibi

268 4348 573 4421 significari
629 4349 685 4403 in
732 4348 952 4415 scriptis
997 4346 1342 4415 acribeiam;
1393 4346 1539 4416 quod
1590 4357 1645 4403 et
1694 4346 1844 4414 fecit,

268 4445 437 4498 totius
471 4441 811 4495 orthodoxia
827 4438 1059 4495 Joviano
1085 4439 1372 4509 epistolam
1396 4439 1667 4494 scribens.
1694 4439 1846 4496 Unde

1957 3233 2221 3299 adversa;
2250 3234 2448 3303 quibus
2474 3242 2525 3299 et
2556 3235 2792 3303 receptis
2811 3232 3061 3288 Liberius
3088 3235 3537 3299 communicavit,

1957 3326 2311 3396 scribensque
2324 3323 2697 3382 Orientalibus
2722 3324 3089 3381 testimonium
3119 3327 3229 3381 illis
3260 3328 3540 3400 perhibuit

1955 3418 2314 3473 orthodoxize.

2027 3509 2212 3565 Mundi
2232 3525 2379 3565 anno
2409 3511 2571 3579 5861,
2594 3511 2791 3569 divina
2814 3513 3213 3569 incarnationis
3238 3529 3383 3570 anno
3406 3514 3534 3581 561,

1956 3604 2246 3659 concilium
2287 3604 2571 3671 Tyauense
2601 3605 2931 3661 celebratum
2960 3616 3064 3672 est,
3097 3607 3150 3661 in
3197 3624 3304 3677 quo
3330 3609 3533 3663 inventi

1955 3707 2086 3752 sunt
2113 3697 2380 3752 Eusebius
2422 3697 2779 3754 Caesariensis
2816 3698 3193 3770 Cappadociae,
3235 3701 3534 3773 Gregorius

1952 3791 2332 3847 Nazianzenus
2382 3799 2535 3862 pater
2580 3791 2832 3863 Gregorii
2879 3794 3136 3866 deiloqui,
3167 3795 3259 3866 qui
3313 3805 3367 3850 et
3420 3797 3548 3866 ipse:

1952 3883 2328 3940 Nazianzenus
2369 3886 2692 3956 appellatur,
2727 3897 2780 3942 et
2813 3887 3047 3945 Trienns
3080 3888 3449 3947 Melitenensis
3480 3901 3534 3945 et

1952 3980 2086 4042 alii;
2117 3979 2208 4049 qui
2232 3994 2399 4050 super
2434 3978 2637 4036 Liberii
2673 3979 2874 4036 litteris
2908 3983 3245 4038 exsultantes
3280 3984 3534 4038 omnibus

1951 4071 2277 4126 orthodoxis
2323 4071 2776 4144 significaverunt
2817 4074 3091 4145 episcopis
3138 4083 3260 4147 quo'
3297 4074 3532 4133 Tarsum

1949 4165 2004 4220 in
2059 4165 2533 4220 confirmationem
2579 4181 2724 4222 verae
2763 4174 2927 4223 rectae
2972 4168 3093 4223 fidei
3127 4169 3528 4237 convenirent;

1948 4275 2059 4330 quo
2090 4259 2277 4314 audito
2306 4258 2507 4316 Valens
2538 4275 2634 4317 eos
2669 4260 2949 4329 prohibuit
2978 4260 3294 4318 convenire.

1975 4349 2269 4422 -Cyziceni
2290 4358 2469 4406 autem
2483 4349 2810 4406 Eunomium
2841 4352 3075 4408 insecuti
3105 4361 3234 4409 sunt
3268 4348 3526 4425 t‘at'iquam

1950 4443 2268 4499 haeretieum
2306 4450 2360 4498 et
2396 4443 2795 4514 blasphemum.
2829 4445 2920 4514 qui
2964 4444 3186 4500 veniens
3217 4446 3403 4500 uultus
3444 4454 3531 4501 est

265 4535 532 4593 Jovianus
568 4534 849 4590 robustior
885 4532 940 4586 in
986 4503 1313 4587 orthodoxia
1351 4530 1581 4588 effectus
1626 4533 1711 4588 his
1753 4535 1846 4602 qui
1879 4503 1927 4561 ὓ
1954 4534 2226 4589 Eudoxio.
2252 4532 2378 4587 Erat
2404 4503 2547 4587 enim
2576 4503 2927 4605 blasphemus
2959 4546 3013 4590 et
3044 4536 3362 4600 acerrimus,
3392 4552 3529 4608 prae-

266 4629 637 4701 praedicabant
668 4626 1012 4681 homousium
1044 4626 1213 4681 multa
1238 4625 1484 4692 donavit,
1519 4634 1574 4681 et
1604 4626 1722 4682 sine
1744 4626 1848 4680 tri-

268 4724 399 4778 buto
432 4734 656 4775 manere
691 4718 1000 4773 constituit.

335 4812 456 4879 Quo
488 4809 749 4866 defuncto
792 4809 1127 4865 acclamatus
1158 4814 1243 4863 est
1277 4805 1693 4864 Valentinianus
1731 4810 1845 4864 Au-

266 4914 463 4975 gustus
500 4918 532 4960 a
585 4901 850 4958 militibus
890 4916 906 4967 ;
964 4900 1055 4971 qui
1105 4900 1367 4957 continuo
1406 4902 1729 4971 perveniens
1775 4902 1844 4958 ad

266 4999 467 5069 regiam
501 4996 690 5051 urbem
724 4992 1003 5050 Valentem
1035 4992 1259 5048 fratrem
1283 5009 1443 5048 suum
1470 4996 1845 5051 communica-

266 5101 435 5146 torem
477 5089 562 5144 sui
596 5087 725 5144 fecit
749 5087 987 5157 imperii,
1029 5086 1256 5157 largitus
1293 5087 1342 5141 ei
1379 5096 1560 5156 partes
1592 5086 1844 5144 Orienta-

266 5185 364 5249 les,
392 5183 499 5238 sibi
518 5181 746 5238 retentis
778 5178 1243 5235 Occidentalibus.
1278 5178 1490 5235 interea
1512 5178 1843 5236 Valentinia-

266 5292 367 5331 nus
408 5275 694 5343 Augustus
743 5271 1062 5328 Gratianum
1110 5270 1278 5326 filium
1327 5286 1489 5326 suum
1535 5270 1840 5341 Augustum

264 5367 590 5439 appellavit,
658 5365 1174 5420 communicatorem
1231 5363 1442 5433 imperii
1500 5364 1673 5435 patris
1713 5405 1731 5429 ,
1787 5374 1842 5420 et

263 5461 548 5517 consulem
590 5467 716 5515 ante
744 5459 1176 5529 pronuntiatum,
1206 5464 1260 5512 et
1296 5455 1572 5512 Valentem
1617 5456 1837 5512 fratrem

262 5570 421 5611 suum
451 5553 856 5623 imperatorem.
874 5548 1175 5606 Orthodoxi
1198 5557 1376 5603 autem
1401 5559 1754 5605 accesserunt
1770 5550 1837 5605 ad

266 5645 707 5704 Valentinianum
739 5659 837 5715 per
871 5642 1158 5715 Hypatium
1194 5642 1513 5713 episcopum
1554 5640 1837 5709 Heraclia},

259 5739 619 5811 deprecantes
661 5750 770 5807 quo
802 5733 917 5790 fieri
953 5742 1283 5790 conventum
1325 5734 1641 5804 praeriperet
1673 5749 1837 5804 super

258 5827 607 5889 correctione
624 5825 896 5899 dogmatis
918 5825 1207 5882 homousii.
1238 5826 1319 5881 Ad
1338 5840 1476 5898 quos
1501 5823 1836 5882 Valentinia-

1950 4640 2172 4680 sumens
2197 4623 2381 4681 dicere
2405 4626 2533 4695 quia
2557 4624 2700 4681 Deus
2729 4627 2796 4681 de
2817 4628 3035 4695 propria
3059 4628 3365 4683 substantia
3389 4629 3527 4685 nihil

1947 4718 2108 4772 nobis
2158 4718 2394 4788 amplius
2440 4718 2610 4774 novit.
2646 4717 2816 4773 Porro
2864 4720 3056 4775 Valens
3106 4721 3333 4791 paganis
3379 4722 3531 4778 dedit

1949 4806 2217 4865 sacrificia
2248 4818 2302 4862 et
2332 4807 2706 4863 solemnitates
2730 4807 3041 4865 celebrandi
3077 4811 3376 4869 licentiam.
3399 4809 3524 4869 Pari
3562 4800 3566 4804 ’

1947 4900 2113 4955 modo
2141 4898 2427 4955 etJudazos
2458 4898 2673 4953 fovebat
2698 4907 2753 4954 et
2780 4901 3109 4966 honorabat,
3137 4903 3284 4958 solos
3311 4914 3523 4959 tantum

1945 4991 2283 5049 orthodoxos
2320 4992 2374 5046 in
2406 4992 2704 5062 apostolica
2737 4992 3022 5047 insecutus
3066 4993 3336 5049 Ecclesia.

2018 5084 2192 5155 Hujus
2220 5100 2365 5140 anno
2396 5084 2606 5155 imperii
2638 5100 2785 5140 nono
2821 5083 2880 5142 S.
2923 5086 3259 5142 Athanasius
3292 5089 3526 5143 Alexan-

1943 5179 2140 5235 drinus
2190 5176 2441 5249 migravit
2490 5177 2555 5231 ad
2599 5176 2927 5243 Dominum,
2971 5194 3096 5234 cum
3145 5179 3520 5251 episcopatum

1944 5272 2208 5342 gessisset
2236 5271 2395 5326 annis
2425 5270 2791 5341 quadraginta
2814 5286 2928 5335 sex,
2952 5285 3021 5327 ex
3049 5270 3250 5342 quibus
3279 5272 3524 5342 quadra-

1940 5365 2090 5434 ginta
2142 5365 2194 5417 in
2242 5364 2721 5434 persecutionibus
2769 5378 2868 5435 pro
2918 5364 3120 5435 pietate
3157 5377 3221 5417 ac
3257 5364 3519 5433 periculis

1944 5454 2100 5510 vixit.
2132 5454 2232 5508 Cui
2268 5446 2538 5509 successit
2572 5452 2794 5519 Petrus,
2824 5455 2919 5525 qui
2968 5453 3190 5509 Arianis
3224 5452 3278 5508 in
3314 5456 3518 5509 multo-

1943 5563 2062 5601 rum
2098 5546 2377 5601 hominum
2415 5551 2590 5602 caedes
2626 5545 3008 5618 grassantibus
3054 5543 3245 5615 pulsus
3283 5544 3516 5601 Romam

1942 5641 2155 5709 fugiens
2184 5639 2248 5693 ad
2284 5640 2571 5695 Damasum
2606 5640 2936 5710 properavit,
2972 5640 3134 5709 cujus
3162 5649 3215 5693 ct
3245 5647 3363 5692 erat
3390 5654 3518 5699 sen-

1938 5750 2057 5800 sus,
2097 5732 2318 5804 quando
2340 5741 2392 5788 ct
2422 5734 2713 5797 horrenda,
2736 5748 2859 5805 quae
2877 5742 3027 5804 gesta
3050 5742 3180 5788 sunt
3208 5732 3275 5786 ab
3296 5731 3517 5788 Arianis

1949 5827 2091 5899 apud
2125 5828 2536 5894 Alexandriam,
2572 5842 2672 5898 per
2701 5827 2996 5899 epistolam
3040 5826 3517 5895 conscripserunt.
