4034 6298
431 277 567 345 1219

1522 272 1923 336 ANASTASII
1970 267 2602 334 BIBLlOTHECARII

3568 254 3703 323 1230

428 392 633 449 Eodem
667 404 812 448 anno
849 398 904 445 et
939 388 1174 461 Basilius
1206 388 1504 459 episcopus
1545 370 1797 442 Cazsarite
1836 386 2014 441 factus
2043 390 2087 446 Α
2116 381 2441 447 Melitanus,
2472 376 2824 451 postmodum
2857 384 3039 431 autem
3080 381 3136 431 et
3180 369 3483 429 Flavianus
3526 371 3709 426 Antio.

423 494 535 551 est,
558 500 683 540 cum
708 482 982 540 Eusebius
1011 482 1100 553 pie
1124 481 1444 537 dormisset.

503 577 685 633 Mundi
716 590 861 632 anno
879 574 1041 641 5866,
1070 574 1270 631 divina:
1299 571 1699 629 incarnationis
1718 586 1861 625 anno
1886 568 2015 633 566,

2116 476 2350 531 chenus.
2390 472 2663 529 Praeterea
2705 467 2906 525 Valens
2950 467 3100 524 omni
3139 464 3373 524 ecclesia
3420 465 3707 521 devastata

2120 568 2265 622 venit
2309 566 2603 622 Caesariem
2655 566 2723 618 ab
2755 561 3001 625 Oriente,
3039 568 3231 616 contra
3272 557 3709 615 sacratissimum

430 668 762 725 Ambrosius
779 665 1249 738 postAuxentium
1271 661 2017 721 ecclesiaeMediolanensinm
2119 659 2379 713 Basilium
2404 656 2837 724 insaniensmui
2864 656 3112 725 egitque:
3143 667 3374 723 magnus
3406 648 3709 720 Gregorius

427 771 653 834 prmest.
670 759 973 816 Occidente
992 774 1121 814 vero
1151 768 1319 814 totam
1341 758 1669 813 Trinitatem
1691 754 2018 810 homonsion

429 855 790 927 praedicante,
818 855 1167 925 postulavere
1196 852 1418 923 quidam
1451 848 1923 912 Valentinianum,
1966 858 2021 900 et

441 951 618 1006 fecere
650 950 922 1021 synodum
957 948 1011 1001 in
1056 948 1297 1019 illyrico,
1331 953 1384 1000 et
1414 943 1578 999 fidem
1618 943 2023 998 roboraverunt

435 1037 733 1097 Nicenam.
761 1041 917 1096 Tunc
948 1050 1003 1096 et
1037 1037 1339 1110 Gregorius
1371 1038 1661 1108 dciloquus
1700 1034 2021 1090 Constanti-

431 1134 769 1205 nopolitanai
830 1132 1127 1203 praesidere
1181 1130 1514 1185 noscebatur
1560 1126 1860 1190 Ecclesia,
1919 1139 2019 1196 pro

437 1225 630 1282 Basilii
666 1233 722 1281 et
751 1222 951 1279 Meletii
1004 1238 1067 1277 ac
1113 1222 1452 1292 reliquorum
1507 1219 1725 1289 pietatis
1773 1232 2024 1288 pugnans

433 1316 807 1390 dogmatibus.
849 1314 919 1368 Et
953 1315 1056 1371 nisi
1091 1322 1219 1369 ante
1248 1314 1313 1368 ad
1342 1313 1535 1368 urbem
1567 1310 2029 1379 (Ionsmntinopo-

422 1411 668 1463 ‘litanam
695 1407 959 1461 invitatus
989 1414 1159 1469 esset,
1189 1413 1303 1460 tota
1334 1404 1595 1459 nimirum
1625 1402 1738 1456 Arii
1765 1408 1819 1454 ct
1852 1400 2029 1453 Euno-

442 1500 536 1555 mii
574 1500 877 1570 repleretnr
920 1498 1149 1553 illuvie:
1186 1510 1379 1551 omnes
1416 1494 1560 1547 cnim
1613 1491 1880 1559 ecclesias
1921 1490 2032 1565 ipsi.

442 1592 817 1662 possidebant,
839 1599 1034 1662 praeter
1072 1589 1376 1645 oratorium
1410 1586 1713 1641 Anastasio:
1746 1583 2024 1655 martyris.

440 1686 683 1742 Praeerat
736 1693 922 1757 autem
985 1684 1097 1739 illic
1148 1681 1368 1737 Arianis
1431 1678 1810 1744 Denmphilus.
1870 1678 2028 1733 Tunc

436 1776 741 1848 Gregorius
774 1791 993 1847 quoque
1023 1773 1306 1846 Nyssenus
1335 1782 1390 1829 et
1429 1772 1647 1834 Petrus,
1688 1769 1888 1825 fratres
1923 1768 2026 1822 Ba-

445 1870 578 1938 silii,
618 1870 1009 1934 coruscabant,
1049 1866 1414 1939 Optimusque
1453 1866 1507 1919 in
1553 1863 1761 1920 Pisidia
1794 1872 1849 1918 et
1896 1864 2028 1915 Am-

442 1961 755 2033 philochius
806 1961 860 2016 in
924 1959 1134 2021 Iconio.
1191 1960 1420 2014 Baream
1476 1965 1655 2011 autem
1709 1955 2033 2025 episcopum

428 2053 672 2112 “Edessa
696 2064 860 2127 atque
877 2054 1156 2125 Pelagium
1177 2050 1477 2119 Laodiceae,
1500 2059 1688 2121 utpote
1713 2049 2033 2103 orthodoxae

448 2148 575 2204 fidei
613 2155 1078 2220 propugnatores,
1112 2145 1389 2216 Valensin
1407 2144 1663 2199 exsilium
1686 2141 1856 2196 misit.
1896 2140 2035 2195 Sau-

450 2251 788 2297 romatarum
821 2248 1000 2295 autem
1024 2253 1180 2309 gens,
1212 2253 1334 2308 qua:
1368 2237 1566 2306 pusilla
1605 2244 1662 2290 et
1688 2234 1905 2289 infirma
1927 2242 2031 2296 est,

451 2344 645 2390 contra
676 2333 1125 2390 Valentinianum
1156 2333 1449 2401 insurgens
1487 2337 1541 2384 et
1567 2329 1635 2383 ab
1663 2343 1729 2384 eo
1751 2339 2033 2397 superata,

454 2428 651 2498 legatis
684 2427 891 2492 missis,
926 2439 1115 2496 pacem
1152 2424 1481 2495 expostulat.
1514 2419 1761 2491 Cumque
1793 2418 2037 2473 Valenti-

450 2517 657 2575 nianus
712 2532 745 2572 a
794 2516 990 2588 legatis
1038 2515 1418 2571 sciscitaretur
1458 2524 1644 2568 utrum
1696 2510 2039 2566 Sauromata:

454 2611 595 2668 tales
632 2618 688 2667 et
720 2620 828 2666 tam
869 2611 1060 2665 vilium
1108 2624 1403 2679 corporum
1445 2622 1641 2663 omnes
1681 2606 2038 2670 exsisterent,

456 2702 866 2774 responderunt
916 2701 1161 2757 dicentes
1213 2703 1343 2771 quia
1393 2698 1652 2754 Meliores
1696 2713 1887 2753 eorum
1951 2695 2043 2751 hic

460 2797 631 2852 habes
656 2806 711 2851 et
739 2796 911 2853 vides.
940 2794 1097 2850 Tunc
1134 2794 1473 2849 validissime
1518 2792 1609 2847 ille
1642 2794 1889 2846 clamans
1916 2788 1991 2842 ait
2024 2805 2039 2844 :

460 2891 683 2946 Atracia
712 2889 1006 2943 Romanum
1037 2888 1316 2957 imperium
1351 2887 1576 2941 sustinet
1607 2883 1676 2938 ad
1710 2880 2043 2938 Valentinia-

458 2999 585 3037 num
609 2983 928 3053 pertingens,
946 2981 991 3035 si
1016 2978 1351 3035 Sauromata:
1370 2978 1501 3032 tates
1530 2978 1839 3032 exsistentes
1856 2985 2044 3030 contra

461 3075 728 3131 liomanos
756 3073 1060 3143 insurgunt.
1093 3070 1172 3126 Ει
1201 3071 1551 3125 animositate
1578 3077 1762 3124 autem
1796 3066 1963 3121 nimia
1987 3073 2041 3120 et

462 3183 725 3224 manuum
748 3168 946 3238 plausu
978 3180 1113 3221 vena
1147 3166 1347 3229 recisa,
1379 3174 1434 3216 ct
1464 3161 1704 3233 plurimo
1725 3171 2043 3230 erumpente

464 3258 752 3331 sanguine,
805 3258 859 3312 in
912 3257 1150 3327 quodam
1200 3254 1499 3324 municipio
1552 3252 1739 3307 Gallia
1791 3253 2046 3311 moritur.

464 3355 638 3412 Porro
671 3353 870 3408 Valens
891 3352 1189 3421 Trajannm
1222 3351 1600 3419 magistratum
1627 3356 1821 3401 contra
1842 3345 2048 3402 Gothos

468 3446 746 3517 misit,qui
783 3446 964 3501 victus
988 3443 1349 3516 ignominiosa
1377 3455 1633 3497 reversus
1661 3448 1765 3496 est.
1796 3439 1896 3494 Cui
1922 3454 2048 3493 cum

466 3542 671 3598 Valens
697 3539 979 3596 mollitiem
1012 3538 1396 3605 exprobraret,
1438 3533 1757 3605 respondit:
1809 3530 1929 3586 Non
1958 3547 2051 3600 ego

466 3650 588 3689 sum
609 3633 801 3694 uictus.
825 3634 1133 3699 imperator,
1165 3628 1255 3683 sed
1292 3640 1369 3688 tu,
1400 3628 1493 3698 qui
1530 3637 1713 3681 contra
1747 3623 1915 3679 Deum
1953 3638 2051 3691 pu-

465 3741 601 3794 gnas
657 3732 705 3777 et
760 3720 1004 3779 barbaris
1054 3729 1242 3773 nutum
1286 3718 1405 3787 ejus
1462 3717 1735 3771 concilias.
1785 3715 2055 3771 Damasus

468 3826 654 3872 autem
712 3812 995 3873 Romanus
1057 3821 1112 3867 et
1168 3810 1363 3868 Petrus
1432 3809 1836 3865 Aiexandrinus
1890 3805 2048 3877 primi

469 3908 836 3966 Sabbatianos
864 3906 1371 3967 condemnaverunt
1400 3920 1415 3968 ;
1440 3914 1490 3960 et
1521 3902 1720 3972 impius
1751 3899 2055 3956 Eunomius

472 4000 823 4069 [nassumpsit
861 3999 917 4055 in
958 4014 1069 4054 una
1121 3998 1396 4054 morsioue
1436 3996 1709 4065 baptisma
1753 3993 2053 4060 celebrare,

474 4090 657 4146 nonin
682 4089 970 4157 Trinitate,
998 4090 1091 4147 sed
1118 4090 1171 4145 in
1192 4087 1855 4158 morteChristiloportere
1880 4086 2056 4156 bapti.

473 4196 603 4237 nare
631 4180 845 4248 dicens,
884 4190 939 4236 et
967 4196 1065 4237 eos
1094 4180 1186 4251 qui
1213 4181 1270 4235 in
1302 4178 1572 4239 Trinitate
1613 4178 1872 4250 baptizati
1902 4186 2058 4236 erant

475 4274 873 4346 rebaptiaahat.

551 4366 652 4421 Per
699 4366 841 4424 idem
886 4373 1101 4438 tempus
1145 4376 1199 4420 et
1243 4379 1477 4436 magnus
1512 4362 1752 4435 Ephrem
1787 4365 1848 4420 in
1876 4365 2095 4421 studio'

2121 751 2174 805 in
2204 749 2488 820 epitaphio
2524 748 2710 804 Basilii
2751 748 2955 819 arguit.
2991 746 3198 802 Deinde
3234 759 3365 799 vero
3398 743 3576 797 Mavia
3611 740 3714 796 Sa-

2125 858 2449 899 racenorum
2511 840 2698 914 regina
2753 843 2924 897 multa
2982 841 3124 894 mala
3186 835 3455 894 Romanis
3505 834 3715 890 faciens

2126 950 2309 1005 pacem
2350 936 2623 1004 qumsivit,
2674 944 2727 990 et
2768 932 2955 990 Mosen
3004 932 3297 1003 quemdam
3326 928 3715 1001 religiosorum

2126 1027 2180 1080 in
2229 1040 2414 1081 eremo
2466 1026 2927 1081 commorantium
2969 1026 3289 1096 episcopum
3324 1022 3444 1077 dari
3484 1021 3720 1077 Sarace-

2126 1118 2235 1181 nis,
2269 1118 2363 1189 qui
2388 1118 2536 1189 apud
2563 1134 2622 1174 se
2649 1117 3167 1182 chriStianizabant,
3194 1116 3442 1185 expetiit.
3476 1115 3720 1186 Impera-

2130 1221 2245 1267 tore
2277 1223 2457 1267 autem
2490 1212 2750 1268 alacriter
2780 1213 2886 1267 hoc
2920 1212 3176 1277 faciente,
3194 1210 3410 1282 Moyses
3444 1226 3650 1267 non....
3684 1223 3721 1263 a

2128 1304 2375 1361 Luciano
2405 1307 2613 1360 Ariano
2647 1307 2983 1369 consecrari,
3018 1303 3116 1359 sed
3154 1319 3183 1357 a
3221 1302 3463 1373 quodam
3496 1303 3721 1373 episco-

2130 1412 2323 1466 porum
2368 1398 2463 1469 qui
2501 1399 2554 1452 in
2589 1399 2755 1454 exilio
2788 1398 3007 1452 fuerant
3038 1416 3052 1463 ;
3094 1396 3240 1467 quod
3285 1404 3340 1452 et
3371 1395 3575 1451 factum
3611 1403 3719 1449 cst.

2131 1488 2245 1545 Hoc
2302 1502 2564 1560 suscepto
2616 1489 2791 1545 Maria
2840 1492 3044 1545 inultos
3078 1488 3422 1545 Christianos
3450 1486 3521 1543 de
3555 1485 3725 1542 Sara-

2129 1587 2285 1643 cenis
2330 1587 2531 1642 etl‘ecit.
2582 1588 2753 1642 Aiunt
2786 1597 2968 1643 autem
2997 1587 3126 1657 quia
3162 1594 3217 1642 et
3248 1586 3365 1656 ipsa
3405 1584 3724 1640 Christiana

2131 1688 2291 1746 erat,
2339 1680 2563 1737 natione
2613 1681 2883 1748 Romana,
2939 1692 2993 1737 ct
3046 1680 3262 1751 captiva
3294 1682 3459 1736 ducta
3518 1676 3729 1750 placuit

2135 1784 2354 1855 propter
2403 1774 2827 1855 pulcritudinem
2879 1774 2993 1847 regi
3056 1774 3498 1836 Saracenorum,
3540 1781 3595 1826 et
3645 1773 3729 1827 sic

2135 1852 2368 1936 regnum
2400 1852 2663 1922 obtinuit.
2694 1867 2899 1923 Scribit
2930 1881 3060 1922 vero
3096 1865 3262 1920 multa
3299 1866 3365 1920 de
3393 1866 3586 1920 eodem
3629 1878 3731 1934 go:

2132 1974 2267 2014 nere
2298 1958 2657 2025 Sozomeuus,
2685 1960 2829 2013 unde
2856 1959 3124 2029 originem
3155 1958 3364 2028 ceperit
3383 1964 3439 2013 et
3470 1958 3615 2011 unde
3647 1957 3731 2011 sic

2135 2062 2509 2123 nuncupetur,
2541 2064 2596 2108 et
2624 2053 2772 2123 quod
2811 2050 2877 2107 15
2906 2068 3049 2106 anno
3072 2050 3523 2107 circumcidatur.
3551 2050 3731 2106 Porro

2135 2144 2300 2201 Gothi
2331 2145 2400 2199 ab
2430 2144 2644 2201 llunnis
2667 2146 2973 2216 impngnati
3002 2144 3267 2199 auxilium
3295 2144 3365 2198 ab
3396 2144 3731 2212 imperatore

2138 2239 2440 2310 postulant,
2468 2249 2522 2294 et
2543 2255 2639 2309 per
2660 2238 2894 2294 Hult'tam
2913 2238 3235 2308 episcopum
3259 2252 3421 2292 suum
3435 2237 3729 2301 Ariannm,

2136 2334 2228 2404 qui
2264 2340 2510 2388 moratus
2541 2333 2647 2389 sub
2672 2331 2995 2389 Constantio
3033 2330 3211 2388 fuerat
3236 2345 3359 2388 cum
3395 2329 3646 2385 Eudoxio
3675 2338 3734 2383 et

2138 2425 2341 2480 Acaoio
2382 2425 2624 2483 Arionis.
2668 2424 2773 2480 Hic
2814 2422 3027 2481 Gothos
3062 2425 3296 2481 Arianos
3344 2439 3468 2480 esse
3515 2423 3731 2489 docuit,

2138 2526 2230 2596 qui
2262 2524 2487 2580 adunati
2521 2520 2691 2575 ferme
2719 2517 2910 2588 viginti
2932 2516 3156 2574 Graecia
3180 2515 3585 2587 depopulantur
3603 2528 3736 2585 pro-

2142 2616 2375 2670 vincias.
2396 2613 2518 2679 Quo
2546 2610 2735 2665 audito
2758 2607 2981 2675 Valens,
3006 2625 3129 2664 cum
3148 2608 3455 2663 Antiochia:
3482 2608 3733 2677 degeret,

2141 2707 2289 2765 venit
2347 2680 2912 2773 Constantinopolim.
2973 2702 3223 2774 Byzantii
3274 2716 3408 2755 vero
3465 2699 3734 2755 conviciis

2142 2802 2297 2855 illum
2331 2809 2518 2869 utpote
2553 2796 2854 2850 invalidum
2885 2803 2938 2851 et
2973 2794 3243 2849 bellorum
3276 2792 3526 2862 fugacem
3561 2802 3735 2843 accn-

2146 2891 2449 2946 mulabant.
2486 2888 2737 2943 Hisacius
2766 2892 2975 2949 autem,
3006 2900 3166 2943 sacer
3196 2883 3520 2947 monachus,
3539 2892 3736 2937 tenens

2147 2983 2361 3039 frenum
2391 2982 2520 3051 equi
2574 2980 2842 3041 Valentis,
2871 2993 2997 3034 eum
3042 2979 3343 3033 novissime
3381 2976 3736 3045 egrederetur

2068 3111 2112 3171 ϐ
2150 3079 2205 3133 in
2237 3078 2508 3148 praelium,
2535 3076 2609 3129 ait
2650 3075 2721 3128 ad
2748 3087 2877 3129 eum
2909 3090 2922 3128 :
2957 3072 3075 3140 Quo
3106 3072 3276 3136 vadis,
3308 3072 3597 3140 imperator
3634 3082 3736 3121 ocr-

2149 3186 2329 3227 vemts
2368 3168 2533 3223 Deum
2565 3182 2805 3236 pugnans
2835 3172 2883 3221 et
2923 3163 3090 3219 Deum
3120 3160 3736 3218 adversariumhabens?

2150 3265 2324 3328 Quem
2360 3263 2533 3316 iratus
2573 3260 2786 3314 carceri
2816 3257 3065 3320 tradidit,
3095 3241 3327 3311 mortem
3366 3255 3438 3309 illi
3470 3255 3736 3320 minatus,

2150 3356 2197 3411 si
2238 3354 2462 3418 rediret,
2498 3353 2958 3422 quemadmodum
2986 3350 3205 3404 Mieheae
3220 3347 3497 3418 quondam
3520 3347 3735 3401 Achab.

2154 3448 2282 3504 Post
2322 3446 2700 3517 egressionem
2746 3452 2927 3499 autem
2953 3445 3072 3514 ejus
3104 3442 3325 3513 quidam
3353 3454 3417 3495 ex
3459 3443 3575 3495 suis
3606 3454 3738 3493 con-

2153 3541 2289 3599 fessi
2338 3549 2469 3597 sunt
2508 3538 2656 3609 quod
2708 3538 3025 3609 praeeperlt
3080 3534 3449 3591 divinationes
3499 3533 3616 3587 ﬁeri
3674 3531 3741 3587 de

2154 3636 2359 3705 impetu
2392 3634 2541 3700 belli,
2572 3632 2720 3703 quod
2748 3631 2853 3687 sibi
2876 3630 3216 3685 imminebat.
3251 3628 3373 3695 Quo
3395 3642 3517 3682 cum
3545 3625 3740 3682 Gothis

2157 3729 2293 3783 inito
2321 3737 2613 3798 superatus
2636 3724 2775 3797 fugit
2806 3724 2862 3780 in
2895 3723 3190 3795 quamdam
3222 3721 3632 3784 domunculam,
3672 3722 3744 3774 ad

2156 3834 2319 3890 quam
2354 3834 2479 3874 cum
2510 3819 2727 3873 barbari
2760 3815 3165 3888 pervenissent,
3187 3815 3408 3869 dommn
3441 3813 3743 3868 incenden-

2157 3921 2263 3978 tes,
2306 3911 2650 3983 ignorantcs,
2681 3922 2877 3965 omnes
2906 3909 3003 3978 qui
3039 3909 3094 3963 in
3129 3907 3218 3963 illa
3253 3917 3413 3962 erant
3460 3921 3746 3962 cremave-

2160 4015 2306 4060 runt.
2336 4005 2505 4059 Aiunt
2529 4014 2714 4059 autent
2755 4002 2902 4074 quod
2935 4000 3157 4057 divinus
3184 3998 3437 4061 liisacins
3464 4000 3523 4053 in
3556 4014 3746 4053 carce-

2159 4113 2219 4153 re
2242 4097 2457 4154 fcetoris
2481 4098 2789 4162 Valentem,
2809 4098 2942 4151 dum
2966 4106 3331 4157 cremaretur,
3356 4094 3539 4148 divina
3567 4094 3744 4163 gratia

2156 4201 2213 4248 et
2256 4192 2453 4246 animae
2486 4190 2760 4246 munditla
2799 4185 3233 4258 deprehenderet
3257 4225 3273 4251 ,
3323 4186 3745 4257 praedixeritque

2160 4284 2640 4353 interemptionem
2663 4284 2785 4353 ejus
2802 4282 2891 4339 his
2913 4281 3006 4352 qui
3035 4296 3224 4336 secum
3245 4290 3426 4344 erant,
3454 4288 3745 4350 antequam

2161 4377 2341 4433 nuntii
2372 4377 2723 4432 advenissent
2749 4375 2841 4447 qui
2875 4383 3027 4445 gesta
3067 4373 3239 4444 praelii
3264 4374 3601 4429 nuntiarent.
3624 4369 3747 4438 Quo

477 4468 532 4517 ct
555 4459 738 4517 divina
770 4459 1022 4515 doctrina
1064 4457 1327 4528 fulgebat,
1362 4455 1562 4512 multos
1593 4456 1815 4528 quidem
1845 4472 2046 4513 sermo-

2165 4477 2450 4540 comperto
2482 4466 2785 4522 Gratianus
2817 4466 3101 4536 Augustus
3134 4463 3508 4519 Theodosium
3559 4462 3749 4533 Augu-

480 4569 579 4608 nes
608 4553 902 4620 asceticos,
939 4551 1124 4621 plures
1170 4558 1355 4605 autem
1393 4550 1739 4620 dogmaticos
1774 4565 1844 4605 ex
1873 4551 2063 4607 divino

481 4648 688 4716 Spiritu
723 4660 1012 4713 emanans.
1052 4643 1312 4710 Quaedam
1353 4652 1533 4700 autem
1579 4642 1889 4699 studiorum
1939 4643 2061 4714 ejus

474 4743 646 4797 etiam
675 4741 947 4800 cantanda
978 4738 1132 4811 Syris
1150 4736 1395 4801 tradidit,
1411 4752 1507 4809 per
1534 4738 1705 4795 melos
1734 4739 2061 4809 pertrahens

479 4835 847 4906 antiquiores.
875 4833 1044 4889 Aiunt
1074 4833 1259 4902 itaque
1300 4839 1571 4887 trecentas
1615 4847 1741 4886 eum
1780 4830 2064 4902 myriadas

483 4943 738 4982 versuum
760 4924 1018 4987 edidisse,
1035 4939 1158 4981 vere
1190 4924 1373 4978 divina
1399 4922 1668 4994 sapientia
1688 4922 2062 4989 conditorum,

478 5021 542 5077 in
578 5021 780 5091 quibus
809 5018 1059 5076 invenies
1090 5016 1412 5073 discendam
1439 5016 1544 5073 viri
1572 5017 1850 5071 virtutem.

558 5112 740 5169 Mundi
766 5127 911 5169 anno
932 5109 1096 5175 5868,
1121 5109 1318 5166 divinae
1342 5109 1739 5165 incarnationis
1768 5122 1913 5163 anno
1935 5106 2064 5172 568,

481 5204 945 5263 Messalinnorum
1001 5205 1247 5271 heresis,
1312 5203 1366 5258 id
1419 5214 1523 5269 est,
1582 5202 1953 5259 Enchetarum
2013 5208 2068 5256 et

485 5298 994 5363 Entbusiastarum,
1021 5306 1210 5353 exorta
1236 5305 1344 5353 est.
1369 5295 1434 5351 Ili
1471 5292 1769 5367 psallentes
1807 5294 2070 5349 incedunt

481 5397 545 5445 ot
576 5390 831 5448 manibus
862 5388 1152 5460 plaudunt,
1184 5403 1305 5460 qua:
1349 5388 1489 5458 apud
1525 5387 1690 5442 David
1712 5394 1842 5443 sunt
1882 5387 2068 5443 insen-

485 5490 612 5536 sate
659 5495 723 5537 ac
758 5480 1015 5535 velociter
1056 5481 1410 5551 excipientes.
1466 5477 1642 5548 Hujus
1694 5478 2070 5534 haresiarcbae

494 5572 705 5644 Cadoes
756 5581 812 5633 et
856 5571 1067 5631 Sabbas
1112 5582 1163 5629 et
1199 5574 1499 5645 Adelphius
1550 5573 1901 5636 exstiterunt,
1924 5582 1978 5626 et
2014 5581 2073 5626 ut

486 5668 717 5733 quidam
760 5668 916 5723 aiunt
950 5667 1271 5723 Eustathius
1315 5664 1694 5731 Sebastenus;
1736 5664 1937 5735 quibus
1985 5680 2071 5717 rc~

487 5762 680 5819 stitere
747 5760 961 5819 fortiter
1010 5761 1350 5833 Amphilochi
1376 5779 1418 5815 IS
1466 5759 1799 5821 iconicnsis,
1857 5758 2069 5813 Litoius
2113 5799 2115 5801 ι

2168 4573 2316 4618 stum
2369 4561 2550 4615 induit
2598 4568 2653 4615 et
2691 4560 2986 4630 appellavit
3019 4558 3431 4630 imperatorem.
3466 4565 3521 4611 et
3551 4566 3749 4611 contra

2164 4651 2375 4709 Gathos
2435 4652 2657 4709 direxit.
2689 4652 2900 4707 Gothos
2940 4661 3125 4708 autem
3157 4652 3323 4722 vutgo
3368 4648 3601 4722 Scythas
3637 4646 3749 4701 dici

2166 4746 2444 4817 Trajanus
2474 4744 2743 4816 patricius
2770 4744 3020 4814 perhibet
3052 4745 3109 4798 in
3129 4744 3382 4801 historia.
3404 4744 3533 4797 Erat
3566 4748 3749 4793 autem

2166 4837 2514 4894 Theodosius
2538 4838 2882 4893 orthodoxus
2902 4846 2956 4892 et
2978 4839 3032 4891 in
3065 4836 3223 4892 bellis
3253 4836 3545 4891 mirabilis.
3580 4834 3749 4890 Porro

2166 4927 2460 4985 Gratianus
2512 4937 2570 4985 et
2620 4929 3042 4985 Valentinianus
3100 4928 3218 4999 iege
3274 4928 3400 4983 data
3462 4918 3754 4997 episcopos

2166 5020 2365 5077 exsilio
2401 5024 3070 5085 revocaverunt,Arianos
3093 5033 3272 5077 autem
3306 5022 3580 5093 persecuti
3601 5031 3749 5085 sunt,

2169 5112 2410 5169 Damaso
2442 5122 2780 5185 cooperante
2810 5129 2948 5185 papa
2985 5115 3253 5170 Romano.

2242 5203 2431 5259 Mundi
2455 5219 2602 5259 anno
2620 5203 2781 5271 5874,
2802 5204 3005 5260 divinae
3023 5205 3426 5260 incarnationis
3450 5218 3597 5259 anno
3620 5204 3748 5269 574.

2171 5296 2523 5353 Theodosius
2575 5297 2834 5366 imperat,
2897 5298 3062 5368 cujus
3108 5297 3325 5367 imperii
3373 5299 3569 5369 quinto
3609 5314 3754 5356 anno

2175 5400 2369 5446 sancta
2409 5398 2464 5446 et
2508 5391 2840 5453 universalis
2900 5392 3151 5447 secunda
3186 5393 3433 5464 synodus
3479 5394 3754 5450 celebrata

2182 5491 2289 5545 est,
2317 5482 2405 5537 cui
2427 5483 2696 5552 prafuere
2712 5481 3473 5553 TimotheusAlevamlrinus,
3507 5485 3756 5544 licia-tius

2178 5576 2584 5638 Antiochenus,
2610 5573 2857 5647 Cyrillus
2884 5564 3415 5650 Hierosolymitanus
3445 5589 3504 5635 et
3532 5579 3756 5637 divinus

2172 5669 2474 5741 Gregorius
2507 5669 3174 5742 Constantinopolitanus.
3223 5670 3289 5728 Hi
3327 5690 3456 5730 vero
3486 5678 3584 5747 qui
3626 5695 3749 5731 enm

2175 5761 2494 5817 Macedonio
2528 5778 2753 5819 sensere
2780 5766 3010 5837 triginta
3046 5784 3139 5823 sex
3159 5767 3404 5839 episcopi
3425 5767 3705 5824 adhortati
3727 5782 3757 5825 a
