4034 6298
256 349 385 414 1221

1031 343 1396 405 HISTORIA
1428 343 2004 408 ECCI.ESIASTICA
2027 345 2127 407 EX
2153 343 2633 408 ΤΗΕΟΡΗΑΝΕ.

3382 339 3523 410 tm

249 462 513 518 I’atribus
531 460 791 532 dogmata
813 459 1029 514 Nicena
1049 461 1354 528 suscipere,
1373 460 1676 516 secundum
1697 461 1842 531 quod
1869 467 1920 524 Α
1947 461 2224 518 Praeterea
2254 479 2376 517 cum
2415 463 2714 534 imperator
2733 461 2958 519 [trimam
2994 461 3258 528 venisset,
3279 463 3530 520 accessit"

252 555 545 611 rtLiberio
577 553 1031 625 repromitteutes
1076 553 1290 608 libellos
1325 563 1690 624 perrexerant
1721 572 1735 607 :
1774 553 1830 610 lii

242 652 339 722 qui
369 652 522 705 circa
576 648 861 704 Silvanum
886 657 1043 704 erant
1077 634 1308 702 Romam
1347 649 1686 714 transmissi,
1739 663 1831 702 re-

252 751 494 799 nuerunt
532 742 747 799 veritati
786 741 1162 809 acquiescere,
1215 747 1270 794 et
1294 751 1649 797 recesserunt
1683 741 1833 796 risus

245 837 507 892 otinnibus
539 836 690 903 facti,
717 836 820 890 alia
837 837 1140 890 sentientes
1154 842 1206 889 et
1233 833 1341 887 alia
1365 835 1706 903 pollicentes.
1740 849 1830 888 se-

252 931 499 987 ductorie
521 929 724 985 Liberii
759 930 1020 999 epistolas
1048 939 1413 1001 reportantes,
1453 929 1829 983 testimonium

249 1023 348 1077 sibi
387 1024 746 1093 perbibentes
779 1024 1143 1094 orthodoxiaa.
1180 1021 1383 1076 Sancta
1421 1036 1549 1077 vero
1583 1019 1830 1092 synodus

247 1115 516 1185 Gregorio
539 1115 797 1187 deiloquo
835 1115 1217 1184 episcopatum
1261 1113 1828 1183 Constantinopoleos

239 1207 550 1273 roboravit,
573 1217 627 1262 et
651 1209 798 1263 hunc
821 1208 1052 1263 invitum
1083 1210 1133 1263 in
1161 1192 1362 1263 throno
1389 1208 1610 1272 locavit,
1638 1215 1828 1279 utpote

249 1301 480 1354 multum
517 1300 862 1356 laborantem
904 1313 958 1356 et
986 1303 1178 1358 urbem
1214 1320 1241 1355 a
1289 1301 1514 1357 laesione
1546 1303 1828 1357 haereseos

247 1383 590 1448 liberantem.
610 1392 858 1465 Cumque
881 1394 1170 1449 didicisset
1202 1394 1467 1464 quosdam
1497 1409 1560 1450 ex
1594 1394 1829 1466 IEgypto

245 1485 694 1554 sapientissimus
713 1498 770 1541 et
786 1487 1140 1559 beatissimus
1164 1487 1267 1544 iste
1286 1489 1415 1544 huic
1444 1491 1521 1545 rei
1556 1488 1824 1554 invidere,

233 1579 638 1647 compositorio
669 1595 925 1636 sermone
958 1590 1182 1636 ostenso
1215 1591 1412 1652 sponte
1447 1597 1476 1636 a
1505 1582 1706 1638 throno
1738 1598 1829 1636 re-

243 1671 462 1740 gnantis
515 1670 667 1727 urbis
702 1673 1010 1739 abscessit;
1072 1688 1182 1743 quo
1242 1675 1502 1729 thronum
1551 1674 1826 1731 rei‘utante

235 1762 556 1819 nectarium
597 1765 898 1834 imperator
929 1775 984 1822 et
1006 1767 1253 1837 synodus
1283 1768 1555 1838 provehit,
1584 1765 1824 1824 Tarsen-

243 1869 351 1910 sem
379 1871 585 1927 genere
612 1865 668 1912 et
692 1858 952 1928 praetorio
989 1868 1122 1914 tunc
1160 1861 1598 1931 principantem;
1633 1863 1725 1928 qui
1753 1862 1823 1915 li-

235 1954 325 1999 cet
360 1947 610 2002 nondum
636 1947 947 2018 baptizatus
980 1956 1152 2014 esset,
1203 1950 1498 2020 religiosus
1550 1960 1734 2006 tamen
1762 1958 1817 2006 et

237 2037 361 2092 vitae
411 2040 750 2096 venerabilis
777 2049 917 2097 erat.
969 2040 1142 2098 Porro
1191 2053 1381 2098 sancta
1415 2043 1821 2100 etuniversalis

244 2130 486 2201 synodus
552 2134 877 2189 homousion
931 2133 1215 2200 ﬁrmavit,
1269 2136 1481 2212 addidit
1527 2144 1713 2192 autem
1769 2147 1823 2191 et

234 2221 488 2291 symbolo
511 2222 840 2296 theologiam
862 2225 1101 2297 Spiritus
1118 2229 1315 2283 sancti.
1341 2227 1494 2284 Tunc
1522 2228 1821 2299 Gregorius

242 2314 495 2372 Nicanus
521 2317 577 2370 in
615 2317 718 2372 hac
744 2326 798 2373 et
821 2318 1074 2389 Pelagius
1105 2319 1475 2392 Eulogiusque
1507 2321 1819 2378 Edessenus

241 2417 292 2462 et
322 2408 634 2465 lconiensis
667 2412 1079 2481 Amphilochius
1102 2417 1485 2470 ‘coruscabant
1531 2431 1657 2470 cum
1691 2433 1810 2471 ma-

235 2518 343 2571 gno
374 2500 649 2573 Gregorio
678 2515 731 2558 et
762 2504 897 2560 viris
935 2505 1202 2574 praefatis.
1226 2507 1460 2577 Magnus
1490 2519 1674 2563 autem
1706 2509 1821 2564 Me-

244 2596 400 2651 ictius
436 2597 840 2661 Antiochenus,
899 2609 1192 2669 postquam
1227 2600 1471 2672 synodus
1502 2613 1585 2657 est
1646 2603 1819 2668 finita,

232 2688 499 2744 dormivit
541 2690 595 2743 in
638 2706 792 2759 pace.
827 2692 1134 2748 Ordinatus
1170 2706 1354 2748 autem
1389 2705 1474 2750 est
1523 2694 1822 2752 Flavianus

245 2784 553 2839 Antiochia:
585 2786 803 2854 praesul,
843 2787 1060 2840 vivente
1095 2790 1333 2856 quodam
1354 2788 1604 2850 Paulino,
1628 2805 1823 2858 quam-

243 2892 400 2946 quam
435 2878 579 2932 idem
599 2877 892 2935 Flavianus
917 2883 1175 2951 praestitis
1206 2880 1507 2936 ﬂrmaverit
1532 2881 1822 2949 juramen—

245 2970 311 3025 tis
343 2986 626 3041 nunquam
672 2988 731 3027 se
763 2991 962 3030 manus
1029 2975 1434 3044 impositionem
1465 2977 1822 3044 episcoyiatus

247 3063 520 3120 ullatenus
552 3064 948 3122 admissurum.
976 3066 1180 3124 lterum
1206 3082 1336 3138 ergo
1359 3069 1600 3123 turbatio
1633 3069 1825 3126 Eccle-

243 3158 376 3213 siam
409 3159 699 3214 obtinebat
721 3162 1144 3228 Antiochenam,
1168 3163 1290 3216 aliis
1318 3163 1539 3231 quidem
1569 3163 1820 3232 Paulino,

246 3249 358 3305 aliis
389 3265 528 3304 vero
569 3249 832 3306 Flaviano
877 3255 1220 3324 pereuntibus.
1265 3254 1426 3324 Apud
1475 3237 1822 3311 Palaestinam

247 3343 705 3400 veroincastello
724 3342 1164 3401 Emmausnatus
1198 3356 1282 3401 est
1337 3363 1474 3418 puer
1523 3348 1819 3418 perfectus,

240 3437 310 3490 ab
356 3437 624 3491 umbilico
653 3446 708 3492 et
739 3453 961 3492 sursum
998 3439 1234 3502 divisus,
1267 3439 1338 3494 ita
1367 3452 1423 3494 ut
1456 3441 1681 3496 haberet
1714 3442 1825 3496 duo

242 3539 462 3600 pectora
522 3539 579 3587 et
609 3531 722 3587 duo
752 3533 959 3603 capita,
992 3542 1047 3588 et
1108 3536 1492 3604 unusquisque
1515 3534 1737 3602 sensus,
1768 3543 1826 3593 et

243 3639 382 3681 unus
419 3626 623 3682 edebat
658 3635 714 3682 et
745 3628 987 3696 bibebat,
1011 3635 1066 3681 et
1093 3629 1236 3683 alter
1281 3643 1390 3683 non
1414 3628 1646 3696 edebat;
1679 3645 1823 3686 unus

245 3716 569 3784 dormiebat,
617 3728 673 3774 et
717 3719 856 3774 alter
895 3720 1175 3790 vigilabat.
1225 3717 1634 3786 Nonnunquam
1692 3739 1823 3779 vero

246 3818 296 3864 et
322 3813 486 3868 simul
514 3813 780 3868 ludebant
810 3813 880 3868 ad
913 3816 1265 3882 alterutrum,
1296 3827 1349 3869 et
1370 3813 1533 3870 [lebat
1565 3823 1816 3887 uterque.

245 3913 295 3958 et
322 3908 707 3976 percutiebant
732 3909 988 3964 invicem.
1018 3906 1192 3963 Porro
1236 3910 1422 3965 vixere
1454 3907 1618 3964 annis
1649 3907 1822 3964 ferme

244 3997 476 4066 duobus,
517 4013 573 4057 et
631 4017 777 4056 unus
809 4001 1034 4072 quidem
1063 4011 1320 4057 mortuus
1375 4010 1479 4067 est,
1524 4004 1662 4057 alter
1693 4018 1827 4058 vero

247 4097 373 4151 vixit
391 4097 591 4153 diebus
617 4106 874 4172 quatuor,
902 4107 956 4154 et
987 4108 1238 4155 mortuus
1267 4108 1353 4154 est
1404 4109 1459 4155 et
1484 4101 1619 4170 ipse.
1644 4098 1823 4155 Theo-

245 4189 428 4247 dosius
486 4201 672 4245 autem
719 4191 1012 4247 undecimo
1068 4193 1282 4262 imperii
1332 4193 1415 4250 sui
1471 4210 1614 4248 anno
1675 4195 1822 4248 venit

246 4298 366 4338 cum
391 4284 639 4340 Honorio
666 4284 774 4340 lilio
815 4282 916 4341 Suo
946 4284 1201 4355 Romam,
1232 4297 1289 4343 et
1320 4292 1520 4344 locavit
1562 4307 1684 4343 eum
1719 4291 1822 4343 im-

251 4391 548 4445 peratorem
589 4381 643 4434 in
676 4395 759 4434 ea.

316 4469 499 4526 Mundi
531 4487 680 4528 anno
703 4472 863 4535 5890.
884 4473 1082 4529 divina:
1105 4475 1500 4530 incarnationis
1525 4492 1669 4528 anno
1691 4475 1817 4543 590,

1938 557 2004 609 ad
2039 570 2163 610 eum
2188 556 2483 625 episcopus
2514 554 2747 610 consilio
2785 553 3087 610 Innocentii
3112 552 3348 608 Romani
3381 568 3521 626 pon-

1936 647 2120 715 tiﬁcis,
2154 656 2345 705 contra
2376 649 2696 703 Flavianum
2729 648 3048 718 episc0pum
3087 648 3518 704 Antiochenutn.

1934 737 2237 812 imperator
2265 750 2549 808 autem,ea
2571 758 2693 812 «jure
2717 739 2784 794 ad
2817 756 3006 808 pacem
3035 747 3162 796 sunt
3186 738 3511 804 admonens,

1931 847 2031 887 eos
2103 833 2276 887 univit
2336 845 2457 904 post
2495 832 2681 888 decem
2742 840 2796 886 et
2831 843 3039 902 septem
3092 847 3290 898 annos,
3318 833 3517 902 jubens

1933 927 2252 996 episcopum
2285 926 2353 981 de
2381 924 2605 981 Oriente
2636 928 2864 981 nontam
2898 926 3104 989 venire,
3143 941 3267 980 cum
3303 938 3415 996 quo
3460 932 3516 982 et

1934 1018 2224 1076 Beroensis
2254 1017 2493 1074 Aeacius
2517 1020 2721 1076 missus
2745 1026 2851 1076 est.

2002 1110 2190 1168 Mundi
2247 1127 2391 1168 anno
2426 1111 2588 1177 5890,
2652 1113 2854 1168 divinae
2913 1112 3321 1166 incarnationis
3370 1123 3516 1168 anno

1929 1207 2056 1275 590,
2093 1207 2363 1264 Arcadius
2415 1225 2538 1264 cum
2574 1206 2818 1263 Honorio
2848 1208 3105 1278 imperat,
3161 1207 3320 1278 cujus
3357 1215 3514 1263 sexto

1933 1302 2310 1372 imperiianno
2346 1299 2635 1358 Nectarius
2678 1302 2933 1356 moritur.
2966 1299 3304 1370 Theophilus
3335 1307 3514 1354 autem

1930 1397 2223 1467 episcopus
2245 1398 2654 1453 Alexandrinus
2678 1411 2801 1452 cum
2829 1400 3066 1460 adesset,
3094 1392 3326 1450 Joannis
3343 1392 3519 1464 Chry-

1931 1492 2160 1547 sostomi
2194 1492 2487 1562 prohibere
2539 1489 2827 1560 satagebat
2858 1488 3205 1552 electionem,
3243 1484 3513 1549 Isidorum
3605 1519 3608 1522 ~

1927 1585 2220 1656 quemdam
2251 1585 2631 1656 presbyterum
2661 1600 2845 1647 suum,
2878 1583 2980 1653 'qui
3009 1582 3112 1636 sibi
3162 1580 3516 1635 ministrave-

1929 1690 2034 1743 rat,
2082 1678 2310 1750 dignum
2358 1678 2681 1747 episcopatu
2752 1675 2918 1744 regia:
2972 1674 3130 1729 urbis
3187 1673 3514 1728 testiﬁcans.

1930 1773 2234 1843 Imperator
2283 1779 2467 1827 autem
2500 1782 2554 1827 et
2613 1780 2727 1826 tota
2771 1770 2968 1824 civitas
3007 1767 3272 1823 Joannem
3309 1767 3378 1822 ab
3408 1767 3517 1821 An-

1862 1857 1903 1911 B
1933 1865 2134 1920 tiochia
2193 1865 2260 1919 ad
2295 1865 2347 1920 id
2379 1865 2449 1919 ab
2483 1865 2605 1934 ipso
2658 1871 2912 1918 vocatum
2956 1861 3273 1918 consecrari
3318 1861 3512 1916 voluit.

1934 1961 2062 2015 Erat
2092 1961 2238 2015 enim
2268 1959 2511 2020 Joannes
2543 1975 2607 2013 ex
2639 1956 2971 2014 clarissimis
3026 1953 3510 2016 Antiochensium,

1934 2064 2088 2122 patre
2119 2051 2371 2107 Secundo
2398 2061 2452 2106 et
2483 2050 2734 2106 Anthusa
2771 2057 2944 2102 matre
2983 2043 3220 2116 genitus.
3259 2044 3358 2098 Hic
3388 2059 3512 2098 cum

1931 2154 2076 2201 esset
2105 2145 2508 2201 disertissimus
2538 2158 2604 2197 ex
2627 2141 2810 2196 divina
2842 2141 3079 2193 maxime
3109 2137 3310 2209 gratia,
3345 2136 3512 2190 etiam

1934 2240 2223 2294 acerrimis
2259 2238 2542 2309 gentilium
2589 2235 2854 2306 sophistis
2880 2232 3147 2288 mirabilis
3177 2231 3514 2293 habebatur;

1933 2333 2078 2388 unde
2111 2332 2370 2386 Libanius
2416 2334 2563 2385 circa
2598 2337 2828 2383 mortem
2858 2327 3234 2394 interrogatus
3279 2339 3307 2377 a
3341 2323 3516 2378 disci-

1932 2421 2076 2491 pulis
2135 2422 2386 2489 quisnam
2425 2418 2793 2473 eruditionem
2849 2425 2971 2487 post
3019 2430 3144 2470 eum
3181 2415 3512 2484 susciperet,

1931 2512 2333 2579 ailzloannes,
2387 2513 2493 2567 nisi
2542 2512 2679 2565 hunc
2729 2509 3096 2565 Christiania
3127 2508 3277 2562 nobis
3345 2507 3518 2576 furati

1929 2607 2177 2677 fuissent.
2213 2605 2474 2662 Eruditus
2527 2619 2766 2678 namque
2811 2613 2899 2658 est
2946 2601 3253 2672 Scripturis
3312 2600 3515 2654 divinis

1928 2698 2354 2770 Chrysostomns
2392 2697 2535 2768 apud
2567 2697 2892 2751 Carterium
2915 2695 3212 2766 quemdam
3255 2694 3509 2749 abbatem

1929 2792 2217 2863 cujusdam
2248 2791 2591 2856 monasterii,
2622 2790 2888 2860 encycliis
2922 2803 3052 2845 vero
3093 2803 3259 2859 penes
3282 2788 3395 2858 jam
3427 2789 3514 2842 di-

1929 2895 2078 2940 ctum
2109 2885 2420 2939 Libanium.
2464 2883 2891 2939 Macedonianus
2946 2890 3128 2936 autem
3160 2882 3383 2951 quidam
3418 2897 3516 2953 per

1932 2980 2096 3050 huius
2114 2980 2418 3035 doctrinam
2435 2978 2670 3034 accessit
2690 2978 2755 3032 ad
2779 2976 3105 3039 Ecclesiam,
3125 2977 3216 3046 qui
3235 2976 3512 3047 propriam

1931 3088 2156 3130 uxorem
2199 3074 2450 3128 hortatus
2479 3080 2539 3126 ut
2577 3079 2997 3128 converteretur
3029 3079 3082 3125 et
3133 3069 3514 3125 communica-

1931 3177 2036 3234 ret,
2061 3169 2151 3222 vix
2187 3167 2522 3241 persuadere
2553 3166 2838 3246 praevaluit
2872 3183 2884 3220 :
2921 3165 3014 3222 illa
3043 3181 3169 3220 vero
3200 3167 3335 3220 dans
3359 3178 3513 3219 com-

1930 3261 2245 3315 munionem
2272 3259 2483 3315 ancillae
2519 3276 2650 3323 suae,
2680 3275 2802 3330 qua:
2836 3267 2957 3315 erat
2984 3274 3051 3314 ex
3084 3255 3510 3322 Macedonianis,

1923 3354 2091 3424 jussit
2120 3353 2323 3409 habere
2356 3366 2568 3407 secum.
2601 3349 2853 3421 Cumque
2883 3350 3212 3410 accessisset
3245 3351 3310 3404 ad
3338 3350 3512 3421 Chry-

1928 3460 2258 3511 sostomum,
2291 3454 2547 3519 suscepta
2572 3461 2638 3500 ex
2687 3444 2897 3502 sanctis
2924 3444 3178 3501 manibus
3213 3443 3334 3514 ejus
3360 3457 3513 3498 com-

1929 3543 2213 3606 munione,
2269 3541 2413 3596 itanc
2454 3557 2513 3595 se
2545 3539 2757 3610 ﬁngens
2789 3554 3008 3594 sumere
3049 3543 3332 3608 postremo
3381 3553 3511 3608 por-

1929 3637 2072 3698 rexit
2105 3635 2340 3697 ancillas,
2375 3644 2430 3688 et
2455 3640 2738 3702 acceptam
2785 3629 3310 3685 Macedonianorum
3361 3643 3532 3682 com-

1928 3729 2244 3784 munionem
2281 3729 2347 3782 ad
2369 3741 2433 3783 os
2467 3722 2646 3790 aii'ert,
2673 3733 2726 3781 et
2770 3723 2980 3780 invenit
3007 3738 3130 3778 eam
3161 3721 3395 3792 lapidem
3431 3719 3512 3774 fa-

1928 3833 2094 3877 ctam.
2127 3819 2268 3882 Tum
2310 3820 2570 3875 deterrita
2605 3826 2656 3874 et
2688 3815 3011 3874 tremefacta
3051 3815 3281 3887 pedibus
3316 3815 3509 3869 incur-

1927 3925 2087 3974 vatur
2114 3911 2364 3977 Joannis,
2416 3912 2784 3967 temeritatem
2818 3912 3088 3965 contltens
3127 3917 3182 3964 et
3215 3908 3509 3963 sinceriter

1927 4009 1993 4061 ad
2024 4006 2327 4062 Ecclesiam
2368 4005 2603 4064 rediens.
2648 4003 2821 4060 Porro
2861 4003 3002 4073 lapis
3042 4002 3316 4081 repositus
3337 4012 3421 4057 est
3453 4002 3508 4056 in

1925 4116 2183 4156 vasorum
2211 4100 2550 4156 custodiario
2579 4097 2964 4154 reservandus.
2993 4092 3097 4152 Per
3125 4092 3268 4170 idem
3292 4106 3508 4167 tempus

1925 4193 2219 4258 Arsenius,
2245 4195 2337 4263 qui
2375 4207 2608 4268 magnus
2636 4192 2702 4245 ad
2735 4192 2994 4246 saectilum
3025 4189 3223 4253 fuerat,
3262 4197 3509 4244 contem-

1925 4288 2033 4358 ptis
2058 4288 2318 4346 omnibus
2343 4285 2582 4340 divinam
2607 4285 3009 4357 philosophiam
3042 4284 3183 4354 apud
3211 4281 3505 4354 Egyptum

1924 4382 2266 4448 sectabatur,
2301 4384 2413 4436 vita
2444 4387 2499 4435 et
2527 4380 2697 4437 verbo
2723 4387 2888 4455 atque
2914 4377 3199 4431 miraculis
3233 4378 3286 4430 in
3315 4377 3508 4432 ordine

1925 4478 2235 4534 monastico
2264 4475 2501 4551 fulgens.

251 4564 533 4621 Nectarius
568 4565 1220 4638 Constantinopolitanus
1258 4569 1552 4639 episcopus
1583 4571 1816 4641 presby-
1843 4571 1896 4632 D
1996 4570 2180 4625 Mundi
2212 4585 2358 4626 anno
2386 4566 2548 4632 5896,
2581 4565 2779 4623 divinae
2802 4564 3199 4624 incarnationis
3217 4581 3360 4620 anno
3378 4564 3507 4629 396,

248 4671 415 4715 terum
451 4660 754 4731 prohibuit,
784 4661 876 4731 qui
925 4668 1042 4714 erat
1071 4676 1237 4732 super
1289 4664 1671 4732 paenitentiam
1703 4663 1819 4737 (li)

247 4756 595 4820 constitutus,
620 4763 840 4824 propter
871 4761 1156 4824 peccatum
1193 4755 1341 4827 quod
1374 4771 1401 4810 a
1427 4755 1666 4826 quodam
1699 4759 1816 4814 dia-

249 4861 376 4904 cono
423 4849 632 4906 factum
685 4847 868 4904 fuerat
927 4849 983 4903 in
1015 4849 1250 4906 ecclesia
1289 4850 1342 4904 in
1369 4849 1653 4905 mulierem
1697 4867 1819 4922 quae

250 4946 469 4999 vacabat
512 4944 617 4998 sub
653 4942 1182 5014 pmnitentiampud
1225 4941 1450 4997 Romam
1509 4959 1659 5011 vero,
1684 4954 1738 4999 et
1763 4947 1818 5002 in

251 5045 358 5092 toto
387 5036 687 5093 Occidente
704 5034 994 5106 diligenter
1015 5045 1377 5089 conservatur
1403 5050 1575 5104 usque
1601 5035 1651 5092 in
1679 5049 1820 5104 prae-

251 5144 389 5193 sens,
421 5137 476 5186 et
499 5131 657 5185 locus
683 5127 1084 5199 paenitentibus
1109 5135 1449 5197 segregatur.
1475 5124 1820 5183 Theodosius

253 5230 423 5277 autem
482 5224 656 5294 legem
696 5221 943 5292 scripsit.
999 5219 1281 5274 mulierem
1342 5220 1397 5276 in
1449 5220 1816 5278 diaconissam

255 5327 354 5368 non
397 5315 848 5388 promerendam,
891 5313 995 5369 nisi
1067 5313 1349 5384 sexaginta
1415 5314 1820 5372 transcenderit

256 5419 438 5473 annos,
462 5399 761 5463 secundum
784 5407 1134 5481 Apostolum.
1155 5406 1364 5461 interea
1386 5405 1627 5463 Joannes
1648 5408 1816 5480 Chry-

259 5510 546 5566 sostomus,
587 5504 871 5575 presbyter
906 5503 1181 5556 exsistens
1216 5500 1615 5563 Antiocltenus,
1652 5502 1818 5554 mira-

261 5592 384 5649 biles
417 5612 700 5652 sermones
733 5596 797 5650 ad
824 5595 1308 5674 commonitionem
1339 5609 1526 5648 eorum
1559 5595 1652 5664 qui
1682 5609 1818 5647 con-

259 5693 333 5740 tra
355 5689 662 5761 imperiales
692 5699 903 5748 statuas
929 5704 1090 5760 agere
1118 5696 1591 5760 praesumpserant
1621 5687 1816 5744 edidit.

1924 4659 2168 4717 Joannes
2205 4659 2644 4732 Chrysostomus
2677 4657 2867 4714 multis
2908 4657 2963 4712 in
2993 4657 3104 4711 vita
3139 4667 3192 4712 et
3221 4659 3392 4712 verbo
3424 4658 3510 4712 di.

1925 4752 2182 4823 vinisque
2212 4751 2646 4811 charismatibus
2674 4747 2992 4820 splendens,
3031 4757 3085 4803 et
3117 4749 3264 4804 circa
3287 4763 3506 4802 omnem

1923 4846 2180 4901 virtutem
2218 4843 2502 4899 districtus
2535 4843 2832 4910 exsistens,
2856 4843 3184 4913 diligebatur
3217 4857 3246 4895 a
3279 4843 3506 4913 populo,

1926 4938 2019 5006 qui
2057 4937 2429 4991 aediﬁcabatur
2474 4935 2633 4991 valde
2676 4934 2948 4990 doetrinis
2977 4937 3118 5004 ejus.
3159 4932 3221 4988 Hi
3249 4949 3376 4989 vero
3411 4938 3506 5005 qui

1929 5029 2213 5083 luxuriose
2244 5028 2498 5088 vivebant
2530 5042 2591 5083 se
2619 5028 2941 5083 avertebant
2968 5028 3036 5082 ab
3067 5027 3183 5090 illo,
3212 5027 3305 5097 qui
3363 5037 3420 5082 et
3449 5028 3504 5082 in

1926 5120 2094 5186 bello,
2120 5136 2189 5191 qu
2203 5119 2266 5175 ad
2294 5120 2558 5175 adversus
2581 5135 2707 5174 eum
2736 5130 2949 5192 gestum
2971 5127 3078 5185 est,
3102 5120 3312 5190 operati
3341 5129 3504 5187 sunt;

1927 5214 2068 5269 inter
2098 5228 2220 5285 qua:
2255 5212 2536 5282 contigere
2565 5227 2688 5284 qua:
2719 5214 2868 5267 circa
2932 5212 3261 5284 Eutropium
3325 5228 3508 5268 ennu-

1929 5307 2094 5362 chum
2143 5314 2296 5377 gesta
2328 5314 2478 5371 sunt,
2512 5306 2646 5375 quin
2680 5313 2734 5360 et
2767 5307 3046 5360 contentio
3079 5303 3367 5360 Severiani
3399 5305 3509 5362 Ga-

1930 5401 2172 5456 balensis
2186 5411 2374 5454 contra
2393 5399 2750 5469 Serapionem
2773 5398 3221 5453 archidiaconum
3252 5397 3506 5463 Joannis,

1927 5506 1982 5550 et
2015 5495 2145 5549 illud
2171 5493 2315 5565 quod
2351 5503 2533 5548 actum
2573 5501 2658 5548 est
2696 5494 2762 5547 de
2791 5491 3015 5563 Longis,
3061 5495 3153 5563 qui
3189 5509 3252 5546 ex
3271 5491 3511 5564 AEgypto

1931 5587 2183 5659 fugerant
2219 5594 2440 5657 propter
2490 5584 2893 5656 TheOphilum;
2928 5601 3140 5640 necnon
3180 5596 3235 5640 et
3267 5585 3398 5639 illud
3439 5583 3512 5638 de

1930 5682 2130 5741 litteris
2163 5680 2449 5753 Theophili
2485 5680 2557 5736 ad.
2585 5678 2977 5751 Epiphanium.
3002 5677 3078 5734 Ex
3108 5679 3309 5750 quibus
3331 5675 3512 5733 omni-

1762 5798 1992 5857 NOTAE.

321 5899 425 5973 (il)
448 5901 615 5973 Super
640 5887 818 5973 paruit.
852 5899 986 5958 iiist.
1020 5900 1257 5970 Tripart.
1296 5915 1369 5966 ix,
1402 5898 1491 5953 35.
1514 5896 1676 5952 Έηιι.
