4034 6298
498 310 634 381 1223

1523 320 1923 383 ANASTASII
1988 318 2610 381 BIBLIOTHECAHII

3632 316 3775 383 ιω

494 430 601 486 bus
641 428 879 487 famulus
918 431 1006 488 dei
1039 431 1280 489 Joannes
1312 433 1528 492 insidiis
1582 437 1963 507 appetebatur.
1989 437 2079 490 In-
2112 444 2153 498 Α
2187 434 2319 505 perii
2353 434 2436 489 sui
2490 448 2635 489 anno
2667 432 2806 488 mori
2862 441 3130 497 cerneret,
3166 429 3361 486 videns
3386 429 3767 488 Theodosium

490 530 645 578 terea
703 523 1046 593 Epiphanius
1094 526 1334 597 Cyprius
1392 528 1619 585 veniens
1660 532 1714 583 in
1770 530 2076 585 Ebdomum

496 617 946 669 consecrationes
983 626 1037 671 et
1070 632 1311 688 synaxes
1340 627 1538 688 praeter
1559 617 1791 675 Joannis
1821 623 2076 675 volunta-

495 714 603 758 tem
637 703 787 759 fecit.
829 706 1027 761 Verum
1067 710 1179 764 haec
1212 708 1423 764 Joanne
1455 711 1525 765 ob
1555 712 1796 766 divinam
1832 713 2075 768 charitar

403 822 409 830 α
494 806 600 850 teut
636 798 1086 867 parvipendcnte,
1124 816 1229 854 non
1252 809 1335 856 est
1368 802 1638 871 placatus,
1675 804 2076 857 criminationi-

493 887 595 943 bus
618 886 902 959 Theophili
928 901 1122 943 contra
1157 892 1373 946 beatum
1398 891 1661 947 Joannem
1688 893 1844 948 factis
1868 910 2077 964 praeoc-

486 989 745 1051 Cupatus.
790 983 1054 1050 Sequenti
1110 1000 1243 1038 vero
1293 1001 1437 1040 anno
1481 984 1723 1041 Joannes
1762 1002 2071 1042 sermonem

490 1082 680 1127 contra
714 1077 885 1128 malas
910 1075 1170 1131 mulieres
1200 1076 1353 1143 fecit,
1385 1093 1492 1147 quo
1525 1080 1709 1131 vesani
1748 1086 1800 1133 et
1827 1079 2074 1133 veritatis

488 1164 698 1220 inimici
737 1165 1037 1220 Eudoxiatn
1097 1169 1476 1235 irritaverunt,
1510 1170 1756 1225 dicentes
1808 1172 2072 1227 adversus

488 1273 608 1311 eam
666 1258 911 1313 habitum
948 1258 1120 1315 fuisse
1152 1276 1484 1316 sermonem.
1532 1265 1600 1316 At
1630 1263 1723 1318 illa
1772 1264 1962 1319 dicens
2002 1265 2069 1319 ad

489 1350 783 1405 Arcadium
815 1354 1027 1405 atrocia
1082 1368 1141 1407 se
1172 1369 1199 1406 a
1245 1351 1460 1408 Joanne
1492 1354 1666 1410 fuisse
1726 1372 2067 1426 perpessam,

487 1443 601 1512 egit
657 1452 713 1494 ut
750 1440 1089 1514 TheOphilus
1125 1446 1513 1510 acccrsiretur,
1563 1446 1689 1516 quia
1745 1445 2069 1503 tnanifes=us

486 1542 607 1587 erat
636 1532 895 1587 inimicus
924 1532 1194 1603 Joannis;
1236 1536 1329 1603 qui
1366 1538 1633 1591 accedens
1665 1551 1853 1591 contra
1896 1536 2069 1592 Joan-

485 1641 611 1680 nem
644 1625 938 1681 insidiatus
976 1635 1082 1690 est,
1132 1636 1185 1681 el.
1235 1637 1368 1683 tunc
1402 1630 1585 1683 emisit
1639 1631 1705 1684 ab
1750 1632 1904 1685 urbe.
1946 1630 2067 1697 Quo

484 1730 766 1789 comperto
815 1721 1051 1789 populus
1110 1735 1364 1791 magnam
1402 1722 1660 1777 excitavit
1713 1724 2062 1788 seditionem,

483 1826 596 1865 non
629 1811 924 1880 indulgens
951 1811 1365 1883 pelliJoannem
1393 1816 1567 1879 ;inter
1587 1804 1727 1885 quos
1741 1826 1793 1870 et
1825 1816 2064 1870 Eudoxio
2095 1798 2140 1857 B

486 1906 892 1975 plorationibus
935 1906 1110 1975 plebis
1138 1907 1403 1961 inclinata
1436 1908 1645 1978 rogavit
1668 1908 1984 1975 Arcadium,
2012 1918 2065 1964 ct

481 1999 655 2053 misso
682 1998 911 2053 Crisone
934 2000 1190 2055 eunucho
1214 2015 1244 2054 a
1275 1999 1511 2055 Preneto
1531 2000 1796 2056 Joannem
1822 2001 2060 2067 reduxit,

483 2092 575 2160 qui
623 2091 901 2161 publicam
935 2092 1205 2164 synodum
1251 2094 1482 2148 introire
1513 2094 1734 2147 minime
1782 2108 1975 2163 possits
2007 2095 2060 2147 in

482 2186 728 2253 proasdo
753 2186 1091 2239 morabatur.
1118 2186 1361 2255 Populus
1382 2194 1563 2241 autem
1589 2184 1654 2238 ad
1680 2185 2059 2255 imperatorem

482 2275 813 2331 vociferatus
832 2276 1098 2333 Joannem
1123 2279 1329 2333 intrare
1346 2278 1471 2333 etin
1505 2278 1704 2333 throno
1730 2280 1909 2332 locare
1938 2294 2063 2331 coe-

481 2367 1308 2440 git,itautTheophilus,etqui
1340 2386 1464 2424 cum
1488 2370 1581 2424 illo
1609 2380 1788 2435 erant,
1817 2379 2063 2425 metuen-

483 2471 563 2516 tes
596 2461 664 2516 de
692 2462 915 2517 civitate
963 2462 1234 2533 fugerent.
1285 2462 1443 2518 Tunc
1500 2466 1784 2534 sexaginta
1818 2463 2059 2535 episcopi

480 2553 875 2608 convenientes
908 2552 1063 2607 irrita
1089 2555 1275 2609 omnia
1295 2570 1415 2623 quae
1439 2570 1467 2608 a
1490 2554 1794 2625 Theophila
1811 2564 1864 2611 et
1893 2555 2059 2611 sociis

479 2651 669 2698 contra
707 2642 952 2698 divinum
974 2642 1242 2701 Joannem
1281 2653 1403 2700 acta
1442 2644 1659 2699 fuerant
1697 2645 1821 2715 jure
1848 2645 2059 2700 consti-

478 2746 722 2793 tuerunt.
771 2736 945 2792 Porro
979 2740 1230 2810 sequenti
1271 2755 1418 2794 anno
1458 2740 1779 2811 imperatrix
1814 2737 2059 2793 Eudoxia

479 2840 636 2884 suam
695 2840 1008 2901 argenteam
1059 2840 1301 2886 statuam
1360 2831 1569 2887 faciens
1604 2833 1797 2886 statuit
1849 2829 2059 2885 inloco

478 2920 570 2991 qui
599 2931 956 2991 nuncupatur
986 2922 1217 2978 Pittacia
1247 2962 1263 2988 ,
1310 2922 1469 2994 juxta
1518 2932 1765 2979 sanctam
1822 2923 2054 2977 lrenem.

479 3012 646 3070 Urbis
694 3025 877 3070 autem
929 3015 1223 3087 praafectus
1253 3032 1374 3072 cum
1417 3025 1565 3071 esset
1603 3016 1963 3079 Manichacus,
2005 3025 2061 3070 et

2175 527 2450 599 juniorem
2479 527 2767 596 parvulum
2790 541 2936 592 esse,
2968 537 3020 581 et
3059 525 3423 581 considerans
3452 541 3521 579 ne
3547 540 3575 577 a
3620 526 3767 599 quo-

2181 636 2342 689 quam
2377 618 2594 673 insidiis
2629 625 3000 687 appeteretur,
3030 617 3178 672 hunc
3217 619 3606 687 imperatorem
3668 635 3766 688 ap-

2181 713 2421 781 pellavit,
2471 720 2525 765 et
2557 714 2607 765 ei
2666 722 2987 766 curatorem
3045 727 3142 781 per
3205 719 3593 766 testamentum
3639 711 3761 764 fore

2178 804 2372 857 statuit
2399 803 2777 872 Hisdigerdem
2816 804 3112 858 Persarum
3155 818 3360 872 regem.
3399 801 3762 874 Hisdigerdes

2178 905 2359 949 autem
2395 896 2613 950 Arcadii
2655 904 2989 951 testamento
3020 903 3303 964 suscepto,
3358 908 3606 965 paceque
3640 894 3761 949 sine
3852 894 3855 895 ⁷

2177 989 2381 1044 invidia
2411 1006 2542 1059 erga
2576 988 2853 1044 Romanos
2900 1004 3068 1052 usus,
3109 986 3426 1042 Theodosio
3464 987 3757 1055 imperium

2176 1084 2545 1149 conservavit,
2604 1091 2658 1138 et
2717 1084 3049 1139 Antiochum
3104 1082 3400 1153 quemdam
3448 1081 3757 1136 mirabilem

2176 1188 2342 1247 atque
2363 1178 2747 1231 rationabilem
2778 1178 2956 1230 virum
2985 1175 3032 1230 ei
3070 1184 3306 1229 tutorem
3325 1182 3380 1228 et
3402 1174 3757 1244 paedagogum

2176 1269 2419 1331 mittens,
2447 1266 2559 1320 lure
2582 1266 2831 1320 Romano
2861 1265 3080 1320 senatui
3103 1263 3337 1319 scribit:
3370 1262 3606 1316 Arcadio
3635 1263 3759 1316 dor-

2172 1363 2363 1416 miente
2416 1377 2597 1431 ntequc
2634 1369 2934 1414 curatorem
2968 1359 3070 1427 ﬁlii
3107 1358 3224 1427 ejus
3254 1358 3630 1423 constituente,
3666 1358 3757 1427 qui

2170 1456 2410 1525 suppleat
2448 1454 2619 1507 locum
2657 1469 2829 1508 meum
2865 1453 3063 1506 direxi.
3098 1450 3183 1505 Ne
3215 1454 3333 1522 quis
3373 1467 3499 1519 ergo
3527 1451 3754 1505 insidias

2170 1564 2333 1619 puero
2381 1556 2620 1609 conetur,
2654 1562 2718 1600 ne
2754 1545 2999 1614 prazlium
3040 1543 3378 1599 intolerabile
3428 1553 3619 1597 contra
3649 1542 3753 1599 Ro-

2170 1657 2355 1695 manos
2377 1647 2724 1694 commoveat.
2749 1638 3062 1693 Antiochus
3096 1651 3227 1692 vero
3263 1651 3388 1690 cum
3420 1636 3755 1705 imperatore

2171 1740 2414 1786 venerat.
2440 1731 2520 1785 Ab
2549 1730 2793 1784 Honorio
2822 1740 3002 1784 autem
3036 1739 3235 1799 patruo
3250 1743 3351 1784 suo
3376 1736 3431 1783 et
3463 1727 3754 1783 Pulcheria

2171 1840 2363 1880 sorore
2393 1840 2493 1879 sua
2516 1822 2861 1878 Theodosius
2885 1822 3061 1892 perite
3091 1822 3145 1876 in
3175 1822 3266 1876 his
3305 1837 3427 1892 qua:
3474 1821 3754 1877 Christia-

2172 1931 2366 1970 norum
2395 1925 2524 1971 sunt
2549 1914 2931 1982 erudiebatur,
2958 1923 3015 1968 et
3042 1922 3163 1969 erat
3186 1929 3289 1984 pax
3312 1914 3452 1968 inter
3471 1913 3754 1968 Romanos

2170 2015 2224 2060 et
2262 2004 2480 2069 Persas,
2514 2005 2790 2060 Antiocho
2815 2006 3053 2059 maxime
3075 2020 3175 2075 pro
3205 2005 3544 2061 Christianis
3577 2008 3751 2058 multa

2169 2098 2475 2164 scribente;
2507 2099 2699 2168 sicque
2721 2098 2946 2152 dilatata
2967 2106 3051 2153 est
3080 2099 3131 2152 in
3160 2098 3382 2153 Perside
3412 2096 3753 2152 Christiani-

2171 2201 2255 2247 tas
2278 2191 2414 2262 (ίῖ),
2452 2192 2702 2246 Marutlta
2725 2193 2986 2261 episcopo
3016 2190 3419 2259 Mesoltotamiae
3444 2191 3747 2245 mediante.

2237 2285 2425 2339 Mundi
2448 2300 2592 2340 anno
2620 2285 2785 2349 5901,
2805 2286 3003 2339 divina:
3026 2284 3427 2339 incarnationis
3449 2298 3596 2339 anno
3617 2285 3748 2351 401,

2164 2378 2503 2434 Theodosius
2535 2380 2722 2448 junior
2776 2379 3042 2448 imperat;
3105 2378 3268 2448 cujus
3326 2381 3540 2450 imperii
3600 2395 3751 2436 anno

2164 2473 2406 2527 secundo
2473 2475 2691 2528 Atticus
2747 2472 3042 2542 episcopus
3087 2470 3749 2542 Constantiuopolitanus

2161 2564 2407 2621 Judaeum
2463 2568 2755 2633 quemdam
2789 2566 3151 2639 paralyticum
3211 2582 3473 2630 monens,
3502 2566 3750 2623 suadens

2162 2668 2325 2730 atque
2355 2662 2641 2730 baptizans
2672 2675 2867 2716 sanum
2903 2675 2972 2715 ex
3004 2659 3223 2713 lavacro
3252 2658 3441 2713 eduxit
3473 2675 3489 2713 :
3538 2674 3750 2714 secun-

2160 2752 2290 2806 dutn
2315 2752 2479 2805 Deum
2523 2751 2669 2805 enim
2702 2750 2910 2806 dicitur
2941 2748 3115 2805 fuisse
3144 2757 3456 2819 provectus.
3492 2750 3745 2820 Septimo

2160 2843 2376 2913 imperii
2406 2842 2699 2901 Theodosii
2725 2858 2896 2909 anno,
2920 2843 3161 2898 obeunte
3181 2841 3484 2913 Theophilo
3507 2845 3745 2898 Alexan-

2159 2935 2342 3000 drino,
2371 2936 2611 3007 Cyrillus
2635 2936 3001 2991 consobrinus
3028 2935 3149 3005 ejus
3181 2951 3281 3005 pro
3304 2937 3425 3005 ipso
3444 2938 3742 3007 episcopus

2159 3030 2449 3086 ordinatus
2480 3038 2584 3087 est.
2622 3029 2778 3085 Tunc
2811 3040 2865 3085 et
2899 3028 3210 3101 Hesychius
3236 3030 3523 3101 presbyter
3547 3030 3741 3086 Hiero-

477 3123 600 3179 quae
630 3123 968 3180 paganorum
998 3117 1129 3164 sunt
1155 3118 1395 3180 saperet,
1432 3109 1660 3180 plausus
1692 3119 1746 3163 et
1774 3111 1978 3164 choros
2002 3116 2056 3163 et

2162 3124 2524 3195 solymitanus
2546 3123 2817 3179 doctrinis
2837 3122 3093 3178 efﬂoruit.

476 3200 802 3255 saltationes
856 3200 1144 3258 celebrans
1172 3202 1560 3273 tumultusque
1600 3200 1809 3257 faciens
1840 3199 2052 3256 contri-

475 3292 661 3347 stabat
699 3291 1035 3362 pontiﬁcem,
1086 3308 1195 3347 non
1232 3294 1562 3364 permittens
1594 3309 1717 3348 eum
1750 3292 1933 3363 quiete
1971 3290 2055 3345 di-

478 3384 602 3438 vina
634 3385 811 3439 oﬂicia
833 3385 1117 3440 celebrare
1154 3400 1336 3455 :sazpe
1368 3399 1606 3455 namque
1632 3384 1885 3438 turbabat
1910 3382 2048 3455 psal-

475 3475 676 3532 lentes.
716 3473 915 3531 Verum
952 3474 1189 3533 Joannes
1220 3477 1367 3532 hunc
1399 3478 1583 3532 verbis
1617 3476 1927 3546 mitigabat,
1957 3474 2050 3530 ille

475 3580 608 3620 vero
658 3565 958 3622 Eudoxiam
1013 3576 1207 3623 contra
1237 3566 1505 3643 Joannem
1558 3567 1840 3633 excitavit,
1894 3565 2053 3638 quasi

472 3669 668 3713 contra
704 3661 968 3714 honorem
1009 3668 1206 3714 statuae
1242 3660 1363 3730 ejus
1398 3668 1634 3730 gereret.
1668 3660 1811 3732 Ergo
1865 3668 2055 3716 contra

472 3747 739 3807 Joannen
806 3752 1004 3806 iterum
1045 3753 1255 3820 odium,
1307 3754 1506 3807 iterum
1562 3753 1667 3808 ira.
1719 3753 1842 3823 Ipse
1872 3762 2053 3808 autem

475 3861 785 3901 sermonem
814 3846 1008 3912 edidit,
1052 3848 1212 3917 cujus
1251 3848 1468 3902 initium
1500 3856 1586 3903 est
1613 3866 1627 3903 :
1657 3846 1859 3902 Iterum
1884 3849 2054 3904 Hero-

472 3939 595 3994 dias
616 3940 973 4011 sa'vit._Tunc
1004 3941 1292 3996 inimicitia
1327 3950 1708 3997 consummata
1739 3942 2055 4011 imperatri-v

472 4033 555 4086 cis
583 4032 850 4089 adversus
881 4050 1004 4089 eum
1034 4045 1309 4090 commota
1328 4046 1435 4102 est,
1466 4046 1519 4091 et
1549 4036 1747 4091 iterum
1781 4036 2054 4106 depositio

472 4139 527 4184 et
558 4128 838 4183 exsilium.
892 4126 1133 4198 Populus
1194 4136 1376 4182 autem
1432 4128 1724 4184 ecclesiam
1787 4129 2048 4196 incendit,

473 4222 745 4293 multique
792 4236 893 4292 pro
920 4219 1129 4277 Joanne
1158 4221 1453 4291 periclitati
1501 4228 1667 4290 sunt;
1702 4221 1795 4293 qui
1859 4222 2053 4294 pulsus

474 4316 543 4371 ab
573 4316 710 4370 urbe
748 4315 803 4369 in
837 4315 1094 4369 exsilium
1122 4314 1327 4370 missus
1357 4322 1466 4379 est,
1500 4314 1596 4370 ubi
1626 4324 1681 4370 et
1730 4314 1784 4370 in
1816 4316 2046 4371 Domino

472 4410 631 4464 obiit.
684 4407 787 4474 Qui
834 4423 959 4462 cum
1008 4416 1155 4463 esset
1197 4407 1251 4463 in
1299 4408 1519 4476 exsilio,
1568 4418 1928 4465 consecratus
1966 4418 2051 4465 est

2225 3213 2414 3269 Mundi
2436 3228 2582 3269 anno
2612 3213 2773 3277 5912,
2796 3214 2996 3269 divinae
3021 3213 3423 3270 incarnationis
3446 3216 3736 3282 annona,

2156 3302 2503 3362 Theodosius
2558 3306 2825 3376 imperat;
2852 3304 3012 3375 cujus
3038 3305 3251 3361 decimo
3288 3306 3482 3376 quinto
3523 3305 3735 3375 imperii

2155 3414 2302 3454 anno
2330 3398 2605 3454 Honorius
2637 3399 2894 3465 moritur,
2920 3407 2976 3455 et
3001 3397 3244 3455 Joannes
3277 3401 3502 3469 quidam
3538 3414 3606 3455 ex
3629 3400 3736 3455 im-

2157 3494 2456 3564 perialibus
2489 3494 2966 3563 subscriptoribus
2990 3494 3176 3550 Roma:
3199 3495 3491 3566 imperium
3515 3493 3734 3563 arripit,

2156 3586 2598 3656 legationemque
2623 3587 2689 3643 ad
2718 3586 3091 3643 Theodosium
3120 3587 3305 3653 mittit,
3337 3588 3390 3641 in
3436 3588 3734 3659 imperato-

2153 3695 2266 3734 rem
2302 3680 2508 3752 suscipi
2530 3680 2860 3751 deprecans.
2893 3681 2962 3735 At
2991 3696 3120 3737 vero
3150 3679 3498 3736 Theodosius
3538 3682 3730 3750 legatis

2156 3772 2509 3827 incarcerem
2571 3773 2743 3829 trusis
2799 3772 3175 3829 Ardaburium
3251 3782 3535 3843 strategon
3563 3773 3734 3827 mittit

2154 3865 2423 3921 adversus
2479 3881 2646 3934 eum;
2697 3882 2860 3936 quem
2922 3876 3190 3937 tyrannus
3223 3867 3367 3934 apud
3416 3864 3730 3920 Ravennam

2153 3970 2446 4028 aggressus
2497 3955 2743 4012 inclusit.
2778 3955 2901 4023 Quo
2930 3956 3273 4013 Theodosius
3304 3958 3527 4027 cognito
3555 3957 3728 4027 Aspa-

2153 4064 2269 4105 rem
2304 4048 2470 4118 hujus
2505 4050 2675 4105 lilium
2709 4051 2877 4106 mittit
2933 4050 3203 4105 adversus
3242 4066 3391 4107 eum.
3426 4049 3564 4105 Tum
3622 4049 3735 4107 Deo

2152 4139 2405 4194 amabilis
2452 4140 2802 4211 imperatoris
2847 4140 3103 4197 oratione
3130 4142 3357 4209 angelus
3390 4139 3642 4205 Domini,
3674 4141 3730 4196 in

2154 4230 2341 4284 habitu
2379 4231 2618 4301 pastoris
2647 4245 2944 4303 apparens,
2969 4231 3200 4287 deduxit
3230 4233 3495 4302 Asparem
3532 4243 3591 4289 et
3636 4248 3733 4292 eos

2151 4321 2242 4392 qui
2266 4338 2390 4376 cum
2416 4323 2507 4377 illo
2535 4332 2716 4387 erant,
2736 4332 2790 4377 et
2820 4323 2975 4378 ducit
2991 4340 3087 4379 eos
3113 4339 3209 4393 per
3231 4326 3484 4395 paludem
3505 4326 3731 4391 inviam.

2150 4413 2564 4485 quzeﬁavenna:
2590 4415 2825 4485 adjacet,
2851 4430 3015 4486 quam
3038 4416 3182 4471 Deus
3201 4416 3447 4487 perviam
3468 4428 3731 4488 operatus

472 4502 733 4558 Arsacius
790 4502 958 4555 frater
986 4499 1250 4567 Nectarii,
1293 4501 1385 4572 qui
1416 4510 1544 4557 ante
1591 4502 2045 4575 Chrysostomum
2080 4503 2123 4558 D
2153 4513 2257 4568 est,
2286 4506 2748 4575 quemadmodum
2769 4507 3140 4562 lsraelitarum
3165 4518 3446 4577 tempore;
3472 4519 3527 4563 et
3547 4517 3730 4565 trans‘

472 4596 765 4665 episcopus
809 4595 962 4651 urbis
1008 4594 1170 4665 regias
1222 4595 1418 4650 fuerat.
1470 4594 2045 4664 lnnocentiusjautem

473 4690 756 4745 Romanus
788 4705 895 4743 non
926 4688 1352 4743 communicavit
1370 4688 1625 4757 ejectioui
1656 4686 1906 4752 Joannis,
1951 4688 2044 4740 sed

472 4798 569 4852 per
596 4782 807 4836 litteras
831 4782 1036 4835 clerum
1053 4782 1373 4836 consolatus
1402 4791 1487 4835 est
1517 4782 1781 4847 civitatis,
1804 4791 1857 4837 et
1880 4796 2046 4857 super

469 4876 879 4931 temeritatibus
938 4874 1352 4944 indignabatur.
1405 4874 1745 4944 Epiphanius
1784 4890 1915 4930 vero
1975 4872 2043 4927 ad

469 4969 707 5040 Cyprum
747 4968 1046 5039 navigavit,
1083 4968 1190 5022 Deo
1223 4968 1482 5021 nimirum
1520 4967 1898 5036 migrationem
1925 4966 2043 5037 ejus

470 5061 897 5130 pra-nuntiante.
932 5060 1102 5115 Aiunt
1138 5066 1319 5113 autem
1362 5058 1505 5127 quod
1562 5066 1616 5112 et
1644 5056 1841 5112 Joanui
1880 5058 2040 5112 [iuem

471 5154 524 5207 in
588 5153 784 5209 exsilio
845 5153 1295 5223 prmuuntiaverit
1334 5150 1653 5215 affuturum,
1691 5152 1947 5207 similiter
1986 5162 2041 5207 et

467 5242 707 5299 Joannes
730 5232 1033 5313 Epiphanio
1056 5242 1370 5312 praedixerit
1401 5257 1563 5312 quam
1588 5242 1641 5295 in
1674 5240 1795 5294 navi
1822 5242 2045 5312 pertulit

469 5349 719 5392 tuo-rtem.
753 5335 956 5389 Eodem
990 5350 1136 5389 anno
1183 5343 1395 5390 mortua
1430 5343 1514 5389 est
1552 5342 1607 5389 et
1640 5333 1908 5389 Eudoxio.
1942 5336 2044 5388 Ar-

467 5430 661 5484 cadius
692 5438 873 5483 autem
900 5443 1023 5482 cum
1060 5443 1117 5483 se
1148 5427 1421 5496 completo
1447 5428 1661 5481 decimo
1695 5435 1893 5496 quarto
1940 5428 2041 5481 im-

2157 4607 2407 4655 meautes
2436 4614 2535 4670 per
2588 4600 2820 4666 aridam,
2848 4602 3053 4671 apertis
3084 4600 3258 4670 portis
3276 4601 3516 4662 civitatis
3537 4603 3731 4659 iuven-

2156 4691 2251 4756 tis,
2315 4700 2610 4763 tyrannum
2663 4692 2883 4762 quidem
2937 4692 3299 4754 occiderunt.
3355 4693 3729 4752 Ardaburium

2154 4794 2336 4839 autem
2368 4798 2397 4838 a
2424 4785 2661 4839 vinculis
2686 4785 3058 4840 absolverunt.
3082 4784 3343 4856 Sequenti
3370 4799 3553 4842 autem
3585 4804 3733 4844 anno

2155 4877 2439 4932 Maruthas
2465 4878 2761 4949 episcOpus
2794 4877 3200 4949 Mesopotamiae
3229 4879 3399 4935 lilium
3434 4884 3577 4952 regis
3604 4882 3730 4938 Per-

2153 4985 2339 5024 sarum
2406 4970 2748 5042 llisdigerdis
2789 4987 2819 5027 a
2875 4972 3150 5027 daemonio
3182 4981 3436 5029 vexatum
3486 4977 3729 5033 sanavit.

2152 5058 2363 5115 Interea
2412 5059 2758 5117 Theodosius
2812 5062 3116 5134 imperator
3167 5065 3339 5119 multa
3382 5065 3731 5138 benignitate

2154 5157 2356 5217 motus,
2400 5151 2531 5204 licet
2580 5151 2777 5206 Persas
2832 5155 3214 5221 potentissime
3238 5155 3451 5222 vicerit,
3497 5173 3729 5225 parcens

2150 5251 2334 5299 tamen
2365 5242 2697 5300 Christianis
2724 5245 2816 5315 qui
2849 5246 3168 5303 habitabant
3191 5250 3244 5302 in
3267 5247 3514 5313 Perside,
3535 5266 3725 5320 pacem

2151 5337 2540 5407 amplectitur;
2574 5338 2731 5406 cujus
2764 5339 2842 5393 rei
2874 5342 3049 5412 gratia
3087 5342 3254 5396 mittit
3284 5343 3580 5412 legatarios
3615 5345 3727 5415 (l5)

2152 5431 2446 5489 Heleonem
2504 5435 2836 5505 patricium,
2898 5452 3060 5508 quem
3121 5439 3282 5495 valde
3337 5441 3727 5497 honorandum

1988 5566 2222 5625 NOTAE.

478 5700 481 5707 ι
539 5663 654 5733 (12)
685 5662 1088 5734 Christianitas.
1124 5661 1292 5717 Vetus
1329 5662 1794 5734 interpresepist.
1834 5664 1899 5717 ad
1928 5665 2041 5719 Μαι

469 5749 622 5803 gues.
641 5750 762 5805 qua:
777 5743 964 5805 sancto
985 5732 1189 5804 lguatio
1202 5732 1498 5805 ascribitur
1518 5751 1532 5786 :
1554 5752 1573 5785 ι
1598 5732 1715 5805 Non
1729 5737 1869 5790 enim
1886 5735 2045 5790 Chri-

469 5803 723 5861 stianitas
750 5806 803 5859 in
835 5803 1173 5862 Judaismum
1209 5803 1458 5872 credidit,
1504 5805 1597 5860 sed
1638 5803 1955 5862 Judaismus
1987 5808 2040 5862 in

2149 5666 2647 5723 Christianitalem.
2685 5686 2705 5719 ι
2746 5666 2910 5724 Ρηκ.

2224 5739 2708 5811 (13,)7Legatarios.
2749 5738 3091 5795 Flodoardus
3119 5739 3254 5796 Hist.
3284 5740 3435 5798 Eccl.
3470 5741 3625 5801 Rem.
3666 5746 3719 5811 1,

2152 5809 2224 5865 25
2256 5826 2269 5862 :
2308 5829 2325 5861 ι
2353 5810 2673 5881 chatarius
2709 5811 2874 5865 animi
2910 5812 3030 5867 felle
3056 5824 3382 5869 commotus.
3410 5831 3430 5867 ο
3466 5814 3543 5869 In.
