4038 6298
283 364 423 436 1225

1099 354 1471 426 HISTORIA
1493 347 2073 415 ECCLESIASTICA
2102 348 2207 411 EX
2238 344 2722 411 THEOPHANE.

3401 341 3540 413 1.226

279 481 540 546 ducebat,
570 485 626 535 et
667 472 977 532 Anatolium
1008 470 1252 528 Orientis
1290 469 1585 539 stratigon.
1622 463 1857 521 Varara-
1884 465 1937 526 Α
1960 475 2094 518 vero
2130 452 2441 517 Nestor-ius
2481 461 2629 532 quod
2688 454 3019 530 patriarchae
3056 456 3242 512 taliter
3288 455 3544 519 ecclesiis

281 591 381 630 nes
402 581 582 629 autem
608 568 793 627 Sciens
821 566 1235 641 superationem
1271 578 1427 619 suam
1452 558 1687 630 suscipit
1709 558 1859 629 lega-

281 670 512 735 tionem,
549 648 734 722 etista
765 660 1078 734 persecutio
1101 657 1477 726 cessavitquae
1511 654 1566 708 in
1589 650 1861 709 Christia-

281 774 386 816 nos
440 757 774 829 agitabatur.
831 752 1103 809 Caeterum
1160 747 1509 804 Theodosius
1558 746 1860 815 imperator

280 845 803 907 communicatrices
826 842 1037 898 habens
1062 837 1378 912 hymnodize
1413 836 1667 908 proprias
1698 848 1858 890 soro-

279 957 395 1009 res,
433 954 555 1012 qua
587 937 956 1009 virginitatem
988 943 1105 990 tota
1138 934 1246 988 vita
1272 932 1662 995 sectabantur,
1687 942 1860 999 super

281 1031 661 1104 hujuscemodi
712 1028 997 1087 beneﬁciis
1036 1027 1147 1084 Deo
1179 1026 1387 1098 gratias
1443 1039 1611 1096 agens
1644 1022 1864 1095 hymnis

285 1127 432 1182 hunc
453 1124 681 1182 laudare
707 1121 926 1195 penitus
946 1136 1056 1177 non
1075 1120 1350 1176 cessabat.
1374 1117 1656 1174 Sisinnius
1674 1123 1858 1183 autem

282 1217 935 1289 Constantinopolitanus
963 1214 1257 1285 episcopus
1280 1211 1537 1269 Proclum
1568 1214 1861 1265 consecrat

283 1311 604 1384 episc0pum
636 1307 854 1382 Cyzici;
890 1323 1055 1378 quem
1090 1303 1350 1378 Cyziceni
1384 1319 1493 1359 non
1552 1301 1862 1370 suscipien-

285 1415 394 1471 tes,
449 1401 783 1458 monachum
822 1396 1116 1471 quemdam
1167 1407 1368 1469 praeter
1417 1388 1865 1449 votumSisinnii

285 1497 615 1555 Dalmatium
634 1492 842 1549 dictum
874 1488 1471 1549 eonsecrant.Proclus
1503 1494 1684 1541 autem
1739 1499 1864 1554 pro-

284 1589 459 1662 priam
491 1586 785 1643 ecclesiam
816 1599 926 1639 non
955 1583 1165 1638 habens
1192 1576 1681 1649 Constantinopoli
1732 1576 1865 1631 hor.

283 1689 405 1735 tatu
435 1678 663 1734 Sisinnii
698 1675 970 1732 doctrinis
1008 1673 1287 1745 pollebat;
1312 1670 1408 1742 qui
1437 1669 1685 1739 ejusdem
1711 1666 1865 1723 urbis

285 1788 400 1829 non
425 1771 600 1827 multo
631 1776 755 1842 post
788 1768 1081 1825 ordinatur
1128 1765 1386 1821 antistes.
1441 1762 1705 1833 Sequenti
1737 1774 1865 1815 vero

284 1881 433 1922 anno
459 1863 748 1935 Philippus
778 1862 1065 1935 presbyter
1093 1858 1239 1916 Sidae
1285 1856 1656 1913 Christianam
1693 1853 1868 1911 histo-

288 1962 427 2016 riam
453 1959 509 2014 in
536 1958 756 2029 triginta
783 1972 877 2013 sex
919 1956 1089 2011 libros
1116 1952 1429 2024 descripsit.

358 2050 547 2107 Mundi
604 2064 750 2105 anno
798 2046 960 2113 5925,
1011 2047 1211 2103 divinae
1261 2042 1664 2100 incarnationis
1724 2056 1870 2099 anno

286 2146 417 2214 425,
453 2142 699 2201 Sisinnio
744 2142 1006 2200 defuncto
1037 2139 1328 2197 Nestorius
1357 2134 1874 2206 Constantinopoli-

287 2244 454 2292 tanus
484 2235 543 2290 Iit
574 2233 893 2305 episcopus.
923 2229 1049 2287 Mox
1099 2243 1231 2287 vero
1254 2228 1517 2283 thronum
1549 2223 1873 2283 conscendit

287 2343 529 2405 nequam
578 2328 712 2382 ﬁdes
744 2326 889 2396 ejus,
948 2330 1005 2381 et
1049 2338 1349 2405 pervorsus
1398 2323 1455 2377 in
1515 2318 1872 2392 dogmatibus

286 2402 494 2480 sensus
533 2418 949 2477 ostendebatur.
1004 2402 1309 2473 liomeliam
1370 2414 1577 2486 quippe
1633 2412 1702 2470 de
1767 2413 1873 2470 ﬁde

289 2513 542 2587 protulit,
595 2512 842 2586 syncello
880 2526 987 2567 suo
1042 2509 1370 2582 praacipiens
1395 2514 1456 2563 ut
1501 2507 1645 2595 hanc
1682 2521 1872 2563 coram

288 2605 526 2662 ecclesia
588 2601 937 2674 prmdicarct,
974 2600 1262 2655 habentem
1288 2598 1363 2652 ita
1393 2616 1408 2653 :
1437 2595 1537 2651 Dei
1554 2594 1873 2653 ’Genitricem

290 2698 530 2754 Mariam
560 2705 703 2751 vocet
733 2711 883 2751 nemo
914 2708 933 2749 :
964 2690 1145 2747 Maria
1190 2691 1331 2746 enim
1360 2688 1516 2745 homo
1559 2698 1695 2757 erat,
1726 2697 1776 2744 et
1806 2686 1872 2743 ab

289 2791 503 2846 homine
554 2788 729 2844 Deum
760 2787 905 2860 gigni
960 2782 1287 2857 impossibile
1315 2791 1414 2839 est.
1475 2780 1627 2837 Hanc
1680 2795 1872 2837 vocem

289 2882 529 2953 primum
570 2879 920 2951 reprehendit
950 2875 1220 2932 Eusebius
1248 2874 1473 2945 quidam
1505 2873 1873 2931 scholasticus

290 2972 660 3046 imperatricis
690 2968 1287 3040 Constantinopoleos;
1309 2967 1457 3024 unde
1480 2968 1639 3022 multi
1664 2964 1876 3038 Byzan-

293 3068 502 3124 tiorum
529 3064 736 3120 turbati
775 3068 926 3120 sunt.
982 3059 1272 3117 Nestorius
1308 3068 1493 3115 autem
1525 3057 1752 3114 verbum
1778 3056 1874 3112 ﬁr-

291 3173 448 3213 mare
492 3156 787 3221 festinans,
842 3168 1030 3209 vocem
1091 3167 1201 3224 qua
1253 3151 1350 3207 Dei
1381 3150 1633 3208 Genitrix
1668 3150 1874 3207 dicitur

290 3249 477 3321 ejecit,
508 3264 708 3319 purum
738 3247 1016 3303 hominem
1052 3244 1246 3299 dicens
1274 3242 1590 3299 Dominum.
1626 3242 1872 3311 Quadam

289 3357 427 3398 vero
484 3341 769 3397 Dominica
810 3339 923 3405 die,
969 3338 1301 3410 praesidente
1356 3336 1635 3402 Nestorio,
1681 3336 1873 3407 jussus

292 3434 527 3492 Proclus
557 3434 790 3491 recitare
810 3431 1104 3488 homeliam
1130 3429 1270 3487 dixit
1298 3430 1350 3485 in
1383 3428 1477 3484 Dei
1512 3428 1870 3493 Gcnitrieem,

292 3528 457 3599 cujus
512 3527 732 3582 initium
780 3533 864 3583 est
906 3540 924 3581 :
977 3523 1269 3597 Virginalis
1325 3522 1640 3579 solemnitas
1696 3519 1874 3587 hodie,

295 3620 513 3674 fratres.
531 3617 687 3673 Tunc
707 3615 928 3673 odihilis
960 3614 1140 3671 factus
1163 3623 1248 3671 est
1280 3612 1422 3684 apud
1444 3627 1639 3669 omnes
1671 3611 1874 3682 impius

294 3708 587 3767 Nestorius
611 3715 836 3782 propter
869 3707 1096 3781 typhum
1119 3713 1173 3763 et
1205 3705 1405 3762 malam
1440 3704 1625 3762 ﬁdem.
1668 3704 1873 3760 Eodem

293 3820 427 3862 vero
454 3817 601 3858 anno
627 3802 873 3859 terribile
904 3800 1231 3858 miraculum
1279 3809 1597 3859 sanctorum
1656 3807 1868 3879 septem

293 3912 592 3970 puerorum
636 3894 836 3970 Ephesi
899 3894 1103 3953 factum
1142 3905 1249 3963 est,
1320 3894 1741 3968 resurgentibus
1790 3895 1873 3951 eis

294 3999 423 4064 post
459 3990 556 4047 I8I
590 4004 787 4048 annos.
818 3988 990 4046 Porro
1014 3988 1255 4062 Cyrillus
1290 3985 1700 4045 Alexandrinus
1724 3987 1873 4059 cpis-

295 4099 471 4156 copus
493 4083 793 4156 compertis
816 4082 1058 4141 Nestorii
1084 4080 1439 4153 blasphemiis
1467 4080 1663 4137 scribit
1685 4081 1757 4148 ci,
1787 4094 1877 4137 ro-

279 4171 435 4255 gans
464 4185 520 4237 et
544 4194 775 4236 monens
808 4185 867 4235 ut
891 4178 1201 4235 discederet
1224 4192 1256 4233 a
1296 4177 1571 4249 perversis
1601 4174 1876 4247 dogmati-

296 4276 402 4332 bus
425 4277 542 4331 suis
560 4274 835 4346 ﬁdemque
857 4280 1063 4331 rectam
1087 4272 1417 4342 susciperet.
1439 4271 1510 4326 At
1534 4285 1663 4327 vero
1679 4268 1877 4327 Nesto-

298 4369 418 4425 rins
441 4367 492 4425 ei
521 4383 551 4424 e
580 4374 777 4424 contra
799 4368 949 4422 misit
974 4364 1208 4433 injurias
1232 4373 1287 4421 et
1307 4364 1704 4435 blasphemias.
1722 4364 1878 4419 Tunc

296 4457 539 4531 Cyrillns
572 4457 765 4513 scribit
790 4456 1091 4513 Caelestino
1127 4471 1281 4527 papa:
1321 4455 1568 4510 Ilomano
1629 4469 1752 4526 quae
1779 4454 1879 4510 Ne—

300 4550 513 4607 storius
574 4549 937 4620 praedicaret;
1004 4555 1058 4603 et
1126 4546 1528 4618 blasphemias,
1588 4561 1711 4617 qua:
1770 4545 1875 4602 sibi

300 4641 524 4711 scripta:
563 4641 780 4696 fuerant
803 4655 832 4694 a
857 4639 1133 4704 Nestorio,
1165 4639 1217 4695 ei
1246 4639 1567 4694 manifestas
1605 4638 1876 4694 exhibuit.

304 4734 462 4790 Tunc
490 4733 825 4789 Coclestinns
857 4731 1053 4789 scribit
1085 4729 1361 4796 Nestorio,
1381 4730 1648 4787 deﬁniens
1686 4730 1735 4787 ei
1764 4730 1881 4786 die-

303 4840 425 4882 rum
457 4824 645 4882 decem
682 4824 937 4880 inducias
959 4822 1210 4879 cessandi
1245 4837 1274 4876 a
1306 4820 1648 4892 blaSphemia
1670 4830 1730 4875 et
1760 4835 1878 4890 pte-

303 4918 511 4975 nitendi
552 4937 567 4975 :
600 4916 748 4990 quod
784 4915 830 4974 si
858 4916 1215 4988 perdurasset
1257 4914 1312 4969 in
1374 4928 1543 4984 prava
1598 4913 1879 4982 opinione,

300 5007 596 5065 sacerdotii
628 5007 1066 5063 communicator
1099 5006 1332 5061 ulterius
1386 5019 1514 5061 esse
1564 5004 1877 5061 desisteret.

303 5101 565 5159 Scribunt
587 5109 774 5156 autem
803 5100 1056 5156 similiter
1080 5098 1415 5157 Coelestinus
1443 5108 1606 5170 atque
1640 5097 1881 5169 Cyrilius

301 5192 655 5250 Antiocheno
690 5201 745 5249 et
781 5192 1283 5263 Ilierosolymitano
1317 5191 1760 5262 archiepiscopis
1812 5192 1879 5247 de

302 5286 557 5344 Nestorio
579 5295 635 5342 et
668 5286 863 5342 Incresi
889 5284 1031 5355 ejus.
1065 5282 1307 5340 Joannes
1346 5295 1526 5339 autem
1552 5283 1749 5339 scribit
1772 5282 1879 5340 Ne-

299 5379 473 5435 storio
493 5378 633 5434 dans
666 5376 958 5433 consilium
997 5373 1285 5431 recedendi
1316 5374 1630 5439 εὼιιιῖετεεί,
1664 5376 1795 5445 quin
1823 5384 1875 5430 et

302 5473 369 5527 ad
401 5471 725 5526 memoriam
749 5469 960 5526 ducens
988 5467 1123 5525 illud
1144 5468 1390 5540 Apostoli
1418 5468 1689 5523 dicentis:
1723 5465 1876 5521 Misit

308 5566 457 5624 Deus
478 5565 527 5622 F
529 5568 680 5621 ilium
711 5582 863 5621 suum
898 5564 1099 5635 factum
1154 5580 1218 5619 ea:
1252 5565 1493 5620 muliere.
1524 5563 1877 5637 Cognoscens

1962 554 2309 612 conturbatis
2341 553 2507 610 silere
2536 553 2761 608 minime
2794 557 3121 623 paterentur
3142 590 3161 617 ,
3226 549 3406 606 suasit
3437 548 3543 602 im-

1962 646 2204 719 peratori
2222 646 2440 701 mittere
2452 644 2658 717 Cyrillo
2675 657 2893 701 sacram
2916 641 3267 714 stigmatibus
3288 641 3504 712 plenam
3523 657 3541 707 ;

1964 758 2128 815 quem
2154 749 2355 813 putans
2376 755 2444 796 ex
2465 738 2555 795 his
2584 750 2939 808 compescere
2961 735 3139 806 magis
3173 735 3371 791 erexit.
3399 733 3541 790 Sur-

1964 850 2098 909 gens
2125 835 2270 890 enim
2301 832 2497 890 scribit
2519 830 2839 903 imperatori
2874 842 2930 886 et
2955 830 3244 887 sororibus
3281 829 3400 886 suis
3430 837 3543 885 tam

1963 928 2034 985 de
2082 936 2233 982 recta
2277 925 2381 981 ﬁde
2416 939 2582 995 quam
2616 923 2688 980 de
2719 922 2950 980 sinistra
2985 922 3249 992 opinione
3276 919 3543 985 Nestorii,

1964 1020 2131 1077 simul
2156 1029 2209 1075 et
2250 1020 2537 1090 postulans
2592 1017 2966 1073 universalem
3005 1017 3123 1072 ﬁeri
3165 1016 3437 1089 synodum
3464 1017 3546 1093 ad

1964 1113 2390 1169 examinandum
2413 1111 2678 1167 canonice
2699 1110 2767 1166 de
2801 1107 3265 1166 Nestorio.-Tunc
3304 1108 3548 1179 impera-

1964 1214 2052 1260 tor
2075 1203 2417 1261 Theodosius
2444 1203 2637 1261 scribit
2656 1203 2916 1260 omnibus
2934 1202 3209 1274 episcOpis
3237 1210 3299 1258 ut
3325 1203 3541 1272 absque

1966 1293 2075 1353 ulla
2107 1296 2375 1353 dilatione
2405 1304 2531 1369 post
2588 1296 2800 1352 Pascha
2838 1295 3117 1367 Ephesum
3158 1297 3546 1359 convenirent,

1966 1387 2236 1446 deﬁniens
2265 1390 2396 1463 quia
2433 1390 2640 1445 nullam
2682 1390 2828 1461 apud
2855 1389 3024 1446 Deum
3046 1399 3105 1447 et
3134 1389 3283 1461 apud
3313 1406 3415 1447 nos
3449 1407 3551 1446 ex-

1966 1482 2275 1540 cusationis
2312 1483 2583 1538 rationem
2616 1482 2866 1547 habebit,
2899 1484 2995 1554 qui
3049 1483 3136 1538 die
3170 1495 3377 1539 sancta:
3411 1484 3553 1539 Pen-

1966 1579 2209 1629 tecostes
2231 1572 2290 1627 in
2313 1573 2552 1629 concilio
2576 1573 2839 1629 inventus
2857 1588 2969 1628 non
3002 1572 3167 1629 fuerit
3202 1574 3343 1644 apud
3369 1574 3552 1646 Ephe-

1967 1680 2113 1722 sum.
2165 1664 2500 1722 Caelestinus
2550 1675 2729 1722 autem
2784 1664 3066 1722 Romanus
3111 1667 3306 1723 scribit
3343 1666 3552 1741 Cyrillo

1968 1757 2548 1836 Alexandrinqlocum
2577 1774 2739 1816 suum
2769 1762 2821 1815 in
2853 1760 3090 1816 concilio
3121 1761 3416 1819 retinendi.
3444 1762 3553 1818 Ita-

1968 1867 2077 1922 que
2106 1852 2377 1908 vicesimo
2410 1854 2608 1923 quinto
2642 1852 2858 1923 imperii
2885 1852 3179 1909 Theodosii
3206 1869 3355 1909 anno
3404 1855 3551 1927 apud

1970 1940 2246 2014 Ephesum
2278 1944 2593 2000 celebratur
2623 1944 2787 1999 tertia
2822 1955 3018 1999 sancta
3061 1944 3330 2016 synodus.
3360 1947 3554 2004 Omni-

1970 2034 2074 2091 bus
2093 2050 2230 2092 sane
2258 2036 2603 2092 antistitibus
2636 2036 3121 2104 convenientibus,
3154 2020 3400 2096 Joannes
3442 2042 3557 2097 An-

1970 2126 2266 2183 tiochenns
2308 2137 2363 2183 et
2401 2127 2712 2184 Orientales
2744 2129 2799 2183 in
2836 2126 2978 2182 dicta
3025 2128 3137 2196 die,
3186 2139 3242 2186 ct
3274 2146 3398 2202 quae
3427 2140 3555 2201 ante

1973 2226 2181 2275 statuta
2202 2219 2407 2288 fuerat,
2433 2220 2657 2276 minime
2688 2230 3116 2277 concurrerunt.
3139 2221 3311 2279 Porro
3340 2224 3554 2290 decima

1973 2320 2130 2367 sexta
2160 2312 2249 2369 die
2286 2320 2409 2383 post
2453 2313 2815 2384 praeﬁnitam,
2856 2312 3074 2371 Joanne
3125 2320 3543 2390 nongveniente,

1973 2408 2217 2478 pervenit
2244 2405 2539 2463 Nestorius
2564 2423 2691 2464 cum
2728 2409 2900 2463 multa
2934 2410 3222 2480 jactantia,
3259 2414 3556 2469 vicesima-

1974 2515 2083 2573 que
2104 2498 2310 2556 mensis
2330 2498 2481 2555 Junii
2503 2499 2591 2555 die
2612 2500 2888 2557 celebrata
2922 2509 3007 2557 est
3050 2502 3317 2575 synodus,
3358 2503 3557 2573 Nesto-

1973 2593 2080 2660 rio,
2102 2591 2307 2664 Cyrillo
2331 2591 2653 2649 etJuvenali
2679 2593 3127 2664 praesidentibus.
3152 2593 3323 2652 Porro
3347 2596 3556 2669 Cyrillo

1974 2685 2210 2741 Romani
2238 2686 2515 2756 pontiﬁcis
2541 2687 2691 2742 vices
2712 2696 2908 2758 agente
2931 2695 2985 2741 et
3011 2696 3209 2744 cuncta
3253 2690 3558 2765 theologice

1975 2779 2313 2850 disputante,
2361 2780 2499 2836 dicit
2548 2779 2837 2837 Nestorius
2870 2796 2998 2836 eum
3036 2782 3209 2837 multa
3235 2783 3504 2853 jactantia
3538 2805 3553 2842 :

1976 2870 2094 2943 Ego
2119 2872 2269 2928 illum
2299 2874 2390 2944 qui
2431 2874 2732 2929 bimenstris
2766 2884 2814 2928 et
2842 2873 3163 2931 trimenstris
3220 2875 3397 2946 factus
3453 2889 3555 2941 est,

1975 2982 2244 3038 nunquam
2273 2965 2442 3021 Deum
2474 2967 2878 3033 nominaverim,
2910 2975 2963 3022 et
3022 2967 3140 3022 ideo
3170 2969 3397 3024 mundus
3436 2987 3555 3026 sum

1977 3075 2011 3114 α
2057 3059 2314 3130 sanguine
2360 3069 2553 3123 vestro,
2591 3070 2638 3115 et
2670 3076 2736 3115 ea:
2775 3060 2873 3115 hoc
2899 3061 2969 3116 ad
3000 3078 3089 3117 vos
3131 3061 3441 3121 nullatenus
3475 3081 3557 3120 re-

1974 3150 2217 3223 pedabo;
2251 3158 2306 3207 et
2337 3152 2424 3207 his
2459 3151 2625 3208 dictis
2680 3165 2807 3206 cum
2839 3168 2937 3209 sex
2987 3153 3289 3227 episcopis,
3319 3156 3413 3226 qui
3457 3172 3554 3213 vo-

1976 3242 2214 3298 luntarie
2252 3243 2429 3299 secuti
2474 3251 2607 3299 sunt
2642 3258 2791 3310 eum,
2837 3243 2991 3300 abiit.
3024 3244 3065 3300 Ii
3096 3261 3228 3302 vero
3252 3248 3349 3318 qui
3404 3249 3558 3306 circa

1975 3334 2239 3407 Cyrillum
2268 3344 2427 3395 erant
2466 3346 2690 3408 postera
2733 3337 2826 3394 die
2878 3339 3293 3407 convenientes,
3355 3341 3559 3400 misere

1978 3436 2091 3486 tres
2115 3429 2407 3502 episcOpos
2434 3446 2634 3488 vocare
2664 3431 2841 3499 illum,
2883 3441 2940 3489 et
2972 3448 3084 3488 non
3106 3434 3408 3491 obaudivit.
3429 3436 3556 3494 Pari

1977 3522 2144 3578 modo
2176 3522 2424 3579 secundo
2462 3532 2518 3580 et
2557 3524 2725 3581 tertio
2751 3532 2806 3581 et
2829 3533 3027 3595 quarto
3052 3541 3082 3580 a
3111 3526 3321 3597 synodo
3348 3543 3557 3586 convo-

1979 3625 2136 3674 catus
2174 3633 2282 3674 non
2317 3618 2469 3675 venit
2505 3637 2520 3674 :
2558 3618 2653 3675 sed
2692 3626 2748 3674 et
2794 3620 2919 3677 illos
2971 3621 3065 3692 qui
3126 3620 3287 3677 missi
3339 3622 3560 3681 fuerant

1978 3707 2198 3780 injuriis
2240 3708 2367 3767 fecit
2399 3719 2455 3766 et
2498 3710 2848 3768 contumeliis
2896 3709 3057 3766 allici.
3115 3710 3273 3785 Tunc
3315 3713 3559 3785 synodus

1978 3801 2205 3871 injuriis
2244 3810 2299 3857 et
2320 3802 2619 3874 ignominia
2651 3803 2927 3860 lacessitis
2952 3804 3249 3874 episcopis,
3280 3805 3374 3877 qui
3399 3806 3558 3865 missi

1978 3894 2215 3959 fuerant,
2251 3895 2509 3967 receptis,
2542 3898 2902 3956 sententiam
2945 3898 3173 3968 protulit
3224 3898 3283 3954 in
3322 3914 3474 3967 eum,
3501 3914 3561 3958 et

1979 3988 2222 4045 alienum
2260 3989 2377 4046 fore
2421 3991 2491 4047 ab
2521 3992 2675 4047 omni
2709 4006 2867 4048 sacra
2897 3990 3165 4063 dignitate
3196 3992 3462 4061 decrevit,
3498 3995 3559 4054 in

1978 4081 2177 4140 faciem
2221 4083 2335 4156 (14)
2370 4086 2420 4140 ei
2450 4084 2798 4156 depositione
2833 4085 3010 4156 ipsius
3054 4087 3409 4145 transmissa.
3456 4086 3559 4146 His

1979 4175 2051 4231 ita
2084 4175 2256 4233 ﬁnitis
2286 4177 2436 4232 venit
2469 4186 2591 4248 post
2616 4185 2731 4234 tres
2755 4177 2873 4235 dies
2900 4177 3143 4235 Joannes
3176 4179 3558 4239 Antiochenus

1978 4269 2272 4341 cpiscopus
2297 4270 2492 4341 viginti
2515 4285 2611 4327 sex
2642 4285 2832 4328 secum
2866 4266 3144 4343 episcopis
3172 4272 3411 4342 habitis;
3463 4275 3561 4347 qui

1978 4374 2105 4415 cum
2139 4360 2461 4417 didicissent
2488 4361 2801 4417 Nestorium
2855 4362 2969 4432 jam
3014 4363 3348 4435 depositum,
3391 4367 3559 4425 scissi

1910 4492 1954 4548 θ
1982 4469 2011 4509 a
2033 4462 2222 4510 sancta
2253 4455 2464 4527 synodo
2489 4464 2545 4510 et
2590 4471 2718 4512 eum
2778 4455 3040 4514 Nestorio
3078 4459 3429 4517 considentes
3460 4461 3560 4516 de-

1982 4562 2243 4620 posuere,
2290 4556 2351 4604 ut
2380 4547 2773 4619 opinabantur,
2804 4550 3066 4621 Cyrillum
3107 4560 3161 4607 et
3211 4551 3556 4611 Memnonem

1982 4638 2344 4710 Ephesinum.
2375 4639 2420 4691 Τ
2426 4639 2747 4697 heodoritus
2780 4656 2915 4697 sane
2956 4650 3160 4714 putans
3200 4642 3464 4716 Cyrillum
3506 4648 3559 4705 in

1982 4732 2273 4789 duodecim
2318 4734 2564 4805 capitula
2627 4734 2958 4800 offendisse,
3013 4746 3213 4807 praeter
3269 4740 3557 4798 veritatem

1981 4825 2360 4882 narrationem
2392 4814 2621 4893 faciens,
2646 4826 2850 4881 ibidem
2872 4825 3109 4883 Nestorii
3137 4844 3408 4885 venenum
3432 4846 3560 4887 evo-

1984 4919 2145 4975 muit.
2178 4918 2419 4990 Cyrillus
2447 4933 2578 4975 vero
2607 4924 2860 4991 potenter
2891 4933 3197 4991 exsurgens
3226 4935 3325 4991 pro
3350 4921 3559 4978 eisdem

1986 5010 2240 5081 capitulis
2269 5011 2541 5067 rationem
2578 5009 2840 5076 reddidit,
2874 5025 2940 5068 ea
2972 5026 3095 5082 quas
3130 5013 3188 5068 in
3232 5013 3315 5071 eis
3345 5013 3559 5071 haben-

1986 5106 2484 5183 turjinterpretans,
2527 5112 2585 5160 et
2619 5104 3060 5162 ecclesiasticum
3094 5104 3413 5162 thesaurum
3434 5123 3561 5166 esse

1986 5196 2403 5264 demonstrans,
2432 5203 2600 5267 atque
2624 5195 2772 5268 piam
2808 5195 3168 5254 intentionem
3190 5214 3346 5254 suam
3383 5203 3561 5256 mani-

1986 5286 2199 5345 festans
2257 5288 2541 5345 omnibus.
2601 5286 2790 5359 Itaque
2837 5288 3218 5346 Antiochenus
3265 5289 3561 5351 Joannesa

1985 5379 2219 5436 concilio
2247 5379 2412 5434 tertio
2442 5386 2693 5443 vocatus,
2736 5385 2791 5434 et
2828 5394 2938 5442 non
2978 5379 3283 5437 obaudiens
3316 5390 3375 5437 ut
3404 5386 3557 5451 veni-

1986 5482 2091 5539 ret,
2125 5471 2454 5529 sententiam
2484 5486 2593 5526 una
2622 5487 2746 5527 cum
2781 5472 2866 5528 his
2894 5473 2988 5543 qui
3021 5489 3221 5535 secum.
3250 5483 3409 5530 erant
3460 5491 3559 5533 ex-

1987 5564 2154 5636 cepit,
2181 5570 2241 5617 ut
2271 5562 2435 5619 alieni
2480 5561 2662 5619 forent
2713 5562 2784 5618 ab
2815 5563 2968 5619 omni
2994 5563 3373 5621 ecclesiastica
3407 5579 3559 5623 com-

1917 5675 2133 5734 NOTA‘J

369 5778 481 5850 (It)
517 5775 579 5830 In
608 5774 821 5850 fa_ciem.
847 5771 990 5829 Ilist.
1022 5772 1263 5843 Tripart.
1290 5790 1364 5840 tv,
1392 5776 1461 5830 2i
1497 5791 1512 5830 :
1542 5794 1561 5827 ι
1591 5790 1715 5831 nam
1755 5773 1850 5846 qui
1881 5774 1949 5831 de
1988 5775 2105 5832 suis
2136 5772 2298 5830 dictis
2318 5770 2626 5839 conﬁdunt,
2648 5770 2816 5829 etiam
2836 5782 2903 5830 an
2939 5774 3137 5827 {actem
3180 5772 3412 5843 probare
3447 5786 3557 5830 non

303 5844 539 5922 fugiunt.
589 5866 607 5900 ι
643 5844 807 5902 Fasn.

542 5944 813 6008 Parnoc.
842 5944 959 6006 Gn.
1000 5943 1208 6007 CVIII.

3134 5930 3209 5994 39
