4038 6298
402 353 540 420 1227

439 383 534 419 2.11

1500 348 1900 412 ANASTASII
1955 347 2583 409 BIBLIOTHECARII

3535 345 3667 412 1228

405 471 686 535 munione,
711 467 1021 539 usquedum
1062 481 1182 522 sese
1214 471 1673 536 recognoscentes
1698 462 1978 534 proprium
2009 464 2061 523 Λ
2087 465 2484 534 depositionem
2538 463 2607 519 ab
2639 463 2874 520 ecclesia
2915 473 3150 533 separati
3201 471 3381 526 erant,
3426 463 3666 517 ccclesia‘

403 566 798 623 confiterentur
835 576 1147 618 excessum.
1185 559 1453 630 Tuncque
1492 558 1740 631 synodus
1783 555 1980 612 delini-

408 659 500 724 vit,
534 671 654 729 quae
685 655 752 709 ab
776 652 1149 709 Orientalibus
1190 651 1245 705 in
1284 649 1543 720 iujuriam
1598 648 1984 705 sanctissimo-

409 767 528 807 rum
558 750 812 805 Ecclesiae
835 748 1127 819 pracsulum
1157 745 1344 816 Cyrilli
1375 752 1426 799 et
1449 742 1754 799 Memnonis
1776 742 1987 812 prolata

408 851 561 909 sunt,
589 848 778 912 utpote
829 840 950 896 sine
1005 840 1122 910 lege
1152 848 1207 893 et
1230 839 1351 892 sine
1385 851 1599 891 canone
1638 834 1987 905 deprompta,

413 938 619 993 nullam
665 937 774 990 vim
823 939 1053 1006 prorsus
1110 929 1337 987 habere.
1380 929 1478 985 llis
1518 930 1685 1000 igitur
1725 930 1987 984 omnibus

412 1050 509 1105 per
566 1030 950 1102 suggestioucs
999 1023 1313 1083 Theodosio
1374 1022 1697 1095 imperatori
1772 1021 1988 1086 relatis,

414 1124 552 1194 iussi
601 1130 733 1179 sunt
778 1119 1023 1190 episcopi
1072 1133 1138 1171 ex
1201 1127 1433 1186 utraque
1487 1123 1644 1185 parte
1693 1113 1994 1169 ascendere

413 1213 982 1284 ConstantinOpolim;
1013 1211 1107 1281 qui
1140 1225 1264 1264 cum
1294 1207 1696 1268 ascendissent,
1726 1221 1997 1275 coopera-

415 1309 566 1362 tione
595 1305 686 1360 Dei
719 1303 901 1358 vicere
955 1303 1010 1354 hi
1047 1299 1140 1370 qui
1199 1315 1267 1353 ex
1297 1307 1454 1368 parte
1514 1298 1707 1367 synodi
1755 1297 1994 1360 fuerant,

415 1402 738 1467 ﬁrmataque
765 1392 1104 1463 depositione
1154 1389 1394 1445 Nestorii
1448 1387 1818 1442 Maximianus
1853 1386 1999 1441 Con-

417 1489 855 1561 stantinopoleos
906 1493 1260 1540 consecratur
1318 1483 1629 1551 cpiscopus.
1689 1480 1999 1537 Orientales

417 1602 551 1644 vero
609 1591 928 1652 susceptum
961 1577 1272 1634 Nestorium
1303 1591 1490 1632 secum
1552 1575 1779 1630 duxere.
1829 1574 2001 1655 Porro

421 1688 619 1752 quarto
643 1675 893 1732 .Nestorii
951 1671 1320 1743 depositionis
1354 1684 1501 1724 anno
1535 1668 1775 1725 Joannes
1809 1668 2002 1724 Antio-

421 1775 631 1830 chenus
661 1771 954 1842 episcopus
986 1781 1175 1822 amore
1224 1764 1319 1820 Dei
1376 1764 1657 1828 detentus,
1699 1763 2004 1834 yidcnsque

2090 562 2282 613 rursus
2334 558 2530 613 univit.
2567 557 2678 614 Sub
2721 557 2824 612 hoc
2854 561 3088 625 {sanctae
3137 555 3416 611 memoria:
3475 555 3666 610 Proclo

2087 659 2248 707 terrae
2275 661 2458 707 motus
2501 651 2628 705 facti
2675 659 2804 705 sunt
2832 649 3018 720 magni
3069 647 3548 718 Constantinopoli
3576 664 3668 719 per

2089 754 2326 816 quatuor
2352 761 2591 807 menses,
2626 745 2696 800 ita
2733 754 2791 800 ut
2813 744 3072 798 timentes
3103 741 3351 814 Byzantii
3383 750 3542 795 extra
3590 742 3669 795 ci-

2091 839 2337 903 vitatem,
2371 839 2425 893 in
2459 838 2580 894 loco
2613 839 2706 909 qui
2737 837 2945 892 dicitur
2969 836 3237 906 Campus,
3265 843 3456 891 essent
3484 849 3671 904 perse-

2091 947 2347 989 verantes
2381 950 2490 988 una
2525 948 2649 987 cum
2681 933 2964 1002 episcopo,
3014 931 3080 986 ad
3133 929 3302 987 Deum
3337 929 3594 999 precibus
3622 939 3673 984 et

2095 1027 2305 1082 litaniis
2354 1026 2743 1084 vociferantes.
2781 1025 3027 1093 Quadam
3081 1039 3214 1096 ergo
3264 1022 3354 1079 die
3385 1023 3676 1077 fluctuante

2097 1128 2262 1186 terra,
2324 1129 2378 1175 et
2430 1121 2578 1174 omni
2619 1120 2776 1190 plebe
2802 1118 3067 1174 attentius
3091 1116 3436 1171 exclamante
3470 1112 3672 1182 Κύριε,

2099 1214 2344 1283 ἐλέησον,
2378 1214 2524 1268 circa
2565 1213 2756 1267 horam
2793 1211 3011 1267 tertiam
3051 1210 3314 1265 omnibus
3363 1206 3680 1263 videntibus

2101 1309 2329 1379 contigit
2380 1323 2407 1361 a
2468 1308 2654 1361 divina
2689 1307 2894 1360 virtute
2948 1303 3164 1359 sustolli
3213 1301 3507 1372 quemdam
3536 1298 3666 1352 ado-

2099 1401 2464 1460 lescentulum
2502 1401 2556 1454 in
2581 1415 2727 1463 aere,
2761 1411 2815 1454 et
2853 1399 3029 1453 audiri
3059 1398 3301 1452 divinam
3348 1408 3537 1449 vocem
3591 1391 3684 1445 ad-

2103 1503 2414 1551 monentem
2443 1510 2567 1548 eum
2595 1495 2855 1564 episcopo
2881 1507 2945 1546 ac
2972 1490 3170 1562 populo
3189 1490 3449 1543 nuntiare
3485 1493 3542 1539 ut
3562 1485 3682 1539 lita-

2106 1589 2223 1644 nias
2254 1590 2335 1642 sic
2371 1587 2615 1643 facerent
2647 1594 2700 1641 et
2743 1586 2988 1640 dicerent
3018 1603 3032 1638 :
3064 1583 3294 1639 Sanctus
3327 1581 3491 1648 Deus,
3545 1581 3685 1637 San-

2105 1695 2217 1739 ctus
2262 1685 2436 1752 fortis,
2501 1683 2730 1739 Sanctus
2795 1683 3158 1741 immortalis.
3213 1681 3459 1735 miserere
3513 1681 3684 1744 nobis,

2106 1775 2244 1830 nihil
2269 1778 2416 1829 aliud
2451 1783 2816 1846 opponentes.
2849 1773 3076 1828 Proclus
3099 1782 3279 1827 autem
3310 1771 3412 1827 hac
3432 1782 3686 1841 suscepta

421 1869 626 1923 multos
677 1863 1150 1919 Autiocheuorum
1186 1858 1335 1914 viros
1397 1858 1647 1928 egregios
1686 1871 1713 1911 a
1743 1855 2000 1912 Nestorio

2116 1873 2375 1924 sententia
2430 1869 2688 1941 pracepit
2730 1867 2931 1937 populo
2995 1867 3228 1937 psallere
3269 1865 3369 1927 sic,
3409 1876 3464 1921 et
3501 1865 3684 1921 statim

422 1960 729 2018 adulterina
755 1956 1026 2028 pravitate
1049 1951 1312 2018 infectos,
1369 1950 1570 2006 scribit
1590 1965 1794 2022 rogans
1824 1949 2001 2022 impe-

423 2066 660 2110 ratorem
687 2050 830 2104 hunc
854 2049 923 2102 ab
956 2046 1181 2102 Oriente
1214 2043 1547 2116 pellendum.
1575 2043 1876 2114 Imperator
1906 2059 2004 2099 au-

423 2157 531 2201 tem
559 2141 869 2198 Nestorium
894 2137 1114 2210 quidem
1136 2135 1333 2191 exsilio
1351 2135 1614 2205 relegavit
1631 2135 1771 2205 apud
1793 2134 2002 2203 Oasim,

419 2245 696 2311 praecepta
725 2248 854 2289 vero
877 2230 1046 2285 mittit
1073 2229 1278 2300 Cyrillo
1305 2237 1358 2282 et
1374 2227 1572 2283 Joanni
1599 2230 1720 2283 sine
1739 2229 2007 2286 dilatione

424 2343 477 2389 et
505 2332 574 2387 ad
625 2330 918 2384 universas
945 2326 1239 2381 Ecclesias.
1292 2323 1532 2381 Joannes
1560 2337 1737 2380 autem
1779 2332 2006 2395 accepta

425 2427 789 2503 praeceptione
819 2424 1014 2482 scribit
1042 2423 1247 2495 Cyrillo
1287 2423 1444 2478 fidem
1477 2437 1632 2478 suam
1692 2431 1748 2478 et
1783 2423 2005 2478 Patrum

427 2523 573 2596 apud
635 2519 872 2575 Nicaeam
936 2526 991 2573 et
1055 2516 1591 2583 Constantitmpolim
1648 2516 2005 2572 collectorum

426 2615 857 2677 confessionem,
896 2611 1172 2680 recipiens
1204 2611 1368 2662 etiam
1405 2625 1527 2678 quae
1562 2610 1703 2680 apud
1731 2610 2004 2681 Ephesum

427 2719 579 2781 gesta
602 2717 750 2763 sunt.
779 2705 991 2772 Quibus
1021 2703 1260 2775 Cyrillus
1291 2705 1561 2771 susceptis
1596 2704 1790 2759 scribit
1811 2702 2006 2759 Joanui

428 2813 482 2858 et
503 2801 876 2858 Orientalibus
903 2798 1218 2869 epistolam,
1251 2797 1411 2868 cujus
1433 2797 1652 2851 initium
1681 2805 1799 2853 est:
1830 2817 1847 2850 ι
1888 2799 2007 2854 La:-

430 2905 615 2953 tentur
646 2894 772 2951 caali
797 2903 850 2949 et
883 2892 1126 2948 exsultet
1165 2889 1460 2960 terra.i;Et
1483 2891 1538 2945 in
1566 2891 1753 2947 eadem
1789 2892 2008 2947 confes-

430 2991 586 3046 sione
615 2988 865 3058 utrlsque
894 2985 1350 3041 convenientibus
1375 2983 1544 3038 unita:
1567 2992 1697 3040 sunt
1719 2984 1784 3039 ad
1820 2999 2008 3056 pacem

430 3091 595 3155 atque
625 3079 1002 3145 concordiam,
1039 3079 1239 3150 quibus
1274 3077 1690 3149 praeminebant,
1732 3077 2009 3133 Ecclesiae.

430 3175 534 3232 Per
561 3175 701 3231 idem
725 3187 858 3230 vero
890 3182 1105 3243 tempus
1134 3167 1362 3227 Nonnus
1388 3171 1611 3241 regebat
1645 3169 2008 3226 Edessensem

2113 1971 2272 2018 terrae
2299 1973 2480 2019 motus
2509 1962 2769 2018 cessavit.
2808 1961 2980 2016 Porro
3002 1962 3162 2014 beata
3182 1959 3472 2015 Puleheria
3513 1975 3680 2029 super

2111 2058 2378 2113 miraculo
2406 2073 2514 2112 una
2544 2073 2668 2112 cum
2724 2057 2893 2111 fratre
2949 2071 3115 2124 supra
3147 2055 3368 2111 modum
3423 2054 3694 2109 admirata

2113 2152 2295 2207 sanxit
2329 2167 2428 2221 per
2451 2151 2769 2206 universum
2799 2153 2984 2205 orbem
3003 2148 3250 2203 divinum
3279 2150 3427 2202 hunc
3457 2146 3697 2217 psallere

2111 2243 2414 2316 hymnum;
2444 2255 2500 2299 et
2532 2260 2599 2299 ex
2622 2255 2754 2298 tunc
2785 2258 3039 2312 recepere
3073 2256 3266 2296 omnes
3298 2239 3560 2296 Ecclesia:
3590 2255 3686 2311 per

2114 2338 2359 2409 slngulos
2395 2337 2515 2393 dies
2545 2337 2694 2391 hunc
2717 2351 2916 2391 cauere
2949 2335 3079 2391 Deo.

2186 2430 2261 2487 De
2310 2441 2506 2488 caetero
2548 2432 2852 2502 imperante
2896 2429 3207 2485 Theodosio
3241 2427 3464 2497 juniore
3499 2424 3702 2480 Valerio

2111 2525 2359 2581 tinianus
2397 2539 2503 2578 non
2540 2523 2716 2579 solum
2755 2522 3091 2575 Britanniam
3124 2529 3178 2574 et
3230 2519 3461 2573 Galliam
3515 2527 3568 2572 ct
3608 2519 3701 2570 Ili-

2116 2619 2364 2691 spaniam
2401 2618 2617 2672 salvarc
2657 2615 2924 2687 nequivit,
2962 2616 3056 2669 sed
3088 2625 3141 2668 et
3170 2611 3565 2668 occidentalem
3617 2611 3706 2664 Li-

2111 2713 2300 2785 byam.
2331 2725 2449 2782 quae
2483 2710 2735 2766 videlicet
2766 2709 2917 2777 regio
2942 2717 3167 2762 vocatur
3197 2706 3478 2767 Afrorum,
3519 2706 3704 2759 amisit

2118 2807 2222 2861 hoc
2255 2805 2439 2860 modo.
2465 2803 2583 2858 Duo
2604 2809 2865 2874 praetores
2885 2811 3062 2868 erant,
3085 2800 3272 2854 Aetius
3294 2799 3498 2854 scilicet
3524 2807 3577 2852 et
3601 2797 3706 2851 Bo-

2119 2900 2376 2964 nifacius,
2412 2914 2550 2970 quos
2580 2897 2926 2953 Theodosius
2961 2896 3277 2966 postulante
3319 2892 3710 2948 Valentiniano

2119 2994 2348 3050 Romam
2397 2993 2621 3048 direxit.
2669 2991 2917 3063 Cumque
2978 2988 3297 3045 Bonifacius
3339 2987 3706 3059 principatum

2120 3085 2516 3142 occidentalem
2574 3081 2763 3154 Libyas
2817 3083 3179 3154 percepisset,
3219 3081 3426 3137 invidia
3489 3079 3706 3135 inﬂam-

2119 3191 2305 3235 matus
2356 3179 2547 3234 Aetius
2609 3179 3020 3234 accusationem
3072 3176 3201 3232 facit
3259 3175 3525 3232 adversus
3583 3190 3706 3230 eum

432 3268 757 3336 Ecclesium,
787 3269 880 3339 qui
926 3268 1158 3338 primam
1203 3265 1670 3322 Antioclienarum
1724 3266 2015 3320 mimarum
2044 3250 2088 3309 ο
2123 3279 2385 3343 tanquam
2445 3271 2805 3327 rebellionem
2839 3269 3198 3326 meditantem
3239 3280 3291 3325 et
3324 3270 3572 3324 obtinere
3623 3267 3710 3322 Li-

433 3365 547 3421 Deo
574 3365 857 3420 dicavitet
900 3379 998 3433 pro
1052 3361 1344 3432 Margarita
1402 3361 1688 3416 meretrice
1743 3360 2016 3432 Pelagiam

431 3455 649 3513 Christo
673 3456 954 3512 exhibuit.
987 3455 1096 3510 Iste
1139 3467 1271 3526 ergo
1300 3455 1588 3511 exsultans
1619 3470 1786 3527 super
1819 3456 2016 3512 horum

434 3551 732 3608 concordia
760 3550 972 3606 scribit.
993 3548 1192 3605 Joauni
1247 3549 1671 3621 archiepiscopo
1708 3551 1914 3605 monita
1964 3560 2019 3608 et

435 3645 728 3700 verborum
763 3645 1101 3715 magisteria,
1136 3643 1192 3698 in
1222 3644 1425 3714 quibus
1457 3651 1510 3698 et
1536 3644 1642 3698 hoc
1667 3644 1780 3700 ait:
1811 3644 2018 3700 Munda

437 3736 757 3804 Ecclesium,
800 3754 828 3791 ο
862 3737 1021 3790 homo
1066 3735 1185 3802 Dei,
1240 3754 1274 3791 a
1307 3735 1649 3792 Nestor-iani;
1683 3738 1910 3793 zizaniis
1970 3748 2019 3792 et

434 3831 548 3897 eius
576 3831 873 3902 impietate.
903 3830 1078 3886 Porro
1138 3829 1369 3902 impium
1408 3839 1462 3886 et
1492 3831 1876 3903 blasphemum
1910 3832 2020 3888 Be-

436 3923 670 3979 storium
721 3925 776 3979 in
829 3924 1026 3980 exsilio
1058 3923 1305 3978 divinum
1343 3923 1615 3996 judicium
1661 3925 2018 3982 subsecutum

435 4024 543 4082 cst,
574 4014 868 4072 tabefactis
894 4016 1154 4072 omnibus
1207 4018 1469 4073 membris
1509 4016 1651 4088 ejus,
1682 4026 1737 4072 ct
1783 4020 2019 4075 maxime

437 4108 646 4177 lingua,
678 4123 788 4180 qua
841 4119 1164 4178 consumpta
1214 4117 1389 4165 morte
1449 4111 1711 4182 praevenit
1765 4111 1870 4167 iter
1907 4128 2020 4183 quo

439 4202 509 4256 ab
533 4199 674 4257 Oase
704 4202 773 4257 ad
805 4202 971 4257 alium
1003 4202 1185 4256 locum
1221 4212 1341 4257 erat
1368 4203 1675 4259 ducendus.

500 4299 700 4356 Μυηᾱὶ
728 4307 873 4350 ann’o
889 4291 1051 4357 5926,
1081 4295 1281 4348 divinae
1303 4295 1699 4350 incarnationis
1724 4310 1868 4351 anno
1889 4297 2016 4365 428,

435 4395 669 4449 veniens
722 4388 1148 4444 Valentinianus
1203 4387 1349 4443 filius
1382 4387 1691 4443 Constantii
1750 4397 1806 4443 et
1850 4389 2020 4443 Gallae

440 4483 696 4539 Placidia:
757 4481 826 4537 ab
864 4482 999 4535 urbe
1047 4478 1222 4534 Roma
1280 4479 1819 4550 Constantinopolim
1865 4481 2019 4536 duxit

437 4593 666 4634 uxorem
695 4592 872 4643 suam,
910 4576 1075 4631 filiam
1131 4575 1427 4630 Theodosii
1475 4576 1848 4646 imperatoris,
1906 4576 2014 4629 Eu-

437 4666 656 4724 doxiam
695 4668 934 4729 nomine,
979 4681 1143 4737 quam
1186 4666 1288 4722 sibi
1327 4666 1568 4722 Eudocia
1621 4675 1904 4738 genuerat,
1962 4675 2019 4722 et

438 4760 670 4816 Romam
699 4761 886 4815 rediit.
916 4759 1179 4829 Sequenti
1210 4774 1342 4814 vero
1374 4775 1519 4814 anno
1545 4758 1887 4815 Theodosius
1914 4764 2021 4814 im-

438 4858 660 4919 perator
716 4846 1015 4902 Eudociam
1070 4863 1296 4902 uxorem
1360 4863 1516 4903 suam
1578 4849 2016 4920 Hierosolymam

441 4943 591 4998 misit
632 4941 913 5012 gratificos
949 4942 1187 5012 hymnos
1224 4941 1536 4998 oblaturam
1561 4941 1706 5010 Deo;
1734 4958 1858 5014 quas
1896 4946 2020 5014 plu-

442 5034 577 5086 rima
613 5032 759 5086 dona
789 5032 1041 5088 ecclesiis
1073 5034 1334 5099 contulit,
1367 5043 1423 5089 et
1457 5034 1701 5090 adoratis
1743 5046 1850 5088 tam
1895 5050 2022 5091 san-

440 5136 525 5180 cta
559 5141 724 5180 cruce
755 5141 920 5196 quam
960 5123 1210 5182 colendis
1245 5127 1382 5182 locis
1409 5143 1628 5183 reversa
1659 5137 1743 5184 est
1775 5129 1842 5184 ad
1873 5144 2025 5200 rega-

439 5218 534 5272 lia.
563 5215 870 5273 Tricesiuto
905 5219 1032 5273 dein
1062 5218 1274 5288 imperii
1298 5219 1592 5276 Theodosii
1621 5236 1765 5276 anno
1796 5221 2024 5278 Proclus

438 5312 732 5382 episcopus
778 5311 1425 5384 Constantinopolitanus
1466 5315 1775 5383 postulatus
1809 5317 1876 5370 ab
1920 5317 2022 5370 imo

441 5413 695 5473 peratore
731 5402 1044 5460 Theodosio
1089 5421 1293 5477 corpus
1345 5407 1524 5462 sancti
1572 5405 1802 5464 Joannis
1846 5409 2024 5480 Chry-

442 5497 668 5552 sostomi
699 5497 1008 5554 aComanis
1032 5498 1097 5553 ad
1133 5501 1336 5569 regiam
1366 5499 1556 5555 urbem
1585 5500 1796 5567 detulit,
1822 5509 1876 5555 et
1900 5517 2024 5572 pro-

440 5591 763 5646 ximoanno
812 5600 935 5659 post
961 5584 1187 5662 triginta
1220 5600 1333 5647 tres
1362 5606 1540 5648 annos
1569 5593 1622 5647 id
1665 5607 1848 5648 coram
1878 5591 2024 5647 omni

441 5684 793 5754 processione
841 5699 951 5739 una
999 5699 1126 5739 cum
1185 5685 1517 5755 imperatore
1563 5700 1627 5740 ac
1681 5685 2027 5756 imperatrice

441 5776 732 5834 Pulcherla
763 5778 980 5850 pompis
1009 5776 1336 5834 funebribus
1363 5777 1654 5849 publicans
1687 5779 1746 5833 in
1795 5779 2025 5848 Aposto-

443 5874 619 5929 lorum
653 5870 887 5930 ecclesia
920 5873 1122 5944 posuit.
1171 5871 1236 5929 Et
1274 5872 1348 5928 ita
1381 5887 1476 5929 eos
1502 5873 1594 5944 qui
1625 5879 1850 5943 propter
1874 5871 2024 5928 illius

2122 3367 2286 3439 byam
2313 3374 2689 3438 satagentem;
2742 3376 2797 3420 et
2828 3366 2944 3421 haec
2974 3365 3194 3436 quidem
3229 3363 3479 3419 Placidite
3505 3363 3710 3418 fateba-

2122 3469 2232 3529 tur,
2274 3459 2637 3517 Valentiniani
2668 3461 2853 3516 matri.
2882 3458 3154 3515 Caeterum
3201 3458 3485 3513 Bonifacio
3520 3456 3715 3513 scribit

2121 3556 2274 3626 quia,
2304 3556 2352 3611 si
2388 3556 2688 3612 accersitus
2731 3555 2922 3620 fueris,
2955 3555 3217 3610 accedere
3237 3554 3386 3609 noli:
3425 3553 3712 3608 incusatus

2118 3649 2265 3706 enim
2294 3664 2375 3710 es.
2403 3657 2456 3704 et
2485 3658 2537 3704 te
2563 3647 2752 3705 dolose
2775 3648 2966 3703 volunt
2993 3648 3350 3718 imperatores
3374 3685 3389 3702 .
3417 3685 3432 3702 .
3455 3687 3472 3703 .
3496 3687 3510 3702 .
3535 3686 3552 3701 .
3587 3645 3713 3701 Hac

2122 3741 2434 3812 suscipiens
2462 3741 2799 3807 Bonifacius,
2823 3749 2877 3797 et
2904 3740 3068 3796 veluti
3101 3739 3325 3811 pr0prio
3357 3754 3521 3794 servo
3557 3739 3712 3795 Aetio

2121 3835 2377 3899 credens,
2431 3835 2734 3890 accersitus
2771 3833 3036 3890 accedere
3077 3832 3315 3888 distulit.
3348 3831 3506 3887 Tunc
3544 3833 3715 3902 impe-

2125 3936 2337 3984 ratores
2371 3928 2584 3984 Aetium
2627 3927 2788 3999 quasi
2835 3927 3093 3982 devotum
3145 3933 3495 3996 receperunt.
3545 3924 3715 3979 Erant

2123 4033 2303 4080 autem
2365 4021 2524 4077 Gothi
2578 4029 2709 4076 tunc
2750 4027 2801 4076 et
2846 4029 3038 4092 gentes
3087 4019 3273 4074 multae
3318 4033 3382 4074 ac
3439 4014 3715 4080 maxima.

2125 4125 2275 4171 trans
2307 4114 2614 4169 Danubium
2651 4115 2704 4168 in
2736 4112 3106 4184 Hyperboreis
3146 4111 3284 4167 locis
3313 4110 3714 4175 inhabitantes,

2123 4224 2188 4266 ex
2219 4209 2418 4280 quibus
2455 4208 2895 4263 rationabiliores
2931 4214 3167 4276 quatuor
3217 4211 3378 4266 sunt,
3407 4202 3571 4258 Gothi
3609 4205 3719 4259 sei-

2123 4301 2252 4358 licet
2311 4310 2364 4357 et
2418 4301 2755 4374 Hypogothi,
2809 4299 3045 4371 Gipedes
3096 4307 3146 4354 et
3192 4297 3447 4360 V'audali,
3517 4313 3714 4352 nomen

2103 4398 2337 4449 tantum
2386 4402 2442 4449 et
2501 4393 2635 4448 nihil
2693 4393 2837 4446 aliud
2897 4400 3197 4456 mutantes,
3253 4404 3473 4461 unaque
3531 4391 3715 4461 lingua

2125 4496 2362 4543 utentes.
2425 4485 2628 4542 Omnes
2683 4498 2861 4539 autem
2907 4485 3027 4538 ﬁdei
3079 4492 3238 4537 erant
3288 4483 3507 4538 Ariona:
3553 4484 3715 4537 mali-

2124 4579 2372 4649 gnitatis.
2425 4576 2515 4633 Isti
2567 4577 2670 4632 sub
2713 4576 2952 4632 Arcadio
3002 4585 3056 4629 et
3105 4574 3347 4630 Honorio
3403 4573 3712 4629 Danubium

2125 4676 2476 4726 transeuntes
2521 4671 2573 4724 in
2632 4678 2777 4724 terra
2841 4668 3003 4723 locati
3055 4675 3186 4722 sunt
3224 4669 3617 4724 Romanorum.
3653 4667 3717 4721 Et

2124 4763 2356 4834 Gipedes
2403 4763 2648 4834 quidem,
2685 4778 2752 4816 ex
2786 4761 2988 4833 quibus
3017 4761 3367 4831 postmodum
3398 4761 3557 4817 divisi
3588 4771 3717 4816 sunt

2122 4854 2470 4925 Longobardi
2505 4863 2558 4909 et
2587 4854 2817 4921 Avares,
2855 4854 3017 4909 villas
3055 4869 3175 4924 qua:
3200 4862 3328 4908 sunt
3365 4853 3508 4908 circa
3540 4851 3718 4924 Siggi-

2124 4947 2321 5002 donem
2361 4955 2418 5000 et
2457 4945 2721 5000 Sirmium
2761 4944 3171 5000 habitaverunt.
3228 4944 3534 5016 Hypogolhi
3585 4957 3716 5000 vero

2125 5047 2248 5109 post
2311 5036 2590 5091 Alaricum
2664 5035 2893 5090 Romam
2949 5036 3352 5106 dcpopulantes
3402 5036 3454 5088 in
3510 5034 3716 5090 Gallias

2127 5130 2330 5194 abiere,
2384 5135 2440 5184 et
2497 5145 2619 5198 quae
2677 5128 2877 5184 ibidem
2938 5137 3069 5183 sunt
3121 5128 3502 5183 obtinuerunt.
3553 5125 3716 5182 Cotti

2127 5231 2306 5275 autem
2337 5219 2677 5274 Pannoniam
2706 5219 3017 5276 habuerunt
3051 5220 3318 5288 primum,
3349 5217 3473 5273 dein
3503 5218 3717 5274 decimo

2126 5327 2273 5368 nono
2322 5327 2468 5366 anno
2499 5313 2821 5382 imperantis
2862 5308 3155 5366 Theodosii
3198 5309 3434 5378 junioris
3465 5308 3714 5364 Thraciae

2127 5408 2285 5460 villas
2327 5405 2714 5461 habitaverunt
2774 5422 2871 5477 per
2920 5405 3323 5478 quinquaginta
3374 5415 3500 5460 octo
3542 5420 3715 5461 annos

2129 5499 2182 5554 in
2210 5499 2422 5554 Thrace
2452 5508 2751 5564 morantes,
2776 5498 3098 5571 Hesperium
3121 5515 3340 5570 quoque
3362 5499 3717 5554 obtinuertmt

2129 5592 2523 5663 principatum.
2582 5593 2754 5647 Porro
2805 5591 3036 5649 Vandali
3089 5591 3275 5656 Alanis
3315 5592 3420 5647 sibi
3463 5593 3709 5655 satiatis,

2129 5694 2185 5741 et
2224 5683 2533 5749 Germanis,
2580 5687 2674 5755 qui
2725 5701 2874 5742 nunc
2917 5683 3114 5741 Franci
3159 5694 3447 5749 vocantur,
3498 5688 3711 5750 asellis,

2132 5787 2481 5835 transeuntes
2521 5777 2720 5834 Ninum
2745 5779 2978 5836 .ﬂuvium
3008 5778 3327 5850 Modigisclo
3356 5778 3497 5834 duce
3531 5777 3716 5833 habito

2133 5872 2529 5928 habitaverunt
2554 5874 2608 5929 in
2645 5871 2934 5946 Hispania,
2985 5889 3107 5945 quae
3149 5883 3235 5931 est
3263 5874 3436 5945 prima
3485 5871 3716 5944 EurOpa:
