4034 6298
187 363 325 427 1229

1024 367 1392 429 HISTORIA
1423 362 2017 429 iECCLESIASTICA
2054 367 2156 426 EX
2191 366 2670 426 THEOPHANE.

3342 365 3479 429 1230

182 474 609 547 provinciarum
643 477 712 530 ab
747 474 1010 546 Hesperio
1043 475 1286 532 Oceano.
1336 477 1652 533 Bonifacius
1689 492 1792 530 au-
1819 480 1870 540 Α
1896 477 2226 547 patrimonia
2269 477 2640 547 deprzedatur,
2669 477 2836 532 filium
2895 489 3072 534 autem
3127 479 3310 536 fratris
3363 481 3483 549 ejus

185 578 294 623 tem
356 576 621 624 metuens
673 569 1036 640 imperatores
1084 569 1388 636 Romanos,
1436 568 1809 630 transfretans

185 676 212 714 a
249 659 434 731 Libya
465 661 533 716 in
577 660 924 732 Hispaniam,
971 662 1044 716 ad
1097 660 1374 718 Vandalus
1421 663 1590 718 venit.
1641 662 1809 716 Cum-

185 771 292 826 que
343 753 745 827 Hodigisclum
777 755 1081 810 invenisset
1109 746 1382 811 mortuum
1416 764 1468 811 et
1500 755 1644 812 filios
1686 755 1807 826 ejus

186 850 485 907 Conzarin
531 859 590 907 et
645 849 956 906 Gizericum
1008 850 1381 920 principatum
1432 851 1802 915 moderantes,

186 944 457 998 hortatus
501 951 588 1000 est
623 951 682 998 ut
723 942 1036 1013 hesperiam
1089 941 1318 1014 Libyam
1369 941 1423 996 in
1461 949 1572 997 tres
1613 949 1801 1012 partes

184 1037 535 1094 dividerent.
617 1037 856 1094 Polliciti
910 1045 1042 1092 sunt
1087 1036 1383 1106 unicuique
1439 1035 1613 1090 tertia:
1660 1037 1802 1104 parti

185 1144 246 1186 se
323 1144 440 1184 una
509 1144 637 1184 cum
700 1129 837 1198 ipsis
903 1128 1336 1199 priueipaturos,
1392 1127 1448 1180 in
1521 1121 1800 1180 communi

186 1225 471 1279 tamenin
506 1224 804 1293 quemlibet
829 1224 1042 1278 hostem
1075 1222 1312 1277 ulturos.
1351 1221 1406 1275 in
1445 1219 1649 1276 talibus
1670 1235 1802 1290 ergo

187 1315 649 1387 professionibus
712 1314 941 1370 Vandali
1002 1314 1203 1369 fretum
1249 1322 1652 1370 transmeantes
1711 1311 1801 1367 Li-

188 1408 358 1480 byam
420 1410 810 1465 habitaverunt
865 1409 935 1463 ab
990 1406 1210 1464 Oceano
1269 1423 1445 1478 usque
1504 1407 1797 1479 Tripolim,

191 1516 318 1572 qua:
359 1508 452 1556 est
478 1503 623 1560 circa
657 1503 934 1575 Cyrenen.
971 1501 1280 1574 llypogothi
1333 1516 1466 1556 vero
1508 1510 1800 1572 surgentes

191 1610 221 1649 a
253 1594 440 1648 Callia
472 1596 901 1653 tenuere-etiam
943 1594 1286 1666 Hispaniam.
1325 1593 1558 1660 Quidam
1613 1602 1796 1648 autem

194 1697 435 1743 senatus
487 1688 742 1761 Romani,
784 1689 948 1744 amici
994 1687 1290 1754 Bonifacii,
1326 1687 1520 1744 falsam
1560 1700 1795 1742 accusa-

196 1780 416 1834 tionem
454 1777 547 1834 Aet
572 1798 587 1845 ,·
629 1782 953 1836 intitnavere
977 1781 1250 1846 Placidim,
1283 1779 1634 1836 ostendentes
1659 1793 1796 1849 quo-

1911 567 2268 626 Athanasium
2305 569 2683 641 presbyterum
2716 571 2834 624 sine
2870 571 3026 640 culpa
3057 570 3305 642 deposuit
3363 573 3489 628 llaec

1911 671 2092 715 autem
2128 659 2362 717 faciebat
2410 670 2572 716 rectae
2602 663 2788 734 Cyrilli
2825 664 2946 718 fidei
2979 665 3321 732 adversatus,
3361 683 3486 720 cum

1907 762 2058 809 esset
2113 754 2404 809 hmreticus
2454 761 2508 807 et
2556 770 2620 810 ex
2668 753 2924 810 mollibus
2978 758 3197 825 ungulis
3254 773 3317 813 ea
3369 776 3487 827 qum

1909 856 2038 902 sunt
2085 845 2340 919 Origenis
2387 849 2636 904 sentiret.
2664 849 3010 904 irascebatur
3055 862 3234 908 autem
3283 863 3337 908 ct
3373 853 3493 907 Fla-

1907 942 2088 1007 viano,
2121 956 2188 996 eo
2213 942 2356 1013 quod
2392 943 2666 998 modicum
2699 942 2826 1012 quid
2878 942 3000 1014 opis
3039 943 3183 998 beati
3216 945 3493 1001 conferret

1906 1034 2098 1106 Cyrilli
2140 1036 2412 1105 cognatis.
2446 1037 2580 1091 Cum
2629 1051 2758 1105 ergo
2801 1036 3177 1108 Chrysaphius
3217 1050 3366 1094 esset
3392 1041 3492 1094 itu-

1906 1130 2054 1197 pius,
2099 1127 2286 1182 videre
2325 1144 2431 1182 non
2471 1127 2652 1184 ferens
2697 1128 3064 1184 Ecclesiarum
3116 1133 3490 1196 concordiam,

1906 1236 2128 1291 operam
2190 1219 2358 1276 dabat
2423 1228 2480 1274 ut
2541 1223 2898 1278 conturbaret
2965 1239 3082 1292 eas,
3139 1233 3194 1279 et
3257 1225 3494 1282 diversis

1908 1320 2085 1374 modis
2146 1318 2340 1389 agebat
2393 1329 2452 1375 ut
2498 1316 2821 1374 Flavianum
2859 1317 2930 1372 ab
2959 1319 3275 1391 episcopatu
3309 1319 3496 1392 depel-

1906 1413 2061 1477 leret,
2099 1414 2291 1468 volens
2325 1412 2611 1484 Eutychen
2645 1412 2940 1483 quemdam
2968 1428 3166 1468 sensus
3197 1414 3281 1469 sui
3309 1414 3495 1467 archi-

1904 1504 2236 1559 mandritam
2298 1505 2364 1560 ad
2442 1505 2822 1576 episcopatum
2882 1506 3004 1576 ejus
3049 1506 3390 1577 provehere;
3441 1517 3496 1562 et

1903 1597 2166 1665 quoniam
2192 1597 2479 1654 Pulcheria
2506 1614 2595 1654 res
2616 1599 2810 1655 civiles
2845 1601 3117 1656 retinente
3144 1601 3278 1654 nihil
3304 1601 3495 1665 valuit,

1901 1693 2080 1762 primo
2113 1691 2406 1748 insidiatur
2437 1691 2690 1748 Eudocite
2724 1691 3046 1748 insidiarum
3077 1691 3198 1763 ejus
3253 1693 3495 1748 nondum

1903 1794 2162 1856 expertae,
2195 1795 2248 1842 et
2291 1786 2347 1839 in
2396 1786 2622 1840 livorem
2670 1801 2790 1840 eam
2847 1786 3076 1856 instigat
3118 1798 3306 1840 contra
3369 1802 3498 1857 pro-

197 1889 308 1946 que
365 1882 423 1929 et
457 1874 597 1930 Aetii
633 1873 698 1929 ad
740 1873 1084 1929 Bonifacium
1130 1873 1342 1944 pridem
1383 1873 1644 1940 scriptam
1684 1871 1802 1941 epiv
1836 1860 1879 1916 Β
1910 1879 2084 1948 priam
2137 1886 2389 1941 matrem,
2425 1886 2479 1932 et
2531 1877 2780 1932 immittit
2828 1878 2903 1942 ei,
2960 1886 3021 1932 ut
3065 1887 3119 1932 et
3155 1877 3235 1932 illi
3268 1877 3497 1949 deroget

201 1968 430 2027 stolam.
479 1981 644 2037 quam
696 1966 764 2021 ad
811 1981 909 2022 eos
970 1964 1113 2020 idem
1173 1965 1403 2022 miserat
1463 1961 1804 2018 Bonifacius.

201 2058 307 2111 Ast
362 2057 672 2127 stupefacta
727 2056 968 2112 Placidia
1021 2056 1236 2112 Aetium
1283 2055 1500 2128 quidem
1555 2055 1609 2109 in
1659 2053 1806 2109 nullo

205 2151 372 2215 Lcsit,
455 2150 742 2208 Bonifacio
801 2169 934 2209 vero
1009 2151 1235 2208 verbum
1308 2165 1433 2206 cum
1491 2151 1810 2215 iuramento

207 2245 363 2300 misit
410 2247 884 2302 cxhortatorium.
917 2247 1092 2303 Porro
1134 2245 1442 2302 Gonthario
1469 2252 1682 2299 mortuo
1713 2241 1807 2296 Gi-

206 2340 434 2398 zericus
469 2338 843 2396 Vandalorum
900 2339 1083 2396 factus
1123 2350 1209 2394 est
1237 2339 1559 2409 imperator.
1597 2335 1807 2391 Bonifa-

207 2435 332 2492 cius
366 2450 498 2505 ergo
518 2437 681 2490 verbo
707 2442 964 2504 suscepto
1008 2441 1202 2488 contra
1236 2430 1508 2486 Vandalus
1539 2435 1805 2493 armatur,

208 2527 458 2582 exercitu
517 2542 715 2598 magno
758 2505 863 2581 sibi
913 2525 1170 2581 veniente
1222 2534 1385 2578 tama
1419 2521 1590 2576 Roma
1643 2537 1804 2591 quam

213 2635 244 2673 a
302 2620 594 2692 Byzantio,
666 2619 830 2690 cujus
891 2620 1116 2690 Asperis
1167 2628 1286 2675 erat
1337 2618 1621 2688 magister.
1673 2615 1811 2670 Inito

213 2723 402 2770 autem
440 2725 635 2770 contra
673 2712 987 2769 Gizericum
1043 2713 1232 2783 pratlio
1262 2719 1554 2784 superatus
1584 2719 1668 2766 est
1703 2708 1808 2764 Ro-

215 2820 509 2860 manorum
551 2805 855 2870 exercitus,
891 2807 1084 2875 sicque
1103 2803 1418 2858 Bonifacius
1467 2818 1592 2857 cum
1617 2799 1810 2874 Asperi

217 2897 454 2954 Romam
489 2899 718 2955 veniens
754 2900 1128 2970 suspicionem
1169 2898 1440 2962 dissolvit,
1473 2896 1548 2951 rei
1580 2899 1810 2951 veritate

217 3000 550 3049 monstrata.
577 2993 751 3050 Porro
788 2993 974 3049 Africa
1011 2993 1190 3048 taliter
1221 3001 1307 3048 est
1339 2990 1600 3046 Vandalis
1641 2992 1807 3044 suba-

218 3095 330 3143 cta.
365 3086 522 3144 Tunc
543 3100 596 3143 ct
627 3087 962 3152 Marcianus,
989 3086 1083 3158 qui
1119 3087 1466 3158 postmodum
1498 3084 1807 3155 imperavit,

221 3196 349 3236 cum
409 3182 565 3238 mites
631 3189 780 3239 esset
829 3193 883 3237 et
927 3181 1125 3253 Asperi
1191 3180 1517 3244 deservit-et,
1565 3180 1720 3236 vivus
1780 3194 1808 3233 a

222 3273 478 3332 Gizerico
519 3276 1032 3347 comprehenditur.

295 3366 481 3422 Mundi
538 3385 684 3423 anno
741 3369 902 3434 5957,
961 3367 1163 3423 divinae
1219 3366 1621 3423 incarnationis
1671 3382 1816 3423 anno

227 3460 354 3525 £57,
385 3459 648 3516 Romanae
681 3461 830 3516 sedis
890 3459 1001 3515 Leo
1059 3459 1396 3531 pontiﬁcium
1448 3459 1611 3530 gerit,
1655 3459 1820 3531 impe-

228 3561 387 3608 rante
415 3551 748 3619 Theodosio,
771 3555 927 3626 cujus
961 3553 1174 3624 imperii
1200 3553 1484 3608 tricesimo
1505 3569 1650 3608 nono
1673 3566 1818 3607 anno

229 3640 462 3700 Proetus
492 3642 1142 3714 Constantinopolitanus
1169 3645 1425 3711 moritur,
1457 3643 1546 3700 cui
1575 3644 1821 3700 succedit

231 3734 524 3792 Flavianus
555 3738 842 3809 presbyter
868 3747 922 3794 et
967 3738 1341 3810 sceuopbylax
1377 3736 1631 3794 ecclesiae
1675 3736 1819 3793 Con-

231 3832 757 3903 stantinopolitanae,
788 3836 873 3889 vir
908 3848 1066 3892 sacer
1105 3843 1161 3889 et
1187 3841 1472 3888 strenuus.
1506 3833 1686 3903 Atque
1712 3832 1819 3903 Cy-

233 3927 388 3982 rillus
414 3927 822 3984 Alexandrinus
870 3927 1010 3982 obiit
1057 3927 1312 3994 antistes,
1359 3926 1446 3983 cui
1488 3926 1820 3997 subrogatur

233 4019 288 4075 in
326 4021 454 4076 sede
509 4021 830 4091 Dioscorus,
865 4021 960 4092 qui
1005 4021 1317 4076 nullatenus
1367 4028 1486 4074 crat
1530 4018 1820 4075 didascali-

233 4131 350 4178 cus.
381 4115 480 4174 sed
518 4116 745 4170 immitis
775 4123 830 4171 et
869 4115 1039 4172 ferus.

304 4208 489 4283 Mundi
539 4223 684 4263 anno
745 4208 906 4276 5940,
972 4210 1166 4266 divinae
1224 4207 1623 4265 incarnationis
1679 4223 1821 4264 anno

237 4304 357 4368 ΗΟ,
413 4301 794 4376 Chrysaphius
859 4305 1147 4359 eunuclms
1205 4302 1468 4372 palatium
1524 4311 1580 4357 et
1643 4302 1821 4372 ipsum

238 4399 625 4470 imperatorem
657 4404 874 4460 tenens,
903 4412 1030 4452 cum
1083 4398 1356 4453 Invide-ret
1399 4397 1646 4451 Flaviani
1690 4412 1823 4452 con-

239 4491 556 4558 secrationi,
591 4492 864 4562 suggessit
912 4489 1256 4559 imperatori,
1290 4490 1411 4545 sine
1445 4490 1652 4544 malitia
1681 4490 1824 4543 exsi-

1843 3253 1884 3307 C

1913 1970 2057 2041 apud
2090 1974 2476 2040 imperatorem
2504 1979 2558 2025 et
2585 1971 2743 2024 tollat
2770 1970 2834 2024 ad
2863 1985 2921 2026 se
2952 1971 3332 2041 praepositum,
3360 1988 3497 2041 quo‘

1912 2065 2059 2119 niam
2108 2063 2433 2134 praepositus
2488 2064 2556 2118 ad
2603 2063 3018 2133 dispositionem
3069 2079 3250 2118 rerum
3303 2079 3498 2132 perne-

1913 2158 2193 2212 ccssarius
2257 2165 2376 2211 erat
2445 2156 2767 2212 Pulcheriae.
2837 2155 3142 2227 Imperator
3183 2166 3364 2211 autem
3430 2161 3499 2212 ab

1917 2265 2088 2304 uxore
2134 2249 2403 2303 molestiis
2450 2247 2733 2318 fatigatus,
2768 2247 2935 2303 mittit
2983 2249 3031 2302 ei
3075 2249 3303 2304 dicens:
3338 2247 3419 2304 Ne
3452 2260 3500 2303 te

1916 2343 2011 2398 hoc
2046 2343 2250 2397 tristem
2281 2341 2510 2396 reddat:
2545 2342 2889 2412 praepositum
2923 2343 3061 2396 enim
3105 2350 3152 2396 te
3185 2342 3374 2398 habere
3395 2359 3501 2400 non

1915 2447 1992 2492 est
2045 2436 2317 2504 possibile,
2367 2452 2529 2506 neque
2580 2451 2750 2489 meam
2802 2451 3035 2490 sororem
3069 2435 3194 2490 bene
3241 2446 3290 2491 et
3335 2439 3501 2507 perite

1917 2548 1983 2585 ac
2048 2531 2130 2600 pie
2197 2531 2378 2584 omnia
2439 2529 2800 2598 disponentem
2851 2544 2944 2599 ego
2992 2529 3207 2599 repello.
3247 2529 3501 2586 lnellicax

1915 2636 2046 2690 ergo
2076 2619 2456 2692 Chrysaphius
2485 2634 2649 2690 super
2686 2619 2792 2674 hoc
2839 2618 3069 2675 eﬂ'ectus
3096 2619 3163 2674 ad
3203 2621 3350 2674 aliud
3383 2636 3502 2677 vcr-

1917 2717 2054 2770 titur
2106 2716 2554 2777 instrumentum,
2591 2721 2646 2769 et
2683 2713 2931 2786 suggerit
2978 2712 3238 2770 Eudociae
3285 2725 3343 2772 ut
3386 2732 3502 2773 mo»

1918 2811 2054 2867 lesta
2101 2807 2425 2880 imperatori
2473 2807 2732 2864 suaderet
2776 2807 2850 2875 ei,
2885 2824 2994 2878 quo
3047 2808 3361 2880 praeciperet
3407 2826 3505 2880 pa-

1915 2902 2168 2958 triarchte
2197 2915 2526 2956 consecrare
2556 2899 2709 2956 illam
2738 2898 3054 2966 diaconam,
3090 2910 3351 2971 tanquam
3378 2917 3503 2972 qua

1914 2993 2291 3063 virginitatem
2326 2993 2608 3065 elegisset.
2645 2994 2714 3049 Et
2734 2993 2947 3057 diutius
2998 2993 3239 3050 Eudocia
3277 2996 3506 3067 impera-

1915 3085 2022 3140 tori
2073 3084 2303 3141 molesta
2368 3083 2645 3152 persuasit
2703 3082 2913 3138 levitati
2965 3083 3106 3151 ejus.
3149 3083 3331 3155 Super
3396 3100 3504 3155 quo

1914 3178 2109 3247 jussus
2139 3176 2434 3233 Flavianus
2462 3176 2532 3232 ab
2556 3176 2887 3246 imperatore
2919 3176 3178 3233 tristatus
3208 3185 3290 3232 est
3323 3179 3503 3242 valde,

1920 3275 2264 3346 prospiciens
2299 3273 2485 3328 futura
2511 3290 2576 3328 ex
2624 3272 2728 3328 hoc
2782 3271 3042 3328 scandala
3088 3272 3390 3328 nascitura.
3441 3272 3509 3327 Et

1920 3369 2241 3438 imperatori
2301 3367 2524 3439 quidem
2603 3367 2956 3438 repromisit,
3017 3365 3322 3420 Pulcherize
3373 3382 3504 3422 vero

1919 3465 2140 3534 scripsit
2176 3476 2380 3533 rogans
2438 3475 2558 3517 eam
2620 3477 2691 3516 ne
2736 3459 2932 3516 saltem
2981 3467 3110 3514 ante
3155 3459 3352 3515 faciem
3388 3458 3509 3529 ejus

1919 3558 2149 3614 veniret.
2192 3573 2254 3610 ne
2281 3571 2468 3626 cogar,
2526 3553 2729 3624 inquit,
2789 3569 2942 3624 agere
2992 3553 3118 3623 quid
3169 3569 3354 3606 eorum
3389 3567 3510 3624 qua:

1922 3662 1970 3708 te
2016 3651 2356 3708 contristent.
2391 3649 2485 3704 Illa
2515 3662 2648 3720 ergo
2677 3663 2744 3715 ex
2771 3647 2860 3702 his
2903 3661 3026 3717 quae
3053 3645 3260 3715 scripta
3293 3646 3513 3702 fuerant

1920 3745 2236 3816 intelligens
2312 3741 2460 3814 quod
2529 3738 2960 3805 meditabantur,
3023 3747 3078 3794 et
3154 3741 3508 3809 prrepositum

1921 3836 2177 3892 Eudociae
2234 3833 2586 3896 transmittit,
2610 3838 2666 3886 et
2701 3830 2821 3900 ipsa
2875 3832 3068 3888 exiens
3117 3830 3170 3886 iu
3208 3830 3509 3886 Ebdomum

1921 3929 2098 3985 siluit.
2145 3926 2225 3982 Ex
2263 3927 2368 3980 hoc
2392 3926 2590 3995 itaque
2630 3922 2932 3992 imperator
2980 3931 3036 3978 et
3074 3921 3314 3978 Eudocia
3355 3923 3514 3978 valde

1923 4033 2117 4081 contra
2166 4021 2496 4077 Flavianum
2543 4017 2737 4074 tristes
2786 4015 2963 4074 eﬂ‘ecti
2995 4023 3144 4079 sunt,
3171 4018 3316 4088 quod
3348 4034 3508 4074 suum

1925 4120 2233 4176 revelasset
2263 4126 2564 4174 secretum.
2597 4113 2774 4170 Porro
2804 4113 3074 4170 Eusebius
3119 4113 3509 4177 scholasticus,

1923 4212 2014 4282 qui
2044 4213 2253 4282 primus
2278 4208 2595 4264 Nestorium
2642 4205 3016 4277 reprehendit,
3043 4205 3111 4258 ad
3133 4206 3510 4276 episcopatum

1925 4306 2143 4362 Dorilzei
2187 4312 2494 4374 promotus,
2547 4309 2604 4357 et
2636 4301 2704 4356 de
2747 4300 2854 4355 fide
2888 4316 3011 4354 cum
3049 4299 3294 4371 Eutyche
3330 4303 3513 4358 archi-

1928 4400 2203 4456 mandrita
2253 4399 2562 4468 disputans,
2614 4396 2821 4450 invenit
2880 4410 3003 4449 eum
3049 4411 3160 4448 non
3227 4405 3376 4450 recta
3422 4413 3514 4450 sa-

1927 4497 2202 4566 pientem;
2233 4491 2324 4562 qui
2375 4506 2500 4546 cum
2549 4489 2781 4544 multum
2820 4502 3198 4544 commoneas.
3224 4489 3416 4558 juvare
3449 4491 3517 4544 il-

239 4584 400 4642 stcnti
469 4593 526 4638 et
594 4583 736 4653 apud
799 4581 1200 4638 Chaiccdouem
1265 4580 1505 4651 degenti,
1562 4581 1824 4634 mandare
1853 4616 1901 4675 Β
1932 4590 2039 4645 [mn
2085 4585 2446 4656 nequivisset,
2500 4582 2690 4639 retulit
2725 4579 2794 4637 de
2829 4596 2896 4636 eo
2924 4579 3186 4635 Flaviano
3235 4570 3513 4651 episcopo,

240 4679 566 4750 patriarcha
607 4687 666 4733 ut
695 4679 936 4731 mitteret
974 4691 1070 4746 pro
1103 4676 1520 4730 consecratione
1569 4674 1674 4728 sibi
1725 4674 1820 4729 be-

241 4773 584 4829 "edictiones
609 4771 742 4842 (15).
775 4769 896 4836 Quo
917 4769 1060 4823 facto
1089 4768 1224 4837 (to),
1259 4768 1634 4838 Chrysaphius
1666 4782 1823 4823 aver-

243 4875 365 4923 tens
427 4863 710 4920 mandavit.
748 4853 958 4940 aum'as‘
995 4871 1359 4933 mperatorem
1390 4875 1632 4931 quzerere
1661 4861 1821 4915 bene-

244 4961 538 5018 dictiones.
572 4961 642 5014 At
672 4941 966 5031 episcopus
1019 4957 1358 5012 renuntiavit
1399 4970 1508 5008 non
1539 4968 1597 5008 se
1626 4953 1828 5006 habere

246 5057 510 5127 pecunias
554 5055 623 5108 ad
677 5053 1027 5114 mittendum,
1080 5050 1187 5105 nisi
1244 5049 1383 5104 forte
1439 5061 1656 5118 quoque
1703 5054 1829 5099 utar

247 5147 551 5221 (inquiens)
581 5162 646 5202 ex
677 5147 854 5201 sacris
880 5148 1116 5200 vasibus.
1155 5142 1241 5196 Fit
1269 5156 1400 5213 ergo
1438 5155 1502 5195 ex
1551 5139 1656 5192 hoc
1684 5140 1829 5191 inter

249 5245 389 5310 illos,
434 5240 723 5298 Pulcheria
773 5241 889 5295 lucc
932 5240 1238 5310 ignorante,
1275 5251 1387 5290 non
1421 5233 1672 5290 modicus
1695 5245 1830 5286 ma:-

249 5353 360 5393 ror.
394 5334 599 5390 Verum
654 5335 768 5390 haec
800 5335 940 5404 apud
973 5329 1532 5400 Constantinopolim.
1562 5326 1832 5383 Caeterum

251 5446 417 5503 penes
489 5429 879 5484 Alexandriam
953 5427 1249 5481 Dioscorus
1302 5421 1592 5478 confestim
1649 5419 1834 5492 Cyrilli

252 5535 514 5597 cognatos
579 5525 633 5579 in
689 5523 1003 5596 primordiis
1055 5521 1172 5577 suis
1225 5519 1475 5574 devastat
1525 5525 1579 5571 ct
1641 5515 1833 5570 horum

1932 4687 2026 4756 qui
2072 4683 2438 4754 quadraginta
2493 4679 2881 4748 episcoporum
2923 4675 3162 4731 concilio
3189 4687 3516 4744 congregato

1935 4777 2156 4832 adducit
2191 4772 2496 4845 Eutychen,
2526 4779 2581 4826 et
2607 4769 2765 4841 juxta
2815 4783 3031 4824 omnem
3069 4768 3514 4835 consequentiam

1932 4869 2246 4939 regularum
2304 4862 2809 4920 ecclesiasticarum
2865 4857 3174 4913 discutiens
3228 4846 3515 4912 inventum

1932 4961 2224 5017 subdolum
2264 4966 2320 5014 et
2355 4955 2673 5014 haereticum
2715 4950 2993 5022 deposuit.
3017 4948 3395 5019 Chrysaphius
3417 4963 3517 5007 att-

1933 5064 2043 5112 tem
2100 5053 2266 5122 hujus
2299 5062 2535 5106 concors
2567 5046 2828 5118 palatium
2883 5051 3097 5102 tenens.
3136 5042 3222 5097 his
3284 5039 3518 5110 cognitis

1932 5148 1988 5204 in
2039 5147 2178 5200 iram
2224 5141 2562 5216 peramplius
2591 5146 2786 5194 contra
2817 5135 3140 5191 Flavianum
3171 5133 3514 5198 accenditur,

1933 5249 1985 5294 et
2035 5238 2251 5293 intimat
2305 5233 2577 5290 Dioscoro
2625 5227 3004 5288 Alexandrino
3057 5241 3118 5281 se
3161 5225 3216 5280 in
3270 5225 3355 5280 his
3395 5240 3518 5295 qua:

1935 5331 2086 5387 cordi
2137 5329 2258 5400 ejus
2314 5335 2503 5385 essent
2558 5341 2655 5396 per
2719 5321 2905 5396 omnia
2973 5327 3418 5390 cooperaturum,
3469 5318 3516 5373 si

1938 5424 2041 5479 sibi
2106 5423 2158 5478 in
2202 5419 2493 5476 calumniis
2536 5426 2734 5474 contra
2777 5413 3101 5470 Flavianum
3132 5421 3189 5467 et
3218 5409 3516 5467 Eusebium

1941 5515 2061 5584 ipse
2096 5519 2450 5568 concurreret
2469 5524 2578 5581 pro
2624 5507 2976 5580 Eutycheque
3016 5508 3308 5574 satageret.
3343 5502 3521 5558 Movet

1765 5651 2000 5709 NOTAE.

329 5770 433 5837 (lii)
476 5767 888 5824 Fenedictioncs.
925 5763 988 5816 ν.
1023 5759 1338 5837 λῖς-ηπειιῃη
1369 5755 1441 5837 ad
1467 5752 1830 5837 Concordiam

260 5825 590 5896 rciu'arutu.
631 5837 997 5893 Hadoardum
1068 5833 1212 5885 Hist.
1258 5829 1399 5883 Eccl.
1461 5827 1607 5882 Rem.
1653 5841 1711 5883 tt.
1750 5825 1837 5877 Η.

260 5912 416 5969 FABB.

2015 5751 2123 5823 (16)
2167 5748 2320 5815 Quod
2377 5743 3093 5823 [qctu_m,Fabrotus.‘ldem
3141 5755 3263 5794 mox
3330 5755 3519 5794 aurem

1949 5813 2131 5895 posuit
2167 5813 2264 5894 pro
2291 5837 2355 5878 eo
2377 5813 2530 5892 'q'uod
2563 5825 2681 5874 erat
2707 5826 2879 5870 autem
2908 5815 3166 5868 Andreas.
