4038 6298
467 395 595 463 1'23!

1559 388 1958 451 ANASTASII
2012 380 2635 446 BlBLIOTHECARII

3622 366 3769 434 1232

468 522 653 568 autem
703 507 770 561 ad
814 506 865 562 ii]
915 504 1087 560 etiam
1149 504 1454 573 Augustam
1508 500 1837 564 Eudociam,
1882 494 2604 565 tristiaAllicrosolymam
2663 506 2724 546 se
2784 487 3012 551 dimitti,
3076 493 3127 541 ct
3183 483 3483 553 assumptis
3550 479 3768 538 Severo

467 605 537 661 de
572 600 863 658 Pulcheria
914 606 1110 653 contra
1152 594 1492 651 ‘Flavianum
1550 606 1865 649 memorans
1921 591 2064 661 apud

473 696 660 761 illam;
717 699 772 748 et
821 691 935 760 agit
1000 697 1232 758 uterque
1281 701 1392 757 quo
1454 687 1754 754 imperator
1824 682 2067 738 sanciret

465 783 774 842 secundum
833 780 1036 851 Ephesi
1093 775 1420 848 congregari
1465 775 1783 838 concilium,
1814 776 1903 829 cui
1935 772 2067 827 Dio-

465 893 632 936 scoro
676 890 916 949 praeesse
964 873 1301 937 concedunt,
1334 872 1614 927 mittentes
1664 871 1714 925 ei
1762 868 2063 924 exercituum

466 970 769 1044 plurimum
820 967 876 1023 in
921 966 1250 1032 ~auxilium;
1299 979 1536 1036 cumque
1568 960 1885 1018 latrocinali
1936 961 2066 1016 huic

465 1062 708 1120 concilio
738 1060 1113 1133 prasedisset,
1143 1072 1256 1114 non
1285 1057 1538 1129 permisit
1563 1056 1761 1111 adesse
1781 1054 2059 1110 notarium

465 1155 634 1209 alium
656 1151 911 1217 concilio,
940 1150 1038 1206 sed
1071 1163 1204 1206 suos
1239 1155 1453 1204 tantum
1507 1147 1640 1203 fecit
1669 1147 1915 1202 scribere
1944 1160 2065 1216 qua:

464 1245 821 1318 gerebantur.
863 1241 1112 1309 Quaestio
1166 1255 1298 1312 ergo
1355 1255 1480 1295 cum
1531 1239 1701 1305 ﬁeret,
1743 1239 2066 1311 exigebatur

467 1337 740 1409 Eutyches
763 1336 1039 1406 propriam
1066 1334 1328 1390 exhibere
1355 1333 1694 1403 opinionem,
1720 1332 1813 1403 qui
1839 1347 2065 1402 respon-

463 1431 540 1486 dit
590 1430 821 1486 dicens:
853 1427 1117 1499 Conﬁteor
1147 1442 1212 1482 ex
1240 1426 1449 1481 duabus
1485 1426 1692 1480 naturis
1740 1426 1904 1494 fuisse
1952 1425 2063 1478 Do-

467 1527 668 1580 minum
724 1532 967 1579 nostrum
999 1531 1120 1576 ante
1171 1521 1592 1575 adunationem:
1624 1529 1739 1589 post
1780 1519 2066 1575 adunatio-

464 1633 584 1674 nem
615 1631 734 1672 vero
762 1631 926 1669 unam
960 1625 1213 1669 naturam
1264 1616 1539 1682 conﬁteor.
1574 1613 1728 1668 Tunc
1767 1613 2062 1670 Dioscorus

465 1710 651 1766 dixit:
689 1708 758 1762 Et
804 1725 896 1762 nos
928 1723 1107 1762 omnes
1141 1709 1223 1762 his
1258 1709 1576 1763 assentimus
1603 1726 1615 1775 ;
1642 1718 1694 1763 et
1722 1710 1826 1763 loci
1874 1725 2061 1764 serva-

469 1813 620 1858 tores
654 1803 765 1874 (l7)
799 1801 1018 1872 quidem
1060 1801 1263 1857 Leonis
1315 1816 1467 1871 papae
1513 1800 1767 1863 Romani,
1811 1798 2059 1855 Dioscori

465 1897 712 1954 videntes
743 1897 1030 1967 impetum,
1063 1904 1116 1950 et
1147 1894 1294 1965 quod
1328 1895 1618 1964 epistolam
1657 1909 1806 1964 papa:
1842 1894 1909 1948 ad
1940 1893 2063 1947 Fla-

465 1989 687 2043 vianum
757 2001 866 2042 non
936 1985 1250 2056 permiserit
1298 1984 1428 2055 legi,
1477 1999 1658 2054 neque
1699 1984 1846 2037 illam
1895 1998 2063 2053 quam

469 2081 538 2135 ad
574 2079 845 2151 synodum
878 2078 1129 2143 miserat,
1188 2077 1286 2132 sed
1339 2077 1672 2147 despexerit,
1723 2075 2065 2147 l‘ugeruntet

467 2170 874 2230 descenderunt
922 2171 1170 2225 Romam.
1236 2169 1412 2225 Porro
1475 2171 1772 2226 Dioscorus
1832 2170 2063 2241 Eutycbi

471 2262 847 2320 sacerdotium
906 2261 1107 2326 reddit,
1168 2259 1467 2316 Eusebium
1539 2276 1671 2315 vero
1731 2259 1946 2316 Dorilaei
2012 2268 2066 2315 et

471 2353 791 2411 Flavianum
835 2352 1516 2422 'Coustantinopolitanum
1575 2353 1628 2407 in
1678 2361 1929 2422 promptu
1967 2351 2067 2407 de-

472 2463 683 2520 ponere
716 2447 934 2513 habuit,
1011 2446 1106 2518 qui
1158 2453 1213 2500 et
1252 2451 1378 2498 aute
1423 2444 1824 2514 depositiuucm
1865 2446 2064 2515 impul-

473 2541 729 2598 sionibus
760 2539 1082 2596 et'calcibus
1104 2552 1134 2592 a
1166 2536 1429 2594 Dioscoro
1456 2540 1765 2596 submissus
1792 2540 2065 2596 tertianus

472 2634 643 2690 vitam
675 2633 938 2699 mutavit;
973 2630 1123 2686 etde
1152 2639 1352 2686 caetero
1395 2631 1444 2685 vi
1484 2631 1715 2684 militum
1769 2640 1823 2684 et
1853 2630 2066 2700 gladio-

475 2739 598 2784 rum
647 2724 894 2798 episcOpi
953 2723 1313 2781 subscribere
1366 2725 1549 2778 coacti
1616 2731 1767 2778 sunt.
1821 2722 2068 2780 Domnus

470 2831 659 2878 autem
704 2818 1085 2874 Antiocbeuus
1137 2802 1453 2889 cpiscopus,
1498 2825 1792 2886 postquam
1833 2817 1884 2870 vi
1934 2817 2066 2873 sub-

471 2911 726 2983 scripsit,
757 2911 812 2966 in
845 2925 905 2967 se
941 2924 1196 2966 reversus
1226 2910 1403 2964 erexit
1431 2923 1491 2964 se
1518 2919 1714 2964 contra
1744 2908 2066 2963 Dioscorum

479 3005 803 3078 principem,
831 3002 1146 3060 vociferans
1177 3000 1445 3058 adversus
1475 3016 1539 3056 ea
1569 3017 1693 3072 quae
1724 3011 1875 3073 gesta
1909 3009 2064 3067 sunt,

476 3106 534 3156 et
585 3095 920 3168 impietatem
988 3094 1284 3151 concilium
1328 3094 1643 3161 nominans,
1700 3102 1756 3149 et
1825 3095 2072 3152 subscri-

2175 589 2495 660 presbytero
2519 593 2572 640 et
2599 583 2810 638 Joanne
2841 583 3079 636 diacono
3111 579 3543 648 Hierosolymam
3584 577 3763 630 venit.

2175 681 2401 738 Discens
2423 681 2629 735 interea
2659 678 2958 746 imperator
2983 673 3147 744 'quod
3182 672 3271 728 isti
3307 681 3363 726 et
3392 671 3445 724 in
3481 669 3618 724 urbe
3649 668 3770 724 fre—

2172 781 2403 846 quenter
2455 773 2523 828 ad
2561 787 2680 828 eam
2742 769 3066 827 accederent
3115 778 3171 823 et
3228 781 3354 822 cum
3398 765 3517 835 ipsa
3566 777 3771 819 rursus

2171 866 2568 938 Hierosolymis
2598 875 2806 928 essent,
2841 863 3124 932 multaque
3152 859 3261 916 illis
3280 859 3600 929 largiretur,
3635 856 3771 910 mit-

2172 971 2292 1017 tens
2349 959 2646 1016 decollavit
2679 973 2795 1014 eos.
2833 955 2987 1012 Tunc
3040 956 3341 1025 imperator
3386 951 3602 1007 beatam
3634 950 3772 1005 Pul-

2170 1056 2412 1112 cheriam
2453 1053 2658 1124 oppido
2682 1067 2884 1124 rogans
2918 1050 2986 1104 ad
3021 1040 3604 1119 imperialiareduxit,
3641 1058 3772 1113 qua:

2171 1165 2296 1204 mox
2339 1149 2569 1204 mittens
2604 1146 2876 1218 Ephesum
2908 1143 3215 1215 asportavit
3241 1141 3369 1196 inde
3397 1153 3596 1209 corpus
3630 1152 3772 1192 san-

2167 1242 2240 1298 cti
2274 1241 2545 1310 Flaviani,
2598 1252 2652 1297 et
2696 1256 2819 1296 cum
2855 1239 3030 1294 multo
3061 1237 3318 1292 deferens
3359 1233 3629 1300 obsequio
3668 1248 3779 1301 per

2168 1335 2410 1390 medium
2453 1334 2607 1389 urbis
2674 1332 2926 1404 sepelivit
2984 1331 3127 1399 apud
3178 1337 3404 1385 sanctos
3456 1326 3768 1395 apostolos.

2163 1427 2380 1483 interea
2429 1427 2636 1482 Attilas
2684 1426 2913 1499 Scytha,
2945 1425 3030 1478 vir
3068 1423 3224 1477 fortis
3254 1429 3420 1490 atque
3467 1417 3768 1488 superbus,

2165 1520 2419 1590 deposito
2475 1519 2656 1573 Bdclla
2714 1517 2920 1573 seniori
2980 1515 3146 1570 fratre
3207 1514 3357 1570 solus
3408 1512 3770 1582 Scytharum,

2167 1628 2306 1684 quos
2328 1611 2558 1666 Hunnos
2591 1620 2813 1673 vocant,
2851 1609 3193 1679 principatus
3228 1620 3419 1676 regno,
3451 1619 3544 1672 per
3580 1602 3774 1656 Thra-

2167 1722 2284 1763 cem
2344 1705 2634 1768 discurrit,
2689 1713 2742 1759 et
2786 1717 3003 1757 onmem
3060 1701 3335 1756 civitatem
3366 1708 3420 1753 et
3457 1707 3642 1753 castra
3704 1696 3764 1750 in

2177 1801 2495 1857 servitutem
2530 1801 2763 1870 redegit,
2802 1807 2998 1870 praster
3034 1794 3481 1868 Hadrianopolim
3510 1803 3564 1848 et
3592 1790 3773 1848 Hera-

2167 1895 2354 1957 cliam.
2379 1910 2501 1964 quae
2527 1895 2803 1964 quondam
2843 1891 3138 1948 Perinthus
3185 1891 3507 1947 vocabatur.
3535 1885 3772 1958 Cogitur

2169 2001 2300 2056 ergo
2335 1984 2684 2042 Theodosius
2725 1985 3053 2054 legationem
3086 1983 3265 2038 Attilae
3309 1983 3550 2044 mittere,
3586 1989 3638 2035 et
3669 1995 3770 2035 sex

2168 2080 2344 2133 millia
2369 2078 2638 2132 librarum
2672 2077 2722 2131 ei
2757 2093 2856 2148 pro
2882 2091 3102 2131 recessu
3136 2075 3386 2145 praebens
3417 2074 3570 2128 mille
3601 2073 3773 2126 libra-

2169 2173 2291 2226 rum
2325 2186 2568 2225 annuum
2607 2170 2875 2224 tributum
2909 2169 3220 2238 persolvere
3249 2167 3561 2238 pollicetur.
3596 2164 3773 2234 Igitur

2171 2281 2293 2320 cum
2323 2265 2581 2320 Romana
2604 2265 2780 2320 virtus
2804 2278 2833 2316 a
2864 2263 3007 2318 bello
3035 2263 3291 2318 rediisset
3316 2261 3460 2330 quod
3492 2259 3772 2314 adversus

2169 2358 2395 2411 Attilam
2439 2355 2620 2411 fuerat
2647 2354 3006 2417 destinatum,
3065 2368 3172 2407 non
3210 2351 3394 2405 'multo
3419 2358 3542 2421 post
3581 2349 3772 2404 Theo-

2169 2450 2359 2505 dosius
2417 2450 2676 2504 moritur.
2723 2447 2896 2502 Porro
2948 2447 3106 2502 beata
3168 2445 3482 2510 Pulclteria,
3518 2443 3766 2498 nondum

2172 2543 2428 2613 cuiquam
2486 2541 2838 2612 imperatoris
2893 2547 3071 2594 morte
3105 2545 3407 2608 comperta,
3473 2533 3769 2589 Marciano

2173 2635 2462 2701 accersito,
2503 2636 2560 2689 in
2621 2633 2893 2704 religione
2944 2648 3008 2689 ac
3056 2631 3323 2702 pudicitia
3373 2635 3767 2694 conversante,

2171 2745 2303 2785 sene
2337 2728 2593 2783 videlicet
2641 2736 2695 2783 et
2750 2727 2946 2782 idoneo
2994 2726 3134 2787 viro,
3180 2724 3315 2781 dicit
3347 2723 3436 2779 ei:
3491 2722 3768 2788 Quoniam

2173 2820 2479 2888 imperator
2514 2828 2760 2874 mortuus
2810 2826 2911 2883 est,
2955 2827 3007 2872 et
3058 2834 3151 2887 ego
3206 2828 3254 2871 te
3306 2815 3441 2886 elegi
3501 2823 3767 2883 tanquam

2173 2912 2591 2981 beneptacentem
2664 2927 2730 2966 ea:
2792 2910 2935 2964 omni
2990 2919 3201 2974 senatu,
3259 2908 3328 2962 da
3385 2905 3510 2960 mihi
3550 2906 3767 2959 uerbum

2171 3003 2310 3075 quod
2339 3003 2615 3058 custodias
2656 3003 3016 3074 virginitatem
3049 3016 3243 3066 meum,
3268 3014 3432 3071 quam
3479 2996 3586 3052 Deo
3616 3013 3770 3050 com-

2174 3097 2318 3161 misi,
2354 3105 2404 3152 et
2433 3097 2786 3166 pronuntiabo
2823 3104 2872 3150 te
2904 3096 3312 3162 imperatorem;
3344 3090 3491 3162 quod
3526 3105 3596 3144 eo
3646 3090 3771 3159 po!-

479 3192 720 3263 ptionem
749 3204 905 3247 suam
933 3204 1186 3260 quarens
1223 3179 1491 3260 recipere.
1530 3187 1624 3243 His
1655 3187 1896 3259 cognitis
1928 3203 2068 3258 papa
2099 3215 2144 3278 ρ
2174 3191 2395 3258 licente,
2448 3191 2720 3247 accersito
2782 3189 3101 3262 patriarcha
3163 3188 3372 3258 pariter
3429 3195 3483 3240 et
3538 3190 3766 3247 senatu,

468 3283 593 3339 Leo
627 3281 844 3338 accedit
888 3296 1014 3337 cum
1071 3280 1331 3352 lacrymis
1361 3278 1429 3334 ad
1460 3279 1843 3350 imperatorem
1863 3278 2074 3335 Valen-

479 3375 752 3432 tinianum
784 3373 949 3453 simul
983 3380 1038 3429 et
1075 3375 1375 3443 Augustas,
1422 3379 1614 3442 petens
1648 3372 1920 3444 epistolas
1965 3372 2069 3426 im-

481 3467 728 3538 peratori
793 3465 1110 3522 Theodosio
1184 3480 1284 3535 pro
1365 3463 1748 3520 emendatione
1805 3465 2072 3536 patranda

477 3576 695 3626 eorum,
720 3575 843 3632 qua:
871 3558 1015 3630 apud
1040 3558 1317 3629 Ephesum
1344 3557 1596 3628 nequiter
1617 3567 1672 3612 et
1696 3555 2073 3627 irregulariter

479 3661 604 3711 acta
634 3661 786 3718 sunt,
817 3649 1342 3720 destinandas;-qui
1366 3649 1626 3705 rescribit
1657 3647 1914 3704 Eudocia:
1945 3648 2072 3704 tiliae

481 3750 594 3803 ita:
627 3745 761 3819 Hoc;
795 3743 1068 3800 dulcedini
1113 3756 1221 3798 tua:
1265 3745 1345 3797 ita
1397 3751 1581 3797 notum
1626 3758 1744 3798 esse
1776 3741 1914 3810 volo,
1947 3743 2073 3812 quia

481 3840 781 3895 Flavianus
832 3837 1012 3893 divino
1047 3835 1253 3906 judicio
1286 3836 1351 3889 ab
1382 3836 1620 3891 ecclesiis
1669 3835 1868 3905 ejeCtus
1901 3843 1981 3890 est
2014 3843 2072 3888 ut

480 3933 780 3988 multarum
841 3930 1208 3987 tnrbationum
1268 3941 1480 3985 auctor.
1535 3929 1708 3985 Porro
1774 3929 2073 3987 Dioscorus

479 4025 737 4096 deposuit
761 4032 813 4080 et
834 4023 1261 4092 Theodoretum,
1293 4032 1347 4080 et
1373 4023 1543 4085 Ibam,
1579 4031 1635 4078 et
1664 4021 1964 4088 Andream,
2012 4029 2068 4078 et

481 4117 751 4174 Domuum
778 4117 1178 4173 Antiochenum
1221 4125 1276 4173 et
1325 4115 1464 4172 alios
1511 4113 1820 4172 Orientales
1857 4116 2071 4187 episco-

482 4225 603 4282 pos.
668 4208 1018 4266 Theodosius
1080 4216 1263 4264 autem
1322 4208 1623 4278 imperator
1671 4207 1890 4264 mobilis
1952 4214 2072 4263 erat

479 4301 627 4356 omni
685 4308 851 4356 vento
901 4299 1289 4369 circumlatus,
1348 4299 1493 4355 unde
1530 4299 1679 4355 etin
1708 4299 1914 4354 chartis
1961 4314 2070 4355 non

481 4393 640 4450 lectis
677 4392 1079 4450 subscribebat.
1114 4391 1322 4448 Eodem
1363 4407 1509 4448 anno
1540 4392 1876 4450 Gezerichus
1920 4389 2070 4446 Van-

478 4489 660 4544 daliea
719 4488 1073 4544 multitudine
1124 4489 1348 4558 opimus
1398 4488 1648 4556 allectus,
1685 4497 1742 4544 et
1786 4503 1847 4544 se
1883 4501 2067 4556 regem

2177 3286 2552 3356 pronuntiavit
2605 3300 2729 3340 eum
2786 3284 3174 3355 imperatorem
3207 3281 3613 3335 Romanorum.

2250 3376 2435 3430 Mundi
2480 3390 2649 3431 anno
2702 3375 2870 3440 5945,
2934 3373 3133 3429 divina:
3186 3368 3580 3427 incarnationis
3629 3367 3764 3434 M5,

2179 3471 2492 3528 Marcianus
2523 3472 2646 3542 pius
2677 3471 2864 3526 divino
2887 3470 3116 3526 decreto
3159 3469 3470 3539 imperator
3497 3474 3762 3521 ostensus

2176 3580 2369 3621 omnes
2390 3565 2482 3635 qui
2508 3563 2562 3618 in
2590 3562 2972 3620 exsilio'erant
2993 3559 3290 3616 revocavit.
3309 3553 3592 3612 Pulcheria
3626 3568 3763 3609 vero

2176 3673 2436 3729 perosum
2468 3655 2872 3729 Chrysaphium
2924 3653 3240 3708 eunuchum
3278 3650 3503 3705 tradidit
3528 3646 3760 3704 Jordani

2177 3751 2290 3808 filio
2330 3750 2581 3816 Joannis,
2619 3749 2713 3821 qui
2764 3746 3109 3820 tyrannidem
3147 3743 3291 3816 apud
3326 3744 3629 3798 Romanam
3660 3756 3762 3796 ur-

2175 3844 2297 3900 bem
2325 3844 2594 3908 exercuit,
2646 3842 2946 3911 multisque
2976 3838 3197 3894 Christo
3242 3837 3448 3893 erectis
3475 3835 3757 3903 ecclesiis,

2176 3937 2564 4007 praecipueque
2585 3936 2640 3991 in
2673 3932 2995 3988 Blae‘hernis
3033 3930 3326 3987 laudabilis
3371 3929 3614 3984 Domina:
3647 3943 3757 3982 uo-

2173 4038 2302 4088 strae
2329 4029 2419 4086 Dei
2444 4028 2736 4085 Genitricis
2759 4025 3107 4098 inprincipiu
3141 4024 3358 4095 imperii
3386 4023 3458 4092 pii
3487 4021 3756 4076 Marciani

2172 4125 2465 4182 ecclesiam
2526 4122 2675 4178 fecit.
2743 4119 2918 4178 Porro
2953 4119 3165 4176 beatus
3220 4133 3359 4189 papa
3393 4117 3501 4173 Leo
3533 4119 3763 4188 scripsit

2172 4215 2476 4282 Marciano,
2535 4223 2727 4285 petens
2781 4223 2840 4270 ut
2896 4228 3021 4286 quae
3067 4220 3398 4284 praesumpta
3453 4212 3678 4268 fuerant
3727 4229 3757 4268 a

2174 4312 2439 4369 Dioscoro
2498 4317 2553 4365 et
2605 4309 2853 4381 Eutyche
2892 4307 3334 4380 apud'Ephesum
3366 4307 3420 4362 in
3451 4305 3510 4361 S.
3545 4305 3761 4361 Flavia-

2173 4420 2303 4460 num
2355 4401 2773 4474 requirerentur
2820 4415 3005 4456 coram
3075 4398 3376 4455 universali
3425 4399 3656 4468 synodo,
3700 4409 3760 4456 et

2169 4493 2335 4563 jussit
2366 4492 2666 4562 imperator
2687 4491 2869 4562 colligi
2903 4496 3135 4546 cunctos
3164 4489 3472 4561 episcopos.
3495 4490 3758 4547 Secundo

483 4594 689 4635 vocans
746 4587 904 4634 terra
955 4594 1021 4635 ac
1071 4583 1240 4636 maris
1291 4581 1710 4648 insularumque
1748 4578 2066 4641 multarum,

2175 4586 2360 4654 itaque
2390 4585 2607 4656 imperii
2671 4583 2934 4638 Marciani
2988 4597 3145 4639 anno.
3172 4581 3519 4638 Chalcedone
3559 4594 3758 4639 sancta

482 4668 852 4726 Theodosium
907 4669 1295 4725 contristabat.
1357 4668 1501 4726 Sane
1546 4685 1657 4725 non
1714 4669 1890 4725 multo
1938 4677 2066 4739 post

483 4762 816 4831 resipiscens
881 4760 1263 4828 Theodosius,
1322 4773 1381 4818 ct
1441 4775 1847 4833 recognoscens
1909 4777 1967 4815 se
2034 4776 2064 4816 a

479 4854 811 4926 tlltrysaphii
878 4857 1139 4912 versutiis
1196 4855 1369 4912 fuisse
1397 4855 1711 4925 deceptum,
1743 4855 2069 4909 tristabatur

481 4962 648 5018 super
679 4947 960 5019 impietate
1011 4964 1077 5006 ac
1124 4947 1399 5018 iniustitia
1451 4962 1572 5018 qua:
1601 4948 1747 5003 facta
1802 4947 1981 5004 fuerat
2010 4947 2068 5002 in

477 5039 804 5096 Flavianum
865 5052 920 5097 et
971 5041 1215 5113 reliquos
1259 5041 1570 5112 episcopos.
1625 5039 1691 5095 Et
1747 5040 2067 5111 indignatus

478 5133 831 5190 vehementer
864 5134 1042 5203 primo
1094 5134 1316 5204 quidem
1349 5134 1595 5190 exsulem
1640 5134 1768 5190 fecit
1818 5134 1872 5190 in
1915 5134 2067 5190 insu-

478 5227 587 5282 lam
650 5225 944 5296 quamdam
1000 5226 1427 5298 Cltrysaphium,
1478 5228 1534 5281 in
1581 5227 1881 5282 Eudociam
1931 5242 2061 5281 vero

475 5318 636 5376 valde
655 5329 1055 5388 commovetur,
1089 5320 1233 5376 hanc
1262 5321 1505 5376 omnium
1535 5321 1803 5376 malorum
1835 5335 2058 5375 causam

476 5411 786 5483 appellans,
832 5412 1033 5482 quippe
1072 5428 1193 5482 quae
1219 5421 1273 5467 et
1305 5412 1660 5468 Pulcheriam'
1683 5430 1749 5468 ex
1801 5413 2058 5483 imperia-

477 5507 624 5561 libus
672 5507 924 5562 insecuta
961 5507 1034 5562 sit
1076 5507 1264 5572 simul,
1319 5515 1374 5563 et
1421 5507 1803 5577 improperans
1843 5507 1895 5563 ei
1939 5521 2061 5576 qua:

474 5607 722 5671 gesserat
747 5600 896 5656 circa
923 5598 1233 5658 Paulinum.
1263 5599 1357 5656 llla
1375 5616 1507 5658 vero
1530 5602 1821 5671 desperata
1848 5600 2079 5671 rogavit

2170 4687 2364 4750 quarta
2417 4677 2560 4733 facta
2625 4685 2708 4734 est
2767 4675 3034 4750 synodus,
3084 4692 3274 4733 mense
3338 4676 3620 4745 Octobrio,
3666 4678 3758 4733 in-

2170 4772 2414 4828 dictione
2445 4771 2660 4841 quinta.
2687 4771 2954 4827 Omnibus
2989 4777 3171 4825 autem
3191 4769 3480 4840 episcopis
3516 4769 3571 4824 in
3598 4785 3754 4825 mar-

2171 4863 2314 4935 tyrio
2351 4863 2408 4918 S.
2443 4861 2759 4933 Euphemire
2810 4876 2917 4916 una
2979 4875 3102 4914 cum
3137 4867 3328 4916 senatu
3377 4861 3759 4917 convenienti-

2171 4957 2293 5020 bus,
2327 4955 2578 5010 discussa
2610 4963 2740 5010 sunt
2782 4955 2980 5026 qurein
3015 4957 3189 5025 prima
3235 4956 3536 5012 indictione
3582 4973 3756 5028 super

2169 5046 2416 5119 Eutyche
2450 5057 2604 5120 gesta
2629 5056 2788 5115 sunt,
2823 5057 2876 5105 et
2920 5065 3042 5119 qua;
3073 5051 3213 5119 apud
3247 5048 3522 5120 Ephesum
3557 5060 3689 5104 sunt
3721 5066 3754 5105 a

2172 5139 2439 5195 Dioscoro
2491 5149 2694 5196 temere
2761 5148 3096 5211 perpetrata.
3179 5139 3477 5207 Queritans
3563 5149 3753 5198 autem

2170 5230 2471 5287 Dioscorus
2501 5232 2570 5286 de
2600 5232 2687 5286 his
2731 5231 2801 5286 ad
2836 5232 3200 5301 ignorantiam
3239 5241 3519 5302 gestorum
3551 5231 3755 5287 confu-

2169 5327 2243 5395 git
2269 5345 2283 5380 :
2317 5327 2410 5381 sed
2439 5324 2679 5393 elTugerc
2715 5325 3183 5396 redargutioncm,
3217 5341 3338 5395 qua:
3362 5326 3415 5381 in
3442 5327 3582 5383 actis
3612 5325 3754 5382 elic-

2170 5419 2414 5485 rebatur,
2448 5435 2557 5473 non
2590 5420 2780 5475 valens
2821 5419 3126 5486 deﬁciebat,
3180 5429 3233 5476 et
3265 5409 3468 5476 veritas
3501 5419 3753 5475 denuda-

2169 5512 2350 5566 batur.
2402 5510 2558 5566 Tunc
2613 5513 3025 5568 excusationem
3075 5527 3183 5568 non
3224 5511 3434 5568 habens
3481 5511 3755 5568 confusus

2169 5615 2273 5658 est.
2299 5604 2361 5659 Hi
2400 5621 2526 5662 vero
2558 5606 2652 5677 qui
2681 5622 2808 5662 cum
2831 5620 2896 5663 eo
2941 5605 3250 5662 latrocinali
3281 5605 3516 5661 concilio
3550 5619 3756 5660 conse—

1991 5713 2227 5771 NOTAE.

544 5808 658 5888 (Π)
691 5807 820 5868 Loci
847 5826 981 5866 serv.
1045 5812 1380 5888 Anastasius
1422 5813 1476 5868 in
1531 5814 1825 5888 collatione
1856 5812 1923 5888 S_.
1951 5812 2175 5869 Maximi
2227 5815 2520 5887 martyris:
2565 5838 2584 5868 ι
2629 5823 2994 5888 compunctus
3029 5813 3293 5874 divinitus
3365 5824 3588 5887 praetor,
3637 5813 3753 5870 imo

477 5879 582 5937 loci
598 5890 850 5947 servator
875 5883 1149 5951 praetoris.
1183 5901 1202 5935 ι
1231 5883 1296 5940 ν.
1320 5883 1496 5940 Gloss.
1528 5886 1596 5941 ad
1624 5885 1848 5942 Cedren.
1885 5883 2050 5941 Frna.
