4034 6298
259 373 403 441 1233

1097 373 1468 438 HISTORIA
1495 376 2079 440 ECCLESIASTICA
2104 379 2208 442 EX
2239 380 2725 448 THEOPHANE.

3404 386 3543 456 123.5

256 494 483 561 derunt,
509 489 914 566 redarguebant
946 507 1071 550 eum
1099 509 1268 566 super
1296 476 1552 550 violentia
1572 501 1628 550 et
1662 508 1851 551 neces-
1880 500 1929 556 Α
1956 509 2157 566 rogans
2196 512 2227 551 a
2255 496 2475 554 Maximi
2544 502 2833 573 tyrannide
2884 501 3128 560 liberari.
3160 502 3359 576 Magna
3405 522 3551 564 vero

259 590 428 645 sitate
458 588 625 659 q‘uam
657 588 727 644 ab
754 588 873 659 ipso
936 588 1296 657 pertulerant,
1354 595 1410 644 et
1430 587 1704 645 veniamm
1757 602 1853 661 sy—

258 679 405 737 node
449 680 800 749 postulantes
832 680 1039 750 recepti
1078 689 1245 747 sunt;
1298 695 1533 751 quorum
1563 695 1709 737 unus
1735 689 1855 735 erat

254 770 545 826 Iuvenalis
608 770 1145 842 Hierosolymitanus
1184 772 1526 843 episcopus.

255 864 557 921 defecisset
628 865 946 932 Dioscorus,
1011 881 1122 920 non
1177 866 1388 922 habens
1440 870 1850 923 excusatoriam

255 958 556 1021 rationem,
588 957 731 1013 ultra
762 959 815 1012 in
848 957 1058 1030 synodo
1091 962 1359 1029 apparere
1383 964 1389 977 '
1410 974 1583 1016 ausus
1611 974 1719 1016 non
1744 971 1849 1017 est.

255 1048 419 1105 Tunc
451 1049 720 1121 synodus,
755 1057 1035 1119 praesente
1069 1066 1292 1122 quoque
1344 1052 1677 1121 imperatore
1706 1050 1848 1107 Mar-

253 1144 421 1197 ciano
445 1153 499 1199 et
528 1150 746 1206 senatu,
773 1143 1102 1198 sententiam
1138 1143 1364 1213 protulit
1398 1151 1593 1199 contra
1627 1144 1853 1200 Diosco-

256 1248 382 1290 rnm
409 1235 789 1304 etEutychen,
812 1252 1023 1308 eosque
1038 1236 1310 1308 deposuit.
1339 1238 1640 1308 Imperator
1669 1246 1848 1294 autem

255 1328 587 1385 Dioscorum
616 1331 835 1402 quidem
863 1331 916 1386 in
952 1330 1187 1403 Gangris
1215 1331 1415 1388 exsilio
1445 1332 1729 1403 relegavit,
1763 1348 1852 1404 sy-

256 1423 469 1478 nodum
499 1431 682 1480 autem
708 1424 937 1481 laudans
964 1424 1143 1482 dixit:
1174 1424 1394 1482 Gratias
1410 1426 1666 1496 conﬁteor
1680 1429 1852 1481 maxi-

257 1537 379 1575 mas
409 1523 645 1576 omnium
674 1530 978 1577 nostrorum
1046 1520 1179 1588 Deo,
1222 1521 1473 1592 quoniam
1518 1522 1703 1577 ablata
1738 1524 1853 1577 dis-

253 1615 449 1669 cordia
510 1615 564 1669 in
623 1632 785 1670 unam
847 1614 1185 1687 eamdemque
1244 1615 1624 1685 confessionem
1677 1618 1855 1670 cuncti

250 1708 637 1772 tortvenimus;
673 1718 726 1763 et
755 1708 1069 1765 amabiliter
1087 1708 1369 1763 honorans
1404 1716 1696 1764 sexcentos
1728 1707 1853 1761 illos

249 1810 315 1855 et
347 1800 565 1870 triginta
598 1799 817 1868 Patres,
864 1801 931 1856 ad
980 1816 1079 1856 sua
1126 1800 1180 1856 in
1210 1815 1346 1871 pace
1389 1815 1855 1870 unumquemque

252 1892 521 1948 absolvit.
559 1892 733 1947 Porro
760 1902 1117 1950 consecratus
1143 1901 1228 1951 est
1274 1893 1559 1951 Proterius
1595 1909 1697 1966 pro
1733 1893 1850 1949 Dio-

251 1997 425 2040 scoro
450 1985 749 2055 episcopus
775 1985 1141 2040 Alexandriae.

339 2076 525 2131 Mundi
563 2092 706 2132 anno
724 2076 884 2142 5945,
909 2076 1109 2131 divinae
1140 2076 1538 2134 incarnationis
1560 2093 1704 2132 anno
1724 2078 1850 2145 445,

239 2160 552 2226 ‘Pulcheria
587 2170 743 2225 beata
796 2177 854 2226 et
904 2171 994 2242 pia
1054 2171 1316 2227 dormivit
1352 2171 1406 2226 in
1455 2172 1698 2237 Christo,
1731 2180 1885 2244 quae

251 2264 433 2320 multa
467 2264 611 2318 bona
646 2263 777 2318 fecit
828 2271 883 2320 et
915 2264 1099 2319 omnia
1151 2279 1250 2320 sua
1282 2265 1619 2335 pauperibus
1648 2265 1850 2321 dereli-

255 2356 425 2425 quit;
453 2372 575 2426 qua:
606 2356 943 2421 Marcianus,
976 2371 1115 2411 cum.
1147 2358 1322 2412 multa
1362 2365 1570 2425 essent,
1595 2357 1853 2414 alacriter

248 2449 433 2505 dedit.
460 2448 781 2505 Coustruxit
820 2456 1003 2505 autem
1062 2448 1257 2505 eadem
1303 2459 1358 2505 et
1382 2451 1559 2505 multa
1585 2452 1848 2514 oratoria,

256 2542 567 2612 domusque
620 2542 960 2613 pauperibus
999 2551 1057 2598 et
1115 2543 1451 2614 hospitibus,
1508 2557 1721 2599 necnon
1797 2550 1851 2598 ct

258 2635 517 2707 erpttlcra
574 2636 882 2707 peregrinis
925 2635 1253 2704 aedificavit;
1308 2636 1451 2692 inter
1473 2653 1597 2707 quae
1618 2636 1677 2693 S.
1701 2637 1856 2691 Mar-,-

257 2732 398 2803 tyris
426 2729 711 2788 Laurentii
747 2731 1005 2802 templum
1029 2731 1365 2788 construxit.
1400 2732 1467 2785 At
1507 2746 1633 2787 vero
1667 2731 1857 2788 Theo-—

254 2824 478 2880 dosius-
514 2824 841 2888 monachus,
882 2825 991 2879 vir
1030 2822 1280 2895 pestifer,
1312 2838 1438 2879 cum
1469 2825 1850 2881 descendisset

254 2916 467 2973 cursim
515 2915 954 2973 Chalcedonensi
1023 2915 1172 2972 facto
1247 2917 1489 2972 concilio
1527 2915 1851 2990 Hierosolya

255 3018 429 3077 ruam,
466 3022 528 3067 et
580 3010 867 3067 didicisset
896 3011 1042 3082 quod
1110 3009 1360 3081 Augusta
1411 3011 1654 3067 Eudocia
1716 3028 1847 3082 erga

256 3101 588 3157 Dioscorum
637 3118 667 3157 a
717 3102 928 3176 synodo
969 3103 1282 3174 depositum
1325 3102 1526 3160 affectu
1570 3102 1847 3176 ﬂagraret,

1890 1855 1928 1909 Β

1944 604 2082 645 eum
2111 591 2665 651 classi‘Gczerichum
2710 595 2941 651 Romam
2987 598 3337 669 navigantem
3368 598 3545 656 Maxi-

1955 684 2313 741 mustimens
2347 684 2471 755 htga
2501 702 2637 744 usus
2691 696 2776 744 est
2807 706 2821 745 :
2856 690 2912 744 hi
2959 707 3088 746 vero
3137 693 3230 762 qui
3259 708 3384 749 cum
3421 696 3549 766 ipso

1604 770 1855 842 Cumque
1954 784 2133 839 erant,
2172 776 2738 836 interemerunteum.
2770 781 3042 839 Praeterea
3080 785 3413 843 Gczerichus
3443 804 3576 850 ne-.

1955 868 2103 923 mine
2160 870 2263 923 sibi
2313 872 2607 929 resistente
2663 875 2914 930 introivit
2973 876 3201 933 Romam
3243 881 3404 937 tertia
3453 882 3544 939 die

1956 960 2177 1016 Maximi
2205 962 2369 1033 fuga),
2398 972 2454 1020 et
2502 966 2737 1022 sublatis
2771 969 3029 1025 omnibus
3070 972 3339 1041 pecuniis,
3375 980 3430 1029 et
3461 973 3544 1027 ci-

1955 1054 2140 1111 vitatis
2165 1055 2449 1112 miraculis
2484 1059 2537 1112 in
2561 1073 2734 1113 naves
2764 1060 3019 1131 receptis,
3060 1061 3114 1117 in
3152 1063 3354 1132 quibus
3386 1071 3543 1119 erant

1957 1145 2332 1202 ecclesiastica
2373 1149 2588 1203 cimelia
2617 1158 2740 1204 tota
2760 1168 2823 1204 ex
2862 1167 3016 1218 auro,
3034 1152 3310 1226 lapidibus
3334 1156 3545 1225 pretio-

1956 1237 2036 1293 sis
2056 1247 2274 1303 ornata,
2307 1246 2361 1295 et
2394 1254 2520 1295 vasa
2552 1238 2845 1309 Hebraiea,
2874 1259 2996 1314 qua:
3025 1243 3184 1302 Titus
3214 1244 3543 1317 Vespasiani

1956 1332 2100 1388 illius
2148 1340 2273 1402 post
2317 1333 2691 1402 captivitatem
2755 1334 3262 1409 Hierosolymorum
3311 1337 3541 1393 Romam

1956 1422 2252 1486 detulerat,
2286 1440 2391 1477 una
2414 1440 2539 1480 eum
2574 1425 2821 1481 Eudoxio
2847 1428 3196 1498 imperatrice
3225 1444 3291 1486 ac
3327 1429 3545 1488 ﬁliabus

1957 1514 2078 1585 ejus
2116 1516 2169 1570 in
2201 1514 2445 1570 Africam
2485 1518 2782 1588 navigavit.
3164 1502 3167 1505 I

2033 1607 2160 1662 Erat
2191 1616 2373 1663 autem
2437 1609 2748 1666 Marcianus
2802 1612 3093 1668 admodum
3150 1614 3465 1685 religiosus,
3488 1624 3546 1669 et

1957 1701 2155 1757 timens
2185 1703 2355 1757 Deum
2383 1745 2396 1763 ,
2426 1705 2516 1773 qui
2551 1718 2675 1759 cum
2708 1706 2915 1761 litaniis
2964 1708 3153 1778 Campi
3188 1708 3354 1777 pedes
3382 1723 3545 1763 exec-

1956 1793 2147 1862 debat,
2199 1797 2372 1850 multa
2426 1797 2714 1867 egentibus
2756 1799 3019 1855 beneficia
3065 1809 3356 1872 praestans.
3383 1801 3541 1869 Quod

1956 1885 2183 1940 intuens
2219 1886 2861 1959 Anatoliuspatriarcha
2881 1898 2936 1946 et
2958 1890 3075 1962 ipse
3104 1890 3171 1947 de
3201 1903 3401 1955 caetero
3433 1906 3543 1946 non

1939 1976 2152 2047 .phorio
2177 1986 2424 2047 portatus
2461 1980 2765 2036 secundum
2800 1996 3031 2049 morem,
3091 1983 3194 2039 sed
3212 1983 3376 2053 pedes
3416 1984 3545 2039 lita-

1956 2073 2076 2126 nias
2099 2069 2308 2149 facieus
2360 2072 2669 2132 incedebat.
2699 2074 3023 2135 Timotheus
3070 2086 3254 2134 autem
3295 2078 3538 2135 llelurus

1958 2161 2240 2219 molimine
2273 2179 2403 2221 usus
2429 2173 2592 2220 noctu
2621 2167 2792 2223 cellas
2849 2171 3241 2225 monachorum
3300 2171 3544 2227 circum-

1953 2256 2559 2329 ibat,_unumquemque
2587 2274 2798 2316 vocans
2820 2275 2885 2317 ex
2916 2263 3160 2325 nomine,
3189 2280 3298 2333 quo
3322 2279 3546 2336 respon-

1954 2349 2127 2406 dente
2160 2351 2382 2406 dicebat
2411 2368 2424 2405 :
2456 2351 2570 2425 Ego
2622 2354 2843 2426 angeins
2897 2372 3014 2410 sum
3041 2356 3215 2412 dicere
3274 2359 3542 2423 omnibus,

1955 2453 2012 2494 ut
2050 2439 2343 2497 abscedant
2398 2460 2431 2497 a
2480 2447 2848 2501 communione
2897 2444 3130 2502 Proterii
3158 2458 3427 2509 eteorum
3451 2452 3543 2521 qui

1954 2532 2283 2590 Chalcedone
2316 2550 2599 2593 convenere
2622 2578 2636 2603 ,
2675 2548 2751 2609 ,ει
2800 2538 3131 2596 Timotheum
3181 2540 3447 2598 ﬂeturum
3488 2544 3543 2598 in

1951 2628 2254 2697 episcopum
2284 2632 2632 2687 Alexandria
2659 2633 2967 2703 provehunt.

2025 2720 2217 2777 Mundi
2268 2725 2626 2790 annos51l50,
2687 2727 2892 2784 divinae
2952 2728 3358 2785 incarnationis
3395 2744 3557 2786 anno-

1949 2812 2078 2880 450,
2108 2812 2218 2871 Leo
2244 2815 2478 2884 hnperat
2511 2829 2823 2875 coronatus
2838 2820 2907 2874 ab
2925 2820 3179 2879 Anatolio
3203 2822 3542 2893 patriarcha.

1953 2905 2281 2966 Timotheus
2313 2926 2451 2965 vero
2471 2914 2841 2981 cOgnomento
2876 2914 3114 2972 Ilelurus
3154 2915 3543 2972 Alexandriam

1952 3001 2241 3062 civitatem:
2268 3004 2545 3059 turbabat.
2570 3003 2919 3063 Multitudine
2940 3007 3142 3078 quippe
3166 3008 3540 3079 inquietorum

1951 3095 2194 3151 virorum
2220 3105 2405 3165 empta
2474 3098 2763 3166 tyrannice
2796 3098 3144 3157 Alexandriae
3177 3101 3363 3160 sedem
3392 3101 3542 3157 obti-

258 3197 430 3267 cmpit
479 3197 721 3253 clamare
777 3196 1043 3254 adversus
1107 3198 1379 3270 synodum
1438 3198 1596 3270 quasi
1643 3209 1848 3257 rectam

1956 3186 2098 3249 nuit,
2130 3195 2342 3241 etcum
2400 3188 2685 3259 depositus
2721 3204 2891 3256 esset,
2935 3209 2965 3248 a
3014 3194 3233 3250 duobus
3274 3194 3544 3276 depositis

258 3288 421 3344 ﬁdem
449 3289 969 3356 subvertentem,'et
995 3289 1275 3363 subreptis
1304 3290 1548 3362 Augusta
1580 3299 1637 3347 et
1666 3306 1853 3348 mona-

258 3381 404 3449 Chis,
429 3383 669 3452 propriis
688 3384 1082 3441 caedibustusus
1113 3400 1265 3440 more
1289 3385 1601 3453 barbarico,
1626 3386 1851 3442 archie-

258 3477 494 3532 ratioum
539 3478 799 3543 thronum
830 3480 1000 3550 rapit,
1030 3486 1085 3536 et
1120 3479 1369 3535 homines
1402 3479 1664 3552 Augustae
1689 3481 1851 3537 mini-

258 3578 410 3626 istros
433 3571 646 3626 habens
677 3573 968 3642 episcopos
986 3580 1268 3643 promovet
1296 3574 1692 3645 percit-uates,
1724 3591 1847 3630 cum

260 3668 506 3737 episcopi
536 3668 718 3724 adhuc
768 3674 961 3724 essent
1001 3667 1054 3722 in
1088 3667 1320 3739 synodo.
1355 3669 1723 3724 Severianum.
1746 3685 1849 3724 au-

260 3770 372 3815 tem
422 3760 744 3832 episcopum
790 3760 1211 3833 Seytbopoleos,
1242 3761 1337 3831 qtti
1366 3777 1475 3817 non
1522 3762 1704 3819 fuerat»
1728 3765 1849 3835 ejus

260 3854 695 3924 mala=opinione
720 3854 1004 3925 deceptus,
1041 3869 1072 3910 a
1105 3854 1328 3909 civitate
1354 3856 1567 3925 pellens
1609 3858 1846 3923 occidit;

261 3955 318 4002 et
340 3948 599 4004 excitavit
629 3948 1095 4018 perseverantiam
1130 3956 1321 4002 contra
1346 3948 1468 4002 illos
1486 3950 1578 4017 qui
1611 3949 1714 4005 sibi
1739 3966 1848 4005 non

262 4042 771 4109 comnmnieabant,
797 4050 852 4095 et
892 4043 1094 4106 multos
1136 4026 1358 4113 quidem
1393 4044 1683 4100 tormentis
1718 4044 1849 4102 alie-

263 4135 361 4199 eit,
416 4133 783 4204 quorumdam
839 4149 971 4189 vero
1028 4133 1221 4189 domos
1255 4133 1481 4188 tradidit
1518 4136 1654 4205 igni,
1685 4136 1761 4192 ita
1792 4147 1851 4191 ut

260 4220 629 4277 astimaretur
656 4223 787 4278 urbs
843 4237 874 4276 a
913 4222 1170 4279 Barbaris
1198 4231 1378 4294 capta.
1417 4222 1643 4281 Necavit
1668 4238 1847 4283 autem

259 4322 318 4369 et
360 4314 717 4370 Athanasium
773 4317 1065 4372 diaconum
1109 4317 1166 4373 S.
1229 4317 1692 4385 llesurrectionis,
1750 4337 1845 4379 ex—

262 4410 615 4477 prohranlem
649 4418 703 4464 et
736 4418 1055 4481 arguentem
1097 4412 1220 4482 ejus
1250 4412 1607 4483 impietatem,
1642 4420 1696 4469 et
1726 4414 1848 4485 ejus

261 4511 515 4556 sanctum
549 4517 752 4573 corpus
799 4519 897 4573 per
931 4505 1208 4559 civitatem
1249 4505 1461 4576 pompis
1492 4506 1847 4566 circumdans

262 4594 494 4650 canibus
568 4595 821 4649 tradidit.
880 4595 1126 4652 Domnus
1198 4611 1328 4650 vero
1396 4598 1849 4670 archiepiscopus

260 4687 639 4741 Autiochenus
671 4686 725 4741 in
764 4700 1013 4742 eretoum
1068 4685 1228 4757 fugit,
1264 4695 1319 4743 et
1348 4684 1628 4745 Iuvenalis
1656 4688 1847 4745 Hiero-

262 4781 650 4851 solymitanus.
679 4779 853 4835 l‘orro
878 4794 1004 4835 cum
1064 4780 1332 4851 pestilens
1380 4781 1724 4838 Theodosius
1754 4799 1848 4853 per

259 4869 330 4924 20
371 4888 589 4929 menses
631 4872 890 4927 thronum
949 4871 1507 4946 liierosolymitanum
1554 4878 1844 4943 tenuisset,

259 4965 448 5033 jussus
482 4976 566 5022 est
626 4965 1055 5037 comprehendi;
1116 4966 1210 5036 qui
1248 4966 1463 5038 fugiens
1498 4966 1553 5021 in
1606 4976 1845 5025 montem

264 5059 505 5116 Sinaeum
535 5062 884 5131 properavit;
921 5077 1029 5132 quo
1086 5059 1213 5130 fuga
1274 5059 1431 5131 lapso
1458 5077 1565 5116 una
1604 5077 1727 5117 cum
1761 5063 1847 5120 his

263 5171 402 5227 quos
456 5154 573 5223 ipse
638 5160 985 5222 provexerat,
1037 5152 1239 5207 iterum
1284 5149 1566 5209 Iuvenalis
1587 5154 1845 5209 thronum

264 5267 422 5307 suum
441 5248 673 5318 recepit.

332 5342 547 5399 Interea
601 5339 873 5397 Maximus
920 5341 1138 5397 Maximi
1195 5358 1366 5414 nepos
1403 5352 1700 5414 tyrannum
1734 5345 1847 5400 Va-

264 5438 626 5497 lentinianum
688 5437 945 5507 peremit,
1009 5446 1063 5492 et
1112 5437 1376 5493 Eudoxiaz
1421 5438 1477 5491 vi
1537 5439 1847 5496 associatus

264 5529 554 5602 imperium
586 5541 810 5597 quoque
861 5526 1134 5582 obtinuit:
1174 5542 1272 5597 per
1298 5541 1421 5598 quae
1460 5541 1697 5597 namque
1724 5529 1847 5596 quis

264 5632 474 5695 peccat,
506 5635 604 5692 per
636 5634 699 5674 ea
720 5634 940 5691 quoque
968 5627 1024 5674 et
1056 5618 1377 5689 corripitur.
1412 5618 1558 5674 Inter
1581 5618 1695 5674 haec
1717 5634 1848 5690 ergo

266 5712 512 5784 Eudoxia
532 5720 831 5767 ‘eoarctata
856 5721 907 5765 et
933 5711 1145 5766 nullum
1171 5711 1285 5766 fore
1306 5711 1571 5766 auxilium
1592 5726 1620 5764 a
1640 5710 1847 5782 Byzan-

264 5809 339 5863 tio
354 5806 669 5863 Theodosio
688 5816 839 5877 patre
872 5820 976 5862 suo
1004 5815 1059 5860 et
1094 5804 1385 5860 Pulcheria
1420 5803 1698 5861 defunctis
1729 5805 1846 5860 exi-

264 5901 516 5968 stimans,
559 5898 795 5956 arcessit
853 5897 1213 5957 Gezerichum
1269 5896 1335 5954 ad
1369 5897 1555 5954 urbem
1592 5893 1844 5964 Romam,

1956 3278 2294 3349 provehitur.
2364 3279 2521 3336 Unde
2568 3283 2753 3337 omnia
2804 3286 3062 3353 scandala
3094 3302 3263 3358 penes
3306 3287 3544 3343 Alexan-

1952 3371 2130 3427 driam
2161 3386 2278 3428 orta
2336 3384 2464 3430 sunt
2502 3393 2515 3429 :
2543 3378 2764 3434 cunctis
2795 3380 3129 3436 enim'orbis
3164 3388 3328 3456 terra
3356 3396 3544 3437 sacer»-

1951 3461 2175 3524 dotibus
2212 3467 2589 3524 definitionem
2652 3473 2847 3541 synodi
2902 3470 3368 3539 Chalcedonensis
3408 3475 3546 3531 reci.-

1954 3558 2256 3629 pientibus,
2276 3562 2671 3619 istescelestus
2698 3564 2850 3619 rabie
2870 3566 3107 3634 quadam
3132 3565 3377 3623 infectus
3396 3567 3542 3637 inju—

1952 3652 2050 3708 riis
2076 3654 2385 3724 appetebat,
2410 3664 2487 3710 et.
2509 3655 2891 3711 ordinationes
2936 3657 3333 3728 episcoporum
3367 3658 3539 3714 τέκεος-ί

1952 3747 2070 3813 hat,
2103 3762 2233 3802 eum
2259 3756 2407 3805 esset
2428 3748 2544 3821 ipse
2567 3750 2935 3815 inordinatus,
2964 3760 3019 3806 et
3043 3751 3375 3821 baptizabat,
3412 3768 3537 3808 cum

1953 3840 2240 3910 presbyter
2270 3857 2380 3897 non
2409 3842 2724 3899 exsisteret.
2776 3842 2978 3899 Beatus
3030 3854 3214 3899 autem
3253 3844 3540 3903 Proterius

1952 3934 2199 3990 scutiens
2222 3944 2411 3989 contra
2443 3951 2504 3990 se
2534 3936 2849 3992 confectum
2882 3938 3175 3993 concilium
3209 3939 3305 3993 dat
3355 3939 3538 3994 locum

1954 4026 2068 4092 irae,
2100 4035 2157 4082 et
2185 4028 2361 4096 prima
2400 4027 2488 4084 die
2525 4028 2753 4086 Pascha:
2785 4031 2852 4085 ad
2914 4031 3230 4086 venerabile
3274 4031 3539 4102 baptiste-

1953 4119 2095 4174 rium
2151 4118 2308 4191 fugit.
2363 4121 2462 4175 Ast
2496 4121 2589 4177 ille
2612 4122 3313 4194 Antichristipraecursor,
3358 4139 3540 4195 neque

1951 4222 2203 4269 sanctam
2238 4211 2382 4268 diem
2422 4228 2600 4285 neque
2630 4214 2874 4271 colenda-
2898 4215 3018 4270 loc-a
3046 4217 3343 4280 reveritus,
3372 4217 3543 4274 mittit

1951 4315 2006 4361 et
2040 4306 2245 4362 occidit
2275 4306 2550 4363 insontem
2578 4356 2581 4360 .
2609 4309 2945 4378 pontificem,
2985 4324 3095 4364 una
3118 4323 3243 4366 cum
3293 4325 3388 4365 sex
3417 4310 3542 4365 aliis

1953 4399 2046 4468 qui
2106 4409 2266 4453 erant
2314 4414 2438 4452 cum
2493 4400 2651 4469 ipso;
2688 4409 2743 4456 et
2792 4401 3015 4458 funibus
3061 4403 3341 4459 trahentes
3376 4403 3540 4474 hujus

1954 4492 2188 4547 cadaver
2234 4508 2264 4546 a
2316 4504 2513 4547 sancto
2572 4492 2790 4550 lavacro
2820 4494 3145 4557 emiserunt,
3180 4506 3232 4551 et
3279 4510 3542 4566 pompOse

1954 4597 2052 4652 per
2108 4583 2387 4639 civitatem
2434 4568 2724 4653 portatum
2762 4594 3044 4655 postremo
3074 4586 3240 4641 etiam
3272 4585 3383 4656 igni
3420 4586 3546 4641 sine

1958 4677 2066 4730 ulla
2143 4675 2524 4733 misericordia
2579 4677 2965 4747 prodiderunt,
2996 4688 3050 4733 et
3081 4678 3298 4734 cineres
3329 4678 3452 4750 ejus
3485 4681 3538 4735 in

1957 4784 2138 4824 aerem
2169 4778 2650 4839 .conspersorunt.
2716 4768 2920 4825 Eodem
2972 4785 3118 4827 anno
3167 4771 3406 4827 delatum
3453 4778 3540 4827 est

1954 4877 2157 4932 corpus
2191 4861 2249 4917 S.
2286 4863 2592 4919 Anastasis:
2629 4876 2659 4915 a
2701 4860 2940 4933 Syrmio,
2995 4873 3050 4918 et
3092 4862 3394 4933 repositum
3455 4872 3541 4919 est

1956 4956 2009 5009 in
2047 4957 2261 5027 templo.
2315 4956 2433 5025 ejus
2484 4956 2536 5010 in
2568 4955 2870 5027 porticibus
2904 4954 3184 5012 Domnini.
3216 4955 3538 5029 Timotheus

1955 5056 2137 5105 autem
2170 5048 2408 5105 llelurus
2443 5051 2651 5121 scripta
2695 5049 2877 5120 magni
2919 5049 3107 5123 Cyrilli
3134 5067 3243 5106 non
3272 5051 3418 5108 edita
3448 5067 3539 5107 re-

1957 5144 2259 5215 periensin
2308 5143 2496 5199 multis
2545 5144 2684 5199 locis
2734 5142 3084 5209 adulteravit,
3142 5144 3303 5218 sicuti
3346 5144 3540 5201 scribit

1957 5238 2153 5293 Petrus
2204 5220 2649 5292 Alexandrinus.
2674 5235 2933 5306 Sequenti
2971 5251 3100 5292 vero
3122 5251 3266 5301 anno
3296 5236 3407 5292 Leo
3436 5237 3539 5291 im-

1957 5340 2176 5400 perator
2206 5330 2393 5400 iniqua
2418 5327 2652 5386 Proterii
2676 5343 2849 5386 morte
2870 5338 2924 5385 et
2958 5329 3161 5401 injusta
3188 5328 3378 5395 llcluri
3406 5344 3535 5401 pro-

1959 5426 2197 5480 motione
2259 5433 2584 5494 comperta,
2674 5425 2901 5479 mittens
2963 5424 3269 5481 Caesaream
3329 5424 3537 5495 linguis

1959 5518 2225 5573 mutilatis
2285 5517 2482 5574 exsilio
2534 5517 2798 5586 relegavit
2850 5533 2954 5573 eos
3000 5518 3094 5588 qui
3146 5517 3381 5573 Proterii
3414 5515 3537 5572 neci

1957 5610 2504 5668 communicaverant
2552 5624 2566 5661 :
2626 5607 2918 5665 Timotheo
2966 5625 3098 5665 vero
3159 5612 3396 5665 scelesto
3442 5609 3537 5661 ad-

1957 5704 2100 5760 versi
2139 5702 2217 5758 nil
2271 5701 2478 5772 intulit,
2532 5699 2800 5771 judicium
2853 5702 2906 5757 in
2937 5717 3061 5758 eum
3102 5702 3293 5758 dicens
3331 5700 3539 5756 inferre

1957 5797 2295 5855 antistitibus
2317 5796 2632 5850 convenire.
2658 5795 2762 5861 Qui
2782 5796 2991 5869 litteras
3013 5795 3079 5851 ad
3102 5793 3539 5864 uniuscujusque

1939 5892 2249 5967 provinciae
2308 5887 2461 5945 misit
2512 5888 2817 5959 episc0pos,
2883 5900 2940 5945 ut
2980 5888 3179 5960 singuli
3229 5888 3537 5947 scriberent
