4034 6298
536 371 674 434 1235

1632 367 2036 429 ANASTASII
2084 368 2719 433 BIBLIUI'HECARII

3678 376 3827 445 1236

531 486 636 542 sibi
665 482 946 555 proprium
980 496 1005 536 s
1068 493 1232 543 lSlllll,
1268 484 1451 533 utrum
1483 492 1603 548 qua:
1636 478 1778 547 apud
1809 456 2117 533 Chalcedol-
2145 485 2192 544 Α
2224 477 2373 534 muni
2406 476 2660 536 Julianus
2697 481 2926 552 quidam
2994 482 3293 556 episcopus
3340 486 3647 543 Antiochiae
3684 503 3823 561 pro-

534 594 657 636 nem
686 576 912 633 detlnita
951 582 1081 630 sunt
1127 572 1230 627 sibi
1286 572 1588 642 placerent,
1620 582 1675 626 et
1716 586 1885 640 super
1930 567 2121 626 Helori

532 673 817 729 creatione
843 669 975 742 quid
1004 669 1275 725 dicerent.
1324 666 1473 722 inter
1507 682 1647 737 quos
1691 676 1747 720 et
1781 665 1841 721 S.
1879 666 2121 722 SimeOni

534 767 737 839 stylitte
775 771 830 821 et
860 763 1054 821 Bardze
1082 760 1356 819 monacho
1388 767 1553 832 atque
1589 758 1794 815 Jacobo
1821 760 2117 815 miraculo-

536 874 657 914 rum
694 856 961 929 patratori
1017 854 1267 925 scripsit,
1288 862 1611 909 contestans
1638 860 1697 906 ut
1747 852 1820 907 ita
1849 851 2118 921 judicium

534 950 1042 1010 controversiarum
1093 948 1499 1017 depromerent,
1545 954 1601 1001 ut
1634 955 1818 1003 essent
1851 945 2119 1001 rationem

539 1045 650 1102 Deo
709 1050 1039 1100 cunctorum
1099 1040 1335 1097 Domino
1394 1040 1691 1097 reddituri.
1753 1038 1857 1106 Qui
1928 1053 2121 1095 omnes

540 1138 877 1195 unanimiter
904 1145 962 1193 et
991 1142 1365 1192 consonanter
1388 1143 1445 1192 et
1485 1133 1993 1192 Cbalcedonensetn
2023 1147 2120 1205 sy-

539 1230 745 1287 nodum
804 1236 1051 1286 sanctam
1105 1243 1230 1285 esse
1253 1226 1549 1291 afﬁrmant,
1614 1237 1668 1282 et
1706 1228 2001 1282 terminum
2053 1228 2124 1281 ab

540 1325 659 1395 ipsa
721 1322 1103 1393 depromptum
1160 1321 1493 1386 admittunt,
1541 1317 1888 1374 Timotheum
1939 1326 2124 1372 autem

540 1425 913 1475 consonanter
944 1417 1240 1488 reprobant
1258 1424 1520 1485 tanquam
1559 1412 1889 1469 homicidam
1920 1413 2126 1485 pariter

542 1522 597 1568 et
627 1510 966 1568 haereticum.
998 1509 1292 1583 Satagebat
1320 1515 1501 1565 autem
1553 1517 1606 1563 et
1636 1506 1954 1563 Gennadius
1979 1506 2124 1578 apud

544 1606 931 1679 imperatorem
966 1620 1079 1676 quo
1132 1604 1499 1660 ulcisceretur
1552 1617 1719 1674 super
1765 1600 1854 1657 his
1888 1617 2012 1673 quae
2044 1609 2127 1657 te-

542 1714 693 1756 mere
724 1698 942 1756 fuerant
975 1705 1328 1771 perpetrata;
1367 1696 1458 1752 cui
1498 1713 1530 1753 e
1572 1696 1798 1752 diverso
1832 1691 2126 1751 resistebat

543 1796 720 1865 Asper
752 1793 1013 1850 Arianus.
1036 1793 1211 1849 Porro
1237 1793 1537 1863 imperator
1564 1790 1686 1863 pius
1710 1789 1973 1847 llelurnm
1998 1789 2126 1862 qui-

2224 579 2500 628 movetur.

2298 662 2501 721 Eodem
2556 680 2704 723 anno
2754 668 3060 727 translatus
3111 682 3195 728 est
3244 672 3385 743 apud
3424 674 3826 730 Alexandriam

2226 759 2494 829 propheta
2523 758 2792 818 lleiisatus
2822 762 3309 821 inenonasterium
3356 764 3509 821 Pauti
3559 767 3777 839 lepros't
3807 784 3825 822 :

2226 849 2507 920 leprosum
2571 853 2716 908 enim
2779 854 3019 918 sanavit,
3069 865 3125 911 et
3158 855 3437 927 leprosum
3474 857 3630 926 fecit,
3662 869 3722 915 et
3765 859 3826 914 itt

2224 957 2287 998 ea
2320 959 2441 1013 quae
2480 944 2682 1015 lcprosi
2722 956 2882 1002 erant
2916 948 3219 1005 translatus
3249 958 3356 1006 est.

2296 1034 2456 1091 Circa
2490 1036 2605 1091 ltzec
2643 1044 2886 1110 tempora
2932 1034 3232 1096 Anthimus
3296 1050 3350 1096 et
3387 1041 3675 1100 Timoeles
3706 1052 3828 1099 tro-

2227 1130 2508 1201 pariorutn
2549 1131 2785 1189 factores
2806 1135 3273 1205 agnoscebantur.
3294 1137 3565 1209 Praeterea
3588 1136 3831 1195 Cassin

2226 1238 2468 1297 quaestor
2506 1227 2884 1285 Antiochenus
2913 1236 3080 1301 atque
3110 1230 3473 1303 philosophus
3518 1236 3829 1306 derogatus

2227 1330 2312 1376 est
2337 1320 2481 1391 apud
2514 1322 2907 1391 imperatorem
2939 1332 3000 1380 ut
3061 1340 3331 1397 paganus,
3367 1335 3423 1383 et
3446 1329 3615 1399 jussit
3649 1329 3829 1400 impe-

2230 1419 2380 1468 rator
2409 1413 2718 1470 examinari
2747 1431 2875 1471 eum
2900 1430 2930 1471 a
2962 1417 3225 1489 praefecto
3256 1422 3649 1491 praetoriorum
3672 1422 3828 1479 Cort-

2229 1501 2609 1578 stantinopoli.
2658 1506 2915 1579 Cumque
2995 1507 3297 1567 duceretur
3352 1513 3407 1568 itt
3474 1514 3829 1587 Zeuxippum

2227 1603 2451 1660 vinctus
2484 1612 2797 1662 retrorsum
2835 1607 3116 1674 manibus,
3147 1609 3291 1665 dixit
3340 1610 3408 1666 ad
3449 1625 3577 1667 eum
3610 1609 3833 1670 Poseus

2231 1701 2519 1774 praefectus
2549 1719 2565 1759 :
2608 1701 2858 1768 Videsne,
2891 1720 2921 1759 ο
2958 1703 3136 1774 Cassi,
3169 1707 3223 1760 in
3259 1723 3365 1778 quo
3395 1708 3581 1763 habitat
3614 1711 3829 1764 conati.

2234 1805 2378 1854 tutus
2402 1798 2477 1853 sit
2496 1795 2644 1865 ?Qui
2670 1799 2746 1855 ait
2780 1815 2796 1853 :
2836 1797 3019 1866 Video,
3043 1810 3093 1857 et
3124 1817 3225 1856 non
3256 1792 3429 1857 miror
3450 1819 3470 1859 :
3499 1802 3656 1859 homo
3681 1804 3828 1859 enim

544 1888 668 1944 dem
712 1886 857 1960 apud
878 1887 1128 1958 Gangras
1171 1886 1369 1943 exsilio
1422 1886 1722 1957 relegavit:
1760 1884 1878 1956 ipse
1910 1899 2042 1941 vero
2072 1891 2126 1941 et
2157 1867 2202 1924 Β
2231 1907 2354 1947 cum
2391 1891 2519 1957 sint,
2546 1891 2812 1949 humanas
2857 1895 3061 1951 incurri
3102 1896 3464 1952 calamitates.
3494 1895 3602 1953 Sed
3628 1896 3832 1969 judice

548 1984 658 2039 illic
691 1985 858 2055 erepit
887 1983 1267 2039 conventicula
1302 1996 1639 2053 congregare
1673 1982 2128 2055 turbationesque

551 2087 792 2148 patrare,
824 2094 968 2148 quas
1013 2063 1362 2148 comperiens
1420 2078 1720 2148 imperator
1772 2091 1961 2132 rursus
2000 2089 2130 2131 eum

550 2173 606 2227 in
636 2172 893 2249 exsilium
928 2172 1080 2229 misit
1113 2172 1259 2244 apud
1289 2172 1650 2234 Chersonam,
1684 2179 1738 2226 et
1770 2180 2131 2228 consecratus

547 2271 634 2319 est
668 2280 769 2335 pro
802 2278 869 2320 eo
895 2266 1188 2336 episcopus
1235 2261 1581 2319 Alexandriae
1636 2261 1962 2318 Timotheus
1986 2261 2132 2317 alius

549 2366 917 2431 cognomento
971 2357 1203 2423 Leucos,
1238 2358 1333 2430 qui
1382 2365 1436 2413 et
1461 2356 1886 2430 Salophaciaius
1912 2371 2133 2413 nuncu-

554 2462 737 2526 patur,
771 2453 855 2508 vir
876 2452 1220 2509 orthodoxus
1251 2462 1305 2507 et
1334 2453 1513 2510 bonus
1550 2448 1878 2523 cunctisque
1904 2464 2131 2522 prorsus

552 2549 826 2604 amabilis.
886 2546 1100 2605 Interea“
1152 2556 1309 2602 vasto
1344 2546 1603 2603 incendio
1653 2543 2133 2616 Constantinopoli

551 2641 719 2710 facto,
756 2641 1068 2698 Marcianus
1095 2655 1416 2697 monemus
1436 2639 1749 2696 ascendens
1776 2654 1942 2710 super
1976 2647 2135 2710 tegu-

553 2736 635 2792 las
663 2735 722 2792 S.
762 2735 1090 2801 A’nastas‘ne,
1128 2744 1324 2792 tenens
1376 2733 1755 2808 Evangelium,
1787 2734 2135 2789 orationibus

552 2833 608 2883 et
633 2827 893 2899 lacrymis
921 2827 1146 2882 illaesam
1177 2826 1402 2881 domum
1427 2825 1686 2881 servavit.
1716 2824 2138 2896 Sequentianno

552 2930 678 2975 cum
714 2918 895 2990 pictor
923 2919 1144 2991 quidem
1175 2919 1401 2991 pingere
1448 2918 1791 2975 Salvatorcm
1830 2917 2134 2975 secundum

553 3013 967 3071 similitudinem
986 3011 1139 3068 Jovis
1170 3009 1899 3084 pratsumpsisset,'arefacta
1917 3018 2001 3067 est
2016 3024 2136 3065 ma-

557 3118 662 3163 nus
687 3108 839 3178 ejus;
870 3123 1031 3178 quem
1064 3113 1347 3178 peccatum
1372 3121 1534 3162 suum
1573 3105 1889 3163 confessum
1918 3105 2137 3162 sanavit

555 3198 903 3259 Gennadius.
924 3202 1093 3257 Aiunt
1116 3201 1263 3257 enint
1305 3200 1527 3272 quidam
1552 3200 1946 3257 historicorum
1988 3197 2134 3270 quod

556 3299 753 3367 crispis
787 3306 841 3352 et
879 3297 1021 3352 raris
1046 3297 1262 3367 capillis
1290 3297 1513 3352 schema
1559 3294 1615 3350 in
1648 3294 1935 3350 Salvatorc
1964 3292 2138 3363 magis

554 3392 915 3447 vernaculum
970 3391 1066 3446 sit.
1110 3388 1217 3445 Per
1269 3388 1414 3445 idem
1447 3397 1663 3458 tempus
1690 3386 1800 3463 Leo
1836 3387 2138 3459 imperator

556 3484 835 3541 Zenonem
860 3501 1120 3556 generum
1149 3498 1310 3541 suum
1337 3481 1719 3554 magistratum
1737 3482 1905 3538 totius
1944 3480 2139 3537 Orien-

558 3579 630 3635 tis
652 3578 802 3644 fecit,
821 3588 875 3635 et
896 3577 1223 3634 Basiliscum
1239 3577 1475 3633 fratrem
1500 3574 1720 3631 Verinae
1741 3577 2000 3646 Augustae
2027 3590 2141 3628 nta-

557 3673 842 3742 gistratum
876 3671 1106 3727 Thracae
1144 3668 1453 3728 constituit.
1489 3668 1640 3725 Zeno
1695 3676 1881 3723 autem
1912 3666 2141 3723 veniens

558 3766 905 3823 Antiochiam
958 3766 1168 3820 invenit
1192 3764 1511 3835 episcopum
1531 3762 1585 3818 in
1611 3776 1672 3819 ea
1696 3776 1914 3818 sacrum
1938 3760 2140 3833 Marty-

563 3862 727 3915 rium.
756 3859 953 3916 Petrus
974 3870 1155 3914 autem
1171 3857 1461 3929 Cnapheus
1483 3856 1818 3927 sequebatur
1839 3852 2139 3919 Zenonem,

561 3970 688 4011 cum
732 3963 877 4011 esset
930 3954 1245 4027 presbyter;
1298 3952 1394 4024 qui
1447 3937 1787 4023 persuadens
1848 3948 2051 4005 Zenoni
2081 3956 2141 4002 ut

562 4050 665 4103 sibi
683 4052 1078 4119 cooperaretur
1105 4045 1172 4101 ad
1190 4043 1574 4113 conducendos
1600 4042 1852 4099 mercede
1868 4042 2139 4113 quosdam

560 4139 884 4213 Apollinarii
926 4147 1247 4205 sectatores,
1280 4137 1653 4193 turbationum
1680 4136 1821 4191 dena
1848 4130 2014 4190 millia
2048 4150 2143 4190 ex-

561 4237 698 4292 citat
731 4242 924 4291 contra
973 4232 1131 4290 fidem
1174 4240 1229 4287 et
1285 4230 1607 4305 Martyrium
1670 4230 2030 4303 episc0pum;
2088 4235 2143 4285 et

564 4327 1108 4384 anathetnatizatcos
1124 4327 1218 4397 qui
1253 4338 1358 4382 non
1389 4326 1580 4381 dicunt
1605 4323 1774 4381 Deum
1812 4323 2140 4379 crucifixum

563 4437 708 4489 esse,
740 4427 796 4477 et
816 4420 1074 4477 scindens
1116 4419 1374 4491 pupulum
1420 4417 1831 4473 Antiocltenum
1888 4416 2038 4471 addit
2086 4417 2141 4470 in

567 4516 799 4590 trisagio‘
848 4514 1051 4589 hymno
1087 4514 1235 4583 :Qui
1289 4513 1579 4583 cruciﬁxus
1644 4530 1697 4566 es
1758 4522 1973 4583 propter
2021 4528 2140 4566 nos.

2229 1985 2283 2041 in
2314 2001 2417 2053 me,
2456 1999 2514 2043 ut
2544 2004 2747 2043 mecum
2795 1988 3110 2058 judicabat.
3134 1987 3349 2057 Quibus
3394 1990 3598 2046 auditis
3621 1990 3833 2047 concio

2228 2078 2476 2137 laudarit
2522 2080 2912 2153 imperatorem
2943 2122 2958 2148 ,
3010 2098 3122 2154 quo
3172 2092 3464 2153 comperto
3516 2084 3830 2155 imperator

2229 2178 2449 2249 gavisus
2476 2187 2563 2235 est
2598 2186 2654 2232 et
2680 2177 2894 2233 dimisit
2923 2193 3047 2246 eum
3090 2178 3145 2233 in
3184 2178 3460 2251 regionem
3495 2192 3681 2235 suam.

2302 2268 2492 2326 Mundi
2508 2284 2655 2325 anno
2675 2268 2842 2334 5965,
2864 2269 3065 2326 divinae
3090 2269 3496 2326 incarnationis
3526 2286 3678 2329 anno
3699 2270 3830 2337 463,

2230 2378 2360 2420 cum
2388 2362 2634 2419 Eudoxia
2672 2363 2854 2436 neptis
2888 2362 3185 2421 Theodosii
3216 2363 3496 2421 sexdecim
3546 2378 3735 2422 annos
3770 2365 3830 2420 in

2233 2455 2416 2512 Africa
2439 2472 2561 2511 cum
2597 2456 2716 2513 viro
2761 2473 2864 2514 suo
2908 2455 3186 2514 Honoricu
3231 2458 3483 2524 fecisset,
3507 2464 3562 2514 et
3589 2463 3831 2530 puerum

2234 2547 2572 2604 Gildericum
2623 2565 2687 2605 ex
2751 2548 2876 2621 ipso
2933 2550 3243 2622 genuisset,
3277 2548 3497 2605 difﬁcile
3545 2548 3833 2605 ferebatur

2235 2657 2363 2715 erga
2396 2642 2687 2708 maritum,
2712 2659 2844 2699 eum
2895 2651 3045 2698 esset
3071 2642 3335 2699 Arianus.
3366 2641 3525 2699 Unde
3561 2640 3716 2697 aditu
3747 2640 3832 2697 inc

2235 2744 2401 2793 vento
2429 2736 2556 2807 fuga
2595 2735 2756 2808 lapsa
2805 2736 2959 2792 venit
2988 2734 3455 2809 Hierosolymam,
3490 2744 3551 2792 et
3576 2733 3834 2792 adoratis

2237 2827 2654 2885 venerabilibus
2687 2827 2847 2893 locis,
2877 2827 3231 2899 Salutatoque
3273 2827 3535 2899 sepulcro
3566 2825 3831 2883 Eudocite

2237 2923 2376 2979 avize
2429 2937 2563 2989 suae,
2628 2937 2693 2977 ac
2757 2921 2950 2993 paucis
2979 2920 3177 2978 diebus
3207 2921 3268 2976 in
3302 2928 3501 2978 saneta
3541 2919 3833 2975 demorata

2237 3016 2483 3084 civitate,
2517 3025 2736 3069 mortua
2768 3027 2854 3071 ρει
2889 3014 2945 3069 in
2972 3028 3130 3086 pace,
3163 3012 3425 3071 omnibus
3468 3018 3678 3069 sancta:
3724 3010 3835 3069 Be-

2239 3107 2568 3164 surrectioni
2595 3107 2864 3163 dimissis.

2310 3202 2499 3261 Mundi
2524 3218 2670 3259 anno
2700 3201 2862 3269 5967,
2884 3202 3087 3258 divina:
3108 3201 3511 3259 incarnationis
3535 3215 3680 3256 anno
3699 3200 3831 3265 461,

2238 3298 2543 3356 Basiliscus
2560 3298 2841 3368 in'Cantpn
2860 3297 3199 3352 acclamatur
3226 3296 3543 3367 imperator.
3578 3292 3834 3350 Marcum

2240 3393 2413 3449 ﬁlium
2446 3392 2720 3449 Caesarem
2788 3391 2936 3458 fecit,
2974 3397 3028 3447 et
3062 3389 3361 3446 Zenobiam
3395 3400 3622 3444 uxorem
3668 3400 3833 3443 suam

2239 3489 2546 3558 Augustam
2585 3485 2898 3552 coronavit,
2928 3492 2983 3541 et
3021 3485 3207 3540 statim
3246 3494 3440 3538 contra
3469 3481 3631 3538 fidem
3682 3494 3836 3552 pra-

2241 3582 2406 3639 liatus
2441 3589 2546 3647 est,
2581 3579 3073 3636 Zenobiatnaxime
3096 3580 3364 3634 incitante
3386 3578 3541 3633 illurn
3562 3576 3628 3631 ad
3654 3575 3834 3638 istud,

2243 3673 2703 3746 Timetheumque
2742 3671 3004 3729 llelurum
3061 3672 3340 3728 remeavit
3398 3686 3496 3743 per
3525 3678 3741 3743 typum,
3778 3675 3836 3725 et

2243 3766 2463 3824 Petrum
2490 3767 2771 3837 Cnaphea,
2828 3766 2920 3837 qui
2960 3766 3271 3821 absconsus
3296 3775 3413 3821 erat
3451 3763 3507 3821 ia
3550 3771 3836 3818 monastew

2243 3860 2328 3915 rio
2365 3860 2855 3915 Acoemctensium.
2885 3857 2952 3913 Et
2978 3864 3253 3930 quotquot
3279 3857 3370 3911 alii
3404 3854 3614 3911 inimici
3646 3852 3835 3910 sancti

2244 3951 2718 4009 Chalcedonensis
2768 3962 2929 4009 erant
2974 3951 3222 4020 concilii,
3256 3949 3586 4007 ﬁducialiter
3634 3957 3831 4005 contra

2246 4047 2531 4103 veritatem
2556 4048 2815 4119 agebant.
2855 4046 3091 4102 llelurus
3122 4053 3305 4102 autem
3356 4042 3703 4117 congregatis
3740 4043 3831 4098 in-

2244 4140 2449 4213 quietis
2470 4141 2785 4211 quibusque
2804 4140 3215 4206 Alexandrinis,
3233 4139 3328 4211 qui
3350 4134 3829 4205 ConstantinOpoli

2246 4234 2758 4307 peregrinabantur,
2799 4234 2867 4289 de
2920 4232 3125 4305 palatio
3178 4247 3303 4289 cunt
3340 4230 3530 4286 litania
3585 4229 3741 4285 venit
3774 4226 3830 4281 in

2246 4326 2560 4394 ecclesiam,
2603 4332 2795 4382 vectus
2836 4324 3032 4391 asino;
3066 4322 3163 4396 qui
3199 4322 3530 4394 perveniens
3564 4320 3620 4375 in
3648 4320 3829 4376 locum

2245 4417 2338 4490 qui
2370 4418 2576 4475 dicitur
2599 4418 2942 4490 Octagonus,
2977 4430 3354 4489 expavescens
3394 4414 3588 4485 pedem
3621 4410 3830 4467 contri-

2248 4512 2346 4577 rit,
2400 4521 2452 4567 et
2502 4526 2627 4566 cum
2678 4510 3007 4567 confusione
3052 4523 3313 4565 reversus
3361 4513 3469 4563 est.
3528 4504 3829 4561 Basiliscus

568 4584 734 4682 Quod
751 4625 815 4665 ex
837 4584 968 4664 tunc
984 4608 1255 4679 hodieque
1278 4607 1422 4678 apud
1442 4606 1873 4677 'fheopascltitas
1906 4605 2016 4660 dici
2043 4605 2143 4661 ob-
2169 4605 2225 4665 D
2250 4606 2397 4663 hunc
2425 4605 2813 4663 Alexandriam
2865 4619 2991 4661 cutn
3030 4604 3173 4676 typis
3209 4609 3403 4659 contra
3428 4584 3699 4673 synodum
3726 4594 3830 4650 nti-

566 4704 750 4760 titruit.
804 4700 1101 4774 Martyrius
1153 4710 1331 4757 autem
1371 4698 1440 4754 ad
1480 4698 1719 4753 Leonem
1753 4698 2139 4768 imperatorem

565 4797 734 4862 venit,
762 4804 819 4852 et
852 4801 1143 4865 susceptus
1165 4799 1248 4849 est
1298 4806 1422 4847 cum
1457 4791 1694 4846 honore'
1722 4792 1918 4854 multo,
1960 4788 2143 4845 studio

564 4889 832 4945 Gennadii
855 4887 1096 4961 episcopi
1116 4882 1689 4958 Con‘stautinopOIeos.
1708 4883 1943 4940 Rediens
1962 4891 2143 4939 autent

567 4984 937 5047 Antiochiam.
966 4990 1022 5040 et
1040 4984 1328 5040 inveniens
1351 4982 1585 5055 pepulos
1610 4982 1944 5037 dissidentes
1969 4979 2146 5037 Zeno-

565 5093 803 5151 nemque
831 5078 919 5135 his
945 5078 1451 5144 faventem,coram
1495 5075 1730 5131 ecclesia
1789 5072 2151 5131 abrenuntia-

566 5173 641 5227 vit
664 5171 1030 5243 episcopatui,
1062 5173 1292 5226 dicens:
1326 5166 1480 5225 Claro
1511 5186 1614 5224 non
1637 5169 1847 5224 subdito
1875 5178 1925 5223 et
1954 5167 2150 5238 populo

565 5268 848 5322 dissidenti
885 5280 935 5322 et
984 5267 1219 5323 ecclesia:
1248 5257 1511 5337 squalenti
1561 5265 1899 5330 abrenmttio,
1930 5280 2149 5320 amens

569 5361 806 5419 mihimet
834 5356 1124 5419 sacerdotii
1181 5362 1516 5433 dignitatem.
1547 5361 1668 5428 Quo
1709 5357 2148 5415 discedente‘l’e—

570 5466 691 5512 trus
722 5453 1013 5524 Cnapheus
1044 5455 1097 5509 iu
1152 5457 1410 5509 thronum
1440 5451 1873 5510 Alexandrinum
1930 5452 2147 5522 insiliit,

570 5556 625 5606 et
653 5563 777 5604 mox
811 5546 1078 5604 Joannem
1119 5562 1340 5617 quoque
1364 5547 1640 5617 promovit
1669 5546 2015 5615 Apatnenunr
2036 5546 2148 5616 epi-

570 5656 820 5713 scopum,
857 5642 949 5710 qui
986 5647 1107 5696 erat
1163 5655 1227 5696 ex
1282 5640 1651 5712 depositione.
1689 5638 1787 5695 His
1833 5653 1964 5694 vero
1999 5653 2152 5693 eom-

572 5734 741 5807 pertis
799 5733 1117 5790 Gennadius
1178 5741 1373 5789 cuncta
1433 5732 1749 5804 imperatori
1802 5732 2047 5803 exponit,
2096 5741 2150 5788 et

567 5826 726 5893 jubet
784 5824 1003 5881 Petrum
1062 5823 1321 5896 Cnaphea
1370 5824 1639 5879 exsiliari.
1709 5822 1865 5890 Quod
1918 5823 2149 5879 audiens

574 5921 766 5978 Petrus
804 5920 1057 5977 exsilium
1107 5920 1235 5991 fuga
1270 5919 1463 5976 eYasit.
1508 5918 1785 5974 l'ileetione
1836 5932 1971 5973 vero
1997 5932 2150 5972 com~

2250 4702 2346 4767 sit,
2373 4710 2426 4767 et
2451 4699 2674 4755 Petrum
2697 4698 2957 4771 Cnapltea
2986 4694 3358 4763 Antiochiam,
3389 4701 3582 4751 contra
3630 4688 3835 4746 verita—

2253 4800 2361 4848 tem
2396 4792 2716 4848 confortans
2750 4798 3066 4861 utrttmque.
3112 4788 3441 4845 Timotheus
3466 4782 3830 4842 autem-Salo-

2254 4888 2540 4961 phaeialus
2567 4885 2857 4958 episcOpus
2899 4883 3330 4948 Alexandrinus,
3369 4878 3720 4950 comperiens
3743 4875 3832 4932 Ti-

2253 4979 2535 5033 motheum
2568 4974 2833 5033 Helurunt
2856 4976 3137 5045 advenire,
3152 4977 3385 5031 recessit
3412 4972 3481 5029 ad
3501 4965 3832 5028 monasteria

2251 5072 2482 5144 Canopi.
2517 5069 2704 5126 Multis
2734 5082 2915 5127 autem
2950 5070 3168 5127 aﬂlictis
3212 5067 3450 5125 Helurus
3480 5064 3829 5122 Timotheum

2256 5166 2448 5222 laedere
2484 5180 2595 5220 non
2636 5165 2829 5228 valuit,
2854 5179 2918 5219 eo
2939 5162 3086 5235 quod
3108 5160 3432 5233 diligeretur
3459 5160 3529 5214 ab
3554 5159 3831 5214 omnibus.

2254 5259 2503 5330 Cumque
2543 5255 2924 5330 ingrederetur
2963 5254 3205 5313 llelurus
3233 5252 3650 5320 Alexandri-tm,
3687 5250 3833 5307 voci-

2256 5354 2578 5409 ferabantur
2630 5351 2866 5407 studiosi
2922 5349 3079 5422 ejus,
3142 5348 3279 5404 illud
3332 5354 3495 5418 turpe
3537 5346 3829 5404 dicentes:

2257 5448 2464 5504 Cibasti
2496 5446 2743 5502 inimicos
2776 5454 2917 5511 tum,
2948 5461 3113 5515 papa.
3150 5443 3249 5499 Ast
3300 5441 3613 5498 sceleratus
3642 5448 3830 5495 contra

2257 5541 2530 5607 clamabat
2565 5558 2580 5595 :
2617 5538 2799 5594 Etiam
2846 5554 2964 5595 vere
3026 5536 3218 5593 cibari.
3256 5535 3362 5591 Hic
3417 5534 3621 5606 impius
3672 5533 3831 5587 etiam

2256 5634 2704 5690 Chalcedonense
2730 5632 3027 5689 concilium
3055 5628 3572 5688 anatltetnatizabat.
3589 5627 3832 5683 Julianus

2261 5738 2442 5785 autem
2478 5728 2855 5785 Antiochenus
2885 5728 3178 5801 episcopus
3215 5740 3327 5798 pm
3361 5723 3585 5780 tristitia
3643 5732 3830 5779 eorum

2258 5838 2381 5893 qua:
2418 5822 2622 5876 fiebant
2657 5821 2952 5877 defunctus
2983 5830 3089 5876 est.
3126 5817 3320 5874 Petrus
3340 5825 3524 5873 autem
3547 5815 3831 5888 Cnapheus

2260 5917 2323 5973 ad
2356 5918 2537 5975 sedent
2574 5917 2901 5989 perveniens
2935 5916 2990 5971 in
3033 5915 3380 5971 anathemata
3414 5920 3468 5969 et
3501 5910 3828 5968 turbatione!
