4034 6298
267 393 395 458 121.7

1043 393 1417 455 HISTORIA
1450 393 2032 465 ECCLESIASTICA
2071 394 2173 453 EX
2203 391 2684 456 THEOPHANE.

3385 389 3524 458 1238

259 511 461 581 erupit.
511 507 651 566 [line
684 509 862 566 caedes
912 509 1198 566 hominum
1232 520 1287 568 et
1345 512 1555 583 rapinze
1611 520 1843 584 propter
1875 518 1919 576 Α
1949 512 2262 582 dogmatum
2323 519 2722 584 propugnator,
2785 510 2876 582 qui
2951 508 3128 565 fuerat
3178 509 3533 568 Alexandriae

264 603 699 659 additamentum
737 603 948 675 trisagii
995 604 1157 659 facta:
1204 613 1356 661 sunt.
1386 605 1658 661 Prreterea
1692 605 1850 660 Basi-

263 697 432 750 liscus
462 704 591 767 typo
619 695 861 766 generali
907 695 1361 754 Chalcedonense
1411 699 1613 768 abjecit
1665 700 1850 755 conci-

265 791 415 855 lium,
440 790 644 860 jnbens
673 791 876 846 Acacio
932 791 1547 863 Constantinopolitano
1579 794 1632 848 id
1667 794 1846 864 ipsum

264 883 447 939 facere
481 884 617 939 :sed
659 888 772 940 tota
822 885 1016 941 civitas
1053 900 1180 940 cum
1221 886 1547 942 mulieribus
1574 895 1627 942 et
1660 887 1850 942 liberis

266 979 319 1033 in
395 978 688 1034 ecclesiam
750 986 940 1034 contra
992 978 1323 1036 Basiliscum
1371 980 1710 1036 conveniens
1739 980 1848 1036 hoc

264 1073 382 1127 fieri
423 1077 616 1128 vetuit.
644 1074 813 1128 Porro
847 1074 996 1130 clero
1040 1082 1094 1129 et
1123 1074 1409 1133 monachis
1453 1075 1848 1132 Constantino-

265 1165 531 1234 politanis
567 1181 663 1236 pro
692 1164 1131 1223 Chalcedonensi
1186 1168 1400 1240 synodo
1453 1169 1848 1240 propugnanti-

265 1259 392 1324 bus,
417 1261 618 1314 timens
647 1258 882 1316 Aeacius
920 1259 1329 1322 multitudinem
1365 1278 1488 1318 eum
1513 1264 1592 1319 eis
1620 1278 1849 1320 concor-

265 1354 397 1408 dare
427 1350 757 1420 simulabat;
799 1353 944 1408 unde
971 1368 1159 1409 coram
1194 1354 1428 1411 amboue
1468 1364 1656 1411 contra
1691 1356 1846 1414 Basi-

266 1447 462 1502 liscum
492 1455 548 1503 et
582 1447 858 1504 Zenonem
918 1448 1281 1504 acclamabat.
1312 1447 1617 1505 Basiliscus
1663 1459 1846 1506 autem

267 1540 567 1610 compertis
602 1541 710 1607 his,
740 1549 990 1600 metuens
1023 1541 1297 1598 fervorem
1343 1542 1541 1614 plebis,
1567 1558 1599 1599 e
1627 1543 1848 1600 civitate

266 1631 420 1696 exiit,
461 1632 664 1702 jubens
691 1633 906 1689 senatui
967 1633 1244 1690 neminem
1294 1634 1440 1706 loqui
1467 1649 1592 1692 eum
1625 1635 1845 1690 Acacio.

271 1724 535 1778 Futurum
573 1727 718 1780 enim
752 1734 872 1781 erat
907 1734 966 1781 ut
1007 1729 1245 1798 populus
1289 1728 1607 1785 incenderet
1632 1730 1846 1785 urbem.

265 1817 457 1873 Daniel
490 1828 671 1875 autem
701 1820 973 1877 mirabilis
997 1822 1212 1892 stylites
1231 1824 1534 1894 assumptis
1563 1823 1850 1878 monachis

269 1921 322 1965 et
347 1914 527 1982 populi
556 1914 970 1970 amulatoribus
1021 1915 1191 1971 exivit
1249 1923 1444 1972 contra
1496 1916 1848 1981 Basiliscum,

269 2013 321 2058 et
357 2004 407 2058 ei
456 2019 582 2059 cum
640 2006 811 2062 multa
854 2005 1054 2062 tiducia
1091 2007 1415 2079 disputavit.
1467 2007 1675 2076 Interea
1703 2007 1851 2065 Zeno

270 2111 392 2149 cum
419 2094 675 2152 Areadne
734 2096 800 2151 ad
852 2098 1054 2168 regiam
1081 2099 1404 2170 perveniens
1437 2100 1625 2155 urbem
1661 2115 1854 2156 susce-

271 2197 394 2258 ptus
421 2200 504 2244 est
526 2206 554 2243 a
577 2191 777 2261 populo
796 2205 859 2245 ac
884 2200 1102 2246 senatu.
1131 2190 1437 2250 Basiliscus
1460 2207 1592 2248 vero
1626 2194 1851 2250 veniens

269 2282 335 2336 ad
369 2283 685 2347 ecclesiam,
719 2284 986 2354 imperiali
1019 2284 1266 2356 deposita
1325 2285 1380 2340 in
1425 2285 1608 2340 divina
1665 2301 1854 2340 mensa

269 2392 497 2443 corona,
554 2377 620 2432 ad
687 2377 1073 2449 baptisterium
1137 2377 1389 2449 confugit
1441 2394 1564 2433 cum
1613 2378 1854 2434 Zenobia

275 2470 429 2525 mala:
492 2469 772 2542 opinionis
827 2487 998 2527 uxore
1046 2486 1167 2528 sua.
1213 2462 1398 2527 Ῥοττο
1438 2471 1585 2528 Zeno
1633 2471 1853 2528 Petrum

269 2562 528 2634 Cnaphea
592 2564 791 2618 avertit
837 2579 902 2619 eo
953 2565 1100 2636 quod
1156 2563 1425 2622 Basilisco
1483 2567 1852 2622 concurrerit.

272 2653 499 2709 Decreto
535 2665 717 2709 autem
760 2654 1059 2711 Orientalis
1113 2655 1307 2728 synodi
1351 2655 1636 2727 depositus
1664 2665 1766 2721 est,
1801 2665 1856 2712 et

270 2763 390 2799 cum
421 2762 486 2801 eo
507 2745 771 2814 Joannes,
830 2748 921 2819 qui
950 2757 1074 2819 post
1103 2750 1322 2805 tertium
1370 2765 1612 2806 mensem
1647 2751 1855 2822 ejectus

268 2848 374 2903 est,
426 2848 481 2895 et
539 2851 664 2912 post
725 2857 850 2898 eum
890 2842 1205 2914 Stephanus
1264 2843 1348 2897 vir
1396 2843 1725 2899 venerabilis
1771 2855 1856 2900 est

272 2930 574 2985 Antiochia
598 2941 896 3002 provectus
919 2933 1237 3004 episcopus.
1285 2930 1480 2988 Petrus
1506 2943 1684 2987 autem
1713 2933 1854 3004 apud

273 3022 586 3095 Pityussam
643 3025 699 3080 in
765 3026 1020 3082 exsilium
1085 3025 1375 3089 ducturus,
1403 3026 1496 3081 sed
1555 3026 1856 3083 educentes

273 3117 578 3188 decipiens,
642 3118 894 3189 confugit
950 3120 1016 3176 ad
1080 3129 1331 3177 sanctum
1359 3120 1710 3177 Theodorum
1747 3120 1857 3176 Eu-

1952 605 2236 676 presbyter
2265 615 2319 661 et
2357 621 2678 662 ceconomus
2709 605 2976 679 ecclesiae.
3003 603 3176 660 Porro
3217 603 3397 661 Hillus
3428 621 3543 676 pas

1955 695 2149 750 tricius
2172 711 2297 750 cum
2330 695 2560 751 Leontio
2604 704 2656 751 et
2698 695 2932 766 reliquis
2956 694 3104 749 venit
3133 694 3199 749 ad
3240 695 3526 751 castellum

1951 789 2192 863 Papyrii,
2223 799 2276 847 et
2295 793 2491 847 educta
2510 791 2709 847 Verina
2736 791 2979 862 Augusta
2997 791 3052 846 in
3070 789 3302 847 Tarsum
3320 790 3534 846 Cilicia:-

1951 882 2080 940 fecit
2103 899 2227 938 eum
2250 885 2501 940 coronari
2529 894 2684 939 extra
2716 884 2994 941 civitatem
3023 885 3163 954 apud
3194 885 3251 939 S.
3280 883 3523 939 Petrum.

2025 977 2244 1035 Decimo
2281 988 2541 1050 praeterea
2567 979 2807 1036 Zenonis
2839 996 2984 1035 anno
3015 980 3161 1036 Petri
3191 980 3359 1052 Moggi
3396 995 3529 1050 spu-

1952 1073 2126 1128 dastae
2152 1089 2246 1144 per
2300 1062 2589 1144 pecuniam
2639 1083 2694 1128 et
2748 1073 3096 1129 scductiones
3134 1081 3547 1144 persuaserunt

1953 1165 2158 1222 Zenoni
2197 1165 2678 1236 ejicereloanuem
2706 1167 3151 1222 Tabeunesioten
3198 1165 3527 1220 Alexandri-

1952 1274 2083 1314 num
2115 1261 2430 1330 episcopum
2463 1271 2722 1331 tanquam
2749 1269 2946 1330 praeter
2976 1269 3158 1314 votum
3184 1259 3303 1330 ejus
3334 1274 3530 1314 conse-

1952 1360 2186 1417 cratum,
2221 1351 2512 1408 etPetrum
2550 1351 2802 1424 Moggnm
2856 1352 3055 1409 iterum
3109 1353 3372 1408 reducere
3405 1351 3532 1407 Alc-

1954 1445 2260 1502 xandriam.
2287 1443 2442 1500 Tunc
2470 1455 2523 1502 et
2546 1448 2820 1502 erraticum
2855 1445 2983 1502 fecit
3017 1446 3186 1512 Zeno,
3223 1456 3281 1504 ut
3306 1446 3526 1518 quidam

1956 1536 2129 1604 aiunt,
2160 1538 2227 1594 ab
2257 1540 2458 1595 Aeaeio
2490 1539 3104 1610 Constantinopolitano
3154 1539 3442 1606 dictatum,
3478 1547 3531 1593 et

1955 1630 2157 1701 ubique
2189 1632 2512 1689 transmisit.
2553 1633 2716 1690 Petro
2740 1642 2921 1689 autem
2946 1633 3135 1705 Illoggo
3158 1642 3283 1689 ante
3317 1649 3531 1705 regres-

1955 1740 2074 1780 sum
2110 1726 2229 1797 ejus
2264 1726 2317 1781 in
2373 1727 2760 1782 Alexandriam
2808 1728 2976 1799 jussit
3010 1727 3156 1784 Zeno
3225 1728 3532 1783 communi-

1954 1832 2079 1874 care
2102 1818 2386 1890 Simplicio
2409 1821 2660 1876 Romano
2686 1829 2849 1892 atque
2875 1821 3100 1888 Acacio,
3138 1820 3254 1891 qui,
3278 1822 3534 1876 videlicet

1954 1910 2210 1976 Aeacius,
2243 1912 2468 1982 scripsit
2516 1911 2906 1968 Alexandrinis
2965 1912 3248 1983 suscipere
3281 1910 3532 1982 Moggum

1957 2009 2010 2057 et
2041 1999 2308 2058 Joannem
2379 2004 2640 2075 abjieere.
2695 2003 2935 2060 Joannes
2971 2019 3101 2060 vero
3141 2003 3327 2060 audita
3376 2004 3528 2060 Petri

1958 2098 2418 2166 praesentiaJicet
2459 2099 2641 2155 clerus
2665 2115 2789 2155 cum
2822 2101 3024 2170 populo
3045 2099 3194 2156 exire
3217 2102 3367 2155 illum
3407 2117 3537 2173 pro-

1958 2190 2164 2248 hiberet
2179 2233 2193 2256 ,
2215 2208 2337 2263 quae
2356 2193 2732 2263 prmsumenda
2752 2203 2906 2250 erant
2921 2211 2950 2249 a
2971 2194 3131 2250 Petro
3153 2195 3533 2261 considerans,

1959 2284 2238 2354 sapienter
2262 2295 2312 2340 et
2350 2285 2469 2339 sine
2510 2286 2824 2341 turbatione
2859 2286 3112 2342 recessit.

2031 2377 2214 2432 Mundi
2247 2392 2389 2432 anno
2423 2377 2583 2444 5972,
2611 2377 2807 2432 divina:
2825 2377 3224 2434 incarnationis
3252 2392 3392 2433 anno
3409 2375 3535 2440 472.

1959 2469 2334 2526 Theodericus
2369 2468 2638 2538 Valamer,
2674 2471 2834 2541 cujus
2858 2471 3063 2527 multus
3091 2470 3236 2526 inter
3262 2469 3543 2526 Barbaros

1959 2573 2012 2619 et
2040 2563 2317 2621 Romanos
2368 2571 2453 2619 est
2509 2579 2689 2620 sermo
2748 2573 2938 2635 utpote
2997 2564 3157 2620 fortis
3195 2572 3249 2620 et
3300 2563 3544 2635 providi,

1959 2659 2051 2712 sed
2105 2672 2205 2712 nec
2262 2657 2540 2713 rationum
2607 2659 2930 2729 inexpertis,
2993 2672 3161 2729 penes
3214 2656 3535 2728 Byzantium

1960 2751 2159 2821 quippe
2193 2750 2355 2806 obses
2395 2751 2672 2820 quondam
2705 2749 3209 2819 traditus,optimis
3244 2750 3536 2820 magistro-

1959 2860 2079 2898 rum
2101 2843 2364 2922 .adhazsit,
2393 2859 2518 2898 cum
2555 2852 2709 2914 pater
2738 2844 2890 2899 solus
2931 2842 3180 2899 Valamer
3201 2852 3324 2914 post
3353 2843 3535 2898 Attilae

1961 2937 2099 2993 filios
2129 2937 2236 2992 dux
2260 2947 2427 3004 esset,
2457 2938 2558 2993 sub
2586 2937 2787 2993 Leonis
2812 2938 3065 3009 imperio,
3092 2938 3414 2994 Gothorum.
3445 2937 3538 2993 lu-

1959 3031 2429 3089 tereaOrientales
2450 3031 2691 3103 episcopi
2715 3032 2988 3104 scripsere
3020 3032 3223 3087 Acacio
3255 3031 3534 3101 vitupera-

1961 3127 2138 3182 tiones
2160 3142 2224 3182 eo
2249 3125 2396 3198 quod
2421 3126 2686 3197 receperit
2706 3125 2956 3198 Moggum
2983 3126 3036 3180 in
3068 3126 3536 3190 communionem;

275 3211 664 3268 chaitensium.
694 3212 1018 3270 Timotheus
1052 3222 1236 3270 autem
1288 3213 1527 3272 llelnrus
1577 3217 1718 3271 inter
1739 3215 1855 3271 [nec
1883 3241 1922 3296 ε
1960 3222 2051 3292 qui
2088 3221 2490 3292 parvipendens
2539 3235 2634 3275 eos
2687 3235 2878 3276 onmes
2910 3219 3255 3289 impudenter
3293 3235 3541 3275 commu-

274 3305 530 3372 moritur,
572 3323 671 3379 pro
702 3323 813 3379 quo
842 3310 1039 3364 Petrus
1083 3308 1309 3380 Moggus
1342 3309 1738 3375 introducitur,
1768 3310 1855 3364 vir

277 3398 548 3469 malignus
581 3409 635 3455 et
689 3400 945 3456 veritatis
977 3400 1260 3466 inimicus,
1289 3402 1380 3472 qui
1405 3401 1518 3473 jam
1571 3402 1856 3470 depositus

275 3489 472 3546 fuerat.
504 3490 874 3548 Consecratur
895 3500 1077 3547 autem
1115 3492 1182 3546 ab
1206 3509 1314 3547 uno
1347 3493 1631 3566 episcopo,
1655 3503 1707 3550 et
1736 3493 1856 3564 ipso

275 3583 556 3655 deposito;
608 3583 661 3639 in
699 3600 861 3654 quem
895 3586 1173 3640 irruentes
1201 3600 1299 3656 per
1338 3585 1512 3641 zelum
1544 3585 1636 3641 Dei
1668 3603 1859 3644 mona—

274 3678 360 3730 chi
388 3678 609 3748 triginta
644 3678 777 3734 solis
803 3677 995 3734 diebus
1027 3677 1427 3733 latrocinaliter
1451 3695 1573 3732 eum
1606 3681 1859 3736 obtinen-

275 3778 383 3824 tem
420 3772 802 3841 episcopatum
867 3771 1160 3841 repellunt,
1186 3777 1240 3826 et
1270 3769 1623 3827 Timotheum
1657 3773 1856 3829 iterum

276 3861 719 3936 Salaphaeialum
765 3863 891 3934 jure
931 3863 1130 3919 throno
1194 3863 1514 3919 restituunt.
1547 3864 1859 3937 Stephanus

275 3962 484 4014 interea
525 3959 796 4015 electione
827 3942 1105 4014 communi
1141 3965 1435 4028 provectus
1463 3959 1528 4014 ad
1564 3962 1862 4020 Antioche-

277 4068 407 4108 num
470 4053 849 4123 episcopatum
908 4067 940 4107 a
996 4049 1142 4108 Petri
1209 4049 1453 4120 Cnaphei
1528 4055 1861 4125 sequacibus

277 4148 433 4216 quasi
487 4146 848 4204 Nestorianus
898 4148 1228 4203 criminatus
1270 4154 1353 4201 est
1387 4147 1528 4216 apud
1563 4148 1860 4207 Zenonem.

277 4241 384 4298 Sed
420 4243 566 4297 hunc
593 4240 890 4298 Orientalis
915 4241 1163 4315 synodus
1195 4239 1338 4312 apud
1368 4239 1692 4299 Laodiceam
1730 4259 1864 4301 con-

280 4335 778 4407 veniensjussione
832 4336 1180 4407 imperatoris
1210 4348 1398 4410 utpote
1428 4336 1716 4394 innoxium
1744 4337 1860 4394 sedi

282 4430 542 4486 restituit.

351 4523 600 4598 Septimo
649 4537 781 4580 vero
845 4523 1195 4595 imperatoris
1254 4524 1495 4582 Zenonis
1544 4539 1709 4591 anno,
1740 4525 1860 4582 Ste-

1959 3315 2146 3374 nicare
2173 3313 2365 3387 Moggo
2415 3324 2605 3370 coacte
2657 3313 2804 3371 fecit.
2851 3315 2920 3370 At
2946 3329 3076 3370 vero
3129 3314 3220 3385 qui
3275 3320 3433 3371 erant
3474 3329 3541 3369 ex

1960 3409 2107 3480 regia
2142 3407 2302 3472 urbe,
2350 3423 2561 3463 necnon
2601 3415 2656 3463 et
2686 3407 2753 3463 de
2817 3405 3061 3471 Oriente,
3097 3406 3377 3478 deprecati
3403 3417 3534 3462 sunt

1958 3499 2194 3557 Felicem
2229 3501 2534 3556 Romanum
2586 3500 2927 3572 episcopum,
2987 3497 3360 3570 signiﬁcantes
3399 3499 3538 3553 Aca-

1960 3594 2106 3650 cium
2137 3609 2260 3648 essc
2293 3594 2564 3648 malorum
2594 3601 2896 3648 auctorem.
2929 3593 3077 3646 Inter
3121 3607 3263 3662 quos
3292 3600 3343 3648 et
3369 3589 3537 3646 Joan»

1962 3704 2058 3745 nes
2098 3687 2499 3744 Alexandrinus
2532 3686 2723 3743 eadem
2755 3685 2944 3742 dicens
2972 3684 3204 3740 Romam
3253 3685 3539 3756 profectus

1960 3789 2064 3837 cst.
2099 3781 2252 3837 Felix
2282 3788 2464 3837 autem
2495 3779 2706 3852 synodo
2735 3779 2792 3834 in
2828 3779 3028 3849 templo
3058 3777 3257 3837 summi
3308 3778 3543 3849 apostoli

1960 3859 2105 3929 Petri
2142 3874 2285 3928 facta
2311 3872 2449 3928 duos
2493 3875 2785 3948 episcopos
2821 3880 2875 3926 et
2902 3870 3162 3927 Ecclesia!
3191 3869 3537 3930 defensorem

1963 3963 2493 4034 Constantinopolim
2524 3965 2694 4031 misit,
2730 3963 2982 4022 scribens
3018 3962 3224 4018 Zenoni
3257 3969 3320 4018 et~
3343 3961 3544 4017 Acacio

1964 4065 2022 4112 ut
2049 4055 2270 4112 Petrum
2297 4058 2552 4130 Moggum
2585 4065 2848 4132 tanquam
2882 4054 3563 4126 liazreticum-ejiceret-ah.

1962 4151 2312 4208 Alexandria.
2343 4149 2602 4222 Sequenti
2647 4167 2775 4208 vero
2828 4166 2974 4206 anno
3022 4151 3108 4210 his
3135 4150 3230 4222 qui
3289 4166 3318 4205 a
3373 4148 3556 4206 Roma»

1964 4246 2119 4310 missi
2157 4247 2375 4302 fuerant
2399 4246 2540 4319 apud
2577 4246 2825 4318 Abydum
2860 4243 3103 4301 Zenonis
3135 4255 3191 4300 et
3235 4245 3421 4301 Acacii
3451 4262 3543 4301 vo-

1963 4338 2174 4394 luatate
2219 4339 2468 4405 retentis,
2532 4339 2841 4410 litterisque
2891 4337 3092 4396 ablatis
3149 4340 3204 4393 iu
3264 4355 3542 4395 carcerem

1965 4433 2174 4500 missis,
2213 4434 2582 4489 comminatus
2640 4443 2724 4489 est
2773 4433 2922 4488 Zeno
2950 4432 3076 4488 illos
3125 4432 3400 4495 occidere,
3439 4432 3545 4487 nisi

1965 4525 2164 4580 Acacio
2185 4537 2239 4582 et
2270 4524 2430 4582 Petro
2454 4525 2644 4598 Moggo
2663 4525 3182 4581 communicassent.
3207 4524 3378 4579 Porro
3399 4524 3546 4581 Zeno

285 4621 462 4691 pbano
495 4617 755 4689 episcopo
785 4617 1132 4674 Antiocheno
1160 4619 1486 4683 dormiente,
1521 4617 1859 4688 Stephanmu
1894 4607 1942 4671 ι)
1967 4615 2199 4673 consilio
2228 4618 2415 4672 Aeaeii
2459 4615 2700 4673 Orientis
2725 4617 3016 4688 episcopos
3036 4617 3261 4687 cogebat
3294 4616 3548 4675 subscri-

287 4727 382 4782 pro
420 4727 490 4770 eo
512 4711 745 4768 alterum
804 4727 1220 4780 consecravere,
1273 4727 1434 4782 quem
1483 4711 1692 4767 inimici
1738 4710 1863 4767 lldei

284 4818 430 4871 voto,
478 4822 588 4877 quo
619 4821 748 4879 erga
802 4806 1061 4877 Cnaphca
1114 4805 1438 4877 flagrabant,
1497 4806 1552 4860 in
1591 4804 1866 4862 natatorio

288 4896 461 4956 sancti
498 4897 755 4968 martyris
785 4895 994 4952 Barlare
1051 4895 1278 4964 calamis
1305 4895 1484 4952 aeutis
1517 4896 1866 4952 trucidantes

288 4988 340 5043 in
391 4986 653 5045 Orontem
713 4989 938 5046 ﬂuvium
992 4990 1294 5062 projecere,
1350 4989 1534 5045 furore
1588 4999 1866 5047 armantes

291 5086 605 5141 amentiam.
629 5085 777 5140 Zeno
795 5094 976 5142 autem
1007 5095 1232 5158 propter
1265 5087 1354 5140 illa
1379 5103 1498 5157 quae
1530 5097 1866 5158 praesumpta

291 5188 416 5236 sunt
455 5182 510 5234 in
537 5180 898 5250 Stephanum,
948 5181 1118 5250 jussit
1172 5180 1371 5236 Acacio
1404 5181 1872 5251 Constantinopo-

290 5274 403 5332 leos
437 5273 757 5344 episcopum
792 5275 1097 5347 Antiochiae
1118 5277 1481 5341 constituere,
1512 5275 1605 5345 qui
1643 5275 1868 5330 ordina-

294 5366 367 5421 vit
397 5364 817 5422 Calandionem.
863 5365 1339 5424 Cousecraverunt
1378 5374 1558 5422 autem
1596 5374 1649 5422 et
1681 5367 1872 5423 Antio-

296 5461 454 5519 ebeni
515 5475 611 5532 per
663 5461 1029 5532 ignorantiam
1095 5461 1400 5527 Joannem,
1448 5461 1542 5532 qui
1585 5460 1873 5516 dicebatur

297 5556 611 5613 Codouatus
638 5574 653 5622 ;
688 5572 850 5627 quem
879 5555 1142 5612 Calandio
1176 5557 1228 5613 in
1259 5555 1487 5629 Tyrum,
1523 5571 1642 5626 qua:
1667 5555 1872 5627 primus

300 5651 530 5706 thronus
557 5657 643 5705 est
671 5648 1027 5705 Antiochense
1054 5649 1380 5717 dimceseos,
1428 5649 1755 5705 translatum
1787 5650 1873 5701 in-

304 5744 660 5802 throuizavit.
699 5744 900 5801 Eodem
929 5761 1074 5800 anno
1100 5752 1153 5800 et
1172 5743 1519 5800 Alexandriae
1555 5742 1875 5798 Timotheus

308 5840 720 5912 Salophacialus
766 5839 1058 5897 defunctus
1129 5849 1232 5904 est,
1290 5846 1343 5892 et
1386 5844 1741 5894 consecratus
1795 5846 1878 5892 est

308 5932 536 5994 loannes
590 5934 1044 6002 Tabeuucsiotes,
1094 5932 1178 5990 vir
1228 5939 1451 5991 sanctus
1507 5939 1560 5988 et
1603 5939 1876 5987 rectorum

1968 4709 2097 4766 bere
2155 4711 2372 4766 enotico
2431 4720 2486 4768 et
2547 4711 2957 4766 communicare
2987 4709 3151 4765 Petro
3196 4709 3406 4784 Moggo.
3442 4709 3550 4767 Re-

1967 4806 2253 4877 sponsalcs
2278 4820 2414 4862 vero
2432 4804 2634 4880 Felicis
2663 4803 2896 4861 Romani
2937 4804 3273 4875 conveniens
3302 4811 3361 4877 et
3385 4822 3551 4877 pecu-

1971 4901 2080 4965 niis
2136 4898 2441 4970 decipiens,
2501 4899 2705 4972 Acacio
2745 4899 3156 4954 communicare
3201 4907 3393 4954 contra
3429 4913 3566 4972 quat»

1972 4993 2074 5049 sibi
2109 4992 2328 5054 fuerant
2354 4994 2617 5067 imperata
2647 4993 2942 5064 persuasit,
2963 5006 3279 5063 quanquam
3311 5003 3550 5048 econtra

1973 5097 2055 5143 ter
2098 5094 2540 5160 contestarentur
2609 5083 2955 5155 orthodoxi,
3021 5083 3258 5154 primum
3327 5083 3560 5155 quidem

1974 5181 2136 5235 hamo
2189 5177 2733 5250 eireumponentibus
2778 5175 2988 5245 funem,
3035 5182 3089 5242 et
3145 5190 3315 5230 unum
3360 5191 3551 5232 eorum

1975 5274 2193 5347 publice
2253 5272 2675 5338 instruentibus,
2703 5269 3009 5327 secundum
3048 5274 3232 5324 autem
3270 5268 3322 5323 in
3353 5269 3553 5325 librum

1976 5368 2346 5428 immiserunt.
2377 5375 2430 5422 et
2457 5367 2681 5422 tertium
2705 5367 2761 5421 in
2794 5363 3093 5435 cophiuum
3137 5360 3349 5418 olerum
3380 5362 3557 5435 impo-

1976 5471 2228 5519 suerunt.
2259 5459 2404 5516 Felix
2434 5469 2614 5516 autem
2656 5458 2956 5532 compertis
3005 5472 3124 5527 quae
3153 5456 3224 5512 ab
3255 5455 3556 5526 apocrisia-

1978 5556 2076 5613 riis
2093 5557 2210 5613 suis
2243 5563 2399 5627 gesta
2425 5562 2576 5620 sunt,
2611 5554 2869 5625 deposuit
2899 5567 3018 5618 eos,
3055 5550 3306 5607 scribens
3358 5550 3555 5606 Acacio

1977 5650 2400 5720 depositionem.
2469 5647 2646 5702 Porro
2698 5647 2746 5700 is
2793 5646 2884 5718 qui
2921 5646 3062 5704 hanc
3103 5643 3558 5712 deferebat,cﬂ’u~

1979 5743 2134 5816 giens
2171 5758 2262 5798 cos
2295 5741 2386 5811 qui
2448 5750 2604 5796 erant
2656 5739 2710 5794 in
2739 5736 2951 5818 Abydo,
2996 5737 3243 5808 pervenit
3270 5735 3336 5791 ad
3365 5751 3558 5790 mona-

1983 5835 2209 5892 sterium
2263 5834 2367 5889 Dii.
2432 5831 2680 5888 Monachi
2747 5845 2875 5888 vero
2907 5830 2988 5885 liii
3057 5828 3342 5884 Dominico
3385 5828 3473 5884 die
3505 5828 3562 5882 in

1984 5929 2226 5984 sacrario
2259 5941 2554 5999 perrexere
2606 5924 2895 5998 epistolam
2952 5922 3174 5979 Acacio.
3230 5921 3330 5977 Ast
3374 5920 3426 5976 hi
3468 5921 3560 5993 qui
