4034 6298
464 373 602 440 1239

1554 371 1951 436 ANASTASII
1997 370 2628 443 BIBLIOTHECARII

3600 366 3743 435 mo

454 503 613 549 erant
642 507 707 548 ex
741 498 892 561 parte
929 491 1112 547 Acacii
1148 501 1492 565 peremerunt
1528 492 1791 563 quosdam
1818 507 1885 548 ex
1929 506 2039 548 mo-
2065 490 2115 551 Î‘
2143 496 2336 553 turbas
2366 499 2699 554 excitantem
2730 498 2951 555 intuens
2974 493 3145 554 sedile
3174 494 3367 565 ipsius,
3417 493 3563 565 quod
3604 502 3735 547 erat

457 586 675 651 nachis,
707 586 800 655 qui
839 585 1128 654 epistolam
1180 586 1468 653 dederant,
1529 584 1803 657 quosdam
1849 592 2034 640 autem

457 680 679 751 puuitos
710 679 919 735 carceri
948 677 1464 737 tradidere.Verum
1493 678 1728 735 Aeacius
1756 676 2036 734 insensate

456 788 515 828 se
539 773 730 828 habuit
755 773 905 828 circa
965 772 1390 844 dispositionem,
1432 788 1743 843 nomenque
1775 770 1973 829 Felicis
2003 784 2035 825 a

454 862 728 935 diptycbis
764 862 1013 919 abstulit.
1029 861 1295 920 Praeterea
1316 862 1578 919 Calandio
1601 865 1896 935 episcopus
1924 862 2037 917 An-

460 955 750 1013 tiochenns
808 957 1108 1029 asportavit
1171 971 1373 1027 corpus
1427 957 1700 1015 Eustathii
1753 956 1939 1029 magni
2004 971 2036 1012 a

456 1043 742 1118 Philippis,
768 1047 858 1104 ubi
885 1055 939 1104 et
964 1047 1161 1104 exsilio
1201 1059 1449 1106 retentus
1478 1048 1797 1113 dormierat,
1829 1056 1883 1104 et
1912 1061 2036 1103 cum

459 1142 668 1196 honore
692 1142 865 1197 multo
897 1142 1024 1198 huic
1049 1142 1261 1199 decimo
1286 1142 1542 1198 milliario
1570 1149 1682 1199 tcta
1711 1141 1908 1199 civitas
1940 1141 2039 1197 ob-

456 1236 597 1288 viam
626 1236 791 1290 venit.
820 1233 884 1289 Hi
916 1250 1044 1292 vero
1072 1236 1164 1307 qui
1190 1250 1251 1293 se
1279 1238 1347 1291 ah
1378 1235 1619 1292 Ecclesia
1650 1242 2037 1306 separaverant

457 1338 680 1399 propter
735 1329 989 1385 eumdem
1037 1340 1309 1398 sanctum,
1340 1345 1534 1386 rursus
1567 1329 1705 1385 uniti
1749 1336 1879 1386 sunt
1911 1335 2037 1401 post

456 1433 679 1483 centum
714 1440 889 1483 annos
914 1426 1260 1485 dormitionis
1281 1429 1420 1499 ejus.
1444 1426 1661 1483 Mortuo
1686 1441 1817 1484 sane
1833 1425 2037 1483 Acacio

460 1535 585 1575 cum
618 1517 909 1575 Phravitas
957 1534 1053 1591 per
1097 1530 1209 1577 tres
1252 1535 1469 1577 menses
1515 1520 1892 1591 episcopatum
1950 1526 2033 1575 te-

459 1612 689 1680 nuisset,
727 1614 949 1685 scripsit
970 1614 1135 1671 Felici
1164 1615 1306 1687 quod
1334 1616 1382 1671 ci
1405 1614 1622 1686 quidem
1656 1616 2036 1672 communlca-

456 1716 563 1771 ret,
603 1706 765 1762 Petro
786 1723 920 1764 vero
984 1706 1177 1780 Moggo
1226 1724 1335 1765 non
1394 1708 1846 1765 communicaret.
1886 1708 2033 1765 Edi-

2140 590 2197 645 in
2250 591 2487 648 ecclesia
2537 592 2826 657 subVertit,
2885 590 3255 647 comminatus
3298 588 3348 643 ei
3408 586 3555 659 quod
3618 584 3733 641 nisi

2140 693 2381 738 cessaset
2436 699 2466 737 a
2508 683 2733 751 talibus,
2763 681 3018 739 tonderet
3079 690 3246 753 caput
3295 678 3418 751 ejus
3447 688 3503 733 et
3552 677 3736 733 turbis

2141 775 2383 831 traderet
2410 774 2833 846 publicandam.
2892 774 3137 843 Questus
3165 781 3347 829 autem
3380 771 3522 843 apud
3559 774 3741 826 Zeno-

2139 883 2265 924 nem
2316 880 2508 925 contra
2563 870 2713 925 illum
2769 869 3009 925 obtinuit
3070 874 3429 941 potestatem.
3469 861 3739 935 Sequenti

2142 977 2274 1018 vero
2299 977 2469 1027 anno,
2504 978 2619 1035 quo
2659 962 2928 1033 agebatur
2964 962 3219 1019 decimus
3267 960 3534 1032 septimus
3559 958 3745 1029 impe-

2141 1053 2207 1109 rii
2276 1052 2517 1112 Zenonis
2583 1069 2782 1120 annus,
2849 1052 3002 1110 Felix
3074 1051 3357 1127 synodicis
3439 1048 3734 1121 Euphemii

2143 1150 2385 1220 receptis
2429 1151 2479 1205 ei
2531 1148 2755 1221 quidem
2782 1156 3047 1219 tanquam
3090 1144 3403 1203 orthodoxe
3444 1144 3742 1216 appositus

2140 1247 2247 1307 est,
2280 1241 2603 1311 episcopum
2649 1249 2834 1298 autem
2866 1241 3020 1296 illum
3063 1256 3174 1295 non
3220 1237 3447 1310 recepit,
3480 1251 3547 1293 eo
3585 1233 3744 1307 quod

2142 1346 2343 1388 nomen
2387 1333 2575 1388 Acacii
2605 1341 2660 1387 et
2688 1330 3033 1390 successoris
3059 1328 3335 1385 Phravita:
3362 1327 3430 1383 de
3455 1325 3744 1399 diptychis

2141 1440 2251 1480 non
2281 1426 2557 1482 emiserit.
2593 1425 2797 1482 Eodem
2829 1440 2976 1481 anno
3007 1424 3173 1481 Petro
3221 1421 3483 1493 Cnaphco
3518 1429 3747 1477 mortuo

2140 1528 2425 1591 promotus
2450 1528 2537 1576 est
2556 1520 2850 1591 episcopus
2903 1519 3026 1575 loco
3052 1518 3175 1589 ejus
3208 1516 3485 1572 Palladius
3511 1512 3749 1587 presby-

2141 1624 2223 1668 ter
2258 1611 2625 1670 Seleuciensis
2680 1612 2931 1669 ecclesia.-
2986 1622 3193 1668 sancta:
3239 1610 3431 1681 prima:
3478 1606 3749 1679 martyris

2141 1706 2377 1773 Thecla,
2406 1724 2530 1766 cum
2573 1724 2685 1781 quo
2717 1708 2929 1778 cjcctus
2961 1714 3045 1764 est
3091 1714 3148 1762 ct
3189 1702 3427 1761 Joannes
3460 1699 3749 1757 Constan-

457 1814 617 1855 verso
648 1810 830 1855 autem
863 1800 1057 1873 Moggo
1092 1803 1316 1873 scripsit
1370 1802 1517 1872 quod
1554 1803 1601 1859 ei
1630 1802 1851 1874 quidem
1881 1817 2112 1905 com-VB
2142 1801 2241 1855 tini
2270 1809 2434 1873 atque
2464 1801 2795 1857 Anastasius
2856 1799 3223 1863 silentiarius,
3254 1797 3347 1869 qui
3398 1797 3541 1851 male
3584 1800 3750 1866 post-

458 1893 787 1960 mnnicaret,
828 1892 1065 1951 Felicem
1133 1904 1315 1953 autem
1376 1894 1681 1951 Romanum
1741 1903 2036 1953 averteret.

464 1985 662 2041 Verum
704 1988 1133 2060 exemplaribus,
1162 2005 1285 2060 qua:
1342 1989 1411 2045 ad
1462 1988 1714 2062 Moggum
1766 1988 2039 2047 destinata

469 2078 689 2135 fuerant
717 2080 789 2136 ab
814 2080 1161 2148 orthodoxis,
1181 2080 1356 2149 Felix,
1380 2091 1674 2156 antequam
1699 2082 2041 2155 apocrisiarii

457 2172 736 2230 Phravita:
757 2191 882 2231 cum
914 2176 1197 2249 synodicis
1227 2177 1624 2248 pervenissent,
1650 2178 1909 2248 acceptis,
1942 2178 2044 2236 hos

457 2284 584 2323 cum
619 2269 969 2327 inhonestate
997 2271 1233 2328 remisit.
1264 2270 1532 2329 Defuncto
1560 2280 1743 2329 autem
1782 2270 2043 2328 Phravita

459 2362 791 2435 Enphemios
813 2365 1097 2436 presbyter
1114 2376 1169 2422 et
1186 2365 1925 2438 ptochotrophosNeapoleos
1938 2367 2050 2436 epi-

460 2465 747 2530 scopatum
793 2458 1353 2530 ConstantinOpoleos
1386 2461 1582 2528 tenuit,
1602 2460 1896 2517 confestim
1920 2476 2049 2533 pro-

461 2551 598 2622 priis
632 2551 890 2607 manibus
922 2566 1120 2607 nomen
1149 2549 1327 2623 Moggi
1358 2550 1557 2609 delevit
1580 2566 1611 2607 a
1634 2551 2047 2627 diptychis,sic-

460 2648 639 2718 quein
666 2646 747 2703 eis
766 2647 962 2703 sedens
984 2645 1039 2701 iu
1069 2644 1273 2701 throno
1301 2660 1497 2702 nomen
1522 2643 1729 2702 Felicis
1744 2644 2047 2718 inscripsit.

528 2740 715 2797 Mundi
745 2758 892 2797 anno
950 2741 1111 2810 5982,
1169 2740 1368 2797 divinae
1446 2739 1847 2798 incarnationis
1906 2755 2051 2797 anno

458 2835 589 2904 482,
618 2834 821 2894 Petrus
860 2835 1091 2907 Moggus
1120 2843 1376 2892 mortuus
1402 2841 1490 2892 est
1538 2833 1906 2900 Alexandriae,
1951 2849 2055 2906 pro

457 2949 570 3005 quo
595 2932 930 2992 Athanasius
981 2940 1350 2989 consecratus
1386 2939 1473 2990 est
1503 2939 1873 3005 cognomento
1920 2930 2055 2987 Cili-

460 3038 564 3085 tes.
590 3027 689 3085 Ast
715 3028 1014 3099 imperator
1036 3026 1185 3082 Zeno
1210 3026 1400 3098 requie
1459 3027 1670 3097 potitus
1705 3040 1735 3081 a
1776 3024 2059 3091 Barbaris,

459 3121 531 3177 ab
578 3118 918 3175 Antiochena
952 3118 1346 3175 Calandionem
1380 3118 1534 3189 pellit
1583 3117 1845 3185 ecclesia,
1880 3133 2049 3174 exsu-

2147 1895 2251 1950 hac
2282 1895 2593 1966 imperavit.
2654 1894 2792 1948 Nam
2828 1890 3050 1949 Zenone
3107 1899 3348 1955 mortuo,
3378 1887 3751 1958 Longinoque

2146 1989 2316 2047 fratre
2351 1991 2526 2063 ipsius
2550 1988 2845 2060 imperium
2868 1986 3160 2043 affectante
3192 1983 3435 2055 repulso,
3470 1978 3748 2036 Areadnat

2147 2098 2481 2155 senatusque
2506 2084 2760 2143 consulto
2785 2099 2851 2140 ac
2878 2082 3051 2139 totius
3091 2079 3373 2138 exercitus
3407 2074 3750 2132 Anastasius

2156 2178 2499 2238 silentiarius
2528 2176 2919 2251 pronuntiatus
2975 2185 3063 2233 est
3114 2172 3457 2245 imperator;
3484 2168 3580 2242 qui
3610 2182 3747 2224 cum

2150 2273 2443 2345 imperium
2506 2270 2866 2342 suscepisset,
2923 2264 3328 2340 professionem
3404 2262 3461 2318 in
3512 2259 3751 2331 scriptis

2153 2372 2437 2445 expetitus
2468 2378 2553 2428 est
2582 2369 2652 2427 ab
2683 2368 2989 2442 Euphemio
3013 2365 3196 2421 facere
3224 2378 3335 2419 non
3355 2354 3751 2418 commovendi

2153 2467 2453 2539 quidquam
2509 2464 2579 2522 ab
2654 2461 2899 2519 Ecclesia
2930 2460 3013 2517 vel
3067 2457 3135 2515 de
3187 2457 3315 2521 fide,
3347 2454 3629 2526 indignum
3686 2463 3754 2507 se

2154 2558 2488 2616 Christianis
2539 2565 2596 2613 et
2655 2555 2890 2625 imperio
2963 2567 3191 2609 vocans.
3248 2546 3372 2605 Vim
3447 2555 3630 2604 autem
3695 2542 3751 2600 ei

2156 2649 2761 2720 facienteimperatrice
2790 2646 3042 2704 Areadne
3092 2655 3256 2714 atque
3294 2648 3513 2707 senatu,
3547 2652 3753 2697 susce-

2158 2748 2239 2818 pit
2269 2744 2507 2818 propriae
2531 2756 2730 2799 manus
2761 2741 2883 2812 ejus
2931 2734 3225 2811 scriptum,
3279 2733 3429 2807 quod
3474 2732 3755 2803 reciperet

2159 2842 2214 2898 in
2249 2838 2623 2896 definitionem
2658 2834 2781 2891 fidei
2810 2835 3064 2906 dogmata
3109 2826 3578 2887 Chalcedonensis
3605 2839 3753 2881 con-

2162 2933 2302 3001 cilii,
2333 2940 2389 2989 et
2421 2931 2496 2986 ita
2529 2937 2831 2987 coronatus
2860 2925 3169 2983 Areadnem
3200 2921 3354 2979 ducit
3377 2920 3443 2976 ad
3495 2917 3754 2990 nuptias,

2163 3027 2407 3083 nondum
2437 3031 2560 3080 ante
2590 3022 2746 3078 uxori
2782 3020 3045 3076 sociatus.
3081 3016 3253 3073 Porro
3287 3029 3432 3070 anno
3458 3028 3567 3085 quo
3594 3009 3757 3066 Zeno

2166 3127 2421 3173 mortuus
2472 3122 2555 3170 est
2606 3123 2659 3169 et
2716 3111 3041 3167 Anastasius
3106 3108 3376 3178 imperare
3426 3102 3614 3173 coepit,
3680 3099 3758 3155 ab

460 3209 567 3263 lem
610 3208 820 3265 faciens
853 3208 997 3279 apud
1023 3205 1566 3278 Oasin,Petrumque
1598 3204 1856 3277 Cnaphea
1908 3199 2122 3262 con-C
2156 3207 2328 3263 Adam
2379 3200 2685 3260 secundum
2754 3199 3038 3255 Romanos
3117 3196 3339 3268 quidem
3393 3194 3519 3249 anui
3586 3197 3756 3247 erant

462 3302 663 3357 stituit.
694 3301 979 3359 Nestorem
1006 3312 1188 3359 autem
1228 3301 1579 3368 Tarsensem,
1606 3300 1809 3374 Cyrum
1852 3298 2044 3355 [liere-

465 3398 810 3468 politanum,
900 3394 1166 3454 Joannem
1245 3396 1659 3469 Cyrestensem,
1735 3394 2045 3465 Romanum

463 3491 995 3557 Chalcedonensem,
1040 3488 1343 3547 Eusebium
1396 3485 2046 3557 Samosatenum,Julia-

465 3601 597 3640 num
642 3583 1124 3654 Mopsuestinum,
1196 3583 1426 3639 Paulum
1477 3583 2046 3649 Constantinensem,

462 3676 689 3732 Manum
730 3675 1182 3732 Hcrmenicnsem
1220 3683 1273 3731 et
1314 3673 2051 3747 Andreaml'lâ€˜heodosiOpo-

465 3768 720 3835 litanum,
770 3767 875 3823 sub
906 3768 1135 3824 obtentu
1186 3767 1408 3838 quidem
1460 3766 1665 3823 favoris
1690 3767 1847 3837 quasi
1899 3766 2048 3823 circa

469 3871 737 3931 tyrannos
765 3859 1019 3928 exhibiti,
1054 3859 1152 3916 sed
1182 3860 1415 3916 veritate
1445 3866 1670 3931 propter
1718 3874 1827 3915 non
1862 3873 2053 3930 recep.

466 3963 583 4008 tum
605 3954 882 4009 enoticum
901 3953 1041 4025 abigi
1064 3953 1319 4023 praecepit
1341 3952 1617 4013 ecclesiis.
1640 3950 1837 4009 Petrus
1867 3959 2049 4007 autem

469 4042 762 4113 Cnapheus
830 4041 1178 4097 Antiochiam
1204 4041 1491 4111 ingressus
1536 4041 1706 4095 multa
1738 4042 1881 4094 mala
1917 4055 2053 4109 ope-

472 4145 623 4191 ratus
644 4143 751 4201 est,
781 4134 1269 4190 anathematismos
1304 4132 1558 4189 videlicet
1586 4134 1781 4206 synodi
1818 4133 2051 4188 Chalce-

475 4228 763 4293 donensis,
824 4228 1391 4300 irreprehensibilium
1430 4227 1767 4295 dejectiones
1828 4226 2052 4297 cpisco-

474 4320 1141 4393 porumgsubrogationes
1170 4327 1224 4375 et
1257 4317 1565 4373 creatioucs
1596 4317 1841 4381 illicitas,
1873 4324 1928 4371 et
1962 4316 2049 4372 his

473 4414 697 4481 similia,
760 4421 889 4468 ante
975 4412 1159 4468 omnia
1225 4411 1454 4481 trisagio
1518 4412 1723 4483 hymno
1797 4409 2048 4466 addens:

472 4506 685 4563 Christe
718 4522 830 4573 rex,
864 4506 955 4576 qui
992 4506 1283 4575 cruciï¬xus
1316 4520 1408 4573 pro
1440 4502 1613 4559 nobis.
1653 4504 1847 4558 Petrus
1865 4510 2048 4558 autem
2084 4530 2085 4533 Î·

2158 3297 2321 3362 5999,
2375 3294 2679 3351 secundum
2736 3291 3050 3362 diligentem
3108 3302 3241 3345 vero
3298 3284 3755 3359 supputationem

2158 3391 2657 3449 Alexandrinorum
2692 3387 2852 3445 5983.

2180 3472 2183 3473 â·
2233 3481 2417 3539 Mundi
2446 3494 2591 3535 anno
2608 3476 2771 3542 598i,
2798 3475 2997 3530 divina;
3020 3470 3423 3529 incarnationis
3443 3482 3586 3525 anno
3613 3466 3753 3537 484,

2160 3573 2491 3632 Anastasius
2553 3572 2855 3641 imperator
2926 3566 3149 3624 Petrum
3217 3565 3478 3636 Cnaphea
3552 3561 3755 3616 Antio-

2160 3666 2341 3721 chiam
2382 3662 2563 3720 redire
2589 3661 2657 3717 ad
2696 3659 2978 3731 propriam
3028 3657 3215 3712 sedem
3248 3655 3429 3726 jubet.
3468 3651 3574 3710 Sed
3618 3651 3757 3706 licet

2164 3760 2311 3816 hunc
2338 3759 2407 3815 ab
2440 3756 2639 3813 exsilio
2659 3752 3358 3819 revocasset,Antiochiam
3378 3758 3560 3806 tamen
3592 3748 3755 3803 abire

2161 3868 2270 3909 non
2302 3866 2503 3922 passus
2542 3860 2649 3917 est,
2691 3847 2997 3904 Palladium
3034 3845 3241 3902 faciens
3273 3842 3582 3899 Antiochia:
3609 3856 3755 3897 con-

2158 3947 2390 4003 secrari.
2448 3941 2783 4015 Euphcmius
2822 3948 3004 3996 autem
3078 3935 3754 4007 ConstantinOpolitanus.

2162 4042 2513 4116 congregatis
2543 4039 2847 4113 peregrinis
2881 4035 3157 4109 episcopis
3184 4042 3437 4092 sanctum
3487 4031 3754 4104 pradica-

2161 4141 2241 4195 vit
2276 4136 2724 4195 Chalcedoneuse
2751 4132 3087 4189 concilium.
3121 4128 3295 4185 Porro
3353 4126 3597 4184 Joannes
3643 4124 3754 4180 Ta-

2161 4230 2511 4289 bcnnesiotes
2550 4242 2675 4284 cum
2708 4232 2856 4281 esset
2885 4222 3092 4287 Romae,
3118 4220 3350 4277 audiens
3374 4217 3524 4290 quod
3592 4218 3751 4272 Ana-

2163 4325 2366 4381 stasius
2410 4322 2726 4393 imperaret,
2749 4319 2898 4375 venit
2945 4316 3293 4389 Byzantium,
3336 4313 3752 4370 vicissitudines

2163 4424 2337 4480 bonas
2366 4436 2598 4494 sperans
2630 4419 2699 4475 ab
2733 4434 2822 4483 eo,
2868 4416 3127 4485 quoniam
3175 4413 3563 4470 Alexandrina:
3598 4410 3748 4467 fece-

2161 4526 2250 4573 rat
2276 4517 2425 4573 illum
2443 4528 2810 4579 (economum,
2840 4528 3001 4584 quem
3033 4520 3086 4566 et
3120 4510 3327 4565 nudum
3355 4524 3420 4563 ex
3455 4505 3748 4577 naufragio

474 4602 674 4655 iterum
744 4575 972 4656 veniens
1019 4599 1363 4666 amputavit:
1426 4596 1634 4652 Christe
1692 4613 1806 4652 rex.
1876 4596 2047 4651 Porro

2168 4618 2489 4681 susceptum
2524 4614 2836 4665 sustentare
2873 4605 3108 4670 culavit,
3153 4604 3224 4658 ita
3272 4612 3331 4658 ut
3379 4602 3586 4657 faceret
3619 4616 3747 4655 cum

479 4692 785 4749 Xenochias
812 4708 1007 4749 servus
1041 4691 1257 4747 Satanae
1284 4689 1625 4747 Dominicam
1654 4698 1710 4746 et
1730 4698 2050 4746 sanctorum

473 4784 693 4840 dicebat
750 4799 859 4839 non
921 4784 1291 4856 recipiendam
1353 4785 1672 4855 imaginem.
1723 4784 1860 4840 Cum
1902 4785 2052 4840 enim

474 4886 625 4933 esset
655 4879 877 4935 natione
940 4878 1106 4934 Persa
1152 4888 1207 4933 et
1255 4876 1473 4934 fortuna
1502 4891 1720 4943 servus,
1769 4876 2054 4933 dominum

476 4988 638 5027 suum
693 4972 797 5027 sub
844 4971 1181 5027 Calandione
1240 4972 1454 5042 fugiens
1497 4972 1678 5037 villas,
1728 4954 1853 5042 quae
1905 4972 2052 5027 circa

476 5065 823 5120 Antiochiam
855 5073 1055 5129 sunt,a
1097 5064 1199 5120 fide
1228 5064 1567 5129 retrahebat,
1600 5079 1723 5120 cum
1763 5078 1872 5118 non
1908 5072 2057 5119 esset

480 5158 811 5228 baptizatus,
846 5173 909 5215 se
941 5158 1204 5213 clericum
1237 5173 1362 5215 esse
1392 5158 1605 5214 dicens.
1665 5157 1821 5212 Hunc
1853 5158 2055 5214 Calan-

479 5256 573 5310 dio
604 5254 825 5326 quidem
856 5254 1083 5323 pepulit,
1120 5252 1313 5310 Petrus
1339 5268 1470 5309 vero
1513 5253 1810 5325 Cnapheus
1842 5254 2057 5322 cpisco-

482 5364 610 5417 pum
675 5346 1031 5416 Hierapoleos
1102 5347 1366 5402 ordinans
1446 5344 1785 5402 Philoxenon
1850 5354 2057 5402 mutato

480 5440 701 5496 nomine
730 5439 1084 5509 nuncupavit.
1145 5437 1282 5494 Cum
1315 5446 1495 5493 autem
1550 5438 1898 5507 postmodum
1930 5453 2053 5493 eum

478 5535 815 5603 baptizatum
857 5548 964 5588 non
1020 5548 1144 5589 esse
1190 5532 1509 5589 didicisset:
1549 5530 1787 5602 Suï¬‚icit,
1850 5532 2053 5602 inquit,

475 5630 525 5681 ei
553 5644 649 5696 pro
682 5627 943 5693 baptismo
974 5626 1325 5681 consecratio.
1360 5624 1698 5695 Euphemins
1723 5638 1903 5681 autem
1930 5640 2055 5680 cum

477 5730 628 5777 esset
676 5720 1039 5785 orthodoxus,
1104 5716 1457 5775 Anastasium
1514 5716 1901 5785 silentiarium,
1959 5718 2055 5787 qui

481 5826 601 5886 post
642 5817 757 5872 haec
802 5816 1008 5873 abusus
1042 5814 1271 5884 imperio
1311 5820 1414 5875 est,
1437 5809 1506 5866 ab
1536 5809 1779 5867 Ecclesia
1845 5812 2049 5882 pepulit

484 5922 537 5965 ut
572 5912 884 5967 hmrcticum
925 5919 977 5967 et
1006 5910 1262 5981 Eutychis
1293 5919 1743 5974 consentaneum,
1802 5922 1961 5977 quem
1996 5914 2050 5963 et

2164 4706 2235 4761 dc
2291 4703 2604 4761 calamitate
2674 4700 2809 4755 nihil
2868 4700 3097 4755 omnino
3142 4697 3371 4753 sentire.
3420 4693 3749 4751 Anastasius

2164 4799 2343 4847 autem
2404 4789 2637 4845 audiens
2678 4786 2824 4860 quod
2849 4787 3096 4853 veniret,
3130 4786 3236 4842 fide
3266 4796 3420 4857 rupta
3467 4785 3751 4855 multaque

2163 4883 2554 4956 ingratitudine
2578 4898 2710 4939 usus
2730 4882 2786 4938 in
2803 4880 3055 4938 exsilium
3076 4877 3748 4953 praecipitdestinandum,

2166 4976 2483 5033 nullatenus
2531 4976 2601 5031 ab
2632 4975 2754 5047 ipso
2784 4982 3127 5045 susceptum.
3164 4973 3337 5029 Porro
3368 4971 3611 5029 Joannes
3640 4971 3749 5026 hoc

2164 5084 2517 5140 praenoscens
2551 5066 2779 5123 Romam
2813 5067 3075 5138 fugiendo
3110 5069 3359 5123 salvatus
3392 5075 3496 5123 est.
3530 5064 3742 5122 Interea

2166 5164 2309 5219 facta
2354 5163 2723 5220 Barbarorum
2776 5163 3207 5233 praedonumqne
3250 5176 3315 5217 ac
3353 5160 3739 5216 intestinorum

2167 5256 2432 5313 bellorum
2459 5255 2791 5321 turbatione,
2836 5254 2924 5310 his
2970 5254 3122 5311 Cono
3170 5254 3464 5325 episcopus
3505 5252 3745 5321 Apamia:

2144 5350 2427 5406 derelicto
2485 5350 2685 5405 throno
2710 5348 2764 5404 in
2799 5358 3070 5402 armatum
3106 5356 3163 5401 et
3201 5356 3491 5419 praetorem
3528 5356 3745 5403 laxatus

2167 5444 2398 5502 resistit.
2429 5443 2736 5513 imperator
2761 5448 2946 5497 autem
2988 5438 3249 5511 fatigatus
3269 5455 3337 5496 eo
3365 5439 3509 5511 quod
3537 5439 3742 5496 bellum

2164 5539 2558 5609 protelaretur,
2589 5536 2819 5593 fidenter
2868 5535 3101 5592 credidit
3131 5533 3436 5606 Euphemio
3487 5534 3746 5603 episcopo

2159 5630 2311 5703 quod
2343 5640 2571 5702 cuperet
2602 5644 2813 5700 pacem,
2838 5637 2894 5685 et
2922 5628 3105 5699 colligi
3135 5628 3455 5700 peregrinos
3500 5629 3753 5698 Î¹Î¹Î¹-Ï‰Îµá¿‘á¿ƒá½·Î¹

2160 5722 2465 5793 episcopos
2507 5720 2666 5791 quasi
2718 5734 2819 5789 pro
2874 5717 3129 5775 llisauris
3193 5731 3500 5789 rogaturos.
3540 5718 3753 5791 Euphe-

2177 5815 2323 5870 mius
2361 5820 2541 5869 autem
2598 5821 2866 5869 secretum
2899 5812 3248 5882 imperatoris
3294 5810 3489 5868 Joanni
3523 5813 3753 5885 patricio

2176 5905 2462 5973 revelavit,
2498 5920 2688 5979 supero
2722 5905 2967 5966 videlicet
2997 5906 3333 5975 Athcnpdori
3386 5910 3632 5977 primatis
3673 5917 3746 5978 ty.
