4034 6298
255 377 384 446 1241

1039 379 1406 442 HISTORIA
1445 376 2019 440 ECCLESIASTICA
2060 377 2160 436 EX
2197 375 2677 437 THEOPHAN’E.

3383 371 3520 436 1242

253 489 521 559 rannidis,
562 492 657 564 qui
711 506 944 550 currens
990 491 1096 547 b‘oe
1155 491 1471 564 imperatori
1519 490 1826 556 nuntiavit;
1858 486 1906 546 A
1935 497 2111 551 erant,
2147 496 2368 560 propter
2397 487 2658 541 enoticon
2720 482 2981 548 Zenonis,
3016 482 3295 555 inepinata
3349 486 3514 539 multa

251 601 368 656 qua
427 599 518 640 res
566 585 622 641 in
677 580 1189 643 irreconciliabilem
1229 594 1420 640 contra
1469 581 1828 654 Euphemium

251 675 598 734 inimicitiam
683 678 1069 750 imperatorem
1132 679 1484 734 Anastasium
1551 676 1830 732 excitavit.

253 763 408 821 Unde
491 773 547 822 et
619 761 980 824 Hisaurorum
1043 766 1346 838 Euphemio
1415 766 1834 836 congressiones

250 858 537 929 ascripsit.
569 858 873 930 Euphemio
905 874 1035 915 vero
1065 859 1284 929 quidam
1341 859 1664 914 insidiantes
1707 872 1832 929 per-

251 958 554 1008 suaserunt
581 951 799 1007 cuidam
831 961 958 1008 ante
986 947 1308 1023 martyrium
1367 951 1606 1022 gladium
1640 957 1832 1005 contra

249 1049 418 1113 caput
453 1041 576 1113 ejus
605 1044 872 1098 incutere.
908 1040 1015 1098 Sed
1065 1042 1270 1099 Paulus
1299 1042 1521 1113 quidam
1574 1040 1834 1098 defenso-

249 1147 376 1189 rum
411 1133 675 1190 Ecclesize
701 1135 916 1206 plagam
939 1137 1158 1207 quidem
1191 1136 1246 1190 in
1279 1136 1459 1207 capite
1488 1151 1591 1191 suo
1623 1135 1838 1206 recepit

250 1233 309 1280 et
367 1225 718 1296 periclitatus
776 1234 884 1292 est,
954 1228 1333 1284 insidiatorem
1391 1245 1522 1284 vero
1583 1229 1836 1299 peremit.

258 1319 459 1374 lterum
491 1320 697 1391 ergoin
720 1319 961 1376 Collecta
994 1319 1233 1376 insidiati
1264 1319 1625 1391 Euphemium
1651 1323 1838 1378 consi-

259 1411 376 1467 liati
408 1423 540 1468 sunt
578 1413 915 1478 interimere,
949 1414 1044 1484 qui
1110 1416 1324 1484 privato
1375 1415 1566 1470 habitu
1615 1415 1840 1472 indutus

260 1504 384 1574 iuga
409 1505 639 1560 salutem
674 1516 952 1563 mercatus
981 1517 1085 1564 est.
1129 1507 1301 1564 Porro
1320 1508 1649 1564 Anastasius
1675 1511 1842 1579 impe-

261 1607 412 1652 rator
451 1599 520 1653 ab
581 1598 887 1668 Euphemio
944 1600 1344 1670 professionem
1399 1616 1576 1668 suam,
1635 1601 1703 1657 de
1734 1617 1839 1672 qua

260 1691 582 1762 praedictum
637 1700 743 1759 est,
792 1693 1064 1762 violenter
1111 1694 1362 1749 extorsit.
1421 1694 1653 1766 Cuique,
1682 1696 1842 1751 victis

261 1782 537 1851 llisauris,
565 1785 793 1840 mandat
814 1799 911 1856 per
938 1785 1233 1842 Eusebium
1260 1787 1577 1859 magistrum
1604 1789 1834 1844 dicens:

261 1876 547 1933 Orationes
575 1885 700 1944 tum,
729 1895 761 1934 ο
793 1896 998 1950 magne,
1024 1881 1221 1934 amicos
1250 1889 1368 1935 tuos
1399 1880 1622 1951 fuligine
1649 1890 1834 1936 conta—

261 1970 615 2024 minaverunt.
677 1969 962 2042 Episcopis
1026 1986 1158 2043 ergo
1209 1975 1512 2042 peregrinis
1591 1976 1836 2032 collectis

261 2064 560 2133 imperator
587 2071 776 2118 contra
812 2063 1175 2135 Euphemium
1206 2068 1496 2136 queritur;
1531 2068 1623 2137 qui
1653 2069 1837 2124 faven-

261 2163 342 2210 tes
383 2155 702 2226 imperatori
741 2154 1135 2228 depusitionem
1172 2158 1494 2229 patriarcha:
1521 2171 1574 2216 et
1618 2176 1840 2216 excom-

262 2249 691 2306 municatidnem
721 2250 1060 2307 sanciebant.
1095 2250 1353 2308 Provebit
1391 2260 1572 2308 autem
1608 2255 1843 2324 impera-

264 2348 350 2392 tor
379 2338 757 2396 hlacedonium
784 2341 1098 2413 episcopum
1128 2343 1708 2414 Constantinopoleos.
1747 2346 1839 2416 qui

264 2439 395 2488 tunc
452 2434 821 2507 sceuophylax
874 2446 991 2492 erat
1043 2434 1220 2508 ipsius
1270 2437 1536 2494 ecclesias.
1600 2437 1842 2508 Populus

264 2534 448 2582 tamen
478 2537 700 2599 propter
735 2528 1090 2601 Euphemium
1113 2530 1438 2597 dissidebat,
1472 2539 1527 2587 et
1549 2532 1602 2588 in
1633 2532 1843 2603 ilippo-

263 2613 518 2671 dromion
559 2632 790 2674 currens
825 2620 1048 2676 litanias
1105 2621 1322 2692 agebat,
1356 2638 1668 2694 quanquam
1708 2624 1843 2678 nihil

266 2706 534 2776 prolicere
555 2708 810 2770 valuerit.
863 2710 1190 2782 imperatore
1232 2712 1376 2768 male
1415 2715 1636 2771 vincere
1695 2724 1846 2771 sata-

267 2805 448 2865 gente.
528 2798 700 2856 Porro
769 2798 1118 2858 Macedonius
1199 2804 1453 2875 nequiter
1539 2805 1844 2865 obaudiens

268 2891 620 2947 Anastasium
657 2891 986 2963 subscripsit
1036 2894 1274 2951 ermtico.
1330 2894 1632 2966 Imperator
1661 2907 1841 2954 autem

270 2981 630 3055 Euphemium
678 2987 733 3041 in
769 2985 1085 3042 Euchaitam
1118 2989 1362 3044 exsulem
1395 2989 1563 3058 misit;
1591 2992 1682 3060 qui
1725 3007 1847 3048 ver-

272 3078 400 3133 bum
428 3078 540 3151 (l8)
568 3079 723 3149 petiit
743 3094 842 3150 per
860 3078 1234 3136 Macedonium
1255 3081 1528 3152 accipere,
1562 3091 1618 3138 ut
1645 3084 1848 3141 illaesus

1938 580 2287 645 monstravit,
2363 579 2696 651 Cbrysaorio
2749 579 3301 635 ecclesize‘diaetmo
3370 579 3517 632 illam

1935 680 2187 740 cogente.
2227 672 2294 726 Et
2323 671 2426 724 alia
2466 671 2713 741 quaedam
2745 671 2948 741 Sophia
2999 681 3212 734 vocata,
3259 670 3524 740 insignis-

1933 778 2041 834 que
2093 764 2236 818 inter
2292 762 2767 826 sanctimonialcs,
2831 765 3002 818 multa
3050 779 3212 833 passa
3266 778 3519 836 magnam

1936 856 2260 926 patientiam
2299 855 2715 910 demonstravit.
2765 854 2934 910 Porro
2974 855 3352 913 Theudoricus
3390 857 3522 911 Afer

1937 949 2226 1003 diaconum
2289 949 2496 1004 habens
2529 947 2891 1004 orthodoxum
2920 949 3211 1004 admodum
3243 964 3271 1003 a
3301 966 3359 1005 se
3387 951 3520 1004 dile-

1939 1051 2110 1107 ctum,
2145 1041 2387 1111 quicum
2422 1041 2477 1096 in
2505 1041 2880 1098 Arianismum
2947 1042 3144 1096 fuisset
3192 1058 3521 1106 conversus,

1938 1134 2288 1189 Theoderico
2343 1133 2556 1196 favens.
2599 1134 2879 1188 interemit
2914 1151 3036 1190 eum
3065 1135 3244 1205 gladio
3289 1137 3520 1192 dicens:

1940 1226 2000 1283 Si
2021 1226 2128 1282 Deo
2151 1228 2307 1298 ﬁdem
2337 1244 2437 1281 non
2467 1228 2704 1294 servasti,
2733 1245 2824 1283 nec
2848 1229 2975 1282 mihi
3003 1229 3258 1286 servabis.
3278 1229 3524 1287 Palladio

1942 1338 2074 1380 vero
2134 1323 2396 1393 episcopo
2471 1323 2818 1379 Autiocbeno
2885 1323 3169 1391 defuncto,
3223 1327 3522 1396 imperator

1944 1412 2110 1487 elegit
2176 1415 2498 1471 Flavianum
2548 1417 2930 1489 presbyterum
2995 1427 3050 1473 et
3101 1419 3521 1489 apocrisiarium

1939 1505 2189 1561 ecclesiae
2261 1505 2637 1571 Antiochenaz,
2701 1521 2861 1576 quem
2947 1506 3101 1560 aiunt
3172 1507 3524 1576 dogmatibus

1939 1597 2404 1654 Chalcedonensis
2491 1598 2712 1654 concilii
2795 1598 3171 1654 adversatum.
3248 1597 3521 1654 Praeterea

1939 1693 2221 1764 Olympius
2277 1691 2496 1762 quidam
2538 1692 2797 1758 Arianus,
2842 1692 2974 1748 dum
3010 1693 3063 1747 in
3108 1691 3520 1748 Helianensinm

1941 1785 2134 1840 balneo
2165 1784 2442 1840 lavaretur
2465 1784 2764 1840 crudeliter
2786 1785 3195 1855 blasphemans,
3213 1785 3525 1841 miserrime

1939 1878 1992 1934 in
2023 1893 2089 1934 eo
2118 1886 2368 1934 mortuus
2395 1884 2501 1941 est,
2520 1877 2667 1948 quod
2704 1879 2758 1932 in
2784 1880 3020 1951 imagine
3073 1885 3157 1935 est
3219 1879 3542 1948 depictum-

1941 1971 2318 2043 Eutychianus
2353 1984 2484 2025 vero
2533 1970 2795 2041 quidam,
2852 1971 3068 2043 primus
3108 1971 3482 2027 dimtariorum
3509 1988 3526 2013 ν

1939 2064 2259 2120 muneribus
2285 2079 2484 2119 snasus
2509 2070 2746 2119 erectam
2772 2064 3066 2134 imaginem
3092 2063 3327 2134 Olympii
3353 2062 3526 2131 depo-

1942 2157 2051 2210 suit
2075 2172 2091 2220 ;
2115 2155 2205 2225 qui
2230 2155 2298 2210 ab
2333 2155 2428 2210 illo
2445 2156 2531 2210 die
2555 2155 2674 2212 dire
2688 2171 2918 2226 corpore
2946 2155 3254 2212 labefactus
3285 2156 3524 2211 interiit.

2013 2249 2200 2304 Mundi
2257 2264 2402 2304 anno
2459 2249 2623 2316 5992,
2677 2250 2878 2305 divinae
2933 2249 3328 2306 incarnationis
3383 2264 3530 2303 anno

1942 2342 2067 2409 492,
2097 2342 2291 2399 Festus
2317 2353 2539 2399 senator
2603 2345 2753 2400 urbis
2785 2343 2990 2407 Romae,
3015 2346 3220 2400 missus
3262 2343 3330 2398 ad
3383 2344 3529 2398 Ana‘

1944 2435 2170 2490 stasium
2205 2447 2425 2505 prOpter
2453 2437 2719 2506 quasdam
2753 2437 2941 2492 civiles
2964 2435 3262 2502 'utilitates,
3319 2450 3528 2490 memo-

1944 2528 2057 2584 rias
2081 2529 2409 2584 Sanctorum
2432 2531 2816 2600 Apostolorum
2835 2530 3131 2587 festivitate
3156 2531 3347 2601 majori
3374 2530 3530 2600 petiit

1945 2623 2234 2689 celebrari,
2259 2625 2402 2694 quod
2435 2633 2491 2679 et
2524 2633 2738 2681 tenetur
2768 2639 2942 2694 usque
2963 2623 3018 2678 in
3043 2640 3308 2695 praesens.
3341 2623 3522 2682 Mace-

1945 2715 2144 2770 donius
2177 2725 2358 2771 autcm
2387 2716 2452 2771 ad
2473 2717 2822 2772 Anastasium
2851 2715 3158 2771 Romanum
3199 2717 3522 2787 episcopum

1947 2808 2268 2880 synodicum
2299 2823 2394 2878 per
2415 2808 2633 2864 Festum
2660 2811 2875 2863 mittere
2890 2808 3080 2864 volens
3118 2809 3424 2877 prohibitus
3445 2816 3532 2866 est

1947 2902 2017 2956 ab
2039 2901 2384 2973 imperatore.
2409 2901 2579 2955 Porro
2596 2898 2793 2954 Festus
2813 2899 3088 2955 rediturus
3108 2899 3334 2953 Romam
3357 2898 3519 2968 polli-

1948 2992 2090 3048 citus
2110 3002 2193 3050 est
2215 2993 2527 3063 imperatori
2555 2992 2844 3047 Anastasio
2877 2990 3210 3061 persuadere
3227 2990 3520 3044 Anastasio

1954 3101 2107 3157 papae
2140 3085 2378 3141 Zenonis
2399 3084 2652 3140 enoticon
2702 3084 2981 3154 recipere;
3011 3097 3171 3153 quem
3199 3083 3378 3136 vivum
3416 3097 3524 3135 non

273 3179 539 3237 maneret,
580 3186 704 3226 cum
747 3172 1063 3228 duceretur.
1093 3172 1294 3230 Jussus
1353 3184 1535 3231 autem
1594 3174 1845 3233 Macedo—
1873 3193 1919 3255 ο
1947 3178 2231 3247 reperiens
2278 3177 2523 3246 corrupit
2561 3192 2657 3247 per
2702 3176 2963 3246 pecunias
3017 3174 3244 3241 multos,
3273 3182 3327 3228 et
3365 3172 3530 3244 elegit

270 3264 394 3318 nius
419 3264 550 3319 dare
593 3263 842 3328 verbum,
887 3271 942 3320 et
976 3264 1323 3338 ingressurus
1382 3267 1436 3322 in
1466 3267 1843 3338 baptisterium

270 3355 336 3408 ad
364 3355 747 3426 Euphemium,
794 3357 1243 3428 superbumerale
1277 3373 1306 3413 a
1341 3374 1402 3416 se
1458 3360 1847 3417 archidiacono

270 3445 526 3515 praecepit
572 3445 814 3512 auferre,
870 3457 925 3504 et
994 3447 1070 3502 ita
1132 3462 1306 3519 purus
1363 3447 1430 3502 ad
1485 3451 1844 3521 Euphemium

273 3538 550 3608 ingressus
584 3538 969 3611 feneratusque
1030 3540 1293 3612 pecunias
1321 3542 1471 3598 dedit
1517 3541 1843 3614 Euphemio,

271 3630 344 3684 ita
382 3638 440 3684 ut
463 3631 780 3688 laudaretur
841 3648 871 3688 a
912 3633 1124 3690 multis.
1179 3634 1490 3706 Religiosus
1537 3637 1680 3692 enim
1729 3648 1847 3694 erat

268 3733 322 3780 et
361 3740 544 3794 sacer,
575 3727 778 3797 quippe
811 3727 902 3796 qui
940 3743 971 3782 a
1020 3726 1307 3784 Gennadio
1338 3728 1516 3786 fuerat
1549 3732 1846 3798 enutritus,

269 3816 433 3887 cujus
453 3828 509 3873 et
563 3817 868 3880 fratruellis
914 3828 1056 3877 erat.
1099 3821 1301 3878 Eodem
1351 3816 1503 3878 anno
1550 3822 1848 3880 Athanasio

271 3915 534 3987 episeopo
601 3917 975 3973 Alexandrino
1029 3919 1292 3976 defuncto
1355 3931 1710 3978 consecratus
1765 3931 1851 3979 est

269 4027 372 4082 pro
400 4027 466 4068 co
496 4009 735 4070 Joannes
764 4015 1068 4071 monachus
1094 4017 1380 4088 presbyter
1405 4025 1459 4073 ct
1504 4033 1849 4085 oeconomus,

271 4113 641 4174 cognomento
668 4104 919 4162 liemula.
954 4109 1225 4164 Praeterea
1242 4109 1592 4166 Macedonius
1619 4111 1851 4167 consilio

270 4197 618 4267 imperatoris
683 4199 840 4256 unire
875 4201 1202 4256 monasteria
1239 4202 1402 4274 regia:
1438 4203 1591 4258 urbis
1631 4202 1848 4272 satagit,

269 4303 391 4359 qua:
419 4291 593 4347 scissa
630 4291 846 4347 fuerant
879 4299 1101 4364 propter
1144 4295 1398 4350 enoticon
1447 4294 1707 4352 Zenonis.
1743 4295 1849 4352 Sed

268 4384 595 4446 nontvalens
614 4383 904 4440 consilium
937 4384 1572 4456 deditimperatori,quo
1607 4387 1852 4457 peregri-

272 4489 370 4529 nos
418 4475 709 4546 episcopos
761 4476 1050 4533 convenire
1096 4487 1148 4533 et
1195 4493 1316 4548 qua:
1342 4477 1684 4534 Chalcedone
1718 4479 1854 4534 bene

1949 3281 2147 3342 praeter
2170 3271 2624 3326 consuetudinem
2648 3269 3015 3324 Romanorum
3035 3269 3350 3339 episcopum
3379 3265 3522 3319 Lau-

1949 3364 2187 3419 rentium
2216 3364 2529 3434 quemdam,
2564 3364 2654 3434 qui
2691 3363 2972 3418 ordinatus
2999 3369 3082 3416 est
3110 3359 3179 3415 ab
3211 3377 3319 3414 una
3348 3366 3524 3429 parte.

1949 3457 2381 3513 Orthodoxiores
2406 3467 2587 3510 autem
2621 3461 3085 3510 consecraverunt
3115 3451 3528 3521 Symmachum,

1953 3563 2118 3605 unum
2147 3562 2210 3602 ex
2241 3545 2589 3600 diaconibus.
2633 3543 2772 3598 lline
2816 3557 2949 3613 ergo
2977 3541 3318 3596 turbatioues
3343 3542 3528 3594 multa:

1957 3657 2023 3697 ac
2061 3641 2344 3695 hominum
2386 3647 2596 3708 strages
2644 3647 2697 3692 et
2741 3636 2946 3706 rapinae
3004 3645 3232 3706 patrata:
3262 3641 3390 3688 sunt
3433 3647 3532 3703 per

1957 3749 2136 3800 annos
2159 3741 2292 3797 tres,
2319 3746 2610 3801 usquequo
2649 3730 2906 3786 videlicet
2952 3720 3328 3783 Theodoricus
3369 3726 3530 3798 prin-

1951 3842 2083 3898 ceps
2108 3835 2237 3880 tunc
2266 3825 2494 3880 Romam
2527 3833 2737 3886 tenens,
2765 3836 3078 3893 quanquam
3102 3821 3339 3876 Arianus
3361 3829 3531 3886 esset,

1952 3919 2167 3992 synodo
2197 3919 2472 3974 celebrata
2508 3917 2664 3974 locali
2699 3916 3091 3986 Symmachum
3148 3915 3364 3983 quidem
3411 3911 3530 3984 cpi-

1952 4027 2176 4083 scopum
2215 4009 2397 4067 Romae
2432 4011 2690 4074 firmavit,
2716 4008 3067 4064 Laurentium
3100 4021 3231 4062 vero
3277 4006 3332 4060 in
3355 4005 3534 4062 Nuce-

1952 4105 2074 4158 rina
2107 4104 2325 4158 civitate
2358 4102 2540 4158 locare
2569 4102 2828 4172 praecepit
2851 4099 3193 4170 episcopum,
3220 4099 3312 4168 qui
3346 4105 3529 4152 tamen

1954 4197 2103 4252 nullo
2139 4203 2298 4266 pacto
2346 4193 2780 4264 quiescens,sed
2838 4191 3144 4248 seditiones
3175 4205 3531 4246 commovens

1953 4306 1982 4345 a
2012 4289 2340 4360 Symmacho
2380 4287 2670 4357 deponitur
2694 4294 2747 4340 et
2795 4285 2848 4340 in
2879 4286 3134 4341 exsilium
3170 4283 3426 4344 mittitur,
3477 4289 3535 4336 et

1956 4379 2030 4434 ita
2090 4379 2342 4433 simultas
2401 4375 2658 4431 cessavit.
2721 4373 2922 4430 Eodem
2983 4389 3128 4429 anno
3204 4371 3533 4427 Anastasius

1958 4471 2190 4526 removit
2210 4469 2329 4524 auri
2354 4468 2676 4539 argentique
2697 4466 2913 4521 metalla
2947 4476 2999 4522 et
3023 4469 3363 4530 venationes,
3385 4463 3536 4532 prin-

271 4565 638 4638 dogmatizata
665 4568 880 4623 fuerant
913 4568 966 4622 in
991 4569 1212 4639 scriptis
1239 4569 1567 4625 conﬁrmare
1617 4570 1841 4626 faceret.
1877 4556 1920 4611 Β
1950 4565 2273 4636 cipalusqlle
2314 4577 2438 4618 cum
2470 4561 2689 4616 venales
2731 4569 2921 4617 essent
2963 4560 3134 4631 gratis
3156 4557 3532 4644 promovebat.

272 4660 428 4725 Quod
459 4670 515 4716 et
546 4660 749 4716 factum
799 4671 883 4718 est
937 4677 1033 4733 per
1063 4661 1395 4732 descriptam
1455 4662 1751 4719 actionem.
1779 4664 1846 4719 Et

273 4755 598 4809 hortabatur
647 4755 979 4810 monasteria
1029 4755 1096 4810 ad
1163 4754 1454 4819 unitatem,
1506 4759 1847 4826 maximeque

276 4845 356 4900 Dii
423 4846 822 4902 monasterium
878 4855 935 4901 et
996 4845 1218 4900 Basiani
1273 4854 1329 4901 et
1381 4846 1844 4902 Acoemetensium

277 4947 440 5010 atque
478 4938 765 5002 Matronae,
785 4954 1018 5009 quaeque
1050 4939 1223 5008 magis
1262 4937 1656 4994 scindebantur
1691 4941 1758 4994 ab
1783 4956 1848 4995 eo

277 5035 366 5105 qui
406 5035 706 5105 recipiebat
734 5032 971 5088 Zenonis
998 5032 1275 5099 enoticon,
1295 5042 1346 5087 et
1369 5031 1560 5087 exsilia
1595 5033 1853 5089 alacriter

277 5125 648 5181 sustinebant.
671 5123 805 5179 Cum
824 5139 951 5194 ergo
971 5124 1289 5179 insisterent
1313 5163 1327 5187 ,
1347 5123 1850 5192 consideravitMa-

277 5217 542 5274 cedonius
574 5217 746 5286 magis
777 5218 829 5272 in
865 5217 1085 5287 propria
1122 5217 1399 5271 voluntate
1437 5217 1713 5274 dimittere
1753 5236 1849 5276 eos

280 5326 440 5380 quam
467 5310 904 5382 persecutionem
953 5310 1166 5379 erigere
1191 5318 1383 5364 contra
1413 5310 1559 5365 illos.
1602 5310 1846 5366 Matrona

280 5419 407 5457 vero
441 5409 626 5458 sancta
684 5402 860 5456 adhuc
923 5401 1134 5465 vivens,
1181 5409 1235 5456 et
1269 5417 1375 5457 non
1429 5404 1847 5460 comnumicans

283 5512 385 5552 una
441 5513 564 5553 cum
630 5496 903 5567 religiosis
959 5496 1332 5552 monacbabus
1392 5512 1514 5567 qua:
1575 5512 1699 5551 cum
1758 5497 1848 5552 illa

2029 4678 2292 4750 Sequenti
2321 4693 2450 4732 vero
2476 4690 2619 4730 anno
2646 4691 2772 4730 cum
2809 4675 3119 4730 Romanum
3152 4673 3532 4742 pontiﬁcatum

1957 4771 2344 4843 Symmachus,
2408 4769 2696 4838 imperium
2730 4777 2911 4822 autent
2947 4767 3270 4821 Anastasius
3299 4773 3532 4834 regeret,

1958 4869 2362 4923 Saracenorum
2425 4865 2684 4920 incursus
2737 4864 2790 4918 in
2843 4863 3154 4918 Phoenicem
3208 4871 3262 4916 et
3316 4861 3533 4932 Syriam

1952 4976 2150 5017 rursus
2187 4958 2416 5014 cﬂectus
2467 4966 2574 5021 est,
2603 4964 2725 5026 post
2769 4965 2998 5010 mortem
3042 4955 3203 5024 Agari
3257 4953 3533 5009 Vadicha-

1950 5054 2074 5106 riuo
2113 5049 2282 5105 fratre
2306 5050 2477 5119 ipsius
2539 5049 2710 5102 instar
2751 5045 3014 5109 turbinis,
3049 5053 3104 5108 et
3155 5043 3334 5099 adhuc
3381 5044 3531 5097 velo-

1951 5146 2094 5207 cius,
2126 5143 2470 5200 discurrente
2504 5156 2598 5210 per
2636 5141 2775 5194 loca.
2803 5139 2917 5192 Hoc
2950 5137 3114 5192 etiam
3150 5152 3312 5202 anno,
3359 5135 3412 5190 id
3453 5145 3537 5190 est

1953 5237 2266 5309 Symmachi
2293 5250 2444 5306 papa:
2481 5234 2658 5302 primo
2687 5241 2739 5286 et
2773 5232 2983 5300 imperii
3037 5231 3309 5285 Anastasii
3359 5231 3536 5284 unde<

1950 5332 2116 5395 cimo,
2149 5328 2409 5396 Vulgares
2464 5341 2558 5394 per
2606 5323 2880 5393 Illyricum
2928 5334 2978 5376 et
3003 5321 3271 5376 Thracem
3318 5321 3532 5375 discur-

1952 5433 2102 5487 runt,
2128 5422 2446 5492 priusquam
2479 5424 2924 5489 agnoscerentur.
2956 5414 3111 5484 Apud
3134 5412 3528 5469 Neocaesariam

1957 5514 2156 5573 deinde
2184 5528 2307 5570 cum
2354 5512 2598 5567 futurum
2627 5519 2768 5566 esset
2801 5517 2860 5562 ut
2924 5510 3080 5562 tieret
3109 5514 3272 5562 terrm
3325 5515 3530 5570 motus,

1789 5629 2016 5690 NOTAE.

350 5732 459 5805 (18)
501 5730 751 5805 Verbum,
775 5725 1515 5805 securitatem._Iustiniauus
1546 5725 1681 5805 Nov_.
1702 5727 1759 5805 7,
1791 5743 1842 5782 c.

286 5807 317 5862 5
346 5798 366 5862 τ’
399 5798 560 5860 ’Ᾰλλὰ
628 5803 762 5870 μηδὲ
810 5801 1033 5863 τούτους
1082 5801 1210 5863 τοὺς
1256 5798 1619 5866 καλουμένους
1656 5799 1844 5864 λόγους

287 5877 586 5950 προχείρως
610 5875 806 5930 διδόναι
832 5872 1098 5927 σπεύδειν.
1125 5871 1290 5926 Vetus
1316 5872 1585 5938 interpres
1625 5890 1634 5922 :
1677 5889 1692 5920 ι
1734 5870 1836 5926 Sed

1953 5738 2136 5792 neque
2160 5721 2274 5792 lucc
2303 5734 2422 5792 qua:
2442 5714 2892 5792 tlicunlttr_verb:_i
2933 5714 3538 5792 ptomptcdareiesti-

1954 5783 2071 5849 nes'.
2109 5813 2127 5844 ι
2162 5783 2654 5846 Ιύοιηᾏιιοςιειεὶιιε
2693 5787 2762 5840 De
2791 5787 2908 5840 vitis
2928 5783 3040 5856 PP.
3078 5788 3129 5838 iu
3161 5787 3424 5856 Gregorio
3451 5785 3532 5839 ll;

1961 5886 1977 5918 ς
2019 5864 2249 5919 Verbum
2277 5859 2642 5916 immunitatis
2663 5859 2908 5930 expetiit.
2948 5875 2964 5906 ι
3002 5854 3166 5911 [πλη.
