4034 6298
459 272 602 342 1243
1557 280 1961 344 ANAS’I‘ASII
1997 282 2626 347 BIBLIOTHECARII
3645 282 3805 353 12M

454 393 613 449 miles
648 392 751 449 iter
777 390 986 452 faciens
1012 393 1153 450 duos
1181 394 1381 450 milites
1420 408 1590 466 super
1620 411 1745 451 eam
1795 395 1953 463 vidit,
1987 403 2042 451 et
2071 397 2118 454 A
2144 397 2477 455 Anastasius
2535 397 2842 455 honoriﬁce
2879 401 3126 473 suscepit
3161 410 3219 459 ut
3263 402 3528 463 veritatis
3570 402 3800 460 inimi-

454 484 619 538 alium
656 485 885 540 militem
921 493 1041 557 post
1078 494 1286 557 tergum
1322 487 1646 542 clamantem
1684 486 2044 544 :Conscroate
2147 507 2278 560 eos,
2313 501 2369 548 et
2398 509 2494 549 eos
2523 497 2618 564 qui
2674 480 3144 551 conturbaverant
3212 496 3525 567 Orientem,
3592 507 3660 554 et
3697 497 3801 552 hic

453 579 671 633 domum
710 580 764 633 iu
787 596 893 650 qua
938 581 1241 650 sepulcrum
1276 578 1519 651 Gregorii
1546 590 1645 637 est.
1694 580 1829 639 Cum
1858 590 2044 640 autem
2147 582 2336 640 eadem
2371 594 2686 656 operantes.
2711 586 2953 644 Joannes
2995 604 3126 645 vero
3156 591 3588 647 Alexandrinus
3664 589 3801 663 epi-

458 682 619 728 terrae
645 684 825 731 motus
856 673 1034 731 factus
1082 674 1306 739 fuiSset,
1358 676 1594 745 plurima
1627 692 1759 748 pars
1800 677 2045 735 civitatis
2149 682 2500 751 scopusiduo
2555 682 2724 736 millia
2780 683 3042 739 librarum
3088 685 3208 740 auri
3265 686 3398 741 dare
3453 686 3801 758 spopondit

458 768 691 830 corruit,
716 776 942 837 excepta
968 765 1131 821 domo
1155 765 1400 836 Gregorii
1429 767 1827 839 thaumaturgl.
2151 773 2492 842 imperatori,
2517 774 2559 829 si
2580 773 2818 844 perfecte
2841 775 3067 847 ejiceret
3093 777 3551 835 Chalcedonense
3581 778 3799 835 conci-

530 860 718 916 Mundi
773 878 919 918 anno
978 862 1138 922 5999,
1188 861 1389 917 divinae
1442 852 1844 921 incarnationis
1900 879 2049 922 anno
2152 864 2842 938 lium:imperatorautem
2867 870 3247 927 Macedonium
3274 872 3797 945 cogebatapocri-

462 956 586 1022 499,
615 957 944 1015 Anastasius
978 956 1162 1028 quiete
1200 958 1406 1029 potitus
1455 973 1485 1013 a
1516 959 1740 1029 praeliis,
1789 958 2051 1017 Maecdo—
2154 959 2339 1015 siariis
2366 962 2779 1018 communicare
2805 960 3060 1033 Joannis,
3092 964 3469 1038 Joannemque
3498 967 3793 1037 recipere

463 1051 615 1105 nium
650 1052 1017 1122 patriarcham
1045 1063 1297 1108 avertere
1322 1052 1391 1107 ab
1420 1052 1731 1109 orthodoxa
1770 1054 1874 1111 (ide
1900 1062 2051 1110 sata-
2154 1054 2466 1123 synodum',
2510 1069 2691 1125 neque
2732 1057 3089 1129 recipientem
3122 1075 3300 1131 neque
3337 1062 3787 1132 projicientem.

464 1142 647 1213 gebat.
683 1143 838 1198 Multi
880 1155 1061 1199 autem
1123 1145 1512 1215 episcoporum
1564 1145 1863 1203 Anastasio
1915 1163 2043 1219 gra-
2155 1141 2509 1200 Macedonius
2581 1152 2764 1201 autem
2815 1147 3043 1215 restitit,
3101 1148 3296 1207 dicens
3351 1168 3460 1207 non
3520 1151 3655 1207 illis
3727 1167 3796 1208 se

466 1237 595 1291 tiam
628 1245 952 1309 praestantes
974 1237 1410 1294 Chalcedonensi
1441 1239 2049 1312 resistebantconcilio,
2159 1237 2749 1305 communicaturum,
2799 1240 2905 1296 nisi
2963 1241 3335 1298 conﬁteantur
3400 1254 3674 1309 matrem,
3719 1251 3783 1298 et

466 1345 700 1399 quorum
757 1332 969 1401 primus
1016 1342 1135 1386 erat
1166 1332 1426 1389 Eleusius
1465 1333 1825 1391 Sasimensis.
1855 1333 2055 1404 Quem-
2157 1331 2484 1405 magistram
2534 1334 2806 1407 synodum
2864 1335 3394 1395 Chalcedonensem.
3464 1338 3779 1396 Caeterum

466 1424 593 1479 dam
625 1434 807 1480 autem
860 1422 1216 1482 Manichmum
1278 1424 1476 1499 Syrum
1531 1428 1697 1484 simul
1741 1437 1796 1485 et
1829 1429 2053 1487 Persam
2156 1426 2757 1500 Deuteriuscpiscopus
2807 1427 3139 1486 Arianorum
3169 1429 3417 1503 Byzantii
3460 1433 3790 1503 baptizans

468 1518 797 1575 Anastasius
849 1517 1079 1575 adduxit
1118 1535 1147 1574 a
1176 1520 1381 1592 Cyzico
1412 1520 1466 1576 in
1498 1521 1687 1576 habitu
1722 1524 2052 1594 presbyteri,
2159 1523 2451 1594 quemdam
2480 1523 2660 1579 virum
2703 1524 2928 1580 nomine
2955 1525 3282 1595 Barbarum,
3320 1536 3523 1597 praeter
3570 1525 3789 1580 Domi-

483 1616 576 1685 qui
599 1614 778 1669 aliena
807 1614 1151 1670 abEcclesice
1181 1616 1389 1671 sanctis
1425 1616 1759 1687 imaginibus
1810 1619 2057 1675 scribere
2160 1618 2339 1673 nicam
2397 1618 2746 1675 traditionem
2801 1634 2971 1677 ausus
3027 1632 3109 1677 est
3161 1620 3391 1677 dicere:
3426 1619 3790 1689 Baptizatur

475 1706 827 1779 praesumpsit
858 1718 910 1762 et
932 1706 1179 1763 fabulosa
1212 1709 1265 1761 in
1304 1709 1508 1778 palatio
1550 1708 2055 1781 Helenianensium,
2097 1753 2139 1809 Β
2164 1709 2438 1765 Barbarus
2484 1712 2539 1766 in
2566 1713 2774 1768 nomine
2802 1711 2984 1768 Patris
3025 1728 3118 1782 per
3178 1713 3392 1768 Filium
3432 1714 3487 1768 in
3542 1714 3782 1783 Spiritu

473 1809 604 1857 voto
646 1801 996 1870 imperatoris
1062 1801 1378 1857 Manichaais
1420 1805 1879 1876 congratulantis.
1906 1803 2065 1862 Unde
2097 1801 2135 1809 ’⁷
2169 1812 2475 1870 sancto;°ct
2498 1806 2686 1861 statim
2720 1805 3005 1862 lavacrum
3035 1806 3379 1863 exsiccatum
3409 1814 3515 1863 est.
3554 1806 3792 1863 Barba-

474 1900 529 1947 rt
554 1893 753 1949 seditio
777 1893 963 1964 populi
1001 1892 1145 1947 facta
1204 1904 1288 1951 est
1343 1910 1563 1965 magna.
1596 1897 1750 1951 Tunc
1788 1906 1841 1954 et
1872 1900 2068 1970 prazfe-
2167 1912 2266 1956 rus
2321 1913 2452 1955 vero
2497 1899 2695 1956 timore
2750 1900 3080 1971 perterritus
3155 1898 3316 1972 fugit,
3372 1910 3427 1958 et
3492 1900 3792 1957 omnibus

477 1998 625 2041 ctum
656 1986 983 2043 Anastasius
1012 1986 1067 2041 in
1105 1988 1353 2044 collectis
1385 1998 1439 2045 et
1479 1989 1691 2046 litaniis
1738 1994 2070 2065 excogitavit
2168 2000 2359 2049 notum
2390 1990 2518 2048 fecit
2571 1991 2927 2049 miraculum.
2954 1993 3128 2049 Porro
3156 1980 3460 2065 imperator
3493 1992 3788 2059 Macedo-

476 2081 743 2152 snbsequi
777 2097 791 2136 :
830 2080 1217 2138 timebatenim
1262 2082 1698 2139 orthodoxorum
1744 2084 2066 2157 seditiones,
2168 2084 2319 2139 nium
2369 2082 2936 2157 Constantinopoleos
2988 2085 3310 2158 episcopum
3364 2085 3606 2157 cogehat
3642 2100 3793 2141 ana-

477 2182 532 2230 et
581 2173 786 2230 factum
843 2184 929 2232 est
980 2176 1036 2231 in
1085 2176 1567 2233 consuetudinem.
1622 2177 1887 2235 Xenaiam
1941 2196 2071 2237 vero
2172 2178 2530 2235 thematizare
2593 2176 3045 2237 Chalcedonense
3104 2180 3420 2245 concilium,
3492 2178 3788 2250 quemad-

478 2267 656 2325 Manis
706 2275 1137 2326 consentaneum
1189 2268 1340 2325 duxit
1404 2270 1731 2328 Anastasius
1801 2271 2073 2331 Constan-
2172 2270 2396 2325 modum
2427 2277 2483 2326 et
2512 2268 2722 2326 Heliam
2758 2269 3341 2344 Hierosolymitanum.
3369 2273 3470 2327 Ast
3501 2270 3786 2327 Macedo-

483 2361 768 2434 tinopolim
867 2370 1128 2434 tanquam
1225 2373 1556 2419 sectatorem
1635 2379 1835 2433 suum,
1907 2384 2070 2439 quem
2172 2363 2299 2419 nius
2351 2364 2559 2434 absque
2614 2364 2913 2421 universali
2984 2364 3235 2436 synodo,
3289 2381 3412 2437 quae
3465 2366 3780 2436 praesulem

478 2455 832 2513 Macedonius
896 2472 1071 2529 neque
1144 2458 1528 2514 communione
1616 2476 1793 2533 neque
1904 2463 2074 2519 verbo
2174 2456 2484 2513 Romanum
2548 2456 2779 2514 haberet
2820 2457 3164 2529 episcopum,
3238 2446 3591 2531 impossibile
3656 2458 3787 2515 fore

477 2553 704 2628 dignum
767 2554 939 2621 clero,
984 2553 1273 2610 monachis
1348 2561 1403 2609 et
1464 2554 1668 2626 populo
1742 2557 2074 2615 conturbato
2173 2551 2279 2609 hoc
2302 2567 2361 2609 se
2396 2552 2578 2609 facere
2602 2552 2903 2609 fatebatur.
2956 2551 3113 2609 Unde
3144 2553 3407 2617 inimicus
3451 2554 3498 2610 ei
3531 2553 3784 2611 effectus

475 2646 768 2716 judicavit.
829 2644 983 2702 Unde
1009 2653 1065 2702 et
1112 2660 1238 2702 eum
1288 2648 1624 2704 Anastasius
1692 2648 1931 2705 latenter
2000 2649 2075 2707 ab
2174 2645 2474 2717 imperator
2495 2644 2879 2717 confugientes
2900 2645 2966 2700 ad
2990 2645 3254 2703 ecclesias
3280 2646 3546 2721 violenter
3576 2656 3785 2702 extra-

482 2738 619 2796 urbe
649 2739 861 2795 eduxit.
898 2738 1251 2797 Macedonius
1288 2755 1419 2797 vero
1443 2739 1732 2796 Acbolium
1757 2742 2072 2813 quemdam,
2176 2741 2306 2796 here
2334 2739 2524 2810 jussit,
2555 2748 2609 2795 et
2652 2740 2902 2795 ecclesiis
2942 2740 3326 2796 haereticorum
3374 2740 3781 2796 intemeritatis

481 2832 578 2905 qui
610 2842 890 2890 exemerat
942 2835 1208 2891 adversus
1255 2849 1317 2891 se
1350 2836 1676 2891 machaeram
1716 2851 1785 2891 ex
1830 2834 2076 2893 submis-
2175 2830 2523 2890 deﬁnitiones
2567 2832 2891 2890 concessit:
2947 2841 3222 2904 quotquot
3266 2844 3447 2889 autem
3496 2833 3699 2890 clerici
3721 2842 3782 2889 et

484 2928 639 2984 sione
700 2927 1055 2984 inimicorum
1101 2944 1356 2994 suorum,
1406 2943 1506 3000 per
1563 2928 1815 3001 singulos
1856 2943 2074 2987 menses
2177 2925 2301 2981 laici
2334 2925 2800 2999 Byzantiierant,
2840 2927 2983 2998 apud
3036 2924 3301 2982 Severum
3330 2935 3385 2982 et
3429 2925 3779 2983 Manicbteos

483 3036 734 3078 annonas
778 3022 1034 3093 praecepit
1085 3024 1360 3093 accipere,
1415 3036 1588 3093 super
1638 3021 2073 3079 mansuetudine
2176 3017 2493 3075 Orientales
2521 3017 2809 3074 htereticos
2830 3017 3118 3086 vacabant,
3141 3026 3337 3074 contra
3368 3016 3772 3073 Macedoniutn

482 3114 848 3173 collaudatus.
886 3114 999 3171 [loc
1022 3128 1203 3172 autem
1234 3124 1289 3171 et
1313 3116 1369 3171 in
1391 3115 1584 3187 egenis
1605 3114 1896 3189 sacrilegis
1923 3116 2063 3188 egit.
2096 3136 2140 3194 ο
2175 3120 2508 3185 satagentes.
2557 3110 2732 3167 Porro
2772 3110 2966 3169 deil'eri
3025 3113 3282 3168 monachi
3317 3153 3332 3175 ,
3378 3112 3472 3195 qui
3509 3112 3562 3166 in
3599 3111 3777 3166 Palae-

558 3207 746 3263 Mundi
798 3223 942 3265 anno
1001 3208 1180 3276 6001,
1235 3207 1435 3264 divina:
1482 3206 1883 3266 incarnationis
1924 3223 2073 3266 anno
2176 3207 2320 3263 stina
2351 3212 2529 3273 erant,
2556 3205 2741 3261 divina
2772 3205 2904 3261 moti
2940 3206 3290 3265 reniulatione
3321 3220 3522 3261 venere
3550 3203 3779 3277 Byran—

490 3301 620 3368 501,
666 3302 993 3359 Anastasius
1048 3301 1349 3373 imperator
1409 3300 1733 3357 Flavianum
1780 3302 2077 3359 Antioche—
2178 3299 2311 3354 tium
2341 3306 2536 3355 contra
2586 3296 2855 3355 Severum
2899 3306 2954 3354 et
3014 3298 3320 3354 monachos
3372 3296 3466 3370 qui
3516 3310 3774 3373 cum'eo

494 3413 622 3452 num
657 3397 836 3469 coegit
859 3397 1079 3454 enotico
1108 3396 1347 3452 Zenonis
1383 3395 1773 3464 subscribere;
1804 3396 1897 3469 qui
1931 3395 2073 3453 facta
2176 3398 2355 3447 erant.
2406 3389 2717 3448 DorOtheus
2760 3398 2944 3447 autem
2990 3390 3300 3446 monachus
3356 3387 3779 3453 Alexandrinus

493 3493 705 3565 synodo
802 3494 1189 3564 episcoporum
1285 3491 1708 3563 subdegentium
1820 3507 2076 3549 versuum
2179 3483 2479 3540 multorum
2545 3480 2808 3541 versuum
2855 3482 3060 3540 librum
3094 3482 3266 3540 edidit
3314 3499 3413 3555 pro
3458 3481 3776 3539 Chalcedo-

496 3590 793 3644 multorum
827 3589 1109 3658 epistolam
1134 3588 1381 3659 scripsit,
1424 3585 1725 3654 Nicaenam,
1760 3585 2081 3643 Constanti-
2179 3577 2335 3633 ηειηεὶ
2391 3576 2651 3642 concilio,
2684 3569 2874 3647 ‘quem
2914 3575 3302 3649 deditllasnae
3356 3577 3516 3632 uxori
3577 3571 3777 3630 fratris

495 3679 866 3750 nopolitanam
932 3688 986 3735 et
1061 3679 1395 3749 Ephesinam
1448 3678 1719 3735 conﬁtens
1798 3678 2076 3750 synodos,
2181 3670 2639 3737 Αιιεδῐαείῖνουιη
2665 3676 2817 3726 θεεθι
2848 3666 3218 3725 οΐιὶιοάοἰιιε-
3264 3667 3382 3740 Ipsa
3420 3681 3553 3723 vero
3612 3666 3774 3721 AM°

495 3772 999 3829 Chalcedonensem
1056 3779 1238 3827 autem
1281 3770 1471 3828 tacuit.
1507 3770 1843 3843 Reprobavit
1894 3780 2079 3828 autem
2183 3764 2356 3822 stasio
2377 3763 2574 3819 librum
2618 3760 2841 3828 obtulit,
2861 3775 3091 3835 sperans
3134 3776 3233 3833 per
3284 3762 3428 3817 hunc
3477 3776 3600 3816 eum
3654 3756 3777 3816 fore

502 3865 827 3930 Diodorum,
888 3864 1139 3921 subdens
1195 3865 1435 3936 capitula
1486 3873 1760 3936 quatuor,
1818 3880 1915 3937 per
1961 3879 2082 3935 quae
2183 3856 2546 3924 mutandum;
2584 3868 2749 3925 quem
2812 3868 2937 3908 cum
2980 3852 3206 3924 legisset
3233 3861 3286 3909 et
3343 3862 3540 3924 praeter
3578 3862 3773 3906 votum

500 3976 625 4017 cum
655 3958 1096 4016 Chalcedonensi
1126 3968 1354 4031 apparet
1386 3976 1498 4018 non
1523 3974 1837 4016 consonare
1891 3958 2081 4015 conci-

500 4054 595 4120 lio,
629 4054 867 4107 maxime
897 4067 1086 4108 vocem
1108 4051 1344 4107 duarum
1375 4060 1701 4107 naturarum
1726 4052 2078 4122 impugnans.

500 4146 671 4203 Aiunt
702 4153 963 4218 pra-terea
1001 4145 1225 4217 quidam
1258 4146 1375 4201 haec
1396 4145 1581 4201 Acacii
1622 4145 2084 4216 Constantinopoo

502 4238 619 4293 leos
674 4252 818 4294 esse.
872 4235 1045 4292 Porro
1102 4234 1397 4293 Flavianus
1470 4243 1741 4292 secretam
1791 4236 2082 4308 epistolam

502 4329 729 4400 scripsit
756 4329 1071 4393 Anastasio,
1093 4328 1453 4385 intentionem
1470 4328 1592 4399 ejus
1620 4336 1884 4387 sectatus.
1917 4328 2086 4386 Simi-

503 4424 628 4479 liter
666 4420 905 4478 Xenaias
934 4421 1159 4493 impius,
1197 4420 1293 4494 qui
1329 4430 1383 4479 et
1412 4433 1851 4494 praesumptuose
1885 4438 2085 4496 gerens

503 4515 714 4571 addidit
762 4515 849 4573 his
906 4514 1163 4586 capitulis
1210 4516 1499 4573 anathema
1551 4525 1743 4572 contra
1797 4495 2161 4574 divinissi-D

505 4624 653 4664 mum
680 4608 921 4665 Leonem
980 4608 1287 4664 lionianum
1317 4617 1374 4665 et
1403 4611 1673 4682 synodum
1716 4625 1783 4666 ac
1812 4611 1921 4668 illis
1951 4627 2083 4667 ροη-

503 4702 831 4760 sentientes.
864 4703 933 4759 At
963 4717 1093 4759 vero
1124 4703 1538 4759 Constantinus
1566 4702 1863 4774 epise0pus
1895 4704 2086 4759 Selene

504 4799 603 4851 cite
661 4796 1168 4854 Chalcedonensem
1224 4796 1495 4868 synOdum
1560 4797 2081 4853 nnathematizabat.

504 4889 677 4947 Porro
717 4890 1011 4948 Flavianus
1044 4900 1104 4946 ut
1166 4892 1439 4962 derogans
1475 4891 1699 4961 scripsit
1740 4892 2082 4963 imperatori,

506 4985 759 5042 indicans
821 4986 959 5042 haec.
1015 4984 1320 5057 Imperator
1372 4992 1555 5041 autem
1613 4985 1934 5057 indignatus
2003 4994 2088 5041 est

508 5079 777 5137 adversus
807 5095 955 5145 eum,
1011 5078 1430 5135 Constantinum
1491 5078 1673 5151 potius
1721 5088 1777 5135 et
1825 5077 2088 5133 Xenaiam

508 5168 841 5239 suscipiens.
876 5160 1041 5224 Heiim
1087 5186 1218 5226 vero
1266 5169 1530 5241 episcopo
1586 5168 2089 5241 Hierosolymitano

512 5263 734 5334 scripsit
768 5263 1315 5335 Anastas'rusjubens
1362 5275 1554 5320 contra
1586 5264 2088 5321 Clialeedonensem

510 5357 808 5414 decernere
831 5357 1138 5430 synodum;
1166 5357 1258 5428 qui
1287 5357 1575 5430 rescripsit
1607 5358 1926 5429 imperatori
1957 5362 2092 5412 ana;

511 5448 880 5506 thematizans
906 5446 1244 5515 Nestorium,
1274 5445 1560 5521 Eutychen
1580 5458 1746 5521 atque
1767 5448 2089 5517 Diodorum,

512 5547 567 5595 et
636 5540 932 5595 concilium
1007 5538 1457 5596 Chalcedonense
1516 5541 1811 5612 recipiens.
1880 5540 2091 5599 Interea

516 5632 771 5689 tuonacbi
827 5631 1052 5703 quidam
1102 5634 1345 5690 haeretici
1397 5635 1643 5698 ducenti,
1688 5635 1975 5691 venientes
2026 5634 2093 5691 ab

512 5723 736 5783 Oriente
777 5724 1098 5798 Byzantium
1132 5743 1238 5783 una
1275 5742 1400 5783 cum
1430 5728 1636 5787 Severo
1669 5729 1834 5800 impio
1858 5770 1871 5794 ,
1899 5734 2092 5784 contra

522 5818 892 5877 Macedonium
958 5831 1121 5897 atque
1181 5824 1472 5882 concilium
1550 5824 1921 5883 decertabant.
1984 5822 2096 5881 llos

2184 3964 2346 4005 suum
2369 3962 2492 4005 esse
2522 3947 2841 4019 reperisset,
2882 3944 3216 4002 Dorotheum
3246 3944 3388 4016 apud
3413 3942 3580 3999 Oasin
3614 3941 3776 4000 exsi-

2184 4044 2257 4101 lio
2288 4042 2529 4100 destinat
2566 4050 2621 4100 et
2650 4043 2857 4099 librum
2885 4055 2987 4114 pro
3041 4040 3214 4096 nihilo
3263 4038 3433 4105 ducit,
3484 4053 3550 4093 eo
3617 4035 3770 4109 quod

2185 4136 2596 4208 superscriptus
2642 4144 2791 4192 esset
2832 4133 3148 4207 Tragoedia,
3212 4132 3266 4187 id
3303 4140 3427 4199 est,
3481 4129 3771 4201 prophetia

2186 4229 2444 4288 instantis
2475 4228 2913 4289 constitutionis.
2971 4225 3438 4299 quemadmodum
3491 4239 3521 4279 a
3567 4236 3769 4295 magno

2186 4322 2387 4379 Basilio
2408 4321 2564 4377 aiunt
2599 4319 2774 4377 fuisse
2804 4320 3015 4375 dictum
3042 4328 3236 4374 contra
3259 4315 3558 4372 lulianum.
3590 4312 3767 4369 Mace-

2188 4417 2390 4473 donius
2420 4423 2605 4473 autem
2658 4413 2980 4470 Flavianum
3034 4412 3446 4468 Antiochenum
3492 4415 3547 4467 et
3579 4422 3767 4465 omnes

2186 4510 2278 4582 qui
2339 4514 2735 4581 praesumerent
2790 4506 2978 4563 dicere
3004 4503 3136 4577 quid
3199 4504 3465 4559 adversus
3494 4501 3762 4576 synodum

2187 4602 2695 4668 anathematizavit,
2735 4610 2791 4658 et
2821 4599 3214 4670 apocrisiarius
3265 4596 3512 4652 Flaviani
3543 4595 3763 4652 venien-

2188 4706 2269 4752 tes
2291 4693 2360 4751 ad
2387 4710 2446 4753 se
2478 4702 2703 4766 propter
2732 4692 3001 4765 quasdam
3034 4692 3393 4748 necessitates
3440 4690 3764 4745 anathema-

2188 4789 2375 4846 tizavit
2427 4799 2484 4846 et
2542 4791 2823 4846 insecutus
2860 4794 2965 4843 est.
3025 4783 3297 4842 Vicesimo
3359 4799 3495 4840 sane
3555 4778 3764 4854 imperii

2187 4884 2463 4942 Anastasii
2487 4898 2630 4939 anno
2662 4883 2902 4955 synodus
2935 4879 3079 4951 apud
3125 4880 3380 4934 Sidonem
3408 4884 3761 4949 prmparatur.

2189 4978 2507 5035 Soterichus
2538 4978 2685 5034 enim
2733 4977 3024 5047 episcopus
3050 4973 3314 5030 Cesarete
3360 4970 3715 5043 Cappadocia:
3734 4982 3763 5023 a

2191 5072 2508 5130 Macedonio
2564 5069 2977 5127 consecrandus
3009 5084 3069 5126 se
3126 5067 3181 5123 in
3215 5066 3434 5137 scriptis
3484 5064 3762 5138 professus

2191 5174 2275 5224 est
2304 5165 2560 5238 dogmata
2588 5162 3055 5220 Chalcedonensis
3100 5160 3296 5234 synodi
3342 5167 3532 5232 utpote
3577 5156 3762 5214 delini-

2192 5262 2393 5317 tioncm
2428 5260 2548 5316 fidei
2577 5269 2943 5329 recepturum.
2968 5255 3102 5313 Post
3136 5257 3251 5311 haec
3280 5264 3460 5312 tamen
3496 5254 3632 5308 adeo
3684 5253 3761 5308 fa-

2193 5357 2315 5407 ctus
2339 5356 2423 5404 est
2455 5348 2630 5404 hostis
2662 5356 2722 5403 ut
2752 5346 2891 5401 mori
2923 5346 3063 5402 velle
3096 5353 3415 5401 cerneretur
3454 5345 3508 5399 in
3546 5342 3761 5399 Oriente

2193 5459 2317 5501 cum
2370 5442 2578 5499 Xenaia
2631 5441 2872 5507 locutus,
2926 5446 2979 5497 et
3026 5439 3186 5496 ambo
3242 5454 3341 5510 pro
3371 5438 3579 5511 synodo
3626 5433 3761 5510 apud

2196 5538 2455 5596 Sidonem
2482 5534 2763 5593 cliicienda
2791 5534 3177 5605 imperatorem
3209 5532 3494 5604 petiissent
3519 5531 3572 5587 in
3595 5528 3762 5587 omni-

2198 5630 2415 5690 modam
2441 5629 2766 5700 eiectionem
2802 5626 2978 5683 sancti
3010 5624 3478 5683 Chalcedonensis
3513 5624 3759 5690 concilii;

2197 5742 2319 5802 qua:
2352 5733 2556 5782 statuta
2584 5724 2852 5780 maturius
2882 5721 3147 5778 dissoluta
3197 5726 3303 5785 est,
3339 5720 3668 5791 imperatore
3698 5717 3758 5775 ad

2198 5822 2302 5879 hoc
2360 5817 2680 5890 Eutropium
2724 5815 3003 5873 tribunum
3059 5814 3328 5879 mittente,
3370 5811 3460 5883 qui
3506 5822 3558 5869 ct
3590 5814 3760 5870 disso-
