4038 6298
312 324 454 388 1265

1100 329 1464 393 HISTORIA
1495 331 2074 398 ECCLESIASTICA
2109 338 2214 401 EX
2251 339 2735 406 THEOPHANE.

3453 343 3592 409 1246

307 444 425 501 luta
451 459 514 500 ea
562 444 673 516 egit
729 455 786 500 ut
847 445 1146 504 Flavianus
1199 446 1581 506 Autiocbenus
1628 461 1682 508 et
1718 450 1902 512 Helias
1928 476 1975 534 Α
2004 449 2456 514 declamatorium
2484 472 2820 523 sermonem,
2847 457 2992 530 quod
3017 458 3323 528 susciperet
3345 468 3595 516 sanctam

307 537 859 608 Hierosolymitanus
897 555 1005 594 una
1035 555 1163 595 cum
1198 541 1474 612 episcopis
1514 544 1635 599 suis
1667 543 1900 616 impera-

309 632 441 696 tori,
468 647 592 702 qure
621 633 764 702 apud
798 630 1081 686 Sidoniam
1119 642 1274 705 gesta
1299 635 1540 703 fuerant,
1573 639 1899 696 scriberent.

309 723 611 782 Flavianus
643 741 776 781 vero
807 736 918 782 tres
953 729 1339 784 tantummodo
1371 733 1612 802 synodos
1645 741 1698 788 et
1729 732 1908 788 Zeno-

311 817 402 876 nis
435 818 688 875 exoticon
719 834 779 874 se
829 821 1109 890 suscipere
1144 821 1390 892 scripsit,
1438 822 1906 883 Chalcedonensis

313 912 646 966 mentionem
679 927 788 966 non
820 911 1044 967 faciens.
1079 913 1261 970 Helias
1319 931 1540 986 quoque
1587 916 1906 992 Hierosoly-

311 1004 554 1060 rnit-anus
576 1004 737 1061 etiam
769 1003 1272 1062 Chalcedonensem
1303 1022 1366 1063 se
1395 1010 1619 1080 scripsit
1647 1010 1904 1082 abjicere.

314 1099 644 1155 Soterichus
679 1109 860 1155 autem
917 1100 1274 1156 Caesariensis
1299 1112 1355 1156 et
1405 1099 1645 1160 Xenaias
1715 1114 1908 1160 contra

313 1191 631 1250 Flavianum
656 1204 710 1249 et
738 1194 947 1249 Heliam
969 1205 1366 1265 suggesscrunt
1389 1195 1725 1266 imperatori,
1757 1199 1904 1268 quod

317 1302 417 1357 pro
435 1304 500 1344 eo
515 1288 660 1358 quod
681 1296 908 1345 nossent
924 1303 1182 1357 expresse
1196 1297 1385 1346 contra
1400 1290 1668 1360 synodum
1688 1290 1907 1347 Chalceo

311 1382 612 1437 donensem
637 1367 1535 1449 sententiamferre,convenerunt
1552 1383 1617 1437 ad
1643 1383 1901 1440 invicem.

313 1475 644 1531 Anastasius
674 1484 857 1530 autem
890 1475 1066 1532 iratus
1108 1475 1357 1530 incitavit
1399 1477 1700 1533 monachos
1731 1492 1902 1549 quos-

314 1568 442 1622 dam
468 1566 639 1624 falsos
667 1569 962 1624 convenire
989 1566 1136 1638 apud
1164 1568 1510 1624 Antiochiam
1554 1578 1608 1624 et
1643 1569 1908 1626 adversus

312 1660 642 1715 Flavianum
683 1661 994 1732 insurgere,
1028 1668 1278 1732 petentes
1307 1678 1434 1718 eum
1459 1663 1906 1732 Chalcedonense

314 1752 789 1809 anathematizare
815 1755 1114 1811 concilium
1146 1765 1200 1811 et
1235 1755 1532 1812 Diodorum
1567 1764 1622 1812 et
1646 1756 1904 1815 Theodo-

2009 548 2517 606 Chalcedonensem
2580 552 2872 623 synodum,
2919 566 3124 622 eosque
3171 554 3270 622 qui
3313 553 3452 606 hanc
3483 567 3592 607 non

2008 645 2378 715 susciperent,
2416 643 2704 700 haereticos
2726 644 2985 710 haberet;
3033 655 3086 699 et
3116 645 3598 700 comministravc-

2010 747 2140 791 runt
2214 738 2286 792 ei.
2343 737 2650 806 Imperator
2693 746 2875 791 autem
2945 737 3262 793 muneribus
3322 738 3600 808 persuasit

2011 830 2403 886 consentaneis
2446 833 2642 901 ipsius,
2674 831 2892 886 clericis
2937 831 3147 908 scilicet
3191 837 3244 887 et
3291 830 3593 893 monachis,

2009 925 2177 980 alium
2213 925 2530 995 episcopum
2567 925 2833 994 eligendi;
2877 923 3022 994 quod
3081 931 3135 978 et
3188 921 3494 978 Areadnem
3544 934 3597 977 et

2009 1033 2240 1088 magnos
2273 1033 2338 1072 ex
2389 1015 2743 1072 senatoribus
2795 1014 3201 1070 contristabat:
3263 1013 3599 1084 diligebatur

2007 1112 2154 1167 enim
2188 1110 2538 1165 Macedonius
2578 1117 2802 1178 propter
2863 1112 2982 1162 vitm
3017 1107 3340 1162 munditiam
3397 1113 3451 1160 et
3502 1107 3602 1161 do-

2009 1213 2251 1271 gmatum
2284 1198 2686 1263 rectitudinem,
2713 1199 2835 1252 licet
2867 1198 3128 1266 deceptus
3163 1197 3354 1253 fuerit.
3386 1197 3603 1251 instru-

2023 1294 2101 1348 xit
2125 1306 2304 1348 autem
2337 1292 2639 1362 imperator
2671 1292 2804 1347 duos
2834 1292 3101 1361 quosdam
3165 1307 3397 1362 nequam
3429 1307 3599 1346 accuo

2011 1399 2136 1439 sare
2212 1382 2588 1438 Macedoniutn
2664 1384 2821 1454 quasi
2915 1399 3211 1453 puerorum
3296 1391 3600 1440 amatorem

2013 1476 2217 1546 pariter
2257 1485 2309 1530 et
2347 1475 2666 1531 hzereticum
2700 1516 2716 1540 ,
2747 1483 2798 1529 et
2833 1475 2949 1530 base
2978 1475 3260 1548 porrigere
3292 1475 3346 1531 in
3374 1477 3596 1548 scriptis

2010 1567 2265 1641 pra-fectu
2298 1580 2356 1625 et
2395 1569 2682 1639 magistro.
2718 1567 2986 1624 Similiter
3026 1579 3209 1625 autem
3241 1579 3434 1624 contra
3474 1585 3601 1642 pre-

2013 1664 2270 1735 sbyteros
2295 1662 2632 1718 etdiaconos
2646 1661 3004 1717 orthodoxos.
3030 1661 3204 1718 tussit
3231 1672 3412 1719 autem
3439 1662 3595 1719 Cele-

2018 1774 2133 1815 rem
2188 1757 2512 1827 magistrum
2571 1756 2844 1824 deponere
2897 1756 3162 1811 violenter
3200 1770 3329 1812 eum
3371 1756 3442 1812 ab
3484 1756 3604 1827 epi-

315 1863 438 1902 rum
461 1854 516 1903 et
549 1847 698 1902 ibam
717 1856 772 1903 et
796 1847 1236 1917 Theodoretum;
1267 1849 1414 1921 quod
1436 1857 1490 1906 et
1517 1849 1647 1906 fecit
1685 1854 1918 1923 pusilla-
1947 1847 1996 1907 B
2025 1855 2236 1926 sc0pio,
2267 1856 2538 1910 clamante
2557 1852 2876 1908 Macedonio
2897 1868 2955 1908 se
2988 1860 3238 1924 prompte
3275 1851 3606 1924 respondere

316 1942 502 1996 nimus
531 1939 714 1996 factus
749 1939 1070 2008 Flavianus,
1111 1951 1167 1998 et
1229 1949 1428 1998 contra,
1479 1943 1784 2000 Ecclesiam
1816 1961 1913 2003 eos

321 2035 815 2091 anathematizavit
877 2051 986 2090 una
1035 2051 1160 2091 cum
1223 2038 1454 2108 synodo.
1511 2036 1715 2094 Eodem
1768 2054 1914 2095 anno

316 2138 513 2185 contra
542 2129 915 2185 Macedoniam
949 2131 1256 2201 imperator
1289 2131 1517 2201 agebat;
1559 2143 1617 2188 et
1647 2134 1916 2190 schisma-

315 2226 412 2280 tici
443 2241 566 2279 cum
591 2225 886 2282 conductis
909 2226 1121 2294 turbis,
1179 2225 1235 2280 in
1269 2225 1614 2296 Archangelo
1644 2229 1828 2296 palatii
1860 2239 1912 2285 et

320 2318 374 2370 in
407 2317 596 2389 Magna
639 2319 877 2373 ecclesia
902 2320 1206 2389 psallentes
1233 2320 1288 2374 in
1329 2319 1611 2375 Dominica
1633 2320 1722 2376 die
1750 2321 1914 2377 trisa-

317 2412 446 2480 gion
483 2451 497 2474 ι
537 2411 813 2467 addebant
865 2414 920 2466 in
969 2426 1072 2468 eo:
1133 2412 1240 2479 Qui
1272 2413 1567 2484 cruciﬁxus
1617 2430 1674 2468 es
1703 2421 1917 2483 propter

325 2522 445 2569 nos,
477 2505 552 2559 ita
582 2493 640 2560 ut
663 2505 956 2561 orthodoxi
991 2523 1055 2562 ex
1088 2506 1422 2562 necessitate
1446 2522 1573 2561 cum
1611 2507 1789 2578 plagis
1815 2522 1912 2562 eos

321 2598 762 2669 insequerentur.
847 2597 1152 2668 Imperator
1227 2613 1358 2653 vero
1442 2598 1732 2654 manifeste
1815 2614 1912 2669 per

318 2690 702 2770 schismaticos
759 2693 1062 2748 monachos
1119 2701 1172 2746 et
1223 2693 1456 2747 clericos
1520 2700 1575 2746 et
1633 2690 1912 2749 Iulianum

325 2785 500 2840 Cariae
531 2793 684 2851 tunc,
723 2785 922 2840 deinde
971 2799 1104 2839 vero
1149 2783 1520 2839 Halicarnassi
1570 2786 1913 2856 episcopum,

325 2887 381 2933 et
435 2876 698 2932 Severum
738 2878 1086 2949 episcopum,
1132 2876 1311 2931 adhuc
1341 2879 1694 2943 monachum,
1737 2879 1917 2950 ἰιιψιιο

321 2961 522 3039 gnabat
571 2968 950 3026 Macedoniam
978 3012 994 3036 ,
1059 2969 1314 3039 turpibus
1350 2985 1475 3026 eum
1524 2969 1742 3041 publice
1777 2969 1913 3025 sub-

319 3060 547 3134 mittens
580 3062 824 3134 injuriis.
868 3062 1252 3120 Multitudines
1283 3070 1468 3118 autem
1512 3078 1637 3118 cum
1674 3061 1916 3118 mulieri-

319 3156 424 3211 bus
459 3129 728 3212 et‘libe'ris
773 3157 1174 3228 abbatibusque
1227 3155 1665 3213 orthodoxorum
1716 3170 1908 3211 mona-

320 3247 550 3303 chorum
582 3257 928 3322 congregate
949 3250 1265 3304 clamabant
1295 3267 1309 3304 :
1349 3249 1577 3320 Tempus
1629 3249 1903 3318 martyrii,

322 3340 670 3399 Christiani:
734 3359 796 3398 ne
865 3343 1298 3415 derelinquamus
1367 3340 1590 3397 Patrem
1639 3354 1906 3407 nostrum,

328 3435 550 3508 injuriis
603 3435 884 3493 lacessere
914 3437 1308 3504 imperatorem
1342 3442 1658 3505 satagentcs
1693 3445 1754 3489 ut
1791 3434 1911 3492 Ma-

327 3530 610 3587 nicheum
630 3540 687 3586 et
711 3530 1003 3600 indignum
1037 3529 1308 3601 imperio;
1333 3529 1699 3599 quiimetuens
1716 3529 1912 3585 clausit

323 3627 467 3680 ostia
495 3625 706 3696 palatii,
764 3635 821 3680 et
852 3642 1023 3681 naves
1069 3625 1400 3696 prmparavit
1427 3624 1496 3678 ad
1553 3622 1901 3695 fugiendum.

326 3718 698 3774 Macedoniam
730 3727 932 3783 autem,
979 3719 1046 3774 de
1086 3735 1200 3789 quo
1223 3717 1506 3788 iuraverat
1527 3733 1637 3774 non
1685 3732 1746 3774 se
1771 3717 1913 3773 ultra

326 3812 601 3878 visurum,
642 3796 774 3867 tune
814 3811 1045 3883 regabat
1089 3810 1294 3876 videre,
1349 3810 1737 3866 multitudines
1799 3823 1916 3865 me-

327 3916 505 3959 tuens.
526 3903 638 3960 Hoc
667 3904 875 3960 interea
908 3903 1160 3961 veniente
1181 3901 1247 3956 ad
1275 3917 1424 3969 eum,
1458 3902 1695 3973 populus
1743 3899 1914 3973 begu-

328 3999 504 4055 menis
550 4007 607 4054 et
641 3998 924 4054 monachis
983 3997 1393 4068 protestabatur
1417 3995 1648 4053 dicens:
1700 3994 1916 4052 Patrem

326 4101 564 4146 nostrum
626 4091 882 4146 habemus
935 4107 969 4145 α
1033 4090 1198 4145 vobis.
1241 4089 1460 4144 Schola:
1517 4104 1648 4145 vero
1697 4089 1912 4144 laudem

326 4185 582 4240 dicebant
637 4185 710 4252 ei,
754 4200 880 4239 cum
911 4183 1194 4238 transiret.
1249 4181 1542 4253 Ingressus
1597 4190 1783 4237 autent
1845 4181 1915 4236 ad

326 4279 676 4334 Auastasium
715 4278 896 4349 arguit
938 4293 1062 4332 eum
1107 4287 1166 4332 ut
1221 4276 1432 4332 hostem
1490 4275 1776 4342 Ecclesize;
1822 4273 1917 4345 qui

327 4371 620 4426 simulatus
649 4380 732 4426 est
766 4371 815 4425 ei
847 4371 915 4426 ad
977 4369 1168 4424 horam
1198 4369 1363 4423 uniri.
1391 4366 1596 4423 Verum
1649 4367 1906 4438 sequenti

330 4475 474 4520 anno
523 4465 740 4536 decepit
765 4464 1064 4534 imperator
1113 4461 1495 4516 Macedonium
1554 4458 1915 4531 perCelcrem

2022 1965 2135 2006 non
2161 1951 2340 2005 solum
2372 1950 2425 2004 in
2457 1949 2736 2020 praetorio,
2765 1950 2866 2006 sed
2895 1950 3062 2006 etiam
3085 1954 3138 2006 in
3186 1951 3426 2008 theatro.
3452 1949 3601 2006 Multi

2015 2059 2152 2102 vero
2171 2045 2500 2100 clericorum
2529 2044 2588 2099 in
2611 2059 2862 2101 carceres
2890 2043 3049 2101 missi
3073 2053 3207 2102 sunt.
3239 2062 3253 2100 :
3289 2046 3384 2115 qui
3405 2051 3588 2100 autem

2017 2137 2204 2206 fugere
2253 2145 2569 2208 potuerunt,
2597 2139 2739 2209 apud
2765 2138 2993 2194 llomam
3026 2147 3081 2193 et
3113 2137 3435 2197 Phari-istem
3475 2144 3607 2192 sunt

2026 2230 2286 2302 dispersi.

2091 2324 2266 2381 Porro
2317 2323 2521 2394 impius
2573 2323 2870 2396 imperator
2923 2324 3297 2381 authenticam
3354 2324 3605 2379 chartam

2017 2416 2488 2473 Chalcedonensis
2535 2416 2751 2472 concilii
2793 2426 3077 2486 gestorum
3132 2431 3230 2487 per
3273 2415 3597 2486 magistrum

2017 2509 2266 2580 accipere
2307 2526 2336 2563 a
2369 2508 2687 2566 Macedonio
2716 2517 2770 2565 et
2806 2511 3117 2580 dirumpere
3144 2509 3452 2580 satagebat.
3484 2507 3602 2562 Ma-

2015 2601 2280 2660 cedonius
2325 2618 2453 2658 vero
2497 2603 2724 2674 signans
2789 2619 2911 2657 eam
2953 2616 3122 2673 super
3165 2603 3342 2658 altare
3388 2600 3605 2671 posuit:

2015 2712 2180 2768 quam
2216 2696 2551 2768 Calopodius
2605 2697 2894 2752 eunuchus
2950 2704 3006 2751 et
3037 2709 3364 2751 meonomus
3405 2693 3610 2764 Magum

2015 2789 2266 2844 ecclesiae
2326 2788 2482 2843 furto
2524 2787 2762 2844 ablatam
2816 2788 3132 2858 imperatori
3179 2787 3397 2842 detulit.
3450 2783 3608 2842 Tunc

2017 2878 2396 2936 Macedoniam
2454 2889 2621 2935 nocte
2677 2879 2920 2934 educens
2977 2877 3275 2948 imperator
3329 2877 3610 2933 violenter

2013 2972 2424 3031 Chalcedonam
2456 2973 2631 3039 misit,
2654 2982 2709 3028 et
2736 2972 2861 3028 inde
2889 2972 3032 3044 apud
3062 2970 3382 3026 Euchsitem
3404 2971 3611 3031 exsilio

2024 3066 2262 3139 relegari
2296 3065 2582 3138 praecepit.
2606 3066 2740 3120 nihil
2764 3079 2951 3121 eorum
2977 3078 3100 3136 qua:
3128 3062 3196 3118 de
3224 3078 3284 3120 se
3311 3061 3614 3133 objiciebat

2019 3175 2267 3232 quaerere
2298 3175 2494 3225 ausus,
2525 3169 2777 3214 metuens
2804 3157 3209 3213 multitudines.
3232 3153 3467 3212 Postera
3483 3170 3613 3210 vero

2013 3254 2102 3311 die
2168 3253 2422 3324 provehit
2486 3251 2806 3324 episcopum
2871 3249 3224 3306 Timotheum
3277 3248 3609 3319 quemdam,

2019 3349 2401 3420 presbyterum
2444 3355 2499 3401 et
2543 3361 2800 3400 vasorum
2853 3342 3140 3399 custodem
3193 3341 3461 3404 ecclesia,
3511 3354 3612 3395 co.

2015 3447 2317 3512 gnomento
2347 3438 2702 3511 Lytrobulom
2733 3446 2788 3493 et
2807 3435 3064 3492 Gelonem
3093 3441 3321 3509 propter
3342 3433 3611 3504 quosdam

2017 3544 2177 3590 actus
2201 3534 2596 3588 convenientes
2613 3530 2927 3588 nominibus
2951 3546 2967 3596 ;
2997 3530 3090 3600 qui
3120 3529 3404 3602 ingressus
3429 3527 3612 3583 eccle-

2017 3629 2148 3694 sias,
2181 3628 2416 3697 primum
2450 3626 2718 3696 imagines
2761 3622 3068 3679 Hacedonii
3099 3621 3434 3693 deponebat.
3463 3629 3520 3676 et
3541 3619 3616 3675 ita

2019 3719 2259 3775 faciebat
2292 3719 2494 3774 missas
2528 3717 2665 3789 (20).
2703 3715 2972 3772 Joannem
3012 3729 3142 3771 vero
3180 3710 3617 3768 Alexandrinum

2024 3813 2083 3867 in
2136 3810 2414 3882 diptychis
2473 3807 2782 3874 ordinavit,
2830 3806 2991 3881 eique
3048 3805 3310 3877 synodica
3369 3801 3614 3873 scripsit.

2021 3905 2327 3977 imperator
2355 3911 2539 3958 autem
2567 3901 2910 3973 perpendens
2944 3899 3094 3970 quod
3120 3899 3239 3954 sine
3267 3895 3619 3968 depositione

2020 3997 2397 4054 Hacedonium
2433 4005 2490 4052 et
2532 3996 2655 4052 sine
2699 3993 2913 4066 judicio
2964 3994 3019 4047 in
3057 3992 3314 4047 exsilium
3367 3989 3619 4058 miserit,

2019 4092 2187 4150 missc
2226 4091 2494 4160 magistro
2535 4089 2737 4144 sistere
2784 4086 2916 4142 fecit
2944 4100 3067 4141 eum
3103 4085 3246 4138 ultra
3279 4081 3617 4152 Claudiopo-

2021 4189 2116 4244 lim
2159 4186 2520 4252 Hunoriadis;
2561 4183 2753 4254 sicque
2796 4182 2946 4237 illum
2980 4180 3261 4235 absentem
3299 4176 3610 4249 deponunt,

2020 4297 2144 4337 cum
2173 4281 2316 4336 idem
2332 4277 2440 4351 ipsi
2469 4276 2674 4334 fuerint
2699 4285 3072 4336 accusatores,
3095 4279 3263 4328 testes
3283 4277 3340 4325 et
3365 4269 3607 4340 iudices,

2021 4374 2323 4446 praesertim
2353 4387 2480 4426 cum
2509 4370 2620 4440 jam
2652 4378 2799 4426 esset
2825 4377 2954 4422 ante
2985 4365 3255 4436 judicium
3287 4364 3520 4434 pulsus.
3549 4368 3607 4418 et

2023 4484 2120 4539 per
2145 4466 2436 4538 episc0pos
2458 4462 2682 4518 mittunt
2707 4461 3132 4531 depositionem,
3152 4466 3210 4518 et
3233 4457 3616 4528 presbyterum

331 4557 684 4627 magistrum,
739 4554 1222 4611 commonitorium
1256 4553 1369 4624 (l9)
1407 4553 1615 4608 faciens
1669 4554 1735 4608 ad
1764 4569 1912 4618 eum,
1945 4567 1995 4628 ι)
2020 4561 2374 4634 cyzicenum,
2425 4557 2536 4614 nos
2565 4571 2692 4612 cum
2723 4555 2954 4610 νῖαξςιρι
2999 4550 3350 4606 Macedonius
3375 4590 3389 4612 ,
3435 4548 3616 4617 prius-

332 4649 387 4705 in
422 4666 532 4722 quo
559 4667 620 4707 se
642 4652 874 4723 primam
929 4650 1150 4727 quidem
1174 4657 1227 4704 et
1281 4649 1581 4704 secundam
1612 4649 1912 4704 contiteba-

331 4752 420 4797 tur
445 4745 727 4812 suscipere
748 4741 1040 4815 synodum,
1072 4735 1400 4812 Ephesinam
1449 4755 1582 4796 vero
1611 4751 1665 4796 et
1686 4741 1915 4801 delcc-

331 4837 628 4893 donensem
671 4838 920 4902 dimisit,
952 4834 1098 4906 quod
1135 4835 1327 4905 ingens
1359 4832 1675 4890 Macedonio
1709 4833 1914 4902 vitupe-

333 4928 470 4984 rium
530 4928 737 4984 attulit.
793 4926 898 4983 Per
931 4927 1034 4982 hoc
1067 4926 1214 4981 enim
1259 4934 1315 4980 et
1366 4925 1620 4979 enoticon
1674 4924 1915 4981 Zenonis

333 5023 558 5094 recepit,
641 5023 730 5077 cui
769 5021 937 5076 etiam
1007 5019 1426 5078 consecrandus
1481 5020 1912 5089 subscripserat.

334 5116 599 5170 Praeterea
631 5112 984 5169 Macedonius
1013 5113 1206 5167 abiens
1251 5111 1306 5166 in
1333 5111 1604 5166 Adalmati
1640 5121 1919 5168 monaste-

339 5211 477 5265 rium
509 5209 562 5263 in
595 5226 660 5263 eo
715 5207 934 5262 clericis
977 5216 1034 5261 et
1085 5205 1369 5260 monachis
1407 5203 1762 5270 zelatoribus,
1823 5202 1918 5274 qui

335 5302 409 5358 ob
446 5302 500 5358 id
535 5300 892 5356 scandalizati
950 5299 1188 5363 fuerant,
1217 5299 1489 5353 rationem
1546 5296 1780 5352 reddidit
1823 5312 1920 5366 per

2021 4671 2186 4727 quam
2211 4669 2335 4709 cum
2366 4653 2478 4708 illis
2505 4653 2849 4721 loqueretur,
2882 4647 3256 4717 interrogabat
3285 4646 3331 4702 si
3368 4644 3617 4713 suscipe-

2021 4756 2143 4802 rent
2173 4745 2445 4818 synodum
2469 4743 2972 4801 Chalcedonensem
2997 4760 3012 4808 ;
3045 4741 3244 4811 quibus
3270 4739 3614 4795 dicentibus:

2024 4858 2044 4893 ι
2081 4840 2213 4908 Quis
2247 4840 2386 4894 enim
2427 4838 2533 4893 es?
2571 4858 2590 4889 ι
2632 4836 2786 4892 Tunc
2819 4837 2936 4905 ipse
2964 4835 3039 4888 ait
3072 4854 3084 4888 :
3126 4854 3143 4886 ι
3180 4833 3240 4889 Si
3326 4831 3624 4888 Sabbutian

2019 4933 2097 4989 vel
2128 4930 2508 4989 Macedoniani
2539 4931 2804 5000 deferrent
2837 4929 2965 4982 mihi
2989 4927 3395 4996 dispositionem,
3421 4940 3603 4979 conve-

2020 5036 2173 5080 nerat
2205 5040 2286 5078 me
2319 5023 2608 5087 suscipere.
2649 5021 2714 5074 Et
2751 5020 2826 5073 ita
2862 5018 3069 5073 reversi
3113 5025 3244 5073 sunt
3277 5014 3620 5080 inefficaces,

2023 5103 2278 5179 idemque
2338 5111 2583 5178 pervenit
2627 5108 2696 5163 ad
2785 5107 3129 5163 Euehaitem.
3184 5105 3337 5160 Tunc
3390 5111 3444 5159 et
3492 5101 3620 5157 Fla-

2023 5205 2246 5258 vianum
2281 5202 2576 5258 festinabat
2607 5204 2911 5272 imperator
2939 5215 2967 5253 a
2994 5198 3125 5255 sede
3147 5196 3488 5252 Antiochena
3512 5193 3618 5266 eji-

2025 5310 2174 5360 cere,
2207 5304 2262 5350 et
2290 5311 2388 5365 pro
2424 5295 2515 5349 illo
2548 5294 2810 5349 Severum
2839 5291 3192 5347 ruatiifestum
3220 5289 3467 5347 veritatis
3503 5286 3614 5344 ini-

1833 5409 2070 5480 noras.

408 5508 1029 5588 (l9)Cornmonitorium.
1045 5508 1368 5588 Theodorus
1382 5505 1633 5588 Balsama
1658 5506 1734 5588 ad
1749 5521 1916 5575 syno-

339 5577 466 5640 duiu
483 5577 974 5654 Carthaginiensem
1005 5601 1016 5635 :
1040 5579 1464 5654 νκομμονιτᾴγριολ
1477 5579 1598 5654 ἢτοι
1623 5578 1683 5630 τὸ
1711 5577 1917 5654 ﬁrma-

342 5647 787 5726 φανρτεόμνηιὶᾳ.
822 5652 952 5726 Vide
987 5653 1053 5707 ad
1087 5647 1706 5726 glossas_ltasilicoruru.
1744 5647 1909 5726 ltili-stt.

433 5671 570 5707 tU‘l'tO
617 5670 787 5723 νημα.
827 5670 952 5706 Viue
987 5670 1053 5707 au
1087 5670 1299 5720 glossas
1324 5670 1706 5704 nasmcorum.
1744 5670 1909 5703 rasit.

433 5724 525 5807 βο)
558 5670 809 5807 feriebat
844 5719 1056 5807 missas,
1099 5722 1463 5807 fater-rmiger.
1493 5717 1643 5807 Idem.
1672 5719 1739 5807 d'e
1765 5717 1912 5807 ritis

345 5789 464 5851 PP.
504 5789 558 5850 in
596 5794 998 5860 Constantino:
1040 5814 1056 5846 α
1099 5795 1291 5849 Missas
1322 5789 1646 5861 imperatori
1695 5789 1844 5846 fecit.
1889 5809 1910 5843 ι

348 5868 438 5926 Sic
470 5866 831 5941 loquebantur
863 5866 1105 5934 antiqui,
1138 5875 1194 5921 ut
1223 5864 1277 5919 δ.
1315 5863 1626 5919 Bonifacius
1659 5863 1902 5931 archiep.

2023 5504 2269 5577 Mogunt,
2288 5519 2374 5577 ep.
2395 5504 2483 5577 95.
2507 5501 2650 5577 Hist.
2669 5501 2906 5577 Trjport.
2930 5499 3197 5577 interpres
3213 5497 3250 5552 l.
3276 5514 3329 5554 tv
3344 5516 3390 5577 :_c
3427 5497 3617 5577 iussas

2025 5567 2206 5631 faccre
2255 5567 2338 5630 iu'
2361 5574 2620 5632 ecclesia.
2661 5593 2679 5626 ι
2714 5575 2778 5628 Ει
2820 5574 2855 5626 I.
2893 5586 2945 5625 vt
2978 5586 2993 5623 :
3022 5589 3040 5622 ι
3076 5567 3289 5626 Missas
3349 5570 3617 5624 iacientes

2025 5662 2303 5708 seorsum.
2337 5664 2356 5698 ι
2406 5656 2458 5701 et
2490 5647 2525 5700 Ι.
2553 5661 2626 5700 vn
2663 5661 2678 5697 :
2749 5663 2768 5693 s
2805 5641 3062 5697 Seorsum
3087 5639 3315 5710 Aagebat
3342 5643 3558 5696 missas.
3590 5655 3612 5691 ι

2025 5720 2117 5772 Sic
2151 5718 2316 5772 etiam
2352 5718 2592 5786 loquitur
2618 5719 2652 5770 Ι.
2693 5731 2788 5779 xu,
2821 5729 2869 5768 c.
2911 5713 3059 5786 ‘3;et
3083 5707 3441 5778 Flodoardus,
3469 5710 3615 5786 Hist.

2025 5788 2175 5843 Rem.
2222 5787 2257 5843 l.
2305 5804 2364 5851 ιι,
2401 5782 2447 5841 «Γ.
2493 5787 2578 5840 t5.
2631 5787 2773 5840 Idem
2820 5794 3002 5856 tamen
3042 5783 3315 5856 interpres
3353 5803 3370 5838 ‹
3414 5782 3615 5841 missas

2019 5860 2298 5920 celebrare
2337 5878 2356 5912 ι
2392 5860 2546 5924 dixit,
2584 5859 2618 5916 |.
2663 5874 2716 5926 κ,
2754 5873 2799 5914 r.
2832 5856 2920 5912 25.
2953 5852 3030 5908 lo.
