4038 6298
434 336 572 404 1247

1536 343 1939 435 ANASTASII
1969 342 2607 412 BIBLIOTHECARII

3576 347 3713 416 1248

433 453 639 509 inicum
675 453 957 523 inducere.
987 453 1382 528 Apposuerunt
1410 463 1596 516 autem
1618 459 2023 539 calumniantes
2050 462 2094 519 A
2124 460 2306 516 affecit
2338 461 2708 531 Timotheum,
2752 470 2807 519 et
2845 463 3165 536 imperatori
3192 464 3337 537 quod
3370 464 3588 522 dixerat
3630 466 3709 520 iu-

431 546 577 617 qnod
605 562 711 604 ore,
736 554 948 617 tantum
974 558 1032 607 et
1057 567 1166 623 non
1197 546 1365 627 corde
1395 554 1666 627 synodum
1696 556 2018 614 anathema-

432 640 767 707 tizavcrunt.
808 640 886 697 De
911 650 1111 699 caetero
1142 652 1210 716 et
1233 645 1527 703 consilium
1561 658 1895 720 acceperunt
1921 648 2015 721 ju-

429 730 615 800 dires,
662 734 755 804 qui
796 735 953 790 missi
994 734 1216 792 fuerant
1248 737 1318 793 ab
1358 738 1727 809 imperatore,
1777 740 2014 812 pellendi

429 832 644 887 eumct
670 836 897 898 propter
928 828 1299 885 turbationem
1340 830 1619 887 modicum
1662 834 2011 903 removendi;

432 932 545 986 quo
582 919 647 972 ad
686 920 948 977 Platanos
982 937 1206 994 egresso
1230 924 1523 984 confestim
1570 926 1798 998 impium
1842 928 2015 985 Seve-

430 1024 552 1063 rum
595 1013 922 1080 constituit,
969 1016 1062 1085 qui
1103 1024 1231 1071 ante
1260 1019 1569 1075 monachus
1602 1020 1780 1077 fuerat
1811 1023 1868 1077 in
1897 1038 2016 1077 mo-

430 1105 675 1169 nasterio
699 1108 1207 1176 s'chismatieorum,
1231 1111 1385 1183 juxta
1410 1112 1647 1187 Majuma
1680 1115 1856 1173 Gazae.
1890 1117 2009 1173 Fla-

427 1196 653 1254 vianum
696 1208 879 1256 autem
924 1202 1067 1272 apud
1110 1203 1304 1262 Petras
1338 1208 1537 1263 exsilio
1579 1209 1863 1281 relegavit.
1906 1212 2012 1268 Sed

427 1297 483 1343 et
524 1291 666 1348 alios
710 1293 1008 1351 nonnullos
1039 1295 1333 1369 episcopos
1364 1296 1560 1356 ferreis
1587 1302 1823 1359 vinculis
1864 1290 2015 1360 com-

429 1384 643 1454 petiitos
675 1402 782 1442 una
812 1403 938 1444 cum
978 1390 1319 1463 presbyteris
1350 1400 1407 1449 et
1435 1394 1781 1453 diaconibus.
1828 1396 2015 1456 Helias

426 1490 560 1533 vero
592 1475 1127 1552 Hierosolymitanns
1158 1484 1287 1540 dum
1326 1494 1615 1556 cogeretur
1664 1487 1734 1545 ab
1781 1478 2044 1561 impera?

428 1577 548 1626 tore
598 1581 695 1628 aut
742 1571 947 1630 Severo
992 1579 1407 1637 communicare
1444 1588 1542 1635 aut
1578 1581 1648 1637 ab
1690 1583 2011 1654 episcopatu

426 1664 640 1734 repelli,
673 1669 960 1725 monachis
992 1671 1439 1731 confortantibus
1470 1675 1647 1743 illum,
1688 1677 1759 1732 ab
1794 1679 2015 1749 cpisco—

427 1765 557 1826 patu
589 1760 781 1831 projici
810 1764 989 1835 magis
1020 1766 1206 1837 elegit,
1239 1775 1294 1823 et
1327 1780 1687 1828 consecratus
1715 1780 1800 1828 est
1827 1788 1925 1843 pro
1946 1790 2012 1830 eo

423 1848 759 1908 Joannesex
803 1858 1320 1935 staurophylacibus
1351 1862 1600 1933 quidam,
1630 1864 1725 1936 qui
1764 1881 2009 1938 spopon-

425 1942 508 1998 dit
545 1942 726 2002 facere
770 1964 1116 2022 quaecunque
1148 1947 1386 2011 vellent:
1420 1972 1611 2014 verum
1643 1971 2007 2019 consecratus

425 2044 680 2092 neutrum
734 2039 882 2094 fecit.
941 2039 1249 2112 Imperator
1300 2052 1482 2102 autem
1533 2049 1859 2108 Anastasius
1902 2070 2010 2108 una

424 2140 551 2179 cum
602 2123 893 2183 Timotheo
942 2130 1178 2186 scelesto
1226 2130 1841 2208 Constantinopolitano
1892 2143 2010 2213 epi-

424 2232 595 2289 scopo
623 2218 798 2280 multa
831 2220 974 2276 mala
1004 2224 1293 2281 monachis
1326 2226 1546 2285 clericis
1578 2245 1641 2286 ac
1686 2232 1871 2303 laicis,
1914 2237 2023 2308 qui

424 2326 526 2381 pro
558 2310 884 2370 Macedonio
908 2329 1120 2387 proque
1149 2318 1361 2389 synodo
1391 2320 1725 2380 defensanda
1758 2318 2011 2397 perseve-

426 2404 643 2471 rabant,
666 2406 933 2474 ostendit,
963 2408 1039 2464 ita
1065 2417 1129 2463 ut
1153 2410 1299 2481 apud
1329 2411 1513 2468 Oasim
1545 2413 1841 2475 Thebaidis
1866 2422 2007 2477 mul-

426 2506 521 2555 tos.
551 2497 752 2554 exsilio
794 2499 1084 2571 relegaret.
1131 2502 1235 2569 Qui
1275 2502 1603 2579 Timotheus
1652 2512 1916 2582 synodica
1958 2522 2013 2571 et

426 2594 737 2665 Macedonii
755 2596 1154 2668 depositionem
1190 2598 1537 2671 singularum
1565 2603 1848 2677 episcopis
1876 2607 2013 2664 civi-

426 2699 599 2743 tatum
636 2690 700 2746 ad
735 2691 1194 2748 subscribendum
1236 2696 1569 2769 transmisit,
1611 2713 1846 2769 quorum
1893 2701 2009 2769 alii,

426 2782 680 2839 fcrtiorcs
707 2784 941 2851 scilicet,
973 2784 1039 2839 ad
1073 2792 1369 2857 utrumque
1396 2790 1742 2856 restiterunt,
1770 2793 1860 2848 alii
1885 2811 2013 2851 vero

426 2874 683 2945 utrisque
729 2876 1024 2947 scripturis
1077 2878 1276 2933 timore
1327 2880 1680 2949 imperatoris
1735 2878 2023 2954 perterriti

424 2966 896 3038 subscripserunt,
936 2970 1110 3026 Porro
1139 2971 1306 3027 medii
1341 2970 1674 3043 depositioni
1708 2975 2010 3034 Macedonii

424 3075 536 3112 non
562 3061 1002 3128 subscribentes,
1034 3061 1310 3119 'l‘imothei
1348 3065 1631 3137 synodicis
1666 3068 2013 3140 subscripse-

2121 552 2345 610 dicavit.
2394 554 2492 613 Ast
2534 556 2835 628 imperator
2879 558 3243 630 ignominioso
3285 573 3350 614 ac
3376 556 3703 614 dire‘Timo-

2119 646 2306 704 theum
2349 649 2403 704 in
2442 648 2635 707 faciem
2676 652 3015 708 conveniens
3054 659 3345 723 negantem
3392 650 3629 714 invenit,
3660 658 3711 704 et

2117 758 2150 801 e
2194 755 2387 799 contra
2426 760 2525 801 eos
2560 746 3118 802 anathematizantem
3160 747 3252 815 qui
3295 744 3710 801 Chalcedonen-

2119 851 2234 892 sem
2269 837 2541 908 synodum
2591 839 2952 911 recepissent.
2992 838 3168 894 Porro
3201 836 3444 894 Joannes
3481 838 3709 893 Alexan-

2117 929 2313 984 drinus
2334 928 2574 985 inhibuit
2594 928 2885 1001 Egyptios
2917 930 3218 987 ascendere
3246 928 3708 1001 Hierosolymam,

2116 1032 2180 1078 ut
2230 1038 2338 1078 non
2379 1025 2857 1080 communicarent
2911 1025 2968 1079 in
3018 1024 3709 1081 exaltationeChalcedo-

2116 1116 2279 1171 nensi
2318 1116 2574 1172 concilio.
2612 1114 2903 1173 Terribilia
2939 1133 3071 1173 vero
3106 1118 3360 1189 quaedam
3392 1118 3463 1174 ab
3492 1117 3581 1173 his
3612 1120 3701 1189 qui

2116 1225 2146 1265 a
2202 1210 2477 1266 daemonio
2526 1212 2857 1267 tenebantur
2910 1211 3056 1269 facta
3114 1219 3247 1269 sunt
3309 1212 3710 1285 Hierosolymis

2117 1307 2274 1357 tunc.
2306 1302 2636 1358 Anastasius
2663 1303 2811 1358 enim
2837 1302 3067 1373 cupiens
3094 1303 3210 1359 fleri
3246 1302 3357 1359 dux
3385 1304 3708 1371 Palaestina,

2116 1394 2395 1465 pollicitus
2428 1403 2511 1469 est
2547 1397 2903 1467 imperatori,
2942 1396 3049 1454 nisi
3088 1398 3449 1468 persuaderet
3485 1395 3707 1465 Joanni,

2117 1497 2244 1558 post
2277 1488 2487 1543 Heliam
2534 1488 3035 1562 llicrosolymitano
3072 1490 3363 1562 episcopo,
3399 1493 3709 1548 communi-

2116 1594 2245 1636 care
2284 1578 2511 1641 Severo,
2554 1579 2688 1634 dare
2736 1588 3015 1637 trecentas
3059 1581 3232 1638 libras
3278 1582 3424 1639 auri.
3469 1582 3708 1651 Accepto

2117 1673 2601 1749 veroprincipatu
2639 1672 2791 1729 venit
2826 1671 3289 1746 Hierosolymam,
3325 1674 3707 1747 Joanncmquc

2118 1764 2222 1820 sibi
2254 1779 2363 1820 non
2404 1763 2752 1821 obedientem
2785 1764 2936 1820 misit
2981 1764 3037 1819 in
3077 1779 3377 1822 carcerem.
3412 1764 3707 1822 Zacharias

2114 1872 2250 1914 vero
2290 1850 2528 1928 quidem
2588 1856 2847 1928 princeps
2906 1855 3232 1924 Palaestinae,
3281 1854 3392 1913 Deo
3451 1857 3706 1914 amabilis

2112 1950 2221 2016 vir,
2263 1950 2539 2021 suggessit
2572 1948 2853 2019 episcopo,
2900 1948 3019 2004 zelo
3065 1948 3254 2004 divino
3295 1948 3521 2015 ductus,
3578 1948 3701 2005 duci

2115 2043 2536 2116 repromittendi
2568 2059 2627 2100 se
2660 2059 2782 2115 quae
2815 2043 2889 2099 illi
2927 2027 3211 2115 placerent
3242 2054 3521 2112 acturum,
3552 2044 3707 2097 dum-

2112 2138 2281 2195 modo
2318 2138 2707 2194 restitueretur
2739 2136 2795 2192 in
2832 2137 3038 2192 throno
3077 2152 3217 2204 suo;
3260 2152 3372 2207 quo
3413 2152 3476 2194 se
3521 2135 3704 2192 absol-

2114 2240 2277 2288 vente
2305 2246 2371 2287 ac
2410 2232 2769 2296 restituente,
2808 2228 3059 2286 collectis
3091 2229 3379 2287 monachis
3409 2231 3465 2284 in
3501 2229 3719 2300 templo"

2116 2324 2177 2380 S.
2214 2324 2474 2394 Stephani
2521 2323 2769 2380 ascendit
2816 2337 2984 2394 super
3023 2323 3338 2387 ambonem,
3384 2330 3439 2378 et
3479 2323 3725 2377 anathco'

2116 2419 2397 2473 matizavit
2424 2416 2736 2473 Nestorium
2768 2425 2823 2472 ct
2850 2399 3135 2487 Eutychen
3166 2423 3221 2471 ct
3247 2415 3509 2473 Severum
3539 2424 3707 2485 atque

2118 2511 2415 2576 Soterium,
2445 2510 2811 2581 pronuntians
2844 2519 3067 2565 sanctas
3100 2517 3156 2564 et
3185 2507 3528 2563 universales
3565 2524 3703 2578 qua-

2115 2611 2242 2657 tuor
2278 2603 2537 2674 synodos.
2569 2600 2776 2655 Aderat
2804 2608 2987 2655 autcm
3018 2609 3072 2656 et
3102 2597 3373 2671 Hypatius
3405 2599 3553 2655 filius
3589 2598 3704 2655 [ην

2116 2696 2215 2751 tris
2254 2695 2619 2765 imperatoris,
2653 2709 2761 2748 non
2784 2694 3202 2748 communicans
3223 2692 3451 2747 omnino
3478 2691 3715 2749 Severo.

2116 2787 2238 2851 llic,
2288 2803 2414 2841 cum
2455 2796 2584 2839 tunc
2624 2784 3060 2840 communicaret
3087 2780 3308 2848 Joanni,
3360 2781 3481 2836 auri
3538 2782 3710 2837 libras

2116 2889 2338 2938 centum
2372 2880 2523 2935 dedit
2565 2878 2623 2934 S.
2653 2877 2991 2942 Theodosio,
3020 2877 3113 2947 qui
3139 2885 3260 2932 erat
3285 2876 3560 2932 exarchus
3592 2890 3711 2929 me-

2115 2974 2510 3037 nasteriorum,
2560 2973 2627 3026 ad
2661 2969 3104 3027 distribuendum
3142 2970 3246 3026 has
3281 2968 3571 3025 monachis
3607 2969 3708 3039 qui

2113 3078 2278 3124 rectae
2332 3066 2452 3122 nilei
2510 3072 2669 3120 erant
2720 3073 2774 3119 et
2811 3061 3280 3120 Chalcedonensis
3321 3062 3540 3119 concilii
3588 3064 3710 3118 zelo

425 3156 765 3227 runt;quod
809 3156 864 3212 id
891 3158 1069 3228 ipsum
1096 3164 1236 3226 erat,
1276 3159 1407 3215 licet
1436 3161 1518 3217 eis
1549 3163 1755 3219 distare
1783 3166 2004 3223 videre-
2038 3188 2081 3249 α
2118 3158 2421 3215 fervebant.
2470 3155 2769 3226 imperator
2814 3162 2999 3210 autem
3046 3154 3316 3224 quosdam
3379 3169 3448 3210 ex
3496 3154 3714 3226 princi-'

424 3256 535 3304 tur.
585 3246 788 3304 Volens
831 3263 965 3305 sane
995 3248 1318 3305 Timotheus
1350 3250 1539 3307 Severi
1584 3269 1784 3309 nomen
1828 3257 1882 3311 in
1931 3259 2017 3314 di-

425 3340 640 3413 ptychis
665 3341 929 3399 ordinare
950 3352 1004 3397 et
1022 3342 1264 3399 Flaviani
1292 3344 1513 3417 ejicere,
1537 3348 1854 3416 prohibitus
1880 3334 2015 3409 esta

425 3436 667 3506 populo:
713 3436 902 3492 Severi
944 3452 1185 3507 namque
1221 3440 1667 3498 communionem
1689 3457 1885 3501 omnes
1922 3461 2017 3502 or-

422 3530 650 3586 thodoxi
678 3529 987 3599 fugiebant,
1009 3541 1065 3586 et
1087 3533 1325 3590 maxime
1349 3534 1640 3603 monachi;
1664 3538 1867 3607 quibus
1889 3553 2016 3594 cum

422 3621 778 3678 multitudine
810 3622 1147 3679 rusticorum
1183 3624 1625 3696 punitismultos
1655 3628 1893 3695 occidit,
1931 3629 2014 3685 al-

425 3715 563 3770 taria
613 3716 944 3772 subvertens
982 3725 1037 3772 et
1084 3732 1243 3773 sacra
1292 3718 1733 3777 orthodoxorum
1772 3706 1904 3780 vasa
1954 3702 2013 3778 ut

428 3807 737 3881 sacrilegus
778 3808 1047 3866 conflans.
1077 3808 1298 3866 Juliana
1324 3827 1479 3878 vero,
1514 3814 1893 3871 illustrissima
1941 3816 2012 3871 fe-

422 3901 594 3967 mina,
622 3915 744 3971 qua:
770 3902 1033 3972 templum
1081 3901 1171 3959 Dei
1208 3902 1509 3962 Genitricis
1535 3906 1678 3975 apud
1706 3905 2014 3964 Honoratus

421 4002 833 4058 construxerat,
863 3994 1023 4049 valde
1051 4010 1149 4064 pro
1187 3994 1625 4052 Chalcedonensi
1650 3999 1863 4070 synodo
1894 4007 2009 4073 sat-

422 4085 639 4164 agebat,
688 4086 760 4139 ita
809 4096 870 4141 ut
901 4087 951 4139 ei
1001 4101 1102 4141 nec
1148 4088 1451 4157 imperator
1493 4090 1740 4160 quidem,
1810 4092 2009 4149 multas

422 4179 684 4233 adversus
711 4192 830 4233 eam
854 4181 1122 4236 versutias
1146 4181 1525 4250 adinveniens,
1548 4183 1839 4241 Timotheo
1861 4202 2015 4241 com-

422 4271 705 4325 municarc
735 4268 1070 4341 persuadere
1104 4273 1358 4328 valuerit.
1397 4274 1503 4331 Sed
1544 4292 1644 4333 nec
1678 4278 1796 4349 ipse
1825 4277 2013 4333 Timo-

422 4363 581 4417 theus
602 4362 920 4433 frequenter
949 4365 1018 4420 ad
1054 4381 1173 4422 eam
1202 4382 1436 4440 pergens
1464 4370 1566 4427 hoc
1591 4372 1640 4426 ei
1677 4374 1856 4443 potuit
1890 4387 2012 4442 per-

419 4457 674 4512 suadere.
705 4455 1028 4531 Pompeium
1050 4476 1273 4532 quoque
1314 4464 1708 4521 consobrinum
1748 4466 1922 4533 illius,
1956 4472 2010 4519 et

2103 3252 2279 3324 ‘pibus
2319 3250 2579 3321 praecepit
2633 3250 2687 3304 in
2728 3248 2936 3319 templo
2987 3246 3046 3303 S.
3092 3248 3366 3304 Theodori
3420 3246 3709 3317 Sphoracii

2115 3358 2282 3413 super
2323 3342 2612 3397 ambonem
2648 3339 2860 3411 trisagii
2910 3338 3345 3395 additamentum
3387 3338 3705 3405 admittere,

2118 3436 2194 3491 ita
2230 3442 2289 3489 ut
2327 3432 2710 3490 multitudines
2752 3432 3046 3500 indignata:
3084 3446 3181 3500 per
3214 3430 3361 3486 diem
3393 3430 3601 3485 litania:
3645 3430 3708 3484 il-

2119 3531 2229 3586 linc
2261 3529 2678 3599 egrederentur,
2714 3524 2938 3596 quando
2962 3534 3014 3580 et
3048 3522 3399 3593 Timotheum
3434 3540 3534 3595 per
3560 3540 3709 3580 com-

2117 3622 2474 3678 monitorium
2527 3620 2797 3691 scriptum
2841 3619 3100 3673 omnibus
3143 3617 3409 3673 Ecclesiis
3449 3616 3711 3688 praecepit

2116 3718 2404 3788 trisagium
2437 3715 2495 3769 in
2537 3714 2743 3769 litaniis
2786 3728 2910 3769 cum
2964 3711 3343 3766 additamento
3380 3711 3707 3779 dicendum,

2116 3808 2262 3879 quod
2289 3808 2445 3861 multi
2470 3814 2773 3860 metuentes
2806 3804 3074 3859 fecerunt.
3105 3803 3360 3858 Monachi
3385 3818 3513 3859 vero
3540 3803 3706 3859 alium

2116 3897 2387 3967 psalmum
2432 3895 2719 3965 psallendo
2749 3900 3039 3948 venerunt.
3093 3891 3203 3948 llos
3244 3903 3427 3948 autem
3474 3896 3709 3965 populus

2114 3990 2309 4046 videns
2342 3990 2642 4046 clamavit:
2680 4008 2699 4041 ι
2746 3988 2888 4045 Bene
2921 3998 3168 4044 venerunt
3208 3987 3516 4053 orthodoxi,
3565 4007 3585 4041 ι
3635 3990 3710 4046 si-

2115 4085 2425 4154 tnultasque
2458 4085 2631 4139 multa
2662 4082 2809 4139 facta
2848 4090 2933 4140 est
2968 4092 3024 4139 et
3060 4082 3377 4139 incendium
3411 4083 3707 4140 domorum

2116 4177 2411 4231 multarum
2449 4191 2515 4231 ac
2555 4175 2852 4231 homicidia
2887 4175 3028 4231 dena
3071 4174 3264 4241 millia,
3315 4175 3474 4231 turba
3501 4176 3709 4233 vocife-

2116 4280 2270 4326 rante
2304 4272 2571 4326 adversus
2597 4271 2953 4327 Anastasium
2996 4280 3053 4326 et
3078 4268 3421 4326 Vitalianum
3467 4271 3708 4343 impera.

2117 4375 2288 4420 torem
2321 4372 2558 4436 petente,
2604 4365 2677 4419 ita
2719 4376 2777 4420 ut
2818 4364 3029 4436 fugeret
3061 4364 3391 4422 AnaStasius
3431 4374 3488 4422 et
3526 4367 3709 4425 latita-

2116 4468 2219 4526 ret,
2248 4459 2318 4514 ab
2356 4461 2584 4532 ipsaque
2611 4459 2863 4516 Areadne
2891 4460 3231 4515 laceraretur
3268 4460 3491 4532 injuriis
3517 4468 3709 4533 utpote

423 4550 588 4620 hujus
626 4567 899 4626 uxorem,_
920 4569 1045 4625 quae
1079 4555 1281 4611 mulier
1317 4566 1438 4612 erat
1478 4565 1675 4613 ornata
1721 4568 1775 4616 ct
1810 4575 2010 4615 conce-
2043 4560 2090 4619 Ι)
2118 4554 2413 4611 multorum
2440 4570 2610 4612 causa
2638 4554 2906 4610 malorum
2937 4554 3271 4611 Christianis
3296 4554 3546 4613 effectus.
3580 4559 3709 4614 Ala—

420 4644 616 4700 dendis
634 4647 916 4704 beneficiis
937 4664 1166 4717 vacans,
1194 4651 1384 4706 multis
1412 4651 1714 4722 imperator
1738 4657 2009 4725 angustiis

421 4741 744 4797 humiliabat
768 4742 1117 4801 ut~zelatores
1143 4747 1336 4817 synodi
1358 4754 1413 4803 et
1442 4762 1539 4804 eos
1566 4748 1659 4819 qui
1690 4748 2010 4807 Macedonio

423 4834 798 4905 largiebantur
836 4838 890 4892 in
938 4839 1134 4895 exsilio
1174 4854 1299 4910 quae
1344 4841 1664 4897 necessaria
1711 4855 1889 4899 erant.
1942 4844 2008 4900 Hi

422 4943 555 4983 vero
606 4931 701 4999 qui
747 4930 1133 4987 Alexandriam
1184 4934 1343 4990 missi
1388 4936 1605 4991 fuerant
1644 4952 1673 4990 τι
1718 4936 2009 4996 Timotheo

419 5020 486 5074 ad
524 5020 789 5075 Joannem
828 5020 1147 5091 Nicaeotem,
1182 5040 1346 5095 super
1378 5026 1669 5083 ambonem
1704 5026 2009 5085 Chalcedo-

420 5130 593 5169 nense
614 5114 1146 5174 anathematizavere
1180 5119 1497 5175 concilium.
1530 5120 1797 5176 Defuncto
1823 5132 2006 5177 autem

425 5208 736 5280 hegumeno
769 5210 1092 5266 monasterii
1132 5211 1216 5268 Dii
1250 5214 1402 5269 venit
1438 5213 1763 5271 Timotheus
1781 5216 2009 5272 ordina-

419 5311 575 5357 turus
603 5301 1003 5372 hcgumenum:
1036 5304 1084 5360 is
1105 5315 1287 5360 autem
1309 5306 1402 5378 qui
1430 5309 1839 5377 promovendos
1864 5316 2005 5375 erat,

419 5392 559 5447 dixit
585 5408 645 5449 se
676 5409 784 5450 non
812 5403 1202 5468 suscepturum
1234 5397 1669 5456 benedictionem
1700 5416 1728 5455 a
1764 5403 1883 5457 viro
1912 5403 2006 5471 qni

418 5487 921 5547 Chalcedonensem
970 5491 1242 5563 synodum
1284 5503 1605 5564 sperneret.
1640 5494 1720 5549 Ad
1767 5495 1882 5550 haec
1912 5494 2008 5549 Ti-

420 5587 674 5641 motheus
740 5585 870 5643 ait:
923 5586 1223 5643 Anathema
1281 5590 1425 5644 omni
1458 5588 1660 5644 homini
1710 5589 2006 5645 Chalcedo-

425 5691 583 5731 nensc
605 5694 710 5732 non
744 5680 1055 5749 suscipienti
1099 5682 1404 5737 concilium.
1466 5682 1533 5737 Et
1570 5692 1686 5739 tum
1737 5682 1830 5739 ille
1880 5698 2005 5754 pro-

424 5771 547 5824 vehi
581 5770 649 5825 ab
678 5770 797 5842 ipso
827 5775 1105 5830 convenit.
1154 5776 1421 5831 Praeterea
1449 5775 1695 5833 Joannes
1729 5775 2004 5831 archidia-

430 5876 602 5921 conus
630 5862 925 5932 Timothei,
976 5882 1099 5924 cum
1135 5878 1277 5927 esset
1315 5867 1649 5926 Manichacus
1672 5912 1686 5937 ,
1737 5859 2003 5929 conviciis

2116 4648 2385 4703 mtmdaro
2415 4657 2592 4705 autem
2636 4648 2887 4720 principe
2922 4645 3326 4705 Saracenorum
3372 4650 3555 4719 gentis
3605 4651 3705 4707 ba-

2113 4742 2340 4811 ptizato,
2384 4741 2620 4799 Severus
2655 4742 2798 4800 duos
2830 4743 3123 4814 episcopos
3164 4744 3381 4800 macula
3422 4760 3536 4800 sua:
3582 4748 3702 4816 pra-

2111 4834 2301 4891 vitatis
2334 4834 2569 4891 infectos
2610 4836 2812 4891 direxit
2852 4837 2902 4892 ei
2946 4837 3430 4892 communicandi:
3470 4836 3561 4891 Dei
3608 4852 3707 4892 au-

2098 4937 2223 5011 tem
2258 4930 2602 5000 providentia
2642 4930 2735 4986 illc
2768 4931 2837 4986 ab
2872 4931 3197 4987 orthodoxis
3235 4931 3547 5001 baptizatus
3588 4931 3704 4987 fue-

2097 5031 2234 5103 .rat,
2284 5024 2379 5093 qui
2440 5025 2778 5094 recipiebant
2834 5025 3156 5081 concilium.
3211 5027 3459 5097 Cumque
3511 5026 3699 5081 Severi

2112 5117 2357 5187 episcopi
2412 5118 2738 5175 subvertere
2767 5121 3073 5190 principem
3108 5136 3138 5173 a
3165 5135 3299 5174 vero
3330 5120 3581 5191 dogmate
3627 5121 3703 5175 fe-

2090 5210 2405 5281 stinarent,
2444 5212 2773 5268 mirabiliter
2804 5229 2901 5270 eos
2934 5214 3116 5285 arguit
3159 5214 3567 5268 Alamundarus
3599 5214 3701 5270 bu-

2108 5304 2417 5375 jusccmodi
2450 5304 2637 5360 fabula
2694 5306 2784 5361 Ait
2820 5308 2966 5364 enim
2996 5307 3062 5361 ad
3106 5302 3274 5360 illos':
3311 5324 3330 5357 ‹
3378 5305 3639 5370 Litteras,
3677 5325 3696 5359 ι

2110 5399 2313 5469 inquit,
2370 5416 2390 5451 ι
2456 5401 2632 5469 accepi
2679 5400 2857 5465 hodie,
2909 5400 3033 5469 quia
3074 5398 3307 5453 Michael
3353 5399 3701 5470 archangeli“

2110 5501 2352 5548 mortqu
2381 5502 2476 5548 est.
2517 5512 2536 5546 ι
2568 5493 2683 5548 Illis
2711 5509 2844 5549 vero
2865 5491 3175 5548 dicentibus
3226 5491 3331 5547 hoc
3362 5492 3702 5562 impossibile

2111 5596 2265 5651 fore,
2316 5586 2393 5639 ait
2450 5584 2749 5655 princeps:
2788 5582 2855 5637 Et
2913 5583 3175 5656 quomodo
3220 5582 3364 5637 Deus
3412 5585 3703 5637 secundum

2109 5694 2199 5734 vos
2234 5678 2406 5733 nudus
2431 5678 2721 5746 cruciﬁxus
2751 5685 2850 5743 est,
2885 5677 2989 5731 nisi
3029 5685 3343 5730 naturarum
3390 5685 3526 5730 esset
3576 5674 3703 5730 dua-

2109 5789 2228 5828 rum
2252 5770 2520 5840 Christus,
2549 5771 2977 5843 quandomtidcm
3028 5788 3119 5826 nec
3162 5774 3383 5842 angelus
3432 5770 3703 5826 moritur!

2112 5866 2177 5923 Et
2211 5868 2285 5923 ita
2311 5883 2436 5925 cum
2470 5866 2797 5926 confusione
2824 5865 3011 5923 Severi
3045 5876 3395 5923 recesserunt
3428 5862 3697 5937 episcopi.
