4034 6298
294 371 426 447 1249

1109 368 1476 432 HISTORIA
1510 362 2087 427 ECCLESIASTICA
2119 363 2222 424 EX
2254 365 2737 426 THEOPHANE.

3411 369 3546 436 1250

289 493 455 544 Pol-ro
502 486 753 544 Cabades
805 485 1073 556 quosdam
1125 485 1471 541 Christianos
1497 523 1517 551 ,
1569 482 1662 552 qui
1715 485 1872 534 erant
1905 485 1942 538 Α
1976 476 2305 534 Theodorus
2341 491 2522 536 autem
2565 481 2784 552 quidam
2813 497 2876 537 ex
2908 482 2994 538 his
3024 483 3270 553 quicum
3309 499 3375 541 eo
3393 496 3550 542 erant

291 577 342 630 in
383 575 640 641 Perside,
679 569 883 647 poplite
909 576 1227 639 enervavit,
1262 575 1358 646 qui
1393 583 1576 630 tamen
1621 563 1864 630 postmo-

289 671 415 723 dum
441 669 888 725 ambulaverunt.

358 758 826 833 Vicesimotertio
858 760 1071 830 imperii
1095 760 1371 815 Anastasii
1400 774 1546 814 anno
1571 754 1867 813 ilormisda

293 866 428 921 papa
452 851 736 908 Romanus
761 851 1103 923 pontificium
1135 852 1294 922 gerit.
1325 850 1635 906 Vitalianus
1659 856 1865 916 autem,

292 960 451 1022 quem
489 945 725 1032 popplus
789 945 1178 1016 imperatorem
1237 945 1601 1016 expetivcrat,
1643 949 1869 1012 accepta

293 1044 402 1089 tota
435 1027 696 1101 Thracia,
730 1035 955 1108 Scythia
988 1044 1043 1092 et
1101 1035 1294 1107 Mysia,
1331 1034 1599 1104 Vulgares
1659 1031 1870 1087 habens

292 1146 476 1186 secum
502 1139 556 1185 et
576 1130 981 1185 multitudinem
1009 1128 1356 1196 Hunnorum,
1375 1128 1520 1199 cepit
1539 1125 1870 1180 Anchialum

291 1235 345 1278 et
380 1221 788 1294 Odyssopolim.
830 1221 1259 1292 Comprehendit
1283 1229 1464 1291 autem
1503 1226 1558 1275 et
1603 1218 1868 1290 Cyrillum

293 1317 619 1387 magistrum
663 1316 898 1369 militum
952 1315 1225 1379 Thraciae,
1274 1321 1328 1368 et
1379 1313 1629 1383 pervenit
1659 1310 1872 1382 praedas

295 1408 537 1482 gerendo
585 1421 758 1477 usque
805 1407 1415 1479 Byzantium,parcens
1469 1420 1600 1460 vero
1662 1403 1873 1458 civitati

295 1499 438 1570 apud
486 1499 842 1555 Sosthenium
878 1509 1061 1554 castra
1121 1508 1358 1555 metatus
1399 1510 1502 1553 est.
1542 1498 1873 1571 Anastasius

296 1600 477 1646 autem
518 1593 906 1664 desperatione
955 1601 1345 1649 consternatus
1379 1593 1545 1646 mittit
1577 1608 1643 1647 ex
1679 1599 1872 1646 senatu

296 1684 590 1755 quosdam,
647 1699 850 1756 rogans
876 1700 1001 1739 eum
1035 1684 1238 1754 pacisci
1268 1693 1324 1738 et
1351 1683 1540 1754 jurare
1603 1697 1710 1736 una
1747 1696 1871 1735 cum

294 1784 517 1840 senatu,
551 1775 699 1846 quod
751 1777 818 1831 ab
858 1774 1056 1831 exsilio
1089 1774 1378 1846 episcopos
1413 1779 1696 1829 revocaret
1729 1772 1872 1841 apud

1971 573 2245 628 viditcum
2274 575 2327 628 in
2348 577 2560 630 somnis
2589 575 2690 631 sibi
2711 577 3016 632 dicentem:
3047 577 3327 646 Excipe,”
3364 579 3545 636 abiens

1969 666 2397 737 legeAnastasio,
2410 679 2460 723 et
2476 671 2591 722 dic:
2612 673 2720 740 Ego
2738 670 2946 738 quidem
2965 671 3097 725 vado
3115 671 3183 724 ad
3196 682 3369 741 patres
3384 690 3547 739 meos,

1968 773 2193 826 quorum
2216 760 2377 826 ﬁdem
2397 761 2625 828 seruaui,
2646 778 2751 815 non
2798 761 3011 816 cessabo
3036 772 3207 816 autem
3257 765 3548 818 increscms

1975 848 2219 920 Domino,
2236 866 2501 923 usquequo
2526 854 2701 906 venias
2724 863 2772 906 et
2795 854 2848 907 in
2865 854 3133 924 judicium
3164 854 3548 924 ingrediantur.

1969 939 2172 997 Eodem
2191 957 2336 997 anno
2352 944 2696 1000 Alexandriae
2714 947 2867 1001 mu‘lti
2892 948 2991 1002 viri
3007 955 3060 1002 et
3080 947 3338 1004 mulieres
3353 959 3405 1002 et
3428 964 3552 1018 pue-

1971 1033 2018 1088 ri
2044 1038 2352 1090 atrocitcra
2377 1037 2945 1094 dmmonibusobsessi
2983 1050 3206 1110 repente
3255 1042 3550 1096 latrabant.

1972 1127 2027 1180 In
2051 1130 2259 1184 somnis
2288 1141 2468 1184 autem
2498 1131 2720 1201 quidam
2756 1133 2892 1187 vidit
2927 1134 3218 1204 quemdam
3279 1134 3548 1190 dicentem

1972 1224 2096 1294 quia
2159 1234 2383 1295 prepter
2442 1225 2933 1282 anathematismos
2994 1227 3188 1298 synodi
3268 1230 3554 1298 patiuntur

1972 1318 2102 1372 ista.
2127 1317 2296 1372 Porro
2328 1319 2576 1374 monachi
2609 1324 2774 1374 eremi
2805 1322 2920 1374 zelo
2943 1321 3127 1375 divino
3145 1322 3296 1385 moti,
3316 1330 3556 1391 quatuor

1972 1415 2405 1465 contestationes
2455 1419 2871 1481 componentes,
2901 1412 3038 1468 duas
3067 1413 3286 1483 quidem
3344 1429 3407 1467 ex
3462 1414 3554 1468 his

1976 1503 2176 1558 misero
2201 1503 2541 1573 imperatori,
2565 1520 2727 1558 unam
2760 1519 2889 1559 vero
2910 1504 3254 1575 principibus
3306 1503 3553 1574 regionis

1975 1602 2027 1649 et
2058 1611 2223 1649 unam
2247 1596 2509 1667 episcopo
2570 1596 3069 1668 llicrosolymitano
3117 1595 3336 1660 Joanni,
3366 1605 3554 1666 prote-

1977 1695 2185 1742 stantes
2214 1703 2392 1756 neque
2410 1697 2656 1743 sanctam
2676 1703 2734 1743 se
2755 1688 3259 1744 Clialcedonensem
3281 1687 3553 1758 synodum

1976 1781 2437 1849 praevaricaturos
2467 1796 2646 1851 neque
2673 1781 2840 1851 impio
2876 1781 3078 1836 Severo
3117 1779 3556 1835 communicatu-

295 1843 608 1924 lleracliam
669 1868 918 1923 Thracae.
981 1843 1152 1923 Porro
1202 1843 1509 1922 Vitalianus
1558 1866 1771 1922 addidit
1815 1876 1876 1921 ut
1907 1843 1950 1899 Β
1980 1843 2091 1931 ros,
2115 1871 2247 1938 quin
2279 1875 2332 1923 et
2366 1885 2427 1924 se
2452 1843 2765 1940 promptam
2815 1871 3016 1926 habere
3050 1879 3303 1935 mortem,
3364 1873 3552 1926 incen-

294 1967 345 2015 et
371 1958 650 2030 principes
693 1959 1129 2029 uniuscujusque
1159 1957 1642 2028 scholasjurarent
1689 1957 1873 2023 istud;

295 2053 392 2109 sed
424 2061 480 2109 et
501 2053 859 2108 Macedonius
882 2061 935 2108 ct
963 2052 1280 2119 Flavianus,
1334 2053 1424 2123 qui
1451 2051 1704 2122 nequiter
1735 2050 1876 2122 pulsi

298 2145 543 2213 fuerant,
575 2161 708 2203 suos
740 2146 1052 2218 reciperent
1081 2146 1332 2210 thronos,
1392 2145 1648 2199 similiter
1696 2153 1750 2198 et
1792 2159 1877 2198 rc-

299 2239 434 2311 liqui
492 2254 682 2294 omnes
703 2239 968 2308 episcopi,
998 2246 1052 2293 et
1096 2239 1173 2293 ita
1209 2238 1583 2293 celebraretur
1607 2235 1874 2308 synodus,

301 2333 549 2386 Romano
590 2339 652 2385 et
684 2330 900 2385 cunctis
950 2329 1227 2400 episcopis
1281 2329 1769 2391 convenientibus,
1823 2338 1878 2382 ct

299 2422 591 2478 communi'
625 2422 834 2492 judicio
866 2423 1235 2493 probarentur
1293 2436 1414 2491 quae
1467 2421 1734 2475 adversus
1783 2434 1876 2473 or-

301 2515 572 2572 thodoxos
596 2523 727 2572 sunt
770 2523 1124 2586 praesumpta.
1177 2517 1368 2584 Itaque
1395 2529 1517 2568 cum
1545 2513 1660 2567 haec
1702 2515 1879 2582 impe-

302 2621 474 2679 rator,
504 2619 737 2666 senatus
761 2618 816 2665 et
851 2610 1045 2681 reliqui
1075 2609 1356 2680 principes
1386 2607 1682 2678 populique
1707 2607 1875 2666 iuras-

303 2709 427 2765 sent
463 2715 516 2763 ct
550 2706 966 2762 conlirmassent
1018 2704 1092 2759 ita
1139 2704 1376 2758 ﬂendum
1434 2703 1570 2773 (Ἡ),
1627 2703 1768 2757 facta
1798 2712 1883 2757 est

303 2816 434 2872 pax,
455 2810 509 2856 et
536 2800 602 2855 ad
634 2797 855 2871 propria
889 2796 1070 2851 rediit.
1112 2797 1409 2851 [lormisda
1440 2811 1571 2850 vero
1601 2793 1882 2850 Romanus

303 2892 624 2964 episcopus,
664 2890 935 2945 molestiis
983 2890 1244 2960 fatigatus
1280 2905 1310 2942 a
1346 2887 1694 2943 Theodorico
1730 2886 1883 2941 Vita-

306 2987 453 3041 liano
485 2986 724 3047 favente,
757 2981 1071 3037 Ennodium
1124 2983 1442 3051 episcopum
1471 2981 1618 3035 misit
1652 2988 1705 3034 et
1731 2979 1885 3032 Vita—

306 3080 512 3135 lianum
553 3077 1002 3133 archidiaconum
1052 3075 1118 3131 ad
1178 3074 1449 3146 synodum
1503 3074 1884 3129 celebrandam

1979 1960 2172 2015 dentes
2195 1970 2249 2015 et
2270 1968 2462 2017 sancta
2484 1961 2626 2016 loca.
2642 1960 2786 2018 Sane
2803 1962 3279 2018 Tliessalonicensi
3299 1963 3558 2033 episcOpo

1979 2054 2420 2110 communicante
2481 2054 2551 2109 ob
2589 2065 2790 2110 metum
2857 2056 3206 2126 imperatoris
3273 2057 3559 2114 Timoaheo

1979 2144 2594 2216 Constantinopolitano
2617 2147 2896 2217 episcopo,
2932 2148 3294 2221 quadraginta
3314 2151 3560 2222 episcopi

1983 2236 2180 2307 Illyrici
2207 2236 2493 2294 ctGrteciae
2514 2241 2903 2296 convenientes
2929 2241 2981 2296 in
3008 2258 3172 2297 unum
3209 2258 3307 2314 per
3346 2243 3560 2313 profes-

1984 2331 2192 2386 sionem
2207 2333 2260 2386 in
2284 2333 2507 2403 scriptis
2529 2331 2751 2398 factam,
2771 2342 2879 2388 uta
2894 2336 3116 2405 proprio
3135 2338 3561 2407 metropolitano

1981 2421 2285 2478 discessere
2318 2424 2810 2492 abeo;ctRomam
2849 2427 3123 2483 mittentes
3150 2427 3396 2484 Romano
3416 2444 3563 2483 com-

1983 2513 2264 2569 municare
2281 2516 2335 2569 in
2349 2518 2574 2586 scriptis
2591 2517 2821 2588 professi
2855 2531 3001 2573 sunt.
3023 2518 3354 2590 Episcopum
3380 2529 3560 2576 autem

1984 2606 2527 2663 Thessalonicensem
2548 2609 2869 2666 Theodorus
2885 2611 3179 2667 historicus
3194 2613 3563 2683 patriarcham

1987 2701 2232 2754 nominat
2269 2701 2739 2763 irrationabiliter.
2775 2704 3026 2758 nesciens
3056 2719 3158 2773 qua
3189 2720 3287 2773 pro
3317 2721 3506 2760 causa.

2061 2793 2334 2848 Vicesimo
2352 2795 2563 2864 imperii
2588 2794 2861 2851 Anastasii
2883 2811 3048 2860 anno,
3075 2797 3285 2853 Joanne
3321 2797 3562 2854 Nicaeote

1988 2886 2360 2940 Alexandrino
2387 2886 2635 2942 antistite
2683 2887 2943 2942 hzeretico
2988 2897 3230 2954 mortuo,
3267 2887 3567 2948 Dioscorus

1983 2978 2192 3048 junior,
2221 2977 2496 3034 Timothei
2551 2977 2740 3034 lleluri
2770 2981 3162 3046 consobrinus,
3193 2983 3454 3052 prmlatus
3483 2994 3570 3042 est

1989 3071 2284 3141 episcopus
2328 3070 2700 3127 Alexandriae.
2753 3070 2890 3127 Cum
2941 3082 3125 3129 autem
3163 3075 3409 3131 venisset
3463 3074 3570 3148 By-

304 3171 450 3242 apud
487 3169 819 3225 Heracliam.
879 3167 1089 3223 Venere
1122 3177 1304 3222 autem
1340 3178 1394 3222 et
1447 3167 1691 3237 episcOpi
1717 3181 1782 3221 ex
1804 3168 1885 3218 di-
1917 3193 1960 3250 ε
1994 3168 2258 3235 zantium,
2293 3183 2391 3239 pro
2439 3168 2832 3224 Alexandrinis
2864 3171 3004 3241 apud
3054 3171 3441 3241 imperatorem
3487 3175 3570 3228 inv

309 3263 484 3320 versis
520 3263 660 3318 locis
710 3263 822 3319 fere
849 3261 1095 3328 ducenti,
1127 3260 1221 3330 qui
1269 3260 1417 3315 illusi
1444 3258 1513 3314 ab
1545 3260 1738 3330 iniquo
1786 3259 1890 3312 im-

273 3369 562 3430 peratore
617 3374 679 3415 ac
731 3357 1024 3416 Timotheo
1090 3357 1353 3428 episcopo
1421 3356 1888 3426 Constantinopo-

310 3456 483 3511 litano
537 3469 821 3512 recessere
860 3452 1192 3509 inefﬁcaces.
1269 3451 1474 3522 Impius
1519 3451 1738 3520 quidem
1785 3449 1891 3502 im-

310 3553 535 3617 perator
626 3553 786 3616 pacta
872 3543 1287 3615 transgrediens
1392 3543 1532 3596 clam
1615 3540 1892 3594 intimavit

313 3638 564 3694 Romano
595 3651 751 3708 papa:
778 3650 846 3691 ne
876 3635 1126 3690 veniret:
1176 3633 1402 3688 miserat
1437 3631 1582 3686 enim
1617 3627 1893 3684 Vitaliano

313 3746 526 3788 sacram
575 3743 688 3802 quo
740 3728 1141 3783 transmitteret
1195 3741 1315 3782 eam
1367 3725 1616 3788 Romam,
1672 3731 1732 3778 ut
1754 3735 1893 3792 papa

315 3825 760 3897 proficisceretur
792 3820 858 3876 ad
886 3818 1274 3875 celebrandam
1306 3816 1772 3888 apudl-leracliam
1799 3830 1892 3886 sy-

317 3917 544 3976 nodum.
578 3914 798 3978 AOinnis
843 3922 1028 3969 autem
1076 3913 1509 3984 populusatque
1560 3920 1791 3965 senatus
1839 3909 1896 3963 in

317 4009 609 4082 praesentia
637 4007 1001 4064 maledicebat
1039 4005 1334 4062 Anastasio
1359 4013 1620 4074 tanquam
1647 4001 1894 4074 perjuro.

320 4103 497 4160 Porro
535 4096 1188 4169 \‘italianusindignatus
1230 4095 1494 4150 adversus
1538 4092 1893 4148 Anastasium

323 4191 392 4246 ob
424 4188 728 4262 perjurium
757 4187 928 4241 multa
976 4187 1119 4240 mala
1151 4184 1489 4241 exercitibus
1529 4183 1812 4239 Anastasii
1843 4189 1898 4238 et

323 4284 545 4354 reliquae
568 4280 646 4337 rei
676 4280 905 4350 publica:
923 4277 1339 4342 demonstravit,
1358 4277 1639 4341 occidens,
1656 4275 1899 4346 rapiens,

322 4377 487 4431 armis
527 4389 758 4435 exuens,
794 4381 849 4427 ct
871 4371 1231 4442 postremoad
1254 4368 1511 4440 injuriam
1536 4367 1655 4439 ejus
1697 4383 1899 4422 unum-

323 4482 597 4540 quemque
631 4466 860 4520 militem
886 4481 996 4518 uno
1020 4479 1164 4518 aereo
1205 4477 1430 4517 nummo
1455 4461 1725 4518 vendens.

1994 3269 2342 3315 tercessurus
2396 3270 2624 3332 propter
2663 3261 3010 3317 occasionem
3039 3263 3129 3316 filii
3161 3262 3416 3334 CalliOpii
3451 3270 3569 3320 An-

1991 3352 2246 3419 gustalis,
2284 3353 2352 3407 ab
2383 3352 2712 3408 ortliodoxis
2734 3352 2952 3423 publice
2979 3355 3250 3412 conviciis
3277 3358 3571 3426 appeteba-

1993 3450 2103 3507 tur,
2138 3457 2264 3496 cum
2301 3442 2646 3513 procederet,
2709 3443 3160 3502 existimantibus
3196 3462 3320 3501 eum
3375 3458 3570 3502 contra

1993 3543 2143 3591 recta
2171 3535 2428 3606 dogmata
2482 3535 2797 3591 advenisse.
2848 3538 2988 3608 Ergo
3039 3554 3164 3593 cum
3214 3539 3286 3593 ob
3338 3539 3572 3594 lieniici-

1995 3629 2144 3682 dium
2200 3628 2648 3693 intercessisset,
2711 3644 2834 3684 cum
2895 3628 3251 3685 festinatione
3290 3631 3570 3687 discessit.

1995 3719 2172 3775 Causa
2200 3735 2330 3774 vero
2356 3719 2522 3775 caedis
2560 3719 2663 3774 ista
2697 3719 2818 3775 fuit.
2864 3719 3000 3775 Cum
3059 3720 3355 3777 Dioscorus
3379 3737 3574 3778 manus

1996 3814 2399 3882 impositionem
2459 3813 2785 3883 accepisset,
2844 3827 3127 3870 recessere
3181 3815 3568 3870 multitudines

1998 3907 2360 3972 rusticorum,
2413 3905 2663 3961 dicentes
2725 3905 2854 3975 quia
2911 3906 3018 3960 nisi
3072 3907 3374 3962 secundum
3429 3909 3577 3979 quod

1998 4006 2314 4053 sanctorum
2372 3997 2662 4053 continent
2712 3998 3090 4069 apostolorum
3149 4013 3394 4054 canones
3459 4001 3575 4069 flat,

2001 4107 2110 4146 non
2171 4091 2473 4160 recipietur
2510 4091 2841 4162 episc0pus:
2896 4091 3153 4162 princeps
3183 4092 3327 4147 enim
3366 4092 3582 4147 inthro-

2001 4168 2281 4238 nizaverat
2316 4199 2464 4240 eum.
2524 4183 2824 4239 Dioscorus
2849 4192 3032 4239 autem
3067 4186 3212 4240 venit
3243 4186 3310 4240 ad
3347 4184 3407 4240 S.
3440 4186 3582 4242 Mar-

1996 4263 2152 4342 cum,
2191 4283 2249 4330 et
2274 4275 2556 4331 venientes
2584 4276 2769 4330 clerici
2798 4270 3098 4331 induerunt
3147 4291 3272 4331 eum
3306 4276 3578 4342 secundo,

2002 4377 2058 4424 et
2088 4369 2285 4424 iterum
2333 4377 2820 4425 consecraverunt.
2894 4368 2963 4423 Et
2999 4368 3072 4423 ita
3115 4371 3343 4426 veniens
3392 4371 3460 4425 ad
3517 4371 3578 4426 S.

2003 4459 2270 4520 Joannem
2321 4464 2555 4536 perfecit
2590 4463 2902 4518 collectam.
2973 4461 3112 4517 Cum
3185 4469 3367 4516 autem
3432 4461 3582 4517 esset

390 4561 573 4617 Mundi
598 4573 741 4613 anno
775 4556 936 4623 6008,
967 4555 1169 4612 divinae
1192 4555 1590 4610 incarnationis
1607 4568 1753 4610 anno
1770 4552 1895 4622 508,
1926 4539 1977 4599 D
2004 4560 2115 4615 illic
2145 4557 2499 4614 Theodosius
2531 4557 2682 4614 ﬁlius
2711 4556 2966 4627 Calliopii
2999 4555 3318 4624 Augustalis
3364 4564 3419 4610 et
3445 4557 3584 4610 Aca-

327 4655 530 4723 llunni,
564 4654 657 4726 qui
715 4651 976 4708 dicuntur
1006 4648 1203 4715 Saber,
1259 4655 1612 4703 transeuntes
1663 4644 1895 4716 Caspias

323 4759 533 4820 portas,
555 4749 868 4804 Armeniam
889 4742 1376 4815 etCappadociam,
1397 4740 1664 4795 Galatiam
1689 4749 1742 4795 et
1758 4738 1905 4795 Pon-

326 4855 437 4900 tum
488 4839 806 4913 depopulati
879 4843 1030 4899 sunt,
1080 4834 1154 4889 ita
1190 4840 1248 4889 ut
1302 4831 1628 4887 Euehaitam
1681 4847 1902 4902 quoque

324 4934 708 5010 pervaderent.
737 4929 894 4987 Unde
927 4935 982 4984 et
1019 4926 1235 4996 fugiens
1295 4923 1673 4990 Macedonius,
1704 4940 1900 4994 prope-

326 5035 547 5090 modum
577 5030 1008 5103 pcriclitaturus,
1049 5024 1293 5079 salvatus
1327 5028 1411 5077 est
1441 5019 1588 5092 apud
1627 5015 1897 5092 Gangras'.

323 5129 444 5196 Quo
499 5132 784 5195 comperto
819 5117 1150 5175 Anastasius
1199 5131 1383 5170 amare
1413 5113 1529 5169 illic
1561 5129 1687 5169 eum
1718 5125 1901 5197 custo-

324 5221 430 5279 diri
470 5211 1021 5292 pratcepit,'mittens,
1048 5217 1107 5263 ut
1133 5207 1307 5269 aiunt,
1331 5204 1425 5276 qui
1450 5220 1574 5258 eum
1608 5205 1905 5291 occideret.

327 5314 628 5372 Defunctus
683 5313 864 5361 autem
917 5301 1062 5372 apud
1133 5299 1380 5369 Gangras
1439 5298 1654 5368 positus
1713 5307 1795 5354 est
1854 5301 1908 5356 in

328 5403 532 5475 templo
551 5461 556 5476 τ
573 5397 748 5456 sancti
776 5393 1030 5464 Martyris
1047 5390 1296 5446 Callinici
1315 5379 1468 5458 juxta
1486 5387 1747 5459 reliquias
1768 5389 1908 5478 ejus,

333 5499 532 5554 multas
565 5492 829 5549 sanitates
855 5486 1128 5549 eliiciens;
1175 5482 1268 5552 qui
1301 5496 1424 5535 cum
1458 5482 1727 5534 exanimis
1756 5481 1912 5551 jacc-

334 5603 431 5660 ret,
490 5601 659 5646 manu
709 5582 885 5640 fertur
931 5595 991 5636 se
1043 5573 1328 5650 signaculo
1380 5574 1567 5629 crucis
1635 5573 1909 5645 signasse.

2002 4651 2123 4706 eius
2154 4650 2422 4719 magister
2465 4649 2726 4712 militum,
2755 4647 2932 4702 turbae
2959 4646 3193 4701 turbata
3238 4661 3458 4716 cmpere
3493 4647 3582 4701 in-

1997 4743 2163 4813 juriis
2195 4742 2409 4797 afﬁcere
2434 4733 2841 4812 Augustalium,
2866 4754 2931 4795 eo
2951 4739 3097 4810 quod
3128 4739 3378 4794 laudaret
3412 4739 3584 4810 impe-

2004 4847 2244 4893 ratorem
2293 4837 2668 4892 Anastasium.
2744 4835 2880 4888 Cum
2910 4848 3041 4888 vero
3075 4833 3320 4903 jurgium
3372 4843 3580 4888 motum

2009 4931 2229 4997 fuisset,
2259 4928 2568 4984 insilientes
2593 4927 2815 4997 quidam
2847 4941 2879 4980 a
2902 4926 3036 4981 sedc
3064 4925 3234 4980 lilium
3265 4925 3584 4996 Augustalis

2009 5024 2403 5093 deposuerunt,
2442 5030 2496 5077 et
2531 5021 2931 5075 interemerunt
2963 5032 3113 5074 eum.
3138 5019 3142 5026 ”
3169 5017 3236 5072 At
3264 5032 3396 5073 vero
3442 5017 3586 5071 Aea-

2010 5106 2130 5173 eius
2177 5117 2439 5187 magister
2497 5115 2758 5180 militum,
2812 5120 3088 5187 quotquot
3139 5127 3340 5182 capere
3383 5112 3583 5181 potuit,

2010 5205 2307 5262 interfecit.
2370 5206 2499 5259 Haec
2555 5202 2786 5258 audiens
2821 5202 3123 5272 imperator
3150 5202 3324 5258 iratus
3357 5209 3442 5256 est
3490 5200 3588 5255 ad-

2009 5314 2203 5356 versus
2237 5312 2355 5354 eos.
2417 5295 2586 5351 Porro
2617 5294 2919 5350 Dioscorus
2953 5293 3320 5348 interveniens
3369 5291 3587 5363 mitiga-

2009 5392 2088 5447 vit
2116 5406 2266 5447 eum.
2329 5387 2476 5443 Inter
2511 5385 2675 5442 Indos
2722 5400 2855 5441 vero
2887 5392 2942 5440 et.
2966 5382 3168 5440 Persas
3217 5392 3463 5438 castrum
3500 5391 3587 5439 est

2011 5483 2238 5538 nomine
2265 5481 2579 5544 Zubdaber,
2606 5477 2698 5533 ubi
2755 5477 2958 5532 multas
2983 5475 3249 5546 pecunias
3289 5483 3344 5530 et
3375 5474 3588 5544 lapides

2011 5576 2284 5645 pretiosos
2350 5587 2472 5629 esse
2506 5570 2764 5632 .Cabades
2805 5583 2899 5625 rex
2957 5567 3252 5624 Persarum
3307 5566 3585 5636 ediscens,

1829 5689 2065 5746 ΝΟΤιΕ.

405 5801 857 5880 (ιιιλῖξςηςζωη.
907 5791 1283 5880 Flodoar'dusn
1515 5786 1901 5880 Edilhun-1.3::
1949 5807 1966 5841 ι
2010 5789 2387 5860 Fiendumque
2415 5781 2886 5845 se'Christianum
2923 5779 3186 5838 vovisset.
3227 5799 3246 5831 ι
3293 5779 3424 5838 Vide
3451 5777 3595 5837 Vos-

337 5857 596 5940 siu‘m-lDe
626 5875 769 5930 vitiis
814 5866 1092 5931 sermonis,
1128 5865 1181 5930 4,
1216 5863 1304 5930 50,
1339 5862 1482 5916 circa
1519 5859 1702 5914 finem.
1735 5857 1898 5914 Faue.
