4038 6298
415 330 553 397 1251

1508 323 1915 386 ANASTASII
1970 322 2607 385 BIBLIOTHECARII

3554 312 3691 380 1252

411 450 687 521 qitmmhat
710 448 814 503 hoc
843 445 1328 517 comprehendere.
1359 443 1644 500 Daimones
1672 451 1853 498 autem
1888 442 2009 497 loco
2038 446 2083 502 Α
2111 451 2474 498 consecratus
2506 449 2591 496 est
2651 439 2977 504 Antiochiae,
3013 445 3066 494 et
3095 437 3322 495 donavit
3386 436 3688 505 imperator

417 544 723 601 insidentes
761 540 1137 612 prohibebant
1181 539 1330 592 illum
1374 537 1617 608 aggredi.
1671 536 1835 591 Omni
1876 550 2007 606 ergo

414 646 567 694 mota
610 634 1022 704 excogitatione
1072 646 1355 702 magorum
1408 646 1655 695 suorum,
1702 630 2010 701 dcindeque

410 728 724 784 Jndaeorum
770 726 1005 783 consilio
1046 724 1367 785 frustratus,
1419 722 1654 777 credidit
1689 737 1785 791 per
1817 723 2013 776 oratio-

413 834 537 877 nem
582 816 1044 894 Christianorum,
1068 816 1264 887 quaem
1285 815 1349 870 ad
1382 814 1575 880 Deum,
1606 815 1735 869 huic
1761 815 2008 868 domina-

419 920 465 972 ri
488 934 505 983 ;
526 929 582 973 et
600 920 918 988 episcopum
946 914 1237 987 quemdam
1262 912 1722 975 Christianorum,
1742 912 1834 982 qui
1868 910 2011 980 apud

412 1009 614 1066 Persas
632 1021 810 1076 erant,
836 1012 1118 1079 superhoc
1165 1006 1494 1077 deprecatus
1511 1014 1619 1061 est.
1640 1006 1744 1071 Qui
1769 1006 1999 1059 collecta

418 1102 697 1158 celebrata
718 1103 1031 1158 divinorum
1051 1100 1441 1172 mysteriorum
1458 1098 1937 1167 participatusest,
1958 1103 2012 1150 et

418 1194 686 1251 accedens
722 1195 790 1248 ad
859 1194 1036 1249 locum
1063 1193 1362 1257 daemones,
1399 1190 1493 1260 qui
1533 1190 1608 1243 illi
1642 1190 1875 1253 inerant,
1922 1203 2009 1257 pe-

421 1288 577 1356 pulit,
602 1295 658 1343 et
685 1286 1005 1342 sinelabore
1026 1294 1268 1341 castrum
1288 1280 1492 1337 Cabadi
1536 1280 1778 1334 tradidit.
1802 1280 2006 1349 Stupe-

422 1378 608 1433 faetus
644 1387 825 1431 autem
859 1391 1025 1445 super
1054 1376 1159 1429 hoc
1212 1375 1373 1443 signo
1405 1372 1654 1428 Cabades
1700 1372 1875 1442 prima
1918 1387 2014 1423 ca-

421 1472 615 1525 thedra
651 1470 972 1539 episcopum
1025 1468 1337 1533 honoravit,
1367 1481 1491 1520 cum
1543 1480 1719 1535 usque
1753 1466 1820 1517 ad
1874 1465 2008 1517 illud

423 1571 644 1635 tempus
680 1561 964 1618 Manichrei
994 1569 1160 1631 atque
1185 1558 1356 1615 Judaei
1394 1557 1788 1628 praesiderent;
1845 1572 2009 1628 porto

420 1657 734 1714 volentibus
768 1656 1034 1727 baptizari
1068 1655 1342 1712 licentiam
1376 1654 1627 1725 praebuit.

501 1747 778 1805 Vicesimo
826 1749 1064 1818 septimo
1140 1747 1357 1819 imperii
1420 1746 1705 1802 Anastasii
1742 1760 1888 1801 anno
1925 1747 2013 1802 vi-

422 1831 505 1899 dit
585 1842 731 1897 idem
810 1840 1119 1913 imperator
1187 1840 1244 1896 in
1327 1840 1449 1895 visu
1517 1840 1697 1895 virum
1781 1840 2009 1894 terribi-

436 1934 569 2001 lem,
620 1939 931 2007 portantem
983 1934 1271 2000 codicem;
1309 1932 1401 2003 qui
1457 1932 1604 1987 hunc
1642 1932 1922 2003 aperiens,
1957 1940 2011 1987 et

410 2025 719 2082 inveniens
752 2040 951 2080 nomen
1009 2024 1385 2096 imperatoris,
1415 2023 1551 2080 dicit
1582 2025 1670 2082 ei:
1718 2024 1853 2079 Ecce
1882 2039 2009 2093 pro-

412 2132 538 2189 pter
572 2119 776 2175 malam
814 2119 977 2189 fidem
1008 2128 1155 2173 tuam
1179 2118 1328 2173 deleo
1362 2117 1788 2190 quatuordecim,
1822 2125 1877 2173 et
1909 2117 2008 2173 de-

412 2213 559 2269 levit
589 2228 707 2270 eos.
730 2211 1170 2286 [Expergel‘actus
1210 2220 1420 2280 autem,
1443 2221 1505 2267 et
1556 2212 1829 2267 advocato
1859 2212 2009 2267 Ada-

412 2310 637 2362 anantio
670 2307 990 2378 prtrposito,
1027 2305 1170 2360 dixit
1207 2304 1255 2361 ei
1297 2305 1589 2361 visionem.
1645 2306 1712 2359 Et
1743 2322 1858 2375 ego,
1895 2306 2011 2371 ait,

428 2400 537 2453 vidi
559 2399 671 2455 luce
702 2403 806 2453 ista
838 2407 1007 2465 nocte,
1037 2399 1164 2468 quia
1210 2400 1485 2453 assistenti
1515 2398 1643 2451 mihi
1682 2398 1898 2466 imperio
1926 2408 2015 2452 mo

416 2506 618 2562 porcus
641 2508 866 2563 magnus
889 2492 1172 2557 veniens,et
1198 2491 1573 2560 romprehensa
1597 2501 1854 2559 prwtexta
1879 2506 2017 2557 mea,

428 2585 652 2656 projecit
694 2600 780 2638 me
806 2586 865 2638 in
899 2592 1097 2638 terram
1127 2592 1175 2637 et
1213 2583 1505 2637 interemit.
1532 2581 1853 2638 Convocato
1883 2595 2018 2651 ergo

432 2674 672 2734 Proculo
697 2677 1011 2747 coniectore
1053 2676 1164 2747 (‘22)
1195 2673 1369 2730 edixit
1394 2674 1444 2729 ei
1473 2690 1596 2745 quae
1624 2674 1846 2729 fuerant
1876 2675 2018 2742 visa;

433 2771 530 2841 qni
569 2770 727 2841 quod
742 2769 911 2825 ambo
926 2769 1125 2823 .mrent
1147 2775 1277 2839 post
1295 2767 1577 2839 paululum
1601 2767 1852 2822 morituri
1881 2783 2024 2838 prre-

433 2864 596 2920 dixit.
630 2864 924 2920 Timotheo
973 2878 1111 2918 vero
1150 2862 1725 2934 Constantinopoleos
1762 2864 2027 2933 episeopo

414 2966 674 3025 mortuo,
706 2956 981 3014 Joannem
1016 2956 1399 3028 Cappadocem
1427 2958 1753 3028 episcopum
1784 2964 1839 3012 et
1888 2970 2020 3029 syn-

417 3051 639 3107 ‘eellum
700 3051 1267 3121 Constantinopoleos
1312 3050 1634 3121 episcopum
1668 3058 2019 3106 creaverunt.

2111 535 2323 589 civitati
2357 534 2709 589 Antiochenze
2738 534 2885 587 mille
2918 533 3086 587 libras
3119 530 3259 585 auri.
3297 528 3403 605 Sed
3456 536 3511 581 et
3539 534 3693 580 caete-

2113 627 2189 681 ris
2220 628 2450 681 urbibus
2479 626 2913 682 benevolentiam
2944 622 3225 694 prmstitit,
3254 620 3514 676 inhibens
3557 633 3693 689 quo-

2112 735 2218 790 que
2256 728 2310 775 et
2332 719 2589 788 publicas
2615 716 3084 789 perturbationes.
3127 713 3390 770 Xenaiam
3424 725 3579 773 vero,
3601 710 3691 781 qui

2111 821 2165 867 et
2225 812 2558 867 Philoxenus
2609 811 2913 875 dicebatur,
2962 801 3279 880 episcopum
3318 805 3695 877 llierapoleos,

2113 921 2236 961 eum
2290 912 2440 962 esset
2490 906 2842 972 Manichacus,
2874 913 2929 961 et
2994 904 3216 960 Petrum
3265 903 3511 975 Apamiae
3570 916 3693 956 cum

2112 998 2372 1052 omnibus
2405 996 2579 1067 ipsius
2614 995 2841 1050 maculae
2870 995 3239 1066 participibus
3268 994 3467 1048 exsilio
3491 992 3699 1063 relega-

2112 1090 2212 1143 vit.
2245 1087 2542 1144 Revocavit
2577 1096 2760 1144 autem
2795 1103 2989 1143 omnes
3035 1092 3311 1159 quotquot
3339 1086 3543 1157 injuste
3578 1082 3694 1138 fne-

2114 1192 2240 1235 rant
2300 1181 2368 1235 ab
2398 1180 2693 1235 Anastasio
2720 1181 2939 1235 exsules
2991 1178 3304 1234 constituti.
3341 1177 3452 1233 Sed
3483 1187 3541 1233 et
3596 1179 3703 1247 Ap-

2114 1276 2332 1344 pionem
2397 1275 2714 1344 patricium,
2770 1289 2932 1344 quem
2996 1273 3053 1329 in
3095 1273 3315 1328 Nicmna
3375 1274 3599 1327 civitate
3651 1273 3702 1326 in

2115 1368 2498 1439 presbyterum
2562 1376 3000 1433 eonsecraverat,
3048 1382 3322 1438 quemque
3383 1368 3703 1438 imperator,

2116 1470 2177 1515 ut
2206 1476 2395 1516 revera
2420 1461 2765 1532 prudentem,
2791 1460 3110 1531 praefectum
3136 1459 3264 1516 fecit
3290 1461 3694 1531 praetoriorum.

2119 1556 2379 1624 Sequenti
2414 1564 2597 1612 autem
2638 1571 2783 1611 anno
2813 1554 3025 1611 Joanne
3052 1553 3413 1625 Cappadocia:
3434 1552 3707 1608 Constan-

2121 1650 2489 1720 tinopolitano
2528 1649 2791 1721 episcopo
2842 1651 3125 1715 defuncto,
3187 1648 3531 1721 Epiphanius
3584 1665 3703 1720 pre.

2121 1744 2307 1815 sbyter
2332 1742 2506 1813 ipsius
2528 1744 2777 1799 ecclesiae
2805 1752 2970 1812 atque
2994 1743 3268 1813 syncellus
3294 1751 3579 1812 promotus
3603 1749 3706 1811 est;

2118 1837 2377 1893 similiter
2417 1846 2473 1891 et
2503 1835 2794 1891 Hormisda
2832 1835 3082 1894 Romano
3110 1838 3422 1894 dormiente
3458 1835 3700 1892 Joannes

2111 1931 2493 2003 episcopatum
2537 1932 2801 2003 suscepit.

2185 2025 2372 2080 Tertio
2430 2025 2630 2081 Justini
2673 2025 2944 2097 principis
2977 2041 3149 2093 anno,
3180 2025 3329 2082 bello
3364 2034 3517 2080 moto
3551 2025 3691 2080 inter

2115 2115 2396 2172 Romanos
2422 2125 2474 2172 et
2502 2117 2721 2183 Persas,
2756 2117 2906 2173 misit
2936 2117 3080 2173 idem
3102 2116 3360 2173 Justinus
3406 2117 3615 2187 legatos
3645 2126 3699 2172 et

2116 2226 2343 2268 munera
2373 2209 2440 2266 ad
2474 2210 2731 2267 Zelicben
2781 2227 2965 2282 regem
3022 2210 3349 2266 Hunnorum
3375 2254 3390 2278 ,
3426 2220 3479 2266 et
3512 2225 3703 2282 repro-

2116 2300 2267 2355 misit
2297 2314 2422 2355 cnm
2451 2299 2784 2370 iuramentis
2818 2316 2878 2356 se
2914 2303 3235 2373 imperatori
3266 2310 3461 2358 contra
3496 2302 3695 2359 Persas

2118 2393 2383 2447 auxilium
2421 2400 2836 2463 praestaturum.
2870 2393 3120 2451 Mittente
3174 2404 3355 2452 autem
3387 2408 3441 2452 et
3490 2397 3707 2453 Cahade

2117 2486 2436 2556 repromisit
2461 2493 2517 2541 et
2546 2486 2675 2556 ipsi.
2705 2485 2819 2542 Hoc
2846 2503 2979 2544 sane
3010 2487 3268 2544 Justinus
3304 2490 3564 2545 ediscens
3610 2491 3704 2544 tri-

2119 2584 2300 2634 status
2329 2585 2416 2633 est
2444 2576 2625 2635 valde.
2656 2577 2833 2634 Porro
2887 2580 3092 2635 direxit
3122 2580 3186 2635 ad
3221 2580 3419 2636 Persas
3453 2580 3706 2637 Zelicbes

2119 2669 2317 2743 viginti
2352 2672 2525 2727 millia
2563 2673 2629 2729 ad
2655 2674 3077 2746 expugnandum
3116 2674 3413 2730 Romanos.
3447 2675 3518 2730 At
3579 2691 3707 2731 vero

2121 2765 2375 2824 Justinus
2398 2767 2699 2826 destinavit
2731 2769 2939 2825 Cabadi
2974 2772 3089 2841 regi
3122 2770 3412 2827 Persarum
3464 2771 3702 2845 legatio-

2122 2874 2247 2917 nem
2276 2875 2376 2933 pro
2407 2878 2563 2933 pace,
2586 2870 2636 2918 et
2670 2864 2831 2934 quasi
2865 2879 3030 2934 super
3053 2864 3162 2919 alio
3192 2864 3426 2934 quodam
3455 2868 3710 2924 scribens

2122 2956 2287 3010 etiam
2340 2953 2409 3011 de
2468 2954 2691 3012 Zelicbe
2748 2955 3100 3028 signiﬁcavit,
3135 2958 3263 3028 quia
3317 2959 3700 3029 epitulationis

2120 3045 2435 3116 iuramenta
2482 3065 2603 3105 cum
2658 3049 2926 3105 Romanis
2956 3050 3141 3115 habet,
3179 3053 3309 3122 quia
3366 3061 3424 3109 et
3481 3070 3709 3110 munera

437 3142 936 3199 Hiceonsecratus
973 3142 1258 3199 tertiodie
1289 3142 1512 3197 Pascha:
1539 3142 1897 3213 apostolicam
1934 3143 2021 3199 in-
2049 3170 2093 3231 ε
2127 3141 2339 3210 accepit
2368 3140 2560 3206 multa,
2589 3148 2643 3196 et
2671 3142 2788 3196 vult
2818 3141 3063 3211 proditor
3121 3142 3412 3200 Persarum
3467 3144 3608 3207 fieri.
3656 3152 3715 3202 et

440 3231 614 3293 dutus
641 3238 977 3293 eststolam.
1013 3236 1263 3309 Populus
1299 3244 1486 3293 autem
1513 3238 1837 3294 instantiam
1877 3240 2023 3295 mul-

440 3340 553 3384 tam
582 3323 785 3401 agebat
826 3342 884 3386 ut
909 3328 1156 3387 Joannes
1175 3330 1677 3387 anathematizarct
1733 3330 2020 3389 Severum.

437 3420 613 3478 Porro
630 3421 823 3478 eodem
847 3437 992 3478 anno
1004 3430 1258 3480 mortuus
1278 3431 1362 3479 est
1378 3423 1580 3494 impius
1598 3423 1948 3491 Anastasius,
1971 3432 2026 3479 et

436 3512 725 3583 imperavit
748 3512 873 3584 pius
893 3510 1145 3571 Justinus
1166 3528 1265 3584 pro
1287 3528 1375 3581 eo,
1392 3516 1478 3569 vir
1505 3514 1691 3571 senior
1703 3524 1759 3573 et
1796 3514 2024 3569 multum

435 3604 669 3675 peritus,
690 3606 820 3676 quia
867 3620 898 3659 a
942 3594 1208 3662 militibus
1230 3605 1497 3677 incipiens
1548 3621 1726 3677 usque
1761 3607 1829 3663 ad
1864 3621 2030 3663 sena-

436 3704 554 3752 tum
577 3697 833 3769 proiecit,
854 3698 1107 3769 lllyricus
1136 3714 1360 3769 genere.
1394 3697 1631 3768 Quidam
1664 3707 1847 3756 autem
1869 3700 2029 3755 aiunt

435 3790 583 3861 quod
594 3790 784 3845 divino
804 3788 1030 3847 fulmine
1048 3805 1349 3861 percussus
1397 3793 1725 3850 Anastasius
1742 3793 2025 3865 periisset.

507 3881 698 3938 Mundi
749 3898 896 3938 anno
948 3882 1113 3950 60M,
1165 3883 1367 3940 divina
1425 3884 1825 3942 incarnationis
1879 3900 2027 3942 anno

435 3972 563 4037 511.
606 3988 756 4029 anno
810 3974 1027 4045 imperii
1054 3972 1260 4030 Justioi
1310 3974 1510 4045 primo,
1558 3975 1868 4034 Vitalianus
1902 3984 2029 4048 post

444 4074 679 4122 mortem
712 4065 990 4122 Anastasii
1024 4065 1204 4122 eidem
1227 4066 1553 4137 imperatori
1586 4067 1745 4122 valde
1782 4066 2019 4123 familia-

438 4156 518 4212 ris
542 4154 771 4213 eﬁ‘ectus
806 4163 914 4223 est,
947 4157 1022 4211 ita
1055 4162 1142 4226 [ut
1193 4157 1389 4213 consul
1453 4159 1844 4229 appellaretur,
1883 4160 2025 4216 ﬁdu-

442 4247 697 4316 ciamque
760 4254 971 4301 tantam
1013 4246 1159 4317 apud
1216 4246 1609 4318 imperatorem
1677 4250 1905 4307 haberet
1964 4260 2024 4307 ut

437 4338 606 4395 etiam
639 4337 905 4397 Severum
935 4342 1261 4412 praeciperet
1288 4341 1415 4413 ejici
1444 4352 1501 4398 et
1530 4343 1771 4399 interimi
1800 4368 1813 4402 :
1854 4345 2022 4403 nimis

437 4434 584 4487 enim
614 4440 737 4488 erat
766 4434 1113 4491 orthodoxus
1175 4433 1503 4492 Vitalianus.
1539 4436 1661 4503 Quo
1700 4437 1889 4493 audito
1921 4438 2021 4492 Se~

2128 3234 2263 3302 quia
2300 3242 2517 3304 oportet
2576 3247 2701 3300 nos,
2735 3249 2859 3289 cum
2890 3236 3066 3291 simus
3107 3234 3333 3301 fratres,
3393 3236 3461 3294 ad
3518 3239 3715 3294 amici-

2130 3325 2261 3380 tiam
2316 3325 2507 3381 vcnire
2558 3331 2756 3381 etnon
2815 3341 2846 3380 a
2878 3327 3111 3382 canibus
3166 3328 3291 3384 istis
3348 3328 3527 3384 illudi.
3559 3328 3711 3387 Tunc

2131 3415 2382 3472 Cabades
2436 3430 2733 3473 accersens
2791 3429 3003 3474 secreto
3055 3417 3337 3485 Zelicben,
3389 3419 3711 3479 sciscitatus

2135 3522 2218 3568 est
2252 3512 2300 3569 si
2332 3512 2640 3582 accepisset
2666 3526 2697 3566 a
2740 3508 3004 3567 Romanis
3030 3527 3284 3581 munera,
3324 3513 3582 3569 hortatus
3612 3516 3710 3571 ad-

2129 3620 2328 3662 versus
2358 3606 2592 3672 Persas;
2624 3604 2717 3677 qui
2738 3604 2889 3659 dixit
2915 3622 2929 3661 :
2978 3600 3180 3660 Etiam.
3222 3607 3287 3661 Et
3318 3608 3496 3666 iratus
3527 3609 3708 3668 Caba—

2131 3698 2229 3755 des
2268 3698 2474 3755 occidit
2510 3713 2659 3765 eum,
2689 3708 2744 3753 et
2773 3714 2869 3770 per
2904 3710 3119 3754 noctem
3160 3701 3329 3755 missa
3361 3700 3714 3759 multitudine

2125 3790 2423 3849 Persarum
2489 3791 2770 3846 interiecit
2830 3792 3098 3862 populum
3162 3791 3336 3862 ejus,
3396 3795 3711 3865 suspicatus

2129 3883 2277 3954 quod
2301 3884 2429 3939 dolo
2457 3886 2739 3940 venissent
2778 3885 2843 3939 ad
2862 3884 3029 3940 illum
3057 3900 3075 3950 ;
3103 3892 3372 3957 quotquot
3398 3894 3582 3941 autem
3614 3902 3713 3958 po-

2117 3985 2359 4034 tuerunt
2418 3977 2626 4047 fugere,
2690 3977 2972 4033 redierunt
3025 3976 3095 4032 ad
3147 3980 3391 4049 propria.
3442 3977 3713 4036 Praeterea

2127 4069 2470 4142 Euphrasius
2499 4071 2881 4127 Antiochenus
2907 4069 3411 4128 Chalcedonensem
3436 4073 3709 4144 synodum

2125 4162 2366 4218 exclusit
2388 4177 2417 4217 a
2438 4160 2739 4232 diptychis,
2775 4161 2871 4217 sed
2901 4168 2958 4218 et
2988 4176 3187 4217 nomen
3219 4160 3541 4219 Hormisdae‘
3554 4179 3710 4235 papae

2125 4252 2385 4309 Romani.
2423 4253 2553 4309 Post
2607 4253 2723 4309 hinc
2759 4268 2891 4309 vero
2945 4252 3151 4309 timens
3197 4262 3441 4325 quatuor
3473 4256 3711 4311 concilia

2127 4345 2499 4401 conﬁrmavit.

2195 4439 2403 4506 Quinto
2435 4454 2580 4493 anno
2613 4438 2825 4506 imperii
2880 4435 3325 4495 JustiniZathns
3386 4454 3483 4495 rex
3532 4438 3705 4496 Lazo-

436 4540 602 4582 verus
661 4524 822 4595 fugit,
878 4536 931 4581 et
984 4526 1237 4585 Julianus
1292 4528 1664 4586 Halicarnassi
1697 4531 2013 4602 episcopus.
2057 4551 2102 4607 ι)
2132 4549 2278 4598 rum,
2319 4534 2583 4591 recedens
2617 4548 2646 4589 a
2670 4549 2838 4601 regno
2864 4531 3159 4589 Persarum
3190 4543 3456 4604 regnante
3488 4533 3708 4588 Cabade

438 4616 738 4690 Egyptum
769 4619 1061 4687 abeuntes,
1097 4620 1240 4676 hanc
1267 4622 1773 4686 conturbaverunt,
1812 4639 2023 4678 sermo-

436 4726 562 4767 nem
594 4711 663 4767 de
683 4712 1030 4782 corrupti-bili
1058 4720 1113 4768 et
1142 4697 1555 4784 incorruptibili
1584 4724 2021 4783 commoventes,

436 4803 567 4859 dum
600 4804 950 4860 Alexandriae
980 4804 1277 4862 Dioscorus
1310 4814 1460 4862 esset
1521 4806 1838 4878 episcOpus.
1889 4807 2022 4879 Epi-

438 4896 592 4967 scopi
620 4908 802 4951 antem
829 4904 884 4951 et
919 4896 1106 4953 clerici
1158 4896 1386 4954 Romam
1441 4898 1745 4966 venientes,
1782 4901 2024 4955 auctori-

438 4997 549 5043 tate
589 4989 660 5044 ab
686 4988 983 5045 Hormisda
1014 4988 1264 5045 Romano
1318 4991 1582 5064 episcOpo
1648 4994 1833 5049 studio
1867 4992 2023 5050 Vita-

436 5078 566 5135 liani
595 5088 879 5151 percepta,
905 5096 1030 5136 cum
1061 5082 1245 5137 adhuc
1273 5083 1479 5139 viveret
1507 5082 1770 5156 Joannes
1802 5085 2020 5158 Cappa-

433 5175 546 5230 dox
570 5176 1569 5251 episcopusConstantinopolitanus,
1589 5190 1839 5237 sanetam
1863 5182 2023 5238 Chal-

432 5268 801 5325 cedonensetn
842 5269 1113 5342 synodum
1150 5273 1206 5327 in
1271 5272 1552 5345 diptychis
1603 5273 2021 5342 ordinaverunt,

439 5375 703 5417 unacum
758 5362 883 5419 aliis
934 5365 1112 5420 sacris
1156 5365 1337 5421 tribus
1388 5366 1662 5422 conciliis.
1698 5365 1834 5423 Cum
1890 5382 2021 5423 vero

438 5454 678 5514 Severus
724 5456 932 5528 impius
974 5457 1103 5530 fuga
1140 5459 1325 5531 lapsus
1347 5468 1495 5517 esset
1516 5459 1770 5529 eﬂ‘ectus,
1817 5461 2021 5518 Paulus

2131 4638 2186 4686 et
2224 4629 2456 4683 Zatltum
2500 4636 2739 4691 amante,
2778 4628 2874 4699 qui
2914 4627 3083 4683 etiam
3112 4626 3267 4682 illum
3302 4627 3357 4682 in
3390 4642 3574 4699 regem
3606 4625 3706 4682 La-

2132 4738 2320 4778 zorum
2355 4722 2706 4793 provexerat,
2737 4720 2887 4775 venit
2918 4718 3244 4791 Byzantium
3292 4719 3356 4775 ad
3401 4720 3703 4783 Justinum,

2130 4826 2184 4873 et
2216 4817 2426 4887 rogavit
2457 4832 2582 4871 eum
2619 4824 2677 4870 ut
2705 4814 2853 4869 ﬁeri"
2880 4814 3229 4870 ChriStianus
3272 4822 3328 4869 et
3362 4815 3431 4869 ab
3464 4815 3584 4884 ipso
3609 4829 3703 4879 ap-

2130 4911 2426 4982 pellaretur
2461 4910 2760 4979 imperator
2788 4907 3082 4963 Lazorunt.
3123 4910 3193 4961 At
3246 4907 3550 4975 imperator
3581 4922 3699 4961 cum

2132 5004 2333 5072 gaudio
2362 5003 2456 5056 illo
2494 5011 2778 5072 suscepto,
2830 5002 3164 5057 illuminavit
3210 5002 3325 5075 (Ξὸ)
3369 5016 3495 5057 eum
3530 5011 3586 5057 et
3638 5003 3697 5055 ti-

2132 5096 2261 5150 lium
2294 5095 2603 5166 appellavit.
2634 5094 2933 5171 Proveclus
2968 5105 3149 5149 autem
3182 5095 3479 5165 imperator
3532 5092 3699 5149 Lazo-

2126 5201 2249 5241 rum
2277 5201 2305 5240 a
2336 5184 2552 5241 Justino
2585 5186 2819 5257 portavit
2849 5200 3108 5241 coronam
3136 5193 3191 5241 et
3218 5184 3562 5257 chlamydem
3598 5189 3698 5240 im-

2125 5281 2457 5350 peratoriam
2515 5282 2718 5335 albam.
2787 5279 2907 5346 Quo
2962 5289 3245 5351 comperto
3303 5277 3549 5351 Cabades
3604 5294 3695 5333 rex

2127 5372 2419 5429 Persarum
2478 5371 2809 5442 signiﬁcavit
2843 5373 3162 5442 imperatori
3218 5370 3469 5436 Justino,
3509 5350 3698 5427 dicens

2126 5465 2256 5537 quia
2310 5465 2447 5519 Cum
2475 5465 2715 5518 amicitia
2745 5474 2797 5519 et
2827 5479 2927 5535 pax
2958 5465 3029 5519 sit
3058 5463 3198 5520 inter
3224 5478 3345 5529 nos,
3367 5479 3493 5534 quac
3519 5463 3699 5518 inimi-

1966 5606 2212 5664 NOTAE.

506 5694 620 5780 (2‘2)
643 5693 974 5780 conjectare.
1005 5697 1213 5780 Glossa:
1240 5718 1261 5780 :_
1288 5701 1976 5780 ovatpaxplrnglconjcct‘or
1997 5742 2012 5767 ,

434 5769 850 5843 soninisolutor,
882 5771 1230 5843 somniorum
1244 5769 1544 5843 interpres.
1572 5771 1638 5831 γ,
1667 5769 1841 5828 Plaut.
1870 5773 2017 5829 Cur-

435 5837 541 5894 ενι.
573 5847 680 5895 act.
720 5838 785 5908 ll,
826 5854 907 5896 se.
946 5850 1043 5895 tet
1069 5856 1126 5895 ιι.
1175 5841 1344 5900 FABR.

2203 5702 2317 5776 (25)
2365 5702 2721 5776 litaminavil,
2778 5701 3067 5776 ἐφώτισεν.
3090 5698 3351 5776 Φερτίςειν
3388 5701 3443 5755 in
3479 5698 3701 5776 scriptis

2126 5771 2349 5830 Patrum
2379 5775 2646 5846 accipitur
2668 5776 2776 5846 pro
2807 5775 3109 5846 baptizare.
3137 5773 3200 5827 ν.
3225 5771 3454 5843 Grcgor.
3482 5771 3699 5835 Nazsic

2126 5847 2185 5899 τὸ
2219 5848 2372 5915 ἅγιον
2399 5845 2703 5918 βάπτισμα.
2739 5845 2819 5901 io.
2883 5845 2892 5846 ί
2924 5856 2929 5866 ‘
