4038 6298
206 370 342 437 1253

200 593 326 633 rum
364 595 393 633 a
452 582 658 639 saeculo
684 595 843 643 erant
896 585 1272 656 assumpsisti.
1305 585 1410 653 Qui
1449 586 1662 641 remisit
1690 586 1739 640 ei
1771 603 1784 640 :

203 671 325 729 Nos
346 691 663 745 quemquam
689 676 1049 748 subjectorum
1083 680 1307 750 imperio
1362 689 1452 733 tuo
1492 696 1654 751 neque
1708 697 1797 733 as-

200 767 552 835 sumpsimus,
577 784 741 839 neque
762 769 1249 826 subvertimus.Sed
1273 770 1562 826 ascendens
1591 770 1794 825 lat/ms

202 858 277 912 ad
300 858 607 929 imperiali“
630 870 815 915 nostra
840 862 1119 933 procidens
1170 868 1485 933 deprecatus
1518 874 1596 919 est
1643 876 1701 919 ut
1730 864 1795 919 ab

206 950 426 1006 scelesto
454 961 505 1006 et
536 962 746 1025 pagano
771 954 1020 1025 dogmate
1040 956 1320 1026 impiisque
1342 958 1623 1027 sacriﬁciis
1646 966 1694 1010 et
1715 973 1799 1011 er-

203 1060 331 1102 rore
359 1044 659 1102 daemonum
689 1046 1030 1116 liberaretur,
1049 1060 1100 1103 et
1122 1050 1393 1104 accederet
1443 1052 1511 1103 ad
1552 1052 1795 1107 condito-

203 1154 320 1193 rem
360 1140 599 1194 omnium
627 1140 821 1208 Deum,
849 1150 898 1195 et
928 1142 1079 1211 ﬁeret
1106 1140 1466 1197 Christianus.
1506 1142 1661 1197 (fune
1703 1160 1797 1199 nos

206 1231 541 1297 baptizantes
576 1234 898 1289 absolvimus
952 1234 1020 1289 ad
1066 1236 1340 1306 propriam
1385 1236 1667 1307 regionem.
1719 1235 1795 1290 Ex

208 1334 349 1381 tunc
409 1340 542 1397 ergo
601 1327 743 1383 facta
793 1337 877 1384 est
908 1328 1198 1384 inimicitia
1251 1328 1394 1385 inter
1429 1330 1706 1386 Romanos
1745 1340 1799 1387 et

205 1416 431 1474 Persas.
472 1419 676 1475 Eodem
716 1436 934 1491 quoque
962 1436 1108 1477 anno
1137 1432 1293 1494 gesta
1328 1432 1459 1479 sunt
1490 1440 1615 1495 quae
1649 1426 1798 1481 circa

210 1509 271 1562 S.
308 1512 553 1566 Arethau
593 1524 985 1583 provenerunt.

281 1600 457 1659 Sexto
491 1604 708 1675 imperii
760 1604 964 1661 Justini
1021 1623 1167 1664 anno
1204 1607 1644 1677 Theuderichus,
1687 1608 1799 1667 Ro-

209 1712 357 1751 mam
388 1706 583 1754 teneus
610 1709 663 1755 et
716 1715 779 1755 ea
816 1717 939 1772 qua:
992 1698 1110 1756 Arii
1142 1712 1271 1758 sunt
1306 1703 1529 1773 sapiens
1554 1746 1569 1771 ,
1621 1707 1801 1775 coegit

205 1787 477 1845 Joannem
516 1806 706 1862 papam
738 1794 927 1849 venire
949 1794 1275 1867 Byzantium
1305 1794 1374 1848 ad
1412 1796 1797 1865 imperatorem

207 1880 493 1938 Justinum
525 1894 580 1938 et
613 1885 959 1942 intercedere
985 1903 1091 1959 pro
1118 1886 1365 1952 Arianis,
1405 1896 1466 1941 ut
1498 1903 1607 1944 non
1647 1903 1800 1944 com-

204 1977 442 2047 pelleret
474 1978 601 2035 illos
654 1980 724 2034 ab
778 1981 973 2037 hatresi
1029 1996 1129 2040 sua
1190 1981 1498 2039 discedere.
1550 1980 1688 2038 Nam
1743 1991 1800 2038 et

210 2069 639 2130 Theuderichus
693 2074 799 2129 hoc
855 2075 908 2129 iu
973 2076 1333 2143 orthodoxos,
1387 2077 1483 2147 qui
1535 2077 1589 2131 in
1646 2074 1800 2130 Italia

209 2169 400 2228 erant,
437 2166 621 2222 facere
657 2167 996 2223 minabatur.
1039 2166 1279 2225 Joannes
1313 2184 1444 2225 vero
1476 2169 1799 2241 Byzantium

212 2257 466 2319 veniens.
497 2268 551 2312 et
577 2258 845 2316 invitatus
874 2261 943 2316 ab
976 2259 1284 2332 Epiphanio
1315 2262 1659 2331 patriarcha,
1690 2278 1799 2318 non

209 2347 517 2413 consentit,
545 2364 836 2422 usquequo
865 2352 1190 2422 ,Epiphauio
1239 2353 1560 2421 praesideret
1615 2362 1804 2423 utpote

210 2455 355 2511 papa
418 2440 864 2509 Romanus.Qui
923 2445 1184 2500 omnibus
1234 2446 1460 2516 quidem
1527 2446 1803 2517 episcopis

206 2538 667 2607 communicavit,
722 2536 1014 2595 Timotheo
1075 2554 1210 2595 vero
1261 2539 1640 2597 Alexandrino
1693 2556 1801 2597 non

212 2631 671 2687 communicavit:
724 2631 972 2687 tiabades
1026 2644 1209 2688 autem
1247 2632 1536 2688 Persarum
1595 2649 1711 2698 rex,
1742 2633 1804 2688 fi-

214 2721 331 2777 lius
366 2722 579 2788 Perosi,
619 2724 789 2778 multa
824 2724 996 2778 millia
1030 2723 1455 2780 Manichaeorum
1508 2741 1633 2782 cum
1685 2728 1804 2798 epio

214 2828 392 2886 scopo
423 2830 613 2870 eorum
646 2813 913 2870 lndazaro
971 2829 1083 2870 una
1110 2816 1201 2871 die
1256 2817 1506 2887 peremit,
1538 2832 1646 2872 una
1678 2833 1804 2874 cum

214 2906 578 2964 senatoribus
606 2906 815 2973 Persis,
839 2907 934 2979 qui
961 2924 1159 2965 sensus
1188 2925 1381 2966 eorum
1406 2918 1586 2966 erant.
1608 2910 1805 2967 Filiqu

213 3001 370 3057 enim
405 3000 547 3072 ejus,
581 3004 805 3059 nomine
832 3001 1228 3071 Pthasuarsan,
1257 3003 1542 3061 Manichaei
1573 3023 1602 3060 a
1636 3022 1807 3078 puero

215 3090 563 3149 instruentes
596 3102 652 3150 et
674 3095 760 3150 sui
789 3111 988 3153 sensus
1019 3095 1320 3154 efﬁcientes
1350 3099 1811 3169 repromittebant

1020 376 1390 440 HISTORIA
1421 374 2005 440 ECCLESIASTICA
2044 375 2149 436 EX
2191 372 2674 436 ΤΗΕΟΡΗΑΝΕ.

200 502 396 543 corum
426 498 560 544 sunt
591 490 732 562 agis,
762 497 818 547 et
852 506 948 548 eos
988 493 1082 563 qui
1119 495 1222 549 sub
1276 500 1545 564 potestate
1582 493 1780 547 Persa-
1809 492 1862 550 Δ
1888 499 2037 543 motu
2065 497 2121 544 et
2150 497 2207 543 et
2241 499 2495 544 mortuus
2523 475 2629 554 est,
2660 496 2717 544 et
2750 504 2771 541 τ

3342 374 3480 443 1254

2909 506 2934 547 s
2982 490 3179 550 domus
3211 504 3265 550 et
3299 498 3482 554 eccle-

1897 584 1980 637 sia
2009 581 2232 645 cecidit,
2284 592 2342 637 et
2399 582 2753 653 pulchritudo
2876 585 3063 642 vitatis
3116 590 3484 647 exterminata

1896 686 2019 733 est:
2056 691 2167 732 non
2199 676 2346 732 enim
2382 675 2524 733 facta
2559 685 2643 732 est
2679 677 2809 731 talis
2836 678 3102 735 divinitus
3131 681 3267 738 ultio
3297 684 3352 738 in
3374 684 3482 743 alia

1896 769 2122 824 civitate
2180 784 2279 838 per
2332 783 2527 824 omnes
2568 770 2976 839 generationes.
3037 774 3138 828 Ast
3196 776 3485 846 piissimus

1898 863 2199 933 imperator
2224 863 2478 919 Justinus
2537 863 2624 919 his
2680 863 2917 933 cognitis
2963 866 3485 937 plurimumanimo

1898 955 2094 1021 doluit,
2130 957 2205 1010 ita
2240 963 2299 1010 ut
2329 956 2513 1011 ablato
2536 956 2845 1013 diademate
2878 972 2906 1011 a
2940 961 3118 1030 capite
3141 977 3245 1018 suo
3275 970 3329 1018 et
3356 978 3486 1035 pur-

1899 1063 2036 1119 pura
2067 1049 2276 1119 lugeret
2307 1049 2360 1104 in
2401 1064 2565 1106 sacco
2596 1050 2794 1107 sedens
2821 1066 2918 1123 per
2944 1043 3064 1109 dies
3096 1055 3320 1123 multos,
3349 1057 3487 1113 adeo

1901 1151 1961 1197 ut
1992 1141 2046 1196 in
2084 1142 2172 1197 die
2202 1141 2346 1197 festo
2375 1144 2684 1213 procedens
2713 1144 2782 1200 ad
2812 1146 3106 1201 ecclesiam
3140 1163 3251 1204 non
3281 1164 3485 1220 passus

1900 1234 1974 1291 sit
2003 1246 2227 1306 portare
2256 1250 2520 1292 coronam
2550 1238 2637 1293 vel
2672 1237 3039 1312 chlamydem.
3078 1238 3251 1297 Porro
3299 1259 3487 1299 mense

1899 1328 2106 1398 Aprilis
2144 1328 2392 1399 ejusdem
2423 1330 2631 1399 quinta:
2663 1331 2985 1388 indictionis
3019 1343 3262 1402 aegrotus
3309 1335 3486 1406 impc-

1900 1430 2056 1476 rator
2084 1420 2337 1477 Justinus
2367 1422 2599 1479 effectus
2628 1425 2898 1495 provexit,
2930 1425 3060 1481 dum
3102 1426 3283 1482 adhuc
3332 1430 3486 1485 vive-

1901 1523 2006 1579 ret,
2064 1514 2118 1569 in
2178 1517 2569 1586 imperatorem
2630 1514 3007 1575 Jttstinianum
3066 1529 3321 1590 nepotem
3374 1522 3486 1591 (‘24)

1902 1624 2081 1674 suum,
2118 1609 2214 1681 qui
2249 1619 2305 1665 et
2354 1610 2717 1682 roimperavit
2774 1612 2823 1666 ci
2883 1612 3169 1669 mensibus
3214 1614 3268 1668 4.
3303 1614 3488 1670 Mense

1902 1710 2082 1757 autem
2113 1702 2363 1773 Augusto
2410 1701 2659 1772 ejusdem
2702 1703 2909 1773 quinta:
2961 1703 3281 1761 indictionis
3320 1705 3491 1762 Justi-

1900 1810 2008 1849 nus
2042 1794 2197 1850 obiit.
2226 1795 2430 1851 Eodem
2466 1806 2650 1851 autem
2698 1810 2844 1851 anno
2880 1797 3160 1867 singulare
3196 1800 3487 1870 imperium

1900 1889 2249 1945 Justinianus
2283 1888 2545 1945 obtinuit.
2582 1890 2699 1946 Rex
2731 1902 2909 1947 autem
2943 1890 3301 1958 llelurorum,
3331 1892 3487 1948 Grac-

1902 1992 1987 2039 tcs
2022 1983 2267 2047 nomine,
2298 1982 2365 2038 ad
2403 1981 2682 2038 Romanos
2711 1984 2998 2050 conﬂuxit,
3048 1994 3105 2039 et
3144 1986 3296 2039 venit
3330 1985 3489 2041 ’ϐοη-

1904 2076 2319 2144 stautinopolim
2360 2090 2488 2130 cum
2520 2075 2721 2146 populo
2752 2091 2878 2140 suo,
2907 2084 2961 2131 et
3012 2076 3173 2147 petiit.
3194 2076 3491 2146 imperato-

1905 2182 2020 2221 rem
2083 2182 2193 2238 quo
2255 2166 2412 2221 ﬁeret
2440 2165 2838 2232 Christianus;
2890 2167 2983 2237 qui
3042 2168 3380 2237 baptizatum
3436 2166 3489 2221 in

1905 2256 2280 2328 Theophaniis
2329 2258 2576 2327 suscepit
2614 2273 2738 2313 eum
2787 2273 2852 2312 ex
2914 2257 3268 2328 baptismate,
3304 2273 3493 2328 repro-

1906 2352 2214 2405 mittentem
2269 2350 2524 2404 auxiliari
2555 2350 2604 2405 ei
2638 2350 2695 2405 in
2738 2351 3173 2421 [quibuscunquc
3202 2350 3489 2406 voluisset.
3536 2382 3537 2385 η

1906 2444 2111 2501 Eodem
2150 2459 2295 2499 anno
2324 2444 2559 2499 adhaesit
2607 2442 2877 2500 Romanis
2909 2443 3110 2500 mulier
3145 2444 3392 2514 quaedam
3424 2460 3491 2499 ex

1908 2538 2143 2603 Hunnis,
2171 2537 2264 2608 qui
2292 2536 2553 2592 dicuntur
2586 2536 2781 2599 Saber.
2815 2538 3070 2602 barbara,
3098 2538 3322 2592 nomine
3360 2534 3495 2591 Boa~

1908 2631 2664 2698 zer,vidua,habens'secum
2694 2629 3019 2685 Hunnorum
3048 2630 3218 2684 millia
3248 2638 3491 2684 centum.

1908 2725 2048 2781 Tum
2087 2734 2141 2779 et
2172 2741 2269 2780 rex
2298 2724 2624 2780 Hunnorum
2657 2725 2750 2796 qui
2788 2735 2922 2782 sunt
2946 2724 3101 2795 juxta
3130 2723 3493 2795 Bosphorum.

1909 2817 2131 2871 nomine
2164 2815 2371 2883 Gorda,
2406 2817 2643 2873 accessit
2672 2817 2738 2871 ad
2790 2816 3201 2887 imperatorem,
3232 2824 3285 2871 et
3317 2814 3498 2870 factus

1910 2905 2261 2963 Christianus
2283 2915 2576 2978 susceptus
2606 2916 2689 2963 est
2721 2907 2790 2962 ab
2818 2908 3188 2978 imperatore:
3222 2917 3276 2962 et
3308 2907 3498 2961 multis

1910 2998 1960 3053 ci
1992 2999 2255 3069 prmstitis
2282 2998 2444 3055 donis
2477 3000 2628 3056 misit
2654 3016 2779 3055 eum
2810 3000 2864 3055 in
2898 3000 3177 3071 regionem
3210 3001 3385 3071 ipsius
3429 3002 3496 3054 ad

1913 3091 2189 3147 Romanas
2217 3108 2305 3149 res
2332 3095 2723 3152 custodiendas
2743 3103 2797 3151 et
2823 3094 3164 3167 Bosphorum
3199 3095 3502 3160 civitatem,

216 3186 294 3253 ei,
321 3184 574 3242 dicentes
606 3187 734 3257 quia
764 3187 929 3244 Pater
958 3197 1086 3245 tuus
1116 3190 1322 3255 senuit,
1350 3198 1404 3245 et
1438 3191 1484 3247 si
1512 3194 1807 3265 contigerit
1834 3204 1880 3263 (ι
1914 3202 2037 3257 qua:
2078 3201 2175 3255 pro
2208 3202 2275 3242 eo
2303 3188 2451 3257 quod
2486 3187 2752 3243 Romanis
2791 3188 2961 3245 boves
2999 3206 3097 3261 per
3123 3190 3372 3262 singulos
3398 3208 3500 3247 an-

217 3293 351 3333 eum
377 3280 539 3347 mori,
567 3281 848 3353 principes
879 3297 1165 3353 magorum
1199 3299 1367 3339 unum
1399 3283 1637 3342 fratrum
1686 3297 1812 3343 tuo-

220 3386 350 3427 rum
384 3373 595 3428 facient
638 3375 1057 3446 imperatorem,
1109 3391 1177 3431 eo
1215 3377 1360 3448 quod
1400 3386 1583 3433 teneat
1617 3378 1810 3451 dogma

220 3467 498 3537 ipsorum.
539 3466 651 3524 Nos
688 3475 873 3524 autem
900 3484 1200 3540 possumus
1246 3485 1344 3541 per
1374 3473 1657 3530 orationes
1705 3490 1815 3530 no-

210 3566 375 3615 ‘stras
403 3559 638 3616 suadere
672 3561 813 3632 patri
849 3569 945 3617 tuo
975 3561 1367 3619 abrenuntiare
1397 3565 1650 3636 imperio,
1683 3576 1738 3622 et
1762 3579 1814 3625 te

221 3668 577 3725 promovere,
606 3664 666 3709 ut
700 3655 902 3725 ubique
929 3656 1224 3713 conﬁrmes
1249 3657 1445 3730 dogma
1487 3658 1817 3717 Maniclueo-

222 3764 373 3803 rum.
404 3746 510 3815 Qui
552 3750 871 3820 repromisit
928 3750 1031 3805 hoc
1090 3749 1291 3819 facere,
1357 3757 1403 3808 si
1460 3752 1814 3823 imperasset.

222 3838 364 3895 Cum
394 3853 581 3896 autem
615 3842 731 3897 haec
760 3841 1012 3898 Cabades
1050 3846 1425 3915 cognovisset,
1456 3847 1628 3915 jussit
1677 3863 1814 3904 con-

224 3949 456 3996 ventum
487 3936 605 3991 ﬁeri
633 3938 794 4008 quasi
826 3937 1077 3994 facturus
1105 3939 1278 3994 lilium
1322 3955 1481 3995 suum
1515 3940 1816 3998 Pthasuar-

216 4051 323 4090 san
356 4035 771 4106 imperatorem,
803 4041 861 4088 et
893 4048 1085 4088 omnes
1105 4034 1312 4103 jubens
1344 4034 1675 4091 Manichatos
1698 4053 1813 4093 una

223 4143 354 4185 eum
384 4128 648 4199 episcopo
670 4142 860 4183 eorum
890 4135 947 4182 et
969 4126 1295 4184 mulieribus
1316 4137 1371 4184 et
1400 4128 1589 4185 liberis
1618 4130 1815 4187 adesse

223 4222 549 4286 conventui,
582 4220 838 4277 similiter
863 4230 919 4276 et
951 4221 1256 4292 principem
1287 4236 1572 4293 magorum
1613 4222 1814 4278 Glona-

220 4333 327 4373 seu
360 4327 417 4374 et
448 4330 655 4386 magos,
688 4328 742 4371 et
765 4314 1211 4370 Christianorum
1244 4316 1565 4387 episcopum
1602 4316 1810 4374 Boaza-

226 4426 363 4477 nen,
387 4410 647 4465 dilectum
678 4424 709 4463 a
738 4408 961 4463 Cabade
996 4416 1183 4479 utpote
1212 4410 1485 4464 medicum
1517 4413 1811 4482 optimum.

225 4501 296 4558 Et
318 4502 637 4559 convocotis
662 4500 980 4555 Manichteis
1009 4502 1112 4555 ait:
1135 4498 1351 4556 Gaudeo
1379 4518 1536 4569 super
1562 4506 1813 4574 dogmate

1918 3296 2018 3335 nos
2079 3295 2179 3351 pro
2247 3281 2497 3349 pecuniis
2548 3280 2843 3347 inferebat,
2873 3282 3193 3354 Bosphorus
3227 3285 3500 3355 appellata

1914 3383 2019 3431 est.
2054 3374 2280 3430 Locavit
2317 3383 2502 3430 autem
2553 3383 2609 3431 et
2667 3390 2959 3432 numerum
3014 3378 3249 3433 militum
3299 3380 3502 3435 Itoma-

1917 3484 2115 3524 norum
2149 3476 2203 3524 et
2256 3468 2605 3541 tribunorum
2644 3470 2928 3525 custodire
2961 3471 3238 3527 civitatem
3275 3482 3502 3544 propter

1918 3563 2177 3628 Hunnus,
2207 3568 2262 3633 et
2296 3563 2515 3633 exigere
2549 3562 2755 3618 tributa
2783 3563 2972 3619 boum.
2998 3565 3373 3638 Promulgavit
3405 3582 3501 3621 au-

1918 3662 2026 3710 tem
2065 3654 2298 3710 formam
2338 3655 2640 3727 imperator
2674 3654 2743 3712 de
2771 3656 3053 3729 episc0pis
3089 3664 3144 3714 et
3194 3659 3505 3715 oeconomis

1916 3757 1971 3804 et
2004 3748 2472 3820 orphanotrophis
2512 3758 2568 3805 et
2622 3750 2983 3816 xenodochis,
3042 3768 3109 3807 ne
3154 3752 3503 3809 haereditates

1919 3843 2265 3913 possiderent
2298 3843 2403 3899 nisi
2438 3859 2563 3915 quae
2589 3844 2914 3915 priusquam
2953 3844 3384 3914 proveherentur
3407 3847 3507 3909 ha-

1917 3935 2105 3992 buisse
2171 3935 2559 4007 probarentur,
2625 3937 2695 3992 de
2741 3926 2944 4007 quibus
2999 3946 3054 3993 et
3107 3945 3501 4007 testamentum

1916 4030 2171 4086 emittere
2227 4028 2562 4100 potuissent.
2595 4030 2676 4085 Ab
2730 4030 2861 4085 hora
2893 4046 3019 4086 vero
3052 4047 3159 4102 qua
3208 4047 3504 4103 promove-

1918 4131 2134 4191 rentur,
2165 4124 2442 4179 neminem
2477 4124 2681 4181 habere
2712 4124 2989 4181 licentiam
3022 4125 3375 4198 disponendi,
3406 4129 3504 4183 sed

1918 4222 2103 4277 omnia
2132 4221 2307 4292 ipsius
2357 4222 2725 4278 venerabilem
2781 4223 3005 4278 domum
3069 4222 3406 4279 hteretlitari.
3439 4223 3505 4279 Et

1917 4316 2174 4385 exposuit
2205 4316 2501 4385 imperator
2527 4315 2676 4385 leges
2702 4316 2913 4370 validas
2939 4324 3130 4371 contra
3158 4315 3501 4381 libidinosos,

1919 4417 1974 4464 et
2008 4409 2163 4463 multi
2197 4410 2371 4479 puniti
2402 4418 2554 4473 sunt,
2580 4409 2844 4465 et'factus
2875 4407 2965 4465 est'
2997 4410 3164 4464 timor
3193 4412 3403 4465 multus
3449 4421 3505 4465 et

1921 4502 2159 4557 cautela.
2189 4499 2495 4556 Renovavit
2525 4502 2694 4555 etiam
2735 4501 3047 4557 contrarias
3082 4501 3251 4570 leges.
3294 4500 3504 4557 faciens

225 4606 420 4661 nstro,
451 4603 502 4647 et
550 4594 666 4648 volo
695 4592 846 4659 dare,
894 4592 1021 4645 dum
1054 4596 1187 4658 vivo,
1219 4594 1392 4663 ﬁlium
1438 4612 1608 4650 meum
1643 4597 1811 4651 Ptha-
1844 4568 2259 4665 D.singularem
2320 4594 2571 4649 codicem
2598 4633 2614 4658 ,
2672 4603 2729 4649 et
2791 4607 2997 4648 vocans
3060 4607 3184 4648 eum
3243 4591 3501 4648 Novellas

225 4704 461 4743 suarsan
515 4694 564 4741 et
612 4698 1021 4742 consentaneum
1085 4697 1337 4741 vestrum.
1391 4686 1498 4743 Sed
1548 4702 1816 4762 segregate

224 4781 572 4851 vosmetipsos
626 4778 696 4834 ad
730 4780 1087 4850 recipiendum
1124 4796 1267 4835 enin.
1307 4778 1413 4847 Qui
1454 4782 1581 4837 freti
1615 4782 1813 4840 ﬁducia

226 4874 559 4945 semetipsos
606 4881 1059 4945 segregaverunt.
1090 4872 1341 4930 Cabades
1377 4883 1562 4930 autem
1615 4878 1812 4946 praeci-

227 4968 387 5038 piens
419 4967 699 5022 exercitus
723 4982 854 5022 suos
886 4965 1122 5037 ingredi.
1170 4981 1362 5022 omnes
1398 4967 1645 5023 concidit
1694 4971 1811 5041 gla-

224 5062 332 5117 diis
361 5075 487 5114 cum
526 5060 787 5131 episcopo
816 5074 1028 5125 eorum,
1061 5058 1165 5113 sub
1203 5067 1507 5131 conspectu
1543 5062 1812 5134 principis

231 5168 517 5225 magorum
550 5164 604 5209 et
631 5153 1074 5208 Christianorum
1107 5152 1396 5210 antistitis.

300 5245 486 5301 Mundi
553 5262 697 5301 anno
729 5246 893 5311 60l9,
946 5246 1145 5302 divinae
1206 5248 1609 5305 incarnationis
1668 5266 1812 5306 anno

229 5336 356 5405 519,
387 5354 513 5392 cum
546 5345 709 5393 terra:
737 5349 918 5394 motus
942 5338 1089 5407 apud
1127 5340 1479 5393 Antiochiam
1517 5341 1698 5395 adhuc
1727 5350 1812 5395 tc-

232 5439 479 5495 neretur,
509 5429 852 5501 Euphrasius
880 5429 1173 5502 episcopus
1207 5431 1443 5487 obrutus
1464 5441 1547 5486 est
1580 5446 1609 5485 a
1648 5442 1809 5488 terrae

1918 4688 2368 4755 constitutiones,
2413 4688 2469 4742 in
2494 4687 2696 4758 quibus
2740 4703 2858 4741 "non
2892 4687 3164 4758 permittit
3200 4686 3503 4758 principem

1916 4777 1971 4832 in
1999 4778 2156 4845 locis,
2200 4778 2408 4848 quibus
2467 4788 2688 4851 praeest,
2727 4794 2914 4836 emere
2947 4781 3353 4849 possessionem
3409 4791 3505 4837 aut

1914 4870 2190 4945 aediﬁcare
2221 4872 2446 4926 domum
2499 4880 2598 4926 aut
2648 4870 2977 4928 htereditare
3037 4870 3154 4943 (25)
3186 4882 3503 4929 extraneam

1918 4979 2231 5039 personam,
2252 4964 2355 5020 nisi
2382 4965 2508 5035 quis
2534 4963 2638 5020 sibi
2668 4973 2935 5034 cognatus
2964 4965 3216 5020 exsiSIat.

1991 5055 2195 5111 Eodem
2256 5070 2403 5111 anno
2470 5070 2633 5126 passa
2686 5064 2771 5111 est
2816 5070 2846 5110 a
2886 5055 3070 5111 divina
3125 5056 3504 5126 indignatione

1923 5164 2116 5205 rursus
2147 5148 2459 5213 Antiochia,
2497 5156 2620 5217 post
2654 5147 2796 5203 duos
2839 5162 3017 5203 annos
3058 5148 3256 5219 prioris
3290 5151 3504 5218 passio-

1924 5243 2029 5309 nis,
2058 5254 2111 5299 et
2142 5243 2321 5297 factus
2353 5250 2440 5297 est
2467 5248 2631 5297 terra
2664 5248 2848 5297 motus
2875 5257 3105 5313 magnus
3128 5248 3182 5297 et
3204 5249 3503 5311 tempestas

1921 5336 2269 5408 gravissima.
2325 5337 2392 5390 Et
2447 5335 2693 5391 litaniam
2738 5335 3012 5391 faciebant
3069 5336 3159 5407 qui
3220 5349 3501 5393 remanse-

1916 5441 2043 5490 rant
2076 5444 2290 5495 omnes,
2326 5428 2668 5495 disealceati,
2698 5428 3018 5494 clamantes,
3060 5427 3243 5499 Kyrie,
3278 5427 3499 5491 eleison,

1774 5527 2012 5600 norm.

302 5626 728 5703 (24)'Nepotem,
758 5619 1125 5703 έεξεψιόνέυι
1178 5627 1313 5703 tunc
1349 5620 1741 5703 lpquebantur,
1772 5623 1811 5678 i.

232 5722 285 5760 ρ.
308 5689 551 5759 ’δυ’τοτὶἑ
585 5689 721 5754 sure
752 5689 949 5749 filium.
1012 5689 1312 5759 Gregorius
1349 5689 1559 5746 Turon.
1593 5694 1740 5747 Hist.
1776 5710 1815 5762 I,

237 5776 345 5834 18:
393 5791 413 5825 ι
450 5768 787 5827 Octavianus
829 5763 960 5819 Julii
1009 5763 1243 5818 Caesaris
1271 5776 1461 5834 nepos,
1494 5778 1657 5834 quem
1706 5767 1818 5817 Αιι.

235 5831 450 5919 gustum
494 5846 718 5919 _vocaut.
775 5856 797 5919 ξ
836 5836 900 5891 Et
924 5834 1109 5919 Ill,'18
1151 5851 1239 5919 τηε
1284 5831 1693 5919 Purtlt‘i-plendejrs
1750 5835 1821 5917 ut?

238 5902 618 5975 interfectione
642 5917 923 5981 nepotum.
955 5926 973 5961 ι
1009 5904 1279 5977 Loquitur
1307 5904 1373 5962 de
1394 5902 1699 5973 Cblotario,
1726 5907 1831 5975 qui

1922 5621 2065 5676 ﬁlios
2096 5617 2286 5673 fratris
2321 5616 2618 5672 occiderat.
2646 5612 2783 5671 Vide
2814 5613 3069 5670 Vossium
3110 5612 3187 5669 De
3211 5613 3355 5669 vitiis
3394 5629 3503 5668 ser-

1925 5691 2120 5755 monis,
2155 5704 2193 5754 l,
2222 5688 2315 5742 27.
2350 5685 2512 5742 Ftnn.

2003 5754 2117 5831 (25)
2180 5758 2530 5813 llwreditare.
2563 5756 2750 5831 Yetusj
2792 5758 3067 5831 interpres
3124 5755 3368 5831 epistplte
3431 5754 3501 5810 ad

1928 5827 2273 5900 Philadelph.
2308 5846 2432 5900 quae
2466 5833 2524 5885 ὃ.
2583 5828 2791 5900 lgnatio
2822 5828 3119 5886 ascribitur
3148 5847 3161 5882 :
3198 5845 3216 5877 ι
3254 5827 3499 5899 Regnum

1933 5905 2027 5965 Dei
2060 5919 2169 5961 non
2206 5902 2569 5958 haereditabit.
2611 5918 2631 5953 ι
2670 5900 2749 5955 in.
