4034 6298
544 345 685 413 1255

1639 352 2044 414 ANASTASII
2095 351 2721 417 BIBLIOTHECARII

3674 357 3808 423 1266

543 469 599 515 et
620 460 984 531 projicientes
1019 476 1077 515 se
1108 475 1316 531 pronos
1344 476 1511 533 super
1538 463 1715 521 nives.
1741 466 2007 535 Apparuit
2032 479 2122 519 au-
2150 475 2196 530 Α
2226 468 2291 522 ad
2324 466 2636 522 Caucanam
2673 465 2991 537 properavit
3054 463 3259 531 villam,
3286 458 3417 519 .200
3444 474 3475 515 a
3533 458 3809 532 Syracusa

548 566 653 608 tem
691 555 745 609 in
782 554 898 610 visu
939 553 1157 609 cuidam
1200 555 1295 609 Dei
1328 556 1525 611 cultori
1561 556 1794 620 homini,
1826 566 1883 611 ut
1918 558 2127 611 diceret

545 647 803 701 onmibus
838 647 1074 703 residuis
1104 648 1251 717 quod
1295 649 1769 719 superscriberent
1811 650 1862 702 in
1897 649 2130 718 superli-

550 740 858 795 minaribus
881 741 1025 806 suis,
1057 740 1298 796 Christus
1338 742 1629 807 nobiscum,
1658 753 1813 798 state.
1845 743 1962 808 Quo
1985 741 2130 797 facto

548 833 702 886 stetit
733 834 811 888 ira
838 833 954 889 Dei.
986 834 1053 888 Et
1086 849 1281 888 rursus
1309 833 1605 904 imperator
1634 844 1686 890 ct
1718 836 1963 906 Augusta
1998 838 2130 891 mul-

547 932 631 979 tas
666 927 930 995 pecunias
950 925 1296 980 donaverunt
1325 926 1378 978 in
1414 928 1884 996 recuperationem
1918 939 1971 983 et
1996 931 2131 983 mdi-

550 1016 861 1070 ﬁcalionem
922 1016 1380 1072 Antiochensium
1422 1016 1682 1083 civitatis,
1737 1032 1900 1087 quam
1951 1026 2004 1072 et
2043 1033 2131 1072 co-

547 1107 889 1177 gnominavit
918 1107 1263 1178 Theopelim.
1296 1106 1468 1161 Porro
1514 1123 1591 1161 xu
1642 1107 1761 1163 Kal.
1792 1109 2128 1178 Apriliarum

550 1199 923 1254 7indictiouis
999 1199 1162 1251 irruit
1217 1197 1627 1255 Alamundarus
1658 1199 1874 1265 Zecius,
1906 1201 2129 1271 regulus

549 1290 975 1355 Saracenorum,
1003 1302 1057 1343 ct
1094 1290 1441 1360 deprmilatus
1485 1299 1568 1345 cst
1624 1293 1855 1358 primam
1913 1292 2125 1363 Syriam

550 1398 726 1453 usque
760 1383 826 1437 ad
865 1384 1129 1437 terminos
1186 1383 1488 1437 Amicehiic
1519 1383 1572 1436 in
1613 1385 1789 1437 locum
1828 1386 1918 1455 qui
1977 1386 2130 1441 dice-

548 1478 711 1530 batur
742 1474 1048 1546 Litargum,
1078 1484 1133 1529 et
1169 1476 1371 1529 occidit
1411 1479 1639 1542 multos,
1669 1488 1723 1531 et
1764 1478 2006 1533 incendit
2034 1494 2129 1532 ex-

548 1567 753 1622 teriora
783 1567 1167 1623 Chalcedonis.
1200 1566 1273 1621 Et
1300 1567 1585 1623 audientes
1616 1569 1888 1639 primores
1933 1568 2133 1623 Roma—

547 1674 768 1725 norum,
797 1659 1048 1715 exierunt
1074 1659 1340 1715 adversus
1370 1675 1517 1715 eum.
1557 1660 1677 1726 Quo
1707 1670 1990 1729 comperto
2027 1661 2129 1715 Sa-

548 1754 735 1808 raceni
777 1767 881 1807 una
938 1768 1063 1808 cum
1106 1753 1311 1819 Persis,
1358 1753 1799 1823 sumptapraeda
1831 1768 1959 1808 cum
2029 1769 2123 1807 ca—

2229 561 2426 617 stadiis
2471 560 2836 617 diﬂ'erentcm.
2894 560 3197 628 Procopius
3268 571 3399 628 ergo
3434 554 3808 627 'Syracusam

2231 657 2516 727 ingressus
2549 672 2710 712 escas
2736 656 2867 711 emit
2891 652 3035 726 apud
3068 651 3549 718 Amalasuntham,
3580 663 3808 704 uxorem

2231 748 2621 817 Tlieuderichi,
2655 756 2885 805 matrem
2923 757 3108 803 autem
3154 744 3463 801 Atalariehi
3495 743 3647 814 regis
3701 742 3807 797 Ita-

2233 842 2341 907 lim,
2370 842 2700 897 ‘amicitiam
2736 855 2862 913 erga
2884 838 3262 896 Iustinianum
3308 836 3630 894 habentem.
3656 835 3809 892 Con-

2233 942 2460 991 secutus
2478 950 2699 1005 quoque
2730 943 2814 991 est
2836 934 3119 1005 inopinate
3151 932 3332 988 virum
3363 930 3460 1002 qui
3492 931 3601 987 sibi
3628 928 3809 985 fuerat

2232 1027 2445 1085 amicus
2499 1044 2529 1082 a
2561 1044 2776 1099 puero,
2829 1031 3038 1100 quique
3095 1028 3540 1099 experimentum
3593 1027 3810 1082 habens

2230 1118 2768 1191 Libymlocorumet
2800 1123 2989 1188 maris,
3021 1131 3129 1179 tres
3187 1129 3398 1177 tantum
3451 1122 3571 1177 dies
3631 1131 3812 1176 trans-

2233 1213 2413 1267 ierant
2441 1230 2506 1268 ex
2537 1230 2647 1284 quo
2702 1216 3035 1285 Carthagine
3063 1224 3308 1272 venerat.
3354 1214 3421 1269 Et
3453 1216 3813 1271 asseverabat

2231 1321 2453 1363 omnem
2483 1309 2836 1363 securitatem
2871 1309 3072 1365 habere
3110 1310 3258 1375 illos,
3291 1318 3347 1365 et
3377 1309 3520 1363 haud
3566 1318 3814 1365 metuere

2230 1415 2567 1472 quemquam
2614 1401 2832 1456 illorum
2874 1401 3021 1471 quod
3063 1400 3331 1457 adversus
3384 1416 3447 1456 se
3500 1406 3813 1456 moveretur

2231 1493 2527 1556 exercitus,
2564 1494 2637 1548 ita
2674 1504 2786 1548 uta
2815 1501 3053 1564 quatuor
3083 1494 3469 1549 mansionibus
3497 1493 3608 1564 (27)
3639 1494 3810 1549 maris

2231 1585 2469 1642 Gclimer
2524 1596 2854 1643 moraretur.
2900 1587 3056 1643 llunc
3103 1603 3238 1659 ergo
3282 1595 3637 1658 assumptum
3675 1584 3814 1641 Pro-

2231 1678 2426 1746 copius
2458 1678 2526 1732 ad
2578 1678 2837 1735 Caucana
2866 1680 3197 1751 perveniens
3233 1680 3507 1737 Belisario
3562 1695 3809 1750 praesen-

2235 1769 2391 1823 lin“.
2445 1767 2657 1835 Quibus
2706 1771 3007 1840 compertis
3059 1771 3363 1827 Belisarius
3419 1773 3811 1839 trausmeavit,

550 1844 1061 1935 ptivis,fugerunt.
1095 1846 1361 1902 Praeterea
1431 1844 1716 1935 Samarita:
1750 1854 1805 1901 et
1861 1846 2033 1902 Iudaei
2069 1847 2127 1901 in
2159 1840 2201 1897 Β
2231 1870 2287 1916 ει
2334 1862 2469 1917 θείη
2527 1862 2581 1916 in
2647 1862 2925 1933 quoddam
2980 1864 3287 1935 pmdmm;
3329 1878 3700 1935 aggeremque
3748 1878 3814 1919 ac

546 1934 842 1991 Palaestina
894 1937 1277 2005 imperatorem
1309 1936 1599 2006 quemdam
1638 1934 1918 1991 Iulianum
1972 1952 2128 2005 coro-

547 2034 767 2093 nantes,
792 2033 848 2081 et
885 2040 1039 2081 arma
1073 2037 1267 2081 contra
1316 2026 1663 2082 Christianos
1706 2034 2007 2093 moventes,
2039 2042 2129 2082 ra-

547 2117 709 2186 pinas
732 2127 787 2174 et
817 2117 1116 2174 homicidia
1144 2127 1197 2174 et
1229 2119 1480 2173 incendia
1516 2121 1725 2190 operati
1774 2126 1945 2186 sunt;
1986 2136 2127 2190 quos

547 2211 692 2267 Deus
745 2214 970 2267 tradidit
1011 2215 1062 2267 in
1112 2229 1309 2269 manus
1362 2213 1683 2281 Iustiniani,
1740 2222 1794 2269 et
1852 2216 2130 2270 interemit

545 2316 765 2370 omnes,
797 2310 853 2358 et
876 2302 1169 2359 decollavit
1213 2301 1491 2359 Iulianum
1546 2316 1866 2378 tyrannum.
1912 2306 2129 2362 Interea

546 2395 714 2449 tertio
742 2395 956 2466 imperii
991 2396 1077 2451 sui
1102 2411 1250 2450 anno
1273 2396 1619 2453 Iustinianus
1660 2398 1955 2468 imperator
1999 2415 2127 2469 pro-

548 2488 910 2560 mulgavitne
954 2490 1254 2546 militarent
1309 2493 1506 2563 pagani
1553 2508 1655 2547 nec
1706 2494 1971 2563 haeretici,
2020 2495 2127 2550 nisi

548 2583 652 2635 soli
706 2582 999 2637 orthodoxi
1054 2584 1376 2653 Christiani,
1419 2586 1557 2640 dans
1615 2586 1722 2641 illis
1770 2596 1824 2641 et
1881 2587 2129 2643 inducias

549 2690 726 2745 usque
763 2677 832 2730 ad
864 2690 1080 2731 menses
1114 2676 1225 2731 tres
1264 2676 1329 2730 ad
1371 2679 1807 2734 conversionem.

623 2768 869 2838 Septimo
901 2768 1119 2838 imperii
1142 2768 1443 2824 Iustiniani
1471 2786 1618 2825 anno
1649 2770 1796 2825 facta
1831 2783 1963 2828 sunt
1985 2772 2129 2829 Van-

545 2862 727 2917 dalica
764 2862 929 2928 bella,
982 2872 1037 2917 et
1078 2865 1283 2934 recepit
1322 2863 1625 2919 Belisarius
1660 2866 1929 2922 Africam.
1962 2867 2127 2922 Deni-

544 2969 655 3024 que
682 2953 910 3010 Vandali
950 2956 1053 3011 sub
1086 2956 1321 3012 Arcadio
1352 2965 1404 3012 et
1433 2957 1675 3014 llonorio
1705 2959 1771 3013 ad
1800 2959 2123 3031 Hispaniam

546 3050 834 3105 venientes
892 3065 1016 3105 cum
1052 3048 1371 3121 Godigisclo
1408 3067 1540 3124 rege
1597 3069 1721 3118 suo,
1767 3063 1822 3109 et
1851 3070 1917 3109 ex
1957 3070 2019 3109 ea
2068 3055 2123 3110 in

2230 1955 2432 2009 vallum
2461 1953 2794 2025 profundum
2819 1955 3085 2013 facientes
3114 1957 3489 2014 castrametati
3520 1964 3671 2013 sunt.
3706 1956 3814 2013 Ubi

2228 2059 2285 2108 et
2318 2066 2442 2106 cum
2500 2053 2656 2107 locus
2721 2054 3021 2124 inaquosus
3044 2063 3227 2121 esset,
3257 2055 3401 2110 vallo
3435 2052 3634 2111 etl‘osso
3666 2058 3814 2108 terra

2230 2145 2455 2215 protulit
2486 2161 2687 2217 aquam
2720 2148 2786 2200 ad
2809 2163 3027 2203 omnem
3056 2148 3372 2215 utilitatem,
3415 2158 3524 2202 tam
3556 2148 3817 2202 animan-

2233 2237 2380 2293 tibus
2409 2252 2574 2308 quam
2607 2240 2963 2297 exercitibus.
3000 2238 3267 2311 Sequenti
3320 2256 3449 2296 vero
3502 2241 3589 2296 die
3631 2254 3814 2311 popuo

2232 2331 2320 2387 lus
2346 2332 2412 2388 ad
2445 2333 2686 2403 praedam
2739 2335 3008 2405 prorupit.
3041 2333 3253 2390 Praetor
3287 2342 3470 2390 autem
3500 2333 3587 2389 his
3618 2349 3810 2390 accer-

2231 2424 2356 2479 sitis
2387 2424 2503 2479 htec
2557 2426 2624 2480 ad
2681 2443 2778 2482 eos
2820 2427 3033 2482 locutus
3062 2435 3148 2483 est
3182 2444 3196 2481 :
3251 2425 3569 2482 Violentiam
3598 2428 3812 2496 quidem

2230 2514 2427 2585 inferre
2453 2517 2743 2587 alienisque
2792 2519 2943 2586 pasci
2973 2519 3243 2588 injustitia
3276 2528 3353 2573 est
3384 2520 3436 2573 in
3497 2520 3641 2572 onmi
3681 2529 3811 2574 tem-

2226 2624 2373 2677 pore,
2414 2610 2742 2681 maximeque
2772 2610 2920 2665 nobis
2945 2611 2999 2664 in
3028 2611 3278 2679 periculis
3329 2612 3659 2667 constitutis.
3690 2612 3809 2683 Ego

2228 2704 2367 2755 enim
2408 2703 2461 2756 in
2492 2701 2588 2757 hoc
2615 2702 2744 2772 ﬁsus
2770 2705 2822 2756 in
2866 2704 3005 2757 hanc
3053 2720 3142 2758 vos
3170 2714 3369 2758 terram
3418 2706 3707 2768 transvexi,
3756 2716 3810 2759 ut

2222 2792 2432 2862 justitia
2490 2804 2541 2849 et
2587 2811 2736 2863 opere
2774 2796 2903 2849 bono
2937 2805 3046 2849 tam
3109 2796 3279 2850 Deum
3337 2797 3608 2865 placemus
3649 2814 3807 2867 quam

2226 2885 2385 2954 Afros
2428 2887 2498 2939 ad
2530 2896 2729 2941 nosmet
2761 2888 3027 2943 attrahere
3053 2904 3416 2958 procuremus.
3455 2888 3581 2944 "(ac
3633 2899 3811 2945 autem

2228 2988 2398 3033 vestra
2426 2980 2834 3050 intemperantia
2872 2983 2925 3035 in
2950 2982 3278 3037 contrarium
3333 2982 3478 3036 vobis
3517 2984 3806 3051 proveniet,

2226 3082 2277 3126 et
2332 3084 2448 3142 aget
2482 3082 2538 3126 ut
2577 3073 2696 3143 Afri
2739 3074 2994 3129 Vandalis
3049 3076 3401 3131 auxiliantur.
3460 3077 3566 3132 Sed
3596 3079 3810 3148 acquie-

546 3141 773 3213 Libyam
802 3152 1173 3209 transeuntes,
1231 3145 1372 3200 hanc
1402 3146 1966 3216 comprehenderunt.
2016 3146 2123 3201 Go—

2229 3179 2428 3221 secures
2454 3169 2607 3223 verbo
2653 3185 2786 3235 meo,
2817 3178 3044 3224 ementes
3067 3186 3216 3225 ικαε
3250 3180 3542 3241 asportata,
3573 3182 3625 3227 et
3649 3188 3808 3244 neque

542 3233 778 3304 digisclo
812 3250 943 3289 vero
974 3246 1193 3290 mortuo
1223 3234 1549 3294 Gizerichus
1605 3239 1726 3308 ejus
1759 3239 2127 3310 principatum

545 3331 810 3403 suscepit.
842 3331 940 3386 Cui
972 3328 1242 3386 successit
1273 3328 1621 3387 Honorichus
1642 3330 1789 3387 ﬁlius
1820 3332 1943 3402 ejus
1964 3370 1981 3397 ,
2038 3348 2127 3388 re.

548 3438 719 3499 gnum
761 3424 994 3495 adeptus
1022 3439 1038 3489 ;
1073 3422 1166 3493 qui
1207 3423 1379 3477 multa
1406 3423 1547 3477 mala
1578 3422 1915 3479 Christianis
1944 3425 2039 3496 qui
2072 3425 2127 3480 in

544 3519 717 3591 Libya
746 3527 905 3573 erant
932 3517 1199 3583 ostendit,
1224 3524 1280 3571 et
1309 3517 1621 3574 arianizare
1651 3518 1852 3590 coegit,
1877 3527 1934 3575 et
1980 3519 2125 3575 mul-

543 3621 631 3667 tos
665 3610 891 3676 occidit,
934 3620 989 3666 et
1017 3611 1258 3679 linguam
1288 3623 1317 3664 a
1346 3618 1564 3681 gutture
1605 3611 1973 3681 quorumdam
1998 3610 2128 3667 abs-

546 3701 720 3769 cidit,
756 3702 851 3772 qui
911 3702 1079 3757 etiam
1122 3700 1216 3757 Dei
1259 3702 1438 3773 gratia
1508 3711 1695 3774 postea
1733 3704 2123 3775 loquebantur.

548 3794 856 3865 Episcopus
894 3806 1077 3849 autem
1109 3794 1331 3865 quidam
1361 3794 1661 3852 Orientalis
1682 3798 1854 3867 partis
1886 3799 2125 3870 impera-

544 3899 717 3952 torem
750 3886 1123 3944 Iustinianum
1171 3888 1462 3953 deterruit,
1492 3890 1688 3945 dicens
1742 3906 1809 3946 ex
1859 3890 1969 3947 Deo
2018 3892 2126 3949 sibi

542 3982 817 4037 visionem
864 3980 1090 4045 factam,
1147 3980 1428 4050 jubentem
1465 3982 1570 4037 sibi
1625 3982 1695 4037 ad
1729 3983 2120 4055 imperatorem

544 4072 830 4139 accedere,
865 4082 922 4128 ct
985 4074 1267 4142 postulare
1322 4081 1382 4127 ut
1437 4073 1787 4131 Christianos
1835 4077 1930 4146 qui
1967 4090 2122 4133 erant

544 4168 601 4221 in
636 4164 805 4239 Libya
832 4165 1092 4221 liberaret
1139 4181 1169 4221 a
1201 4170 1471 4237 tyrannis.
1543 4168 1756 4235 Quibus
1816 4171 2118 4242 imperator

543 4259 751 4315 auditis
794 4259 1033 4315 retinere
1056 4271 1294 4315 mentem
1327 4261 1471 4315 ultra
1504 4278 1616 4318 non
1641 4264 1846 4333 potuit,
1880 4266 1975 4320 sed
2007 4275 2118 4321 tam

541 4353 848 4408 exercitum
901 4361 957 4407 et
989 4366 1157 4409 naves
1194 4354 1368 4411 armis
1415 4356 1786 4412 circumdedit
1821 4366 1876 4414 et
1905 4358 2120 4413 victua~

542 4445 616 4501 lia
649 4444 764 4517 (86)
796 4447 1129 4516 praeparavit
1163 4487 1178 4512 ,
1223 4438 1667 4519 Belisariumquc
1724 4448 1780 4504 in
1830 4450 2119 4520 procinctu

540 4555 666 4595 esse
716 4538 981 4609 praecepit
1031 4538 1087 4593 in
1135 4538 1366 4611 Libyam
1428 4550 1718 4612 praetorem
1768 4543 2122 4613 mittendum,

540 4645 704 4702 quem
739 4640 793 4686 et
832 4639 1122 4702 praetorem
1191 4631 1493 4702 imperator
1542 4634 1947 4705 principaliter,
1986 4645 2038 4691 et
2066 4637 2123 4692 in

540 4724 802 4779 omnibus
829 4725 1043 4779 statuit.
1068 4723 1201 4778 Erat
1240 4734 1423 4781 autem
1456 4741 1584 4781 cum
1612 4742 1678 4783 eo
1704 4739 1758 4781 et
1796 4728 2120 4802 Proc0pius,

543 4816 739 4873 barum
780 4830 966 4871 rerum
993 4817 1338 4887 conscriptor
1371 4835 1385 4883 ;
1424 4818 1837 4888 proﬁciscentes
1868 4831 2050 4878 autem
2092 4838 2123 4879 a

538 4909 699 4978 regia
730 4908 869 4963 urbe
894 4908 1155 4963 adierunt
1182 4908 1459 4978 Abydum.
1507 4910 1806 4985 Belisarius
1840 4928 1973 4968 vero
2025 4931 2124 4970 cu-

540 5004 703 5059 rabat
748 5012 1025 5072 quatenus
1055 5003 1352 5057 universus
1387 5002 1563 5058 stolus
1618 5003 1783 5058 simul
1834 5006 2121 5077 navigaret

539 5104 595 5149 et
629 5094 684 5149 in
713 5092 977 5165 praedium
1007 5093 1149 5148 idem
1178 5093 1358 5164 ipsum
1393 5093 1723 5163 diverteret;
1760 5109 1998 5167 cumque
2048 5098 2117 5151 ad

542 5182 793 5240 Siciliam
828 5182 1194 5253 pervenisset,
1230 5182 1381 5238 misit
1403 5181 1733 5254 Procopium
1776 5187 2120 5258 conscripto—

540 5293 659 5334 retn
702 5276 1068 5348 Syracusam,
1133 5276 1177 5332 si
1218 5277 1360 5332 forte
1391 5278 1665 5334 inveniret
1716 5281 1983 5350 quosdam
2024 5284 2117 5353 qui

526 5385 603 5432 se
644 5370 700 5427 in
729 5369 959 5443 Libyam
992 5371 1285 5427 ducerent.
1330 5371 1453 5441 Ipse
1516 5388 1645 5428 vero
1703 5375 1846 5430 stolo
1896 5384 2121 5447 accepto

2231 3257 2420 3320 iniusti
2448 3275 2562 3314 esse
2597 3261 2881 3315 videamini
2927 3278 3090 3333 neque
3127 3264 3421 3325 amicitiam
3468 3264 3725 3334 Afrorum
3756 3266 3809 3319 in

2231 3345 2569 3403 inimicitiam
2594 3350 2950 3421 :convertatis,
3010 3352 3103 3408 sed
3154 3352 3326 3409 Deum
3362 3356 3539 3425 potius
3592 3360 3811 3425 placare

2230 3443 2453 3499 studete.
2472 3442 2686 3499 Cessate
2701 3446 2904 3501 insilire
2925 3447 2979 3500 in
3016 3448 3273 3513 alienum,
3309 3457 3360 3504 et
3390 3449 3598 3504 lucrum
3645 3466 3807 3505 excu-

2232 3534 2324 3590 tite
2375 3536 2622 3603 periculis
2677 3539 2911 3608 plenum.
2967 3537 3187 3596 Mittens
3258 3550 3443 3597 autem
3505 3542 3807 3601 Belisarius

2229 3628 2467 3683 electum
2501 3630 2804 3686 exercitum
2852 3631 3041 3687 urbem
3076 3632 3197 3688 sine
3225 3632 3415 3693 labore
3440 3638 3806 3708 comprehen-

2230 3719 2347 3790 di;t;
2377 3730 2541 3778 noctu
2577 3724 2721 3778 enim
2745 3724 2810 3778 ad
2845 3739 2965 3781 eam
2998 3725 3346 3795 accedentes,
3364 3738 3419 3784 et
3446 3744 3551 3783 una
3568 3744 3693 3784 cum
3727 3731 3807 3786 in-

2227 3814 2581 3871 troeuntibus
2650 3817 2914 3885 plaustris
2986 3818 3329 3875 rusticorum
3406 3822 3803 3893 ingredientes.

2228 3902 2373 3960 hanc
2401 3905 2801 3975 obtinuerunt;
2835 3918 2889 3964 et
2920 3924 3044 3964 cum
3072 3912 3193 3966 dies
3218 3911 3403 3969 factus
3426 3913 3644 3978 fuisset.
3694 3925 3804 3973 tam

2226 3999 2567 4053 sacerdotem
2611 4016 2776 4070 quam
2808 4001 2974 4072 hujus
3014 4002 3222 4074 primos
3242 4013 3552 4075 captantes,
3577 4008 3643 4064 ad
3670 4024 3807 4079 pra:-

2230 4096 2405 4145 torem
2434 4090 2880 4149 destinaverunt.

2298 4178 2601 4239 Belisarius
2632 4183 2820 4254 itaque
2870 4184 3208 4257 Carthagine
3238 4197 3397 4260 capta
3424 4191 3805 4248 commonebat

2228 4270 2666 4337 milites,dicens
2700 4291 2713 4327 :
2750 4275 2928 4331 Videte
2956 4287 3161 4346 quanta
3203 4296 3460 4351 prospera
3511 4283 3657 4353 facta
3686 4294 3803 4339 sunt

2228 4362 2400 4427 nobis,
2445 4366 2695 4434 quoniam
2750 4368 3089 4424 sobrietatem
3113 4387 3238 4440 erga
3268 4373 3431 4442 Afros
3457 4378 3799 4433 ostendimus.

2238 4452 2420 4508 Videte
2457 4452 2783 4511 Itoneslalem
2814 4463 2871 4513 in
2910 4460 3232 4533 Carthagine
3282 4480 3597 4523 conservare
3658 4479 3707 4523 et
3741 4487 3799 4523 ne

2156 4530 2199 4586 Ι)
2228 4545 2346 4617 quis
2385 4563 2696 4619 quemquam
2727 4552 3009 4619 Opprimat,
3035 4530 3129 4607 nec
3159 4555 3446 4627 quidquam
3475 4560 3641 4629 ipsius
3684 4566 3801 4615 sub-

2184 4636 2196 4649 '
2223 4639 2408 4707 ripiat.
2449 4637 2585 4695 Cum
2611 4642 2751 4695 enim
2782 4643 2952 4697 multa
3002 4644 3148 4699 mala
3190 4646 3419 4713 fuissent
3446 4666 3477 4703 a
3546 4650 3799 4706 Vandalis

2222 4731 2469 4786 barbaris
2503 4732 2628 4787 viris
2676 4735 2925 4804 perpessi,
2968 4737 3260 4806 imperator
3308 4749 3487 4797 noster
3518 4742 3587 4797 ad
3644 4745 3801 4798 auxi-

2225 4824 2466 4879 liandum
2496 4827 2573 4879 eis
2601 4842 2695 4881 nos
2752 4828 2896 4881 misit
2921 4838 2972 4883 et
3003 4830 3072 4883 ad
3125 4830 3423 4889 libertatem
3477 4836 3797 4892 donandum.

2225 4916 2351 4973 Haec
2383 4934 2742 4976 commoncns
2779 4920 3168 4994 Carthaginem
3204 4925 3474 4993 introivit,
3523 4938 3578 4984 et
3608 4945 3798 4987 ascen-

2228 5008 2366 5063 dens
2399 5009 2658 5079 palatium
2693 5011 2748 5065 in
2798 5012 3092 5070 Gclimeris
3129 5016 3273 5071 solio
3310 5019 3473 5074 sedit.
3504 5020 3586 5076 Ad
3641 5037 3796 5092 quem

2231 5109 2585 5154 accesserunt
2621 5102 2997 5173 negotiatores
3026 5104 3403 5180 Carthaginis,
3436 5119 3491 5167 et
3532 5119 3799 5185 quotquot

2220 5192 2378 5260 juxta
2412 5207 2564 5249 mare
2615 5196 2932 5263 manebant,
2982 5202 3326 5269 queritantes
3378 5220 3438 5261 se
3479 5207 3723 5276 rapinam
3764 5220 3793 5260 ι

2227 5286 2505 5343 classibus
2542 5290 2864 5358 pertulisse.
2916 5296 3141 5351 Atvero
3169 5296 3556 5369 Calouymnm,
3583 5304 3792 5356 navium

2227 5380 2560 5451 principem,
2609 5379 2929 5451 juramento
2970 5388 3308 5445 constrinxit
3361 5404 3633 5462 quatenus
3664 5411 3794 5449 em-

2058 5512 2294 5571 NOTAE.

616 5626 731 5698 (26)
795 5625 1520 5698 Victualia.Commeatum,
1556 5630 1726 5685 victui
1773 5632 2111 5688 necessaria.

536 5700 747 5755 Glosste
786 5698 1029 5755 Dosithei
1058 5718 1071 5753 :
1113 5720 1129 5752 ι
1160 5701 1438 5767 alimonia,
1471 5703 1752 5758 victualia.
1788 5720 1807 5753 ι
1840 5699 2108 5757 Flodoar-

534 5776 663 5835 dus,
690 5768 834 5825 Hist.
874 5770 1003 5824 εδει.
1029 5769 1177 5825 Rem.
1208 5811 1221 5837 ,
1246 5787 1303 5839 ιι,
1332 5772 1390 5827 ll
1427 5790 1439 5826 :
1478 5791 1496 5826 ι
1524 5772 1862 5831 Suliicieutia
1889 5774 2109 5830 victua-

538 5845 610 5897 lia
640 5841 947 5899 constituit.
980 5859 998 5893 ι
1034 5839 1193 5914 Fasti,

2293 5637 3127 5716 (27)Mansionibus._Sulpicius
3162 5643 3400 5703 Severus
3432 5650 3486 5704 in
3520 5649 3783 5707 Martino:

2224 5727 2244 5759 ι
2281 5709 2533 5765 Sedecim
2566 5709 2965 5769 mansionibus
2991 5716 3169 5772 abest.
3197 5737 3215 5769 ι
3253 5716 3414 5773 Plura
3439 5720 3506 5776 de
3557 5723 3789 5779 mansio-

2219 5781 2385 5837 nibus
2414 5783 2540 5838 dico
2576 5784 2639 5837 ad
2670 5784 2751 5840 tit.
2790 5800 2849 5841 ut
2880 5786 3039 5843 dictae
3059 5788 3436 5847 Collectionis.
3492 5792 3567 5850 In.
