4038 6298
362 293 497 360 1257

1191 294 1556 355 HISTORIA
1578 293 2168 356 'ECCLESIASTICA
2208 298 2308 358 EX
2356 300 2838 365 THEOPHANE.

3469 307 3605 384 1258

356 408 451 460 nia
482 420 601 476 qua:
635 412 788 477 rapta
833 404 1048 462 fuerant
1082 416 1392 478 asportaret
1420 417 1471 464 et
1494 409 1734 480 propriis
1757 409 1933 464 domi-
1969 417 2009 474 Α
2049 413 2276 482 spongia
2311 413 2522 479 reddat,
2553 429 2718 484 porro
2759 415 3046 481 citharam,
3080 425 3139 470 ut
3165 417 3526 475 calamitatem
3551 432 3606 476 et

355 498 448 552 nis
472 499 765 566 redderet;
800 498 892 570 qui
927 497 1260 556 defraudans
1301 516 1366 556 ex
1417 501 1498 557 eis
1543 511 1612 556 'et
1638 502 1929 572 perjurans

355 606 468 644 non
508 599 628 661 post
669 593 898 646 multum
941 592 1239 648 vindictam
1269 593 1544 649 exsolvit:
1595 609 1719 647 nam
1764 602 1933 650 extra

355 702 579 741 sensum
614 685 845 741 eﬂ‘ectus
895 701 1046 742 suam
1098 687 1284 756 ipsius
1345 687 1587 758 linguam
1640 687 1934 742 comedens

355 780 511 834 obiit.
540 780 616 834 lla
655 795 784 835 vero
814 791 1017 850 ιιι-αξιοι·
1057 781 1178 836 sine
1237 781 1474 836 tumultu
1503 780 1713 835 urbem
1753 779 1936 849 possi-

355 872 545 935 debat,
581 882 640 928 ut
671 887 773 928 nec
805 873 1060 943 injuriam
1085 873 1401 944 quampiam
1431 873 1670 928 inferret
1693 871 1931 938 homini,

357 982 460 1021 nec
494 966 547 1018 in
587 964 708 1019 foro
741 965 1029 1036 quospiam
1076 966 1335 1021 obserare
1368 965 1594 1020 domum
1645 965 1938 1036 continge-

356 1066 466 1120 ret,
500 1057 593 1111 sed
622 1065 866 1112 ementes
902 1057 1120 1113 milites
1150 1057 1556 1114 manducabant
1586 1065 1640 1113 et
1673 1059 1940 1113 laetaban-

358 1161 466 1204 tur.
491 1147 602 1204 Eos
634 1165 762 1205 vero
791 1149 1068 1206 Vandalos
1099 1151 1193 1219 qui
1249 1150 1317 1205 ad
1347 1167 1505 1206 sacra
1539 1150 1932 1222 confugerant,

358 1243 466 1298 fide
516 1244 759 1312 praestita
782 1244 1070 1299 educebat.
1119 1244 1396 1299 Murorum
1449 1254 1633 1298 autem
1667 1243 1935 1299 civitatis

356 1335 698 1407 diligentiam
725 1336 1042 1400 exhibebat,
1073 1351 1199 1392 cum
1230 1346 1392 1391 antea
1419 1336 1748 1408 negligentia
1807 1351 1936 1392 ruc-

354 1437 501 1484 rent.
529 1428 698 1484 Porro
716 1429 1042 1485 dicebantet
1063 1441 1218 1485 vetus
1237 1431 1461 1485 verbum
1489 1430 1820 1500 Carthagine
1853 1430 1937 1484 di-

354 1528 530 1582 ctum,
549 1521 806 1577 videlicet
827 1522 1055 1576 Gamma
1077 1536 1435 1594 persequetur
1452 1523 1606 1588 Beta,
1636 1539 1785 1578 nunc
1816 1539 1940 1580 esse

367 1614 668 1683 perfectum
697 1633 708 1668 :
732 1615 885 1686 prius
903 1616 1047 1670 enim
1071 1615 1405 1672 Gczerichus
1430 1615 1771 1671 Bonifacium
1791 1617 1940 1672 inse-

352 1718 515 1764 cutus
543 1718 644 1775 est,
665 1723 809 1763 nunc
829 1724 959 1764 vero
978 1709 1273 1764 Belisarius
1297 1709 1643 1765 Gelimerem.
1675 1709 1942 1764 Praeterea

2039 503 2369 559 lamentetur
2399 516 2453 558 et
2475 506 2693 561 defleat.
2738 506 2833 563 His
2859 509 3058 565 auditis
3083 509 3262 574 ,Faras
3281 514 3604 578 condoleus.

2035 600 2089 647 et
2122 591 2396 647 fortunam
2430 594 2724 649 humanam
2757 596 3074 668 deplorans,
3134 603 3437 657 secundum
3487 606 3608 672 ejus

2039 684 2244 754 scripta
2278 684 2532 748 faciebat,
2555 696 2606 741 et
2633 690 2818 743 omnia
2853 691 3106 746 mittebat
3129 701 3603 767 qtitecunquetﬂb)

2036 773 2276 830 Gelimcr
2303 777 2513 845 egebat.
2550 776 2820 834 Praeterea
2879 796 3004 835 cum
3051 782 3225 838 hiems
3269 787 3605 849 transiisset.

2036 874 2286 936 metuens
2315 868 2554 925 Gelimer
2587 871 2929 928 obsidionem
2994 873 3393 944 Romanorum,
3429 888 3483 935 et
3509 895 3604 936 co-

2037 964 2323 1026 gnatorum
2355 961 2635 1018 .misertus
2669 962 2923 1029 filiorum,
2954 967 3047 1036 qui
3080 983 3294 1024 vermes
3321 971 3374 1024 in
3420 972 3607 1027 eadem

2040 1049 2258 1105 miseria
2302 1051 2567 1120 fecerant,
2598 1055 2904 1113 dissolutus
2939 1069 3020 1112 est
3063 1068 3265 1128 mente,
3297 1071 3354 1117 et
3383 1063 3452 1116 ad
3504 1065 3611 1118 Fa-

2040 1155 2135 1196 ran
2166 1143 2473 1214 rescripsit
2536 1147 2678 1215 quod
2741 1148 2867 1204 fidei
2902 1151 3082 1206 .verbo
3128 1164 3347 1223 recepto
3381 1155 3530 1224 ipse,
3557 1165 3611 1211 et

2038 1232 2132 1303 qui
2177 1249 2381 1289 .secum
2458 1245 2650 1302 erant,
2710 1239 2776 1292 ad
2832 1239 3160 1296 Belisarium
3223 1255 3609 1314 properarent.

2041 1325 2160 1392 Quo
2189 1326 2336 1381 hunc
2361 1336 2568 1383 certum
2600 1329 2962 1400 jurejurando
2983 1334 3264 1399 reddente,
3293 1340 3610 1409 assumptis

2039 1419 2297 1474 omnibus
2318 1419 2702 1492 Carthaginem
2735 1425 2904 1480 venit.
2931 1425 3232 1483 Belisarius
3259 1440 3439 1485 autem
3464 1433 3611 1487 hunc

2042 1521 2322 1584 gratanter
2351 1517 2576 1581 recepit.
2614 1519 2682 1572 At
2711 1534 2839 1575 vero
2868 1519 3108 1575 Gelimcr
3139 1522 3367 1580 ridendo
3403 1527 3468 1580 ad
3510 1527 3611 1581 Be-

2043 1604 2290 1660 lisarium
2328 1608 2592 1663 introivit.
2625 1611 2796 1676 Quem
2855 1612 2946 1667 alii
2973 1613 3188 1683 quidem
3235 1618 3614 1686 superﬂuitate

2044 1699 2322 1767 passionis
2354 1703 2663 1756 excessisse
2683 1720 2802 1774 qua:
2834 1714 2964 1761 sunt
2988 1717 3200 1762 naturae.
3223 1751 3235 1775 ,
3266 1709 3613 1785 delirumque

353 1793 434 1852 tot
478 1800 742 1868 pecunias
786 1799 1079 1854 multitudo
1127 1801 1328 1869 reperit
1367 1809 1501 1870 quot
1546 1801 1601 1858 in
1633 1801 1783 1856 nullo
1822 1801 1943 1856 loco
1976 1802 2017 1856 Β
2046 1788 2471 1857 suspicabamur
2502 1792 2754 1848 meum“
2793 1813 2807 1850 ε
2845 1797 3008 1852 amid
3053 1815 3184 1853 νθτο
3229 1801 3394 1872 ΙιυῘηε
3440 1817 3612 1860 9153‘

352 1889 1066 1958 unquamessecontigcral.
1091 1888 1329 1959 Denique
1347 1888 1718 1944 Romanorum
1741 1889 1945 1960 princi-

352 1990 538 2051 patum
555 1982 950 2051 depepulantes
971 1981 1229 2052 pecunias
1249 1981 1742 2053 multasinLibyam
1763 1994 1943 2038 trans-

350 2073 618 2133 tulerunt.
682 2071 746 2127 Et
795 2089 917 2127 cum
952 2075 1069 2143 ipsa
1101 2073 1249 2144 regio
1269 2074 1475 2144 Optima
1510 2084 1564 2129 et
1589 2074 1824 2130 fecunda
1851 2092 1940 2131 es-

349 2176 457 2231 set,
480 2165 836 2237 pecuniarum
857 2164 1068 2222 reditus
1096 2165 1176 2221 eis
1201 2164 1377 2221 effecti
1407 2175 1534 2220 sunt
1563 2168 1738 2222 multi.
1757 2167 1942 2223 Nona-

349 2259 501 2329 ginta
551 2259 750 2331 quippe
803 2267 856 2314 et
919 2259 1164 2330 quinque
1217 2259 1378 2314 annis
1432 2255 1663 2314 Vandali
1715 2257 1940 2331 Libyam

349 2361 698 2420 tenuerunt;
735 2361 790 2408 et
837 2367 962 2407 cum
1010 2352 1221 2408 multas
1272 2351 1498 2408 divitias
1560 2354 1938 2425 collegissent,

350 2448 404 2502 in
441 2448 532 2502 illa
573 2446 664 2502 die
715 2445 768 2500 in
803 2445 1186 2501 Romanorum
1243 2459 1445 2501 manus
1501 2461 1695 2502 omnes
1739 2446 1942 2504 divitiae

353 2540 660 2595 redierunt.
689 2538 748 2593 ln
796 2538 975 2593 tribus
1029 2538 1174 2595 enim
1213 2539 1499 2594 mensibus
1533 2554 1656 2593 cum
1705 2556 1941 2611 pugnas-

347 2642 432 2690 set
472 2634 790 2695 Belisarius,
823 2631 874 2685 id
909 2641 1039 2686 esta
1070 2632 1328 2689 Kalendis
1401 2633 1733 2690 Octobribus
1767 2651 1940 2705 usque

349 2725 415 2779 ad
458 2723 728 2779 Kalendas
755 2723 1125 2787 Decembrias,
1152 2735 1320 2778 totam
1375 2724 1600 2796 Libyam
1667 2727 1911 2781 subdidit.

284 2826 295 2834 '
347 2817 499 2873 Misit
524 2825 703 2871 autem
735 2816 1000 2872 Joannem
1029 2818 1344 2872 Armenium
1371 2833 1494 2872 cum
1524 2817 1776 2873 ducentis
1826 2820 1940 2875 ele-

347 2912 455 2966 ctis
500 2909 755 2980 persequi
820 2909 1173 2976 Gelimerem,
1229 2909 1406 2964 donec
1453 2927 1575 2964 cum
1635 2910 1938 2964 vivumaut

349 3013 627 3059 mortuum
656 3000 1145 3073 comprehenderet
1178 3017 1192 3068 ;
1227 3001 1317 3070 qui
1348 3017 1738 3071 prmoccupans
1790 2999 1937 3056 Geli-

349 3112 554 3152 merem
615 3095 1124 3166 comprehensurus
1160 3103 1301 3159 erat,
1340 3095 1442 3148 nisi
1475 3109 1563 3149 res
1605 3095 1928 3164 contigisset

2043 1894 2228 1948 garem
2275 1881 2550 1939 hominem
2612 1885 2933 1945 huncesse
2972 1891 3309 1960 cogitabant,
3370 1902 3424 1948 et
3485 1911 3610 1950 cum

2043 1970 2210 2027 fuerit
2238 1989 2332 2028 rex
2377 1987 2430 2030 et
2461 1977 2595 2046 regii
2622 2037 2626 2040 ,
2653 1981 2894 2048 generis,
2956 1990 3008 2036 et
3043 1983 3320 2042 virtutem
3377 1986 3608 2043 validam

2044 2065 2417 2136 pecuniasque
2447 2081 2676 2138 magnas
2713 2069 2988 2138 habuerit,
3024 2076 3285 2143 quoniam
3314 2077 3367 2130 in
3426 2076 3607 2147 fugam

2041 2171 2237 2212 versus
2259 2168 2344 2213 εει
2397 2166 2452 2212 et
2486 2161 2627 2214 mala
2684 2162 2739 2215 in
2779 2161 2962 2233 Papua
3009 2167 3231 2235 pertulit
3266 2178 3320 2223 et
3375 2185 3520 2226 nunc
3555 2183 3611 2226 tit

2042 2251 2292 2318 captivus
2322 2251 2522 2309 ductus
2547 2262 2651 2320 est,
2695 2255 2825 2308 nihil
2851 2267 3047 2326 praeter
3075 2260 3248 2315 multo
3278 2261 3388 2315 risu
3423 2262 3610 2333 digna,

2041 2356 2163 2410 quas
2189 2342 2469 2397 hominum
2505 2355 2653 2412 sunt,
2703 2347 3028 2403 arbitratum
3064 2365 3188 2405 eum
3215 2367 3335 2408 esse
3359 2338 3614 2423 perhibe-

2041 2432 2195 2488 bant.
2233 2432 2531 2492 Belisarius
2571 2446 2753 2493 autem
2795 2438 2940 2493 hunc
2969 2455 3093 2496 cum
3130 2444 3471 2516 principibus
3496 2464 3614 2502 om-

2041 2525 2207 2581 nibus
2247 2525 2622 2583 Vandalorum
2652 2545 2759 2584 non
2798 2531 2851 2584 in
2903 2531 3482 2610 dehonorationeﬁ9)
3521 2556 3612 2595 cu—

2041 2620 2331 2686 stodiebat,
2356 2630 2412 2674 ut
2450 2621 2513 2675 ad
2549 2623 2934 2691 imperatorem
2967 2625 3337 2683 Justinianum
3393 2631 3603 2703 Byzan-

2042 2711 2175 2765 tium
2204 2711 2450 2766 duceret.
2494 2711 2702 2782 Cyriilo
2733 2729 2865 2768 vero
2904 2717 3091 2770 statim
3125 2716 3430 2777 Belisarius
3481 2737 3606 2778 cum

2040 2801 2219 2872 capite
2269 2800 2526 2856 Zatzonis
2556 2803 2747 2859 fratris
2774 2803 3064 2863 Gelimcris
3098 2809 3150 2863 in
3189 2807 3423 2866 Sardum
3455 2814 3611 2869 insu-

2041 2895 2147 2947 lam
2178 2895 2372 2959 misso,
2407 2909 2525 2965 quae
2565 2894 2783 2966 Kyrnus
2831 2899 3157 2967 vocabatur,
3190 2903 3424 2971 primum
3466 2907 3610 2962 hanc

2040 2986 2306 3045 Romanis
2337 2987 2575 3058 subegit.
2617 2988 2674 3042 ιη
2699 2989 3014 3052 ϐτρεπρειη
3042 3004 3249 3062 autem,
3286 3012 3406 3067 quae
3432 3008 3515 3052 est
3553 2999 3610 3056 in

2042 3079 2392 3146 Mauritania,
2440 3080 2708 3137 Joannem
2778 3085 2945 3139 alium
3005 3087 3326 3150 destinavit,
3364 3107 3486 3160 qua!
3538 3093 3609 3148 30

350 3185 689 3254 hujusmodi.
724 3145 980 3241 liuliares
1015 3184 1236 3254 quidam
1273 3200 1339 3239 ex
1387 3183 1636 3239 Belisarii
1683 3185 1924 3255 armige-
1952 3145 1996 3207 Ο
2029 3173 2240 3229 dierum
2271 3173 2468 3229 ilinel‘e
2504 3190 2534 3229 ³
2577 3175 2906 3245 Carthagine
2953 3179 3170 3236 distans
3203 3197 3370 3253 penes
3402 3184 3607 3242 Gadira

351 3280 430 3334 ris
463 3287 583 3334 erat
618 3295 740 3333 cum
775 3277 1028 3345 Joanne;
1065 3279 1155 3348 qui
1197 3279 1326 3331 vino
1353 3277 1682 3344 inebriatus,
1736 3279 1924 3333 videns

349 3385 502 3423 avem
540 3384 704 3439 super
735 3369 988 3424 arborem
1027 3369 1377 3434 insidentem,
1432 3377 1592 3424 tenso
1655 3385 1786 3425 arcu
1836 3371 1923 3440 je-

347 3463 426 3516 cit
460 3461 722 3516 adversus
779 3478 958 3516 avem.
1013 3462 1080 3515 Et
1130 3475 1282 3515 avem
1315 3461 1536 3531 quidem
1590 3473 1924 3517 consecutus

352 3570 461 3610 non
505 3564 610 3620 est,
650 3554 914 3610 Joannem
943 3567 1073 3609 vero
1099 3563 1247 3608 retro
1273 3554 1327 3607 in
1369 3556 1584 3610 cervice
1611 3555 1922 3625 percussit;

348 3649 441 3719 qui
469 3647 718 3719 plagatus
755 3656 1004 3702 mortuus
1039 3657 1140 3714 csl,
1181 3647 1406 3712 multum
1436 3648 1644 3701 luctum
1680 3655 1788 3700 tam
1826 3647 1928 3700 im-

351 3743 591 3813 peratori
617 3739 926 3796 Iustiniano
964 3748 1019 3794 et
1047 3741 1514 3809 Belisario,'quam
1539 3740 1752 3794 eunetis
1810 3739 1922 3793 Ro-

351 3833 530 3886 manis
581 3840 630 3884 et
678 3830 1207 3901 Carthaginensihus
1254 3829 1663 3900 derelinquens.
1719 3828 1925 3886 Taliter

349 3921 593 3977 Gelimcr
632 3920 896 3992 effugiens
929 3923 1016 3975 illa
1054 3921 1142 3974 die
1193 3919 1260 3975 ad
1291 3919 1600 3975 Maurusios
1659 3935 1924 3990 propera-

351 4014 428 4069 vit
458 4031 473 4081 ;
520 4030 680 4085 quem
717 4014 1020 4070 Belisarius
1047 4021 1371 4085 persecutus
1407 4014 1460 4067 in
1493 4012 1679 4083 Papua
1711 4021 1918 4080 monte,

353 4107 407 4162 in
461 4107 779 4162 novissimis
810 4106 1099 4172 Numidiae,
1134 4106 1538 4171 circutnclusit,
1574 4108 1718 4161 hunc
1774 4108 1924 4162 obsi-

351 4199 490 4257 dens
515 4215 612 4272 per
633 4200 888 4265 hiemem,
929 4198 1312 4256 deficientibus
1356 4200 1405 4255 ei
1437 4201 1691 4255 omnibus
1727 4215 1921 4255 neces-

351 4292 514 4349 sariis
548 4311 564 4348 :
600 4293 758 4363 panis
795 4293 939 4349 enim
987 4292 1128 4363 apud
1166 4292 1473 4348 Maurusios
1497 4308 1606 4347 non
1643 4293 1700 4346 fit
1743 4307 1922 4363 neque

352 4385 537 4440 vinum
575 4400 750 4455 neque
783 4385 995 4450 oleum,
1025 4383 1121 4439 sed
1149 4383 1232 4439 far
1262 4391 1316 4440 et
1366 4385 1630 4439 hordeum
1665 4386 1924 4439 immatu-

2028 3273 2083 3321 et
2111 3266 2248 3322 solis
2274 3267 2712 3335 occasutnjacet.
2737 3269 3029 3340 Aliumque
3067 3270 3334 3328 Joannem
3363 3290 3431 3330 ex
3464 3293 3609 3348 pra:-

2028 3359 2242 3414 torihus
2274 3374 2441 3413 unum
2467 3360 2522 3415 in
2553 3359 2750 3416 fretum
2778 3364 2926 3433 quod
2975 3373 3060 3420 est
3090 3365 3142 3419 in
3176 3365 3418 3432 Gadiris,
3452 3379 3506 3423 et
3549 3371 3605 3428 in

2027 3450 2316 3505 castellum
2349 3452 2494 3522 quod
2543 3451 2772 3522 Septum
2808 3461 3030 3522 vocant,
3074 3456 3296 3512 direxit.
3345 3458 3514 3514 Porro
3549 3463 3605 3518 in

2028 3541 2236 3598 insulas
2284 3559 2405 3613 qua:
2430 3543 2584 3612 juxta
2617 3543 2898 3601 Oceanum
2945 3555 3094 3610 sunt,
3143 3548 3458 3619 Majoricam
3492 3556 3604 3610 sci-

2027 3631 2155 3687 licet
2185 3641 2240 3687 et
2271 3631 2618 3700 Minoricam,
2642 3637 3046 3705 Apollinarium
3079 3639 3394 3712 destinavit,
3421 3645 3602 3701 virum

2026 3722 2253 3778 bonum.
2297 3723 2447 3779 Misit
2472 3734 2652 3782 autem
2688 3737 2742 3783 et
2772 3728 2825 3782 in
2855 3729 3100 3796 Siciliam
3141 3735 3410 3804 quosdam
3442 3737 3606 3792 Afro-

2025 3831 2170 3880 rum,
2190 3822 2243 3870 et
2268 3827 2512 3876 castrum
2528 3817 2901 3876 Vandalorum
2921 3825 3388 3895 comprehendere
3408 3830 3600 3900 jussit.

2025 3905 2186 3962 Gothi
2222 3924 2352 3982 vero
2379 3910 2470 3979 qui
2511 3909 2614 3966 hoc
2648 3913 3060 3981 custodiebant,
3090 3920 3252 3973 matri
3296 3923 3599 3982 Athalarici

2027 3999 2142 4053 lucc
2166 4008 2294 4054 nota
2350 4000 2620 4059 fecerunt.
2674 4005 2806 4070 Quae
2851 4008 3136 4073 scribitad
3167 4010 3487 4069 Belisarium
3535 4033 3606 4074 ne

2024 4092 2166 4148 idem
2183 4104 2422 4149 castrum
2443 4097 2732 4169 tyrannide
2749 4108 2988 4168 caperet,
3006 4105 3606 4178 quousqueimperator

2026 4184 2374 4242 Justinianus
2430 4188 2622 4254 sciret,
2657 4198 2715 4244 et
2757 4190 2903 4260 quod
2936 4193 3042 4248 sibi
3072 4205 3222 4251 esset
3259 4199 3439 4253 visum
3485 4201 3604 4257 elli-

2024 4287 2191 4335 ceret.
2231 4281 2288 4335 In
2315 4281 2401 4335 his
2425 4296 2556 4353 ergo
2577 4280 2933 4338 Vandalicum
2954 4286 3155 4342 bellum
3177 4290 3339 4346 finem
3361 4295 3598 4363 accepit.

2024 4372 2222 4428 Verum
2249 4374 2474 4441 invidia,
2507 4384 2693 4448 utpote
2721 4380 2776 4434 in
2797 4394 2988 4452 magna
3019 4382 3284 4441 felicitate
3307 4387 3420 4442 fieri
3437 4391 3596 4457 solet,

350 4489 496 4537 rum,
557 4480 618 4526 ut
669 4473 1072 4528 irrationabilia
1108 4474 1390 4540 animalia,
1440 4474 1757 4530 comedunt.
1821 4474 1918 4530 liis
1951 4503 1996 4558 Ι)
2025 4472 2255 4541 contigit
2288 4474 2452 4528 etiam
2479 4475 2532 4528 in
2551 4474 2874 4533 Belisarium
2906 4480 3164 4550 :quidam
3188 4485 3331 4539 enim
3360 4487 3596 4559 deroga—

346 4564 586 4620 Gelimer
627 4564 883 4620 incidens
918 4565 1111 4620 scribit
1156 4566 1219 4620 ad
1266 4564 1466 4630 Faran,
1495 4583 1652 4636 quem
1689 4567 1919 4623 dimise-

347 4666 430 4710 rat
489 4656 788 4712 Belisarius
831 4656 900 4711 ad.
947 4657 1371 4712 custodiendum
1409 4673 1556 4721 eum,
1591 4669 1652 4713 ut
1683 4659 1921 4714 mitteret

346 4751 448 4805 sibi
485 4749 752 4805 citharam
784 4759 837 4805 et
877 4765 1070 4819 panem
1123 4765 1289 4804 unum
1323 4758 1378 4805 et
1407 4751 1718 4821 spongiam.
1749 4749 1919 4806 Faras

346 4851 528 4895 autem
582 4842 866 4896 haesitabat
896 4841 1155 4911 quidnam
1205 4850 1352 4896 esset
1407 4841 1528 4907 hoc,
1593 4843 1768 4897 donec
1824 4843 1918 4911 qui

346 4934 618 4987 detulerat
649 4933 938 5002 epistolam
972 4915 1109 4987 dixit
1148 4933 1275 5004 quia
1322 4949 1511 5001 panem
1545 4934 1764 5002 quidem
1817 4935 1912 4991 de-

345 5025 548 5079 siderat
575 5025 759 5081 videre
800 5026 1054 5092 Gelimcr,
1089 5041 1193 5080 non
1223 5023 1416 5079 videns
1463 5040 1655 5094 panem
1684 5043 1748 5080 ex
1801 5043 1911 5097 quo

345 5123 660 5179 ascenditin
687 5135 944 5186 montem,
963 5122 1244 5193 spongiam
1259 5130 1436 5176 autem
1460 5133 1680 5190 propter
1721 5123 1913 5179 oculos

346 5231 452 5271 non
482 5217 622 5273 lotos
656 5232 719 5272 ac
776 5232 874 5288 per
905 5220 1008 5270 hoc
1039 5216 1217 5282 Iresos,
1249 5223 1517 5286 quatenus
1549 5215 1646 5269 hos
1670 5214 1916 5270 siueeros

2023 4573 2221 4619 verunt
2251 4565 2300 4620 ei
2358 4581 2527 4636 penes
2578 4568 2997 4639 imperatorem,
3048 4575 3192 4645 quod
3250 4579 3595 4647 tyrannidem

2023 4657 2399 4713 meditaretur.
2426 4659 2525 4714 Ast
2556 4661 2861 4732 imperator
2895 4667 3068 4721 misso
3102 4665 3396 4726 Salomone
3424 4680 3599 4731 tentat

2020 4749 2270 4805 Belisarii
2302 4751 2667 4818 voluntatem,
2697 4764 2879 4811 utrum
2913 4774 3036 4813 cum
3063 4759 3338 4817 Gelimere
3365 4771 3418 4817 et
3448 4761 3597 4822 Van-

2019 4842 2160 4899 dalis
2212 4846 2423 4902 veniret
2487 4845 2836 4918 Byzantium,
2897 4867 2964 4906 an
3027 4868 3255 4910 manens
3323 4857 3452 4912 illuc
3499 4873 3597 4920 eos

2019 4939 2436 4993 transmitteret.
2466 4940 2767 4998 Belisarius
2819 4955 2998 4998 autem
3027 4944 3346 5016 Byzantium
3403 4950 3588 5021 profe-

2017 5038 2140 5083 ctus
2165 5039 2268 5094 est,
2311 5030 2602 5087 Salomone
2629 5045 2860 5103 praetore
2895 5035 3077 5108 Libya:
3116 5038 3395 5096 derelicto.
3424 5042 3593 5097 Cum-

2019 5137 2127 5189 que
2160 5120 2452 5178 Belisarius
2511 5124 2838 5194 Byzantium
2876 5144 2985 5182 una
3049 5145 3171 5183 cum
3233 5131 3504 5190 Gelimere
3538 5143 3593 5190 ct

2024 5211 2285 5268 Vandalis
2347 5217 2703 5284 pervenisset,
2772 5233 2964 5288 magna
3033 5222 3252 5290 praemia
3307 5225 3592 5295 percipere

1854 5375 2088 5433 NOTAE.

416 5500 528 5572 (28)
567 5498 925 5572 ngvctmque.
959 5493 1095 5572 Cato
1146 5492 1363 5572 ap.__A.
1405 5492 1637 5572 Gellium
1665 5495 1748 5559 15,
1789 5494 1910 5572 ἓὲᾼε

349 5593 367 5626 ι
393 5563 530 5638 Quia
561 5568 728 5623 multa
756 5583 940 5636 egeo.)
965 5565 1193 5638 Plautus
1234 5563 1542 5638 Meum/tm.
1564 5573 1669 5620 act.
1699 5581 1740 5630 1,
1759 5565 1910 5638 sc_._‘2:

351 5633 498 5697 «Nec
532 5633 830 5708 qui‘dquam
867 5652 1013 5704 eges.
1042 5655 1060 5687 ι
1099 5635 1415 5708 Priscianus
1452 5636 1490 5690 l.
1520 5651 1698 5708 xviii;
1748 5655 1766 5685 ι
1811 5633 1916 5688 No.

347 5713 472 5782 stri,
535 5706 870 5782 egeo—illius
915 5708 990 5764 rei
1038 5717 1092 5761 et
1148 5706 1298 5760 illam
1365 5721 1479 5761 rem
1519 5714 1573 5762 et
1636 5706 1729 5760 illa
1771 5720 1850 5760 re.
1891 5724 1909 5757 ι

346 5781 508 5840 Ἐλειι.

714 5873 978 5934 Ρλτηοι.
1013 5873 1128 5933 Gn.
1177 5870 1383 5933 CVIII.

2095 5493 2205 5556 (9.9)
2243 5492 2685 5548 Dehonoratione.
2747 5493 3086 5551 Flodoardtts
3143 5497 3284 5553 Hist.
3332 5512 3407 5558 It,
3469 5499 3584 5556 ‘20:

2028 5583 2046 5616 ι
2084 5564 2358 5634 Quidquid
2420 5565 2472 5618 in
2533 5565 2706 5634 ipsius
2755 5566 3102 5635 imperatoris
3152 5567 3587 5625 dehonoratiune

2025 5645 2237 5704 gestum
2275 5635 2452 5689 fuerat
2485 5655 2550 5708 ..ι
2580 5635 3051 5708 Υυωελὶηιετρτεε
3084 5638 3332 5708 epistolae
3362 5639 3426 5691 ad
3462 5639 3587 5694 Phi-

2025 5702 2315 5777 lippenses,
2355 5722 2473 5774 qua:
2505 5702 2561 5760 S.
2595 5705 2805 5777 lgnatio
2837 5702 3133 5772 “crinitur
3157 5728 3169 5739 '
3213 5729 3230 5760 ι
3267 5707 3387 5764 Dies
3420 5709 3589 5775 festos

2029 5776 2195 5832 nolite
2229 5775 2590 5832 dehonorare.
2615 5775 2639 5828 ι’
2667 5777 2741 5834 la.

3146 5874 3221 5933 hi)
