4038 6298
432 362 568 428 1259

1528 358 1929 425 ANASTASII
1977 356 2610 418 BIBLIOTIIECARII

3576 351 3704 414 1260

427 476 651 543 meruit,
684 471 944 545 qualibus
975 468 1236 526 nimirum
1267 469 1611 541 temporibus
1647 469 1849 539 priscis
1894 468 2004 522 Ro-
2034 481 2081 529 Α
2127 476 2439 539 mergentes
2486 480 2815 538 semctipsos
2869 464 3229 521 interficiunt.
3305 466 3524 520 Mortua
3579 482 3703 519 rem

429 581 718 626 manorum
777 572 1051 636 praetores
1092 564 1148 618 in
1217 564 1473 617 maximis
1546 561 1799 617 victoriis
1853 560 2003 632 digni

426 657 824 715 obiciebantur.
850 652 1144 709 Sexcentis
1168 651 1315 707 enim
1331 651 1492 706 annis
1518 651 1817 707 transactis
1844 665 2007 705 nemo

427 752 497 807 ad
534 750 700 805 talem
748 745 1003 819 pervenit
1064 745 1331 800 honorem
1381 744 1490 799 nisi
1523 743 1705 811 Titus,
1733 744 2006 815 Trajanus

427 851 481 897 et
514 839 605 895 alii
654 840 1045 910 imperatores,
1071 836 1167 907 qui
1216 834 1599 906 magistratum
1637 843 1834 891 contra
1879 834 2009 889 Bar-

428 931 647 1017 baricas
678 928 936 985 nationes
967 926 1287 983 obtinentes
1334 926 1665 983 mirabiliter
1695 927 2008 997 triumpha-

429 1030 600 1091 runt;
650 1021 977 1092 exuviisque
1042 1020 1284 1076 ostensis
1332 1027 1389 1075 et
1424 1034 1489 1075 ex
1530 1020 1676 1076 bello
1717 1020 2008 1090 mancipiis

426 1117 486 1170 in
516 1112 695 1169 media
716 1111 855 1167 urbe
882 1110 1106 1182 pompis
1137 1110 1253 1166 haec
1283 1110 1619 1182 publicavit,
1640 1111 1789 1182 quod
1815 1112 2010 1166 trium-

426 1216 596 1283 phum
634 1215 834 1263 vocant
860 1204 1118 1261 Romani.
1168 1202 1262 1260 Sic
1300 1204 1477 1260 veteri
1541 1205 1765 1277 quidem
1822 1205 2009 1265 modo.

426 1298 526 1356 sed
554 1298 793 1370 pedestri
826 1295 1087 1351 incedens
1115 1310 1184 1351 ex
1213 1295 1379 1351 domo
1413 1310 1516 1351 sua
1567 1311 1741 1367 usque
1774 1298 1841 1352 ad
1880 1295 2011 1367 Hip-

426 1392 802 1465 podromium.
855 1389 1028 1446 Erant
1059 1396 1245 1444 autem
1271 1390 1483 1447 exuviae
1524 1400 1799 1462 quotquot
1833 1390 2010 1445 admi-

426 1485 757 1545 nistratorio
808 1484 1080 1558 principis
1137 1485 1320 1541 ordini
1366 1486 1778 1559 competebant,
1824 1487 1877 1543 id
1925 1496 2013 1544 est

424 1578 614 1636 throni
645 1577 799 1634 aurei
822 1586 876 1633 et
894 1576 1098 1643 rhedae,
1121 1578 1326 1650 quibus
1357 1593 1549 1650 regum
1580 1594 1782 1636 uxores
1802 1580 2014 1635 vehun-

426 1681 539 1737 tur,
571 1678 913 1741 ornatusque
938 1668 1007 1725 de
1033 1668 1311 1741 lapidibus
1347 1672 1610 1743 pretiosis
1644 1672 2011 1744 compositus,

425 1763 637 1836 argenti
666 1778 887 1835 quoque
915 1763 1088 1818 multa
1120 1762 1291 1818 millia
1311 1764 1738 1831 talentorum,et
1772 1766 2014 1822 diverso-

2117 570 2244 615 sunt
2271 561 2323 614 in
2350 560 2454 615 hoc
2482 560 2625 617 bello
2644 558 3057 614 Maurusiorum
3078 559 3482 627 quinquaginta
3509 557 3701 619 millia,

2116 651 2493 707 Romanorum
2558 668 2691 707 vero
2730 654 2951 724 penitus
2973 652 3186 708 nullus.
3215 651 3357 717 Quin
3380 666 3483 706 nec
3540 651 3701 705 ictum

2116 746 2610 817 quisquameorum
2634 746 2804 800 ullum
2825 745 3060 813 accepit,
3075 743 3170 799 sed
3188 759 3383 801 omnes
3400 745 3703 799 incolumes

2115 840 2399 893 victoriam
2430 839 2715 895 consecuti
2747 848 2900 894 sunt.
2946 837 3183 892 Plurimi
3208 852 3339 893 vero
3390 837 3702 908 principum

2118 934 2361 1003 ipsorum
2395 932 2663 988 Romanis
2691 931 2941 1002 adjuncti
2985 939 3139 987 sunt.
3204 930 3495 987 Mulierum
3545 940 3704 999 atque

2118 1040 2417 1095 puerorum
2448 1033 2658 1079 tantam
2688 1022 3102 1078 multitudinem
3134 1021 3369 1078 Romani
3420 1036 3615 1092 cepere
3646 1026 3703 1074 ut

2118 1117 2242 1173 ovis
2278 1118 2459 1188 pretio
2509 1132 2733 1174 servum
2771 1116 3112 1172 Maurusium
3170 1130 3356 1172 emere
3388 1115 3701 1169 volentibus

2118 1211 2522 1268 vcnundarent.
2576 1211 2641 1266 Et
2687 1218 2821 1266 tunc
2863 1211 2945 1266 eis
2994 1219 3150 1265 vetus
3190 1208 3468 1278 eloquium
3518 1208 3702 1277 cujus-

2119 1304 2243 1359 dam
2278 1305 2607 1376 divinre(50)
2632 1303 2851 1359 femina:
2872 1304 3128 1374 contigit,
3164 1303 3293 1374 quia
3315 1301 3700 1357 maledictione

2122 1397 2417 1453 multitudo
2453 1413 2645 1453 eorum
2680 1412 2711 1451 a
2761 1397 2886 1452 viro
2918 1398 3039 1451 sine
3087 1396 3259 1451 barba
3301 1394 3509 1466 periit:
3549 1391 3701 1449 Salo-

2120 1507 2249 1546 mon
2282 1491 2485 1563 quippe
2524 1507 2554 1545 a
2594 1505 2766 1562 puero
2800 1490 3091 1546 eunuchus
3126 1501 3325 1560 praeter
3359 1488 3699 1544 voluntatem

2120 1585 2351 1641 effectus
2390 1596 2498 1649 est,
2534 1600 2647 1656 prae
2687 1584 2947 1654 passiOne
3001 1582 3271 1654 genitales
3322 1589 3512 1653 partes
3544 1581 3701 1636 amit-

2123 1686 2262 1733 tens.
2290 1675 2460 1733 Porro
2491 1685 2600 1731 tota
2622 1674 2791 1747 Libya
2816 1684 3072 1745 percepta
3101 1672 3490 1741 Carthaginem
3516 1670 3697 1727 rediit.

2125 1769 2393 1825 Praeterea
2451 1784 2579 1825 vere
2640 1768 2946 1837 incipiente
3004 1767 3210 1821 missus
3264 1770 3348 1820 est
3399 1762 3699 1819 Belisarius

427 1847 551 1915 rum
594 1857 964 1929 imperiaiium
996 1871 1282 1924 vasorum,
1340 1872 1464 1929 quae
1513 1857 1852 1915 Cezerichus
1904 1858 2015 1915 Ro—
2042 1841 2091 1902 Β
2121 1862 2367 1917 Siciliam
2406 1860 2674 1916 Romanis
2708 1860 2893 1916 facere
2929 1858 3304 1914 tributariam.
3341 1854 3446 1912 Ubi
3477 1871 3545 1911 eo
3588 1855 3700 1909 hie-

425 1967 593 2010 mano
642 1952 954 2023 despoliato
977 1951 1185 2023 palatio
1212 1949 1459 2008 Africam
1504 1954 1654 2021 tulit,
1694 1954 1837 2011 inter
1891 1971 2015 2027 qua:

424 2054 481 2103 et
518 2044 837 2102 Iudaeorum
892 2060 1047 2111 vasa,
1099 2061 1224 2117 qua:
1262 2043 1588 2118 Vespasiani
1648 2048 1796 2105 filius
1854 2048 2015 2106 Titus

424 2150 549 2213 post
579 2146 795 2211 captam
815 2136 1254 2211 Hierosolymam
1278 2138 1510 2195 Romam
1532 2141 1824 2200 detulerat.
1859 2142 2013 2200 Man-

424 2234 572 2307 cipia
605 2247 738 2289 vero
765 2240 929 2289 erant
976 2247 1043 2286 ex
1074 2231 1361 2304 triumpho
1420 2243 1535 2288 tam
1576 2234 1696 2306 ipse
1745 2234 2010 2305 Gelimer,

423 2329 816 2386 vestimentum
864 2325 1141 2397 quoddam
1205 2333 1435 2398 portans
1506 2344 1889 2401 purpureum,
1957 2342 2013 2390 et

423 2423 686 2495 cognatio
717 2420 839 2493 ejus
872 2420 1153 2488 universa,
1186 2418 1565 2477 Vandalorum
1598 2440 1821 2495 quoque
1851 2435 2011 2496 quot-

422 2521 560 2588 quot
590 2511 748 2570 valde
777 2512 1009 2585 prolixte
1039 2520 1266 2569 statum
1293 2526 1358 2568 ac
1389 2513 1516 2568 boni
1544 2517 1797 2587 corporis
1830 2530 2009 2574 erant.

422 2608 677 2680 Cumque
726 2605 971 2661 Gelimer
1022 2606 1076 2661 in
1131 2602 1592 2677 Hippodromium
1648 2610 2011 2679 pervenisset,

422 2710 479 2758 et
505 2710 616 2757 tam
639 2700 1030 2770 imperatorem
1058 2713 1224 2771 supra
1246 2699 1495 2755 tribunal
1525 2700 1810 2758 sedentem
1842 2719 2010 2775 quam

422 2814 489 2854 ex
516 2802 752 2866 utraque
768 2804 923 2866 parte
943 2793 1143 2864 vulgus
1164 2800 1357 2849 astans
1396 2794 1657 2861 vidisset,
1693 2810 1803 2851 non
1854 2797 2012 2867 quie-

423 2890 613 2948 scebat
645 2882 895 2945 ciamans
924 2903 940 2942 :
977 2884 1199 2941 Vanitaa
1222 2885 1619 2954 vanitatum,et
1651 2889 1833 2944 omnia
1860 2891 2011 2945 vani—

422 2994 531 3039 tas.
598 2980 1010 3050 Pertingentem
1068 2988 1255 3035 autem
1303 2994 1429 3035 eum
1458 2979 1616 3052 juxta
1657 2981 2010 3054 imperatoris

422 3075 667 3133 tribunal
732 3088 980 3148 purpura
1026 3073 1149 3144 ejus
1198 3073 1380 3129 ablata
1416 3088 1654 3145 pronum
1706 3076 1905 3132 cadere
1955 3084 2011 3133 et

423 3172 660 3228 adorare
688 3176 993 3242 coegerunt
1044 3167 1456 3239 imperatorem.
1492 3170 1561 3224 At
1592 3184 1725 3226 vero
1768 3172 2009 3243 impera-

425 3276 515 3323 tor
556 3263 825 3322 Gelimeri
858 3262 1061 3334 praedia
1098 3261 1152 3315 in
1210 3260 1423 3316 Calatia
1468 3262 1638 3317 multa
1695 3264 1927 3318 contulit
1954 3271 2010 3319 et

423 3372 666 3425 ammna,
701 3363 906 3414 etcum
938 3355 1214 3415 omnibus
1248 3354 1501 3425 cognatis
1538 3355 1658 3411 suis
1691 3354 1748 3410 in
1776 3354 1864 3413 bis
1910 3354 2011 3411 ha-

421 3453 605 3509 bitare
634 3448 906 3523 permisit.
940 3446 1144 3504 Verum
1188 3447 1339 3503 hunc
1380 3446 1435 3503 in
1478 3448 1698 3521 patricii
1756 3449 2009 3507 ordinem

423 3562 534 3603 non
562 3544 838 3619 provexit,
875 3557 944 3600 eo
972 3544 1119 3616 quod
1150 3541 1223 3609 ab
1252 3540 1372 3597 Arii
1396 3551 1547 3598 secta
1570 3541 1857 3601 discedere
1902 3542 2010 3600 mi-

422 3644 574 3696 nime
618 3636 979 3694 consentiret.

499 3729 797 3786 Salomone
862 3737 1127 3800 praeterea
1188 3740 1304 3783 rem
1352 3725 1630 3797 publicam
1686 3728 2010 3788 moderante

422 3824 688 3881 Maurusii
717 3824 964 3896 praelium
997 3822 1269 3879 adversus
1293 3821 1460 3879 Afros
1493 3832 1808 3880 moverunt.
1834 3823 2009 3882 Porro

422 3906 691 3974 Maurusii
730 3929 798 3971 ex
826 3913 1086 3986 gentibus
1134 3912 1478 3969 descendunt
1498 3929 1637 3983 quas
1663 3915 1828 3972 .lesus
1858 3915 2008 3973 Nave

421 4027 491 4068 ex
519 4010 743 4082 regione
762 4006 1085 4064 Phoenicum
1114 4022 1144 4061 a
1170 4005 1374 4063 Sidone
1405 4006 1473 4062 ad
1496 4007 1791 4080 Αῑεγριωη
1834 4026 2009 4082 usque

422 4103 742 4161 habitantes
774 4101 982 4173 abegit.
1020 4099 1126 4167 Qui
1160 4102 1545 4172 pervenientes
1588 4102 1907 4174 ASgyptum.
1954 4112 2008 4160 et

424 4213 538 4254 non
589 4194 799 4267 recepti
833 4188 903 4251 ab
932 4193 1037 4262 cis,
1080 4194 1149 4249 ad
1201 4191 1428 4266 Libyam
1472 4194 1743 4262 veniunt;
1777 4205 1832 4252 et
1863 4198 2007 4253 hanc

422 4290 869 4348 inhabitantibus
932 4288 1040 4356 eis,
1088 4287 1398 4344 novissimo
1432 4296 1681 4359 tempore
1706 4291 2008 4362 imperato-

420 4400 514 4442 res
540 4382 775 4440 Romani
811 4388 1018 4447 terram
1047 4380 1366 4437 obtinentes
1395 4380 1541 4437 hanc
1571 4379 1723 4436 iloen
1756 4362 2007 4438 nomina-

419 4489 657 4546 verunt,
704 4482 1015 4534 statuentes
1072 4473 1266 4531 titulos
1329 4474 1479 4553 duos,
1519 4489 1687 4547 supra
1744 4492 2005 4549 magnum

2118 1961 2303 2010 mante
2358 1954 2587 2009 Romani
2645 1953 2829 2025 Libyae
2864 1962 3057 2009 contra
3110 1950 3463 2006 Salomonem
3512 1949 3701 2004 simul-

2119 2057 2260 2103 tates
2300 2047 2570 2114 fecerunt,
2624 2048 2727 2104 hoc
2787 2045 2974 2101 modo.
3033 2044 3291 2115 Acceptis
3353 2042 3499 2097 enim
3534 2040 3703 2096 inter-

2115 2151 2424 2214 emptorum
2468 2142 2738 2197 uxoribus
2785 2139 3161 2195 Vandalorum
3217 2135 3497 2192 habebant
3540 2148 3703 2206 agros

2114 2251 2305 2293 earum
2340 2243 2399 2290 ut
2438 2250 2591 2302 suos,
2627 2243 2681 2290 et
2709 2234 2925 2290 solvere
2958 2231 3282 2302 imperatori
3321 2243 3423 2300 pro
3458 2228 3544 2285 eis
3603 2229 3703 2283 tri-

2114 2328 2248 2385 buta
2278 2326 2564 2383 nolebant.
2596 2326 2668 2381 At
2700 2339 2831 2381 vero
2866 2323 3135 2380 Salomon
3176 2319 3574 2379 commonebat
3608 2333 3704 2374 eos

2114 2437 2183 2478 ne
2215 2420 2662 2477 contradicerent
2695 2416 3042 2490 imperatori,
3081 2415 3177 2471 sed
3225 2414 3355 2469 huic
3394 2428 3519 2484 quae
3565 2412 3704 2467 de'i-

2114 2513 2304 2569 berata
2340 2514 2578 2570 fuissent
2602 2512 2829 2584 penitus
2862 2510 3180 2567 redderent.
3212 2506 3545 2564 Ceciderunt
3607 2521 3704 2561 au-

2114 2616 2222 2661 tem
2284 2607 2510 2679 quidam
2567 2621 2807 2672 eorum,
2857 2603 3209 2674 maximeque
3262 2600 3594 2665 Gothorum,
3648 2600 3702 2654 in

2113 2699 2227 2754 Arii
2253 2708 2461 2755 sectam
2483 2714 2656 2769 ;quos
2680 2696 2997 2753 sacerdotes
3020 2693 3284 2750 Ecclesia:
3315 2692 3701 2763 segregabam,

2112 2806 2167 2853 et
2190 2812 2292 2853 nec
2322 2797 2528 2853 liberos
2559 2808 2750 2850 eorum
2803 2792 3089 2862 baptizare
3144 2787 3427 2843 volebant.
3455 2783 3612 2839 Unde
3650 2792 3702 2839 et

2115 2892 2173 2946 in
2212 2890 2301 2945 dic
2322 2889 2465 2944 festo
2525 2887 2784 2945 simultas
2813 2883 3004 2941 eii‘ecta
3062 2871 3171 2938 est;
3211 2880 3508 2936 Consiliati
3569 2894 3702 2933 vero
3782 2865 3789 2871 ’

2112 2991 2243 3040 sunt
2273 2983 2479 3038 milites
2519 2980 2877 3037 Salomonem
2911 2978 2969 3033 in
2999 2978 3206 3050 templo
3232 2976 3509 3047 perimere
3540 2989 3556 3040 ;
3606 2976 3698 3044 qui

2113 3075 2219 3131 hoc
2249 3074 2442 3131 audito
2471 3074 2707 3130 suadere
2728 3072 2811 3127 eis
2838 3069 3099 3127 recedere
3127 3084 3157 3124 a
3196 3068 3469 3124 seditione
3516 3076 3698 3123 tenta-

2113 3169 2231 3236 bat,
2266 3166 2413 3239 quod
2441 3183 2552 3223 non
2588 3175 2715 3238 post
2743 3179 2919 3238 pauca
2961 3163 3223 3220 obtinuit.
3255 3162 3553 3218 Beiisarius
3600 3179 3699 3217 au-

2113 3271 2223 3318 tem
2249 3260 2497 3317 Siciliam
2529 3270 2585 3317 et
2610 3258 2843 3314 Romam
2882 3258 2951 3314 ab
2984 3256 3124 3329 Ugio
3183 3256 3465 3312 detentam
3500 3265 3554 3312 et
3587 3256 3698 3310 cir-

2111 3370 2464 3427 cumquaque
2491 3353 2748 3410 civitates
2779 3352 3085 3424 accipiens,
3123 3349 3321 3421 Ugium
3376 3350 3696 3422 Byzantium

2110 3449 2268 3506 duxit
2297 3448 2367 3505 ad
2398 3446 2776 3504 Iustinianum
2811 3462 2937 3501 cum
2973 3461 3146 3500 uxore
3200 3444 3376 3513 ipsius
3406 3457 3461 3500 et
3483 3444 3690 3499 liberis.

2108 3543 2177 3601 Et
2202 3544 2355 3602 misit
2407 3544 2710 3615 imperator
2752 3541 2982 3596 Narsem
3034 3538 3438 3594 cubicularium
3467 3535 3697 3593 Romam

2110 3651 2234 3694 cum
2267 3636 2448 3691 classe
2484 3633 2710 3690 tenendi
2760 3648 2825 3689 ea
2860 3646 2983 3703 qua:
3036 3630 3149 3686 illic
3189 3628 3560 3685 habebantur.
3598 3627 3699 3684 Sa-

2108 3733 2296 3789 lomon
2355 3739 2537 3786 autem
2600 3729 2776 3784 muris
2833 3726 3019 3799 Libyae
3059 3725 3318 3781 civitates
3346 3725 3604 3780 munivit.
3636 3722 3698 3777 Et

2110 3826 2377 3898 quoniam
2436 3821 2703 3879 Maurusii
2741 3821 3123 3876 discesserunt
3157 3833 3187 3873 a
3221 3808 3480 3874 Numidia
3539 3819 3694 3884 victi,

2111 3917 2298 3974 Zaben
2342 3914 2625 3988 regionem
2695 3921 2862 3984 atque
2917 3910 3305 3965 Mauritaniam
3339 3920 3395 3966 et
3455 3910 3696 3982 Sitiphin

2108 4009 2454 4083 metropolim
2489 4007 2595 4065 sub
2632 4006 2842 4063 tributo
2881 4002 3147 4060 Romanis
3180 4002 3365 4059 effecit
3403 4021 3419 4059 :
3458 4005 3696 4060 alterius

2108 4105 2256 4162 enim
2297 4101 2639 4159 Mauritania:
2682 4100 2935 4156 Caesarea
2977 4098 3155 4169 prima
3198 4100 3521 4169 metropolis
3590 4110 3695 4155 est.

2108 4198 2321 4254 interea
2355 4195 2569 4251 Iberum
2608 4209 2726 4257 rex,
2802 4191 3204 4247 Zamassardus
3243 4194 3487 4256 nomine,
3546 4188 3697 4245 Cou-

2109 4292 2523 4361 stantinopoiim
2546 4287 2795 4344 ascendit
2818 4285 2883 4340 ad
2913 4286 3301 4357 imperatorem
3316 4281 3695 4340 Iustinianum

2108 4401 2232 4441 eum
2267 4383 2498 4437 muliere
2529 4379 2640 4453 (3i)
2675 4393 2740 4434 ac
2787 4377 3144 4434 senatoribus
3174 4376 3313 4441 suis,
3338 4392 3541 4448 rogans
3567 4395 3691 4434 eum

2111 4487 2171 4533 ut
2201 4486 2349 4534 esset
2424 4475 2802 4530 Romanorum
2864 4480 3219 4527 concertator
3282 4478 3335 4525 et
3396 4485 3691 4541 germanus

420 4573 631 4629 fontem
655 4585 720 4627 ex
750 4567 1029 4643 lapidibus
1084 4565 1341 4624 candidis
1403 4572 1685 4637 concavis,
1738 4570 2008 4629 habentes
2035 4574 2087 4635 D
2113 4572 2349 4627 amicus.
2381 4569 2481 4626 Ast
2517 4568 2819 4639 imperator
2875 4564 3195 4636 hujusmodi
3252 4565 3535 4636 proposito
3572 4565 3691 4637 ejus

420 4667 640 4721 litteras
663 4660 1015 4724 thniceas,
1052 4649 1299 4715 dicentes
1332 4659 1447 4715 haec
1484 4679 1497 4717 :
1526 4659 1641 4717 Nos
1676 4680 1861 4720 sumus
1910 4666 2000 4735 qui

420 4760 657 4830 fugimus
690 4771 721 4810 a
747 4755 885 4825 facie
907 4752 1040 4809 ,θεία
1068 4751 1321 4821 latronis,
1359 4753 1465 4825 ﬁlii
1492 4752 1664 4811 Nave.
1696 4755 1867 4812 Erant
1904 4773 2003 4814 au-

421 4859 529 4905 tem
586 4856 643 4904 et
702 4847 821 4902 alia:
860 4856 1050 4916 gentes
1101 4842 1161 4899 in
1199 4842 1383 4899 Africa
1413 4845 1651 4917 primntn
1705 4847 1997 4921 indigenae,

420 4947 691 5002 habentes
730 4958 913 5015 regem
948 4942 1294 5012 Asclepium,
1336 4942 1432 5017 qui
1488 4939 1750 4998 iieraclio
1797 4960 1998 5002 conre-

421 5039 631 5107 gnavit,
663 5050 826 5107 quem
874 5042 1034 5090 terra:
1068 5034 1238 5089 tilium
1263 5049 1386 5090 esse
1416 5047 1871 5093 asseveraverunt
1904 5041 1997 5111 qui

418 5129 809 5199 Carthaginem
855 5125 1245 5182 condiderunt.
1284 5122 1543 5181 Salomon
1584 5138 1769 5182 autem
1794 5143 1825 5182 a
1863 5128 2002 5186 Car-

423 5223 646 5293 thagine
667 5218 907 5290 sumptis
935 5217 1277 5275 exercitibus
1312 5225 1512 5273 contra
1536 5216 1851 5277 Maurusios
1868 5238 1997 5293 pro-

418 5311 769 5385 peravit,qui
808 5312 862 5366 in
895 5309 1079 5381 fugam
1110 5310 1257 5367 versi
1290 5319 1345 5369 et
1381 5326 1442 5369 se
1471 5311 1527 5367 in
1568 5312 1871 5385 praecipitia
1896 5316 1998 5373 de.

2111 4674 2339 4736 accepto
2361 4663 2546 4719 multis
2579 4678 2701 4718 eum
2727 4669 2784 4718 et
2812 4668 3097 4718 senatores
3128 4659 3249 4730 ejus
3294 4660 3689 4717 muniﬁcentiis

2111 4756 2426 4816 honoravit.
2484 4754 2748 4810 Similiter
2775 4760 2832 4810 ct
2880 4752 3128 4824 Angusta
3174 4766 3309 4806 uxor
3328 4751 3450 4821 ejus
3482 4753 3687 4808 variata

2109 4853 2347 4928 gemmis
2396 4858 2721 4909 ornamenta
2744 4847 3002 4916 donavit,
3034 4855 3089 4903 et
3113 4847 3374 4903 dimisere
3410 4863 3509 4904 eos
3538 4850 3690 4920 paci-

2109 4949 2211 5005 ﬁre
2241 4947 2311 5004 ad
2348 4945 2630 5018 proprium
2684 4957 2939 5012 regnum.

2183 5040 2392 5097 Octavo
2419 5053 2566 5094 anno
2613 5036 2829 5106 imperii
2866 5034 3169 5091 Justiuiani
3212 5050 3372 5106 passa
3408 5045 3493 5091 est
3544 5049 3575 5090 a
3600 5036 3685 5090 di-

2114 5137 2236 5191 vina
2265 5130 2643 5202 indignatione
2662 5127 3071 5200 Pompeiopolis
3093 5125 3277 5199 Mysiae
3304 5142 3318 5176 :
3344 5128 3519 5183 scissa
3543 5129 3687 5183 enim

2112 5234 2196 5283 est
2227 5236 2373 5280 terra
2426 5231 2587 5277 terrae
2621 5230 2797 5288 motu,
2830 5230 2885 5274 et
2917 5221 3179 5276 obrutum
3210 5228 3297 5275 est
3329 5220 3574 5276 medium
3612 5220 3687 5275 cio

2109 5318 2298 5375 vitatis
2334 5331 2461 5372 cum
2491 5313 2923 5379 habitatoribus,
2959 5322 3013 5367 et
3044 5319 3207 5367 erant
3237 5310 3435 5369 subtus
3464 5321 3686 5398 terram,

1957 5463 2188 5522 NOTAE.

488 5596 603 5671 (30)
625 5596 848 5671 Diuina.
879 5596 1129 5655 Glossat:
1168 5616 1187 5649 ι
1220 5598 1475 5671 Divinum
1502 5602 1752 5671 μάντιν.»
1788 5604 1988 5663 Petro-

488 5619 603 5671 (ου)
625 5619 848 5652 utmnw.
879 5619 1129 5655 umnam:
1168 5619 1187 5649 t
1223 5619 1475 5655 utvmum
1546 5619 1752 5659 αντιν.»
1789 5619 1985 5663 retro-

414 5671 578 5743 nius:
606 5667 917 5743 .¢_Divinam
964 5684 1066 5741 ego
1113 5670 1446 5743 putabam.»
1490 5619 1702 5730 Kuctor
1760 5676 1985 5743 Queroii

417 5744 475 5798 in
507 5737 667 5803 Praii'.
699 5755 717 5818 ς
757 5756 776 5792 ς
811 5737 1655 5818 Magum_matl_i_ematicumque
1697 5737 1830 5818 sese
1878 5749 1985 5805 tin-

417 5817 717 5893 gens,i_.et
782 5811 946 5893 mox:
984 5811 1279 5893 iQueroli‘
1322 5826 1542 5875 secreta
1568 5811 1651 5876 'et
1687 5817 1982 5878 familiaria

415 5881 576 5957 quasi
596 5881 820 5941 divinus
849 5882 1114 5956 loquitur.
1179 5901 1201 5939 ι
1237 5881 1404 5943 Fusa.

2171 5606 2287 5677 (5i)
2319 5604 2571 5661 Muliere.
2612 5602 2942 5677 Mulierpro
2990 5611 3282 5677 υκαι-ειμι
3312 5601 3367 5657 in
3406 5600 3678 5677 Capitulis

2100 5670 2289 5734 Caroli
2321 5676 2499 5739 Calvi,
2538 5673 2687 5745 quod
2755 5670 3135 5745 ibi—observat
3177 5670 3531 5745 Sirmondus.
3572 5670 3686 5745 lngo

2094 5758 2146 5806 et
2186 5747 2432 5818 Scaevola
2464 5742 2569 5819 iet.
2597 5744 2951 5819 ita_‘loq,uitur
2983 5747 3037 5799 in
3074 5744 3304 5819 Laeni,
3335 5742 3411 5819 De
3434 5743 3683 5815 legat,3:

2099 5840 2117 5871 ι
2148 5820 2214 5874 Ει
2239 5814 2436 5890 vulgus
2466 5814 2829 5890 Hispanicum
2876 5832 3062 5887 muger
3092 5814 3245 5878 dicit,
3290 5814 3539 5890 Italicum
3572 5831 3681 5868 mo-

2091 5891 2217 5959 qh’e,
2257 5883 2605 5949 Provinciale
2631 5886 2871 5958 monilia,
2912 5883 3012 5958 pro
3036 5902 3227 5944 uxore.
3252 5906 3269 5937 ι
3310 5883 3390 5943 In.
