4038 6298
239 437 377 506 1261

1059 433 1424 494 HISTORIA
1465 430 2038 492 ECCLESIAS’I‘ICA
2075 429 2175 490 EX
2213 429 2704 493 THEOPHANE.

3355 434 3492 501 1262

232 567 297 613 et
347 566 511 607 voces
547 563 734 604 eorum
797 545 1162 601 audit-bantur
1197 545 1554 599 clamantium
1602 553 1658 597 ut
1714 541 1816 598 sibi
1850 547 1893 602 Α
1927 557 2055 598 vero
2099 540 2367 598 Gaianum
2427 543 2769 599 Alexandriae
2812 546 3082 612 promovit
3150 547 3494 620 episcopum.

233 646 619 706 misericordia
657 651 1030 714 pnestaretur,
1062 651 1115 696 et
1172 641 1342 695 multa
1379 639 1606 694 donavit
1637 638 1812 708 impc-

233 754 389 799 rator
449 740 517 796 ad
570 738 884 794 educendos
945 747 998 791 et
1043 734 1404 804 adjuvandos,
1463 734 1815 800 viventesque

229 834 537 890 liberaliter
569 831 731 903 jnvit.
782 829 984 884 Eodem
1031 844 1160 882 vero
1196 843 1340 881 anno
1384 824 1612 878 tradidit
1639 823 1814 878 Justi-

236 929 439 982 nianns
495 928 558 980 ad
593 923 934 996 psallendum
982 923 1036 976 in
1078 921 1311 976 ecclesia
1359 919 1491 974 illud
1547 917 1692 989 quod
1726 932 1813 971 ca-

236 1021 394 1074 nitur
432 1018 741 1090 Uttt’gcnitus
780 1015 952 1070 Filius
982 1025 1028 1069 et
1067 1013 1288 1068 Verbum
1316 1013 1432 1067 Dei.

310 1110 492 1164 Mundi
555 1125 701 1163 anno
759 1105 922 1171 60°29,
972 1104 1172 1160 divina:
1211 1097 1610 1156 incarnationis
1671 1112 1814 1152 anno

231 1202 362 1268 529,
392 1202 657 1271 Agapitus
680 1197 940 1254 Romana:
975 1195 1116 1269 gerit
1148 1194 1407 1250 Ecclesiae
1436 1191 1811 1264 praesulatum,

228 1293 580 1349 Justinianus
612 1293 886 1348 decimum
918 1289 1135 1361 imperii
1171 1288 1285 1361 agit
1335 1301 1565 1350 annum,
1595 1283 1815 1355 quando

232 1397 291 1442 et
329 1388 641 1459 Epiphanio
670 1387 932 1456 episcopo
961 1381 1521 1450 Constantinopoleos
1553 1377 1814 1433 defuncto

231 1481 539 1535 Anthimus
593 1479 889 1550 episcopus
946 1473 1476 1546 Trapezuntettsium
1514 1469 1814 1524 translatus

230 1584 320 1628 est
374 1571 936 1641 Constantinopolim.
993 1566 1260 1639 Agapitus
1313 1576 1494 1620 autem
1534 1563 1814 1618 Romanus

230 1667 533 1736 episcopus
583 1665 688 1720 hoc
745 1678 889 1719 anno
925 1660 1233 1716 ascendens
1282 1656 1814 1728 Constantinopolim

230 1758 506 1830 synodum
537 1757 832 1815 celebravit
866 1763 1060 1812 contra
1093 1754 1320 1824 impium
1348 1752 1608 1807 Severum
1641 1760 1692 1806 et
1717 1748 1815 1806 Ju-

232 1851 442 1904 lianum
501 1849 1004 1905 Alicarnassensem
1031 1856 1085 1901 et
1125 1855 1354 1900 caeteros
1373 1844 1812 1912 theOpaschitas;

1923 635 1990 689 Et
2021 634 2266 690 Gaianas
2297 635 2516 706 quidem
2556 637 2732 690 tenuit
2763 639 3138 709 episcopatum
3183 656 3328 696 anno
3363 655 3493 710 uno,

1924 725 2270 783 Theodosius
2328 742 2456 782 vero
2513 728 2748 784 duobus.
2789 728 2900 786 llos
2932 741 3115 786 autem
3149 731 3494 790 Justinianus

1924 820 2223 890 imperator
2275 819 2494 875 mittens
2544 819 2699 873 duxit
2731 821 3070 893 Byzantium,
3105 834 3159 879 et
3203 833 3498 897 utrumque

1925 925 2238 984 separatum
2275 915 2557 970 custodire
2604 914 2879 984 prmcepit.
2941 914 3005 968 Et
3046 916 3272 972 Paulum
3303 933 3498 989 quem-

1925 1008 2071 1070 dam,
2107 1010 2200 1079 qui
2239 1007 2534 1078 putabatur
2562 1009 2925 1072 orthodoxus,
2966 1009 3312 1066 Alexandrize
3363 1027 3493 1082 pro-

1927 1102 2071 1157 vexit
2121 1103 2462 1172 episcopum.
2525 1099 2626 1156 llic
2679 1103 2995 1156 memoriam
3051 1103 3498 1173 Severiscelesd

1927 1194 2133 1249 faciens
2159 1194 2227 1249 ab
2257 1194 2580 1264 episcopatu
2623 1194 2702 1248 ira
2733 1193 3087 1264 imperatoris
3131 1195 3344 1265 cjectus
3387 1205 3496 1262 est,

1925 1296 1977 1344 et
2009 1289 2236 1344 veniens
2271 1286 2670 1360 Hierosolymis
2704 1287 3043 1342 morabatur.

1994 1383 2156 1436 Anno
2187 1381 2399 1437 decimo
2432 1381 2625 1452 quinto
2681 1381 2894 1450 imperii
2945 1378 3276 1448 Justiniani,
3311 1397 3500 1441 mense

1925 1475 2207 1538 Octobrio,
2264 1473 2410 1530 facta
2444 1483 2529 1531 est
2559 1473 2803 1546 Byzantii
2838 1476 3184 1544 mortalitas;
3215 1484 3270 1530 et
3300 1478 3496 1535 eodem

1925 1585 2070 1625 anno
2107 1569 2404 1641 hypapanti
2447 1568 2660 1625 Domini
2709 1571 2942 1640 sumpsit
2974 1569 3212 1637 initium,
3251 1580 3307 1625 ut
3348 1572 3496 1627 cele-

1924 1661 2179 1717 braretur
2213 1659 2355 1730 apud
2391 1658 2716 1732 Byzantium
2765 1660 2856 1715 die
2915 1658 3158 1717 secunda
3207 1660 3498 1717 Februarii

1925 1753 2151 1810 mensis.

1995 1850 2152 1899 Anno
2173 1843 2388 1898 decimo
2410 1853 2566 1899 sexto
2595 1843 2806 1915 imperii
2828 1841 3125 1900 Iustiniani
3148 1844 3379 1915 contigit
3400 1845 3496 1900 de-

232 1943 383 1997 inter
411 1957 550 2012 quos
578 1952 631 1997 et
676 1942 986 2005 Anthimus,
1027 1948 1090 1993 ut
1140 1946 1548 1993 consentaneus
1595 1950 1809 2001 eorum,
1845 1917 1891 1976 Β
1920 1940 2126 1996 bellare
2149 1940 2380 1996 invicem
2412 1953 2596 2010 regem
2633 1939 3074 1995 Azumilensium
3110 1937 3374 1995 Indorum
3407 1937 3501 1994 ιιι-

231 2035 520 2105 depositus
549 2051 578 2090 a
628 2034 828 2091 throno
886 2037 1169 2104 projectns
1214 2040 1302 2087 est
1348 2037 1406 2085 et
1448 2028 1638 2096 exivit,
1691 2045 1814 2083 cum

232 2131 619 2201 episcopatum
697 2128 1031 2183 obtinuisset
1088 2126 1252 2198 regite
1310 2122 1467 2179 urbis
1534 2121 1817 2178 mensibus

232 2222 468 2291 decem;
499 2233 550 2277 et
593 2231 948 2276 consecratus
982 2228 1066 2276 est
1099 2235 1197 2290 pro
1230 2233 1296 2272 eo
1353 2217 1540 2272 Menas
1589 2215 1816 2286 presby-

235 2324 321 2372 ter
372 2323 429 2371 et
473 2315 834 2371 xenodochus
865 2313 1138 2385 Sampson
1172 2313 1240 2367 ab
1272 2311 1505 2383 Agapito
1533 2323 1670 2381 papa
1704 2309 1819 2364 Ro-

234 2425 420 2463 mano.
454 2407 627 2463 Porro
659 2409 925 2480 Agapitus
959 2405 1220 2462 dormivit
1267 2404 1536 2477 Byzantii,
1592 2411 1645 2459 et
1688 2417 1820 2458 con-

234 2504 495 2550 secratus
521 2507 605 2552 est
635 2513 733 2566 pro
767 2511 832 2552 eo
864 2495 1148 2550 Silverius.

309 2587 472 2642 Anno
532 2589 746 2660 imperii
805 2586 1103 2643 Justiniani
1158 2587 1450 2643 undecimo
1517 2585 1662 2640 facta
1694 2593 1823 2641 sunt

239 2679 421 2749 prima
453 2681 702 2735 encaenia
749 2681 962 2752 Magnae
1016 2681 1263 2736 ecclesia:
1320 2678 1819 2749 Constantinopoli,

245 2771 402 2826 Mena
438 2772 750 2843 patriarcha
788 2774 841 2827 in
879 2773 1027 2844 regio
1078 2773 1302 2828 sedente
1330 2772 1607 2839 vehiculo,
1640 2785 1692 2829 et
1723 2773 1823 2828 im-

241 2873 501 2934 peratore
555 2865 798 2919 litaniam
842 2879 966 2919 cum
1015 2864 1215 2935 populo
1268 2865 1522 2920 faciente.

315 2955 474 3009 Anno
504 2954 833 3011 duodecimo
867 2955 1086 3026 imperii
1126 2955 1448 3020 .lustiniani,
1481 2973 1603 3011 cum
1637 2956 1826 3012 Romae

238 3045 480 3118 Vigilius
508 3056 654 3104 esset
683 3051 1002 3120 cpiscOpus,
1041 3051 1170 3105 moti
1207 3061 1334 3106 sunt
1365 3053 1658 3123 llulgarutn
1711 3051 1824 3108 duo

242 3153 425 3208 rcges,
456 3136 656 3208 Vulger
683 3138 895 3193 scilicet
934 3147 988 3193 et
1031 3137 1268 3209 Droggo,
1308 3155 1432 3194 cum
1469 3139 1823 3194 multitudine

243 3233 300 3284 in
328 3229 546 3301 Lyciam
575 3239 628 3284 et
664 3228 914 3301 Mysiam,
949 3245 1074 3285 cum
1105 3239 1251 3286 esset
1296 3230 1557 3301 magister
1587 3230 1820 3286 militum

242 3325 431 3397 Mysiae
457 3321 731 3391 Justinus,
759 3334 812 3378 ct
838 3323 1077 3397 Scythiae
1117 3324 1444 3388 Baudavius,
1481 3325 1576 3396 qui
1613 3340 1822 3381 exeun-

244 3427 330 3473 tes
361 3429 552 3472 contra
611 3418 872 3489 Bulgares
906 3418 1152 3473 inierunt
1181 3417 1450 3489 prtelium.
1492 3417 1560 3472 Et
1608 3419 1825 3473 occisus

247 3518 336 3564 est
373 3507 630 3565 Justinus
668 3508 930 3579 magister
961 3509 1196 3563 militum
1239 3509 1294 3562 in
1341 3508 1508 3575 bello,
1550 3515 1604 3563 et
1645 3506 1826 3562 factus

245 3611 334 3657 est
390 3616 489 3671 pro
534 3617 601 3656 eo
649 3601 1050 3657 Constantinus
1109 3599 1393 3657 Florentii.
1437 3599 1503 3654 Et
1560 3608 1827 3657 venerunt

247 3693 513 3765 Bulgarcs
551 3709 721 3765 usque
749 3695 815 3747 ad
847 3706 1032 3766 partes
1079 3692 1329 3760 Thracae,
1359 3701 1413 3748 et
1447 3709 1708 3765 egressus
1741 3700 1825 3748 est

247 3797 444 3844 contra
513 3802 611 3842 eos
674 3786 938 3857 magister
1002 3788 1236 3841 militum
1289 3785 1518 3858 lllyrici,
1581 3785 1825 3842 ﬂoccum

251 3880 508 3947 llunnus,
543 3895 705 3951 quem
749 3880 990 3951 suscepit
1023 3881 1320 3951 imperator
1357 3895 1420 3935 ex
1452 3894 1614 3936 sacro
1647 3879 1828 3950 bapti-

251 3984 450 4039 smate,
487 3983 543 4029 et
593 3974 648 4028 in
703 3975 940 4030 medium
983 3974 1171 4030 missis
1212 3972 1536 4042 Bulgaribus
1571 3975 1829 4030 concide-

251 4076 386 4123 runt
439 4065 823 4123 multitudines
857 4067 1130 4139 copiosas,
1158 4077 1213 4121 et
1246 4078 1574 4138 receperunt
1610 4082 1828 4123 omnem

253 4161 515 4230 praedam,
547 4171 601 4216 et
647 4161 896 4216 vicerunt
933 4171 1200 4232 potenter,
1245 4161 1448 4218 occisis
1485 4162 1703 4217 duobus
1735 4176 1830 4216 eo-

251 4269 375 4309 rum
411 4254 652 4325 regibus.

329 4346 533 4403 Eodem
561 4363 706 4402 anno
738 4347 886 4418 cepit
924 4346 1198 4403 Chosroes
1248 4363 1342 4404 rex
1389 4347 1677 4404 Persarum
1701 4364 1826 4409 nta-

258 4457 421 4513 gnam
455 4441 808 4496 Antiochiam
855 4440 1050 4512 Syriae.

326 4536 486 4590 Anno
517 4535 735 4590 decimo
751 4543 820 4588 tet
837 4534 1136 4604 tioimpcrii
1159 4533 1457 4589 Justiniani
1479 4535 1720 4592 sociatus
1748 4541 1833 4592 est

1921 2034 2164 2087 daeorum
2197 2047 2260 2088 ex
2281 2046 2449 2087 causa
2481 2031 2883 2101 hujuscemodi.
2939 2033 3501 2089 Azumitcnsiumrex

1922 2129 2066 2182 ultra
2118 2125 2414 2198 IEgyptum
2461 2132 2545 2179 est
2599 2123 2916 2194 judaizans.
2964 2127 3341 2182 Romanorum
3402 2143 3503 2182 au-

1923 2229 2029 2276 tem
2066 2220 2443 2290 negotiatores
2477 2233 2576 2288 per
2622 2216 3059 2275 Homeritensem
3119 2219 3502 2289 ingrediuntur

1925 2312 1992 2368 ad
2033 2311 2445 2367 Arumitensem
2478 2320 2532 2364 et
2562 2310 2626 2364 ad
2660 2309 2956 2366 interiores
3005 2319 3196 2381 partes
3244 2311 3501 2366 ludorum

1922 2412 2086 2475 atque
2123 2401 2469 2474 IEtbiopum.
2495 2401 2943 2473 Negotiatoribus
2974 2413 3156 2460 autem
3192 2405 3494 2460 secundum

1922 2497 2376 2554 consuetudinem
2402 2495 2670 2566 ingressis
2696 2495 2964 2551 terminos
2986 2494 3501 2561 ilomeriti,Damia-

1922 2605 2030 2646 nus
2044 2605 2236 2646 eorum
2259 2605 2356 2646 rex
2388 2589 2514 2644 illos
2545 2589 2770 2656 occidit,
2799 2596 2853 2644 et
2882 2590 3108 2646 abstulit
3137 2591 3321 2646 omnia
3361 2593 3504 2661 ipso-

1923 2696 2070 2747 rum,
2102 2682 2292 2737 dicens
2333 2681 2590 2751 quoniam
2621 2679 2857 2735 Romani
2885 2679 3242 2737 malefaciunt
3277 2681 3501 2747 Judteis,

1925 2772 2017 2845 qui
2045 2774 2094 2827 in
2125 2773 2347 2842 regione
2375 2787 2474 2827 sua
2504 2777 2656 2838 sunt,
2687 2779 2741 2826 et
2771 2771 3032 2827 occidunt
3060 2786 3176 2827 eos.
3201 2771 3268 2826 Et
3295 2788 3362 2828 ex
3399 2773 3503 2827 hoc

1927 2865 2212 2921 solverunt
2257 2865 2680 2934 negotiationem
2717 2862 3040 2918 interiorum
3073 2864 3330 2920 ludorum
3360 2866 3506 2921 Azo-

1926 2959 2064 3013 miti.
2106 2960 2170 3013 Et
2200 2959 2516 3028 indignitas
2546 2957 2982 3012 Azuntitensium
3031 2974 3124 3012 rex
3158 2959 3311 3014 Adad
3345 2960 3500 3016 misit

1928 3052 2224 3116 Homoriti,
2253 3052 2382 3123 quia
2434 3051 2621 3104 laesisti
2681 3066 2905 3120 regnum
2949 3066 3128 3106 meum
3169 3061 3222 3107 et
3272 3052 3505 3108 interio-

1929 3161 2041 3201 rem
2077 3143 2284 3200 lndiam
2311 3187 2326 3212 ,
2362 3143 2662 3216 prohibens
2724 3143 3096 3200 Romanorum
3164 3157 3504 3204 mercatores

1929 3239 1997 3294 ad
2041 3254 2145 3295 nos
2185 3237 2418 3310 ingredi.
2466 3237 2530 3293 Et
2563 3247 2834 3294 venerunt
2893 3237 2951 3294 in
3003 3237 3346 3294 inimicitiam
3388 3256 3507 3294 nta-

1927 3347 2112 3404 gnam,
2165 3339 2222 3387 et
2274 3331 2518 3386 inierunt
2564 3330 2770 3388 bellum
2811 3330 2866 3386 in
2897 3331 3250 3386 alterutrum.
3282 3330 3505 3387 Etcum

1927 3423 2224 3497 pugnaturi
2275 3432 2487 3491 essent,
2518 3423 2671 3479 Adad
2703 3423 3138 3480 Azumitensium
3183 3439 3280 3480 rex
3316 3433 3504 3482 votum

1929 3517 2100 3584 vovit,
2125 3517 2316 3573 dicens
2354 3518 2482 3588 quia
2523 3517 2570 3573 si
2597 3516 2781 3573 vicero
2808 3515 3265 3585 Homeritensem,
3304 3517 3511 3574 eﬁiciar

1929 3609 2306 3676 Christianus,
2353 3609 2482 3680 quia
2517 3624 2617 3680 pro
2667 3607 3006 3668 Christianis
3043 3625 3256 3683 pugno.
3296 3611 3506 3683 Deique

1930 3703 2250 3775 operatione
2287 3703 2423 3758 vicit
2464 3703 2868 3774 potentissime,
2899 3711 2956 3759 et
2986 3703 3200 3777 accepit
3229 3704 3504 3777 captivum

1931 3796 2115 3850 vivum
2145 3795 2467 3851 Damianum
2498 3810 2682 3867 regem
2717 3809 2908 3852 eorum
2937 3803 2991 3851 et
3023 3796 3304 3867 regionem
3343 3797 3498 3868 ipso—

1933 3902 2054 3943 rum
2111 3894 2166 3941 et
2217 3899 2383 3955 regna
2406 3927 2420 3952 ,
2465 3883 2783 3956 gratiasque
2815 3885 3062 3942 referens
3093 3885 3204 3942 Deo
3231 3887 3384 3944 Adad
3412 3903 3505 3944 rex

1934 3976 2374 4032 Azumitensium
2410 3974 2562 4031 misit
2602 3975 2668 4030 ad
2695 3974 3069 4031 Justinianum
3097 3975 3508 4048 imperatorem,

1937 4079 1995 4125 ut
2025 4069 2305 4138 acciperet
2350 4067 2670 4140 episcopum
2703 4074 2761 4125 et
2811 4067 3068 4136 clericos,
3099 4075 3156 4125 et
3193 4069 3509 4138 doceretur,

1934 4174 1990 4219 et
2049 4161 2205 4218 ﬂeret
2238 4159 2610 4217 Christianus.
2670 4159 2738 4215 Et
2786 4159 3009 4230 gavisus
3049 4170 3134 4217 est
3191 4177 3360 4234 super
3407 4165 3510 4220 hoc

1935 4255 2280 4312 Justinianus
2327 4254 2647 4325 plurimum,
2694 4260 2750 4309 et
2801 4251 2973 4324 jussit
3025 4253 3108 4311 eis
3147 4252 3266 4310 dari
3298 4253 3514 4326 episco-

1936 4367 2066 4421 pum
2121 4362 2504 4423 quemcunque
2552 4345 2885 4413 voluissent,
2930 4353 2988 4402 et
3025 4346 3312 4418 elegerunt
3346 4348 3507 4403 iidem

1937 4445 2124 4517 legati,
2148 4459 2270 4498 cum
2297 4443 2514 4499 curiose
2546 4439 2916 4511 quaesiissent,
2946 4439 3375 4496 mansionarium
3399 4438 3514 4512 (52)

1940 4539 1998 4593 S.
2025 4537 2252 4593 Joannis
2287 4550 2498 4606 magna:
2532 4533 2906 4599 Alexandriae,
2938 4533 3119 4589 virum
3145 4532 3512 4589 venerabilem

260 4629 524 4685 Romanis
577 4629 818 4684 Mundus
859 4644 924 4684 ex
980 4643 1179 4700 genere
1233 4625 1501 4697 Gipedum
1538 4628 1842 4686 derivatos.
1878 4642 1923 4699 ι)
1948 4646 2004 4693 et
2037 4633 2325 4703 virginem,
2350 4627 2574 4685 nomine
2612 4627 2899 4694 Joannem,
2931 4626 3023 4698 qui
3054 4626 3335 4699 sexaginta
3371 4628 3510 4681 duo-

319 4726 483 4777 Anno
514 4721 729 4776 decimo
759 4729 959 4792 quarto
986 4719 1199 4790 imperii
1229 4717 1527 4775 Justiniani
1557 4719 1835 4776 Chosrors

259 4830 354 4871 rex
419 4814 710 4870 Persarum
775 4823 1034 4884 quartum
1075 4814 1130 4868 in
1183 4811 1560 4867 Romanorum
1630 4823 1833 4869 terram

260 4908 389 4964 fecit
410 4907 755 4978 ingressum;
786 4922 948 4976 quem
977 4906 1278 4962 Belisarius
1315 4920 1509 4960 rursus
1539 4905 1607 4959 ab
1631 4904 1834 4977 Hespe-

261 5002 362 5058 riis
400 5002 624 5057 veniens
653 5001 922 5072 sapientia
954 5017 1055 5058 sua
1087 4999 1421 5055 inefﬁcacem
1457 4999 1635 5056 redire
1660 5001 1840 5073 coegit

264 5102 333 5158 ad
368 5103 609 5174 propria.

332 5196 538 5252 Eodem
588 5209 720 5250 vero
778 5209 925 5248 anno
963 5191 1256 5245 Timotheo
1287 5188 1548 5258 episcopo
1599 5185 1835 5240 Alexan-

262 5291 397 5347 driae
435 5298 674 5354 mortuo,
707 5285 948 5342 Severus
983 5285 1206 5354 impius,
1238 5281 1618 5337 Antiochenus
1638 5279 1837 5349 prtesul

263 5383 499 5446 adulter,
545 5391 600 5437 et
641 5380 894 5436 Julianus
952 5379 1388 5439 Alicarnasseus,
1448 5371 1837 5429 Alexandriam

266 5477 396 5547 fuga
427 5474 588 5545 lapsi,
619 5472 688 5528 de
722 5470 1070 5540 corruptibili
1111 5479 1166 5523 ct
1218 5466 1627 5537 incorruptibili
1655 5464 1843 5522 confe-

267 5576 452 5625 rentes
490 5567 756 5623 adversus
787 5565 1046 5628 invicem,
1090 5562 1222 5616 facti
1249 5569 1377 5615 sunt
1402 5567 1663 5631 tanquam
1694 5559 1841 5616 veri-

267 5663 400 5720 tatis
428 5660 700 5726 extranei,
753 5669 810 5716 et.
842 5659 981 5714 alter
1013 5657 1234 5728 quidem
1267 5654 1666 5718 Theodosium,
1702 5653 1836 5709 alter

1941 4746 2061 4786 rum
2096 4731 2215 4784 erat
2239 4735 2532 4780 annorum.
2569 4719 2690 4787 Quo
2717 4727 2977 4790 suscepto
3008 4719 3267 4774 abierunt
3301 4719 3356 4775 in
3380 4735 3511 4790 pro-

1941 4820 2117 4893 priam
2144 4816 2426 4886 regionem
2449 4811 2517 4868 ad
2540 4827 2723 4883 regem
2753 4826 2936 4879 suum,
2969 4818 3024 4867 et
3054 4811 3127 4866 ita
3157 4811 3515 4869 crediderunt

1940 4913 2184 4974 Christo,
2216 4919 2270 4964 et
2304 4906 2601 4963 illontinati
2635 4911 2786 4962 sunt.

2015 5001 2202 5058 Mundi
2255 5013 2402 5059 anno
2438 4997 2603 5062 6056,
2662 4997 2862 5053 divina:
2926 4995 3329 5052 incarnationis
3369 5010 3516 5052 anno

1945 5097 2069 5163 556,
2108 5095 2414 5164 imperante
2475 5089 2790 5147 Iustiniano
2837 5103 2981 5144 anno
3012 5089 3229 5145 decimo
3282 5089 3516 5158 septimo

1939 5189 2123 5245 factus
2153 5194 2238 5243 est
2271 5193 2434 5241 terra).
2465 5193 2647 5240 motus
2690 5197 2924 5254 magnus
2974 5182 3031 5236 in
3067 5181 3328 5238 universo
3354 5197 3518 5237 mun-

1941 5282 2032 5338 do.
2064 5279 2376 5352 Eodemque
2423 5292 2567 5333 anno
2615 5276 2871 5348 apparuit
2901 5275 3120 5347 quidam
3177 5291 3245 5331 ex
3292 5275 3517 5347 regione

1943 5373 2205 5429 [talorum
2257 5385 2355 5442 per
2389 5370 2551 5424 villas
2584 5368 2927 5433 discurrens,
2965 5367 3192 5423 nomine
3248 5367 3516 5429 Andreas,

1941 5466 2150 5522 habens
2178 5479 2363 5520 secum
2403 5477 2592 5518 canem
2635 5460 2820 5516 rufum
2847 5466 2901 5516 et
2933 5474 3163 5526 caecum,
3194 5460 3288 5532 qui
3312 5460 3507 5532 jussus

1951 5559 2021 5613 ab
2044 5573 2111 5614 eo
2143 5556 2382 5612 faciebat
2418 5555 2706 5611 miracula.
2753 5553 2890 5609 Cum
2942 5553 3087 5609 enim
3125 5561 3295 5609 staret
3323 5555 3438 5623 ipse
3462 5551 3519 5605 in

1950 5650 2093 5718 foro,
2130 5657 2185 5706 et
2211 5649 2374 5705 turba
2403 5648 2457 5703 in
2481 5648 2713 5704 circuitu
2733 5647 2968 5712 adesset,
2998 5645 3138 5701 clam
3170 5646 3359 5702 eodem
3384 5651 3522 5700 cane

1824 5762 2063 5822 NOT/E.

339 5867 454 5992 (δ’ἐξ
488 5866 935 5923 Mansionarium.
957 5865 1046 5919 Sic
1068 5865 1231 5918 etiam
1265 5864 1428 5918 vertit
1444 5860 1677 5917 Niczenze
1712 5877 1833 5932 syn.

339 5957 386 5992 ι).
459 5942 526 5992 03
566 5941 652 5992 ed.
692 5940 756 5992 lt.
795 5937 926 5992 Vide
981 5946 1033 5992 et
1078 5951 1201 5990 can.
1252 5939 1288 5988 ‘3
1343 5951 1468 5992 svn.
1504 5932 1833 5990 Chalcedon.

267 5941 304 5997 9.
425 5932 526 5996 705
566 5941 652 5996 ed.
692 5940 756 5994 lt.
795 5937 926 5994 Vide
981 5946 1033 5992 et
1078 5951 1201 5990 can.
1252 5939 1288 5988 ‘3
1343 5951 1468 6005 syn.
1504 5932 1840 5990 Chalcedon.

1948 5857 2226 5936 Zonaratn.
2251 5857 2587 5936 ad__conc_ili_a
2617 5871 2672 5929 p.
2700 5853 2801 5911 697
2825 5853 3019 5936 _a_._69§
3065 5869 3095 5908 a
3144 5861 3198 5911 et
3248 5851 3348 5907 79.0
3386 5852 3440 5907 b.
3466 5857 3523 5907 ct

1955 5932 2152 5986 concil.
2189 5929 2388 6000 Cpolit.
2417 5930 2519 5986 sub
2548 5925 2700 5985 licita
2736 5949 2788 6001 ρ.
2825 5927 2942 5983 2'37.
2981 5925 3143 5981 Fasti.
