4038 6298
283 353 428 420 1265

1113 354 1480 420 HISTORIA
1507 357 2082 422 ECCLESIASTICA
2118 359 2223 421 EX
2258 360 2739 423 THEOPHANE.

3410 352 3554 423 1261i

284 489 389 530 cus
429 471 714 535 terribilis,
747 471 820 528 ita
856 480 914 528 ut
938 470 1159 530 caderet
1188 490 1512 548 crux,'qua:
1557 476 1741 532 stabat
1783 475 1866 531 in-
1891 479 2052 540 Ator
2084 473 2356 530 :edilicare
2381 481 2602 546 pontem
2643 470 2888 545 Agoreos
2929 468 3199 538 ﬂuminis,
3226 477 3275 526 et
3310 483 3546 525 conver»

285 575 378 622 tra
405 574 617 638 portam
646 565 837 620 Rhesii

364 657 652 715 Vicesimo.
698 673 842 713 nono
877 658 1092 729 imperii
1125 657 1427 718 Iustiniani
1459 678 1602 720 anno
1635 663 1864 720 seditio-

292 768 418 808 nem
458 752 874 807 concitaverunt
916 750 1090 808 Juda:i
1146 762 1201 809 et
1263 752 1555 812 Samaritae
1605 757 1869 814 Caesarea:

286 843 614 907 Palaestinae,
647 851 702 900 et
737 843 868 899 facti
904 845 1062 915 quasi
1114 847 1169 902 in
1235 847 1430 904 ordine
1468 849 1870 906 Prasinovcne-

288 946 472 990 torum
516 936 797 990 irruerunt
829 935 883 990 iu
925 935 1270 994 Christianos
1317 939 1564 1010 ejusdem
1608 941 1867 1006 civitatis,

286 1038 344 1085 et
395 1028 599 1084 multos
655 1027 1075 1096 interfecerunt,
1119 1040 1174 1087 et
1227 1033 1495 1089 ecclesias
1547 1037 1870 1092 combusse-

289 1131 444 1188 runt,
497 1121 946 1193 Stephanumque
996 1117 1311 1195 praefectum
1366 1127 1543 1198 ipsius
1602 1129 1755 1184 urbis
1806 1130 1862 1184 in

290 1213 550 1284 prmtorio
581 1221 953 1282 peremerunt,
985 1223 1040 1270 et
1093 1215 1462 1271 substantiam
1519 1217 1642 1289 ejus
1697 1218 1873 1274 surri.

289 1315 551 1378 puerunt.
611 1305 763 1362 Uxor
813 1322 944 1362 vero
994 1308 1152 1363 illius
1202 1311 1506 1367 ascendens
1555 1311 1624 1367 ad
1684 1312 1872 1368 urbem

289 1400 431 1454 adiit
463 1399 868 1470 imperatorem,
911 1399 1002 1471 qui
1054 1401 1222 1469 jussit
1249 1402 1572 1460 Adamantio
1612 1405 1875 1478 magistro

290 1493 527 1548 militum
575 1492 908 1548 descendere
969 1494 1024 1548 in
1059 1491 1405 1552 Palaestinam
1447 1505 1500 1552 et
1540 1497 1873 1554 occisionem

287 1581 895 1656 qunircre‘Stephani.
924 1585 1028 1653 Qui
1063 1587 1287 1644 veniens
1324 1603 1514 1644 eorum
1548 1605 1690 1660 quos
1723 1604 1877 1661 repe-

291 1681 363 1734 rit
397 1679 533 1735 alios
564 1678 873 1749 suspendit,
907 1679 1044 1735 alios
1075 1680 1390 1747 decollavit,
1422 1681 1561 1738 alios
1609 1697 1735 1737 vero
1783 1683 1877 1738 dc-

290 1773 532 1829 billtavit
571 1783 625 1829 et
677 1773 996 1844 publicavit.
1033 1775 1100 1828 Et
1149 1774 1326 1830 factus
1370 1783 1455 1832 est
1485 1775 1651 1833 timor
1687 1761 1882 1847 ingens

287 1866 346 1922 in
375 1867 635 1923 omnibus
662 1866 1035 1922 Orientalibus
1070 1868 1344 1939 partibus.

363 1958 674 2016 Tricesimo
704 1960 918 2032 imperii
949 1958 1248 2015 Iustiniani
1285 1977 1430 2017 anno
1479 1961 1732 2034 Pelagius
1767 1960 1880 2017 Ro-

297 2069 594 2110 manorum
649 2055 789 2126 gerit
835 2053 1239 2125 episcopatum.
1283 2054 1402 2122 Quo
1454 2069 1597 2110 anno
1632 2064 1882 2111 mortuus

294 2162 380 2206 est
421 2148 744 2205 Timotheus
779 2148 1052 2203 exarclms
1108 2148 1570 2204 monasteriorum
1612 2159 1665 2204 et
1709 2149 1883 2221 begu-

277 2248 496 2300 ‘menus
545 2241 864 2298 monasterii
923 2240 1194 2307 Dalmati,
1239 2250 1293 2298 et
1351 2241 1528 2299 factus
1577 2250 1661 2298 est
1692 2258 1789 2313 pro
1818 2260 1882 2299 eo

297 2337 616 2399 Anthimus,
657 2334 938 2390 inclausus
979 2333 1223 2404 ejusdem
1252 2333 1595 2390 monasterii.
1627 2334 1692 2388 Et
1715 2350 1884 2406 appa-

295 2426 409 2480 ruit
439 2425 580 2496 ignis
609 2425 665 2478 iu
704 2423 866 2488 ccelo,
902 2423 1056 2492 quasi
1095 2422 1309 2493 species
1338 2423 1560 2490 lanceae,
1601 2439 1630 2478 a
1665 2433 1888 2496 septen-

298 2519 481 2575 trione
512 2534 686 2589 usque
729 2518 800 2573 ad
827 2515 1195 2572 occidentem.

373 2609 559 2666 Mundi
610 2626 754 2666 anno
805 2609 972 2673 6050,
1030 2609 1231 2664 divinae
1284 2610 1681 2668 incarnationis
1741 2627 1886 2668 anno

301 2703 432 2769 520,
471 2702 755 2757 tricesimo
813 2701 987 2772 primo
1034 2701 1246 2771 imperii
1279 2699 1580 2755 Justiuiani
1608 2718 1774 2767 anno,
1806 2702 1888 2756 fa-

299 2809 429 2854 ctus
482 2806 639 2850 teme
696 2805 876 2851 motus
908 2795 1191 2850 horribilis
1231 2794 1412 2859 valde,
1445 2795 1662 2864 qualem
1700 2795 1883 2852 nullus

301 2887 583 2943 hominum
603 2888 940 2943 memorabat
955 2886 1008 2940 in
1025 2885 1381 2958 generatione
1398 2887 1487 2940 illa
1503 2902 1666 2956 super
1685 2895 1884 2943 terram

302 2980 556 3036 eﬂ‘cctum
582 2998 598 3034 :
628 2979 1042 3035 concutiebalur
1072 2979 1217 3034 enim
1242 2986 1386 3033 terra
1401 2988 1557 3033 nocte
1572 2994 1634 3032 ac
1660 2980 1747 3034 die
1765 2987 1888 3049 post

303 3076 495 3129 decem
546 3073 954 3128 misericordias
992 3071 1106 3127 Dei.
1164 3071 1234 3125 At
1263 3073 1737 3142 veraimperator.
1775 3087 1884 3126 nou

1969 579 2088 624 tens
2110 567 2362 624 eumdem
2395 581 2605 622 amnem
2632 567 2688 622 in
2722 565 2890 621 alium
2923 564 3141 620 alveum
3178 562 3349 619 volvit
3380 575 3544 617 arcus

1971 661 2253 717 mirabiles
2289 660 2568 736 quinque,
2611 667 2665 718 et
2718 658 2848 715 fecit
2892 675 3025 718 eum.
3067 655 3382 722 meabilem,
3417 668 3542 710 cum

1971 766 2127 811 antea
2159 755 2370 826 ligneus
2408 753 2592 810 fuerit.

2045 847 2352 905 Tricesimo
2387 857 2586 918 quarto
2621 845 2836 918 imperii
2866 841 3165 901 Iustiniani
3213 857 3358 897 anno
3391 837 3548 896 diﬂ'a-

1975 951 2182 998 matum
2214 941 2326 1014 (35)
2361 951 2446 996 est
2482 940 2625 1009 apud
2661 935 3199 1006 Constantinopolim
3233 931 3377 1005 quod
3402 946 3554 986 mor-

1973 1046 2105 1093 tuus
2141 1044 2290 1092 esset
2325 1035 2623 1105 imperator
2655 1049 2669 1086 :
2703 1038 2929 1088 venerat
2961 1028 3110 1085 enim
3161 1043 3189 1082 a
3237 1025 3470 1089 Thrace,
3498 1031 3553 1079 et

1975 1130 2246 1185 neminem
2284 1127 2524 1184 videbat.
2563 1126 2708 1201 Ergo
2753 1123 2943 1196 plebes
2973 1136 3209 1194 rapuere
3245 1133 3419 1192 partes
3453 1133 3551 1174 su-

1975 1226 2092 1281 bito
2122 1241 2200 1282 ex
2233 1225 2372 1281 locis
2402 1224 2456 1279 in
2483 1222 2688 1295 quibus
2721 1220 2926 1278 fiebant
2959 1231 3015 1276 et
3046 1217 3459 1283 vendebantur;
3499 1222 3554 1270 et

1976 1320 2125 1375 circa
2153 1318 2350 1374 horam
2379 1315 2598 1372 tertiam
2631 1331 2746 1372 non
2771 1312 3149 1370 inveniebatur
3173 1308 3331 1383 panis
3355 1309 3406 1364 iu
3445 1315 3564 1364 tota

1977 1413 2133 1470 urbe.
2163 1411 2365 1469 Clausa
2399 1425 2628 1483 quoque,
2670 1418 2802 1465 sunt
2842 1405 3168 1480 ergasteria,
3204 1411 3258 1460 et
3295 1418 3561 1460 susurra-

1978 1508 2074 1564 bat
2113 1505 2399 1580 palatium,
2433 1503 2563 1575 quia
2596 1517 2759 1558 nemo
2783 1516 2850 1558 ex
2888 1509 3085 1558 senatu
3129 1496 3348 1554 videbat
3386 1499 3561 1568 impe-

1980 1607 2222 1653 ratorem
2270 1611 2336 1653 eo
2380 1595 2525 1666 quod
2570 1593 2815 1650 dolorem
2848 1590 3044 1662 capitis
3081 1595 3383 1661 pateretur,
3414 1596 3467 1642 et
3494 1601 3562 1641 ex

1981 1692 2087 1747 hoc
2138 1690 2485 1746 crediderunt
2522 1686 2674 1760 quod
2711 1683 3005 1742 defunctus
3044 1692 3190 1739 esset
3227 1681 3550 1750 imperator.

1986 1786 2198 1841 interea
2250 1782 2416 1839 circa
2445 1781 2644 1837 horam
2689 1792 2894 1834 nonam
2930 1776 3077 1836 fecit.
3108 1782 3333 1832 senatus
3384 1771 3566 1828 consi-

1986 1878 2145 1942 lium,
2187 1883 2242 1931 et
2295 1874 2568 1931 miserunt
2601 1870 2944 1944 praefectum,
2984 1878 3039 1927 et
3073 1867 3324 1925 fecerunt
3353 1863 3566 1921 lumina

1981 1973 2038 2028 in
2071 1980 2186 2026 tota
2215 1971 2373 2037 urbe,
2403 1967 2662 2040 quoniam
2697 1981 2868 2023 sanus
2899 1963 3083 2022 factus
3121 1971 3207 2020 est
3241 1962 3564 2033 imperator,

1982 2072 2038 2122 et
2063 2063 2168 2118 hoc
2213 2062 2378 2118 modo
2409 2067 2595 2130 erepta
2626 2065 2708 2114 est
2747 2058 2944 2116 civitas
2977 2072 3008 2113 a
3041 2055 3376 2114 turbatione.
3409 2056 3568 2113 Post.

1984 2166 2149 2224 quam
2203 2159 2385 2207 autem
2410 2165 2597 2210 .sanus
2643 2147 2870 2204 eil‘ectus
2900 2157 2985 2204 est
3019 2147 3341 2220 imperator,
3380 2146 3560 2219 Euge-

1985 2246 2134 2309 nius,
2179 2243 2272 2314 qui
2339 2243 2520 2297 fuerat
2571 2240 2907 2312 praefectus,
2945 2238 3188 2296 detraxit
3243 2238 3478 2310 Georgio
3511 2248 3568 2294 et

1985 2333 2238 2390 Etherio
2268 2332 2646 2397 curatoribus,
2679 2331 2838 2399 quasi
2874 2329 3182 2387 voluissent
3211 2328 3568 2385 Theodorum

1987 2427 2169 2484 facere
2193 2428 2606 2497 imperatorem,
2638 2424 2811 2480 tilium
2841 2422 2990 2480 Petri
3028 2423 3298 2496 magistri.
3324 2421 3570 2500 cumque

1988 2520 2197 2581 fuisset.
2233 2535 2414 2576 causa-
2467 2519 2760 2591 diligenter
2809 2517 3076 2588 inquisita
3141 2525 3196 2572 et
3257 2516 3580 2574 nullatenus

1989 2613 2371 2685 comprobata,
2405 2614 2458 2667 in
2493 2613 2632 2667 iram
2659 2611 2864 2667 cecidit
2887 2611 3238 2682 imperatoris
3271 2608 3576 2680 Eugenius,

1989 2718 2045 2765 et
2080 2709 2274 2762 domus
2303 2706 2424 2776 ejus
2456 2707 2676 2776 publico
2707 2713 2790 2760 est
2828 2703 2960 2760 ﬁsco
2999 2703 3222 2759 collata.
3261 2700 3458 2758 Verum
3480 2702 3576 2758 ille

1991 2801 2058 2855 ad
2088 2798 2378 2856 ecclesiam
2419 2799 2636 2868 fugiens
2667 2797 2912 2854 salvatus
2943 2804 3045 2852 est.
3077 2797 3239 2852 Facta
3275 2806 3358 2852 est
3387 2803 3578 2852 autem

1992 2893 2300 2948 mortalitas
2335 2901 2496 2947 vasta
2546 2890 2602 2945 in
2643 2889 2918 2948 Ciliciaet
2951 2889 3244 2944 Anazarbo
3287 2897 3339 2945 et
3377 2889 3571 2944 Antio-

1991 2985 2115 3040 chia
2146 2999 2364 3055 magna,
2402 2998 2613 3038 necnon
2651 2989 2706 3037 et
2739 2990 2899 3037 terra
2935 2991 3154 3044 motus:
3189 2987 3244 3037 et
3289 2981 3572 3052 congressi

1993 3085 2123 3135 sunt
2173 3076 2442 3132 adversus
2489 3076 2821 3130 alterutrum
2855 3073 3146 3130 orthodoxi
3181 3081 3234 3129 et
3265 3072 3585 3140 Severiani,

305 3166 548 3238 portavit
603 3181 863 3221 coronam
909 3180 1005 3235 per
1061 3164 1422 3234 quadraginta
1479 3163 1618 3228 dies,
1685 3163 1781 3219 sed
1833 3171 1886 3219 el
1914 3191 1958 3250 α
1992 3179 2046 3226 et
2071 3171 2242 3226 multa
2275 3167 2576 3225 homicidia
2623 3165 2768 3223 facta
2792 3175 2963 3229 sunt;
2997 3173 3051 3222 et
3081 3166 3591 3237 missoimperaton

305 3269 496 3315 sancta
546 3258 752 3314 Christi
807 3258 1094 3312 nativitate
1143 3255 1350 3327 absque
1392 3256 1483 3310 illa
1531 3256 1803 3326 processit
1832 3257 1884 3310 in

302 3349 562 3416 ecclesia;
597 3349 672 3404 ita
711 3356 770 3403 ut
821 3348 984 3403 etiam
1035 3348 1283 3418 prandia,
1323 3363 1442 3416 quae
1471 3363 1536 3401 ex
1571 3362 1721 3402 more
1753 3347 1889 3401 ﬁunt

305 3442 364 3496 in
398 3457 592 3497 novem
627 3448 680 3495 et
711 3441 898 3495 decem
931 3440 1302 3504 accubitibus,
1336 3455 1554 3495 cessare
1584 3439 1806 3504 laceret,
1839 3452 1892 3495 et

308 3539 509 3589 horum
563 3547 834 3604 expensas
895 3534 1084 3604 egenis
1148 3533 1433 3587 tribueret.
1480 3533 1679 3587 Eodem
1743 3548 1890 3588 anno

308 3627 560 3695 ingressa
592 3633 675 3682 est
706 3641 839 3696 gens
869 3625 1191 3697 Byzantium
1225 3624 1531 3698 inopinata,
1573 3639 1766 3679 eorum
1798 3623 1891 3694 qui

312 3722 576 3775 dicuntur
604 3721 850 3785 Avares;
884 3728 937 3774 et
987 3725 1099 3772 tota
1141 3717 1336 3772 civitas
1381 3717 1666 3772 concurrit
1696 3716 1764 3772 ad
1806 3717 1894 3771 vi-

310 3811 528 3865 sionem
592 3823 807 3874 eorum,
865 3816 1132 3878 tanquam
1172 3807 1267 3879 qui
1301 3822 1580 3876 nunquam
1651 3806 1895 3862 viderint

307 3911 530 3975 gentem
561 3902 874 3973 huiusmodi
908 3918 922 3953 :
951 3901 1222 3957 habebant
1243 3899 1389 3956 enim
1419 3916 1605 3957 comas
1627 3909 1890 3971 retortas,

311 3996 558 4067 prolixas
591 3995 770 4062 valde,
827 3994 1040 4050 vinctas
1093 3993 1338 4064 prandiis
1380 3991 1494 4064 (δι)
1555 4003 1717 4063 atque
1763 4009 1892 4066 per-

312 4091 548 4160 plexas;
593 4089 839 4160 reliquus
879 4103 1011 4150 vero
1046 4087 1276 4142 vestitus
1307 4101 1497 4141 eorum
1550 4085 1743 4142 similis
1772 4091 1894 4141 erat

313 4191 640 4236 ceterorum
668 4180 1019 4236 Hunnorum.
1049 4176 1138 4234 lsti
1175 4176 1447 4247 fugientes
1473 4191 1502 4231 a
1537 4176 1760 4246 regione
1793 4191 1893 4232 sua

314 4281 584 4329 venerunt
612 4273 664 4328 in
688 4281 871 4344 partes
898 4269 1136 4344 Scythiae
1163 4280 1217 4325 et
1248 4268 1454 4342 Mysiae,
1492 4277 1546 4324 et
1576 4267 1898 4324 direxerunt

315 4367 380 4421 ad
413 4365 791 4425 Iustinianum
840 4366 1048 4436 legatos
1101 4372 1348 4436 petentes
1391 4374 1450 4418 ut
1497 4366 1895 4434 reciperentur.

387 4459 572 4515 Mundi
599 4475 742 4514 anno
782 4457 943 4521 6051,
977 4456 1174 4512 divinae
1208 4455 1606 4512 incarnationis
1636 4454 1758 4518 551,
1792 4454 1898 4509 tri-

1993 3265 2289 3320 Zimarcho
2321 3263 2521 3319 comite
2565 3259 2810 3316 Orientis
2849 3259 3092 3315 inhibuit
3125 3259 3488 3320 inordinatos.
3520 3265 3587 3316 eti

1993 3356 2200 3411 multos
2241 3354 2296 3407 in
2348 3351 2606 3408 exsilium
2663 3349 2815 3406 misit
2872 3356 2926 3406 et
2970 3349 3272 3420 publicavit
3306 3363 3370 3405 ac
3405 3363 3584 3404 mem-

1992 3448 2108 3504 bris
2140 3444 2474 3504 debilitavit.

2066 3538 2251 3595 Mundi
2282 3552 2427 3594 auno
2445 3537 2606 3601 6055,
2633 3535 2832 3590 divinae
2857 3533 3256 3590 incarnationis
3280 3549 3427 3590 anno
3447 3533 3577 3598 55$,

1992 3631 2276 3688 tricesimo
2300 3632 2493 3702 quinto
2524 3628 2740 3700 imperii
2776 3625 3084 3683 Justiniani
3127 3641 3281 3682 anno
3299 3637 3461 3696 capta
3491 3633 3581 3682 est

1995 3725 2181 3782 Hebes
2219 3726 2416 3781 civitas
2451 3723 2520 3779 ab
2544 3721 2793 3778 Hunnis:
2827 3727 2882 3777 et
2911 3720 3062 3776 tnisit
3100 3718 3398 3791 imperator
3427 3717 3577 3775 Maro

1996 3818 2194 3875 cellum
2228 3815 2553 3887 magistrum
2586 3813 2822 3869 militum
2845 3827 2972 3868 curn
3003 3812 3249 3872 exercitu
3289 3812 3482 3878 multo,
3515 3819 3580 3872 ut

1996 3910 2231 3982 eriperet
2253 3907 2555 3964 civitatem.

2067 4000 2379 4062 Tricesimo
2409 4009 2566 4058 sexto
2606 4000 2823 4071 imperii
2859 3996 3162 4057 Justiniani
3191 4013 3337 4053 anno
3370 4005 3577 4070 tropaa

1999 4101 2270 4151 venerunt
2323 4107 2353 4148 a
2418 4093 2591 4148 Roma
2639 4091 2834 4150 Narsis
2891 4091 3144 4163 patricii,
3212 4091 3582 4162 signiﬁcantia

2001 4181 2494 4256 comprehendisse
2553 4182 2708 4237 illum
2770 4181 2935 4239 urbes
2975 4181 3215 4237 munitas
3276 4180 3582 4238 Gothorqu

2002 4279 2162 4342 duas,
2186 4275 2460 4332 Veronam
2499 4274 2714 4332 scilicet
2739 4284 2794 4331 et
2826 4273 3095 4329 Brixlam.
3149 4271 3421 4331 Vicesima
3449 4289 3583 4332 vero

2002 4369 2196 4442 quinta
2242 4370 2332 4424 die
2371 4368 2696 4425 Novembris
2735 4369 2945 4425 mensis
2981 4353 3104 4423 sero
3143 4367 3380 4422 insidias
3408 4365 3582 4424 med'r-

2007 4463 2105 4519 tati
2158 4452 2290 4517 sunt
2347 4459 2614 4532 quidam,
2679 4469 2741 4516 ut
2803 4460 3120 4516 occiderent
3171 4458 3582 4528 imperatorem.

319 4555 527 4611 cesimo
566 4551 811 4608 secundo
842 4551 1055 4621 imperii
1084 4549 1384 4606 Iustiniani
1409 4565 1555 4604 anno
1585 4549 1891 4604 aediﬁcatus
1928 4565 1972 4623 ι)
2005 4556 2176 4611 Eram
2223 4565 2406 4610 autem
2460 4553 2730 4609 Ablabius
2767 4561 2822 4609 ει
2870 4550 3163 4607 Marcellus
3216 4550 3593 4620 pecuniarum.

318 4657 399 4702 cst
423 4646 620 4701 trullus
659 4644 867 4716 Magnre
905 4644 1154 4700 ecclesia:
1204 4642 1714 4716 Constantinopoli,
1747 4643 1899 4696 exal-

317 4747 466 4794 tatus
507 4738 630 4812 plus
659 4738 850 4809 viginti
882 4737 1120 4809 pedibus
1175 4737 1230 4792 in
1290 4736 1678 4808 superioribus
1731 4751 1900 4806 supra

320 4833 610 4890 aediﬁcium
634 4833 779 4905 quod
801 4842 958 4888 antea
991 4831 1188 4887 fuerat.

395 4927 700 4986 Triccsimo
729 4929 892 4984 tertio
924 4928 1141 4999 imperii
1169 4926 1255 4984 sui
1282 4942 1428 4985 anno
1459 4927 1630 4998 capit
1662 4925 1901 4998 impera-

2005 4646 2260 4705 venditor
2307 4653 2361 4702 et
2395 4644 2643 4716 Sergius.
2691 4642 2974 4700 Meditatio
3004 4649 3185 4697 autem
3231 4655 3422 4696 eorum
3467 4650 3591 4695 erat

2007 4740 2326 4808 hujusmom
2365 4753 2533 4793 :.cum
2574 4736 2781 4794 sederit
2821 4737 2876 4791 in
2912 4734 3156 4789 triclinio
3199 4747 3350 4798 sero,
3401 4729 3585 4803 prius-

2008 4849 2173 4905 quam
2209 4830 2528 4887 discedendi
2568 4828 2790 4886 licentia
2821 4830 3000 4894 detur,
3027 4826 3282 4882 occidant
3309 4840 3457 4891 eum,
3489 4823 3587 4878 lia-

2009 4927 2212 4983 beutes
2249 4923 2507 4981 homines
2541 4938 2674 4980 suos
2704 4921 2818 4982 sibi.
2846 4930 3208 4995 cooperantcs
3229 4916 3419 4982 hides,
3461 4916 3590 4974 abs-

1840 5063 2068 5122 NOTE.

396 5165 506 5238 (34)
540 5163 814 5238 I_’raudiis.
834 5164 988 5238 Hist.
1012 5163 1169 5238 misc.
1194 5182 1211 5214 ‹
1233 5161 1525 5238 Prandeis.‘
1548 5181 1565 5213 ι
1602 5159 1896 5238 Promotus

324 5229 429 5292 ms‘.
463 5229 516 5291 in
546 5236 913 5292 Grammatiea
950 5251 964 5286 :
1005 5253 1024 5285 ‹
1073 5233 1379 5288 Prandeum
1407 5233 1608 5288 dicitur
1646 5229 1894 5302 quaedam

324 5325 482 5370 zona.
504 5307 648 5376 quod
679 5309 734 5361 in
757 5305 876 5361 Vita
906 5305 964 5359 Β.
986 5304 1156 5359 Alcxii
1184 5305 1442 5376 reperies.
1469 5322 1487 5355 ι
1513 5305 1641 5358 Item
1664 5299 1692 5356 ’ς
1732 5321 1749 5353 ‹
1789 5299 1894 5353 Fa-

323 5373 637 5449 citergium,
664 5378 868 5446 togilla,
902 5391 1123 5449 mappa,
1161 5373 1739 5449 mappulla,_gausape,
1762 5386 1895 5426 ova-

328 5445 491 5514 rium,
520 5445 783 5512 mensale.
822 5445 1264 5516 manutergium,’
1308 5445 1644 5516 prandcum,
1675 5458 1895 5516 _rrrant_l-

327 5513 634 5585 mundium,
668 5513 1103 5588 manupiarium:
1149 5535 1168 5569 ι
1203 5513 1524 5588 Anonymus
1567 5516 1623 5588 in
1674 5513 1796 5588 Vita
1832 5513 1892 5568 S.

327 5593 576 5662 Gregorii
610 5608 626 5646 :
662 5610 680 5643 ‹
717 5585 1021 5646 Ρδτῑῖοιιιδε
1059 5587 1298 5662 brandei
1332 5585 1435 5657 (sic
1487 5585 1718 5662 legitur)_
1742 5599 1898 5662 repe—

327 5658 537 5717 rerum.
569 5662 724 5729 Quod
754 5663 1003 5717 videntes
1034 5659 1190 5727 legati
1220 5659 1574 5714 vehementer
1595 5658 1721 5729 irati
1748 5661 1897 5718 sunt,

327 5734 577 5790 dicentes
599 5728 856 5788 dominos
889 5748 1019 5788 suos
1069 5730 1454 5800 pulcherrimis
1508 5728 1691 5800 palliis
1722 5731 1901 5800 abun.

333 5805 486 5873 dare,
513 5821 576 5860 ac
602 5821 696 5876 per
732 5805 834 5858 hoc
877 5798 1250 5876 Romanorum
1280 5801 1482 5876 vilibus
1515 5798 1901 5876 prandeisnon

335 5867 510 5948 cgere.
556 5897 573 5931 ι
603 5867 1022 5948 Ἑθηςιιὶὶωηὶε,
1059 5877 1093 5930 l.
1132 5889 1168 5928 ll
1208 5872 1283 5928 De
1326 5871 1483 5944 gestis
1518 5867 1708 5927 Caroli
1763 5867 1838 5922 Μ.
1881 5881 1902 5924 :

2011 5175 2031 5208 ι
2072 5156 2324 5221 Cumque
2354 5151 2710 5209 tenuissimas
2741 5149 2870 5206 illas
2893 5147 3178 5221 pelligilas
3199 5145 3588 5221 veltenuiores

2005 5213 2277 5281 brandcas
2299 5223 2590 5279 extrahere
2615 5213 2939 5290 ccepisseni.
2978 5237 2996 5271 ι
3035 5217 3402 5290 Ὲιοὰοίθττιυε,
3439 5213 3587 5269 Hist.

2005 5297 2153 5352 Rem.
2214 5311 2267 5361 ι,
2323 5293 2394 5348 20
2433 5309 2445 5346 :
2488 5312 2506 5344 ε
2556 5289 2770 5354 Corpus
2814 5290 3063 5361 ejusdem
3135 5289 3307 5344 rubco
3374 5294 3590 5342 constat

2005 5368 2250 5424 brandeo
2283 5365 2556 5420 indutum.
2599 5381 2618 5415 ι
2660 5363 2827 5418 Fasn.

2076 5439 2190 5509 ('55)
2219 5437 2580 5509 _I)i[j"qmatum
2624 5444 2722 5509 est.
2765 5432 2976 5509 Glossze
3018 5449 3038 5485 ε.
3067 5449 3094 5509 ⁸ς
3129 5423 3589 5509 διιαφημῐξωᾳίΐ-

2002 5497 2454 5574 ΐαιίιο,’ὀρνῖιιεο.
2489 5506 2804 5574 pervulga»
2843 5500 3026 5574 Utitur
3053 5497 3334 5574 A_puleius.
3471 5497 3590 5574 A‘u-

2004 5567 2288 5652 gustinus,
2324 5567 2397 5652 De
2431 5567 2543 5652 Cio.
2577 5567 2710 5640 Dei:
2727 5591 2802 5652 vt,
2852 5573 2965 5652 ll_)__5
2988 5590 3027 5652 ,ς
3069 5569 3206 5652 ‘Tam
3236 5567 3439 5652 grandi.
3475 5567 3588 5652 glo-

2008 5637 2086 5704 Fia
2117 5637 2409 5703 «liliamari.
2452 5665 2471 5700 ι
2503 5637 2828 5700 Anastasius
2885 5642 3208 5697 Bibliothec.
3241 5637 3302 5695 in
3346 5637 3593 5706 Epistola

2007 5725 2072 5774 ait
2105 5719 2401 5774 Martinum
2441 5718 2612 5786 episc.
2650 5717 2817 5771 Nam.

2008 5793 2358 5919 innotescere
2393 5782 2573 5846 omnia
2621 5804 2742 5861 quae
2784 5788 2852 5843 de
2888 5786 3010 5857 ipso
3059 5782 3520 5840 diliamabantur.
3565 5795 3592 5832 ι

2031 5879 2085 5917 D.

2031 5879 2085 5917 D.

2853 5734 2867 5770 :
2902 5734 2919 5765 ι
2968 5714 3128 5769 Potui
3157 5712 3208 5768 ei
3256 5709 3594 5767 scribere-ac
