4038 6298
502 307 520 367 l
534 308 632 373 267

1605 309 2007 372 ANASTASII
2046 310 2676 376 BIBLIOTIIECARII

3636 313 3779 381 1268

501 422 754 478 conditos
804 421 857 476 in
926 420 1246 477 Silentiario
1300 428 1353 475 et
1410 422 1462 475 in
1524 422 1871 494 Arclrangelo
1921 434 1975 481 et
2022 424 2536 503 inAJustinianus
2591 426 2803 498 imperii
2856 427 2939 481 sui
2996 427 3277 484 tricesimo
3342 427 3577 499 septimo
3624 444 3779 483 anno

497 515 703 580 Curru,
742 524 802 569 ut
846 529 974 570 cum
1009 516 1153 570 facta
1202 516 1371 571 fuerit
1406 516 1763 583 machinatio,
1808 518 2083 574 turbatio-

500 624 623 665 nem
676 608 906 664 faciant.
951 607 1129 665 Po’rro
1175 608 1317 665 idem
1367 608 1633 667 Ablabius
1677 610 1843 667 etiam
1885 626 2079 668 aurum

499 704 713 775 accepit
745 718 775 758 a
805 701 1067 760 Marcello
1107 703 1318 775 argenti
1370 703 1677 768 venditare.
1724 704 1895 761 libras
1919 705 2083 776 quin-

498 805 715 868 gentas,
749 807 808 852 ut
832 796 939 853 sibi
973 805 1389 868 cooperarctur.
1431 795 1539 854 Sed
1570 797 1679 854 Deo
1708 798 1926 855 volente
1947 798 2081 856 fisus

498 897 584 945 est
633 889 901 945 Ablabius
940 888 1181 947 Eusebio
1218 890 1533 957 cxconsuli,
1584 890 1679 962 qui
1724 902 1849 951 erat
1891 907 2081 949 comes

500 982 920 1048 fmderatorum,
973 990 1027 1039 et
1082 980 1282 1040 Joanni
1348 983 1661 1054 logothetae,
1715 984 1906 1040 dicens
1951 984 2081 1057 quia

502 1073 663 1132 hodie
712 1074 929 1147 vesperi
970 1074 1227 1131 volumus
1274 1075 1664 1148 imperatorem
1701 1078 1947 1150 aggredi.
1976 1079 2080 1147 Qui

498 1184 624 1223 eum
649 1169 754 1225 hoc
783 1168 1140 1226 nuntiassent
1180 1168 1531 1241 imperatori,
1567 1172 1743 1227 tenuit
1769 1186 1887 1237 eos,
1912 1179 1967 1228 et
1995 1172 2080 1229 in-

497 1259 646 1316 venit
681 1260 801 1316 illos
833 1259 1070 1316 ferentes
1094 1260 1454 1316 absconditos
1482 1261 1717 1333 gladios.
1756 1261 1821 1316 Et
1850 1261 2081 1319 Marcel.

499 1353 586 1409 ius
629 1352 850 1425 quidem
899 1353 1111 1424 argenti
1168 1354 1449 1419 venditor,
1504 1371 1603 1425 spe
1660 1355 1986 1422 frustratus,
2025 1365 2080 1411 et

498 1456 754 1517 exerupto
769 1446 951 1518 gladio
966 1462 1130 1517 quem
1164 1446 1446 1518 portabat,
1475 1446 1627 1504 dedit
1655 1448 1760 1503 sibi
1798 1456 1910 1503 tres
1935 1448 2079 1505 ictus

501 1543 554 1596 in
591 1540 833 1597 triclinio
868 1541 1327 1612 comprehensus,
1359 1549 1413 1598 et
1438 1543 1690 1599 moritur.
1724 1542 1948 1614 Sergius
1978 1557 2081 1598 au-

500 1646 609 1692 tem
647 1636 785 1707 fugit
821 1635 889 1691 ad
929 1634 1288 1701 Blachernas,
1329 1650 1440 1707 quo
1482 1635 1680 1692 educto
1723 1635 1790 1692 ab
1820 1636 2076 1701 ecclesia,

498 1740 552 1785 et
604 1730 976 1801 interrogato,
1014 1737 1448 1801 persuasumest
1479 1727 1529 1784 ei
1566 1729 1815 1785 confiteri
1852 1728 1999 1798 quod
2026 1735 2080 1785 et

2186 523 2430 592 perrexit
2480 537 2646 577 causa
2697 521 2970 577 orationis
3026 522 3093 575 ad
3150 520 3536 592 Myriangelos,
3589 518 3641 575 id
3687 528 3776 575 cst

2184 613 2458 679 Gcrmias.
2512 614 2708 670 urbem
2741 613 2990 670 Galatiaa.
3036 610 3367 685 Novetnhrio
3415 626 3546 666 vero
3581 626 3777 667 mense

2185 704 2436 762 introivit
2478 704 2804 777 Byzantium
2850 705 3086 762 Arethas
3124 703 3393 775 patricius
3431 712 3485 758 et
3511 704 3776 774 princeps

2185 800 2363 858 tribus
2407 798 2838 863 Saracenorum,
2873 799 3051 856 debita
3088 796 3304 855 deferre
3343 797 3664 868 imperatori
3707 798 3777 851 ti-

2184 894 2383 952 liorum
2410 909 2635 951 suorum
2660 893 2830 950 debiti
2870 892 3125 966 gratiam,
3154 901 3214 948 ut
3247 890 3459 948 scilicet
3494 897 3620 961 post
3646 888 3777 946 obi-

2184 994 2299 1041 tum
2328 1002 2489 1042 suum
2531 994 2783 1042 tenerent
2814 983 3180 1057 principatum
3209 982 3389 1039 tribus
3426 996 3561 1038 suae.

2254 1078 2560 1138 Tricesimo
2599 1088 2797 1137 octavo
2842 1076 3058 1149 imperii
3089 1075 3387 1132 Justiniani
3418 1090 3564 1131 anno
3593 1072 3774 1146 Euty-

2183 1176 2344 1234 clrius
2405 1175 2718 1246 patriarcha
2772 1168 3425 1242 Constantinopolitanus
3481 1168 3778 1238 depositus

2183 1278 2345 1327 estet
2378 1270 2431 1323 in
2464 1267 2720 1325 exsilium
2743 1266 2995 1323 missusa
3019 1261 3333 1321 Justiniano
3362 1259 3417 1314 in
3449 1257 3777 1323 Amusiarn;

2181 1370 2236 1419 et
2276 1361 2456 1418 factus
2500 1371 2585 1418 cst
2614 1374 2713 1433 pro
2742 1375 2808 1415 eo
2852 1357 3094 1414 Joannes
3127 1372 3191 1413 ex
3235 1351 3613 1419 scholasticis,
3644 1364 3777 1405 cum

2182 1466 2329 1513 esset
2357 1456 2754 1528 apocrisiarius
2783 1441 3086 1509 Antiochiae
3128 1465 3343 1521 magna:
3385 1455 3439 1503 et
3482 1445 3781 1518 presbyter

2182 1551 2424 1621 ejusdem
2447 1549 2718 1606 ecclesias.
2748 1546 2957 1603 Eodem
2984 1561 3130 1601 anno
3158 1542 3506 1599 Justinianus
3530 1540 3779 1609 impera-

2184 1654 2269 1701 tor
2306 1643 2375 1701 de
2413 1641 2763 1715 corruptibili
2813 1648 2869 1697 ct
2922 1637 3326 1709 incorruptibili
3367 1636 3566 1706 dogma
3615 1647 3780 1688 com-

2184 1754 2433 1804 movens,
2465 1736 2647 1794 edicto
2680 1735 2883 1806 ubique
2914 1733 3096 1789 alieno
3123 1748 3153 1787 a
3188 1731 3390 1803 pietate
3414 1725 3775 1789 transmisso,

497 1822 710 1879 lsacius
749 1821 965 1894 argenti
1010 1821 1266 1879 venditor
1292 1829 1348 1877 et
1398 1820 1703 1878 Belisarius
1742 1820 2081 1894 gloriosissi-
2112 1806 2156 1861 Β
2185 1830 2296 1888 ι)υο
2325 1836 2750 1901 prmoccupante
2790 1826 3087 1884 defunctus
3119 1829 3225 1888 est,
3276 1834 3398 1875 cum
3445 1818 3779 1888 imperasset

500 1931 621 1973 mus
654 1915 919 1987 patricius
951 1914 1212 1972 conscius
1251 1913 1567 1985 hujusmodi
1598 1914 1760 1971 fuerit
1795 1914 2081 1971 machina-

499 2005 691 2072 menti,
736 2014 792 2063 et
822 2004 1015 2078 Victus
1055 2005 1413 2075 pecuniarum
1464 2004 1727 2061 venditor
1768 2012 1824 2060 et
1873 2003 2081 2061 Paulus

498 2109 724 2157 curator
761 2097 1009 2168 ejusdem
1054 2096 1307 2154 Belisarii
1354 2096 1644 2152 consilium
1680 2097 1933 2154 scierint.
1975 2096 2080 2165 Qui

500 2191 883 2264 comprehensi
918 2200 976 2248 et
1017 2189 1204 2247 traditi
1245 2187 1519 2260 Procopio
1552 2190 1810 2261 praefecto
1837 2189 2079 2247 confessi

500 2293 650 2350 sunt,
686 2292 739 2339 et
779 2282 1038 2339 dixerunt
1068 2282 1136 2339 de
1167 2281 1457 2348 Belisarii),
1490 2283 1587 2353 qui
1627 2297 1753 2337 mox
1791 2281 1971 2338 factus
1997 2288 2081 2339 est

501 2378 853 2451 imperatoris
902 2376 1007 2434 sub
1042 2376 1148 2434 ira.
1188 2373 1343 2431 Multi
1391 2390 1522 2431 vero
1548 2381 1602 2431 et
1649 2373 1775 2448 fuga
1814 2374 1897 2431 usi
1928 2382 2077 2431 sunt.

499 2472 713 2530 interea
738 2471 928 2543 quinta
961 2470 1052 2533 die
1101 2469 1311 2545 mensis
1370 2469 1679 2528 Decembrii
1730 2470 1859 2524 fecit
1900 2471 2076 2542 impe-

499 2575 653 2624 rator
702 2564 1007 2631 silentium,
1056 2563 1341 2620 adducens
1389 2570 1443 2631 et
1493 2563 1865 2635 patriarcham
1911 2562 2081 2634 Euty-

499 2659 709 2727 chium,
733 2668 789 2715 et
820 2658 1020 2727 iubens
1052 2671 1241 2713 eorum
1278 2656 1500 2713 recitari
1542 2656 2081 2724 ronfessiones.Quo

504 2752 695 2809 audito
741 2750 1040 2823 Belisarius
1082 2750 1288 2822 ingenti
1320 2758 1406 2807 est
1443 2764 1679 2807 mmrore
1714 2758 1995 2821 gravatus,
2028 2758 2082 2803 et

505 2845 729 2911 mittens
778 2844 1081 2917 imperator
1125 2842 1543 2916 comprehendit
1587 2858 1777 2900 omnes
1833 2844 2081 2900 homines

502 2937 645 3008 ejus,
691 2944 747 2994 et
797 2936 978 3008 ipsum
1023 2934 1172 2991 domi
1218 2934 1409 2992 sedere
1464 2936 1725 3007 praecepit
1770 2936 2084 2992 custodien-

504 3031 660 3087 dum.
703 3028 920 3087 Interea
944 3042 1135 3084 mense
1168 3026 1521 3093 Decembrio,
1554 3028 1817 3084 vicesima
1851 3029 1958 3095 die,
1997 3029 2081 3084 fa-

2182 1925 2408 1998 triginta
2467 1932 2595 1981 octo
2657 1921 2839 1986 annis,
2897 1917 3184 1975 mensibus
3219 1920 3430 1987 septem
3473 1919 3530 1966 et
3572 1909 3783 1965 diebus

2183 2020 2467 2088 tredecim,
2499 2027 2552 2075 et
2581 2016 2815 2074 ellicitur
2856 2013 3020 2086 hujus
3064 2024 3355 2068 successor
3384 2005 3637 2063 Justinus
3665 2018 3776 2059 cu-

2182 2114 2483 2184 ropolates.
2528 2112 2733 2168 Eodem
2782 2124 2929 2164 anno
2975 2101 3349 2163 leeodosiani
3399 2108 3453 2156 et
3496 2096 3779 2168 Gajanitze

2183 2210 2326 2281 apud
2382 2204 2774 2264 Alexandriam
2825 2202 3101 2259 aediﬁcare
3161 2201 3452 2266 creuerunt
3498 2192 3779 2249 concilia-

2182 2302 2333 2367 bula,
2365 2308 2414 2355 et
2445 2297 2802 2369 praevalentes
2831 2293 3100 2364 Gajanitse
3124 2290 3445 2364 episcopum
3483 2282 3591 2341 sibi
3631 2297 3779 2339 con-

2182 2396 2540 2447 secraverunt
2565 2386 2875 2459 Helpidium
2900 2381 3351 2439 archidiaconum
3377 2391 3540 2433 suum
3562 2393 3578 2443 ;
3602 2389 3774 2445 quem

2183 2486 2484 2557 imperator
2514 2483 2757 2539 vinctum
2806 2478 2998 2535 venire
3031 2472 3313 2548 prmecpit.
3340 2472 3599 2547 cumque
3620 2469 3781 2525 veni-

2183 2588 2267 2635 ret
2316 2593 2414 2650 per
2463 2576 2685 2649 Segrin,
2724 2584 2975 2631 mortuus
3022 2580 3126 2629 est.
3180 2568 3354 2624 Porro
3396 2564 3774 2621 Theodosiani

2186 2672 2517 2729 Dorothcum
2536 2668 2752 2727 occuite
2771 2674 2941 2725 noctu
2967 2666 3290 2737 episcopum
3329 2661 3433 2718 sibi
3468 2658 3775 2715 ordinave-

2185 2772 2336 2829 runt,
2372 2762 2501 2819 etin
2539 2777 2709 2819 unum
2741 2757 3132 2817 convenientes
3159 2763 3271 2811 tarn
3300 2750 3571 2823 Gajanita‘.
3600 2763 3773 2819 quam

2184 2856 2551 2915 Theodosiani
2590 2868 2942 2911 communem
2980 2840 3305 2924 episcopum
3349 2846 3451 2903 sibi
3496 2842 3775 2900 inthroui-

2184 2958 2471 3008 zarerunt.
2513 2947 2813 3020 Cujusdam
2853 2953 3035 3005 autem
3076 2943 3292 3000 abbatis
3353 2939 3581 2996 barbam
3629 2935 3777 3007 pelle

2188 3052 2242 3101 ct
2280 3059 2450 3112 carne
2495 3040 2943 3099 decoriaverunt.
2988 3037 3197 3094 Taliter
3247 3034 3636 3092 haereticorum
3672 3029 3777 3085 de-

504 3132 593 3182 eta
617 3131 749 3181 sunt
776 3121 1019 3179 encaenia
1058 3120 1536 3193 Constantinopoli
1583 3119 1800 3192 Magna:
1831 3121 2082 3178 ccclesim
2108 3174 2152 3233 ο
2190 3138 2393 3195 meum
2433 3152 2624 3209 gerem
2661 3134 2975 3199 εοηευενίι,
3001 3132 3141 3200 εειαο
3177 3138 3236 3186 ιιι
3274 3144 3337 3186 ea
3366 3143 3491 3200 qum
3522 3139 3776 3201 pagano-

695 3215 737 3233 .-
811 3214 969 3233 ..μμ
2002 3213 2046 3233 ρ,
2595 3228 2608 3233 _
2700 3230 2710 3233 _

506 3215 768 3274 secundo.
810 3214 979 3294 Porro
1008 3213 1213 3286 vigilia:
1249 3214 1565 3269 eorumdem
1598 3213 1968 3269 eucacniorum
2002 3213 2083 3269 fa-

505 3320 605 3367 cta:
644 3317 773 3366 sunt
800 3310 943 3380 apud
977 3308 1035 3367 S.
1069 3307 1379 3374 Platonem,
1408 3316 1461 3363 et
1490 3308 1658 3363 exivit
1690 3306 1816 3362 inde
1844 3307 2084 3379 patriar-

505 3404 609 3460 cha
632 3402 1182 3472 Constantinopoleos
1220 3399 1523 3473 Eutychius
1555 3415 1682 3456 cum
1724 3400 1921 3460 letania
1944 3414 2084 3472 prte-

506 3507 659 3555 sente
680 3498 1032 3568 imperatore,
1064 3494 1263 3552 sedens
1292 3497 1345 3550 in
1377 3494 1568 3550 eodem
1598 3493 1847 3551 vehiculo
1871 3501 1926 3549 et
1954 3508 2084 3564 por-

505 3603 629 3648 tans
712 3590 1080 3662 apostolicum
1142 3589 1385 3644 habitum
1443 3598 1501 3644 et
1556 3596 1755 3645 tenens
1830 3597 2079 3645 sanctum

507 3687 884 3759 Erangelium,
930 3684 1148 3749 cunctis
1187 3683 1593 3756 psallentihus:
1633 3683 1827 3739 Tollite
1875 3691 2079 3754 portas.

507 3780 708 3838 Eodem
740 3793 927 3834 mense
954 3785 1128 3849 captae
1156 3786 1285 3832 sunt
1316 3762 1564 3848 quaedam
1608 3784 1793 3847 partes
1821 3775 2024 3839 Africae
2050 3791 2082 3832 a

506 3872 827 3928 Mauritauis
883 3854 1299 3941 insurgentibus
1353 3869 1620 3928 adversus
1656 3868 1900 3926 Africam
1952 3871 2080 3926 ita:

504 3967 768 4025 Ctttzinas
825 3964 1048 4019 neruine
1076 3962 1299 4035 quidam
1334 3977 1401 4018 ex
1446 3964 1563 4034 ipsa
1603 3974 1764 4035 gente
1805 3962 2082 4020 exarchus

505 4060 937 4117 Mauritanorum
985 4057 1224 4113 habebat
1266 4056 1723 4114 consuetudinem
1776 4055 2081 4129 accipiendi

504 4172 534 4209 a
571 4154 817 4226 principe
874 4151 1092 4216 Afr-iere,
1135 4150 1230 4224 qui
1277 4165 1378 4223 per
1425 4160 1641 4222 tempus
1680 4158 1821 4218 erat,
1870 4157 2079 4207 certam

504 4248 865 4319 quantitatem
891 4247 1033 4300 auri.
1068 4245 1205 4301 Cum
1235 4254 1416 4301 autem
1454 4245 1696 4301 venisset
1724 4252 1782 4300 ut
1807 4243 2081 4317 acciperet

504 4340 662 4406 illud,
702 4336 944 4394 Joannes
968 4337 1227 4408 princeps
1272 4334 1468 4393 Africa;
1490 4335 1692 4393 occidit
1729 4351 1875 4392 eum.
1907 4334 2081 4392 Porro

504 4435 927 4490 insurrexerunt
980 4428 1073 4484 lilii
1118 4427 1365 4485 Cutzina:
1412 4427 1760 4485 vindicantes
1788 4438 2077 4501 paternum

2186 3247 2310 3288 rum
2338 3239 2469 3288 sunt
2499 3228 2780 3286 multoties
2812 3233 3128 3299 operentur.

2258 3321 2442 3378 Mundi
2464 3336 2612 3377 anno
2643 3318 2811 3388 6058,
2827 3318 3027 3375 divinae
3054 3312 3456 3374 incarnationis
3472 3326 3619 3367 anno
3636 3310 3771 3376 558,

2185 3413 2427 3470 Joannes
2474 3410 2734 3467 Romana:
2774 3418 2972 3482 prmest
3001 3406 3281 3464 Ecclesize.
3306 3404 3557 3462 Justinus
3592 3402 3775 3473 impe-

2187 3515 2294 3574 rat,
2326 3520 2497 3577 nepos
2533 3504 2854 3569 Justiniani,
2885 3509 3187 3558 coronatus
3215 3516 3244 3555 a
3280 3499 3491 3557 J'oanne
3522 3496 3774 3569 patriar-

2186 3599 2312 3657 clla.
2339 3596 2472 3653 Erat
2503 3603 2687 3653 autem
2716 3595 2942 3651 natione
2963 3591 3573 3665 Tbrax,magnanimus
3599 3598 3774 3659 atque

2185 3694 2252 3750 ad
2296 3692 2480 3748 omnia
2516 3704 2769 3761 prosper.
2794 3687 3040 3749 Habebat
3070 3697 3251 3743 autem
3291 3692 3347 3740 et
3379 3698 3606 3739 uxorem
3646 3680 3768 3735 So-

2188 3786 2371 3857 phiam
2396 3786 2640 3852 nomine,
2671 3798 2836 3856 quam
2872 3790 2929 3839 et
2957 3781 3243 3840 coronavit
3276 3781 3600 3852 Augustam.
3622 3776 3770 3833 Cum

2187 3888 2372 3936 autem
2410 3888 2559 3935 esset
2585 3877 2741 3949 pius,
2778 3874 3070 3932 adornavit
3112 3872 3383 3930 ecclesias
3409 3887 3548 3944 quas
3592 3868 3770 3925 Justi-

2186 3968 2391 4024 nianus
2427 3964 2819 4030 :edificaverat,
2852 3971 2964 4019 tam
3011 3962 3269 4019 videlicet
3306 3960 3555 4032 Magnam
3581 3958 3766 4015 eccle-

2186 4063 2327 4123 siam
2361 4072 2416 4120 et
2444 4069 2669 4120 sanctos
2703 4060 2986 4133 apostolos
3018 4076 3185 4131 quam
3224 4059 3361 4116 alias
3414 4056 3680 4115 ecclesias
3706 4061 3769 4109 et

2185 4156 2551 4224 monasteria,
2589 4154 2807 4212 donans
2838 4155 2923 4212 eis
2953 4153 3247 4211 thesauros
3273 4162 3326 4209 et
3357 4166 3577 4219 omnem
3618 4150 3767 4206 redi-

2184 4262 2298 4309 tum
2325 4268 2342 4320 ;
2371 4257 2601 4323 eratque
2629 4248 2973 4306 orthodoxus
3003 4246 3183 4313 valde,
3216 4254 3269 4303 et
3284 4245 3437 4301 misit
3468 4244 3765 4299 Pltotinum

2183 4345 2540 4414 monachum,
2588 4344 2903 4418 privignum
2942 4342 3190 4400 Belisarii
3247 4339 3489 4413 patricii,
3521 4340 3664 4395 dans
3708 4339 3763 4395 ei

2182 4448 2510 4515 potestatem
2561 4447 2754 4495 contra
2805 4452 3023 4493 omnem
3067 4450 3386 4508 personam,
3427 4444 3482 4489 ει
3531 4447 3758 4489 causam

499 4538 809 4599 acceptum,
860 4533 917 4582 et
953 4524 1125 4581 erecti
1203 4528 1396 4579 contra
1449 4521 1600 4577 illam
1654 4528 1919 4593 ceperunt
1954 4518 2078 4591 ejus
2110 4550 2154 4606 ο
2183 4533 2509 4607 “emendi
2557 4531 2834 4590 Ecclesias
2857 4532 3144 4589 universas
3171 4529 3391 4602 Em,“
3423 4538 3482 4584 οι
3523 4528 3762 4584 Alcm...

502 4632 686 4693 partes
721 4621 935 4693 aliquas
971 4618 1366 4688 depraedantes.
1418 4614 1722 4685 Imperator
1760 4613 1947 4686 itaque
1974 4614 2079 4669 hoc

498 4717 685 4791 agnito
724 4713 872 4771 misit
911 4714 967 4768 in
996 4710 1260 4766 auxilium
1292 4707 1488 4764 Africae
1509 4707 1848 4764 Marcianum
1890 4707 2079 4780 magi-

499 4820 674 4869 strum
693 4809 1219 4877 militum,nepotem
1250 4817 1434 4867 suum,
1457 4816 1582 4856 cum
1612 4800 1858 4858 exercitu
1885 4800 1952 4855 ad
1980 4816 2078 4872 pa-

497 4905 800 4965 cificandos
820 4902 1040 4957 Mauros
1066 4917 1083 4962 ι
1115 4909 1170 4956 et
1199 4897 1586 4954 confluxerunt
1607 4896 1673 4952 ad
1713 4910 1862 4963 eum,
1886 4894 2078 4965 sicque

501 5016 633 5072 pace
666 4999 834 5071 potita
876 5009 958 5053 est
983 4995 1191 5050 Africa.
1224 4992 1429 5048 Eodem
1452 4992 1917 5062 annoimperator
1947 4990 2074 5061 qui-

501 5093 728 5149 busdam
757 5088 1099 5145 turbationes
1128 5083 1609 5154 Constantinopoli
1638 5082 2073 5146 concitantibus,
2106 5112 2113 5119 -

500 5186 725 5258 pollices
771 5180 1007 5238 abscidit
1044 5196 1234 5236 eorum
1290 5179 1559 5235 duntaxat
1587 5177 1679 5247 qui
1721 5192 1842 5232 cum
1879 5175 2078 5250 gladiis

500 5288 899 5355 pugnaverunt.
943 5277 1313 5334 Nonadccima
1360 5292 1494 5329 vero
1525 5275 1613 5331 die
1645 5274 1822 5329 Martii
1868 5274 2076 5331 mensis

498 5377 777 5431 admissus
801 5381 886 5429 est
924 5371 1225 5428 Belisarins
1256 5370 1523 5442 patricius
1551 5370 1787 5438 receptis
1816 5369 2077 5425 omnibus

498 5468 858 5543 dignitatibus
914 5467 1053 5523 suis.
1120 5466 1320 5521 Eodem
1376 5479 1523 5521 anno
1584 5470 1851 5518 venerunt
1913 5462 2073 5531 legati

502 5562 702 5621 Ascelti
734 5562 880 5634 regis
902 5559 1419 5625 Ermechionorum,
1447 5558 1540 5628 qui
1573 5556 1785 5629 positus
1816 5564 1898 5612 est
1929 5556 2075 5611 intra

498 5656 873 5714 Barbarorum
910 5663 1126 5724 gentem
1165 5652 1320 5721 juxta
1348 5651 1658 5720 Oceanum,
1683 5649 2076 5707 Constantino-

502 5754 691 5823 palim.

571 5846 754 5902 Mundi
782 5865 924 5904 antro
943 5846 1101 5902 6056.
1130 5844 1326 5901 divina'.
1358 5842 1749 5899 incarnationis
1776 5855 1917 5897 anno
1947 5840 2070 5909 556,

2181 4630 2336 4687 dria’.

2255 4722 2513 4781 Secundo
2554 4736 2701 4777 anno
2736 4719 2955 4792 imperii
2987 4717 3187 4775 Justini
3232 4716 3518 4773 [Etherius
3556 4724 3615 4771 et
3645 4717 3759 4770 Au-

2182 4817 2328 4882 dius,
2382 4832 2445 4872 ac
2478 4816 2725 4872 medicus
2779 4814 2873 4886 qui
2932 4829 3061 4869 cum
3122 4813 3258 4883 ipsis
3318 4825 3458 4874 erat,
3515 4809 3775 4871 insidiati

2181 4906 2513 4965 sunteidem
2545 4907 2861 4977 imperatori
2895 4903 3151 4971 Justino;
3198 4905 3291 4974 qui
3334 4903 3537 4975 cogniti
3583 4902 3758 4956 inter-

2184 5002 2312 5058 fecti
2346 5011 2478 5057 sunt
2504 4998 2710 5072 gladio.
2744 4998 2945 5054 Eodem
2994 5013 3141 5053 anno
3185 4997 3395 5067 Agatho
3428 4996 3757 5063 monachus,

2183 5094 2357 5152 frater
2411 5093 2737 5165 Apollinarii
2803 5091 3045 5162 episcopi
3097 5089 3477 5153 Alexandrini,
3529 5090 3760 5145 veniens

2183 5186 2572 5243 Alexandriam
2617 5202 2903 5241 sermones
2948 5185 3260 5248 habiturus,
3302 5190 3359 5239 et
3400 5183 3759 5239 Eustochium

2182 5282 2539 5347 monachum,
2569 5278 2660 5351 qui
2686 5295 2919 5350 magnus
2949 5289 3065 5333 erat
3087 5288 3139 5333 ct
3167 5292 3489 5333 mccnomus
3516 5276 3760 5331 Alexan-

2180 5374 2335 5441 driae,
2367 5374 2633 5429 custodiae
2667 5372 3019 5443 mancipavit,
3045 5371 3138 5440 qui
3185 5386 3279 5439 per
3313 5378 3515 5424 tet-tum
3540 5368 3757 5440 fugiens

2184 5468 2331 5523 venit
2360 5465 2707 5539 Byzantium,
2742 5466 2981 5521 Macario
3015 5474 3146 5520 tunc
3187 5464 3423 5520 factione
3469 5463 3632 5535 pulso
3659 5478 3757 5517 ec-

2180 5560 2371 5628 clesia,
2404 5570 2460 5616 et
2488 5569 2846 5617 consecratus
2876 5570 2963 5615 est
3016 5558 3345 5615 liustochius
3376 5572 3477 5629 pro
3518 5555 3761 5612 Macario

2177 5652 2473 5724 episcopus
2494 5652 2910 5724 Hierosolymis.

2251 5745 2437 5803 Tettio
2491 5747 2706 5813 imperii
2751 5746 2952 5803 Justini
3011 5761 3176 5803 nem).
3235 5745 3519 5801 accersitis
3551 5743 3758 5813 Sophia

2180 5841 2425 5912 piissime
2479 5842 2713 5913 Augusta
2752 5843 3107 5912 pecuniarum
3163 5840 3537 5897 venditoribus
3565 5844 3616 5894 ct
3652 5851 3759 5893 no-
