4038 6298
513 380 642 447 12³11

1594 383 1994 444 ANASTASII
2058 383 2687 446 DlBLIOTI—IECARU

3632 390 3763 461 1272

510 497 565 553 in
597 495 795 550 diebus
825 493 1160 567 insignibus.
1195 493 1327 550 Erat
1374 504 1554 550 autem
1597 495 1894 565 imperator
1931 495 2084 565 pedi-
2113 505 2160 559 Α
2189 495 2444 554 Tiberius
2463 499 2684 555 mittens
2703 499 2859 555 duxit
2885 501 3233 560 Anastasiam
3257 501 3549 574 coniugem
3579 517 3756 565 suam,

509 588 612 644 bus
639 595 851 658 captus,
885 603 948 642 ac
978 603 1072 658 per
1105 589 1208 642 hoc
1239 588 1412 657 magis
1446 589 1501 643 in
1540 588 1739 643 lectulo
1761 588 1974 658 iacens.

585 679 887 737 Undecimo
919 681 1137 752 imperii
1181 683 1267 737 sui
1298 699 1441 738 anno
1482 685 1790 740 construxit
1829 683 2082 740 Justinus

511 791 765 845 magnum
787 776 1168 846 aquaeductum
1194 776 1468 842 Valentis,
1501 787 1552 832 et
1585 777 1817 848 largitus
1847 788 1931 834 est
1959 778 2080 833 urbi

509 867 874 937 dapsilitatem
914 885 1205 939 aquarum.

583 961 919 1018 Duodecimo
943 964 1153 1032 imperii
1191 965 1276 1021 sui
1322 981 1468 1020 anno
1505 965 1758 1022 Justinus
1783 967 2083 1036 imperator

511 1068 843 1123 synagogam
881 1053 1254 1120 Hebraeorum,
1310 1073 1431 1127 quae
1461 1066 1579 1112 erat
1609 1057 2082 1127 Constantinopoli

510 1141 569 1198 in
605 1144 1026 1216 Chalcopratiis,
1086 1147 1322 1200 ablatam
1378 1148 1446 1202 ab
1489 1149 1570 1202 eis
1617 1146 1745 1202 fecit
1795 1147 2082 1202 ecclesiam

511 1231 756 1292 Domina:
771 1247 973 1293 sanctae
1006 1247 1206 1294 nostra:
1234 1238 1328 1296 Dei
1353 1239 1650 1296 Genitricis
1672 1257 1687 1305 ;
1712 1256 1837 1311 qua:
1874 1239 2085 1310 Magna:

513 1328 757 1397 proxima
783 1339 868 1385 est
895 1330 1163 1386 ecclesize.

583 1418 988 1477 Tertiodecimo
1014 1423 1226 1492 imperii
1256 1420 1458 1479 Justini
1489 1439 1655 1493 anno,
1696 1421 1906 1480 Joanne
1935 1424 2083 1479 Con—

510 1513 1004 1585 stantinopolitano
1034 1514 1294 1571 defuncto
1328 1516 1610 1587 episcopo,
1662 1517 1961 1589 Eutychius
1994 1532 2084 1572 re-

509 1609 657 1677 cepit
694 1606 892 1663 iterato
927 1608 1181 1664 thronum
1212 1610 1468 1664 eundem.
1515 1611 1584 1663 At
1619 1626 1748 1666 vero
1788 1612 2088 1681 imperator

509 1699 908 1768 inlirmatus,et
930 1701 1229 1770 pauxillum
1262 1717 1291 1757 a
1316 1703 1578 1773 languore
1600 1702 1890 1766 demissus,
1923 1702 2087 1758 advo—

510 1791 654 1848 cavit
693 1799 804 1846 tam
849 1793 1160 1864 pontiﬁcem
1191 1802 1246 1849 et
1278 1805 1529 1848 senatum
1566 1809 1731 1864 quam
1765 1808 1958 1850 omnes
1991 1808 2084 1848 sae

509 1882 762 1940 cerdotes
793 1893 846 1939 et
876 1884 1046 1951 cives,
1095 1895 1146 1940 et
1183 1883 1420 1940 adducto
1477 1886 1695 1942 Caesare
1740 1884 1963 1941 Tiberio
1993 1901 2088 1954 pa-

509 1973 616 2030 lam
675 1976 933 2057 omnibus
984 1977 1280 2048 appellavit
1334 1993 1458 2032 eum
1523 1977 1912 2048 imperatorem
1944 2017 1959 2042 ,
2001 1977 2089 2034 his

508 2068 860 2151 sermonibus
912 2085 1044 2126 usus
1085 2088 1099 2125 :
1145 2068 1279 2124 Ecce
1323 2069 1481 2134 Deus,
1536 2069 1627 2139 qui
1682 2070 1932 2136 benefecit
1970 2069 2086 2124 tibi.

511 2147 669 2216 Hunc
689 2147 926 2217 habitum
957 2161 1094 2218 Deus
1129 2162 1228 2217 tibi
1262 2162 1427 2230 dedit,
1469 2179 1571 2218 non
1617 2179 1710 2231 ego
1733 2176 1753 2215 :
1791 2163 1994 2218 honora
2022 2162 2090 2216 il-

510 2254 643 2320 lum,
677 2264 732 2310 ut
752 2264 804 2308 tu
837 2273 1038 2328 quoque
1059 2256 1330 2311 honoraris
1362 2258 1426 2311 ab
1454 2258 1586 2325 ipso.
1618 2255 1837 2312 Honora
1867 2267 2089 2310 matrem

512 2357 682 2414 luant,
721 2366 838 2420 quae
887 2351 1175 2420 aliquando
1219 2359 1311 2404 tua
1349 2352 1566 2404 domina
1597 2351 1722 2420 fuit.
1757 2349 1917 2406 Nosti
1950 2349 2087 2421 quod

509 2445 736 2512 primum
766 2446 881 2514 ejus
926 2461 1102 2499 servus
1149 2446 1339 2515 fueris,
1390 2462 1527 2499 nunc
1572 2456 1748 2499 autem
1799 2446 1966 2513 ﬁlius.
2007 2443 2088 2499 Ne

508 2537 794 2605 gratuleris
823 2537 876 2590 in
903 2538 1282 2608 sanguinibus;
1318 2555 1380 2592 ne
1404 2539 1756 2593 communices
1789 2538 1842 2590 in
1871 2536 2091 2592 [tantici-

509 2628 634 2697 dio;
671 2646 734 2684 ne
763 2630 961 2684 malum
981 2647 1073 2698 pro
1108 2630 1246 2686 malo
1272 2631 1495 2694 reddas;
1533 2647 1595 2685 ne
1637 2631 1690 2684 in
1733 2629 1876 2684 malo
1907 2629 2091 2682 iniuri-

511 2724 651 2776 citia:
687 2709 885 2778 similis
927 2725 1056 2778 mihi
1107 2725 1386 2794 efﬁciaris.
1439 2725 1548 2793 Ego
1583 2725 1744 2788 enim,
1801 2732 1858 2776 ut
1911 2723 2086 2785 homo,

511 2815 723 2885 culpavi
752 2831 771 2872 :
801 2818 990 2871 etenim
1041 2828 1090 2872 et
1126 2817 1407 2886 culpabilis
1455 2817 1629 2887 factus
1670 2833 1808 2880 sum,
1834 2827 1883 2870 et
1921 2816 2091 2884 recepi

514 2911 795 2963 secundum
821 2920 1036 2978 peccata
1065 2926 1218 2975 mea;
1260 2910 1349 2965 sed
1381 2926 1598 2963 causam
1635 2908 1833 2963 habebo
1860 2925 1975 2961 cum
2007 2907 2089 2962 his

511 3001 602 3070 qui
629 3001 727 3054 hoe
768 3002 901 3056 mihi
949 3004 1208 3071 fecerunt,
1252 3011 1374 3056 ante
1408 3002 1646 3056 tribunal
1693 2999 1912 3056 Christi.
1965 3000 2090 3056 Non

511 3093 668 3148 elevet
697 3103 744 3148 te
764 3095 849 3148 hic
877 3094 1087 3149 habitus
1126 3094 1570 3164 quemadmodum
1610 3110 1710 3148 me.
1760 3092 1850 3148 Sic
1882 3093 2090 3147 attende

513 3186 755 3240 omnibus
783 3187 922 3241 sicut
957 3187 1074 3240 tibi.
1119 3186 1265 3242 Scito
1296 3186 1424 3258 quid
1461 3187 1646 3256 fueris,
1692 3196 1739 3241 et
1777 3187 1896 3257 quis
1935 3186 2089 3240 modo

510 3281 758 3335 exsistas.
797 3277 882 3334 Ne
905 3278 1202 3350 superbius,
1241 3289 1290 3335 et
1323 3296 1426 3334 non
1465 3280 1726 3348 peccabis.
1784 3277 1946 3332 Nosti
1973 3277 2090 3349 quis

513 3374 704 3443 fuerim
730 3382 778 3428 et
806 3374 922 3444 quis
958 3372 1132 3444 factus
1174 3374 1468 3429 exstiterim
1501 3383 1550 3426 et
1579 3373 1856 3427 exsistam.
1899 3371 2091 3428 Omnes
2121 3436 2123 3439 η

514 3464 605 3520 isti
630 3464 732 3534 ﬁlii
761 3466 838 3518 tui
867 3474 988 3519 sunt
1009 3472 1058 3518 et
1085 3464 1241 3518 servi.
1259 3463 1372 3518 Scis
1387 3464 1525 3533 quod
1539 3479 1650 3532 prce
1667 3461 1946 3516 visceribus
1965 3462 2090 3516 meis

514 3558 879 3613 honoraverim
912 3566 978 3611 te.
1004 3556 1117 3610 llos
1149 3572 1269 3610 cum
1296 3555 1493 3620 videas,
1543 3571 1719 3610 omnes
1742 3555 1830 3624 qui
1859 3563 1982 3609 sunt
2015 3554 2092 3608 rei

513 3651 735 3716 publica:
765 3649 926 3706 vides.
956 3647 1196 3703 Intende
1227 3647 1390 3702 militi
1433 3657 1546 3701 tuo.
1581 3644 1661 3700 Ne
1695 3646 1890 3701 milites
1921 3646 2092 3700 susci-

514 3745 652 3812 pias,
687 3759 748 3798 ne
777 3743 959 3797 dicant
996 3743 1089 3795 tibi
1117 3741 1331 3812 quidam
1360 3741 1485 3810 quia
1523 3739 1765 3794 decessor
1815 3750 1933 3792 tuus
1966 3738 2094 3792 tali-

520 3853 595 3889 ter
629 3845 964 3892 conversatus
999 3845 1097 3890 est.
1142 3833 1266 3889 (lac
1285 3834 1421 3887 enim
1458 3832 1596 3897 dico,
1630 3850 1661 3885 a
1684 3832 1869 3902 quibus
1901 3847 2090 3899 passus

517 3950 652 3988 sunt.
685 3934 790 4000 Qui
814 3933 1006 3987 habent
1041 3933 1393 3996 substantias,
1419 3929 1672 3998 fruantur
1709 3929 1783 3982 eis
1811 3944 1827 3982 :
1869 3927 1949 3981 his
1975 3942 2090 3980 vero

517 4029 609 4095 qui
643 4045 744 4083 non
791 4027 1090 4092 habuerint,
1140 4026 1302 4081 dona.
1354 4023 1418 4076 Et
1463 4023 1605 4078 facta
1644 4022 1893 4076 oratione
1933 4035 1961 4073 a
1996 4037 2091 4091 pa-

520 4121 783 4184 triarcha,
819 4135 943 4174 cum
985 4116 1256 4173 dixissent
1287 4131 1501 4180 omnes,
1523 4117 1717 4180 Amen,
1748 4111 1947 4168 cecidit
1976 4111 2093 4166 Cec-

522 4229 614 4269 sar
643 4213 708 4268 ad
741 4210 907 4282 pedes
948 4209 1321 4280 imperatoris,
1362 4218 1416 4264 et
1447 4207 1586 4262 dixit
1609 4207 1657 4262 ei
1688 4224 1701 4260 :
1732 4203 1793 4260 Si
1821 4206 1916 4268 vis,
1953 4221 2091 4270 sum,

520 4309 568 4361 si
611 4305 838 4371 non—uis,
874 4321 978 4358 non
1021 4320 1159 4357 sum.
1201 4301 1269 4357 Et
1305 4303 1606 4371 imperator
1650 4299 1724 4354 ait
1761 4318 1774 4355 :
1807 4297 1972 4359 Deus,
2003 4298 2095 4368 qui

521 4399 646 4466 fecit
674 4398 859 4452 caelum
889 4405 938 4450 et
971 4408 1188 4460 terram,
1210 4395 1319 4463 ipse
1345 4395 1524 4448 omnia
1558 4409 1675 4455 qua:
1699 4394 1870 4447 dicere
1899 4388 2092 4444 oblitus

521 4505 656 4555 sum,
683 4491 734 4542 in
769 4504 859 4542 cor
883 4498 1028 4540 tuum
1078 4487 1352 4540 immittat.
1388 4484 1559 4539 Porro
1590 4499 1715 4538 cum
1757 4482 1870 4537 iure
1907 4497 2096 4551 prose-

2183 599 2238 644 et
2290 590 2576 646 coronavit
2628 605 2750 645 eam
2805 601 3128 664 Augustam,
3183 604 3238 652 et
3286 593 3522 666 jactavit
3573 607 3757 665 rogam

2185 679 2436 736 multam.

2257 771 2510 829 Secundo
2543 773 2758 843 imperii
2787 771 2994 830 Tiberii
3032 789 3180 830 anno
3226 775 3580 832 Alexandriae
3620 773 3762 832 anti-

2186 874 2299 920 stes
2327 866 2561 920 habetur
2589 866 2836 921 ecclesia:
2865 867 3147 937 Eulogius.
3176 867 3323 923 Misit
3354 868 3566 923 interea
3593 867 3762 936 impe-

2187 964 2340 1010 rator
2389 955 2642 1012 Tiberius
2706 958 2773 1011 ad
2843 972 3026 1028 regem
3094 957 3386 1014 Persarum
3453 957 3760 1014 secundum

2187 1064 2421 1115 morem,
2458 1051 2722 1107 nuntians
2761 1050 3161 1122 promotionem
3202 1067 3396 1116 suam;
3428 1066 3540 1122 quo
3570 1065 3757 1121 pacem

2189 1160 2296 1200 non
2338 1145 2660 1201 admittente
2692 1145 2950 1202 Tiberius
2987 1162 3215 1218 magnas
3251 1146 3483 1201 virtutes
3525 1160 3760 1216 congre-

2187 1240 2357 1310 gavit,
2389 1250 2442 1295 et
2486 1241 2860 1296 disseminatis
2890 1241 3054 1312 regiis
3087 1240 3363 1296 thesauris
3399 1240 3603 1297 multos
3636 1239 3761 1296 fecit

2187 1331 2499 1398 exercitus,
2575 1347 2772 1388 creans
2840 1335 3162 1406 magistrum
3226 1333 3462 1387 militum
3521 1330 3760 1389 Orientis

2188 1422 2479 1492 quemdam
2515 1421 2916 1479 Justinianum.

2260 1516 2448 1570 Tertio
2477 1516 2692 1586 imperii
2720 1513 2930 1572 Tiberii
2965 1531 3111 1572 anno
3149 1533 3242 1572 rex
3279 1517 3572 1573 Persarum
3612 1531 3761 1572 sum-

2191 1611 2297 1680 ptis
2322 1609 2616 1664 virtutibus
2642 1609 2757 1664 suis
2785 1610 2840 1663 in
2871 1608 3186 1663 Armeniam
3211 1616 3485 1678 properat.
3516 1606 3761 1663 Audiens

2191 1713 2371 1758 autem
2413 1701 2791 1757 Romanorum
2843 1701 2953 1756 dux
3000 1717 3181 1773 regem
3213 1701 3505 1756 Persarum
3542 1715 3641 1772 per
3685 1713 3765 1754 se-

2190 1797 2483 1865 metipsum
2543 1795 2788 1867 praelium
2844 1795 3134 1856 initurum,
3189 1794 3479 1864 expeditus
3533 1792 3764 1849 effectus

2189 1906 2217 1945 e
2252 1897 2292 1944 t.
2331 1888 2520 1942 Timor
2549 1888 2692 1943 enim
2730 1887 3016 1958 ingressus
3049 1897 3135 1942 est
3177 1887 3229 1940 in
3265 1885 3527 1956 populum
3563 1884 3764 1939 Roma-

2191 1997 2410 2045 norum,
2445 1988 2500 2037 et
2535 1978 2740 2036 idcirco
2778 1979 3132 2036 Justinianus
3178 1977 3242 2032 ad
3283 1981 3516 2033 virtutes
3561 1991 3768 2033 sermo-

2191 2075 2354 2129 nibus
2394 2088 2531 2129 usus
2581 2072 2925 2143 compescuit
2979 2070 3294 2125 formidinis
3330 2085 3597 2140 pugnam.
3633 2067 3765 2122 Cum

2190 2175 2372 2222 autem
2419 2165 2620 2221 bellum
2668 2164 2822 2220 ﬁeret
2863 2172 2917 2219 et
2967 2163 3248 2233 sagittatio
3295 2162 3590 2217 Persarum
3627 2160 3767 2215 facta

2196 2258 2365 2313 multa
2396 2258 2611 2323 fuisset,
2643 2259 2713 2312 ita
2741 2266 2798 2312 ut
2823 2258 2989 2313 etiam
3024 2259 3233 2312 solares
3267 2253 3405 2310 radii
3431 2254 3768 2318 celarentur,

2191 2352 2320 2408 dum
2343 2352 2599 2407 videlicet
2627 2351 2856 2406 Romani
2894 2351 3084 2420 clipeis
3109 2349 3314 2419 jacula.
3350 2363 3472 2419 qua:
3511 2361 3580 2402 ex
3608 2360 3771 2399 arcu-

2193 2445 2298 2498 bus
2332 2443 2716 2507 mittebantur,
2752 2441 3092 2496 continuatis
3131 2441 3402 2512 projicere
3438 2438 3770 2493 niterentur.

2189 2536 2325 2591 Cum
2404 2546 2584 2590 autem
2644 2533 2918 2606 profunda
2983 2536 3317 2590 consisteret
3393 2533 3770 2587 Romanorum

2191 2629 2362 2692 acies,
2412 2627 2596 2684 Persa:
2639 2627 2784 2684 ferre
2844 2642 2950 2683 non
3001 2635 3278 2699 poterant,
3331 2628 3426 2684 sed
3477 2627 3529 2680 in
3593 2625 3773 2695 fugam

2192 2721 2428 2776 vertitur
2465 2719 2893 2792 Babyloniorum
2943 2728 3187 2786 caterva,
3223 2729 3276 2774 et
3311 2719 3591 2773 intereunt
3632 2717 3776 2770 tnui-

2193 2813 2460 2870 titudiues
2503 2814 2765 2885 copiosae.
2801 2814 3098 2886 Accipiunt
3133 2813 3340 2867 interea
3381 2819 3436 2866 et
3477 2809 3773 2866 Persarqu

2190 2907 2583 2977 supellectilem
2628 2915 2682 2962 et
2723 2905 2935 2976 regium
3030 2905 3451 2961 tabernaculum
3485 2912 3776 2973 totumque

2192 2998 2564 3055 clarissimum
2599 3010 2945 3070 apparatum.
2980 2997 3193 3055 Tenent
3222 3009 3402 3054 autem
3430 3005 3485 3052 et
3510 2997 3776 3068 elephan-

2195 3101 2277 3147 tes
2317 3091 2574 3158 Romani,
2628 3103 2680 3146 ct
2731 3092 2796 3146 ad
2833 3090 3114 3148 Tiberium
3161 3090 3386 3145 mittunt
3421 3090 3671 3160 insignes
3722 3095 3776 3144 et

2118 3225 2160 3284 ο
2194 3188 2380 3256 regias
2417 3187 2539 3240 illas
2585 3186 2835 3242 exuvias.
2872 3187 3059 3257 Itaque
3094 3185 3266 3256 legem
3301 3186 3454 3255 ponit
3479 3183 3772 3239 Persarum

2195 3295 2328 3347 rex,
2397 3279 2783 3336 confusionem
2859 3296 2965 3334 non
3039 3280 3264 3345 ferens,
3326 3293 3606 3347 nunquam
3660 3273 3772 3348 jam

2193 3370 2488 3428 Persarum
2527 3388 2710 3443 regem
2755 3373 2808 3426 in
2846 3373 3090 3442 praelium
3121 3385 3504 3442 egressurum.
3543 3370 3617 3424 At
3645 3381 3773 3422 vero

2193 3464 2479 3522 Romanus
2503 3466 2779 3521 exercitus
2809 3463 3050 3520 Persicis
3085 3464 3283 3534 adjecit
3307 3461 3596 3526 aerumnis,
3621 3469 3676 3516 et
3705 3457 3771 3512 ad

2195 3559 2387 3614 intima
2430 3557 2672 3613 Persidis
2703 3557 3038 3629 properavit,
3090 3564 3145 3612 et
3189 3555 3422 3610 multum
3469 3555 3583 3609 illic
3625 3555 3771 3610 exci-

2195 3655 2346 3712 dium
2383 3669 2437 3711 ct
2462 3655 2835 3724 captivitatem
2869 3652 3127 3724 patravit,
3162 3650 3489 3724 perveniens
3517 3650 3685 3704 etiam
3717 3650 3772 3705 in

2197 3749 2433 3806 medium
2471 3749 2730 3821 iiyrcauii
2768 3748 2958 3802 maris.
2993 3746 3129 3801 Cum
3172 3753 3352 3798 autem
3385 3745 3577 3816 hyems
3617 3745 3774 3799 ades-

2199 3851 2305 3906 set,
2337 3858 2441 3896 non
2488 3846 2874 3896 remeaverunt
2907 3837 3149 3905 Quirites
3196 3837 3264 3892 ad
3296 3836 3544 3908 propria.
3581 3835 3675 3890 sed
3719 3836 3770 3888 in

2197 3934 2422 3991 Perside
2452 3937 2698 4006 hyemcm
2731 3940 3141 4003 transegerunt.
3190 3933 3359 3986 Porro
3385 3929 3579 3984 eodem
3629 3943 3773 3982 anno

2196 4029 2366 4098 coepit
2399 4026 2670 4081 aedificare
2709 4025 2962 4080 Tiberius
2997 4023 3276 4092 publicum
3316 4021 3770 4083 Blachernarum,

2195 4127 2250 4177 et
2294 4119 2578 4174 renovavit
2633 4117 2836 4173 multas
2889 4117 3155 4172 ecclesias
3215 4123 3270 4170 et
3323 4113 3665 4169 xenodochia
3723 4120 3776 4165 ct

2195 4209 2642 4281 gerontocomia,
2693 4209 2974 4280 iussitque
3023 4224 3082 4264 se
3131 4207 3300 4264 scribi
3356 4207 3409 4261 in
3466 4205 3775 4274 phmniceis

2197 4307 2395 4362 litteris
2426 4304 2708 4362 Tiberium
2739 4303 3190 4360 Conatantinum.

2265 4398 2473 4465 Quarto
2505 4396 2718 4468 imperii
2751 4395 2958 4452 Tiberii
2998 4410 3144 4450 anno
3191 4401 3444 4448 mortuus
3485 4399 3570 4445 est
3615 4391 3776 4462 Euty-

2195 4491 2356 4546 chius
2404 4489 2739 4559 patriarcha,
2785 4497 2834 4544 et
2884 4498 3168 4556 promotus
3215 4483 3302 4542 est
3353 4492 3477 4555 post
3506 4483 3630 4539 dies
3681 4497 3774 4538 sex

522 4592 785 4653 queretur
818 4583 1136 4651 imperator,
1163 4578 1403 4648 replebat
1432 4578 1691 4648 laerymis
1729 4585 1904 4631 totum
1932 4575 2092 4630 colle-

2207 4583 2446 4640 Joannes
2501 4579 2826 4650 Jejunator,
2895 4581 3108 4650 Magna:
3161 4577 3405 4633 ecclesia:
3481 4575 3773 4630 diaconus.

521 4675 691 4745 g‘um.‘
719 4673 875 4740 Quod
927 4687 1051 4727 cum
1087 4672 1325 4727 solutum
1379 4670 1598 4734 fuisset,
1654 4668 1907 4723 Tiberius
1949 4667 2091 4722 dona

525 4767 763 4824 subditis
793 4767 1102 4837 impertitus
1132 4775 1236 4826 est,
1256 4773 1307 4820 et
1334 4779 1676 4835 quaecunque
1704 4762 1757 4817 in
1800 4762 2098 4832 imperato-

527 4865 601 4918 ris
630 4859 1090 4933 appellationibus
1129 4857 1299 4913 moris
1324 4856 1620 4911 exsistunt.

598 4951 780 5007 Mundi
808 4965 953 5005 anno
975 4949 1135 5014 607i,
1162 4949 1358 5002 divinas
1381 4945 1774 5001 incarnationis
1799 4959 1943 4999 anno
1967 4945 2095 5004 571.

529 5048 802 5114 imperare
858 5042 1024 5112 coepit
1069 5039 1324 5095 Tiberius
1372 5039 1660 5094 redimitus
1711 5038 1779 5092 ab
1829 5037 2100 5108 Entychio

531 5138 877 5208 patriarcha,
936 5151 1059 5190 cum
1112 5143 1260 5191 esset
1315 5142 1368 5188 et
1441 5134 1557 5202 ipse
1643 5146 1840 5202 genere
1893 5131 2098 5185 Thrax.

528 5235 775 5301 (quue
821 5232 1146 5300 imperaret,
1177 5227 1487 5282 clamabant
1535 5234 1717 5296 partes
1755 5242 1772 5278 :
1809 5225 2102 5280 Anastasio

533 5329 795 5394 Augusta,
847 5332 901 5375 tu
935 5322 1136 5374 vincas.
1169 5318 1350 5384 Salva,
1395 5319 1631 5385 domine,
1667 5335 1799 5389 quos
1846 5320 2104 5387 imperare

523 5407 762 5484 jussisti.
832 5412 1075 5468 Audiens
1145 5420 1325 5465 autem
1381 5410 1584 5480 SOphia
1638 5408 1846 5465 Justini
1897 5409 2100 5480 coniux

533 5521 797 5578 percussa
838 5517 925 5561 eSt
958 5505 1142 5559 animo
1174 5521 1187 5557 :
1216 5503 1430 5558 volebat
1478 5519 1715 5574 namque
1761 5503 1966 5558 nubere
2007 5501 2102 5556 Ti-

536 5602 684 5655 l'erio
710 5608 763 5654 et
790 5612 1111 5668 permanere
1142 5594 1389 5667 Augusta
1422 5614 1434 5649 :
1465 5596 1745 5650 nesciebat
1785 5595 1928 5649 enim
1957 5595 2101 5664 quod

533 5693 759 5748 haberet
791 5704 1043 5746 uxorem.
1092 5688 1325 5756 Quidam
1363 5697 1544 5743 autem
1578 5689 1833 5744 dicebant
1861 5688 2004 5760 quod
2049 5695 2102 5743 et

536 5781 590 5834 in
623 5780 729 5833 vita
759 5777 958 5834 Justini
995 5777 1299 5833 adamicata
1343 5776 1504 5833 luerit
1532 5779 1602 5839 ei,
1639 5786 1692 5833 et
1723 5781 1839 5848 ipsa
1877 5795 2101 5850 persua-

535 5874 665 5929 serit
720 5873 938 5930 Justino
992 5882 1049 5928 ut
1110 5889 1231 5928 cum
1290 5873 1553 5929 Cresnrem
1619 5873 1837 5930 laceret.
1901 5872 2098 5928 Verum

2197 4675 2503 4744 lrnperator
2536 4681 2720 4726 autem
2744 4669 3002 4726 Tiberius
3037 4670 3244 4741 emptis
3275 4669 3610 4740 corporibus
3645 4683 3777 4738 gen-

2199 4765 2378 4820 tilium
2440 4765 2726 4819 constituit
2783 4763 3034 4817 militiam
3089 4761 3144 4816 in
3203 4777 3399 4816 nomen
3453 4759 3774 4832 proprium,

2202 4859 2468 4913 amiciens
2501 4865 2553 4912 et
2587 4871 2806 4912 arntans
2842 4871 2937 4911 eos
2969 4855 3020 4908 in
3064 4854 3234 4909 millia
3261 4854 3598 4923 quindecim,
3641 4853 3779 4908 dans

2201 4955 2282 5009 eis
2327 4952 2524 5006 ducem
2573 4950 2897 5005 Mauricium
2954 4939 3208 5005 comitem
3259 4947 3674 5010 foederatorum,
3723 4955 3778 5001 et

2205 5047 2508 5103 subducem
2557 5044 2790 5110 Narsen,
2839 5052 2894 5098 et
2945 5043 3096 5096 misit
3145 5058 3242 5096 eos
3304 5049 3498 5095 contra
3559 5037 3775 5095 Persas.

2206 5138 2359 5194 Bello
2407 5145 2588 5192 autem
2642 5137 2785 5191 laeto
2821 5149 3018 5206 magno
3056 5135 3234 5189 valide
3267 5133 3499 5187 Romani
3541 5135 3778 5188 victores

2207 5235 2552 5300 eiliciuntur,
2605 5241 2659 5287 et
2706 5233 3055 5287 abstulerunt
3105 5245 3134 5283 a
3179 5228 3364 5283 Persis
3418 5228 3678 5282 civitates
3725 5237 3778 5284 et

2208 5328 2485 5396 regiones,
2517 5340 2656 5393 quas
2682 5323 2783 5378 sub
2811 5320 3130 5401 lnstiniano
3154 5325 3417 5390 ceperant
3455 5327 3509 5371 et
3536 5315 3774 5372 Justino.

2207 5421 2412 5476 Abiens
2453 5427 2636 5474 autem
2676 5416 2974 5471 Mauricius
3005 5411 3540 5481 ConstantinOpolim
3585 5425 3778 5466 susce-

2207 5520 2331 5577 ptus
2377 5520 2462 5565 est
2508 5512 2576 5563 ab
2626 5509 2958 5578 imperatore
3007 5521 3132 5560 cum
3181 5502 3390 5572 ingenti
3447 5503 3682 5567 honore,
3725 5511 3777 5554 et

2209 5599 2507 5671 publicavit
2536 5596 2792 5650 Tiberius
2828 5594 3088 5649 victorias
3122 5589 3392 5656 Mauricii,
3422 5599 3473 5645 et
3514 5605 3774 5661 generum

2210 5693 2354 5747 hunc
2389 5690 2609 5744 admisit
2644 5689 2708 5743 ad
2743 5686 3160 5743 Constantinam
3194 5683 3359 5736 liliam
3397 5697 3578 5739 suam.
3615 5682 3778 5736 Simio

2208 5783 2332 5836 liter
2371 5795 2424 5838 et
2453 5783 2727 5837 Germano
2760 5780 2980 5851 praetori
3015 5776 3198 5846 juuxit
3233 5774 3400 5829 ﬁliam
3436 5789 3594 5830 suam
3633 5774 3775 5829 Cha-

2209 5875 2355 5938 rito,
2421 5883 2712 5943 utrumque
2771 5872 3041 5927 Caesarem
3111 5882 3326 5923 creatis.
3387 5865 3572 5922 .‘llense
3648 5881 3775 5920 vero
