4038 6298
272 349 414 417 1273

1061 365 1424 427 HISTORIA
1464 367 2039 431 ECCLESIASTICA
2078 371 2179 432 EX
2205 373 2609 437 ΤΙΙΕΟΡΠΑΝ
2622 375 2690 439 Ε.

3387 376 3529 442 1273

264 472 515 541 Angusto
540 486 691 528 mora
727 476 1022 532 comedens
1056 482 1346 545 matutina,
1393 485 1512 540 visu
1542 485 1707 555 digna
1744 484 1839 541 scd
1871 488 1920 548 Δ
1947 488 2191 554 ducenti,
2219 499 2272 547 et
2306 494 2360 547 in
2396 492 2542 549 hunc
2579 494 2795 551 irruens
2831 501 2885 551 et
2917 496 3286 566 captivitatem
3320 499 3526 566 eripuit

265 574 549 633 corrupta,
576 567 783 635 pthisin
809 568 1063 625 incurrit.
1099 572 1164 626 Et
1188 590 1311 628 cum
1342 587 1488 631 esset
1517 578 1845 646 moriturus,

265 655 447 711 accito
486 658 803 728 patriarcha
836 660 1050 721 Joanne
1100 674 1267 736 atque
1306 679 1500 724 senatu
1562 686 1671 725 una
1720 686 1847 726 cum

267 750 508 814 militiis,
553 752 607 807 in
642 754 1004 813 tribunalium
1041 758 1238 815 lectica
1286 770 1373 817 est
1409 762 1763 833 deportatus;
1794 770 1849 820 et

265 843 398 911 quia
435 845 585 916 loqui
622 863 734 904 non
774 858 1013 920 poterat,
1059 867 1155 921 per
1201 856 1694 925 epanaguosticon,
1728 872 1850 927 quae

269 936 439 994 rebus
479 937 852 997 Romanorum
901 952 1060 999 erant
1095 946 1276 1011 utilia,
1328 949 1617 1006 manifesta
1649 951 1851 1020 populo

268 1029 436 1097 fecit,
509 1039 563 1087 et
628 1033 952 1091 Mauricium
1016 1053 1279 1105 generum
1342 1058 1505 1098 suum
1577 1044 1851 1099 nuntiavit

266 1122 684 1194 imperatorem.
724 1124 915 1196 Itaque
945 1144 1071 1185 cum
1113 1147 1307 1188 onmes
1340 1133 1693 1205 imperatoris
1729 1134 1851 1190 lau-

262 1215 494 1273 dassent
522 1218 817 1276 consilium
851 1229 1018 1293 atque
1047 1222 1379 1279 Mauricium
1425 1227 1844 1299 imperatorem,

263 1322 572 1367 conversus
601 1309 860 1370 Tiberius
907 1316 963 1370 in
1007 1316 1154 1373 lecto
1198 1332 1301 1374 suo
1334 1319 1480 1375 diem
1516 1322 1677 1387 obiit,
1723 1336 1848 1376 cum

265 1414 555 1475 regnasset
594 1406 757 1463 annis
804 1408 1007 1475 tribus,
1061 1411 1348 1467 mensibus
1392 1411 1604 1478 decem,
1654 1412 1851 1469 diebus

264 1505 414 1553 octo.

340 1589 527 1648 Mundi
552 1606 696 1647 anno
714 1590 874 1657 6075,
902 1592 1103 1650 divina
1124 1594 1529 1653 incarnationis
1548 1612 1699 1653 anno
1716 1598 1848 1668 575,

263 1686 566 1745 Mauricius
599 1689 865 1759 imperat;
896 1691 1201 1763 eodemque
1243 1709 1390 1749 anno
1424 1694 1699 1767 legatione
1731 1694 1851 1752 l'un-

264 1790 473 1852 guntur
520 1784 729 1839 Avares
782 1783 849 1838 ad
905 1784 1295 1855 imperatorem
1339 1786 1694 1855 Mauricinm,
1748 1790 1845 1862 qni

1946 591 2001 636 et
2031 582 2260 638 victoria
2288 600 2482 655 magna
2508 585 2734 641 indutus
2764 595 2868 643 est.

2019 669 2209 728 Tertio
2234 673 2446 745 imperii
2474 674 2727 730 Mauricii
2751 692 2895 732 anno
2920 674 3262 750 Pliilippicus
3293 683 3535 753 sumptis

1948 766 2286 822 exercitibus
2331 766 2398 823 ad
2448 766 2729 824 Persicam
2780 769 3060 841 regionem
3094 772 3378 842 profectus
3424 784 3531 837 cst,

1946 867 2177 930 etcapta
2202 859 2488 918 Arxenene
2514 878 2763 934 magnam
2790 864 3027 932 prtedam
3046 865 3310 933 obtinuit,
3344 875 3400 923 et
3426 865 3538 923 for-

1948 954 2212 1010 midinem
2247 965 2512 1026 operatus
2540 966 2623 1013 cst
2650 955 2888 1013 Persicis
2927 958 3281 1015 exercitibus.
3320 958 3535 1017 interea

1948 1047 2492 1119 Constantinopolim
2520 1048 2789 1120 languens
2818 1058 3048 1119 remeat,
3069 1051 3382 1123 militesque
3410 1046 3537 1110 sine

1949 1140 2173 1199 laesione
2203 1144 2268 1197 ad
2301 1143 2526 1214 propria
2553 1143 2910 1215 repedarunt.

2020 1234 2232 1301 Quarto
2263 1233 2481 1306 imperii
2516 1235 2765 1292 Mauricii
2800 1253 2948 1292 anno
2980 1236 3320 1310 Philippicas
3342 1253 3533 1311 egres-

1949 1342 2048 1384 sus
2094 1345 2124 1382 a
2173 1326 2324 1399 regia
2373 1329 2532 1392 urbe,
2585 1327 2827 1384 hostium
2886 1340 3104 1401 sumpto
3151 1340 3417 1402 apparatu
3466 1332 3539 1387 ad

1949 1419 2232 1477 civitatem
2284 1420 2539 1476 Amidam
2587 1430 2870 1493 properat,
2925 1429 2981 1479 et
3023 1424 3275 1481 collectis
3311 1424 3541 1481 armatis

1949 1512 2420 1585 percunctabatur
2466 1528 2562 1570 eos
2601 1514 2649 1568 si
2696 1515 2750 1569 in
2787 1522 3045 1585 promptu
3091 1515 3356 1572 haberent
3403 1531 3537 1588 pro-

1949 1605 2179 1676 perandi
2208 1605 2275 1660 ad
2310 1604 2533 1661 bellum.
2567 1606 2666 1661 Ast
2693 1604 2959 1661 Romanis
2979 1606 3311 1677 iuramentis
3335 1610 3537 1665 credu-

1950 1699 2067 1754 lum
2094 1714 2219 1754 eum
2251 1698 2610 1756 reddentibus
2641 1715 2701 1755 se
2729 1700 2999 1755 alacriter
3025 1701 3350 1768 bellaturos,
3384 1701 3537 1758 venit

1955 1793 2025 1849 ad
2074 1793 2400 1850 Anazarbon
2429 1813 2444 1850 :
2473 1804 2527 1849 at
2573 1809 2707 1850 vero
2741 1793 3076 1867 Cardarigas
3108 1795 3213 1851 hoc
3251 1804 3541 1865 comperto

266 1886 398 1931 ante
431 1875 596 1931 breve
626 1882 844 1946 tempus
874 1875 1136 1932 Sirmium
1184 1878 1537 1951 subegeraut,
1578 1854 1849 1953 insignem
1886 1854 1929 1911 Β
1956 1885 2095 1943 risui
2148 1885 2488 1942 auditionem
2538 1886 2860 1954 mandabat,
2901 1854 3174 1944 somnium
3224 1902 3348 1943 esse
3380 1854 3542 1957 quod

264 1966 546 2023 civitatem
580 1967 835 2039 Europae,
874 1972 1221 2040 postulantes
1252 1973 1570 2042 octuaginta
1606 1976 1855 2032 millibus

263 2062 413 2128 auri,
460 2077 584 2133 qua:
629 2062 975 2133 accipiebant
1009 2081 1106 2135 per
1143 2081 1339 2133 annos,
1374 2082 1403 2121 a
1436 2066 1698 2125 Romanis
1746 2070 1851 2125 alia

265 2154 563 2225 superaddi
613 2156 806 2226 viginti
836 2176 852 2214 :
885 2158 1187 2229 imperator
1233 2168 1416 2216 autem
1476 2177 1666 2231 pacem
1723 2163 1855 2219 aﬂ‘e-

264 2257 425 2309 ctaus
454 2249 559 2306 hoc
589 2249 836 2305 admisit.
869 2249 1070 2306 Petivit
1096 2259 1277 2306 autem
1312 2253 1381 2307 ad
1409 2253 1706 2308 videndum
1744 2254 1852 2311 sibi

264 2349 319 2394 et
362 2341 735 2412 elephantem,
770 2342 976 2397 animal
1005 2342 1273 2408 indicum,
1312 2345 1494 2411 mitti;
1539 2345 1631 2399 cui
1677 2346 1853 2417 impe—

264 2440 421 2487 rator
468 2434 732 2505 majorem
781 2436 1042 2491 omnibus
1091 2435 1282 2502 misit;
1327 2452 1490 2507 quem
1540 2437 1631 2491 ille
1671 2438 1854 2493 visum

266 2525 484 2581 remisit
531 2529 597 2580 ad
644 2527 1059 2598 imperatorem.
1109 2527 1380 2583 Similiter
1422 2536 1475 2584 et
1507 2529 1710 2585 lectum
1750 2546 1853 2585 au-

269 2632 424 2671 reum
465 2616 571 2671 sibi
601 2617 745 2671 mitti
775 2618 972 2689 petiit;
1012 2618 1107 2674 sed
1136 2627 1191 2674 et
1228 2619 1333 2673 hoc
1372 2620 1674 2690 imperator
1704 2621 1854 2678 misit

266 2708 338 2763 ad
369 2723 495 2764 eum
528 2725 544 2762 :
574 2708 692 2780 ipse
727 2724 859 2765 vero
888 2717 943 2765 et
992 2709 1138 2765 hunc
1180 2720 1561 2781 contemptum
1612 2714 1850 2770 remisit.

267 2800 587 2856 Postulabat
611 2809 791 2856 autem
829 2800 1029 2857 iterum
1058 2803 1162 2857 alia
1193 2803 1387 2875 viginti
1423 2805 1595 2860 millia
1626 2813 1851 2863 centum

268 2896 422 2952 addi.
458 2896 615 2965 Quod
666 2896 999 2967 imperatore
1034 2914 1142 2954 non
1176 2901 1523 2965 admittente,
1567 2904 1854 2975 chaganus

268 2991 623 3063 Siggidonem
681 2992 959 3049 civitatem
1020 2994 1292 3050 subvertit
1351 3003 1406 3050 et
1457 2996 1661 3054 multas
1715 2998 1853 3053 alias

267 3086 436 3142 urbes
471 3086 643 3155 cepit,
673 3086 888 3158 Illyrico
927 3087 1306 3157 subiacentes.
1348 3088 1418 3143 At
1452 3104 1582 3145 vero
1617 3093 1852 3162 impera—

268 3190 356 3235 tor
380 3177 689 3250 Helpidium
712 3180 1005 3250 patricium
1031 3196 1158 3235 cum
1181 3180 1527 3237 Comcntiolo
1549 3184 1756 3255 legatos
1784 3184 1849 3240 ad
1878 3213 1924 3271 α

268 3273 578 3343 cLaganum
612 3272 948 3330 transmisit.
998 3274 1069 3329 At
1108 3289 1241 3330 vero
1270 3274 1548 3333 Barbarus
1587 3279 1644 3333 in
1684 3293 1853 3349 spon-

271 3364 529 3423 sionibus
567 3375 852 3447 pactorum
900 3380 1065 3436 agere
1102 3381 1162 3422 se
1190 3383 1382 3437 pacem
1420 3369 1710 3441 professus
1738 3380 1850 3428 est.

274 3457 330 3511 In
367 3458 597 3513 Oriente
644 3473 776 3514 vero
819 3458 1089 3515 Joannem
1139 3459 1511 3532 Mystaconem
1565 3473 1853 3534 praetorem

272 3552 547 3609 Armeniae
572 3550 725 3617 fecit,
753 3554 845 3621 qui
881 3552 1111 3609 veniens
1145 3554 1212 3608 ad
1254 3554 1583 3626 Nymphium
1613 3572 1850 3623 amnem,

275 3647 369 3702 ubi
406 3644 558 3720 Tigri
608 3648 832 3703 misceri
878 3646 1265 3719 dignoscitur,
1304 3650 1449 3707 bello
1499 3652 1857 3722 congreditur

275 3756 402 3794 cum
457 3739 757 3809 Cardariga
799 3739 1095 3796 Persarum
1148 3741 1405 3811 praetore,
1452 3750 1511 3799 et
1556 3745 1857 3815 praevalent

278 3831 512 3886 Romani
543 3829 810 3887 adversus
850 3830 1148 3887 Barbaros.
1191 3830 1527 3904 Cardarigas
1569 3850 1699 3889 vero
1747 3848 1855 3889 non

275 3934 361 3980 cst
402 3923 685 3995 proprium
737 3938 961 3990 nomen,
998 3924 1094 3980 sed
1139 3924 1384 3996 dignitas
1427 3925 1665 3980 maxima
1711 3925 1857 3997 apud

276 4016 498 4072 Persas.

351 4108 604 4165 Secundo
656 4108 874 4181 imperii
935 4110 1021 4168 sui
1057 4096 1242 4166 'anno
1302 4109 1499 4167 consul
1561 4109 1860 4165 Mauricius

278 4201 617 4273 appellatur,
647 4212 699 4257 et
736 4202 944 4259 multos
972 4202 1270 4259 thesauros
1295 4203 1417 4259 urbi
1447 4202 1705 4270 donavit;
1731 4217 1862 4273 pro-

274 4293 427 4348 vehit
458 4301 640 4348 autem
667 4292 1034 4365 Philippicum
1059 4301 1357 4362 praetorem
1392 4291 1660 4363 Orientis,
1688 4294 1778 4350 cui
1808 4300 1864 4350 et

274 4383 537 4440 Gordiam
571 4400 818 4440 sororem
858 4400 1017 4441 suam
1053 4385 1109 4442 in
1147 4385 1467 4456 coniugium
1506 4386 1755 4442 tradidit.
1792 4386 1864 4441 At

278 4494 407 4535 vero
440 4477 782 4550 Philippices
826 4477 1083 4535 Persicas
1120 4479 1398 4549 arripiens
1436 4486 1623 4550 partes
1659 4492 1866 4550 appro-

1954 1977 2245 2034 dicebatur
2265 1980 2526 2048 opinans,
2549 1978 2948 2050 acccrsitisqne
2966 1980 3141 2049 magis
3159 1977 3538 2048 interrogabat

1955 2073 2082 2144 quis
2116 2069 2221 2125 erit
2253 2070 2501 2126 victorim
2542 2070 2825 2126 dominus.
2871 2071 2971 2127 Ast
2997 2070 3305 2126 daemonum
3348 2070 3547 2140 placa-

1956 2170 2106 2218 tores
2132 2159 2331 2219 Persas
2365 2162 2691 2218 astruebant
2720 2176 2747 2217 a
2782 2161 2892 2218 diis
2931 2162 3219 2219 victoriam
3247 2162 3537 2227 allaturos.

1954 2255 2248 2313 Exsultant
2294 2256 2467 2327 igitur
2513 2272 2681 2327 super
2726 2257 2817 2313 his
2867 2257 3046 2313 Persa:
3094 2272 3378 2328 ntagornm
3428 2254 3541 2312 laeti

1952 2348 2422 2421 promissionibus
2454 2348 2608 2413 l‘acti,
2656 2356 2710 2404 et
2758 2357 2984 2420 patrant
3014 2351 3288 2405 continuo
3325 2348 3540 2421 ligneos

1955 2442 2249 2513 compedes
2279 2460 2343 2498 ex
2374 2442 2520 2514 ligno
2554 2452 2607 2499 et
2637 2442 2806 2508 ferro,
2841 2444 3043 2514 quibus
3080 2442 3356 2500 Romanos
3381 2456 3540 2497 corn-

1956 2532 2171 2605 peditos
2217 2532 2487 2589 vinciant.
2520 2532 2728 2590 Praetor
2759 2543 2942 2590 autem
2975 2543 3284 2591 commovet
3329 2531 3539 2589 Roma-

1957 2643 2084 2691 nos,
2125 2643 2194 2682 ne
2225 2641 2480 2697 agrorum
2530 2628 2749 2685 labores
2789 2630 3177 2693 exterminent,
3227 2645 3297 2684 ne
3319 2628 3540 2701 iustitia

1959 2718 2078 2780 Dei,
2105 2735 2227 2789 qua:
2261 2720 2463 2773 malum
2490 2720 2628 2785 odit,
2653 2720 2943 2776 victoriam
2974 2720 3039 2774 ad
3062 2718 3331 2775 Barbaros
3358 2728 3544 2774 trans-

1959 2809 2119 2865 ferat.
2152 2810 2382 2865 Postera
2418 2825 2551 2881 ergo
2577 2810 2666 2865 die
2700 2818 2905 2881 praetor
2935 2808 3123 2880 dirigit
3150 2808 3290 2863 duos
3316 2806 3543 2879 phylar—

1959 2905 2096 2961 chos
2150 2903 2580 2968 Saracenorum,
2632 2912 2687 2958 et
2748 2903 2975 2972 capiunt
3018 2900 3218 2956 Persas
3262 2899 3537 2963 viventes,

1959 3014 2058 3070 per
2109 3013 2252 3068 quos
2295 3005 2477 3052 motus
2522 2996 2968 3053 adversariorum
3023 2993 3360 3055 didicerunt,
3408 2991 3544 3062 quia

1958 3096 2315 3145 asscruerunt
2348 3086 2635 3143 Dominico
2665 3086 2753 3141 die
2775 3086 2913 3141 velle
2946 3084 3223 3140 Barbaros
3251 3084 3306 3137 in
3333 3081 3540 3136 Roma-

1959 3196 2060 3237 nos
2091 3181 2326 3236 irruere.
2359 3178 2533 3235 Porro
2560 3179 2908 3249 Phillppicus
2932 3178 3179 3234 diluculo
3199 3178 3323 3231 vale
3345 3175 3543 3230 dicens

1956 3272 2248 3341 Romanis,
2279 3273 2462 3327 tribus
2496 3272 2861 3343 phalangibus
2890 3269 3134 3327 occurrit
3165 3269 3229 3324 ad
3264 3267 3545 3339 prmlium,

1970 3369 2201 3438 ipseque
2232 3374 2520 3438 assumpta
2560 3365 2645 3421 dei
2683 3364 2827 3420 virili
2867 3363 3065 3429 forma,
3096 3376 3258 3433 quam
3326 3359 3543 3415 achiro-

1958 3463 2189 3532 poieton
2234 3459 2472 3516 Romani
2520 3459 2845 3530 prmdicaut,
2881 3456 3201 3513 discurrens
3249 3469 3347 3525 per
3389 3453 3543 3508 acies

1959 3553 2188 3609 armatis
2232 3552 2475 3607 divinam
2516 3550 2938 3621 impartiebatur
2970 3547 3256 3608 virtutem,
3288 3552 3343 3600 et
3383 3552 3545 3600 stans

1960 3656 2085 3717 post
2125 3645 2328 3708 aciem,
2374 3642 2492 3699 haec
2541 3641 2791 3697 retinens
2832 3653 3009 3703 arma,
3059 3635 3309 3692 lacrimis
3351 3635 3545 3690 multis

1960 3739 2123 3795 deum
2156 3736 2436 3809 placabat,
2485 3736 2581 3808 qui
2613 3732 2922 3791 cmlestium
2958 3730 3219 3788 ordinum
3262 3727 3546 3800 principes

1961 3830 2326 3886 auxiliatores
2353 3826 2681 3899 assumpsit.
2716 3825 2852 3880 Cum
2888 3832 3072 3881 autem
3104 3819 3309 3875 bellum
3347 3833 3546 3891 agere-

1963 3933 2075 3988 tur,
2123 3918 2436 3976 Vitalianus
2473 3918 2735 3989 princeps
2783 3914 2922 3971 aciei
2968 3912 3232 3970 omnibus
3276 3911 3547 3967 audacius

1962 4021 2152 4070 motus
2188 4013 2516 4085 phalangem
2561 4009 2859 4067 Persarum
2887 4006 3129 4080 disrupit
3158 4016 3216 4062 et
3258 4006 3542 4061 sarcinam

1962 4108 2113 4162 tulit.
2150 4104 2387 4161 Romani
2414 4111 2600 4160 autem
2628 4102 2779 4159 circa
2803 4100 2981 4172 spolia
3012 4105 3300 4171 creperum
3324 4110 3546 4163 vacare,

1962 4215 2105 4273 quos
2149 4197 2435 4269 accipiens
2478 4194 2842 4267 Philippices,
2898 4209 2968 4250 ne
2999 4193 3067 4248 ad
3112 4191 3341 4249 exuvias
3373 4188 3545 4245 etiam

1963 4291 2164 4363 reliqui
2202 4289 2414 4346 reversi
2458 4287 2637 4361 praelii
2685 4285 3149 4342 obliviscerentur
3177 4280 3546 4352 conversique

1979 4386 2211 4443 Barbari
2237 4385 2528 4458 perderent
2557 4396 2676 4450 eos,
2694 4377 2990 4436 Theodoro
3019 4377 3221 4434 Ilihino
3248 4376 3400 4447 galea
3440 4388 3546 4430 sua

1971 4477 2250 4551 imposita,
2281 4475 2435 4532 misit
2465 4473 2647 4548 gladio
2687 4478 2978 4545 percutere
3020 4484 3116 4525 eos
3152 4468 3245 4538 qui
3274 4464 3547 4522 vacabant

279 4580 565 4652 pinquavit
596 4577 797 4639 Nisibi.
825 4588 880 4635 et
908 4584 1135 4648 repente
1168 4577 1222 4632 in
1253 4575 1538 4633 Persidem
1573 4578 1859 4648 ingressus
1891 4566 1936 4622 υ
1966 4573 2116 4628 circa
2142 4571 2410 4637 exuvias;
2435 4583 2599 4639 quem
2634 4567 2887 4635 videntes
2928 4571 2983 4619 οι
3009 4561 3393 4652 εείειίηιθηιεξ
3421 4571 3550 4652 iis?“

277 4674 504 4729 multam
537 4672 779 4742 praedam
831 4669 1095 4741 sumpsit,
1144 4683 1310 4740 quam
1343 4682 1442 4739 per
1485 4676 1700 4723 montes
1743 4666 1858 4723 sal-

279 4782 402 4820 vam
438 4765 651 4819 ducens
694 4763 752 4817 in
801 4759 1086 4819 Medorum
1135 4761 1413 4832 regionem
1462 4758 1767 4824 transtulit,
1804 4767 1862 4814 et

281 4858 469 4915 inultis
518 4858 633 4912 illic
670 4856 821 4911 villis
875 4850 1259 4912 exterminatis
1307 4854 1375 4909 ad
1425 4851 1675 4907 Romana
1726 4866 1858 4908 rura

279 4966 534 5006 reversus
560 4956 662 5004 est.
710 4946 884 5003 Porro
909 4948 1193 5017 cliaganus
1228 4948 1470 5001 Avarum
1498 4959 1686 5015 pacem
1733 4943 1853 4999 solv

280 5057 409 5099 vare
460 5041 761 5098 festinabat
791 5057 805 5095 ε
833 5054 961 5096 nam
1011 5037 1400 5094 Sclaviuorum
1439 5047 1628 5109 gentes
1661 5042 1856 5092 contra

282 5137 554 5193 Thracem
615 5134 894 5201 armavit,
951 5148 1074 5205 qua
1129 5138 1498 5203 pervenerunt
1558 5145 1729 5201 usque
1790 5129 1856 5184 ad

282 5228 477 5298 longos
537 5240 754 5289 muros,
809 5224 1045 5281 multum
1104 5222 1368 5279 facientes
1416 5222 1713 5277 excidium.
1758 5222 1858 5277 Ast

280 5321 585 5389 imperator
640 5318 829 5389 palatii
880 5318 1110 5377 eductis-
1155 5317 1369 5371 militiis
1415 5324 1471 5371 et
1524 5315 1780 5386 plebibus
1828 5331 1858 5372 e

280 5414 507 5470 civitate
576 5413 769 5485 longos
836 5427 1029 5467 muros
1086 5409 1352 5467 custodiri
1429 5410 1730 5481 praecepit,
1798 5417 1852 5463 et

281 5504 687 5562 Cumontiolum
732 5506 923 5560 ducem
972 5503 1238 5559 ordinans
1286 5510 1341 5558 et
1392 5518 1614 5557 armans
1665 5508 1856 5557 contra

282 5598 561 5654 Barbaros
599 5595 774 5661 misit,
818 5596 915 5669 qui
962 5596 1237 5667 insperate
1281 5594 1339 5650 in
1378 5593 1651 5649 Barbaros
1692 5610 1857 5650 rucns

283 5691 538 5759 copiosas
587 5688 971 5744 multitudines
1024 5685 1325 5753 interfecit,
1365 5688 1578 5757 hosque
1629 5686 1854 5756 pepulit.

283 5785 419 5839 Cmn
468 5782 1018 5853 autcmpervenissct
1061 5778 1508 5849 Hadrianopolim
1539 5816 1554 5843 ,
1613 5778 1856 5834 occurrit

291 5874 626 5945 Audragasto
677 5872 1053 5929 multitudines
1094 5870 1471 5927 Sclaiiuorum
1517 5884 1638 5922 cum
1674 5869 1854 5938 ιιι-πάλ

1966 4664 2360 4736 Pliilippicum,
2385 4660 2634 4718 dimissis
2680 4659 2875 4731 spoliis
2921 4665 3289 4729 properarunt
3318 4650 3387 4706 ad
3429 4649 3549 4707 bel-

1967 4760 2106 4815 lum.
2130 4759 2269 4814 Cum
2310 4765 2493 4812 autem
2529 4754 2734 4812 bellum
2782 4752 2984 4809 multas
3019 4765 3113 4821 per
3140 4748 3307 4803 horas
3350 4757 3546 4814 agere-

1968 4861 2078 4915 tur,
2118 4866 2218 4906 vox
2256 4849 2315 4905 lit
2361 4864 2392 4904 a
2437 4854 2669 4920 praetore
2714 4844 3005 4902 Persarum
3054 4855 3227 4912 equos
3256 4845 3550 4909 percutere

1966 4943 2213 5011 lanceis;
2242 4956 2354 5015 quo
2391 4940 2535 4996 facto
2574 4940 2628 4994 in
2665 4937 2850 5009 lugam
2887 4949 3082 4991 versus
3115 4942 3198 4987 est
3247 4929 3544 4984 Persarum

1967 5035 2274 5098 exercitus,
2304 5040 2359 5087 cl
2390 5031 2671 5102 triumpho
2709 5030 2911 5101 ingenti
2950 5023 3182 5082 Bontani
3214 5021 3368 5092 putiti
3401 5019 3544 5073 utul-

1967 5137 2058 5183 tos
2102 5142 2168 5181 ex
2220 5126 2306 5181 eis
2358 5130 2710 5196 peremerunt
2762 5128 2816 5175 et
2866 5119 3263 5187 spoliaverunt.
3319 5113 3545 5168 Postera

1967 5233 2097 5272 vero
2122 5217 2211 5271 die.
2240 5225 2479 5285 sumptts
2519 5210 2818 5267 virtutibus
2850 5210 2967 5264 suis
2994 5206 3321 5275 Cardarigas
3349 5217 3545 5257 rursus

1968 5312 2033 5367 ad
2066 5311 2267 5366 bellum
2299 5318 2573 5370 armatur,
2599 5316 2652 5362 et
2690 5302 2935 5360 secundo
2964 5299 3153 5371 praelia
3181 5305 3335 5369 gesto
3362 5296 3544 5350 denuo

1965 5406 2194 5460 vincunt
2217 5401 2471 5461 Romani,
2501 5409 2552 5453 et
2584 5396 2912 5453 occiduntur
2941 5394 3123 5448 Persa
3166 5388 3346 5444 ιιιιιΙιί.
3376 5385 3543 5443 Com-

1967 5497 2381 5571 prrlicnduntur
2414 5494 2582 5549 etiam
2616 5491 2724 5547 vivi
2754 5488 2863 5544 duo
2891 5485 3085 5548 tnillia,
3115 5482 3544 5555 Byzantiumque

1966 5593 2305 5656 mittuntur;
2381 5584 2594 5655 aufugit
2662 5595 2881 5653 quoque
2946 5576 3318 5641 Cardarigas,
3373 5586 3540 5644 quem

1965 5685 2147 5739 Persa:
2191 5697 2315 5737 cum
2370 5679 2591 5750 iniuriis
2637 5682 2929 5747 respuunt.
2982 5674 3155 5728 Porro
3195 5666 3541 5739 Pliilippicus

1966 5778 2298 5838 llcraclium,
2331 5771 2566 5828 lleraclii
2603 5766 2947 5839 imperatoris
3001 5771 3249 5833 patrem,
3291 5759 3541 5829 subprat-

1966 5882 2136 5929 torem
2189 5870 2253 5925 ad
2299 5866 2734 5939 explorationem
2774 5859 3142 5915 llarbarorum
3195 5848 3528 5925 transmisit,
