4038 6298
477 362 612 426 1275

1546 358 1942 420 ANASTASII
2007 357 2639 418 BlBLlOTllECARII

3606 354 3747 419 1276

478 477 823 547 sumptisque
872 473 1082 530 militiis
1119 473 1470 548 Babyloniam
1507 474 1663 539 adiit,
1705 483 1758 527 et
1795 472 2053 537 Chloma-
2083 467 2130 529 Α
2158 469 2564 539 Comentiolus,
2637 470 2730 542 qui
2792 471 2843 524 in
2887 470 3041 526 silvis
3086 469 3231 526 ΑΞευί
3281 470 3556 537 latitabat,
3616 487 3746 526 cum

480 585 665 623 rerum
734 567 1020 622 castellum
1089 567 1324 623 obsidet.
1399 566 1467 620 At
1529 581 1660 620 vero
1726 563 2055 633 Cardarigas

479 662 630 734 eligit
675 663 881 718 milites
935 660 1137 717 idiotas
1192 677 1315 716 eum
1384 659 1765 730 subjugalibus
1818 656 1952 726 (50),
2002 664 2057 712 et

481 755 643 811 turba
687 756 915 812 collecta
966 757 1267 810 exercitum
1321 768 1380 809 se
1423 768 1643 807 movere
1686 752 1957 821 jactabat,
2003 759 2058 803 et

482 865 579 917 per
613 847 823 903 munita
858 851 978 904 loca
1012 850 1251 904 obscura
1296 855 1456 902 nocte
1489 846 1543 901 in
1574 845 1739 901 dorsa
1779 842 2048 898 Romano-

480 958 600 996 rum
630 943 963 1007 eﬂiciuntur,
1001 955 1348 1012 nequaquam
1392 939 1621 996 fidentes
1652 955 1712 994 se
1757 954 1954 995 manus
2003 939 2056 992 iu

479 1051 578 1090 eos
621 1036 915 1092 missuros.
966 1034 1189 1090 Timore
1234 1043 1421 1089 autem
1462 1033 1780 1102 importuno
1827 1033 2058 1088 cadente

482 1130 537 1183 in
587 1130 957 1202 Philippicum
985 1131 1108 1202 fuga
1163 1130 1528 1186 irrationabili
1586 1144 1719 1184 usus
1775 1138 1882 1184 est.
1939 1130 2059 1196 Quo

481 1237 764 1296 comperto
813 1227 1044 1282 Rotnani
1105 1226 1160 1279 in
1216 1227 1396 1296 fugam
1443 1224 1912 1280 convertebantur
1965 1241 2060 1294 per

480 1320 601 1375 loca
643 1321 707 1376 ad
742 1320 1036 1376 meandum
1081 1318 1340 1384 dillicilia,
1377 1320 1549 1374 multa
1587 1321 1936 1376 incurrentes
1967 1337 2062 1391 pe—

482 1412 682 1467 ricula.
737 1411 986 1483 Cumque
1037 1412 1116 1468 sol
1174 1421 1332 1469 ortus
1388 1413 1606 1478 fuisset,
1667 1428 1696 1467 a
1750 1414 2061 1468 calamitate

483 1506 883 1572 liberabantur,
911 1507 1130 1562 nemine
1165 1519 1553 1578 persequente,
1590 1519 1644 1563 et
1680 1510 2062 1579 pervenientes

482 1598 549 1651 ad
596 1607 885 1667 przetorem
936 1598 1082 1653 hunc
1138 1599 1357 1669 injuriis
1397 1600 1655 1672 pessimis
1705 1601 2064 1672 blasphema-

483 1689 639 1747 ltant.
692 1689 898 1747 Verum
963 1691 1141 1749 Persas
1199 1694 1377 1749 tictam
1443 1695 1826 1750 existimantes
1877 1694 2062 1766 fugam

485 1785 742 1854 persequi
785 1785 905 1842 ausi
962 1801 1072 1840 non
1115 1795 1264 1841 sunt.
1312 1786 1486 1842 Porro
1539 1784 1833 1844 lleraclius
1880 1795 2065 1844 trans-

486 1892 678 1932 means
738 1877 968 1948 Tigrim,
1001 1895 1343 1949 quaecunque
1376 1879 1598 1935 Medicae
1631 1882 1876 1951 regionis
1908 1894 2068 1939 erant

486 1970 727 2043 insignia
762 1973 989 2043 pra-dia,
1028 1975 1139 2044 igni
1174 1975 1450 2040 tradebat,
1480 1984 1534 2031 et
1569 1977 1649 2032 sic
1684 1978 1750 2032 ad
1798 1978 2065 2051 Philippi-

483 2079 610 2118 cum
643 2065 808 2121 rediit
831 2081 957 2123 cum
991 2068 1187 2138 spoliis
1217 2068 1432 2122 multis.

559 2157 746 2216 Mundi
772 2176 918 2216 anno
949 2160 1109 2228 6079,
1129 2163 1328 2221 divinae
1352 2164 1752 2222 incarnationis
1771 2182 1919 2223 anno
1942 2168 2066 2236 579,

489 2252 688 2321 quinto
741 2253 957 2324 imperii
1016 2255 1267 2311 Mauricii
1320 2272 1466 2313 anno
1507 2259 1746 2315 Avarum
1789 2262 2069 2332 cltaganus

487 2343 692 2399 foedere
722 2345 995 2403 dissoluto
1028 2347 1256 2419 Mysiam
1294 2357 1348 2406 et
1372 2350 1654 2422 Scythiam
1686 2355 1948 2412 atrociter
1975 2373 2070 2413 ex-

487 2438 788 2509 pugnabat,
837 2441 1167 2498 subverteus
1202 2442 1521 2498 Batiarnam
1557 2456 1612 2502 et
1669 2445 1971 2504 Bononiam
2017 2460 2071 2506 et

485 2531 663 2601 Aquis
683 2544 735 2588 et
765 2533 1114 2590 Dorostolutn
1139 2547 1193 2591 et
1225 2536 1484 2609 Zandapa
1511 2550 1567 2596 et
1596 2540 2066 2615 Marcianopolim.

486 2626 867 2684 Comentiolus
900 2645 1031 2683 vero
1078 2630 1144 2684 ad
1187 2631 1468 2686 maritima
1506 2635 1681 2701 venit,
1713 2644 1768 2691 et
1818 2647 2073 2708 separato

488 2717 733 2772 exercitu
767 2719 1162 2790 improbabiles
1188 2721 1451 2778 discrevit
1479 2725 1550 2780 ab
1589 2727 1834 2796 optimis,
1864 2738 1917 2784 et
1945 2729 2072 2784 inu-

489 2811 605 2867 tilis
647 2814 872 2883 quidem
925 2815 1146 2873 virtutis
1187 2819 1551 2891 quadraginta
1587 2821 1759 2876 millia
1793 2825 2072 2881 custodire

488 2906 694 2962 vallum
731 2908 909 2977 jubet,
942 2910 1244 2967 electorum
1275 2920 1456 2968 autem
1483 2930 1576 2969 sex
1612 2916 1782 2972 millia
1821 2934 2071 2986 sumens,

488 2998 598 3054 duo
638 3001 810 3056 millia
848 3019 911 3058 ex
947 3003 1034 3060 his
1073 3006 1244 3061 tradit
1275 3007 1442 3064 Casto
1483 3018 1539 3064 et
1581 3009 1695 3066 duo
1729 3010 1990 3076 Martino,
2019 3022 2075 3070 et

490 3091 608 3159 ipse
665 3091 884 3150 duobus
938 3097 1180 3166 sumptis
1234 3109 1429 3154 contra
1480 3099 1749 3158 barbaros
1793 3116 2072 3174 prOperat.

2162 562 2397 619 Martino
2432 564 2621 631 exivit,
2661 575 2713 619 et
2751 565 3079 636 perveniens
3109 564 3180 618 ad
3220 564 3531 635 cbaganum
3567 564 3749 635 impa-

2162 668 2341 712 ratum
2394 659 2603 714 invenit
2632 675 2698 714 co
2747 659 2894 730 quod
2930 661 3169 714 Avarum
3206 659 3503 714 multitudo
3539 659 3750 716 diffusa

2161 761 2309 810 esset
2361 770 2458 822 per
2503 752 2807 818 Thracem;
2840 763 2891 806 et
2947 752 3123 822 prima
3163 752 3350 823 vigilia
3397 757 3578 810 noctis
3612 770 3750 826 pro-

2164 856 2320 914 perat
2352 848 2622 904 adversus
2661 847 2838 912 illum,
2881 858 3139 918 essetque
3175 848 3423 920 profecto
3449 864 3479 903 a
3511 865 3571 904 se
3605 865 3751 918 opus

2164 942 2356 1013 ingens
2386 950 2684 1013 patratum,
2719 941 2823 996 nisi
2865 949 3102 997 eventus
3133 943 3354 1012 quidam
3385 941 3598 997 falleret
3625 942 3750 1013 ejus

2163 1046 2446 1090 conatum.
2486 1035 2606 1091 Uno
2641 1037 2844 1106 quippe
2878 1035 3161 1090 animante
3193 1051 3334 1090 onus
3367 1036 3750 1099 subvertente,

2165 1132 2386 1201 quidam
2421 1131 2648 1187 domino
2682 1131 2982 1186 animantis
3022 1131 3296 1185 acclamat
3326 1146 3468 1186 onus
3505 1130 3751 1199 erigere.

2167 1233 2340 1298 patria
2367 1231 2735 1295 voce,diccns
2766 1227 2964 1290 Torna,
2985 1236 3159 1291 torua,
3189 1225 3374 1294 frater.
3400 1225 3464 1280 Et
3488 1224 3755 1279 dominus

2167 1322 2385 1390 quidem
2415 1322 2574 1376 mula:
2597 1337 2782 1376 vocem
2821 1318 3048 1374 minime
3078 1317 3356 1374 sentiebat
3386 1334 3399 1371 :
3432 1316 3526 1372 sed
3559 1315 3755 1387 populi

2168 1415 2274 1470 hoc
2325 1414 2514 1469 audito
2551 1415 2739 1470 hostes
2796 1413 3087 1469 imminere
3117 1411 3224 1468 sibi
3274 1412 3654 1468 existimantes
3694 1411 3756 1464 in

2169 1504 2349 1576 fugam
2387 1507 2636 1561 conversi
2668 1514 2818 1572 sunt,
2844 1516 3020 1569 torua,
3051 1503 3497 1571 torna,maximis
3523 1503 3758 1558 vocibus

2168 1597 2564 1654 exclamantes.
2613 1598 2908 1668 Cbaganus
2959 1608 3143 1654 autem
3180 1598 3453 1670 ingentem
3495 1596 3758 1652 formidi-

2171 1707 2291 1748 nem
2327 1691 2553 1748 indutus
2576 1691 2796 1761 penitus
2827 1693 3158 1763 fugiebat,et
3180 1690 3502 1746 videbantur
3525 1688 3757 1744 Barbari

2175 1793 2230 1838 et
2272 1784 2507 1840 Romani
2557 1786 2788 1842 invicem
2845 1785 3056 1856 fugere,
3113 1787 3329 1842 nemine
3367 1792 3758 1856 persequente.

2177 1876 2447 1933 Przcterea
2480 1877 2762 1949 chaganus
2792 1879 3030 1950 sumptis
3063 1879 3362 1935 virtutibus
3396 1879 3639 1949 Apiriam
3673 1878 3760 1932 ci-

2173 1973 2395 2030 vitatem
2439 1973 2677 2038 obsedit,
2725 1975 3120 2045 inventumque
3171 1972 3355 2029 Busan
3409 1972 3561 2028 urbis
3599 1986 3764 2026 man-

2172 2069 2461 2140 ganarium
2500 2068 2815 2125 interficere
2842 2069 3147 2136 nitebatur,
3181 2069 3274 2139 qui
3303 2067 3568 2138 pecunias
3599 2081 3767 2134 roga-

2174 2163 2269 2218 bat
2301 2163 2350 2219 ei
2390 2164 2595 2220 multas
2626 2163 2892 2234 praebere,
2920 2163 2968 2219 si
3003 2163 3170 2218 vitam
3205 2162 3312 2218 sibi
3361 2162 3613 2217 donaret.
3665 2159 3768 2214 Ille

2173 2271 2305 2311 vero
2345 2255 2495 2312 hune
2525 2255 2755 2326 ligatum
2792 2255 2914 2311 urbi
2942 2253 3320 2326 prtesentavit.
3347 2251 3416 2308 At
3459 2252 3578 2322 ipse
3606 2267 3766 2321 quie-

2174 2351 2333 2406 rebat
2361 2349 2676 2405 habitantes
2704 2348 2896 2405 urbem
2930 2357 2990 2404 ut
3009 2355 3307 2413 emeretur,
3328 2361 3564 2410 narrans
3594 2360 3764 2417 quam

2176 2459 2322 2515 sape
2354 2458 2452 2513 pro
2492 2442 2717 2497 civitate
2745 2441 3063 2498 certaverit.
3105 2441 3258 2497 Civis
3301 2439 3524 2510 quidam
3573 2439 3769 2492 multi.-

2177 2538 2466 2594 tudinibus
2497 2537 2773 2608 persuasit
2817 2537 2925 2592 hoc
2975 2536 3206 2592 minime
3250 2535 3588 2590 faciendum.
3619 2533 3765 2601 Quia

2181 2647 2312 2703 ergo
2343 2632 2497 2702 parvi
2528 2644 2737 2702 pensus
2759 2636 2845 2687 est
2867 2629 3035 2696 Busa,
3059 2629 3396 2701 repromittit
3423 2633 3674 2699 chagano
3706 2643 3768 2682 se

2177 2724 2400 2782 tradere
2431 2723 2736 2789 civitatem,
2776 2732 2832 2781 et
2884 2722 3344 2780 exterminatorio
3393 2721 3770 2778 instrumento

2179 2819 2346 2886 facto,
2385 2819 2535 2889 quod
2595 2819 2824 2874 arietem
2865 2818 3180 2883 nominant,
3218 2817 3499 2872 civitatem
3531 2816 3772 2886 adeptus

2175 2920 2298 2977 est;
2340 2911 2608 2968 ducentes
2638 2911 2786 2982 quod
2834 2909 3066 2965 barbari
3118 2917 3573 2981 argumentosum
3611 2907 3771 2978 inge-

2180 3011 2331 3063 nium
2375 3007 2510 3080 ('57),
2547 3014 2602 3063 et
2635 3007 2774 3061 alias
2799 3005 2989 3075 plures
3018 3003 3186 3060 urbes
3221 3003 3277 3058 in
3306 3002 3627 3058 servitutem
3677 3015 3774 3057 re-

2179 3104 2468 3174 degerunt,
2513 3109 2569 3158 et
2620 3115 2747 3156 cum
2784 3098 2957 3154 multa
3001 3097 3324 3169 captivitate
3361 3095 3571 3152 reversi
3610 3099 3771 3150 sunt.

488 3181 690 3241 Castus
723 3199 904 3243 autem
947 3190 1177 3248 veniens
1213 3191 1472 3265 Zandapa
1512 3202 1568 3251 et
1606 3195 1804 3266 Emon,
1839 3201 2074 3270 repertis
2099 3193 2145 3257 C
2180 3196 2481 3253 Audientes
2510 3202 2694 3250 autem
2725 3193 2974 3266 Byzantii
3005 3191 3153 3263 quod
3195 3190 3397 3247 Castus
3427 3205 3458 3243 a
3504 3188 3775 3243 Barbaris

490 3277 748 3335 barbaris
777 3280 830 3334 in
865 3281 1074 3337 desidia
1109 3285 1452 3352 constitutis,
1503 3288 1707 3346 multos
1747 3306 1812 3346 ex
1846 3292 1926 3348 eis
1963 3293 2074 3348 dis-

490 3374 692 3442 perdit,
735 3376 1087 3448 praedamque
1133 3378 1357 3434 multam
1404 3381 1665 3439 obtinens
1696 3385 1971 3456 armigero
2007 3390 2072 3444 ad

484 3466 814 3530 ,salrandum
867 3471 1140 3525 tradebat.
1192 3472 1466 3529 Martinus
1499 3484 1681 3530 autem
1725 3479 1872 3534 circa
1920 3479 2074 3536 Mean

491 3559 770 3617 civitatem
823 3562 1070 3631 ell'ectus,
1114 3573 1168 3620 et
1217 3565 1270 3619 in
1330 3569 1642 3639 ebagauum
1680 3585 1746 3626 ex
1798 3573 2077 3644 insperato

494 3654 804 3721 incurrens,
825 3659 1032 3714 multos
1065 3659 1283 3718 virtutis
1312 3661 1435 3731 ejus
1469 3665 1760 3733 exstinxit,
1788 3667 1862 3722 ita
1891 3678 1949 3724 ut
1984 3670 2078 3727 ille

492 3748 728 3804 salutem
781 3766 940 3806 suam
984 3750 1109 3824 fuga
1163 3764 1444 3810 mercatus
1484 3757 1577 3811 sit.
1630 3757 1898 3818 Martinus
1949 3778 2079 3818 vero

492 3842 724 3900 victoria
761 3845 1004 3917 gloriosa
1032 3857 1291 3919 percepta
1323 3849 1390 3905 ad
1437 3860 1726 3920 praatorem
1759 3858 2078 3913 revertebac

492 3945 605 4004 tur,
636 3938 727 3995 ubi
762 3955 822 3996 se
851 3942 1183 4012 promiserat
1208 3959 1308 4000 eos
1336 3957 1808 4016 exspectaturum.
1841 3951 2079 4010 Comen-

495 4031 664 4088 tlolus
697 4043 883 4090 autem
918 4035 1214 4094 formidine
1244 4055 1474 4110 pressus
1505 4040 1953 4116 Marciaquolim
1989 4063 2080 4104 re-

493 4127 639 4194 diit;
677 4129 771 4199 qui
814 4146 926 4186 nou
979 4131 1324 4191 invenientes
1359 4149 1485 4190 eum
1537 4136 1878 4210 collegerunt
1923 4157 2080 4198 exer-

492 4219 642 4277 citus
667 4238 821 4290 suos,
845 4235 901 4280 et
927 4240 1019 4294 per
1043 4235 1221 4280 artum
1252 4227 1428 4284 locum
1454 4227 1602 4292 Emi
1632 4240 1814 4288 castra
1837 4245 2076 4291 movent.

497 4317 567 4370 At
605 4331 733 4373 vero
788 4317 1059 4375 Martinus
1099 4321 1289 4377 videns
1335 4322 1648 4394 chaganum
1698 4334 2077 4386 transeuntem

497 4409 723 4465 fluvium
755 4413 819 4466 ad
851 4421 1142 4482 przetorem
1181 4414 1364 4472 rediit.
1397 4414 1597 4472 Castus
1633 4429 1812 4474 autem
1847 4423 2082 4492 transito

497 4502 724 4559 ﬂumine
751 4507 1206 4578 appropinquans
1238 4507 1325 4563 his
1349 4509 1443 4579 qui
1481 4522 1907 4583 prmeurrerant,
1936 4517 2079 4572 Ava-

499 4613 620 4651 rum
646 4598 856 4655 obtinet
877 4599 1330 4670 pugnam.Porro
1353 4603 1478 4658 vani
1501 4604 1790 4674 cujusdam
1816 4609 2081 4669 dmmonis

499 4693 1029 4760 repromissionibus
1051 4694 1316 4766 deceptus
1337 4711 1448 4752 non
1480 4697 1645 4752 rediit
1668 4699 1735 4754 ad
1769 4709 2080 4771 praetorem.

502 4783 841 4856 l'osteraque
868 4788 956 4842 die
986 4796 1178 4844 tenens
1207 4788 1472 4846 transitus
1499 4791 1781 4864 cbaganus
1813 4799 2087 4856 conclusit

500 4892 652 4931 eum.
677 4875 962 4933 Scinditur
990 4879 1158 4949 igitur
1197 4882 1458 4952 populus,
1495 4893 1551 4940 et
1583 4887 1992 4960 unusquisque,
2025 4903 2083 4945 ut

501 4971 652 5026 vires
705 4971 964 5038 habebat,
1017 4989 1113 5044 per
1151 4989 1379 5030 nemora
1439 4975 1709 5047 fugiebat.
1775 4981 2085 5053 Capiuntur

503 5065 689 5134 itaque
718 5065 941 5135 quidam
975 5081 1003 5119 a
1037 5066 1313 5134 barbaris,
1343 5078 1398 5124 ct
1429 5068 1678 5125 indicant
1708 5073 1800 5128 ubi
1833 5075 2085 5134 latitabat

503 5155 735 5222 Castus;
770 5167 824 5212 et
889 5157 992 5212 hoc
1037 5169 1201 5229 capto
1249 5161 1604 5218 exsultabant
1633 5176 1688 5220 et
1731 5165 2082 5225 laetabantur.

502 5249 798 5320 Cltagauus
851 5266 984 5307 sane
1044 5267 1142 5322 per
1178 5253 1463 5308 meridiem
1512 5254 1619 5310 iter
1669 5272 1839 5327 agens
1894 5269 2088 5316 contra

506 5338 774 5396 Thracem
830 5353 1107 5414 properat,
1156 5345 1485 5417 Longosque
1535 5363 1722 5404 muros
1759 5353 1988 5422 accepit.
2022 5355 2089 5408 At

2179 3291 2430 3361 captivus
2461 3287 2691 3344 effectus
2713 3287 2808 3352 sit,
2839 3286 3055 3357 magnis
3099 3284 3368 3340 conviciis
3392 3290 3582 3339 contra
3615 3281 3776 3336 Mau-

2186 3380 2383 3435 ricium
2415 3377 2739 3447 utebantur,
2764 3390 2819 3434 et
2836 3379 2984 3434 hunc
3010 3377 3065 3433 in
3083 3374 3380 3432 manifesto
3409 3373 3777 3446 blasphemiis

2182 3473 2534 3544 appetebant.

2253 3567 2358 3624 Per
2398 3568 2539 3623 idem
2572 3581 2794 3639 quoque
2830 3574 3049 3636 tempus
3077 3563 3371 3622 Heraclius
3401 3564 3636 3621 lleraciii
3665 3580 3778 3634 pa-

2183 3669 2268 3718 ter
2295 3660 2578 3718 Persicum
2613 3675 2911 3731 aggressus
2936 3668 3023 3715 est
3051 3667 3321 3725 castrum,
3345 3658 3491 3729 quod
3525 3666 3578 3711 et
3599 3659 3777 3728 cepit.

2185 3755 2458 3812 Similiter
2489 3763 2545 3810 et
2593 3753 2917 3810 Theodorus
2961 3763 3204 3808 castrum
3250 3750 3617 3816 Mazarorum,
3647 3767 3780 3805 am-

2185 3853 2370 3923 boque
2404 3847 2639 3904 Bavides
2673 3847 2924 3902 veniunt.
2979 3846 3045 3900 Et
3077 3861 3202 3901 cum
3240 3854 3484 3901 castrum
3516 3847 3780 3903 munitis-

2186 3947 2387 4002 simum
2419 3954 2592 4007 esset,
2631 3941 2790 3998 miles
2823 3941 3049 4012 quidam
3091 3940 3357 4012 Saphires
3395 3940 3636 4013 nomine,
3670 3941 3780 3995 stic

2187 4042 2368 4096 mulos
2395 4046 2482 4095 est
2512 4044 2794 4109 operatus,
2829 4044 2885 4091 et
2923 4042 3119 4115 contra
3142 4034 3498 4108 compagiues
3529 4034 3775 4106 lapidum

2189 4137 2291 4190 hos
2319 4133 2493 4203 ﬁgens
2526 4147 2620 4202 per
2661 4145 2758 4185 eos
2787 4127 3000 4184 aditum
3047 4126 3197 4184 fecit.
3233 4127 3368 4183 Cum
3399 4137 3581 4184 autem
3615 4128 3778 4185 fortis

2189 4229 2282 4284 ille
2332 4226 2679 4281 ascendisset
2721 4223 2866 4278 muri
2927 4236 3214 4286 coronam,
3262 4223 3349 4276 vir
3402 4221 3566 4277 Persa
3623 4222 3776 4278 hunc

2188 4324 2420 4393 expulit.
2468 4319 2632 4376 Cadit
2698 4331 2834 4390 ergo
2882 4317 3146 4387 Saphircs
3173 4315 3456 4380 deorsum,
3499 4325 3552 4370 ct
3590 4317 3776 4376 susci-

2189 4418 2347 4488 piunt
2375 4431 2504 4472 eum
2545 4415 2599 4470 in
2636 4412 2813 4468 scutis
2843 4410 2962 4466 suis
3005 4407 3266 4464 Romani.
3295 4407 3360 4462 Et
3405 4422 3600 4463 rursus
3632 4423 3775 4478 opus

2190 4516 2457 4567 audenter
2498 4507 2720 4578 arripit,
2757 4514 2813 4562 et
2865 4504 3049 4560 denuo
3096 4518 3126 4556 a
3174 4501 3434 4557 firmitate
3468 4502 3772 4572 repellitur.

2189 4611 2505 4675 iterumque
2539 4601 2772 4656 Romani
2808 4600 2955 4654 hunc
2982 4597 3153 4653 scutis
3175 4596 3504 4666 suscipiunt,
3525 4603 3580 4650 et
3611 4597 3780 4651 tertio

2188 4700 2256 4756 ad
2285 4698 2787 4754 machinamentum
2819 4701 3056 4750 conatus
3097 4698 3202 4747 est.
3227 4690 3480 4760 Cumque
3524 4689 3592 4744 ad
3631 4691 3774 4744 muri

2187 4800 2356 4865 caput
2407 4789 2775 4863 pervenisset,
2823 4788 3050 4842 Persam
3104 4783 3332 4850 excidit,
3370 4783 3571 4839 deinde
3609 4792 3778 4854 caput

2186 4889 2310 4962 ejus
2343 4885 2609 4942 Romanis
2637 4883 2886 4954 prtebens
2914 4879 3016 4934 hos
3051 4878 3250 4933 fiducia
3281 4892 3480 4949 magna
3507 4876 3774 4946 replevit;

2190 4984 2489 5052 multisque
2542 4977 2893 5033 imitantibus
2928 4975 3105 5030 virum
3137 4973 3356 5037 fortem,
3384 4983 3441 5027 et
3481 4987 3579 5043 per
3623 4973 3780 5042 palos

2189 5075 2617 5135 ascendentibus
2653 5086 2894 5135 murum,
2935 5069 3200 5124 Romanis
3233 5067 3470 5122 traditur
3505 5076 3778 5123 castrum.

2190 5174 2255 5226 Et
2295 5172 2436 5224 alios
2464 5167 2684 5238 quidem
2740 5165 3031 5220 Persarum
3075 5160 3420 5226 occiderunt,
3453 5159 3592 5214 alios
3646 5175 3781 5215 vero

2191 5262 2436 5334 Captivos
2467 5260 2746 5313 duxerunt
2778 5271 2882 5311 una
2923 5270 3048 5309 cum
3095 5252 3451 5323 supellectili,
3501 5251 3610 5321 igni
3651 5268 3781 5321 pro-

2191 5356 2305 5412 dito
2339 5361 2544 5409 castro.
2577 5351 2789 5406 Interea
2833 5349 3171 5420 Philippieus
3211 5363 3406 5403 rursus
3447 5346 3780 5418 Byzantium

2014 5514 2248 5574 NOTAE.

581 5619 694 5688 (56)
727 5619 1158 5698 Λδαὺίιιραλιίὸυε.
1195 5623 1440 5698 Clusae
1472 5645 1483 5680 :
1538 5625 1834 5694 ὑποζύγιον
1897 5631 2086 5698 subju-

509 5693 695 5770 giunt._
719 5690 1110 5770 Onetnastieon
1137 5712 1153 5770 ξ
1185 5694 1494 5770 subjugalis
1518 5690 1851 5770 _t31to;tiyto;_.
1889 5690 2084 5770 Sutfju-

511 5761 858 5838 gatiswbcstia
888 5761 1191 5838 Prudentio
1227 5761 1490 5838 in'agone
1518 5761 1775 5824 Romani.
1813 5767 1978 5824 Fxnn.

585 5835 697 5904 (57)
745 5835 1054 5908 ingenium.
1097 5837 1267 5893 Gallis
1325 5835 1510 5908 eirgiu,
1563 5842 1817 5894 machina
1873 5843 2084 5897 bellica.

517 5906 709 5964 Mtttlt.
741 5907 947 5965 Paris.t
977 5908 1044 5964 Ut
1065 5911 1346 5978 ingenium
1365 5906 1713 5969 adhiberetur
1739 5913 1803 5968 ad
1826 5916 2041 5970 turrim.
2064 5935 2082 5967 ι

2201 5635 2291 5689 Sic
2323 5633 2520 5704 Papias
2557 5632 2612 5686 in
2653 5626 3041 5704 Yocali_ulario_
3064 5620 3781 5704 argumentumdrigenjttm

2200 5691 2794 5776 interpr-IctatttrLVide
2833 5691 3300 5776 liiltncnhorstiupt
3331 5692 3402 5747 ad
3450 5695 3612 5763 Apul.
3645 5691 3781 5750 Met.

2199 5778 2235 5831 l.
2267 5794 2317 5840 ν,
2435 5777 2561 5828 207.
2593 5773 2802 5848 Glossae
2848 5768 3087 5825 Dositltci
3121 5787 3128 5820 ε
3176 5786 3192 5818 ι
3237 5767 3657 5837 Argurncutum,
3693 5781 3786 5818 ar-

2201 5859 2326 5922 gute
2354 5844 2656 5904 inventum.
2693 5844 2766 5900 lo.
