4038 6298
365 356 499 422 1277

360 467 468 523 iter
497 468 630 539 egit,
688 465 942 523 Heraclio
967 462 1344 519 Romanorum
1392 465 1534 518 duce
1583 462 1795 518 relicto.
1841 459 1940 517 Ve-
1970 465 2017 522 Α

364 561 525 616 uiens
579 567 762 615 autem
818 559 1078 622 Tarsum,
1121 563 1175 610 et
1219 555 1410 613 dicens
1455 553 1600 626 quod
1649 554 1949 625 imperator

363 653 618 709 Priscum
684 651 930 708 Orientis
987 656 1277 719 praetorem
1345 657 1593 704 creatum
1653 646 1945 712 direxerit,

362 746 558 800 scribit
596 744 849 801 IIeraclio
871 744 1103 800 dimisso
1136 741 1381 798 exercitu
1411 741 1466 796 in
1509 741 1824 797 Armeniam
1857 755 1948 794 ve-

361 839 485 894 nire
515 837 584 893 ad
628 837 839 893 Narscn
882 847 937 892 et
983 835 1160 892 Prisci
1202 837 1325 906 ejus
1375 835 1725 906 prmsentiam
1770 833 1951 889 facere

365 929 738 986 manifestam.
793 930 1098 1002 Imperator
1151 928 1297 986 enim
1341 928 1652 1000 Philippico
1702 928 1983 998 jusserat.

368 1036 563 1093 quarta
615 1039 759 1092 roga:
796 1031 953 1094 parte
1005 1023 1228 1094 privare
1277 1021 1556 1076 militiam.
1605 1020 1951 1093 Pbilippicus

369 1129 552 1173 autem
601 1118 802 1173 timens
835 1132 907 1172 ne
949 1116 1172 1172 occasio
1219 1115 1530 1186 tyrannidis
1571 1114 1747 1183 fieret,
1788 1129 1954 1185 super

365 1210 471 1264 hoc
504 1208 824 1279 imperatori
858 1223 966 1264 non
1011 1207 1217 1278 paruit,
1262 1206 1495 1278 ideoque
1519 1221 1549 1260 a
1589 1213 1827 1276 praetura
1855 1204 1952 1260 de-

366 1304 608 1376 ponitur.
678 1302 904 1360 Priscus
977 1310 1158 1356 autem
1219 1301 1552 1372 perveniens
1605 1299 1951 1356 Antiochiam

366 1395 629 1467 prazcepit
657 1395 861 1451 milites
886 1393 1029 1466 apud
1061 1391 1443 1450 Monocartum
1469 1393 1675 1465 colligi.
1707 1390 1956 1448 Advocat

368 1500 554 1546 autem
584 1503 637 1545 et
657 1488 1020 1554 Germanum,
1045 1486 1131 1542 cui
1158 1485 1596 1542 IIedessenorum
1621 1486 1954 1557 principatus

363 1585 608 1640 creditus
656 1591 796 1646 erat,
834 1596 943 1636 una
979 1596 1103 1637 cum
1143 1580 1434 1651 episcopo,
1469 1587 1524 1636 et
1562 1594 1670 1635 una
1710 1595 1834 1634 cum
1875 1579 1954 1634 eis

365 1678 438 1735 ad
473 1664 956 1742 exercitumibat,
980 1675 1390 1732 solemnitatem
1425 1674 1652 1732 Pascha:
1684 1691 1808 1732 cum
1844 1675 1954 1731 illis

368 1770 645 1828 facturus.
679 1774 749 1826 At
775 1786 906 1826 vero
938 1770 1109 1825 duces
1139 1767 1416 1825 exercitus
1447 1767 1662 1823 obviam
1689 1777 1956 1824 venerunt

367 1867 418 1921 ei
449 1882 572 1920 cum
617 1866 841 1930 bandis,
883 1865 1099 1920 duobus
1141 1863 1319 1935 signis
1352 1863 1544 1936 procul
1573 1864 1644 1921 ab
1679 1864 1950 1920 exercitu.

367 1961 470 2015 Ast
515 1959 741 2015 Priscus
790 1957 1096 2016 secundum
1131 1971 1342 2014 morem
1404 1973 1513 2014 non
1563 1957 1852 2013 descendit
1881 1957 1953 2012 ab

369 2067 539 2125 equo,
574 2067 677 2108 nec
710 2050 998 2108 consuetis
1049 2049 1480 2107 salutationibus
1513 2065 1648 2107 usus
1681 2059 1783 2107 est.
1815 2050 1954 2106 lIiuc

367 2163 500 2219 ergo
524 2154 578 2202 et
605 2147 716 2202 odii
745 2145 1034 2202 exordium
1080 2143 1294 2201 factum
1319 2154 1405 2202 est
1429 2161 1445 2200 :
1477 2145 1534 2199 in
1565 2145 1956 2203 communibus

368 2257 610 2312 namque
658 2239 881 2311 injuriis
917 2237 1302 2294 multitudines
1355 2238 1606 2294 severius
1641 2240 1951 2311 patiuntur.

369 2333 502 2390 Post
534 2331 734 2390 festum
767 2339 950 2387 autem
995 2331 1141 2387 diem
1189 2329 1716 2388 demonstrabantur
1762 2333 1955 2390 tetrico

370 2422 720 2493 imperatoris
751 2421 968 2476 litterae.
1003 2420 1302 2478 Confluunt
1341 2422 1527 2493 itaque
1567 2423 1953 2482 multitudines

369 2516 436 2570 ad
472 2517 724 2586 prmtoris
756 2515 988 2571 ﬁxuram
1029 2516 1395 2583 tabernaculi,
1431 2517 1557 2574 aliis
1586 2518 1807 2589 quidem
1839 2519 1955 2592 gla-

374 2610 496 2666 dios
519 2609 896 2681 portantibus,
917 2609 1042 2668 aliis
1072 2625 1199 2666 vero
1231 2611 1441 2682 lapides
1469 2612 1553 2668 vel
1581 2611 1726 2684 ligna
1743 2614 1953 2684 jactan-

377 2703 543 2758 tibus.
600 2702 686 2758 Fit
740 2703 906 2775 igitur
964 2703 1199 2774 pavidus
1251 2704 1497 2772 Priscus,
1541 2713 1598 2762 et
1651 2709 1955 2766 ascendens

372 2808 576 2866 equum
609 2795 737 2868 fuga
768 2796 946 2853 evasit
973 2797 1306 2868 periculum.
1346 2799 1433 2852 Illi
1480 2813 1611 2855 vero
1641 2800 1956 2858 scindentes

376 2889 543 2955 ﬁxum
574 2890 738 2960 hujus
770 2889 1210 2957 tabernaculum,
1240 2891 1426 2946 omnia
1451 2907 1575 2963 qua:
1596 2893 1772 2964 ipsius
1799 2904 1959 2951 erant

375 2981 747 3053 diripuerunt.
777 2981 877 3036 Ast
904 2981 993 3037 ille
1023 2979 1405 3036 Constantiam
1434 2984 1761 3054 perveniens
1785 3000 1815 3040 a
1839 3001 1956 3043 me-

373 3073 515 3132 dicis
530 3076 596 3130 de
613 3071 1312 3146 percussionibuslapidum
1326 3081 1380 3130 et
1394 3074 1711 3134 vulneribus
1727 3078 1959 3135 curaba-

1143 353 1504 417 HISTORIA
1538 352 2116 416 ECCLESIASTICA
2159 351 2258 412 EX
2295 349 2786 413 ΤΗΕΟΓΗΑΝΕ.

3494 351 3641 416 1278

2119 460 2307 519 Mundi
2335 474 2479 516 anno
2504 459 2670 524 6080,
2697 458 2900 514 divina:
2918 456 3319 517 incarnationis
3347 476 3492 520 anno
3508 461 3641 522 580.

2054 571 2250 611 mense
2297 554 2674 624 Septembrio,
2724 551 3026 610 indictione
3070 563 3250 623 sexta,
3292 554 3640 629 Langobardi

2054 650 2258 706 bellum
2306 649 2580 706 adversus
2634 647 2915 702 Itonianos
2959 646 3289 714 intulerunt,
3327 655 3384 704 et
3419 647 3644 704 Mauru-

2056 737 2292 800 siorum‘
2326 751 2519 813 gentes
2551 741 2818 797 adversus
2866 739 3113 797 Africam
3162 759 3390 814 magnas
3429 756 3644 816 pertur-

2058 839 2313 894 bationes
2342 845 2822 909 perpetraverunt.
2865 835 2922 891 In
2955 836 3189 894 Perside
3236 847 3420 894 autem
3451 854 3644 896 carcer

2058 941 2144 990 est
2175 932 2272 1004 qui
2300 933 2508 988 dicitur
2548 930 2741 1000 Lethe,
2797 940 2853 987 et
2900 931 3106 987 multos
3140 930 3431 987 Persarum
3485 947 3579 987 rex
3611 946 3640 985 a

2057 1028 2297 1085 diversis
2331 1027 2590 1097 gentibus
2621 1025 2676 1081 in
2710 1025 2815 1080 hoc
2847 1025 3078 1081 inclusit
3120 1040 3228 1080 una
3259 1041 3384 1081 cum
3411 1026 3644 1094 captivis

2058 1123 2303 1179 civitatis
2325 1121 2506 1177 Darae.
2532 1119 2626 1177 Isti
2660 1132 2793 1190 ergo
2823 1115 3102 1190 desperati
3131 1119 3423 1189 insurgunt
3449 1127 3643 1174 contra

2056 1233 2154 1274 eos
2184 1215 2281 1287 qui
2330 1231 2392 1272 se
2429 1213 2941 1281 custodiebant,,et
2971 1213 3162 1270 occiso
3213 1211 3430 1267 Marusa
3477 1219 3646 1283 caput

2055 1311 2178 1382 ejus
2231 1310 2557 1382 Byzantium
2611 1311 2938 1368 attulerunt.
3001 1308 3099 1363 Ast
3153 1307 3460 1378 imperator
3517 1321 3642 1359 cum

2057 1403 2261 1473 gaudio
2297 1419 2494 1476 magno
2550 1405 2676 1460 illos
2725 1401 2993 1472 suscepit.
3036 1397 3406 1471 Pbilippicum
3461 1406 3641 1452 autem

2057 1496 2144 1550 vix
2178 1506 2470 1565 prmtorem
2514 1496 2722 1567 recepit
2754 1494 3054 1551 exercitus.
3088 1492 3225 1547 Cum
3277 1497 3457 1545 autem
3508 1489 3642 1543 Per-

2059 1604 2245 1644 sarum
2284 1588 2775 1660 Romanorumque
2808 1588 3016 1645 bellum
3063 1586 3418 1659 Martyropoli
3469 1583 3642 1647 fieret,

2059 1695 2398 1752 superantur
2446 1683 2706 1739 Romani.
2753 1685 3056 1754 Imperator
3087 1691 3269 1737 autem
3314 1694 3343 1733 a
3398 1685 3638 1750 praetura

2065 1778 2374 1849 Philippico
2402 1791 2597 1834 rursus
2628 1785 2832 1840 amoto,
2859 1773 3320 1832 Commentiolum
3352 1779 3643 1842 praetorem

2060 1869 2311 1926 Orientis
2361 1869 2586 1925 direxit.
2636 1868 2929 1925 IIeraelius
2972 1877 3155 1923 autem
3192 1871 3553 1937 prosperatus
3592 1863 3645 1915 in

2057 1963 2203 2020 bello
2235 1963 2470 2034 peremit
2493 1962 2788 2019 Persarum
2824 1970 3142 2034 praetorem.
3178 1958 3495 2029 Apbrabato
3519 1969 3648 2010 vero

2059 2059 2390 2128 interempto
2417 2057 2637 2128 fugiunt
2675 2055 2856 2114 Persa:
2895 2064 2950 2113 et
2982 2056 3356 2125 insequuntur
3387 2048 3648 2106 Romani.

2056 2149 2194 2207 Cum
2258 2157 2440 2205 autem
2487 2148 2724 2204 multum
2767 2147 2966 2206 fuisset
3011 2151 3068 2206 in
3121 2149 3205 2203 eis
3245 2143 3518 2204 excidium
3566 2141 3650 2196 fa-

2059 2252 2232 2311 ctum,
2276 2244 2760 2316 comprehendunt
2800 2245 2969 2299 etiam
3015 2243 3326 2300 custodiam
3358 2249 3410 2294 et
3441 2238 3648 2293 multas

2057 2338 2288 2395 exuvias
2353 2338 2678 2410 Byzantium
2743 2338 2991 2394 mittunt.
3049 2334 3298 2406 Denique
3351 2333 3652 2402 imperator

2057 2431 2409 2502 equestribus
2451 2431 2928 2502 speculationibus
2972 2440 3022 2485 et
3060 2427 3410 2486 commerciis
3459 2425 3649 2478 urbem

2058 2524 2410 2596 splendidam
2448 2523 2712 2580 reddidit.
2741 2521 3035 2579 Hormisda
3064 2521 3358 2577 Persarum
3387 2531 3481 2572 rex
3515 2529 3653 2587 prae-

2060 2627 2238 2674 torem
2295 2617 2497 2672 Baram
2557 2627 2875 2687 promotum
2926 2629 3036 2671 una
3085 2629 3212 2670 cum
3275 2609 3652 2683 potentatibus

2062 2711 2257 2766 multis
2294 2719 2489 2766 contra
2524 2708 2790 2767 Suaniam
2824 2708 3016 2763 mittit.
3052 2707 3129 2762 Ex
3161 2706 3443 2776 insperato
3471 2709 3653 2757 autem

2061 2803 2192 2860 huic
2234 2803 2451 2860 instans
2494 2803 2564 2858 ad
2595 2805 2836 2860 Araxem
2871 2801 3076 2856 flumen
3106 2805 3290 2854 castra
3320 2801 3651 2856 commovet,

2062 2896 2334 2968 siquidem
2365 2897 2703 2970 expugnatis
2722 2895 2923 2952 Turcis
2947 2911 2976 2950 a
3000 2893 3182 2949 Persis
3205 2890 3340 2946 adeo
3361 2886 3652 2944 IIormisda

2060 2989 2234 3044 crevit
2266 2997 2326 3044 ut
2355 2988 2529 3046 etiam
2573 2987 2787 3044 tributa
2815 2985 3182 3058 quadraginta
3232 2981 3401 3040 millia
3451 2978 3570 3034 auri
3624 2992 3656 3032 a

2060 3080 2260 3137 Turcis
2313 3081 2611 3152 acciperet,
2658 3095 2786 3134 cum
2826 3079 2983 3150 prius
3034 3078 3152 3148 ipse
3192 3072 3425 3148 aequalia
3456 3069 3657 3126 Turcis

377 3179 488 3236 tur,
508 3176 563 3223 et
584 3168 1085 3240 mittitepiscopum
1104 3167 1347 3226 civitatis
1377 3169 1649 3227 rationem
1669 3171 1876 3229 faciens
1896 3190 1961 3231 ac
1988 3201 2035 3265 ο
2068 3173 2426 3244 persolveret.
2479 3171 2681 3228 Verum
2736 3171 3040 3226 Mauricius
3084 3170 3190 3226 hoc
3223 3174 3505 3238 comperto
3539 3165 3655 3220 Ro-

381 3264 648 3333 potlicens
671 3263 939 3319 exercitui
956 3277 1015 3319 se
1049 3276 1348 3319 suasurum
1383 3262 1725 3335 imperatori,
1746 3283 1814 3322 ne
1833 3269 1956 3324 illos

381 3356 557 3428 privet
589 3355 772 3428 aliqua
796 3355 1261 3413 conferendarum
1313 3359 1786 3416 consuetudinum
1822 3361 1962 3432 (58).

378 3449 768 3507 Astexercitus
782 3451 1100 3520 episcopum
1130 3465 1256 3505 cum
1281 3449 1502 3521 injuriis
1538 3454 1968 3527 respuerunt,|ct

378 3544 720 3600 Germanum
753 3544 988 3600 invitum
1015 3550 1306 3614 praetorem
1337 3546 1846 3615 pronuntiaverunt
1875 3564 1968 3604 su-

378 3652 476 3707 per
509 3643 728 3692 scutum
761 3635 990 3702 elatum,
1013 3634 1545 3706 imperetoriamque
1575 3645 1813 3694 statuam
1839 3641 1968 3697 sub-

378 3739 688 3799 verterunt,
721 3739 778 3786 et
821 3729 988 3802 hujus
1033 3729 1302 3802 imagines
1339 3729 1585 3788 demoliti
1631 3738 1784 3789 sunt.
1814 3732 1880 3789 Et
1911 3736 1965 3791 in

382 3823 727 3895 tyrannidem
775 3829 1204 3894 prorumperent
1248 3829 1304 3877 et
1356 3822 1525 3879 urbes
1580 3824 1965 3896 dispoliarent,

381 3917 487 3974 nisi
529 3915 840 3974 Germanus
883 3916 936 3971 id
986 3930 1151 3986 agere
1192 3914 1362 3970 multa
1421 3919 1858 3978 conmtonitione
1914 3931 1970 3979 et

379 4010 762 4067 exhortatione
825 4009 1110 4066 vetuisset.
1150 4008 1374 4066 Priscus
1424 4018 1608 4067 autem
1680 4013 1797 4070 haec
1859 4015 1964 4070 im-

379 4104 626 4177 peratori
658 4101 950 4160 manifesta
981 4100 1134 4171 fecit,
1169 4111 1224 4159 et
1260 4104 1561 4174 imperator
1592 4103 1963 4178 Philippicum

383 4201 566 4257 denuo
597 4206 890 4270 praetorem
933 4194 1173 4253 Orientis
1223 4196 1530 4252 constituit.
1564 4196 1796 4253 Priscus
1836 4213 1967 4254 vero

382 4293 705 4367 Byzantium
762 4291 952 4347 rediit.
987 4288 1163 4346 Porro
1206 4291 1488 4347 exercitus
1533 4290 1866 4361 jurameutis
1905 4307 1966 4350 se

387 4385 694 4444 alIirmabat
720 4402 752 4441 a
781 4385 1048 4441 Mauricio
1073 4384 1390 4440 nullatenus
1423 4385 1706 4457 imperari.
1739 4386 1962 4443 Barbari

382 4499 516 4540 sane
551 4480 817 4538 Romanis
847 4478 1263 4535 calamitatibus
1293 4479 1730 4536 delectabantur.
1761 4478 1963 4537 Verum

2072 3281 2296 3321 manum
2341 3265 2600 3337 provehit
2646 3275 2960 3335 praetorem,
2993 3271 3048 3319 et
3107 3263 3162 3317 in
3211 3259 3478 3316 Suaniam
3527 3270 3655 3311 cum

2071 3367 2358 3431 potentatu
2407 3358 2752 3416 transmittit.
2785 3357 3034 3427 Cumque
3076 3354 3415 3427 pervenisset
3456 3351 3658 3406 Roma-

2071 3470 2177 3510 nus
2213 3453 2470 3510 Lazicem
2500 3461 2556 3510 et
2586 3453 2654 3508 ad
2693 3451 2913 3508 Phasim
2948 3451 3174 3505 tIuvium
3206 3446 3561 3509 accessisset,
3596 3445 3653 3498 in

2069 3547 2360 3603 Albaniam
2392 3546 2699 3602 exercitum
2733 3544 2925 3602 movit.
2956 3543 3152 3598 Baram
3199 3551 3381 3596 autem
3417 3537 3657 3593 audiens

2070 3641 2378 3698 Romanum
2403 3639 2710 3712 profectum
2727 3654 2840 3696 rem
2862 3637 3166 3694 deridebat.
3193 3633 3463 3702 Cupiebat
3485 3630 3652 3684 etiam

2073 3737 2447 3794 Romanorum
2473 3735 2647 3791 aciem
2683 3749 2847 3788 manu
2885 3745 3126 3803 capere:
3162 3745 3269 3785 non
3301 3727 3447 3782 enim
3481 3725 3659 3778 adhuc

2069 3830 2336 3884 adversus
2384 3826 2666 3883 Romanos
2692 3822 2897 3879 bellum
2931 3821 3150 3876 inierat.
3181 3818 3252 3872 At
3290 3830 3420 3870 vero
3457 3814 3658 3867 Itonia-

2070 3939 2177 3978 nus
2227 3920 2532 3977 Romanam
2585 3915 3006 3973 multitudinem
3031 3910 3332 3982 separavit,
3386 3923 3492 3962 non
3528 3920 3659 3976 pro-

2078 4017 2222 4073 batis
2255 4029 2423 4088 penes
2455 4011 2705 4070 sarcinas
2728 4007 3032 4074 derelictis.
3055 4006 3252 4061 Decem
3293 4000 3459 4056 millia
3489 3998 3656 4055 etiam

2071 4125 2260 4168 secum
2297 4106 2580 4178 accipiens
2609 4105 2879 4161 adversus
2909 4100 3179 4157 barbaros
3212 4094 3572 4167 properabat,
3602 4100 3658 4143 ct

2069 4204 2181 4260 duo
2240 4201 2411 4257 millia
2473 4198 2786 4269 praecedere
2828 4195 2987 4268 jubet.
3028 4191 3354 4250 exercitum.
3408 4187 3512 4254 Qui
3559 4202 3657 4241 ve-

2069 4298 2286 4353 nientes
2313 4292 2532 4350 obviam
2583 4292 2675 4348 his
2722 4290 2817 4363 qui
2857 4293 3285 4361 praecesserant,
3315 4281 3512 4338 Persas
3557 4281 3659 4335 hos

2071 4391 2124 4446 in
2150 4399 2303 4460 terga
2328 4395 2572 4452 vertunt,
2592 4394 2647 4442 et
2669 4399 2863 4442 omnes
2891 4382 3255 4439 interimunt:
3281 4377 3425 4432 facta
3455 4374 3660 4445 quippe

2072 4482 2202 4553 fuga
2255 4489 2311 4536 et
2352 4477 2660 4551 praecipitio
2713 4476 2816 4532 sibi
2869 4475 3132 4532 obstante
3161 4467 3410 4527 conclusi
3462 4481 3661 4521 omnes

383 4578 679 4647 imperator
737 4573 1162 4640 Aristobolum,
1213 4580 1527 4628 curatorem
1589 4573 1958 4644 impcrialium
1996 4561 2424 4632 l)iutcrierunt.
2485 4573 2586 4629 Ast
2641 4571 2874 4627 Romani
2935 4583 3110 4638 usque
3168 4566 3235 4621 ad
3295 4561 3660 4618 barbarorum

380 4670 692 4733 domorum,
731 4669 798 4723 ad
831 4667 1132 4723 exercitum
1170 4666 1340 4733 misit,
1372 4677 1648 4737 quatenus
1675 4668 1962 4738 jurameu-

385 4765 456 4820 tis
489 4772 544 4819 ct
577 4762 742 4821 donis
789 4759 1138 4834 tyrannidem
1191 4760 1467 4828 solveret;
1512 4761 1659 4832 quod
1702 4769 1759 4816 et
1809 4761 1958 4817 fecit.

384 4857 701 4932 Tyrannide
735 4870 865 4910 vero
898 4854 1180 4910 destructa
1217 4853 1278 4916 fit
1315 4853 1606 4911 Persarum
1644 4862 1810 4924 atque
1839 4853 1956 4910 Ro-

382 4967 670 5009 manorum
715 4951 860 5005 circa
914 4945 1326 5020 Martyropolim
1383 4950 1685 5003 maximum
1737 4949 1962 5007 bellum.

386 5046 650 5102 llmnauis
701 5059 833 5099 vero
885 5044 1128 5114 potentia
1176 5051 1231 5097 et
1280 5041 1486 5097 ducum
1536 5042 1740 5099 virtute
1795 5059 1966 5116 expu-

384 5141 682 5211 gnanttbus
723 5137 943 5204 Persas,
997 5136 1324 5193 interﬁcitur
1369 5134 1621 5191 Maruzas
1666 5135 1962 5194 Persarum

387 5245 607 5306 praetor.
646 5231 1201 5301 Comprehenduntur
1233 5229 1396 5283 etiam
1431 5227 1732 5283 viventium
1767 5244 1831 5285 ex
1880 5229 1966 5286 his

390 5331 494 5386 tria
524 5327 722 5392 millia,
746 5338 800 5383 et
830 5325 1177 5383 Persicorum
1210 5323 1488 5394 principes
1507 5323 1787 5394 agminum
1817 5324 1964 5381 mille

389 5430 603 5476 tantum
643 5419 848 5475 reversi
883 5426 1012 5472 sunt
1065 5417 1120 5470 in
1165 5413 1467 5471 Persidem.
1519 5413 1694 5469 Porro
1729 5415 1962 5471 Romani

387 5515 770 5581 trartstuittunt
813 5513 879 5566 ad
931 5512 1315 5582 imperatorem
1349 5525 1414 5564 ex
1460 5508 1699 5565 Persicis
1743 5510 1961 5567 exuviis

393 5608 563 5666 multa
590 5615 644 5664 et
675 5614 870 5678 captos
898 5614 952 5660 et
981 5604 1270 5659 universos
1300 5617 1407 5658 una
1441 5616 1565 5658 cum
1599 5601 1818 5658 bandis.

2070 4668 2276 4724 vallum
2302 4673 2596 4731 venerunt,
2627 4666 2702 4719 ita
2729 4673 2788 4719 ut
2833 4661 3030 4716 Baram
3062 4672 3226 4730 super
3265 4656 3373 4710 hoc
3395 4652 3658 4721 obstupe-

2070 4770 2270 4819 sceret.
2294 4759 2448 4827 Quod
2474 4758 2704 4814 audiens
2725 4756 3012 4814 Romanus
3035 4750 3284 4806 animare
3306 4745 3476 4818 erepit
3497 4759 3656 4800 exer-

2069 4857 2265 4920 citum,
2326 4864 2381 4908 et
2417 4851 2712 4924 prazliaturi
2741 4854 3010 4922 parantur
3050 4845 3105 4900 in
3158 4855 3354 4909 campo
3395 4836 3656 4893 Albanizc.

2071 4947 2268 5004 Baram
2319 4957 2502 5004 autem
2533 4946 2813 5003 nitebatur
2859 4942 3060 4999 bellum
3113 4935 3310 4999 furari,
3360 4934 3661 4989 frustratus

2072 5050 2254 5098 tamen
2314 5041 2551 5098 consilio
2579 5048 2665 5096 est
2701 5058 2716 5096 ε
2776 5035 3021 5094 surrexit
3064 5032 3208 5088 enim
3261 5027 3562 5088 Romanus,
3592 5034 3656 5078 et

2074 5135 2451 5206 comptissime
2482 5133 2801 5206 parabatur.
2845 5132 2982 5187 Cum
3019 5135 3204 5183 autem
3250 5123 3482 5179 invicem
3524 5133 3660 5178 eon-

2075 5228 2257 5284 flictus
2305 5229 2610 5300 agitaretur
2638 5235 2694 5282 et
2731 5225 2888 5280 multi
2926 5223 3296 5278 Barbarorum
3325 5213 3495 5272 occisi
3523 5213 3658 5267 fuis-

2073 5335 2218 5392 sent,
2265 5325 2324 5381 lit
2372 5326 2609 5381 maxima
2663 5322 2928 5380 Romanis
2965 5317 3220 5376 victoria.
3281 5311 3658 5382 Dispoliantur

2071 5420 2236 5493 igitur
2267 5421 2520 5482 Barbari.
2573 5427 2628 5475 et
2684 5417 2970 5488 sepultura
3019 5420 3276 5468 carentes
3337 5404 3654 5462 efﬁciuntur

2069 5517 2264 5573 bestiis
2294 5532 2442 5572 esca.
2475 5514 2592 5570 IIoc
2623 5513 2815 5569 audito
2849 5506 3174 5566 Hormisdas
3203 5505 3497 5560 Persarum
3529 5512 3651 5560 rex,

2071 5609 2456 5667 confusionem
2495 5624 2606 5665 non
2631 5606 2837 5673 ferens,
2872 5599 3196 5658 muliebrem
3219 5601 3425 5652 vestem
3453 5591 3648 5646 Baram

1910 5724 2146 5787 NOTAE.

462 5823 574 5895 ('58)
609 5823 1060 5895 Consuetudith
1103 5821 1457 5880 Consuetudo

393 5913 441 5952 c.
471 5897 522 5965 7,
550 5894 599 5952 ct
633 5897 667 5952 ι.
704 5913 796 5964 γη,
833 5914 881 5953 c.
914 5898 966 5954 5.
995 5894 1156 5951 I‘aun.

1517 5825 1815 5896 praestatio,
1845 5841 1975 5920 παρ(

2079 5825 2361 5882 .Glossm:
2398 5820 2658 5879 salarium
2698 5814 2979 5888 συνήθεια,
3006 5829 3054 5866 v.
3080 5809 3223 5864 Hist.
3290 5807 3434 5877 Trip.
3479 5805 3516 5860 I.
3561 5819 3639 5875 vt,
