4038 6298
434 366 573 435 1273

1538 366 1936 430 ANASTASII
1974 370 2618 438 BIBLIOTHECARII

3570 378 3716 449 1280

433 485 764 551 transmisit,
792 492 846 541 et
888 485 1034 541 hunc
1070 493 1304 553 praetura
1349 484 1605 553 privavit.
1647 485 2019 563 Parate.con-
2049 501 2090 557 Α
2126 492 2384 548 misdam.
2439 493 2504 549 Et
2554 496 2766 550 ducunt
2810 494 2862 549 in
2914 494 3151 551 medium
3201 510 3425 555 uxorem
3483 498 3618 568 eius
3652 504 3717 556 et

432 595 516 637 tra
543 582 900 638 rebellionem
930 580 1147 648 Baram,
1182 581 1535 652 pregreditur
1560 583 1614 636 in
1648 585 2018 654 tyrannidem,

429 687 486 732 et
516 676 815 749 reciprocis
872 674 1092 746 injuriis
1141 689 1238 745 per
1283 674 1490 731 litteras
1540 674 1886 733 Hormisdam
1946 679 2024 733 la-

433 770 625 837 cessit,
674 768 1093 840 superscribens
1138 768 1383 839 epistolae
1416 769 1490 824 ita
1521 785 1535 823 :
1564 769 1865 826 llormisdw
1891 772 2022 841 ﬁlia.-

433 865 691 922 Chosroce
732 862 934 918 Baram
966 860 1077 916 Iure
1126 861 1316 915 mittit.
1350 861 1612 920 Collectis
1648 878 1778 919 vero
1809 864 2022 922 militiis

434 959 721 1016 asserebat
771 957 1120 1014 llormisdam
1164 956 1508 1030 indignatum
1568 959 1836 1018 adversus
1874 962 2029 1018 mili-

436 1053 565 1119 tias,
606 1058 799 1124 utpote
866 1065 989 1121 qua:
1042 1064 1072 1103 a
1133 1049 1398 1107 Romanis
1453 1051 1671 1111 fuerant
1727 1063 2020 1125 superatae.

435 1145 779 1203 Ostendebat
822 1152 1004 1200 autem
1033 1151 1090 1201 et
1133 1143 1286 1201 fictas
1332 1146 1548 1203 litteras
1580 1149 1738 1219 quasi
1774 1147 1844 1205 ab
1884 1148 2024 1206 Hor-

434 1238 612 1295 misda
660 1236 860 1293 missas
905 1236 973 1290 ad
1030 1235 1363 1293 minuendas
1420 1237 1656 1292 militum
1710 1252 1894 1310 rogas,
1952 1237 2022 1293 ad

438 1334 763 1393 memoriam
796 1332 878 1391 eis
908 1330 1179 1389 reducens
1202 1332 1547 1388 atrocitatem
1570 1331 1898 1399 Hormisdze,
1921 1348 2023 1391 seu

438 1429 850 1497 crudelitatem,
891 1427 1179 1484 avaritiam
1237 1434 1295 1483 et
1325 1426 1670 1491 violentiam,
1710 1434 1767 1483 et
1788 1427 2025 1499 qualiter

437 1522 755 1580 homicidiis
792 1520 1096 1579 delectatus
1125 1531 1177 1578 et
1200 1534 1231 1576 a
1270 1535 1406 1593 pace
1447 1520 1663 1579 alienus
1688 1530 1853 1589 esset,
1885 1538 2025 1594 qua-

436 1618 673 1688 literque
693 1615 991 1687 Optimates
1024 1615 1263 1672 vinculis
1288 1614 1582 1680 dediderit,
1614 1633 1852 1688 quorum
1883 1618 2024 1676 alios

433 1706 658 1779 quidem
709 1705 892 1781 gladio
943 1706 1248 1772 reciderit,
1307 1706 1446 1762 alios
1492 1718 1675 1765 autem
1742 1708 2024 1767 necaverit

428 1799 701 1873 'l‘igride,
759 1808 817 1857 et
865 1799 1106 1871 qualiter
1159 1800 1645 1870 cogebatxl‘crsas
1697 1802 1754 1859 in
1810 1805 2022 1875 magnis

2128 585 2405 656 filium,et
2447 604 2613 645 serra:
2662 589 2909 645 sectione
2962 591 3062 646 hos
3110 592 3297 662 partiti
3350 600 3482 647 sunt
3523 608 3713 648 coram

2126 676 2434 735 liortnisdte
2471 682 2708 747 visibus,
2733 680 3194 757 llormisdamque
3225 688 3401 742 oculis
3434 688 3716 758 privantes

2127 772 2183 827 in
2228 787 2505 830 carcerem
2560 786 2884 847 posuerunt.
2921 778 2985 833 Et
3020 778 3293 836 Cltosroes
3344 781 3565 852 quidem
3609 782 3713 835 ali-

2124 866 2373 935 quandiu
2415 877 2624 937 patrem
2665 871 2901 941 benigne
2934 874 3226 941 tractabat,
3256 874 3308 928 in
3340 875 3595 930 custodia
3633 875 3715 930 illi

2127 970 2345 1012 onmem
2376 958 2629 1017 tribuens
2663 975 2867 1016 escam.
2900 962 2998 1019 Ast
3030 962 3355 1021 llormisdas
3386 964 3529 1019 hunc
3565 965 3714 1035 iniu-

2126 1049 2226 1106 riis
2253 1064 2285 1106 e
2316 1051 2537 1108 diverso
2584 1052 2885 1119 lacerabat,
2923 1055 3261 1111 conculcans
3285 1071 3347 1111 ea
3379 1071 3502 1127 quae
3528 1055 3713 1110 mitte-

2126 1141 2329 1199 bantur
2360 1160 2390 1200 a
2418 1160 2569 1218 rege.
2603 1144 2760 1203 Unde
2780 1144 3058 1203 Cbosroes
3085 1146 3259 1204 iratus
3294 1147 3538 1206 fustibus
3562 1149 3712 1204 hunc

2126 1236 2483 1295 silvestribus
2511 1238 2683 1310 jussit
2722 1254 2821 1312 per
2856 1240 2948 1296 ilia
2980 1255 3183 1296 catsmn
3223 1240 3402 1297 obire.
3427 1238 3586 1308 Quod
3628 1242 3714 1297 fa-

2125 1338 2274 1385 ctum
2316 1338 2371 1387 et
2402 1330 2601 1388 Persas
2638 1332 2825 1389 tristes
2857 1331 3091 1390 reddidit
3116 1342 3170 1391 et
3198 1343 3390 1390 contra
3424 1334 3710 1393 Chosroen

2124 1422 2316 1479 odium
2340 1425 2517 1480 auxit.
2547 1424 2821 1483 Cltosroes
2857 1441 2993 1483 vero
3034 1427 3386 1499 congregatis
3410 1427 3712 1483 virtutibus

2124 1530 2423 1588 regnorum
2463 1533 2722 1591 egressus
2746 1528 2941 1577 contra
2965 1521 3161 1575 Baram
3197 1520 3449 1592 pervenit
3479 1520 3533 1575 in
3562 1535 3713 1577 cam-

2122 1622 2255 1679 pum
2309 1606 2458 1663 Zaba
2500 1607 2767 1675 ﬂuminis,
2825 1610 2918 1666 ubi
2954 1610 3150 1665 Baram
3206 1609 3407 1666 vallum
3451 1609 3713 1667 habebat.

2125 1699 2455 1771 Suspicatus
2488 1710 2669 1758 autem
2710 1702 2990 1758 Cltosroes
3010 1700 3156 1773 quod
3193 1700 3363 1772 aliqui
3397 1699 3711 1771 principum

2128 1793 2448 1865 adiacerent
2493 1792 2716 1860 Baram,
2756 1795 2858 1851 hos
2892 1792 3117 1850 occidit.
3149 1793 3283 1849 Cum
3318 1808 3451 1848 vero
3477 1792 3714 1864 populus

435 1894 648 1967 pmliis
677 1893 952 1967 separari,
988 1908 1101 1965 quo
1124 1893 1580 1964 disperderentur
1604 1905 1653 1953 et
1687 1913 1796 1953 non
1830 1908 2022 1954 contra

2133 1886 2481 1953 turbaretur,
2504 1884 2687 1956 fugam
2743 1886 2869 1941 iniit
2899 1884 3177 1943 Chosroes
3210 1900 3335 1942 cum
3369 1887 3564 1955 paucis
3590 1885 3716 1957 qni-

314 1996 317 1999 ‘
382 2020 389 2028 -
434 1986 595 2044 illum
630 1990 1129 2045 tumultuarentttr.
1179 1986 1409 2044 Talibus
1444 2003 1576 2060 ergo
1609 1991 1791 2047 verbis
1827 1992 2019 2048 Baram

428 2081 693 2138 militiam
753 2082 951 2139 affatus
996 2082 1339 2154 tyrannidem
1402 2083 1695 2141 maximam
1755 2086 2021 2144 adversus

439 2172 793 2232 llormisdam
835 2174 1148 2243 succendit,
1201 2190 1255 2233 et
1285 2172 1621 2248 iuramentis
1654 2179 1849 2235 Baram
1901 2199 2022 2236 mu-

440 2270 659 2327 nientes
710 2270 1082 2342 dogmatizant
1125 2286 1319 2327 omnes
1369 2287 1429 2327 se
1475 2272 1824 2343 deposituros
1879 2274 2020 2331 llor-

440 2361 695 2418 misdam.
733 2364 1055 2421 [Iormisdas
1091 2371 1272 2419 autem
1310 2361 1663 2421 Ferochanen
1698 2368 2019 2438 magistrum

441 2473 603 2514 suum
639 2466 911 2513 armatum
941 2474 1067 2514 cum
1112 2458 1318 2513 virtute
1354 2458 1600 2514 destinat
1629 2460 1892 2517 adversus
1924 2460 2024 2514 Bn-

440 2563 582 2605 ratn.
629 2548 826 2605 Baram
864 2566 995 2607 vero
1042 2551 1373 2622 signiﬁcavit
1409 2551 1712 2609 Ferocltani
1742 2570 1837 2608 seu
1881 2554 2025 2609 mili-

441 2643 537 2699 tiis
592 2647 896 2715 quianon
963 2638 1221 2701 convenit
1288 2660 1437 2700 arma
1500 2645 1702 2704 Persas
1757 2648 2021 2705 adversus

442 2731 639 2791 Persas
702 2734 939 2802 efferre,
986 2746 1041 2791 et
1105 2736 1193 2791 ad‘
1230 2738 1551 2794 memoriam
1598 2740 1677 2796 eis
1722 2741 2022 2797 reducebat

446 2826 757 2882 llormisdae
795 2829 1168 2899 asperitatem,
1193 2828 1548 2900 iniustitiam,
1580 2832 1633 2886 in
1662 2834 2023 2904 sanguinibus

441 2920 746 2991 gaudium,
790 2922 845 2976 in
904 2922 1220 2978 homicidiis
1275 2939 1555 2991 amorem,
1606 2925 2022 2993 inlidelitatem,

441 3012 768 3082 iactantiam
795 3022 852 3071 et
892 3014 1230 3072 violentiam.
1261 3015 1387 3074 Haec
1422 3019 1727 3074 sentientes
1758 3022 2026 3077 veraciter

446 3106 522 3162 ab"
567 3122 634 3162 co
670 3106 821 3163 dicta
878 3107 1050 3166 fuisse
1090 3110 1276 3180 populi
1322 3112 1415 3181 qui
1467 3112 1616 3168 circa
1669 3113 2022 3171 Ferocltanen

443 3204 603 3253 erant
656 3198 723 3252 ad
786 3197 979 3255 Baram
1027 3214 1150 3256 sese
1203 3201 1520 3270 conferunt,
1563 3212 1619 3258 et
1671 3202 2097 3297 Fcruchanenc

443 3290 761 3347 oc‘cidentes
782 3306 841 3347 se
867 3291 1061 3347 Baram
1087 3293 1303 3362 uniunt,
1323 3305 1581 3351 etcontra
1606 3294 2023 3369 Ctesiphontem

449 3379 656 3452 impetu
696 3383 917 3440 abeunt.
964 3383 1288 3441 llormisdas
1321 3398 1503 3443 autem
1552 3388 1789 3445 habebat
1822 3389 2028 3447 Bindo—

447 3474 575 3535 lien.
625 3490 835 3546 magna:
873 3476 1158 3546 dignitatis
1199 3478 1400 3543 virum,
1438 3480 1493 3536 in
1518 3481 1753 3536 vinculis
1789 3499 1805 3538 :
1842 3482 2029 3552 itaque

445 3581 572 3622 cum
608 3570 661 3623 in
702 3584 893 3641 magna
946 3568 1307 3629 fluctuatione
1360 3575 1578 3644 negotia
1610 3573 1893 3645 degerent,
1928 3576 2029 3633 Bc:

446 3671 571 3717 stan
608 3662 841 3718 Bindohi
876 3662 1066 3731 frater,
1105 3665 1160 3721 in
1197 3666 1503 3722 custodiam
1540 3667 1809 3735 insiliens,
1842 3669 2031 3726 eduxit

447 3750 730 3808 Bindohen
760 3751 982 3810 fratrem
1014 3770 1196 3821 suum,
1224 3764 1279 3811 et
1308 3764 1642 3827 congregata
1676 3758 2030 3816 multitudine

446 3844 658 3898 rustica
703 3858 802 3899 seu
841 3844 1018 3912 civili,
1051 3845 1377 3901 tertia'hora
1407 3846 1516 3903 diei
1556 3847 1762 3917 regalia
1797 3847 2028 3916 intrant,

446 3945 504 3992 et
541 3936 768 3991 invento
802 3934 1292 4008 liormisdaysuper
1325 3939 1524 3995 solium
1565 3942 1718 4011 regio
1754 3956 1907 3997 more
1942 3957 2030 3998 se-

448 4029 614 4086 dente
645 4029 833 4087 niultis
865 4031 1010 4086 hunc
1042 4031 1266 4102 iniuriis
1286 4030 1559 4089 subdunt.
1608 4033 1803 4091 lndues
1848 4045 2028 4091 autem

446 4129 646 4179 tenens
674 4120 1036 4180 llormisdam
1063 4123 1292 4179 abstulit
1327 4123 1579 4181 diadema
1621 4140 1649 4179 a
1682 4124 1861 4195 capite
1886 4125 2028 4194 eius,

447 4221 504 4271 et
530 4214 676 4276 hunc
706 4214 761 4271 in
782 4228 1060 4271 carcerem
1082 4216 1444 4283 tradiderunt,
1476 4219 1813 4288 rogabatque
1839 4217 2025 4275 Ches-

448 4321 586 4365 roen
656 4308 838 4379 patrio
890 4308 1032 4365 solio
1069 4308 1263 4365 tribui.
1313 4310 1586 4367 Praeterea
1641 4309 1963 4366 liormisdas
2001 4326 2033 4368 e

449 4400 705 4458 custodia
737 4401 996 4457 nuntium
1032 4402 1205 4467 misit,
1238 4401 1424 4460 Persis
1461 4412 1652 4474 petens
1693 4403 1864 4476 loqui,
1900 4403 2034 4461 Pcr-

448 4493 557 4549 sidi
591 4508 715 4565 quae
749 4493 1093 4566 expedirent.
1130 4493 1190 4551 in
1230 4494 1537 4552 crastinum
1568 4496 1739 4567 igitur
1764 4497 2032 4555 collectus

2126 1978 2380 2043 busdam,
2404 1994 2458 2035 et
2476 1994 2669 2035 onmes
2691 1980 2784 2049 qui
2818 1990 2975 2035 erant
3001 1994 3127 2037 cum
3154 1977 3397 2035 Cltosroe
3418 1978 3485 2032 ad
3514 1977 3714 2034 Baram

2131 2080 2517 2127 accesserunt.
2549 2073 2616 2125 At
2654 2088 2782 2128 vero
2817 2071 3097 2127 Chosroes
3127 2070 3416 2126 ltmsitabat
3446 2070 3714 2139 quidnam

2126 2180 2288 2235 agerc
2317 2166 2619 2221 debuisset.
2650 2164 2945 2220 Nonnullis
2973 2178 3105 2220 sane
3133 2163 3424 2220 consilium
3447 2162 3716 2217 dantibus

2118 2259 2233 2317 sibi
2276 2259 2342 2314 ad
2392 2258 2605 2314 Tureos
2653 2259 2932 2327 secedere,
2973 2258 3253 2315 nonnullis
3276 2263 3456 2312 autem
3492 2255 3559 2311 ad
3603 2254 3718 2310 llo-

2127 2367 2346 2415 manos,
2391 2350 2667 2408 Chosroes
2706 2367 2909 2421 equum
2958 2350 3266 2407 ascendens
3321 2348 3477 2406 freno
3526 2349 3716 2415 laxato

2126 2448 2254 2518 equi
2288 2459 2470 2503 motus
2492 2447 2648 2517 sequi
2677 2445 3133 2516 onmibusiubct.
3168 2444 3235 2499 At
3270 2459 3401 2500 vero
3433 2459 3613 2514 equus
3642 2443 3718 2497 ad

2128 2540 2408 2596 Romanas
2438 2551 2620 2612 partes
2660 2551 2843 2597 motus
2874 2555 3007 2598 suos
3046 2538 3270 2607 direxit,
3310 2548 3363 2595 et
3404 2537 3548 2610 apud
3576 2536 3717 2593 Cer-

2129 2634 2367 2690 tensium
2390 2636 2684 2702 invenitur,
2714 2643 2768 2690 et
2788 2634 2999 2705 legatos
3018 2633 3211 2699 mittit,
3233 2631 3529 2687 adventum
3546 2644 3714 2686 suum

2128 2729 2396 2785 Romanis
2452 2728 2663 2786 faciens
2710 2730 3086 2785 manifestum.
3117 2725 3358 2797 Contigit
3410 2734 3589 2779 autem
3650 2732 3717 2779 ut

2130 2820 2344 2877 Probus
2362 2822 2667 2892 patricius,
2692 2822 2786 2891 qui
2813 2822 2929 2878 illic
2952 2833 3089 2886 erat,
3119 2818 3268 2874 hunc
3304 2818 3631 2887 susciperet,
3654 2825 3724 2872 et

2128 2916 2196 2972 de
2248 2930 2317 2970 eo
2367 2914 2690 2986 imperatori
2740 2931 2836 2986 per
2898 2913 3112 2970 litteras
3168 2913 3461 2969 indicaret.
3506 2910 3717 2965 Baram

2131 3014 2313 3061 autem
2339 3007 2490 3061 misit
2522 3006 2733 3078 legatos
2760 3007 2827 3061 ad
2862 3003 3188 3060 Mauricium
3219 3013 3415 3074 petens
3441 3019 3511 3059 ne
3547 3003 3719 3059 auxi-

2129 3099 2363 3155 liaretur
2388 3096 2649 3155 Chosroi.
2678 3098 2855 3153 Porro
2872 3095 3030 3167 jubet
3072 3096 3372 3167 imperator
3409 3094 3717 3151 Mauricius

2130 3192 2534 3251 Commentiolo
2577 3191 2800 3263 praetori
2843 3190 2987 3261 apud
3038 3189 3377 3260 Hierapolim
3425 3189 3715 3244 Chosroen

2130 3286 2422 3356 suscipere
2456 3294 2507 3342 et
2538 3284 2922 3356 imperialibus
2945 3284 3232 3355 obsequiis
3257 3284 3552 3338 honorare.

2202 3378 2405 3435 Eodem
2440 3393 2569 3433 vero
2600 3392 2747 3432 anno
2783 3376 3191 3432 demonstravit
3221 3376 3525 3446 imperator
3559 3374 3717 3430 blan-

2128 3470 2302 3529 ricius
2331 3473 2388 3526 in
2427 3473 2748 3526 memoriam
2778 3471 2863 3526 dei
2890 3467 3193 3524 Genitricis
3227 3469 3456 3525 letanias
3490 3470 3545 3523 in
3591 3469 3720 3527 Bla-

2130 3563 2355 3618 chernis
2383 3562 2499 3619 fieri
2537 3572 2591 3617 et
2636 3563 2828 3619 laudes
2868 3561 3052 3618 dicere
3077 3560 3321 3617 Dominae
3356 3571 3582 3627 nostrre,
3612 3578 3721 3618 no-

2130 3657 2351 3712 minans
2383 3672 2503 3712 cant
2536 3658 2880 3729 pancgyrim.

2200 3748 2386 3806 Mundi
2412 3766 2560 3805 anno
2581 3750 2742 3813 6081,
2762 3750 2963 3806 divinae
2983 3749 3388 3806 incarnationis
3416 3765 3563 3803 anno
3586 3749 3717 3814 581,

2132 3841 2436 3898 Mauricius
2472 3843 2641 3898 tilium
2692 3843 2796 3900 sibi
2840 3843 3124 3901 Cho‘sroen
3176 3858 3357 3912 regem
3416 3844 3716 3900 Persarum

2131 3936 2363 4002 faciens,
2402 3935 2787 3993 Dontetianum
2834 3938 3157 4009 episcopum
3200 3935 3610 3992 Melitenensem
3647 3934 3717 3992 ad

2131 4044 2256 4087 enm
2290 4028 2847 4102 dir_exit,‘cognatum
2879 4044 3068 4096 suum,
3103 4043 3210 4084 una
3242 4043 3367 4082 cum
3398 4028 3597 4092 Narsc,
3628 4026 3717 4083 cui

2131 4124 2397 4180 ducatum
2458 4123 2589 4179 belli
2638 4123 2951 4191 commisit;
3011 4122 3107 4195 qui
3192 4120 3581 4192 pervenientes
3650 4119 3717 4174 ad

2127 4216 2420 4273 Chosroen
2450 4229 2646 4273 omnes
2683 4214 2963 4272 Romanos
2993 4221 3315 4286 potentatus
3350 4212 3407 4267 in
3436 4210 3719 4267 Persidem

2133 4310 2525 4367 introducunt.
2575 4310 2773 4367 Baram
2816 4320 3002 4366 autem
3044 4308 3151 4366 hoc
3208 4306 3430 4379 agnito,
3481 4306 3720 4377 sump‘is

2133 4408 2435 4465 virtutibus
2479 4406 2620 4474 suis,
2656 4407 2714 4462 in
2750 4405 2875 4461 loco
2905 4405 2999 4475 qui
3034 4402 3429 4459 Alexandrines
3468 4401 3723 4457 nomina-

2134 4503 2297 4560 batur
2331 4513 2514 4558 castra
2560 4509 2800 4557 metatus
2829 4509 2934 4566 est,
2971 4497 3270 4569 prohibere
3293 4505 3449 4553 ratus
3491 4494 3723 4551 militias

446 4594 674 4644 senatus
716 4586 1010 4645 Persarum
1055 4588 1110 4645 in
1147 4588 1427 4661 regalibus
1466 4605 1576 4645 una
1612 4604 1741 4645 cum
1784 4589 2033 4647 multitu-
2061 4586 2109 4644 υ
2141 4594 2211 4650 ab
2234 4593 2495 4649 Armenia
2518 4592 2823 4658 venientes,
2842 4607 2912 4647 ne
2933 4589 3095 4645 Narsi
3119 4593 3450 4645 nnireutur:
3477 4587 3725 4658 iusserat

448 4679 579 4737 dine
618 4680 867 4737 vinctum
900 4679 1249 4737 Hormisdam
1298 4680 1532 4737 ducunt.
1575 4682 2033 4740 Astﬂormisdas

450 4774 835 4831 commonebat
854 4772 1054 4830 Persas
1075 4773 1222 4845 quod
1246 4788 1354 4830 non
1372 4784 1625 4846 oporteat
1650 4776 2031 4847 huiuscemodi

453 4867 511 4924 in
556 4881 713 4937 reges
752 4868 1208 4933 committere,'et
1232 4874 1437 4937 quanta
1467 4882 1536 4923 ex
1571 4883 1697 4939 quo
1724 4867 2034 4939 regnaverit

452 4966 658 5029 tropaea
687 4957 904 5024 fecerit,
944 4967 1001 5014 et
1034 4958 1090 5014 in
1122 4958 1327 5029 quibus
1362 4974 1491 5030 erga
1526 4958 1728 5017 Persas
1768 4961 1911 5017 bona
1943 4975 2037 5031 pa-

451 5052 699 5115 traverit.
728 5059 783 5106 et
814 5051 1050 5123 qualiter
1079 5049 1296 5109 Tureos
1330 5050 1544 5109 Persidi
1576 5054 1784 5109 tributa
1819 5053 2037 5109 solvere

452 5144 846 5216 Romanosque
894 5160 1083 5217 pacem
1130 5160 1319 5202 amare
1368 5148 1633 5217 coegerit,
1684 5145 2036 5218 qualiterque

455 5238 868 5312 Martyropolim
922 5239 1166 5309 ceperit;
1200 5240 1356 5311 quin
1390 5248 1446 5294 et
1487 5249 1714 5310 paterna
1769 5240 2036 5296 beneficia

453 5332 758 5389 enarravit.
817 5330 1067 5404 Rogabat
1108 5343 1307 5388 autem
1346 5342 1403 5389 et
1443 5334 1730 5389 Chosrocn
1781 5350 1813 5388 a
1867 5349 2037 5406 regno

455 5428 659 5497 deponi
688 5436 748 5482 ut
780 5428 894 5482 litis
930 5428 1167 5483 amicum
1200 5437 1256 5485 et
1284 5427 1638 5484 ambitiosum
1665 5438 1719 5483 et
1738 5430 2037 5500 sanguinis

457 5526 763 5577 amatorem
802 5520 1213 5591 superbumque
1259 5535 1325 5575 ac
1378 5518 1706 5590 iniuriosum
1746 5530 1800 5575 et
1835 5520 2037 5592 praeliis

457 5615 813 5671 inhiantem:
849 5628 975 5669 esse
1016 5622 1197 5669 autem
1230 5614 1334 5669 sibi
1356 5613 1606 5669 alterum
1638 5613 1809 5669 filium
1856 5614 2040 5684 perhi-

460 5708 645 5771 bebat,
671 5723 832 5777 quem
873 5707 928 5762 in
962 5722 1143 5779 regem
1177 5709 1400 5778 provehi
1436 5706 1732 5779 flagitabat.
1765 5706 2039 5763 Biudoltes

462 5817 594 5857 vero
618 5801 683 5857 ad
714 5800 1065 5858 Hormisdam
1093 5802 1479 5873 respondebat.
1502 5811 1556 5857 et
1583 5801 1747 5871 huius
1777 5818 2036 5857 excessus

467 5899 523 5955 in
574 5899 817 5956 medium
865 5916 1179 5972 preponens
1219 5915 1409 5957 omnes
1447 5901 1621 5957 erexit
1675 5907 1865 5956 contra
1901 5898 2038 5955 llor-

2134 4688 2283 4745 enim
2316 4683 2633 4754 ,Mauricius
2663 4681 2865 4739 Joanni
2904 4681 3236 4747 Mustaconi,
3268 4681 3536 4751 magistro
3573 4680 3724 4733 mili-

2134 4788 2251 4837 tum
2302 4777 2599 4842 Armeniae,
2628 4776 2887 4848 accipere
2931 4774 3159 4831 militias
3183 4782 3239 4831 et
3278 4789 3341 4830 se
3370 4772 3529 4830 Narsi
3564 4772 3725 4829 nnire

2136 4872 2342 4943 pariter
2400 4878 2599 4925 contra
2653 4868 2850 4924 Baram
2906 4866 3113 4923 bellum
3170 4864 3569 4922 constituendi.
3617 4862 3727 4920 Per

2136 4970 2354 5019 noctem
2402 4972 2583 5018 autem
2614 4971 2670 5018 et
2712 4961 2880 5018 unita:
2927 4968 3058 5017 sunt
3104 4959 3366 5016 Romana
3403 4959 3639 5015 virtutes
3670 4971 3727 5015 et

2136 5068 2331 5113 contra
2370 5055 2566 5111 Baram
2599 5058 2773 5111 aciem
2825 5056 3172 5112 direxerunt.
3222 5052 3398 5109 Porro
3430 5053 3630 5108 Baram
3666 5057 3725 5110 in

2139 5162 2324 5206 monte
2344 5157 2525 5205 castra
2550 5156 2791 5204 metatus
2813 5158 2919 5213 est,
2949 5164 3152 5219 pavore
3175 5147 3454 5203 detentus.
3474 5146 3727 5216 Cumque

2140 5244 2341 5300 bellum
2388 5258 2672 5313 gereretur
2704 5242 2991 5308 horribile,
3035 5241 3242 5298 Narses
3294 5240 3499 5295 Indicis
3532 5240 3728 5295 be5tiis

2140 5339 2486 5408 parvipensis
2552 5337 2787 5391 mediam
2862 5336 3225 5391 barbarorum
3278 5335 3533 5391 dissolvit
3589 5334 3731 5405 pha-

2140 5432 2387 5503 langem;
2421 5439 2472 5485 et
2506 5431 2608 5485 hoc
2641 5432 2781 5485 facto
2818 5438 3029 5485 caetera
3071 5444 3292 5500 quoque
3335 5426 3530 5481 Baram
3565 5427 3728 5481 infir-

2140 5532 2300 5580 matze
2333 5533 2461 5579 sunt
2505 5524 2830 5595 phalanges,
2861 5533 2916 5578 et
2964 5525 3023 5578 tit
3056 5538 3252 5594 magna
3300 5522 3427 5593 fuga
3476 5522 3726 5594 tyranni.

2141 5618 2344 5675 Narses
2371 5633 2505 5673 vero
2532 5619 2652 5673 sine
2687 5618 2799 5672 ulla
2829 5617 3139 5673 retentionc
3167 5624 3506 5686 persequens
3526 5611 3728 5669 Persas

2141 5712 2292 5769 crede
2322 5713 2624 5778 sternebat,
2673 5720 2741 5766 et.
2764 5727 2857 5767 sex
2906 5710 3077 5764 millia
3112 5726 3177 5764 ex
3223 5708 3309 5762 his
3341 5714 3501 5777 capta
3537 5707 3726 5762 vineta

2142 5804 2210 5859 ad
2247 5804 2531 5860 Cltosroen
2586 5801 2839 5857 adduxit.
2891 5800 2992 5857 Ast
3037 5800 3312 5856 Cltosroes
3358 5813 3551 5855 omnes
3597 5814 3724 5852 mu-

2144 5916 2311 5956 crone
2354 5898 2605 5973 peremit.
2646 5898 2925 5970 Quotquot
2960 5905 3142 5953 autem
3188 5893 3357 5951 Turci
3397 5904 3576 5961 erant,
3626 5894 3731 5951 hos
