4038 6298
370 373 478 440 231

1118 375 1487 436 HISTORIA
1545 374 2116 436 ECCLESIASTICA
2155 375 2258 435 EX
2282 375 2768 456 THEOPHANE.

3469 376 3606 446 15282

341 494 410 546 ad
445 493 832 562 imperatorem
860 491 1187 564 Byzantium
1222 495 1389 550 misit.
1428 491 1572 546 Sane
1602 508 1728 547 cum
1756 490 1922 545 Tui-ci
1953 493 2001 552 Λ
2029 489 2401 546 occideretur.
2452 491 2566 546 llac
2613 492 2850 562 denique
2893 489 2983 546 die
3027 489 3377 562 imperatoris
3407 507 3606 566 equus,

344 599 544 638 cruces
577 584 841 638 haberent
870 584 927 638 in
963 579 1174 639 frontes
1198 592 1476 648 exaratos,
1510 582 1926 653 interrogaban-

344 689 436 732 tur
481 679 552 732 ab
591 677 930 747 imperatore
962 677 1412 748 quonam-modo
1459 677 1676 748 signum
1723 676 1828 731 hoc
1873 676 1924 729 in

345 768 529 826 fronte
583 777 887 843 portarent.
925 769 996 826 At
1046 787 1179 828 vero
1228 770 1392 826 Turci
1427 772 1752 827 asserebant
1801 780 1928 826 ante

346 863 551 918 multos
602 877 779 918 annos
828 863 1214 934 pestilentiam.
1255 865 1310 919 in
1363 862 1564 919 Turcia
1613 866 1835 928 factam,
1874 872 1929 918 ct

346 957 615 1026 quosdam
641 957 1101 1014 Christianorum
1142 958 1250 1013 hoc
1300 956 1675 1024 adinvenisse,
1708 965 1762 1014 et
1796 959 1928 1013 hinc

347 1051 502 1104 salus
533 1050 587 1103 in
627 1051 804 1121 patria
836 1049 981 1106 iacta
1020 1057 1128 1109 est.
1178 1050 1352 1107 Porro
1395 1051 1674 1110 exercitus
1724 1051 1930 1107 Roma-

350 1159 547 1199 norum
575 1146 995 1202 tabernaculum
1023 1146 1220 1202 Baram
1252 1155 1308 1203 et
1362 1147 1761 1218 supellectilem
1786 1146 1931 1201 acci-

349 1235 567 1304 pientes
587 1252 714 1292 cum
732 1237 1121 1308 elephantibus
1142 1239 1716 1296 attulerunthosroi.
1734 1238 1930 1295 Baram

349 1337 533 1384 autem
566 1329 637 1386 ad
667 1330 964 1388 interiores
989 1342 1175 1403 partes
1198 1332 1442 1391 Persidis
1469 1331 1652 1404 fugam
1687 1332 1841 1398 fecit,
1877 1341 1933 1388 et

350 1422 434 1477 sic
457 1437 654 1477 eorum
677 1423 1004 1480 dissolvitur
1037 1424 1263 1481 bellum.
1297 1425 1486 1497 Itaque
1509 1425 1789 1482 Chosroes
1814 1441 1932 1480 ma-

349 1524 463 1585 gna'
503 1515 739 1572 victoria
793 1518 1175 1574 circumdatus
1223 1519 1423 1575 solium
1479 1537 1638 1576 suum
1699 1522 1930 1592 recepit.

359 1605 558 1663 Verum
578 1609 781 1667 Narses
802 1612 1084 1668 rediturus
1104 1613 1170 1667 ad
1191 1616 1410 1685 prepria
1427 1614 1661 1671 Cliosroi
1682 1615 1929 1671 dicebat:

352 1697 560 1755 Memor
585 1703 680 1768 sis,
729 1703 1010 1772 Cliosroes,
1042 1708 1316 1775 praesentis
1360 1707 1510 1763 diei:
1552 1703 1784 1764 Romani
1833 1710 1931 1764 tibi
1971 1746 1973 1748 -

351 1808 568 1864 regnum
603 1795 836 1852 donant.-
866 1799 938 1852 At
993 1799 1085 1855 ille
1131 1799 1539 1856 fraudulentam
1590 1803 1930 1860 occisionem

352 1895 628 1952 metuens,
663 1888 820 1958 petiit
848 1905 880 1944 a
922 1888 1188 1946 Mauricio
1228 1891 1378 1949 mille
1423 1894 1702 1951 Romanos
1735 1895 1789 1950 in
1831 1911 1930 1950 cu-

352 1978 589 2032 stodiam
625 1981 708 2034 sui
749 1981 1051 2038 habendos.
1082 1981 1256 2041 Porro
1291 1985 1592 2043 Mauricius
1625 2004 1748 2043 cum
1790 1990 1930 2044 dile-

352 2071 592 2125 ctiouetn
636 2072 862 2129 haberet
900 2091 1033 2146 erga
1067 2077 1367 2133 barbarum
1400 2083 1649 2147 multam,
1684 2084 1932 2152 postula-

354 2160 560 2214 tionem
616 2161 737 2230 cjus
784 2168 1100 2233 complevit,
1137 2169 1345 2237 sicque
1383 2169 1666 2227 Persicum
1725 2174 1932 2228 [toma-

353 2267 664 2324 noruuique
695 2256 895 2311 bellum
937 2260 1200 2316 cessavit.

425 2343 612 2399 Mundi
637 2361 782 2400 anno
810 2348 971 2416 6082,
997 2351 1194 2407 divinae
1217 2353 1612 2414 incarnationis
1636 2374 1780 2414 anno
1802 2359 1926 2424 582,

352 2449 658 2495 coronatus
693 2452 777 2495 est
812 2442 1162 2500 solemnitate
1207 2448 1450 2515 paschali
1487 2448 1830 2507 Theodosius
1871 2453 1932 2508 li-

352 2531 459 2585 lius
507 2529 758 2588 Mauricii
800 2549 830 2589 a
863 2532 1073 2592 Joanne
1109 2540 1424 2608 patriarcha
1460 2540 1931 2617 Constantinopo-

351 2624 544 2679 itann.

425 2715 626 2773 Eodem
661 2735 883 2792 quoque
913 2735 1059 2776 anno
1092 2723 1391 2795 imperator
1421 2726 1719 2786 Mauricius
1747 2733 1929 2788 eceie-

350 2810 491 2863 siam
510 2822 826 2867 sancto-rum
844 2815 1209 2887 quadraginta
1237 2830 1562 2891 martyrum,
1583 2838 1744 2892 quam
1762 2824 1930 2896 cmpit

351 2901 624 2959 :ediiicare
647 2902 928 2970 Tiberius,
954 2912 1381 2969 consummavit.
1411 2913 1623 2970 interea
1648 2932 1773 2970 cum
1805 2934 1931 2987 pro-

353 2995 520 3051 funda
552 2995 830 3055 Orientem
869 3016 972 3071 pax
1012 3015 1360 3075 occupasset,
1399 3008 1600 3064 bellum
1633 3013 1779 3067 circa
1815 3011 1930 3066 Eu-

355 3101 543 3157 ropam
575 3091 870 3146 Avaricum
915 3093 1291 3164 incumbebat,
1346 3098 1576 3171 ideoque
1629 3103 1930 3174 imperator

355 3187 674 3249 potentatus
699 3183 767 3238 ab
790 3181 1016 3241 Oriente
1049 3188 1104 3243 in
1136 3187 1407 3247 Thracem
1441 3195 1704 3250 traduxit.

424 3272 584 3328 Anno
632 3276 846 3345 imperii
910 3280 995 3334 sui
1040 3296 1207 3348 nono,
1245 3299 1366 3338 cum
1425 3301 1517 3342 ver
1563 3288 1829 3359 inciperet
1876 3302 1932 3346 et

354 3368 569 3436 agniiua
606 3367 994 3440 pervenissent
1035 3374 1103 3429 ad
1135 3374 1426 3446 Thracem,
1476 3382 1646 3437 exivit
1693 3398 1818 3439 cum
1849 3386 1932 3442 eis

355 3457 656 3517 Mauricius
693 3460 878 3520 videre
925 3483 1047 3537 qua:
1091 3471 1140 3520 a’
1169 3469 1423 3528 barbaris
1470 3485 1658 3530 essent
1711 3491 1930 3534 eversa.

352 3554 602 3625 Augusta
646 3573 775 3613 vero
827 3567 882 3614 et
932 3562 1248 3631 patriarcha
1286 3573 1341 3620 et
1394 3576 1620 3623 senatus
1667 3572 1934 3640 rogabant

354 3648 742 3718 imperatorem
792 3667 859 3707 ne
898 3669 996 3722 per
1048 3667 1223 3712 semet
1263 3656 1438 3727 ipsum
1490 3661 1690 3716 bellum
1743 3665 1927 3730 iniret,

356 3740 452 3794 sed
483 3741 668 3811 potius
701 3741 754 3797 id
797 3746 1018 3814 praetori
1063 3750 1457 3806 committeret.
1493 3753 1596 3808 Ast
1629 3754 1933 3824 imperator

355 3848 463 3888 non
513 3837 809 3905 acquievit.
871 3837 1118 3895 Exeuute
1161 3849 1343 3898 autem
1396 3860 1462 3900 eo
1497 3847 1567 3900 ad
1621 3847 1930 3919 Septimum

354 3928 488 3983 solis
521 3929 748 4000 eclipsis
795 3929 937 3987 facta
982 3939 1103 4000 est;
1145 3949 1380 4005 cumque
1424 3938 1568 4009 apud
1617 3939 1927 4014 Rheginum

353 4028 526 4088 esset,
571 4015 872 4093 pauperum
917 4026 1302 4084 multitudines
1353 4032 1604 4101 pecuniis
1641 4034 1927 4093 animavit.

352 4113 488 4170 Cum
512 4123 694 4171 autem
730 4126 989 4173 venatum
1025 4130 1299 4191 pergeret,
1336 4137 1434 4179 sus
1470 4123 1746 4182 silvestris
1772 4128 1932 4186 valde

353 4205 580 4277 grandis
603 4206 872 4279 impetum
895 4217 1090 4265 contra
1111 4210 1384 4269 Caesarem
1411 4211 1565 4272 l‘e‘cit.
1589 4214 1778 4290 Equus
1801 4234 1932 4277 vero

352 4303 425 4358 ob
460 4310 734 4358 terrorem
785 4296 1044 4359 miraculi
1079 4303 1282 4376 ejicere
1313 4305 1586 4367 Caesarem
1623 4313 1930 4370 nitebatur.

352 4391 574 4449 Diutius
602 4407 737 4464 ergo
768 4393 1146 4451 tumultuatus
1174 4395 1451 4455 Cassarem
1485 4382 1930 4477 jactare'nequi-

352 4487 452 4542 vit.
489 4482 677 4556 Itaque
709 4502 806 4545 sus
828 4502 861 4543 a
885 4487 1106 4546 nemine
1126 4490 1408 4563 accipiens
1441 4493 1610 4550 letum
1635 4494 1926 4554 abscessit.

351 4579 411 4636 In
440 4577 768 4638 Perinthum
799 4584 1068 4652 praeterea
1103 4584 1322 4656 navigio
1346 4585 1451 4642 iter
1479 4586 1712 4656 faciens,
1751 4589 1928 4646 ventis
1953 4581 2010 4644 D

353 4674 769 4731 vehementibus
802 4682 858 4732 et
893 4673 1076 4746 pluvia
1117 4675 1262 4732 facta
1293 4679 1588 4750 nautisque
1626 4681 1927 4752 desperan-

353 4767 513 4823 tibus
534 4767 737 4839 scapha
772 4766 1124 4838 imperatoris
1166 4771 1577 4841 asportabatur,
1609 4773 1684 4828 ita
1710 4781 1770 4829 ut
1807 4776 1928 4832 ino-

351 4861 540 4933 pinate
564 4861 750 4918 salvus
791 4861 862 4918 ad
892 4861 1098 4931 locum,
1135 4864 1231 4936 qui
1265 4864 1471 4921 dicitur
1506 4865 1800 4936 Daonium,
1838 4870 1925 4924 vix

352 4955 585 5011 veniret.
610 4953 780 5011 Nocte
799 4970 932 5011 vero
956 4956 1048 5012 illa
1073 4959 1396 5015 muliercula
1419 4961 1665 5030 pariebat
1690 4974 1744 5018 et
1766 4978 1931 5018 voces

353 5050 697 5106 miserabiles
737 5049 1062 5119 emittebat;
1094 5067 1333 5124 cumque
1364 5067 1527 5112 mane
1550 5056 1755 5112 factum
1789 5056 1930 5112 fuis-

354 5152 460 5210 set,
490 5144 642 5200 misit
684 5144 991 5215 imperator
1028 5147 1216 5203 videre
1245 5148 1379 5218 quid
1411 5156 1561 5204 esset
1580 5150 1735 5220 'quod
1781 5151 1932 5206 acci-

353 5239 534 5292 derat.
569 5237 631 5293 Et
664 5239 994 5294 invenerunt
1027 5254 1258 5310 puerum
1308 5248 1522 5308 natum,
1559 5241 1846 5296 oculorum
1874 5249 1929 5297 et

356 5331 744 5403 palpebrarum
789 5339 1093 5399 exsortem,
1127 5347 1434 5404 manusque
1464 5349 1528 5389 ac
1560 5334 1783 5389 brachia
1816 5351 1925 5389 non

357 5425 688 5490 habentem;
720 5441 752 5479 a
792 5424 980 5479 lumbo
1011 5425 1199 5480 autem
1222 5433 1342 5481 erat
1375 5425 1424 5481 ci
1466 5433 1523 5480 ut
1555 5427 1729 5481 cauda
1758 5426 1926 5497 piscis

355 5516 684 5576 naturaliter
705 5516 942 5574 haerens.
971 5516 1092 5585 Quo
1116 5516 1234 5575 viso
1262 5517 1560 5590 imperator
1584 5520 1841 5590 prmcepit
1867 5527 1928 5573 ut

2031 586 2124 652 qui
2153 597 2322 638 aureo
2343 584 2722 640 circumdatus
2744 593 2861 638 erat
2889 592 3110 646 ornatu,
3143 592 3365 654 repente
3395 587 3607 642 scissus

2030 683 2114 730 est
2146 677 2373 732 cadens.
2410 676 2645 738 Atvero
2681 677 2983 746 imperator
3018 678 3104 732 his
3132 677 3390 732 omnibus
3432 692 3609 750 augu-

2030 778 2185 825 ratus
2216 769 2332 841 (59)
2359 771 2539 827 tristis
2563 780 2703 835 erat.
2738 770 2959 826 Postera
3003 787 3222 841 quoque
3255 772 3344 825 die
3367 773 3466 825 viri
3499 782 3611 827 tres

2033 863 2276 919 Sclavini
2312 880 2537 935 genere,
2574 865 2650 919 nil
2691 865 2899 935 aliquid
2934 864 3177 919 ferreum
3214 864 3546 936 hajuiantes,
3580 880 3611 919 a

2032 953 2298 1014 Romanis
2347 956 2552 1012 detenti
2611 968 2763 1024 sunt,
2789 958 3052 1014 citharas
3099 967 3309 1014 tantum
3345 958 3605 1014 ferentes.

2031 1047 2334 1121 imperator
2380 1057 2566 1104 autem
2621 1049 3001 1120 interrogabat
3063 1058 3168 1106 tam
3227 1049 3376 1114 unde
3426 1057 3614 1106 essent

1990 1181 1994 1186 ι
2031 1159 2195 1214 quam
2243 1141 2467 1198 ubinam
2509 1142 2774 1198 habitatio
2808 1158 2999 1199 eorum
3034 1144 3344 1201 exsisteret.
3374 1142 3476 1211 Qui
3517 1159 3613 1214 ge-

2033 1252 2165 1293 nere
2193 1235 2418 1308 quidem
2460 1235 2621 1291 aiunt
2663 1251 2723 1292 se
2749 1251 2872 1294 esse
2905 1236 3214 1303 Sclavinos,
3253 1237 3404 1292 circa
3449 1237 3610 1294 linem

2031 1346 2164 1388 vero
2197 1329 2574 1388 Occidentalis
2609 1330 2863 1388 habitare
2897 1329 3121 1387 Oceani.
3154 1329 3472 1401 Chaganum
3516 1345 3615 1396 au-

2034 1431 2142 1480 tem
2175 1423 2242 1479 ad
2272 1439 2334 1480 se
2386 1423 2718 1496 legationem
2774 1423 2993 1480 misisse
3033 1431 3088 1478 et
3120 1437 3350 1478 munera
3403 1422 3614 1493 princi-

2035 1518 2195 1588 pibus
2225 1517 2410 1589 gentis
2446 1533 2564 1573 sum
2609 1517 2910 1572 auxiliandi
2944 1516 3051 1573 sibi
3083 1527 3274 1572 contra
3310 1513 3611 1572 llomanos.

2035 1609 2374 1666 Taxiarchas
2411 1625 2594 1667 autem
2645 1627 2779 1667 suos
2815 1611 3090 1671 direxisse
3130 1609 3398 1665 rationem
3433 1608 3618 1666 reddis

2033 1709 2193 1757 turos
2225 1703 2499 1773 chagano,
2532 1702 2662 1772 quia
2697 1717 2808 1758 non
2843 1708 3077 1775 possunt
3109 1712 3330 1773 propter
3370 1701 3617 1771 longitu-

2035 1793 2218 1851 dinem
2263 1795 2478 1851 itineris
2517 1796 2738 1850 mittere
2775 1795 2857 1850 illi
2901 1796 3171 1852 auxilium
3205 1815 3218 1851 :
3253 1796 3440 1850 decem
3467 1797 3614 1850 enim

2038 1898 2091 1946 et
2129 1901 2256 1945 octo
2283 1905 2500 1946 menses
2533 1890 2927 1947 asseverabant
2963 1891 3018 1946 in
3066 1891 3265 1958 itinere
3295 1907 3354 1948 se
3396 1891 3614 1959 iecisse,

2039 1997 2094 2045 et
2125 1989 2201 2043 ita
2239 1988 2518 2043 Romanos
2564 1987 2790 2043 adiisse.
2839 1986 3014 2044 Porro
3041 1987 3286 2044 citharas
3322 1986 3466 2044 ferre
3494 1997 3618 2042 tan-

2040 2099 2204 2153 quam
2257 2098 2368 2138 non
2426 2082 2677 2138 videntes
2735 2096 3067 2153 quemquam
3151 2098 3374 2158 suorum
3448 2083 3618 2138 armis

2041 2178 2337 2244 indutum,
2390 2177 2615 2248 regione
2671 2192 2770 2232 sua
2840 2175 2972 2247 quid
3065 2174 3270 2230 ferrum
3332 2175 3402 2230 sit
3462 2175 3620 2246 igno-

2040 2281 2218 2326 rante.
2279 2269 2582 2341 imperator
2649 2279 2831 2324 autem
2894 2278 3000 2323 tam
3059 2277 3273 2324 aetatem
3336 2267 3618 2327 admirans

2040 2380 2206 2435 quam
2243 2364 2415 2419 moles
2442 2364 2694 2434 corporis
2723 2378 2914 2420 eorum
2946 2363 3287 2428 collaudatis,
3320 2362 3420 2415 hos
3447 2359 3618 2415 Hera-

2039 2457 2201 2513 cliam
2245 2457 2416 2512 misit.
2450 2456 2590 2511 Cum
2627 2463 2812 2510 autem
2836 2455 3081 2511 venisset
3121 2454 3186 2507 ad
3234 2454 3528 2517 maritima,
3561 2461 3617 2508 et

2039 2550 2328 2606 didicisset
2353 2549 2499 2620 quod
2547 2543 2709 2620 legati
2755 2548 3052 2604 Persarum
3096 2547 3420 2620 Byzantium
3455 2557 3618 2618 atque

2039 2644 2381 2700 Francorum
2419 2644 2723 2711 venissent,
2756 2643 2822 2698 ad
2849 2642 3053 2714 regalia
3089 2642 3377 2698 remeavit.

2070 2755 2084 2768 σ
2111 2739 2336 2795 Decimo
2358 2737 2572 2808 imperii
2597 2735 2853 2791 Mauricii
2873 2751 3019 2790 anno
3039 2735 3318 2806 chaganus
3340 2734 3618 2806 qumrebat

2039 2841 2333 2904 augmenta
2375 2839 2658 2900 pactorum
2693 2830 2968 2900 accipere.
3000 2829 3303 2897 imperator
3339 2845 3466 2883 vero
3504 2843 3620 2883 ser-

2039 2941 2230 2982 mones
2276 2923 2497 2982 barbari
2546 2937 2655 2978 non
2707 2923 2938 2993 recepit,
2981 2929 3036 2976 et
3084 2921 3290 2976 idcirco
3337 2919 3620 2990 chaganus

2039 3019 2240 3075 iterum
2299 3019 2503 3074 bellum
2558 3017 2694 3088 agit,
2742 3025 2797 3072 et
2843 3014 3094 3071 devastat
3141 3013 3518 3082 Singidonem,
3563 3023 3619 3069 et

2038 3122 2220 3168 castra
2267 3120 2461 3166 contra
2511 3109 2779 3166 Sirmium
2831 3116 3031 3166 movet.
3081 3109 3386 3180 imperator
3435 3118 3615 3164 autem

1959 3231 2005 3293 ρ
2039 3213 2330 3274 praetorem
2367 3202 2599 3273 Europae
2637 3201 2892 3257 Priscum
2926 3209 3096 3257 creat.
3135 3200 3204 3254 At
3238 3216 3364 3256 vero
3390 3198 3615 3255 Priscus

2041 3296 2360 3352 Salvianum
2391 3296 2789 3367 subpraatorem
2815 3295 3022 3349 factum
3053 3310 3389 3364 prmcurrere
3408 3292 3615 3363 jussit;

2035 3398 2090 3444 et
2126 3401 2318 3444 contra
2360 3387 2636 3444 Barbaros
2674 3390 3041 3458 procedentes
3075 3387 3276 3442 bellum
3319 3388 3533 3451 ineunt,
3559 3398 3616 3442 et.

2037 3483 2266 3539 vincunt
2293 3481 2551 3538 Romani.
2571 3481 2694 3549 Quo
2719 3482 2910 3538 audito
2934 3482 3216 3552 chaganus
3243 3482 3614 3550 potentatibas

2036 3578 2273 3650 sumptis
2305 3577 2637 3647 properabat
2683 3575 2752 3631 ad
2793 3576 3021 3632 bellum.
3057 3575 3127 3628 At
3161 3589 3290 3629 vero
3324 3573 3616 3630 Salvianus

2034 3672 2172 3728 visis
2219 3670 2678 3727 multitudinibus
2734 3669 3080 3740 stupefactus
3129 3668 3196 3724 ad
3249 3666 3499 3722 Priscum
3556 3681 3617 3721 se

2034 3765 2290 3821 contulit.
2323 3765 2684 3835 Comperiens
2713 3771 2896 3818 autem
2920 3763 3205 3833 chaganus
3233 3758 3616 3815 Romanorum

2034 3867 2341 3917 recessum'
2385 3857 2450 3911 ad
2511 3856 2788 3911 maritima
2842 3853 3164 3924 egreditur,
3224 3852 3486 3922 deinceps
3546 3850 3615 3906 ad

2035 3957 2290 4006 sanctum
2338 3948 2748 4015 Alexandrum,
2803 3955 2858 4003 et
2906 3947 3057 4002 hunc
3104 3946 3293 4002 omnia
3323 3943 3613 4000 devoranti

2033 4043 2262 4101 tradidit
2299 4043 2432 4114 igni.
2469 4041 2774 4098 Transiens
2811 4049 2993 4096 autem
3031 4041 3087 4095 in
3126 4037 3414 4111 Drizipera
3449 4052 3616 4094 cona-

2035 4145 2132 4192 tur.
2153 4136 2528 4192 exterminare
2568 4148 2683 4190 rem
2728 4133 3034 4205 publicam,
3071 4131 3442 4188 devastatoria
3480 4147 3614 4202 ope-

2034 4237 2190 4286 ratus
2225 4228 2617 4284 instrumenta.
2643 4227 2713 4283 Hi
2745 4241 2876 4283 vero
2898 4226 2991 4298 qui
3026 4223 3310 4297 Driripera
3339 4225 3611 4287 habitant,

2033 4321 2246 4380 diutius
2276 4337 2307 4378 e
2331 4322 2554 4378 diverso
2573 4319 2747 4376 aciem
2774 4318 3101 4375 direxerunt
3127 4336 3142 4372 :
3181 4331 3306 4373 nam
3339 4326 3394 4373 et
3423 4320 3614 4388 portas

2033 4413 2348 4485 aperientes
2396 4411 2759 4468 minabantur
2804 4409 3085 4467 Barbaros
3128 4408 3448 4473 debellare,
3483 4421 3610 4462 cum

2034 4517 2223 4564 essent
2274 4507 2330 4563 in
2380 4503 2678 4561 formidine
2736 4501 2975 4574 ingenti.
3031 4500 3188 4558 Tunc
3232 4515 3365 4572 ergo
3427 4499 3611 4556 divina

2034 4598 2287 4669 quazdam
2328 4597 2412 4654 eis
2446 4595 2728 4653 consuluit
2753 4595 2974 4650 virtus:
3023 4591 3206 4648 media
3250 4603 3493 4663 namque
3519 4589 3612 4647 die

2034 4689 2221 4744 videre
2244 4695 2578 4762 putaverunt
2596 4685 2842 4753 barbari,
2855 4685 3121 4741 Romanis
3142 4681 3442 4739 virtutibus
3457 4696 3615 4755 egre-

2032 4780 2313 4839 dientibus
2343 4779 2414 4836 ab
2453 4779 2615 4846 urbe,
2667 4776 2915 4834 futurum
2956 4777 3062 4833 sibi
3109 4777 3229 4833 l‘ore
3270 4783 3330 4832 ut
3357 4790 3484 4832 cum
3527 4775 3612 4832 eis

2036 4872 2360 4931 conﬂictum
2393 4881 2772 4928 consererent.
2805 4869 2874 4926 Et
2906 4869 3248 4926 consternati
3291 4869 3419 4941 l‘uga
3464 4868 3611 4926 infa-

2037 4965 2248 5037 tigabili
2301 4962 2541 5036 fugiunt,
2595 4972 2650 5020 et
2703 4962 2847 5034 apud
2899 4961 3218 5036 Perinthum
3275 4960 3607 5018 eiiiciuntur.

2033 5058 2260 5115 Priscus
2276 5065 2482 5123 autem,
2510 5071 2612 5113 nec
2642 5056 2762 5111 visu
2792 5054 3014 5126 quidem
3043 5053 3190 5109 ferre
3225 5051 3608 5109 multitudines

2034 5151 2392 5208 barbarorum
2429 5152 2640 5216 valens,
2684 5149 2982 5206 Tzuruium
3033 5151 3318 5223 ingressus
3357 5157 3604 5205 castrum

2032 5243 2404 5298 muniebatur.
2428 5243 2530 5297 Ast
2563 5240 2836 5296 barbarus
2868 5238 3118 5297 Priscum
3159 5239 3606 5295 obsidere'cona-

2032 5335 2213 5390 batur.
2246 5334 2343 5391 llis
2390 5335 2593 5391 auditis
2641 5333 2940 5390 Mauricius
2971 5334 3256 5391 haesitabat
3286 5331 3416 5404 quid
3465 5330 3606 5387 foret

2028 5425 2321 5498 agendum.
2385 5426 2539 5480 Tunc
2590 5425 2799 5496 optimo
2857 5425 2996 5480 inito
3060 5423 3300 5480 consilio
3359 5431 3607 5479 armatur

2030 5528 2222 5576 contra
2275 5520 2546 5576 inﬁnitam
2582 5520 2946 5577 barbarorum
2976 5518 3262 5587 virtutem,
3292 5527 3348 5576 ct
3383 5517 3481 5576 nni
3506 5530 3607 5574 ex-

1865 5676 2095 5737 ΝΟΤΑΞ.

425 5839 537 5915 (39)
573 5841 910 5915 Auguriatus
936 5843 1058 5900 cod.
1088 5841 1324 5899 Gruteri.
