4034 6298
442 374 582 440 1283

1522 369 1928 432 ANASTASII
1990 370 2618 433 BIBLIOTIIECARII

3570 364 3707 430 1234

442 490 752 545 cubitorum
808 484 1021 557 magnis
1095 485 1254 541 donis
1327 492 1491 555 atque
1562 483 2023 554 promissionibus
2061 518 2095 575 Α
2132 485 2456 557 imperatori
2517 484 2737 540 direxit.
2802 481 3103 553 Imperator
3158 489 3357 543 autem,
3410 481 3581 537 misso
3636 485 3704 537 ad

443 583 639 640 suadet
687 590 747 636 ut
780 589 973 651 sponte
1008 581 1060 633 iu
1102 580 1367 636 barbaros
1406 581 1598 644 irruat,
1628 578 1790 648 eique
1828 577 1920 631 dat
1950 576 2020 630 ad
2051 564 2066 574 ’

439 675 692 732 Priscum
741 675 949 728 litteras
1004 675 1354 729 continentes
1399 673 1514 728 haec
1554 689 1568 727 :
1620 670 2017 727 Gloriasissimo

436 771 654 841 prmtori
705 768 918 822 Prisco.
972 766 1213 822 Noxium
1260 768 1609 821 barbarorum
1654 775 1904 821 conatum
1957 781 2020 819 ne

436 861 693 931 formides
724 876 743 914 :
781 860 849 913 ad
906 860 1255 930 perditionem
1290 861 1428 915 enim
1471 876 1653 914 eorum
1692 859 1894 928 factum
1940 866 2020 911 est

435 947 531 1010 lto}:
558 970 576 1008 :
604 955 734 1007 scito
763 954 901 1007 enim
927 954 1049 1023 quia
1070 970 1185 1006 cum
1206 956 1373 1007 multa
1400 953 1708 1021 confusione
1734 960 2020 1005 revertetur

435 1050 705 1120 cltaganus
739 1050 793 1102 in
830 1048 1092 1119 regionem
1125 1063 1242 1116 qua:
1268 1046 1371 1100 sibi
1400 1063 1433 1100 a
1464 1045 1718 1100 Romanis
1748 1052 1823 1098 est
1855 1042 2018 1111 depu-

435 1154 568 1197 tata.
610 1142 899 1210 Propterea
948 1148 1237 1208 perseveret
1274 1138 1446 1209 gloria
1478 1147 1570 1193 tua
1609 1154 1762 1207 penes
1802 1137 2017 1192 Tauru-

432 1240 566 1301 tum,
595 1236 983 1305 circuntvagari
1014 1234 1214 1303 faciens
1256 1233 1378 1288 illos
1404 1246 1421 1284 :
1464 1232 1724 1287 mittimus
1753 1232 1891 1286 enim
1922 1245 2013 1298 per

436 1343 583 1381 mare
609 1343 787 1391 naves,
811 1335 861 1380 et
890 1324 1271 1394 captirabimns
1298 1322 1535 1393 familias
1561 1338 1765 1388 eorum,
1788 1331 1833 1375 et
1864 1336 2011 1391 coge-

438 1429 525 1472 tur
551 1418 620 1472 ad
649 1420 867 1489 propria
903 1417 1216 1488 confusione
1246 1418 1475 1487 refertus
1509 1428 1669 1487 atque
1678 1417 1901 1486 jactura
1933 1431 2017 1468 re-

434 1513 587 1569 verti.
610 1512 680 1567 At
698 1528 825 1567 vero
844 1511 1336 1582 cbaganuslitteris
1361 1511 1839 1582 eomprehensiset
1862 1510 2017 1565 lectis

435 1614 639 1669 pavens
673 1598 928 1665 etiicitur,
960 1608 1015 1654 et
1045 1600 1441 1671 sponsionibus
1506 1599 1750 1670 paciﬁcis
1793 1600 1859 1654 ad
1903 1598 2018 1652 Pri-

434 1708 588 1747 scum
623 1693 909 1764 dispositis
953 1693 1007 1748 in
1054 1694 1381 1749 muneribus
1419 1694 1615 1764 paucis
1648 1702 1813 1762 atque
1866 1692 2012 1746 indi-

430 1787 575 1857 gnis,
618 1787 672 1841 in
719 1802 877 1841 suam
926 1793 1014 1842 est
1063 1793 1269 1842 terram
1309 1802 1434 1841 cum
1487 1784 1615 1857 luga
1669 1784 1879 1857 potenti
1929 1800 2016 1840 re-

433 1891 683 1948 gressus.
1426 1934 1427 1938 η

503 1972 809 2029 Undecimo
856 1970 1072 2037 imperii
1097 1986 1244 2025 anno
1278 1970 1531 2026 Mauricii
1563 1969 2015 2042 Ilierosolymita-

432 2082 540 2122 nus
591 2066 755 2121 Amos
800 2064 1033 2119 habetur
1093 2064 1406 2135 episcopus.
1465 2065 1769 2135 Imperator
1825 2071 2008 2119 autem

432 2159 678 2215 Priscum
733 2174 857 2213 cum
916 2156 1171 2212 omnibus
1209 2156 1471 2212 Romanis
1513 2157 1884 2226 potentatibus
1943 2155 2009 2209 ad

434 2251 635 2306 Istrum
698 2249 921 2303 ﬁnvinm
974 2248 1149 2311 misit,
1207 2258 1264 2301 ut
1309 2245 1694 2302 Selaviuorum
1759 2247 2012 2303 nationes

434 2342 672 2398 transire
722 2340 1059 2412 prohiberet.
1101 2338 1223 2404 Quo
1271 2337 1414 2409 apud
1459 2337 1786 2394 Dorostolon
1830 2338 2014 2393 habito

432 2438 720 2508 chagattus
745 2433 849 2488 hoc
878 2432 1153 2502 comperit
1176 2447 1192 2498 ;
1212 2431 1303 2502 qui
1338 2431 1528 2501 legatis
1550 2430 1617 2485 ad
1635 2446 1759 2486 enin
1788 2431 2015 2487 directis

433 2528 774 2584 calumniam
808 2524 1082 2580 inferebat
1110 2524 1378 2579 Romanis
1418 2524 1704 2579 exordium
1751 2524 2013 2579 dantibus

432 2620 587 2676 belli.
614 2619 837 2674 Priscus
862 2624 1044 2672 autem
1064 2616 1367 2673 excusabat
1395 2630 1476 2679 se,
1501 2616 1645 2686 quod
1673 2630 1780 2669 non
1803 2615 2014 2669 venerit

436 2716 706 2769 adversus
738 2711 1001 2767 barbaros
1022 2709 1429 2781 belligeratum,
1463 2707 1561 2765 sed
1590 2707 1736 2779 quod
1766 2707 1834 2763 ad
1863 2706 2016 2762 Scla-

433 2805 688 2863 vinorum
715 2803 969 2859 nationes
1015 2817 1045 2857 a
1080 2801 1327 2874 principe
1352 2800 1518 2857 fuerit
1540 2800 1870 2856 destinatus.
1903 2801 2015 2854 Au-

433 2898 597 2954 diens
629 2905 808 2952 autem
830 2895 1061 2952 Priscus
1090 2893 1237 2965 quod
1254 2893 1601 2965 Ardagastus
1629 2892 2015 2949 multitudines

435 2991 822 3047 Sclavinorum
856 2989 923 3045 ad
953 2987 1310 3061 przedandum
1339 2986 1693 3057 disperserit,
1731 2986 2014 3042 transiens

433 3083 638 3141 Istrum
663 3082 845 3138 media
871 3090 1035 3137 nocte
1053 3081 1334 3151 inepinate
1351 3080 1658 3150 Ardagasto
1676 3080 2013 3151 coniunctus

431 3182 540 3234 est.
593 3174 665 3232 At
702 3188 834 3229 vero
884 3172 1227 3243 Ardagastus
1251 3171 1574 3228 discrimine
1598 3187 1765 3228 sense
1804 3173 2011 3228 nudum

434 3265 741 3321 ascendens
773 3279 998 3335 equum,
1056 3262 1150 3318 vix
1194 3263 1383 3318 salvus
1422 3262 1622 3327 erasit,
1666 3262 2013 3334 Romanique

436 3356 885 3413 multitudinibus
929 3353 1310 3412 Selavinorum
1358 3356 1559 3411 occisis
1583 3396 1599 3421 ,
1636 3366 1691 3412 et
1719 3356 2013 3429 Ardagasti

432 3449 662 3520 regione
707 3460 990 3517 perversa,
1033 3445 1272 3518 praedam
1312 3446 1597 3517 copiosam
1642 3457 1860 3518 captam
1904 3447 2013 3517 By-

436 3542 680 3597 zantium
726 3556 825 3612 per
869 3539 1213 3597 'I'atemerem
1269 3539 1613 3595 direxerant.
1670 3538 1845 3596 Porro
1883 3555 2012 3596 eum

434 3634 691 3691 Tatemer
719 3632 1014 3704 expeditus
1044 3633 1151 3690 iter
1177 3630 1393 3688 faciens
1415 3631 1671 3688 ebrietati
1701 3648 1824 3689 sese
1849 3642 2015 3704 atque

433 3728 650 3784 deliciis
680 3727 944 3791 traderet,
979 3725 1365 3782 Selavinorum
1394 3730 1449 3782 in
1473 3742 1597 3781 eum
1630 3727 2014 3783 multitudines

434 3825 691 3891 irruunt;
720 3822 813 3892 qui
842 3821 1135 3875 formidine
1161 3835 1387 3892 pressus
1408 3820 1669 3891 fugiendo
1691 3820 2012 3892 Byzantium

434 3914 610 3971 venit.
644 3914 746 3969 Ast
795 3912 1055 3978 Romani,
1112 3913 1207 3984 qui
1233 3927 1356 3969 eum
1411 3914 1534 3983 ipso
1565 3912 1807 3979 fuerant,
1834 3913 2014 3970 valide

434 4004 716 4063 Selavinis
754 4005 956 4063 infensi
995 4004 1252 4062 obtinent
1286 4006 1693 4077 gloriosissime
1721 4006 2012 4070 barbaros.

435 4109 489 4154 et
514 4098 891 4170 captivitatem
918 4100 1129 4155 salvam
1160 4098 1485 4170 imperatori
1519 4106 1879 4169 praesentant.
1907 4097 2012 4167 Qui

439 4192 651 4246 laetatus
697 4190 974 4262 gratiﬁcos
1018 4189 1129 4246 Deo
1163 4191 1397 4263 hymnos
1437 4206 1543 4246 una
1589 4206 1714 4247 cum
1764 4200 1875 4247 tota
1916 4193 2015 4249 ob-

440 4284 563 4336 tulit
598 4283 757 4339 urbe.
785 4282 1010 4338 Priscns
1038 4298 1168 4338 vero
1188 4283 1389 4338 ﬁducia
1420 4282 1597 4339 fretus
1623 4285 1689 4339 ad
1718 4284 2014 4342 interiores

437 4371 822 4429 Sclaviuormn
875 4382 1063 4444 partes
1124 4374 1382 4431 accessit.
1453 4374 1621 4446 Gipes
1668 4385 1875 4443 autem,
1930 4377 2015 4433 vir

432 4464 760 4521 Christiana:
795 4465 1101 4537 religionis,
1128 4464 1508 4536 transfugiens
1538 4465 1606 4521 ad
1637 4464 1920 4522 Romanos
1957 4474 2014 4521 et

2126 579 2370 634 Priscum
2401 575 2887 647 Tatemere,jubet
2927 574 3037 628 illic
3062 583 3172 628 toto
3207 573 3427 628 hiemali
3456 581 3709 646 tempore

2123 670 2451 727 ecnunorari
2481 668 2785 725 Romanos.
2814 667 2935 735 Quo
2964 673 3249 737 comperto
3296 667 3530 721 Romani
3555 682 3699 721 con-

2124 766 2893 831 tradicebant,asseverantes
2920 761 2973 816 id
3004 775 3112 815 non
3142 775 3307 831 posse
3329 760 3445 815 ﬁeri
3477 771 3705 832 propter

2122 860 2312 930 copias
2342 858 2725 919 Barbarorum,
2760 864 2814 911 et
2847 870 2943 925 pro
2972 870 3037 910 eo
3061 854 3207 925 quod
3240 854 3392 926 regio
3424 865 3573 910 esset
3592 855 3705 911 sibi

2122 954 2260 1008 satis
2324 952 2574 1008 adversa.
2640 949 2868 1005 Priscus
2911 964 3043 1005 vero
3091 948 3278 1005 verbis
3330 950 3706 1021 persuasoriis

2123 1044 2269 1101 ﬂexit
2321 1061 2415 1101 eos
2447 1044 2649 1101 ibidem
2700 1043 2948 1099 hiemare
2975 1043 3394 1113 jussionemque
3433 1043 3707 1115 principis

2120 1152 2528 1193 consummare.

2190 1229 2378 1284 Tertio
2412 1228 2630 1283 decimo
2655 1227 2870 1297 imperii
2923 1225 3172 1281 Mauricii
3204 1238 3371 1292 anno,
3412 1240 3521 1296 qua
3548 1225 3708 1281 vide-

2121 1321 2251 1376 licet
2297 1328 2623 1391 tempestate
2652 1319 2952 1391 Gregorius
2989 1320 3320 1383 Romanam,
3375 1319 3706 1374 Constanti-

2122 1414 2493 1484 uupolitauam
2546 1412 2813 1484 Cyriacus
2843 1424 2897 1468 et
2946 1411 3192 1468 secundo
3216 1410 3549 1467 Anastasius
3586 1410 3703 1464 An-

2122 1507 2431 1561 tiochenam
2462 1507 2690 1576 regebat
2733 1503 3061 1567 Ecclesiam,
3118 1512 3423 1559 nascuntur
3450 1503 3708 1574 prodigia

2120 1598 2175 1653 in
2213 1596 2551 1653 suburbanis
2583 1595 2853 1668 Byzantii,
2898 1612 3035 1666 puer
3083 1597 3335 1651 videlicet
3363 1594 3705 1665 quadrupes,

2118 1698 2173 1748 et
2194 1692 2356 1746 alter
2379 1690 2519 1746 duos
2547 1693 2784 1746 vertices
2821 1690 3051 1746 habens.
3082 1689 3252 1744 Aiunt
3290 1698 3476 1744 atttem
3506 1688 3560 1742 hi
3603 1688 3706 1759 qui

2120 1785 2381 1841 historias
2422 1783 2678 1856 diligenti
2722 1783 2909 1838 studio
2948 1782 3226 1846 scribunt,
3261 1798 3369 1837 non
3398 1781 3704 1852 signiﬁcari

2042 1885 2087 1941 Β
2120 1879 2261 1933 bona
2288 1877 2615 1934 civitatibus
2668 1876 2721 1932 itt
2752 1877 2955 1948 quibus
3008 1885 3311 1931 nascuntur
3359 1877 3707 1945 hujusmodi.

2116 1970 2186 2025 At
2205 1985 2334 2025 vero
2361 1970 2660 2041 imperator
2698 1969 2949 2026 Priscum
2984 1979 3220 2040 przetura
3253 1969 3453 2039 privat,
3494 1977 3551 2024 et
3580 1968 3692 2025 Pe-

2118 2054 2513 2115 trum'lratrem
2559 2075 2721 2116 suum
2755 2068 3045 2131 przetorem
3076 2060 3341 2116 Romana:
3370 2058 3498 2114 fecit
3528 2060 3708 2114 virtu-

2118 2156 2210 2208 tis.
2267 2151 2455 2223 Itaque
2511 2153 2737 2208 Priscus
2799 2153 3022 2224 quidem
3086 2152 3387 2208 virtutibus
3434 2153 3704 2223 sumptis.

2117 2249 2436 2317 priusquam
2469 2244 2663 2303 Petrus
2707 2246 3043 2317 pervenisset
3075 2287 3090 2313 ,
3123 2253 3429 2303 transmeat
3458 2262 3705 2301 amnem.

2115 2338 2409 2408 Chaganus
2435 2346 2619 2394 autem
2662 2340 2895 2394 transitu
2922 2338 3155 2394 Romani
3195 2340 3386 2395 audito
3418 2340 3709 2396 exercitus

2116 2431 2275 2486 valde
2322 2431 2553 2486 miratus
2608 2439 2715 2495 est,
2764 2440 2820 2487 et
2867 2432 2934 2486 ad
2962 2430 3211 2486 Priscum
3264 2432 3437 2494 misit,
3482 2431 3710 2488 discere

2117 2537 2343 2579 causam
2377 2538 2655 2593 qturrens,
2688 2530 2743 2578 et
2767 2523 2963 2593 pnedae
2988 2538 3209 2579 sumere
3242 2532 3474 2593 partem,
3506 2516 3711 2594 sicque

2116 2623 2330 2670 amnem
2358 2617 2593 2671 transire
2622 2632 2636 2668 :
2670 2617 2833 2673 nimis
2863 2618 3008 2670 enim
3040 2617 3300 2671 saeviebat
3326 2633 3493 2687 super
3522 2616 3707 2670 fclici—

2115 2705 2320 2760 tatibns
2345 2706 2746 2763 Romanorum.
2776 2708 2948 2762 Mittit
2975 2724 3107 2778 ergo
3133 2708 3355 2765 Priscus
3392 2725 3559 2778 super
3592 2710 3708 2764 hoc

2118 2798 2185 2854 ad
2211 2801 2520 2871 chagauutn
2559 2800 2795 2872 legatum
2832 2800 3217 2867 Theodorum,
3247 2803 3501 2859 videlicet
3529 2805 3709 2858 medi-

2116 2909 2239 2948 cum
2293 2893 2593 2964 sagacitate
2639 2909 2705 2949 ac
2755 2895 3117 2966 intelligentia
3165 2906 3543 2966 perorantum.
3588 2898 3709 2951 Iste

2115 2986 2310 3043 videns
2337 2987 2649 3057 cbaganum
2678 3003 2872 3060 magna
2909 2989 3217 3059 sapientem
3249 2990 3708 3059 responsionem-

2114 3096 2222 3151 que
2249 3080 2553 3151 jactantius
2575 3080 2866 3138 facientem
2890 3080 3096 3153 (minas
3120 3084 3266 3137 enim
3298 3081 3701 3153 prtetendebat,

2117 3188 2176 3228 se
2219 3183 2545 3229 cunctarum
2611 3190 2735 3231 esse
2777 3176 3022 3245 gentium
3103 3173 3385 3230 dominum
3443 3175 3706 3247 iactans)

2116 3267 2439 3323 narratione
2488 3270 2656 3323 veteri
2717 3267 2990 3338 mitigavit
3041 3267 3394 3325 barbaricum
3441 3270 3701 3340 typbum.

2113 3358 2204 3413 Ait
2232 3358 2420 3412 enim:
2460 3358 2622 3423 Audi,
2682 3358 2936 3429 chagane,
2980 3358 3275 3429 proﬁcuum
3304 3364 3703 3416 narrationem.

2114 3450 2370 3507 Sesostris
2405 3451 2783 3523 Aiggptiorum
2829 3468 2921 3507 rex
2954 3450 3187 3508 illustris
3223 3464 3275 3508 et
3324 3453 3514 3523 oppido
3542 3453 3703 3525 felix,

2116 3545 2304 3614 opibus
2340 3545 2521 3599 clarus
2568 3554 2619 3600 et
2651 3544 3053 3615 inexpugnabili
3083 3554 3380 3613 potentatu,
3432 3545 3706 3615 plurimas

2113 3647 2164 3692 et
2219 3639 2453 3708 ingentes
2504 3638 2746 3693 servituti
2791 3639 3034 3693 nationes
3068 3640 3292 3710 redegit.
3353 3637 3503 3695 Unde
3549 3649 3599 3694 et
3638 3641 3705 3694 ire

2117 3732 2484 3801 arrogantiam
2542 3748 2721 3799 ruens,
2775 3748 2939 3786 curru
2978 3732 3280 3789 adharente
3327 3734 3432 3789 sibi
3474 3749 3607 3788 auro
3646 3743 3707 3788 et

2117 3822 2384 3891 lapidibus
2440 3824 2687 3893 pretiosis
2731 3832 3058 3890 constructo,
3104 3823 3249 3881 sedet
3277 3840 3437 3894 super
3460 3842 3607 3890 eum,
3646 3836 3705 3880 et

2116 3914 2313 3985 subigit
2354 3913 2489 3986 jugo
2538 3931 2604 3970 εκ
2664 3916 2926 3986 superatis
2971 3918 3179 3988 regibus
3224 3928 3457 3990 quatuor
3486 3918 3704 3973 trahere

2115 4022 2358 4064 currum.
2408 4007 2647 4080 Cumque
2693 4008 2794 4063 hoc
2830 4010 2979 4080 fieret
3035 4012 3091 4065 in
3146 4012 3348 4081 insigni
3387 4013 3701 4083 festivitate,

2116 4116 2251 4155 unus
2273 4115 2338 4155 ea:
2363 4111 2596 4171 quatuor
2630 4102 2840 4173 regibus
2873 4102 3175 4173 frequenter
3227 4083 3437 4160 oculum
3467 4108 3701 4164 vertebat

2116 4205 2428 4261 retrorsum,
2450 4204 2499 4250 et
2525 4196 2988 4266 contemplabatur
3016 4207 3213 4265 rotam,
3233 4214 3354 4254 cunt
3381 4202 3699 4258 volveretur.

2116 4286 2286 4353 Quem
2315 4285 2576 4343 Sesostris
2597 4298 2973 4359 percunctatus
2999 4291 3076 4345 ait
3102 4307 3122 4347 :
3154 4309 3177 4346 ι
3213 4291 3326 4349 Cur
3350 4301 3470 4364 post
3493 4304 3702 4366 tergum

2116 4382 2346 4447 offirmas
2373 4382 2597 4439 oculos?
2635 4401 2654 4435 ι
2681 4384 2750 4438 At
2784 4384 2876 4439 ille
2906 4402 2926 4443 :
2960 4404 2980 4437 ι
3016 4384 3193 4449 Ilanc,
3226 4406 3246 4441 ι
3269 4388 3457 4459 inquit,
3480 4407 3499 4441 ι
3522 4398 3701 4447 rotans

2116 4475 2285 4529 miror
2317 4476 2641 4541 instabilem,
2674 4486 2723 4532 et
2757 4477 2897 4533 alias
2930 4487 3087 4549 atque
3118 4480 3279 4534 aliter
3301 4497 3357 4535 se
3382 4492 3701 4549 moventem,

435 4562 741 4631 ingressum
795 4560 1063 4616 Romanis
1098 4559 1340 4615 ostendit
1395 4566 1451 4616 et
1502 4560 1771 4617 barbaros
1812 4562 2008 4617 tenuit.
2038 4584 2090 4646 υ
2115 4568 2343 4625 etmodo
2371 4570 2580 4624 excelsa
2626 4570 3019 4637 humiliantem,
3061 4589 3249 4627 rursus
3292 4573 3517 4629 humilia
3535 4560 3700 4645 exal-

436 4657 624 4727 Itaque
687 4652 912 4726 Glpedis
971 4654 1284 4724 proditione
1335 4648 1703 4708 trausl‘retato‘
1752 4652 2013 4723 ﬂumine,

434 4748 661 4805 Priscus
684 4747 862 4804 media
890 4755 1052 4802 nocte
1068 4747 1274 4819 reperit
1301 4746 1605 4801 Musacimn
1644 4745 2014 4803 Barbarorum

434 4857 647 4912 regem,
705 4840 971 4896 ebrietate
1025 4849 1351 4910 corruptum
1395 4856 1413 4895 :
1464 4838 1750 4894 funebrem
1813 4839 2018 4910 quippe

436 4933 642 5005 proprii
677 4930 867 4989 fratris
908 4930 1227 4986 celebrabat
1266 4929 1659 4997 festivitatem;
1710 4945 1821 5000 quo
1860 4944 2018 4986 com-

438 5026 711 5096 prehenso
759 5022 887 5078 vivo
917 5020 1121 5077 eandem
1170 5021 1226 5076 in
1290 5020 1548 5077 Barbaris
1589 5026 1855 5091 operatus
1904 5029 2016 5086 est,

440 5118 719 5188 multaque
747 5116 973 5188 copiosa
1003 5116 1186 5187 praeda
1228 5124 1391 5186 capta
1446 5113 1700 5171 ebrietati
1733 5129 1855 5170 sese
1890 5128 2018 5185 pro-

442 5210 581 5263 dunt
609 5217 665 5264 et
688 5209 948 5279 crapulae.
978 5209 1184 5263 Attum
1236 5206 1457 5263 barbari
1498 5206 1809 5260 coacervati
1841 5204 2016 5260 vieto-

443 5302 597 5359 ribus
637 5300 974 5366 imminent,
1052 5300 1304 5371 t'oretque
1355 5299 1678 5355 vicissitudo
1733 5297 2016 5367 reciproca

441 5394 774 5467 pratcedenti
808 5393 1070 5452 virilitate
1104 5394 1322 5459 saevior,
1381 5393 1489 5447 nisi
1538 5390 1722 5462 Genzo
1778 5390 2015 5461 pedestri

441 5488 647 5545 virtute
675 5486 1050 5544 Romanorum
1123 5488 1387 5544 insistens
1416 5502 1598 5559 pugna
1646 5484 1772 5541 forti
1828 5484 2017 5556 prohi-

442 5582 655 5638 buisset
684 5583 920 5653 impetus
950 5580 1344 5639 Barbarorum.

508 5672 844 5731 Duodecimo
878 5674 1093 5751 imperii
1129 5673 1379 5731 Mauricii
1411 5690 1574 5742 anno,
1621 5690 1747 5732 cum
1787 5673 2014 5731 Priscus

437 5768 635 5835 iterum
666 5768 733 5823 ad
759 5766 957 5823 Istrum
1020 5767 1362 5841 pervenisset
1398 5777 1698 5840 gentesque
1723 5766 2015 5824 Sclavino-

441 5877 562 5918 rum
613 5861 957 5935 depraadatus
1010 5860 1226 5928 fuisset,
1282 5863 1424 5919 haud
1479 5862 1756 5919 modicam
1802 5868 2014 5934 partem

2121 4670 2341 4717 tantem.
2366 4679 2387 4713 ι
2426 4662 2495 4715 At
2529 4677 2646 4716 vero
2676 4661 2940 4718 Sesostris
2978 4662 3296 4732 parabolam
3343 4665 3702 4736 intelligenter

2119 4754 2580 4821 animadverteris,
2612 4754 2774 4827 legem
2809 4757 2985 4825 posuit
3020 4772 3083 4811 ne
3107 4772 3323 4811 currum
3372 4775 3514 4830 reges
3555 4759 3700 4815 ulte-

2120 4847 2233 4899 rius
2265 4846 2557 4902 traherent.
2618 4844 2718 4902 His
2756 4847 3039 4919 chaganus
3080 4847 3287 4907 auditis
3336 4850 3592 4916 subrisit,
3641 4863 3701 4909 et

2119 4938 2197 4993 ait
2235 4954 2294 4994 se
2322 4953 2508 5009 pacem
2543 4940 2769 4995 sectari.
2801 4939 3027 4998 Priscus
3046 4950 3231 4999 autem
3276 4944 3526 5017 chagano
3566 4948 3700 5002 red-

2118 5028 2257 5085 didit
2297 5044 2399 5102 pro
2449 5032 2688 5087 transitu
2740 5034 3005 5103 praedam,
3058 5044 3113 5091 et
3161 5036 3378 5092 exuviis
3435 5038 3701 5095 omnibus

2118 5124 2355 5194 sumptis
2409 5125 2532 5181 sine
2575 5125 2868 5197 dispendio
2921 5141 3139 5184 amnem
3192 5130 3466 5186 transivit.
3523 5130 3698 5188 Porio

2118 5216 2399 5287 chaganus
2445 5216 2530 5273 his
2559 5219 2836 5290 susceptis
2889 5220 3181 5291 magniﬁce
3227 5221 3534 5277 laetabatur.
3571 5221 3692 5277 Pri-

2118 5321 2248 5365 scus
2298 5305 2622 5380 Byzantium
2657 5310 2838 5378 venit,
2891 5319 2948 5368 et
3000 5310 3196 5370 Petrus
3234 5329 3533 5384 praeturam
3568 5331 3698 5373 sus-

2116 5399 2282 5470 cepit.

2189 5486 2399 5554 Quarto
2420 5488 2635 5546 decimo
2662 5492 2880 5562 imperii
2907 5493 2992 5548 sui
3030 5508 3176 5550 anno
3196 5494 3362 5565 jussit
3393 5495 3695 5558 Mauricius

2117 5578 2282 5634 Petro
2308 5580 2525 5649 praetori
2560 5590 2622 5636 ut
2652 5584 2873 5639 tertiam
2909 5584 3215 5654 portionem
3240 5601 3384 5656 roga:
3415 5587 3468 5643 in
3492 5603 3629 5645 auro
3658 5605 3694 5646 a

2119 5672 2382 5729 Romanis
2426 5675 2721 5745 acciperet,
2759 5684 2815 5732 et
2851 5679 3068 5733 tertiam
3112 5678 3166 5733 in
3214 5681 3405 5745 armis,
3445 5692 3500 5739 et
3527 5684 3693 5738 aliam

2119 5766 2337 5822 tertiam
2364 5768 2417 5823 in
2445 5770 2790 5826 veStimentis
2818 5770 3077 5827 diversis.
3110 5769 3300 5844 Itaque
3321 5773 3550 5831 Romani
3589 5777 3695 5833 hoc

2117 5861 2305 5919 audito
2351 5865 2414 5918 ad
2456 5864 2798 5935 tyrannidem
2830 5865 3207 5924 vertebantur.
3234 5866 3442 5925 Praetor
3466 5882 3595 5929 vero
3620 5871 3695 5927 ti-
