4034 6298
207 373 334 445 1285

984 372 1350 432 HISTORIA
1380 368 1958 431 ECCLESIASTICA
1991 369 2093 428 EX
2134 368 2616 429 THEOPHANE.

3323 370 3455 438 1286

206 503 350 541 melis
402 483 786 540 s-atisfaciebat
829 486 942 557 (40)
986 488 1254 542 militibus
1285 487 1387 542 hoc
1415 501 1604 541 verum
1657 500 1764 540 non
1803 489 1847 546 Î‘
1876 488 1944 539 At
1971 497 2100 538 vero
2127 481 2321 538 Petrus
2345 483 2529 538 verbis
2552 483 2884 539 seductoriis
2905 500 3039 541 usus
3058 500 3165 541 non
3191 500 3251 541 se
3279 489 3456 543 scisse

201 595 334 643 esse.
364 589 414 634 et
445 579 748 634 exhibebat
772 580 1112 636 exercitibus
1141 581 1278 635 alias
1305 582 1544 644 litteras,
1572 580 1769 650 juben-

203 681 276 729 tes
305 673 406 728 sibi
438 683 716 743 quatenus
747 675 801 728 hi
832 675 924 744 qui
966 675 1131 730 fortia
1173 685 1461 747 gesserant
1493 685 1548 732 et
1575 677 1642 731 de
1675 691 1769 746 pe-

200 766 381 820 riculis
412 765 829 836 triumpharant
858 767 914 822 iu
945 768 1176 822 urbibus
1202 783 1417 822 smnma
1446 768 1635 838 requie
1672 784 1771 838 po-

197 859 452 925 tirentur,
489 859 559 914 de
584 859 824 930 publicis
849 861 1162 931 sumptibus
1191 864 1332 915 inter
1363 875 1522 915 senes
1563 861 1766 926 alendi,

201 936 343 1022 pueri
373 967 507 1006 vero
548 953 783 1008 militum
816 955 868 1007 in
914 954 1051 1008 locis
1097 955 1444 1024 propriorum
1481 961 1769 1023 parentum

200 1045 667 1112 inscriberentur;
692 1047 898 1116 talique
925 1047 1149 1102 suadela
1184 1047 1444 1118 populum
1479 1047 1768 1117 mitigavit,

197 1146 247 1188 et
292 1135 570 1191 Caisarem
629 1139 784 1192 bona:
828 1137 987 1193 fama:
1036 1140 1315 1209 pra-conio
1385 1138 1768 1194 laudaverunt.

197 1226 314 1282 Haec
345 1241 531 1282 autem
565 1228 759 1286 Petrus
789 1230 1110 1301 imperatori
1139 1230 1772 1302 denuntiavit.Cumquc

198 1321 428 1375 venisset
454 1320 927 1393 Marcianopolim,
963 1324 1156 1393 dirigit
1186 1324 1332 1379 mille
1378 1340 1766 1396 praecessuros.

200 1409 256 1464 lli
283 1416 520 1482 repertis
544 1412 812 1469 Sclavinis
850 1416 1078 1469 multam
1107 1415 1440 1472 ducentibus
1468 1417 1769 1471 Romanam

199 1503 452 1572 praedam,
513 1505 612 1558 hos
669 1505 1028 1574 insequentes
1083 1506 1426 1572 occiderunt,
1491 1508 1771 1576 multaque

198 1594 369 1665 praeda
412 1606 635 1665 recepta
669 1596 931 1652 Romaica
962 1597 1248 1652 redierunt
1269 1598 1334 1652 ad
1368 1613 1519 1653 rura.

260 1687 463 1743 Eodem
493 1703 622 1744 vero
654 1704 799 1744 anno
830 1690 1146 1745 construxit
1175 1690 1478 1761 imperator
1503 1691 1766 1747 solarium

197 1779 503 1851 Magnaura:
532 1782 853 1850 rotundum,
873 1790 929 1837 et
956 1783 1012 1837 in
1049 1783 1228 1839 medio
1262 1784 1407 1840 atrio
1430 1784 1549 1854 ejus
1574 1784 1769 1842 statuit

197 1882 420 1928 statuam
456 1889 638 1939 suam,
681 1883 736 1930 et
767 1875 882 1930 illic
912 1876 1543 1946 posuitarmamentum.

258 1965 464 2032 Quinto
496 1967 711 2022 decimo
750 1968 968 2039 imperii
997 1967 1251 2024 Mauricii
1307 1985 1452 2026 anno
1479 1967 1646 2026 Petro
1679 1987 1773 2027 vc-

198 2061 468 2114 nationem
506 2065 789 2117 exercenti
838 2077 933 2118 sus
968 2063 1203 2133 agrestis
1248 2063 1467 2117 obviam
1502 2064 1771 2131 occurrit,

197 2153 497 2222 pedemque
520 2154 697 2226 ipsius
729 2155 796 2210 ad
831 2155 1084 2211 arborem
1122 2157 1540 2226 conquassavit,
1584 2169 1634 2212 et
1669 2158 1774 2211 im-

197 2246 557 2316 portabilibus
591 2247 703 2320 (4|)
735 2247 1022 2304 doloribus
1043 2249 1218 2303 multo
1259 2256 1507 2320 tempore
1540 2250 1770 2321 languit.

196 2338 287 2393 Ast
315 2339 620 2408 imperator
647 2340 850 2395 litteris
878 2324 1141 2410 pessimis
1174 2351 1229 2396 et
1261 2341 1620 2412 impropcriis
1649 2357 1774 2412 gra-

198 2431 344 2486 vibus
365 2432 416 2487 ei
446 2430 713 2497 detraxit,
765 2433 952 2488 audito
988 2433 1132 2504 quod
1169 2435 1356 2489 multae
1389 2432 1772 2490 Sclavinormn

197 2535 375 2593 gentes
408 2523 622 2578 fuerint
654 2533 850 2580 contra
886 2524 1211 2596 Byzantium
1237 2537 1417 2581 motae.
1446 2527 1647 2583 Petrus
1674 2545 1774 2582 au-

199 2627 294 2672 tem
333 2626 571 2674 coactus
607 2615 787 2673 Novas
817 2621 1085 2690 pervenit.
1123 2619 1186 2674 lli
1220 2635 1349 2676 vero
1377 2621 1472 2691 qui
1512 2631 1669 2677 erant
1707 2622 1777 2677 dc

197 2709 427 2777 civitate,
472 2726 578 2766 una
612 2727 735 2767 cum
766 2712 1104 2784 ignobilibus
1137 2713 1404 2778 militibus
1428 2720 1482 2769 et
1513 2715 1775 2785 episcopo

199 2807 405 2872 praetori
451 2807 670 2860 obviam
693 2810 956 2874 veniunt;
1001 2822 1144 2878 quos
1197 2813 1400 2876 praetor
1432 2808 1690 2875 intuitus,
1721 2821 1775 2863 ct

197 2911 340 2950 arma
365 2914 564 2953 eorum
594 2913 659 2952 ac
685 2898 1066 2955 fortitudinem
1099 2897 1428 2965 admiratus,
1453 2899 1611 2968 jubet
1641 2901 1776 2956 urbe

197 2988 414 3045 dimissa
449 2991 715 3046 Romanae
739 2990 961 3047 misceri
983 2998 1244 3047 catervae.
1269 2989 1473 3046 Milites
1497 3000 1681 3045 autem
1708 2991 1775 3045 ad

191 3084 431 3141 civitatis
494 3086 803 3141 custodiam
832 3084 1076 3142 ordinati
1109 3083 1214 3140 hoc
1255 3099 1419 3156 agere
1451 3092 1771 3139 reuuerunt.

1876 575 2177 630 motionem
2231 573 2789 646 affirmatpdnplicia
2840 583 3022 632 tamen
3079 579 3212 633 dare
3279 580 3452 650 spolia

1876 670 2131 725 universa
2180 671 2474 742 procurat;
2508 671 2701 740 sicque
2736 670 2964 726 Barbari
2997 670 3221 726 amissis
3258 673 3454 742 spoliis

1873 764 2042 835 dupla
2081 777 2237 820 sorte
2269 764 2510 834 receptis
2551 763 2666 834 paci
2691 765 3007 820 consulunt.
3037 763 3235 820 Petrus
3263 775 3455 821 contra

1873 857 2228 930 Peregastum
2281 858 2670 913 Sclavinorum
2718 858 3015 913 exarchum
3070 869 3364 929 properat;
3402 871 3456 913 et

1873 948 2100 1004 Barbari
2133 950 2280 1005 circa
2315 948 2487 1019 ripam
2523 947 2767 1005 fluminis
2799 948 2928 1003 huic
2960 949 3104 1004 obvii
3160 947 3286 1004 facti
3325 965 3455 1020 pro-

1875 1043 2136 1099 bibebant
2163 1043 2419 1099 transire.
2454 1042 2690 1098 Romani
2725 1057 2852 1096 vero
2875 1056 2904 1095 a
2935 1041 3092 1097 fretis
3123 1044 3454 1113 saginantes

1875 1135 1975 1190 hos
2008 1142 2368 1202 averterunt;
2399 1135 2603 1205 quibus
2630 1134 2685 1187 in
2724 1134 2905 1204 fugam
2937 1134 3116 1189 versis
3149 1135 3456 1205 percutitur

1875 1228 1970 1281 ilio
2011 1226 2368 1298 Peregastus,
2425 1234 2479 1281 et
2527 1226 2786 1280 moritur.
2844 1225 3222 1280 Transeuntes
3271 1238 3453 1279 autem

1875 1319 2108 1375 Romani
2143 1319 2381 1391 praedam
2410 1319 2639 1374 multam
2677 1327 3027 1388 receperunt,
3057 1328 3110 1374 et
3138 1318 3204 1374 ad
3229 1319 3454 1389 propria

1876 1418 2212 1466 remearunt.
2250 1410 2578 1466 Errantibus
2621 1409 2948 1465 ductoribus
2984 1418 3041 1463 et
3082 1409 3136 1464 in
3182 1409 3455 1479 inaqnosa

1877 1503 2247 1560 incidentibus
2299 1503 2419 1558 loca
2458 1503 2882 1573 periclitabatur
2934 1502 3235 1558 exercitus.
3278 1493 3455 1557 Porro

1875 1613 1997 1652 cum
2041 1597 2147 1652 iter
2184 1605 2408 1667 agerent
2449 1603 2642 1661 noctu,
2682 1597 2913 1650 veniunt
2953 1595 3018 1649 ad
3059 1609 3277 1650 amnem
3307 1594 3458 1648 Ileli-

1875 1692 2015 1744 ciam
2043 1689 2286 1745 dictum:
2312 1703 2436 1743 cum
2465 1703 2598 1744 vero
2626 1687 2778 1744 dumi
2805 1698 2960 1744 trans
2987 1687 3185 1743 fretum
3212 1689 3457 1744 fluminis

1876 1790 2088 1847 essent,
2128 1779 2357 1836 Barbari
2395 1782 2448 1836 in
2485 1781 2572 1836 his
2607 1780 2921 1835 absconditi
2962 1795 3058 1836 eos
3094 1781 3188 1852 qui
3235 1780 3455 1835 haurie-

1877 1877 2009 1930 bant
2065 1890 2266 1947 aquam
2293 1874 2708 1944 iaculabantur.
2742 1873 2938 1944 Magna
2990 1874 3161 1946 igitur
3205 1873 3456 1930 molestia

1876 1968 2144 2026 Romanis
2195 1968 2386 2025 eï¬‚'ecta
2447 1969 2686 2035 militiis,
2738 1968 2793 2023 in
2851 1968 3033 2038 fugam
3081 1975 3376 2025 vertuntur
3425 1983 3457 2022 a

1876 2063 2137 2119 Barbaris
2185 2062 2466 2118 debellati.
2516 2061 2716 2118 Verum
2777 2061 3083 2118 Mauricius
3130 2062 3217 2117 his
3254 2061 3458 2117 auditis

1875 2155 2096 2211 Petrum
2153 2165 2395 2227 praetura
2448 2155 2720 2226 privavit,
2752 2164 2808 2211 et
2859 2153 3110 2212 Priscum
3167 2164 3455 2227 prmtorem
3527 2166 3529 2168 '

1875 2247 2103 2303 Thracae
2141 2248 2326 2305 denuo
2352 2248 2528 2305 misit.

1952 2339 2138 2396 Mundi
2192 2355 2338 2397 anno
2394 2340 2572 2407 6090,
2621 2340 2822 2396 divina:
2877 2341 3275 2399 incarnationis
3328 2345 3454 2413 590,

1877 2431 2247 2487 Romanorum
2284 2433 2581 2503 imperator
2623 2433 2950 2500 Mauricius,
3013 2449 3107 2490 rex
3156 2435 3451 2494 Persarum

1875 2522 2175 2590 Cbosroes,
2204 2525 2489 2580 Romanus
2524 2524 2841 2596 Gregorius,
2879 2525 3454 2599 Constantinopolita-

1877 2631 1980 2670 nus
2007 2615 2299 2686 Cyriacus,
2341 2615 2878 2688 llicrosolymitanus
2910 2618 3103 2686 Amos,
3128 2621 3453 2678 Alexandri-

1876 2721 1982 2762 nus
2017 2705 2280 2776 Eulogius
2315 2716 2369 2762 et
2398 2708 2776 2765 Autiocbenus
2819 2707 3148 2767 Anastasius
3181 2711 3458 2767 habentur

1876 2801 2172 2856 antistites.
2235 2801 2348 2856 Hoc
2397 2816 2567 2867 anno,
2622 2802 2836 2873 imperii
2884 2805 3145 2859 videlicet
3206 2804 3452 2860 Mauricii

1876 2903 2034 2950 sexto
2064 2894 2304 2961 decimo,
2335 2894 2556 2950 Priscus
2581 2909 2841 2966 egressus
2868 2906 3067 2968 praetor
3105 2897 3160 2952 in
3190 2897 3453 2954 Thracem

1879 2991 2111 3046 virtutes
2141 2992 2454 3046 numeravit
2479 2992 2778 3058 exercitus,
2803 3000 2860 3048 et
2884 2993 3094 3048 invenit
3116 2994 3265 3064 quod
3286 3010 3353 3050 ex
3377 2995 3456 3052 eis

1880 3083 2044 3137 fuerit
2077 3084 2372 3138 multitudo
2395 3093 2721 3154 consumpta
2754 3100 2863 3140 non
2899 3100 3090 3156 parva.
3133 3085 3230 3143 His
3271 3096 3455 3142 autem

198 3174 327 3231 Tmn
363 3189 570 3249 prmtor
603 3179 658 3232 in
691 3178 936 3236 furorem
989 3192 1182 3232 versus
1237 3177 1534 3233 destinavit
1561 3177 1775 3234 Geuzo-
1803 3201 1848 3264 Î¿
1880 3174 2117 3244 sumptis
2149 3176 2300 3231 venit
2335 3176 2401 3229 ad
2444 3175 2650 3231 flumen
2682 3175 2880 3231 Istrum
2913 3187 2966 3232 et
2993 3177 3192 3235 Novas.
3218 3177 3336 3244 Quo
3363 3194 3455 3234 co-

200 3285 314 3325 nem
350 3287 461 3325 una
495 3287 621 3326 cum
657 3272 1008 3327 multitudine
1043 3273 1302 3325 militum.
1333 3270 1434 3339 Qui
1465 3270 1567 3325 hoc
1601 3285 1771 3341 agno-

197 3371 405 3418 scentes
460 3363 833 3436 confugerunt
863 3366 917 3419 in
946 3363 1266 3429 ecclesiam,
1315 3371 1371 3418 et
1405 3363 1602 3418 clauso
1628 3362 1778 3418 ostio

201 3455 379 3524 templi
431 3458 882 3526 perseverabant.
944 3454 1130 3512 Gcnzo
1159 3471 1289 3511 vero
1335 3471 1434 3527 pro
1466 3457 1774 3511 reverentia

199 3550 376 3620 templi
420 3549 678 3604 inefï¬cax
722 3551 910 3607 rediit.
950 3549 1147 3607 Petrus
1198 3560 1383 3607 autem
1417 3551 1590 3607 iratus
1627 3550 1776 3606 Gen-

200 3654 384 3694 zonem
411 3657 440 3695 a
468 3650 715 3712 praetura
738 3643 989 3714 deponit,
1024 3653 1080 3700 et
1113 3645 1286 3700 misso
1318 3642 1592 3700 Scribonc
1615 3645 1776 3716 igno-

203 3733 429 3791 miniose
470 3736 539 3791 ad
565 3752 626 3794 se
649 3739 971 3809 episcopum
999 3738 1157 3809 jubet
1182 3738 1402 3795 adduci.
1433 3738 1604 3796 Porro
1628 3741 1778 3795 cives

201 3826 407 3882 collecti
441 3815 772 3886 Scribonem
827 3846 954 3886 cum
1004 3831 1274 3887 dedecore
1304 3831 1441 3887 urbe
1472 3830 1773 3902 depellunt,

202 3922 352 3991 ctijus
384 3925 663 3979 obseratis
703 3926 878 3996 portis
915 3925 1240 3981 Mauricium
1274 3925 1498 3996 quidem
1534 3923 1774 3994 impera-

203 4022 363 4067 torem
400 4015 660 4072 laudibus
691 4015 950 4083 eï¬‚'erunt,
974 4026 1264 4084 praetorem
1295 4026 1479 4089 autem
1508 4013 1777 4071 conviciis

202 4108 507 4176 ctnnulant;
541 4109 731 4179 sicque
784 4125 909 4165 cum
949 4111 1249 4181 opprobrio
1276 4110 1473 4166 Petrus
1516 4111 1646 4166 inde
1687 4125 1776 4165 re-

203 4201 380 4254 cessit.
412 4200 709 4256 Praztnittit
747 4210 1011 4274 prieterea
1046 4203 1196 4259 mille
1246 4203 1317 4258 ad
1356 4204 1778 4275 explorandum,

203 4293 290 4358 qui
330 4291 599 4364 Volgares
638 4305 1060 4367 consequuntur
1108 4312 1338 4352 numero
1370 4297 1539 4351 mille.
1574 4296 1774 4353 Verum

206 4382 464 4456 Vulgares
495 4386 581 4443 fisi
613 4403 779 4459 super
811 4403 946 4459 pace
979 4388 1215 4460 cbagani
1247 4391 1426 4445 securi
1458 4393 1773 4463 pergebant.

207 4473 433 4533 Rotnani
497 4490 682 4536 autem
736 4482 792 4535 in
823 4482 1094 4552 Vulgares
1159 4472 1421 4554 im'petum
1465 4484 1775 4553 faciebant;

1877 3267 2032 3337 gnito
2071 3267 2351 3336 cbaganus
2377 3267 2585 3336 legatos
2610 3269 2778 3334 misit,
2809 3283 3035 3325 causam
3069 3270 3241 3339 ipsius
3264 3270 3458 3327 scisci-

1877 3365 2027 3415 tatus
2061 3359 2353 3416 adventus.
2384 3359 2606 3416 Priscus
2641 3371 2824 3418 autem
2883 3362 3192 3418 venationis
3245 3378 3304 3419 se
3360 3380 3453 3419 ve-

1876 3450 2030 3506 nisse
2057 3465 2224 3507 causa
2250 3451 2543 3508 fatebatur.
2585 3452 2684 3509 Ast
2725 3453 3020 3526 Chaganus
3049 3472 3065 3511 :
3105 3454 3226 3510 Non
3245 3457 3455 3527 justum

1876 3553 1977 3612 est,
2011 3544 2210 3617 inquit,
2242 3546 2295 3600 in
2327 3547 2500 3601 alieno
2527 3547 2641 3603 loco
2676 3550 2877 3608 venari.
2912 3549 2954 3604 E
2996 3560 3188 3605 contra
3231 3551 3455 3608 Priscus

1879 3655 2041 3695 suum
2076 3640 2294 3697 dicebat
2323 3657 2446 3698 esse
2474 3643 2677 3708 locum,
2725 3653 2780 3700 ct
2821 3644 2870 3700 ei
2916 3643 3098 3716 fugam
3129 3659 3194 3700 ex
3232 3644 3456 3700 Oriente

1881 3733 2291 3805 impmperabat
2334 3737 2535 3807 egisse.
2588 3736 2867 3794 Barbarus
2916 3749 3094 3796 autem
3139 3738 3456 3809 Singidonis

1878 3841 2038 3880 nmro
2081 3828 2364 3884 destructo
2403 3828 2472 3899 ad
2509 3829 2887 3884 Romanorum
2926 3839 3129 3885 terram
3174 3829 3454 3900 profectus

1878 3926 1982 3973 est.
2011 3918 2129 3985 Quo
2154 3922 2371 3992 cognito
2403 3921 2628 3978 Priscus
2657 3925 2805 3978 venit
2836 3924 2903 3979 ad
2943 3924 3177 3979 insulam
3209 3922 3356 3989 lstri,
3390 3933 3444 3978 et

1879 4009 2239 4069 dromonibus
2267 4015 2500 4084 sumptis
2538 4014 2602 4069 ad
2634 4016 2952 4084 Cbaganum
2992 4016 3134 4085 apud
3177 4016 3455 4072 Constan-

1882 4105 2068 4159 tiolam
2095 4107 2267 4173 venit,
2299 4109 2486 4163 volens
2513 4122 2635 4161 cum
2675 4124 2740 4163 co
2769 4109 2934 4179 loqui.
2965 4108 3212 4180 Cumque
3252 4111 3453 4181 chaga-

1882 4217 1992 4256 nus
2024 4201 2092 4256 ad
2125 4217 2277 4259 oram
2311 4202 2552 4260 [lautitiis
2586 4204 2848 4268 venisset,
2885 4203 3106 4259 Priscus
3139 4205 3313 4260 tristis
3342 4204 3454 4276 (Î±á¼°Î¾á½¶)

1879 4312 2005 4350 cum
2033 4295 2352 4367 alloquitur.
2402 4297 2693 4369 Chaganus
2740 4306 2919 4352 autem
2968 4297 3110 4351 dixit
3162 4299 3229 4352 ad
3279 4313 3451 4352 cum:

1883 4388 2024 4454 Quid
2057 4390 2172 4454 tibi,
2208 4388 2412 4453 Prisce,
2439 4406 2500 4443 ac
2524 4401 2678 4444 terrm
2711 4391 2883 4445 metu?
2911 4406 2979 4444 an
3011 4398 3060 4443 et
3092 4389 3229 4443 hanc
3265 4391 3340 4443 vis
3364 4406 3455 4443 ac-

1881 4480 2049 4547 cipere
2095 4496 2186 4548 per
2227 4482 2562 4535 mendacium
2613 4497 2683 4536 ea:
2729 4481 2977 4536 manibus
3026 4482 3196 4538 meis?
3247 4482 3455 4552 judice!

207 4570 295 4639 qui
351 4573 587 4628 mittunt
637 4574 790 4629 viros
841 4582 1050 4646 septem
1107 4585 1530 4634 commoneutes
1585 4594 1772 4648 pacem
1801 4556 1855 4616 á¿™)
1888 4570 2026 4626 Deus
2056 4573 2193 4627 inter
2215 4590 2295 4628 me
2322 4582 2372 4629 et
2403 4572 2734 4628 Mauricium
2757 4575 3153 4642 imperatorem,
3186 4574 3455 4641 requirat-

210 4662 427 4719 minime
461 4663 897 4721 dissolvendam.
933 4663 1047 4722 Hos
1075 4666 1365 4725 audientes
1397 4669 1452 4724 bi
1501 4670 1596 4740 qui
1638 4685 1781 4741 prte-

208 4767 519 4822 currerunt,
552 4757 867 4829 significant
892 4759 1007 4815 haec
1031 4760 1289 4831 praelori;
1318 4762 1415 4832 qui
1454 4762 1595 4818 dixit
1625 4782 1639 4820 :
1669 4762 1780 4817 Nec

208 4848 250 4900 si
278 4849 569 4919 imperator
617 4854 839 4921 venerit,
892 4853 1019 4907 huic
1071 4869 1315 4923 parcam.
1376 4855 1781 4928 Congressione

207 4954 328 4996 vero
355 4943 484 4998 belli
533 4942 727 5000 eï¬‚ecta
788 4945 1019 5001 Romani
1057 4954 1368 5006 vertuntur.
1418 4946 1524 5003 Sed
1558 4947 1778 5003 barbari

205 5046 308 5088 non
350 5039 632 5108 persecuti
684 5048 816 5093 sunt
849 5055 964 5105 eos,
1020 5055 1092 5098 ne
1135 5040 1418 5097 vincentes
1467 5042 1772 5098 discrimen

208 5128 570 5188 incurrerent.
614 5133 781 5189 Porro
819 5146 1021 5205 praetor
1052 5133 1399 5190 taxiarcbum
1432 5150 1775 5206 praecurrcu~

208 5225 335 5277 tium
359 5223 676 5296 ï¬‚agellavit.
707 5227 771 5281 Et
801 5229 904 5283 hoc
934 5238 1219 5299 comperto
1258 5228 1538 5300 cltaganus
1563 5228 1773 5300 legatos

131 5388 134 5390 Î³
207 5315 270 5370 ad
329 5316 553 5374 Petrum
611 5319 870 5388 destinat,
928 5321 1297 5392 inceptionem
1358 5335 1653 5390 accusans,
1718 5330 1773 5377 et

210 5414 345 5482 quod
379 5411 613 5468 Romani
638 5415 760 5472 sine
784 5414 933 5485 justa
969 5429 1133 5470 causa
1162 5429 1352 5486 pacem
1383 5413 1774 5470 dissolverent.

1878 4681 1978 4736 que
2031 4667 2338 4736 sanguinem
2386 4666 2649 4721 exercitus
2698 4665 3060 4721 Romanorum
3097 4675 3147 4721 et
3185 4668 3453 4720 exercitus

1879 4761 1984 4814 mei
2007 4759 2070 4815 de
2094 4762 2337 4815 manibus
2370 4761 2506 4832 ejus.
2553 4761 2596 4816 E
2648 4771 2839 4816 contra
2899 4759 3125 4816 Priscus
3156 4777 3170 4814 :
3201 4760 3456 4831 Singulo-

1879 4870 2019 4922 nent,
2056 4853 2256 4924 inquit,
2290 4854 2555 4908 civitatem
2591 4852 2748 4908 redde
2781 4851 3058 4908 Romanis.
3092 4854 3193 4920 Qui
3221 4857 3336 4907 ait:
3376 4851 3454 4907 Tu

1879 4965 2043 5002 unam
2062 4948 2329 5004 civitatem
2350 4948 2546 5004 anobis
2565 4948 2782 5002 conaris
2807 4949 3042 5019 accipere
3073 4965 3091 5004 :
3118 4948 3312 5003 videbis
3337 4960 3452 5020 post

1881 5043 2162 5112 paululum
2192 5043 2572 5112 quinquaginta
2614 5042 2856 5096 civitates
2886 5039 3153 5096 Romanas
3188 5041 3451 5096 Avaribus

1882 5136 2131 5189 servitute
2157 5135 2424 5188 redactas.
2455 5135 2678 5191 Priscus
2706 5142 2888 5191 autem
2915 5136 3148 5190 navibus
3169 5134 3451 5207 Singidoni

1883 5243 1982 5298 per
2023 5243 2239 5282 amnem
2272 5227 2534 5292 exhibit-is
2569 5227 2710 5284 banc
2758 5228 3122 5301 depopulatus
3151 5240 3270 5294 cst,
3303 5240 3360 5284 et
3388 5244 3452 5283 ex

1881 5333 1945 5374 ea
1978 5316 2244 5390 Vulgares
2282 5320 2513 5390 pepulit.

1957 5410 2200 5483 Septimo
2231 5412 2445 5468 decimo
2481 5411 2696 5483 imperii
2720 5409 2962 5466 Mauricii
2995 5426 3139 5467 anno
3162 5423 3453 5466 coacerva-

1703 5507 1941 5565 NOTIE.

274 5609 385 5678 (40)
414 5608 822 5680 Satisfaciebat.
854 5607 1060 5680 Glossm
1086 5625 1100 5663 :
1127 5608 1414 5678 á¼€Ï€Î¿Î»Î¿Î³á½·Î±,
1470 5609 1768 5672 excusatio.

210 5682 470 5750 purgatio,
521 5678 1041 5750 satisfactiotï¬‚iuc
1100 5681 1548 5750 satisfactionalis
1607 5682 1767 5749 liber,

209 5742 622 5820 á¼†Ï€Î¿á¿–Î¿Î³Î·á½²Î¹Îºá½¹Ï‚.
657 5742 796 5805 Hist.
844 5749 992 5823 Trip.
1031 5767 1109 5813 Î¹Ï‡,
1138 5742 1227 5806 Îžá¿¦.
1259 5753 1350 5806 Sic
1375 5742 1767 5823 Hieronymum

212 5824 401 5882 alicubi
459 5823 709 5893 posuisse
771 5822 1160 5892 satisfacientes
1200 5837 1299 5893 pro
1343 5833 1654 5878 excusantes
1713 5839 1769 5878 se

211 5902 358 5950 notat
401 5895 469 5949 il.
508 5892 731 5951 Grotius
781 5895 835 5949 in
875 5892 1227 5952 Discussione
1262 5893 1536 5953 Rivetiani
1566 5893 1768 5965 Apolo-

1875 5607 2060 5678 getici,
2090 5623 2145 5678 p.
2171 5606 2262 5662 8'5.
2293 5603 2459 5662 Fass.

1951 5670 2064 5751 (41)
2090 5670 2570 5751 'lmportaaitibus.
2612 5673 2735 5746 Ipse
2766 5673 2819 5730 in
2850 5671 3128 5751 liypomn.
3159 5671 3226 5751 de
3250 5670 3449 5751 August.

1877 5741 2068 5821 apocr'.
2093 5765 2116 5821 :7
2149 5768 2168 5801 Î¹
2193 5741 2330 5821 Cum
2364 5746 2534 5821 illatis
2584 5741 2804 5821 quoque
2850 5741 2957 5802 illis
3010 5741 3453 5815 importabilibus

1876 5814 2326 5877 tribulationibus
2365 5820 2576 5874 retulit.
2603 5814 2630 5868 â€œâ€º
2676 5814 2749 5874 in.

1947 5891 2060 5964 (42)
2088 5893 2295 5948 Tristis.
2335 5889 2382 5944 E
2412 5902 2545 5948 rate.
2564 5889 2641 5950 ï¬t.
