4034 6298
562 354 709 425 I287.

1652 352 2051 415 ANASTASII
2106 348 2740 414 BIBLIOTHECARII

3683 348 3833 413 1238

557 477 632 531 tis
685 471 964 544 chagauus
998 469 1371 543 potentatibus
1403 469 1519 524 suis
1569 468 1621 522 in
1653 467 1975 524 Dalmatiam
2013 485 2139 539 pro-
2169 478 2213 532 Α
2244 470 2614 537 imperatorem
2668 465 2996 521 Mauricium
3025 481 3042 518 :
3074 463 3179 533 ipse
3222 464 3431 535 quidem
3484 479 3664 533 pacem
3702 466 3831 519 dis-

559 574 735 637 perat,
769 572 823 617 et
852 579 981 619 cum
1018 565 1260 619 venisset
1303 561 1542 627 Balcam,
1595 563 1959 633 quadraginta
1993 579 2136 633 quo-

556 673 665 729 que
686 656 960 720 civitates,
994 672 1116 726 quat
1134 657 1281 711 circa
1322 671 1441 709 eam
1477 666 1626 720 sunt,
1661 672 1856 711 omnes
1895 658 2137 727 depopu—

558 750 707 805 latus
770 758 877 804 est.
934 747 1147 815 Quibus
1214 747 1440 803 Priscus
1498 748 1696 819 agnitis
1758 748 2010 803 Gttdohin
2069 749 2136 802 ad

556 842 990 913 explorationem
1050 842 1126 895 rei
1152 840 1373 895 direxit.
1404 840 1506 907 Qui
1569 841 1623 895 in
1660 841 1801 895 valle
1829 841 2140 896 occultatur

564 935 789 1006 pusilla,
821 934 1143 989 ctdilttcuio
1195 936 1248 989 in
1290 934 1455 989 dorsa
1489 948 1680 988 eorum
1722 934 1955 989 ell‘ectns
1994 934 2140 989 illico

562 1038 795 1082 cunctos
841 1027 1097 1097 peremit,
1157 1035 1212 1082 ct
1247 1038 1526 1098 acceptam
1574 1028 1813 1098 przedam
1866 1029 2023 1084 duxit
2073 1030 2141 1086 ad

563 1116 836 1174 Priscum.
893 1115 1064 1174 Porro
1103 1119 1386 1189 chaganus
1429 1121 1737 1175 infortunio
1765 1131 2049 1191 comperto
2085 1124 2141 1177 in

558 1211 837 1281 regionem
866 1226 1026 1267 suam
1056 1227 1319 1267 reversus
1348 1221 1457 1279 est,
1481 1220 1537 1268 et
1562 1212 1784 1269 Priscus
1806 1217 1871 1269 ad
1898 1215 2141 1286 propria.

635 1300 825 1357 Mundi
852 1318 997 1358 anno
1010 1303 1174 1368 6092,
1196 1305 1395 1359 divinae
1424 1304 1823 1361 incarnationis
1852 1323 1996 1362 anno
2016 1308 2142 1371 599.,

563 1392 869 1463 imperante
914 1394 1178 1451 Mauricio
1218 1394 1285 1450 18
1325 1411 1493 1464 011110,
1566 1398 1802 1468 sumptis
1848 1400 2143 1457 virtutibus

558 1483 787 1543 Priscus
832 1484 1190 1556 Singidonem
1248 1490 1445 1543 venit:
1503 1488 1786 1559 cbaganus
1830 1507 1961 1553 vero
2012 1508 2147 1548 con-

559 1589 786 1651 gregato
836 1580 1060 1651 proprio
1111 1590 1396 1653 potentatu
1427 1583 1616 1639 subito
1659 1582 1844 1656 Mysiae
1883 1586 2061 1651 adest,
2090 1597 2147 1642 et

559 1670 819 1729 'l‘omeam
853 1675 1044 1729 urbem
1083 1690 1285 1746 capere
1344 1676 1563 1731 nititur.
1596 1676 1890 1749 Propterea
1921 1678 2146 1736 Priscus

562 1765 864 1838 Singidone
913 1768 1109 1822 relicta
1161 1767 1293 1824 huic
1346 1768 1583 1825 eﬂlcitur
1640 1771 1950 1839 proximus.
2005 1774 2141 1827 Cum

556 1867 737 1914 autem
780 1860 1062 1930 paschalis
1118 1860 1392 1917 festivitas
1449 1862 1747 1917 haberetur
1805 1875 1857 1918 et
1904 1863 2141 1919 Romani

559 1949 703 2005 fame
732 1952 1099 2017 tabescerent,
1122 1951 1357 2008 audiens
1402 1952 1684 2025 chaganus
1709 1952 1899 2010 Prisco
1933 1956 2147 2027 signiti-

558 2044 719 2098 cabat
757 2052 817 2097 ut
848 2044 952 2098 sibi
988 2044 1236 2115 plaustra
1280 2044 1521 2100 mitteret
1563 2045 1630 2101 ad
1660 2047 1996 2118 deportanda
2034 2050 2147 2104 illis

558 2136 843 2203 alimenta,
875 2146 1154 2207 quatenus
1184 2154 1306 2192 cum
1337 2138 1613 2193 hilaritate
1641 2139 1990 2197 festivitatem
2021 2158 2149 2214 pro-

562 2227 737 2301 priam
782 2231 1148 2286 celebrarent.
1196 2232 1265 2287 40
1319 2232 1504 2303 itaque
1557 2234 1801 2305 plaustra
1848 2236 2008 2307 plena
2059 2238 2145 2293 his

560 2320 747 2377 mittit.
772 2322 895 2378 Pari
930 2324 1094 2378 modo
1138 2332 1193 2379 et
1241 2323 1465 2382 Priscus
1506 2328 1724 2395 species
1763 2327 1981 2385 1111110118
2020 2330 2148 2384 bar-

562 2416 699 2472 baro
752 2416 1018 2487 quasdam
1056 2417 1289 2482 remisit,
1343 2418 1499 2490 piper
1539 2420 1796 2477 videlicet
1838 2431 1893 2478 et
1951 2421 2145 2477 lolium

560 2509 806 2564 Indicum
857 2518 912 2565 et
945 2519 1163 2565 costum
1216 2520 1271 2566 et
1318 2513 1556 2567 cassiam
1622 2522 1787 2585 atque
1831 2515 1935 2569 alia
1967 2530 2031 2570 ex
2066 2516 2149 2573 his

557 2618 681 2674 qua
716 2612 1058 2673 quaeruntur,
1085 2617 1210 2657 cum
1277 2603 1569 2675 Chaganus
1599 2607 1738 2677 apud
1769 2607 2030 2663 Sirmium
2059 2624 2150 2663 re-

558 2694 795 2749 sideret.
822 2693 927 2761 Qui
958 2695 1196 2764 receptis
1228 2694 1311 2750 his
1379 2700 1604 2767 gavisus
1627 2706 1711 2753 est
1741 2714 1907 2770 super
1938 2702 2057 2765 eis;
2085 2703 2151 2767 iet

558 2788 734 2840 donec
768 2785 1137 2854 compleretur
1164 2785 1283 2841 dies
1310 2784 1503 2853 festus,
1544 2788 1777 2843 Ruinani
1808 2804 1871 2844 ac
1906 2788 2139 2845 Barbari

563 2876 773 2947 pariter
804 2876 1159 2941 habitabant,
1191 2886 1245 2932 ct
1274 2892 1381 2932 non
1416 2887 1538 2933 erat
1566 2880 1619 2933 in
1652 2880 1941 2950 utriusque
1974 2882 2147 2935 virtu-

565 2970 716 3026 tibus
749 2969 933 3025 timor.
960 2970 1208 3041 Cumque
1237 2970 1433 3027 l‘uisset
1465 2971 1582 3027 dies
1614 2973 1789 3029 festus
1812 2974 2143 3045 completus,

563 3061 789 3118 Barbari
826 3064 1068 3134 separati
1101 3074 1232 3120 sunt
1263 3079 1291 3118 a
1325 3064 1614 3134 Romanis,
1647 3075 1704 3120 et
1734 3064 2018 3136 Drizipera
2056 3083 2146 3123 ve-

2241 562 2420 623 solrit,
2457 577 2548 630 ego
2584 576 2700 613 vero
2729 559 2961 628 captivos
2989 558 3036 611 ei
3057 556 3241 622 reddo,
3264 572 3357 624 per
3385 573 3552 609 unam
3580 559 3829 611 animans

2241 670 2404 707 unum
2444 656 2710 708 numismu
2740 663 3079 723 percepturus
3111 652 3175 704 ab
3195 667 3277 707 eo.
3305 651 3603 706 Mauricius
3633 658 3830 703 autem

2244 750 2295 803 id
2326 749 2459 803 dare
2487 750 2711 802 minime
2743 762 2938 818 passus
2971 754 3075 801 est.
3103 746 3305 801 lterum
3352 746 3636 815 cltaganus
3664 746 3833 816 petiit

2244 856 2340 911 per
2368 842 2613 910 singulas
2646 841 2862 895 animas
2897 838 3186 893 dimidium
3228 837 3476 909 accipere
3506 854 3831 894 nummum.

2244 931 2342 986 Ast
2376 934 2674 1001 imperator
2710 945 2810 985 nec
2842 931 2924 985 sic
2962 929 3096 985 dare
3140 932 3441 996 consensit,
3492 930 3587 987 sed
3623 946 3730 986 nec
3772 931 3833 985 111

2245 1033 2485 1089 quatuor
2541 1021 2795 1092 accipere
2825 1022 3066 1092 siliquis.
3103 1022 3262 1077 Tunc
3314 1024 3597 1094 cbaganus
3635 1024 3836 1080 1⁵111010

2246 1123 2559 1169 commotus
2588 1130 2784 1169 omnes
2807 1115 3031 1180 occidit,
3064 1124 3121 1171 et
3143 1116 3207 1170 ad
3249 1115 3473 1185 propria
3502 1116 3669 1171 rediit
3700 1132 3832 1170 cum

2245 1208 2645 1279 quinquaginta
2678 1210 2850 1263 millia
2889 1222 3186 1265 aureorum
3214 1209 3389 1279 pactis
3420 1208 3688 1263 Romanis
3725 1207 3838 1261 1111-

2246 1300 2546 1369 posuisset.
2578 1299 2720 1366 Quin
2756 1310 2810 1355 et
2844 1301 3047 1354 Istrum
3081 1301 3284 1356 llurnen
3320 1316 3429 1356 non
3471 1315 3531 1356 se
3563 1302 3838 1357 transitu-

2250 1406 2369 1445 rtnn
2402 1388 2688 1460 professus
2735 1402 2840 1446 est.
2874 1390 2947 1445 Ex
2985 1392 3090 1447 hoc
3127 1394 3312 1463 itaque
3358 1392 3592 1448 multum
3633 1402 3838 1449 contra

2248 1481 2638 1553 imperatorem
2672 1480 2998 1537 Mauricium
3031 1492 3370 1539 commotum
3419 1493 3502 1538 est
3535 1485 3752 1552 odium,
3782 1491 3841 1539 et

2248 1581 2539 1642 coeperunt
2590 1572 2736 1628 hunc
2787 1574 3062 1643 subjicere
3093 1574 3421 1630 maledictis.
3465 1574 3739 1631 Similiter
3781 1584 3840 1632 et

2249 1665 2485 1735 populus
2545 1666 2687 1737 apud
2725 1664 2997 1723 Thracem
3057 1668 3123 1723 ad
3175 1670 3423 1725 convicia
3474 1670 3839 1741 imperatoris

2250 1768 2564 1817 commotus
2597 1770 2703 1817 est.
2738 1759 3031 1817 Exercitus
3061 1772 3242 1817 autem
3282 1774 3677 1834 procuratores
3719 1766 3839 1837 (113)

2252 1852 2320 1906 1111
2352 1850 2742 1923 imperatorem
2770 1864 2965 1909 contra
2995 1853 3401 1909 Cornentiolunt
3432 1855 3658 1924 direxit,
3683 1859 3840 1927 quod

2249 1945 2619 2017 proditionem
2649 1947 2703 2002 in
2731 1946 2921 2016 praelio
2953 1946 3167 2009 fecerit.
3192 1948 3335 2003 inter
3359 1964 3498 2018 quos
3520 1958 3640 2004 erat
3663 1950 3840 2005 etiam

2248 2039 2485 2102 Phocas.
2521 2041 2613 2110 qui
2656 2041 3050 2112 imperatorem
3094 2041 3371 2097 allocutus
3416 2045 3672 2099 severius
3706 2044 3841 2101 huic

2250 2130 2303 2186 in
2336 2132 2571 2187 cencilio
2605 2133 3045 2199 contradicebat,
3084 2133 3161 2188 ita
3193 2142 3253 2188 ut
3298 2131 3523 2209 quidam
3552 2148 3620 2189 ex
3659 2134 3842 2205 patri-

2249 2225 2353 2282 ciis
2395 2226 2543 2280 hunc
2575 2228 2732 2297 alapa
2772 2235 3085 2295 percuteret
3117 2235 3171 2283 et
3201 2226 3429 2283 barbam
3467 2226 3644 2299 ipsius
3680 2228 3842 2285 evel—~

2250 2317 2407 2373 leret.
2437 2317 2633 2373 Verum
2667 2320 2969 2388 imperator
2992 2336 3100 2376 non
3148 2320 3396 2392 suscepit
3420 2321 3691 2377 adversus
3728 2320 3842 2375 Co-

2250 2412 2572 2466 mentiolum
2606 2414 2794 2482 p0puli
2817 2412 3244 2482 querimoniam,
3266 2414 3362 2469 sed
3387 2413 3489 2470 bos
3520 2414 3840 2471 inellicaces

2249 2503 2530 2570 deseruit;
2574 2517 2796 2576 propter
2831 2506 2978 2577 quod
3005 2515 3060 2563 et
3082 2506 3409 2563 insidiarum
3440 2509 3496 2563 in
3524 2507 3838 2581 principem

2248 2597 2538 2653 exordium
2571 2600 2830 2653 sumitur.
2858 2600 3127 2655 Praeterea
3151 2614 3249 2671 per
3278 2600 3420 2655 idem
3446 2608 3664 2672 tempus
3688 2602 3837 2672 apud

2252 2684 2550 2756 rEgyptum
2586 2686 2639 2741 in
2666 2687 2789 2743 Nilo
2823 2686 3070 2755 ﬂumine,
3099 2680 3256 2745 Mena
3289 2691 3548 2760 praefecto
3572 2708 3682 2746 una
3710 2708 3837 2749 cmn

2250 2780 2456 2849 populo
2488 2780 2879 2837 deambulante
2903 2782 2957 2836 in
2988 2781 3109 2837 loco
3137 2784 3230 2853 qui
3261 2783 3415 2839 Delta
3458 2795 3839 2857 nuncupatur,

2252 2874 2367 2928 sole
2390 2882 2513 2928 orto
2550 2874 2805 2929 animalia
2850 2875 3104 2931 humana:
3145 2877 3336 2933 formae
3366 2889 3748 2950 apparuerunt
3783 2880 3837 2935 111

2252 2961 2499 3029 ﬂumine,
2536 2966 2620 3018 vir
2648 2965 2863 3021 scilicet
2893 2974 2946 3021 et
2972 2966 3191 3022 mulier.
3230 2967 3298 3021 Et
3338 2968 3423 3022 vir
3458 2970 3678 3039 quidem
3720 2978 3840 3025 erat

2256 3063 2577 3126 pectorosus
2602 3056 2865 3127 vultuque
2904 3057 3191 3125 terribilis,
3235 3058 3352 3113 rufa
3378 3073 3537 3115 coma
3568 3061 3842 3132 canisque

565 3153 780 3211 nientes
798 3155 1079 3212 civitatem
1109 3156 1427 3228 depopulati
1455 3167 1602 3224 sunt,
1636 3167 1691 3214 et
1714 3160 1890 3213 sancti
1909 3160 2149 3215 Alexan-
2173 3176 2219 3239 ρ
2257 3149 2556 3217 βεηυίδῑίει
2580 3157 2633 3206 ει
2665 3165 2839 3221 usque
2862 3149 2929 3204 ad
2963 3150 3181 3208 lumbos
3204 3150 3520 3207 deﬂlldallal
3551 3161 3836 3221 ηαιιιηηιο

561 3243 652 3301 (111
705 3246 999 3302 ecclesiam
1059 3247 1444 3315 incenderunt,
1490 3249 1914 3321 sepulcrumque
1963 3250 2138 3318 ipsius

568 3346 773 3394 tectum
810 3349 1038 3410 argento
1066 3351 1343 3411 repertum
1375 3340 1713 3413 despoliant,
1736 3343 1827 3398 sed
1851 3354 1903 3398 et
1928 3343 2149 3413 injuriis

562 3446 783 3502 quoque
820 3447 1022 3503 corpus
1064 3434 1326 3505 martyris
1353 3434 1673 3498 allicientes,
1712 3435 2053 3505 multamque
2094 3437 2150 3492 in

561 3514 776 3579 Thrace
826 3524 1064 3593 praedam
1090 3536 1401 3599 captantes,
1434 3530 1804 3600 epulabantur
1838 3531 2148 3601 splendide,

567 3625 761 3672 contra
812 3615 1095 3676 Romanos
1143 3620 1295 3677 elati.
1346 3622 1598 3693 Cumque
1635 3622 2016 3695 Comentiolus
2058 3641 2151 3680 ve-

562 3708 741 3766 nisset
768 3710 1118 3783 Byzantium,
1179 3714 1417 3769 tnaxima
1450 3716 1570 3770 urbi
1610 3718 1851 3772 turbatio
1890 3729 1943 3773 et
1978 3726 2150 3773 1081118

564 3801 842 3871 incubuit,
876 3803 950 3858 ita
982 3812 1041 3858 ut
1073 3805 1270 3862 timore
1304 3806 1511 3863 detenti
1550 3808 1848 3864 consilium
1888 3819 2151 3881 caperent

565 3890 844 3964 Europam
905 3895 1197 3953 deserendi
1248 3907 1302 3955 et
1334 3898 1388 3954 in
1416 3899 1604 3955 Asiam
1649 3908 1704 3957 et
1750 3900 2152 3958 Chalcedonem

568 3984 863 4056 migrandi.
894 3986 1040 4056 Quin
1077 3997 1132 4046 et
1166 3989 1464 4061 imperator
1513 3993 1938 4048 excubitoribus
1974 4008 2153 4048 arma-

566 4085 733 4149 toqne
761 4089 817 4135 et
853 4081 1030 4138 electo
1079 4098 1257 4139 cuneo
1295 4092 1515 4157 sumpto
1551 4103 1740 4143 muros
1773 4085 1992 4158 Longos
2032 4102 2153 4141 tnu-

568 4172 728 4229 nivit.
750 4171 960 4246 Vulgus
997 4183 1181 4232 autem
1213 4178 1405 4235 urbem
1431 4179 1803 4246 custodiebat,
1836 4188 1891 4237 et
1921 4188 2152 4235 senatus

565 4270 955 4326 commonebat
975 4270 1365 4342 imperatorem
1387 4273 1713 4345 legationem
1736 4273 1804 4327 ad
1844 4272 2152 4342 chaganum

568 4360 848 4418 mittendi.
874 4360 1018 4418 Deus
1040 4375 1221 4420 autem
1247 4364 1542 4422 vindictam
1569 4368 1831 4439 martyris
1856 4365 2152 4423 Alexandri

571 4452 781 4511 faciens
814 4457 1165 4527 pestilentem
1204 4459 1525 4531 languorem
1555 4459 1818 4516 Barbaris
1849 4460 2057 4527 intulit,
2100 4472 2156 4517 et

2254 3254 2307 3298 et
2352 3244 2573 3299 cunctis
2623 3245 3114 3302 demonstrabatur
3144 3245 3354 3314 nudus.
3403 3249 3609 3317 reliqua
3650 3257 3841 3306 antem

2256 3338 2505 3408 corporis
2564 3339 2808 3393 membra
2877 3338 3226 3413 cooperiebat
3272 3355 3435 3411 aqua.
3492 3342 3655 3397 lluuc
3702 3358 3844 3413 pra:-

2256 3433 2431 3487 fertus
2454 3431 2856 3501 adjuramcntis
2881 3410 3218 3488 constrinxit
3241 3449 3309 3490 ne
3328 3410 3648 3491 destrueret
3673 3410 3846 3507 aspc-

2254 3535 2401 3581 ctum
2454 3526 2773 3596 priusquam
2814 3542 3008 3582 omnes
3060 3524 3233 3582 saturi
3270 3528 3464 3584 tierent
3496 3527 3600 3582 hoc
3656 3528 3846 3596 inopi-

2256 3628 2385 3674 nato
2416 3620 2755 3689 spectaculo.
2789 3618 2959 3675 Porro
2993 3620 3192 3675 mulier
3230 3628 3284 3676 et
3345 3622 3615 3677 mamillss
3677 3621 3846 3676 liabe-

2271 3710 2363 3765 bat
2392 3720 2447 3765 et
2485 3710 2779 3765 femineum
2824 3712 3034 3765 vultum
3075 3712 3437 3781 casariesque
3476 3713 3744 3782 prolixos.
3783 3710 3845 3764 Et

2258 3804 2325 3860 ad
2364 3805 2551 3859 horam
2592 3821 2793 3861 nonam
2820 3805 3003 3861 omnis
3032 3806 3269 3877 populus
3301 3806 3627 3870 mirabatur,
3645 3804 3844 3859 videns

2256 3897 2374 3952 haec
2422 3897 2751 3962 animantia,
2795 3914 3027 3969 quazque
3057 3899 3192 3955 11010
3228 3913 3372 3953 1101111
3412 3899 3465 3952 111
3508 3897 3710 3953 ﬂumen
3753 3897 3847 3951 de-

2258 4004 2441 4046 mersa
2468 3997 2621 4046 sunt.
2652 3987 2797 4045 Sane
2826 3988 3012 4047 Menas
3056 3990 3378 4063 imperatori
3428 3992 3542 4047 haec
3575 3990 3843 4047 Mauricio

2257 4085 2473 4141 scribit.

2330 4180 2515 4235 Mundi
2541 4195 2688 4236 anno
2714 4179 2875 4247 6095,
2893 4179 3091 4235 divinae
3118 4178 3519 4235 incarnationis
3545 4194 3691 4235 anno
3714 4178 3841 4238 593.

2256 4273 2473 4345 imperii
2494 4290 2622 4330 vero
2642 4272 2889 4329 Mauricii
2916 4273 2981 4327 19
3004 4288 3147 4328 011110
3169 4271 3423 4328 1118001118
3447 4271 3845 4344 Hierosolymis

2260 4367 2496 4424 habetur
2536 4368 2790 4423 antistes.
2836 4365 2933 4423 Die
2983 4376 3165 4420 autem
3214 4363 3459 4421 Pasehae
3500 4364 3705 4437 Sophia
3738 4367 3844 4420 Au-

2261 4469 2437 4531 gusta,
2477 4475 2615 4515 uxor
2643 4457 2871 4526 Justini,
2902 4475 3012 4514 una
3042 4475 3167 4514 cum
3200 4458 3563 4515 Constantina
3595 4458 3842 4514 Mauricii

569 4546 627 4603 in
660 4562 769 4603 uno
802 4521 894 4604 die
923 4557 1130 4618 septem
1177 4521 1330 4607 tilio;
1364 4552 1596 4621 chagani
1628 4567 1721 4622 per
1749 4550 1948 4606 febrim
1988 4521 2155 4607 etin-
2186 4521 2236 4581 θ
2262 4521 2503 4623 conjuge
2540 4561 2775 4607 stemma
2825 4560 3211 4609 constructum
3260 4552 3566 4607 attulerunt
3609 4552 3844 4623 impera-

570 4640 883 4715 guinariam
916 4643 1228 4713 passionem
1255 4644 1481 4711 occidit,
1518 4660 1624 4699 una
1658 4660 1783 4700 cum
1816 4646 1943 4700 aliis
1978 4645 2155 4701 turbis

572 4730 785 4798 multis,
818 4714 898 4787 ita
948 4743 1008 4787 ut
1048 4748 1150 4804 pro
1188 4733 1506 4806 triumphali
1554 4735 1779 4807 gaudio,
1817 4735 2156 4793 carminibus

573 4838 641 4882 00
662 4824 895 4881 canticis
925 4824 1350 4884 lamentationes
1371 4836 1428 4885 et
1451 4828 1723 4901 lacrymas
1748 4844 1816 4886 ac
1833 4830 2015 4887 luctus
2036 4832 2157 4888 sine

572 4917 958 4974 consolatione
988 4916 1270 4975 Barbarus
1298 4920 1633 4992 possideret.
1665 4922 1737 4977 At
1765 4938 1897 4979 vero
1930 4931 2155 4980 senatus

574 5009 802 5081 rogabat
848 5010 1122 5069 Cesarem
1178 5012 1508 5085 legationem
1558 5015 1627 5072 ad
1684 5017 1991 5090 cltaganum
2026 5019 2157 5074 mit-

575 5103 749 5160 tendi.
778 5105 1078 5176 Imperator
1106 5115 1290 5162 autem
1319 5108 1708 5166 Armatzonem
1743 5109 1895 5168 misit
1926 5111 1991 5167 ad
2023 5111 2157 5167 cha-

575 5208 777 5266 ganunt
809 5210 933 5251 cum
970 5197 1293 5253 muneribus
1315 5200 1505 5257 multis
1527 5199 1831 5272 Drizipera,
1852 5202 1947 5273 qui
1972 5201 2155 5258 verbis

577 5286 807 5346 mitibus
836 5288 1120 5346 blanditur
1146 5291 1474 5348 Barbarum.
1508 5293 1579 5348 At
1620 5294 1713 5352 ille
1754 5296 1977 5353 nolebat
2009 5294 2155 5352 dona

576 5380 884 5451 suscipere,
916 5382 1156 5440 lamento
1186 5384 1523 5441 intolerabili
1580 5388 1815 5444 ﬁliorum
1853 5388 2106 5445 detentus
2135 5404 2151 5442 :

579 5474 797 5533 dicebat
821 5477 966 5533 enim
997 5477 1064 5534 ad
1100 5479 1338 5551 legatum
1377 5470 1389 5535 Ξ
1417 5480 1633 5537 Judiret
1667 5483 1803 5539 Deus
1836 5484 1975 5539 inter
1999 5502 2077 5541 me
2097 5495 2149 5541 et

2256 4646 2385 4699 tori.
2426 4643 2531 4712 Qui
2568 4643 2669 4699 hoc
2697 4644 3070 4715 contemplato
3100 4658 3333 4715 pergens
3378 4642 3436 4697 in
3462 4643 3756 4699 ecclesiam
3792 4642 3844 4695 id

2255 4733 2453 4789 obtulit
2485 4734 2615 4797 Deo,
2645 4748 2811 4803 supra
2845 4742 3094 4789 sanctam
3128 4747 3374 4789 mensam
3406 4730 3753 4804 suspendens
3779 4732 3830 4786 in

2260 4827 2572 4898 triplicibus
2604 4826 2875 4883 catenulis
2905 4826 3180 4898 lapidibus
3207 4832 3261 4882 et
3291 4840 3429 4882 auro
3455 4826 3755 4881 contextis.
3780 4826 3845 4879 At

2258 4906 2391 4975 vero
2418 4920 2681 4989 Augustae
2712 4917 2820 4975 hoc
2845 4927 3128 4990 comperto
3168 4918 3399 4975 1118101111
3428 4926 3557 4974 811111
3587 4917 3764 4984 valde,
3793 4926 3845 4972 et

2264 5015 2318 5072 in
2340 5013 2524 5084 jurgio
2549 5011 2815 5070 adversus
2836 5013 3222 5084 imperatorem
3255 5011 3616 5069 Constantina
3654 5012 3843 5069 festum

2262 5112 2408 5167 diem
2460 5108 2587 5163 fecit
2631 5108 2903 5181 Angusta.
2956 5106 3089 5163 Cum
3142 5114 3324 5162 autem
3384 5121 3491 5161 non
3543 5106 3844 5160 attenderct

2266 5203 2571 5273 imperator
2593 5199 2855 5270 querelas
2867 5198 3187 5252 militiarum
3207 5196 3261 5251 in
3280 5194 3495 5251 Thrace
3521 5194 3840 5266 positarum,

2266 5296 2468 5351 iterum
2521 5291 2903 5349 Comentiolus
2956 5290 3255 5358 assumptis
3304 5288 3532 5345 armatis
3577 5287 3727 5343 venit
3780 5292 3843 5340 ad

2260 5390 2486 5454 Istrum,
2517 5396 2574 5445 et
2621 5387 2807 5443 unitur
2834 5384 3026 5441 Prisco
3061 5380 3203 5454 apud
3245 5380 3625 5452 Singidonem,
3651 5389 3709 5437 et
3737 5380 3843 5436 sol-

2262 5486 2409 5539 vitur
2443 5497 2547 5553 pax
2579 5495 2702 5552 quae
2748 5478 2815 5535 ad
2867 5478 3073 5534 Avares
3114 5486 3253 5532 erat.
3297 5475 3415 5541 Qua
3456 5476 3723 5533 dissoluta
3758 5489 3843 5527 ve-

2115 5620 2325 5677 ΝΟΤᾸΞ
2336 5660 2349 5673 .

656 5752 771 5826 (ιό)
807 5752 1208 5827 Procuratores.
1256 5756 1711 5827 Ἐντολικαρίους.
1768 5758 1919 5814 110110
1950 5732 1953 5735 Ι
1980 5775 2169 5816 vocem

584 5823 873 5881 observavi
907 5826 962 5881 111
991 5828 1219 5887 epistola
1257 5830 1492 5895 quadam
1527 5823 1649 5889 una:
1677 5840 1857 5886 exstat
1884 5832 1937 5885 in
1970 5833 2161 5887 conci-

2282 5761 2356 5815 lio
2392 5757 2693 5829 Ephesiae.
2724 5755 2865 5829 llinc
2886 5754 3135 5829 ξντολ1κά
3162 5754 3414 5829 mandata
3438 5767 3531 5809 seu
3582 5761 3838 5826 11010ορ10

2272 5846 2390 5890 qua:
2422 5824 2697 5900 principes
2731 5828 2867 5883 dant
2894 5825 3085 5897 legatis
3110 5826 3251 5882 suis.
3292 5824 3458 5879 Faue.
