4034 6298
286 324 426 389 1289

1070 328 1437 391 HISTORIA
1485 288 2066 393 ECCI.ESIASTICA
2104 331 2209 392 sx
2241 332 2720 401 THEOPHANB.

3402 341 3549 410 1290

286 438 449 493 niunt
481 454 534 493 in
569 436 959 505 Biminacium,
995 441 1140 509 quod
1172 452 1255 498 est
1289 444 1468 498 insula
1500 457 1695 515 magna
1718 440 1865 497 lstri.
1897 447 1945 502 Α
1977 445 2253 503 redimens
2287 464 2431 516 eam,
2460 450 2717 521 expedire
2761 449 3031 520 judicavit
3065 452 3119 509 in
3153 453 3256 508 hac
3283 454 3397 510 vlta
3428 471 3549 526 pas-

283 526 496 594 Quibus
550 529 752 585 auditis
806 529 1127 601 chaganus,
1182 532 1429 589 collectis
1488 533 1865 603 potentatibus

281 623 430 688 suis,
476 620 546 677 ad
582 620 849 678 .Romana
905 639 1033 679 rura
1082 628 1351 697 procedit,
1400 638 1636 696 quatuor
1682 628 1864 682 autem

282 716 427 773 filios
456 730 610 782 suos,
644 718 862 774 traditis
903 717 1027 772 aliis
1055 719 1378 783 virtutibus,
1408 720 1475 773 ad
1504 716 1863 776 custodienda

280 806 407 863 lstri
436 808 574 862 vada
606 809 916 865 constituit.
941 809 1011 863 At
1037 824 1166 864 vero
1196 810 1430 865 Romani
1464 810 1675 865 ratibus
1708 810 1867 865 factis

279 899 510 955 ﬂuvium
543 906 987 966 transmearunt,
1020 911 1095 957 et
1144 901 1346 956 bellum
1400 909 1630 970 praatore
1672 897 1865 955 Prisco

279 1008 405 1048 cum
438 993 665 1065 ebagani
688 992 811 1047 [iliis
840 992 1083 1047 inierunt
1129 1009 1143 1046 :
1199 992 1578 1048 Comentiolus
1609 994 1754 1047 enim
1781 990 1869 1047 in-

282 1088 533 1140 firmatus
562 1087 615 1139 in
648 1084 954 1141 Biminacio
994 1084 1174 1140 insula
1215 1086 1458 1140 sedebat.
1488 1084 1738 1157 Cumque
1772 1101 1869 1153 per

282 1177 490 1231 multas
529 1176 697 1231 horas
725 1176 927 1231 bellum
969 1177 1239 1232 tenuisset
1272 1168 1327 1230 et
1359 1179 1439 1231 sol
1472 1178 1733 1233 trecentis
1758 1175 1867 1231 Ro-

261 1283 569 1323 manorum
602 1268 946 1339 interemptis
980 1269 1352 1335 occubuisset,
1394 1277 1636 1341 quatuor
1663 1270 1869 1325 Barba-

277 1374 467 1415 rorum
499 1360 667 1415 millia
683 1360 1347 1431 perieruntJntrinsecuS
1376 1379 1504 1420 vero
1533 1365 1741 1420 militiae
1773 1374 1866 1420 or-

276 1454 486 1508 dinatae
532 1453 731 1509 iterum
774 1454 975 1509 bellum
1024 1456 1329 1527 incipiunt,
1379 1466 1433 1513 et
1492 1459 1690 1514 iterum
1740 1466 1867 1514 octo

274 1545 455 1599 millia
471 1543 840 1613 Barbarorum
871 1546 1215 1602 interimunt.
1238 1549 1502 1604 Similiter
1522 1558 1576 1605 et
1594 1549 1753 1603 tertia
1778 1549 1866 1605 die

276 1637 596 1709 pmliantes
643 1637 714 1693 ab
749 1639 1145 1695 excelsioribus
1188 1638 1423 1696 Romani
1476 1642 1542 1697 ad
1594 1642 1865 1698 Barbaros

275 1738 672 1796 accesserunt,
720 1732 932 1802 hosque
970 1741 1250 1790 vertentes
1297 1737 1362 1790 ad
1398 1747 1654 1806 stagnum
1699 1748 1865 1807 atque

272 1822 563 1894 pallentes,
595 1824 805 1882 Avares
834 1826 1038 1881 multos
1066 1836 1401 1882 necaverunt
1442 1844 1507 1883 ex
1540 1830 1678 1895 illis,
1717 1831 1863 1884 inter

271 1930 419 1988 quos
444 1927 495 1974 et
523 1918 759 1990 chagani
793 1921 974 1975 necati
1004 1929 1131 1975 sunt
1167 1922 1261 1976 lilii
1288 1963 1302 1988 ,
1354 1920 1695 1995 Romanique
1737 1924 1862 1979 illu-

272 2021 448 2066 strem
478 2011 761 2066 victoriam
803 1998 1126 2071 induerunt.
1160 2014 1450 2086 Cbaganus
1483 2031 1611 2071 vero
1640 2028 1864 2073 coacer-

270 2107 419 2159 vatis
442 2105 654 2161 viribus
678 2106 922 2176 copiosis
945 2116 1141 2162 contra
1172 2106 1451 2164 Romanos
1474 2109 1857 2181 progreditur:

268 2197 420 2255 bello
450 2209 633 2255 autem
666 2209 922 2256 manente
951 2207 1176 2256 vertunt
1203 2198 1439 2257 Romani
1474 2198 1772 2265 Barbaros,
1805 2207 1861 2255 et

270 2290 539 2346 omnibus
591 2291 949 2362 iusigniorem
996 2291 1142 2346 hanc
1191 2292 1500 2346 retulerunt
1545 2291 1857 2346 victoriam.

270 2384 490 2440 Interea
539 2384 766 2441 Priscus
818 2393 1060 2455 quatuor
1104 2384 1351 2440 millibus
1393 2384 1693 2455 praemissis
1737 2382 1861 2440 Tis—

266 2492 371 2534 son
405 2478 520 2552 (ιι)
550 2493 766 2533 amnem
802 2486 1141 2534 transmeare
1179 2486 1234 2533 et
1266 2477 1553 2548 explorare
1586 2476 1860 2533 Barbaro-

266 2588 394 2628 rum
422 2574 684 2644 praecepit
714 2579 918 2628 motus.
962 2573 1031 2626 At
1062 2585 1191 2627 vero
1232 2569 1456 2627 Barbari
1498 2571 1638 2627 nihil
1666 2585 1856 2627 eorum

262 2680 392 2738 quae
424 2666 572 2721 facta
603 2666 820 2722 fuerant
846 2673 1266 2738 cognoscentes,
1299 2663 1499 2721 festum
1530 2665 1675 2721 diem
1716 2665 1860 2721 cele-

262 2761 507 2817 brabant
540 2759 834 2829 etpariter
865 2760 1325 2815 convivabantur.
1379 2758 1434 2811 lu
1478 2759 1581 2815 hos
1623 2756 1857 2813 Romani

262 2854 525 2910 clanculo
553 2851 856 2907 incidentes
884 2853 1183 2906 maximum
1207 2852 1418 2922 operati
1454 2858 1583 2907 sunt
1612 2859 1854 2907 metum:

260 2948 497 3017 triginta
536 2945 742 3017 quippe
777 2945 949 2999 millia
998 2944 1335 3013 Gipedorum
1384 2944 1859 3015 barbarorumque

262 3040 504 3095 aliorum
533 3039 881 3103 occiderunt,
912 3044 965 3092 et
996 3037 1221 3108 copiosa
1256 3036 1439 3108 praeda
1462 3037 1855 3109 comprehensa

260 3142 622 3191 revertuntur
664 3131 731 3187 ad
764 3133 1038 3189 Priscum.
1087 3131 1385 3202 Clraganus
1429 3138 1612 3187 autem
1659 3130 1928 3218 rursu‘sc
1962 3153 2232 3215 abiisse“
2293 3150 2511 3206 νυεεητίι
2569 3165 2691 3204 cum
2741 3165 2755 3202 ε

258 3228 982 3302 potentatibuscumulatis
1030 3227 1181 3281 venit
1222 3226 1290 3281 ad
1339 3224 1562 3291 Istrum,
1611 3236 1666 3281 et
1716 3226 1855 3281 inito

262 3324 413 3380 bello
450 3321 672 3378 barbari
711 3331 1047 3392 superantur
1072 3330 1126 3375 et
1171 3320 1225 3373 in
1268 3318 1447 3375 amnis
1498 3316 1721 3374 ﬂuentis
1757 3330 1855 3375 ne-‘

261 3426 485 3485 cantur,
518 3424 862 3488 pereuntque
902 3415 1068 3471 simul
1100 3430 1227 3470 cum
1271 3415 1354 3469 his
1389 3414 1608 3485 plurimi
1635 3426 1855 3484 quoque

263 3510 546 3568 Sclavini:
578 3511 939 3567 vivos‘autem
974 3510 1332 3566 obtinuerunt
1364 3509 1601 3563 Avarum
1635 3509 1852 3578 quidem

265 3608 370 3665 tria
405 3608 603 3676 millia,
642 3607 1028 3663 Srlavinorum
1062 3620 1193 3661 vero
1221 3604 1571 3675 octingentos
1611 3612 1665 3658 et
1688 3604 1852 3675 Cipe-

261 3700 395 3757 dum
430 3703 537 3756 tria
569 3701 762 3768 millia,
784 3715 883 3755 nec
912 3714 1020 3754 non
1052 3708 1105 3753 et
1128 3700 1236 3753 duo
1268 3698 1659 3752 Barbarorum.
1681 3695 1852 3750 Porro

264 3794 553 3866 cbaganus
580 3794 647 3848 ad
672 3794 995 3849 Mauricium
1021 3794 1407 3862 imperatorem
1444 3790 1653 3859 legatos
1680 3788 1849 3855 misit,

261 3898 457 3960 captos
490 3893 734 3960 recipere
765 3890 941 3943 nisus.
975 3887 1043 3941 At
1075 3887 1166 3942 ille
1192 3885 1433 3941 nondum
1462 3894 1743 3953 comperta
1766 3882 1852 3936 in-

260 3984 409 4057 clyta
472 3982 852 4039 Romanorum
907 3982 1137 4037 victoria
1201 3980 1396 4036 scribit
1452 3977 1641 4036 Prisco
1702 3976 1851 4051 quod

259 4080 472 4135 Avares
502 4078 750 4149 chagano
776 4075 1029 4132 redderet
1062 4082 1295 4130 tantum.

333 4171 541 4229 Eodem
572 4186 792 4245 quoque
822 4186 967 4226 anno
999 4170 1083 4225 vir
1112 4169 1336 4240 quidam
1380 4166 1707 4224 monachico
1734 4167 1846 4222 cir-

258 4270 630 4325 cumamictus
667 4266 855 4323 habitu
891 4275 945 4320 et
974 4265 1028 4320 in
1069 4265 1337 4335 religione
1382 4249 1604 4329 clarus,
1651 4262 1846 4333 spatha

257 4360 539 4418 denudata
593 4365 622 4415 s
656 4359 776 4416 foro
817 4375 997 4430 usque
1036 4360 1102 4413 ad
1135 4373 1339 4413 teneam
1372 4356 1695 4427 gladiatoris
1731 4365 1846 4413 sta-

256 4463 409 4510 tuam
456 4452 801 4517 discurrens,
858 4452 1243 4523 imperatorem
1299 4450 1558 4505 omnibus
1606 4449 1659 4504 in
1694 4446 1843 4503 occi-

257 4547 415 4603 sione
453 4545 622 4614 gladii
657 4546 988 4600 moriturum
1034 4543 1432 4613 pronuntiavit.
1483 4541 1749 4596 Similiter
1791 4549 1845 4596 et

256 4639 608 4695 Herodianus
639 4636 903 4693 Mauricio
948 4636 1259 4702 manifeste,
1308 4649 1430 4707 quae
1470 4634 1578 4690 sibi
1626 4633 1845 4690 fuerant

253 4741 511 4798 ventura,
561 4729 831 4801 praedixit.
875 4730 1209 4799 lmperatore
1253 4740 1385 4782 vero
1431 4732 1596 4781 noctu
1638 4726 1845 4781 discal-

253 4832 412 4881 ceato
437 4823 695 4879 letaniam
728 4837 851 4877 cum
874 4831 984 4875 tota
1021 4823 1156 4876 urbe
1184 4830 1400 4892 agente,
1432 4828 1486 4876 et
1521 4830 1843 4877 transeunte

255 4920 325 4973 ad
372 4917 647 4987 (Iarpiana
700 4918 854 4979 loca,
909 4917 1323 4991 tumultuantur
1361 4930 1426 4970 ex
1488 4914 1844 4971 multitudine

256 5012 507 5083 quidam.
538 5019 593 5065 et
616 5018 814 5063 contra
848 5010 1234 5079 imperatorem
1272 5005 1729 5079 lapidesjaclunt,
1767 5006 1846 5060 ita

256 5117 317 5164 ut
339 5109 425 5162 vix
468 5088 770 5175 imperator
806 5120 929 5161 cum
961 5103 1274 5158 Theodosio
1317 5102 1427 5157 ﬁlio
1459 5117 1560 5157 suo
1605 5103 1845 5177 salvare-

254 5210 345 5256 tur
374 5211 429 5257 et
458 5200 768 5255 orationem
800 5198 1101 5269 compleret
1134 5195 1278 5266 apud
1314 5194 1668 5251 Blacbernas.

324 5292 514 5347 Mundi
540 5306 685 5346 anno
708 5290 871 5355 6094,
892 5290 1092 5349 divinae
1122 5287 1520 5344 incarnationis
1551 5302 1699 5343 anno
1716 5286 1844 5355 59d,

252 5398 402 5440 anno
430 5397 562 5439 vero
596 5381 809 5452 imperii
842 5380 925 5436 sui
955 5378 1028 5434 20
1059 5376 1358 5433 Mauricius
1383 5375 1438 5431 in
1470 5390 1530 5431 se
1558 5389 1838 5441 reversus,

251 5487 309 5536 et
344 5478 529 5536 sciens
555 5477 699 5548 quod
737 5476 871 5530 nihil
899 5474 1068 5529 Deum
1101 5474 1288 5539 lateat,
1315 5473 1411 5529 sed
1440 5472 1632 5530 reddat
1654 5470 1838 5528 omni-

251 5575 359 5631 bus
386 5573 693 5632 secundum
725 5586 888 5644 Opera
917 5571 1187 5641 ipsorum,
1212 5577 1267 5624 et
1302 5568 1613 5645 recogitans
1646 5583 1839 5624 exces-

262 5680 388 5725 sum
438 5678 604 5738 quem
657 5665 712 5720 in
760 5663 1187 5735 captivationem
1240 5650 1676 5732 perpetraverat,
1726 5675 1837 5717 non

1970 554 2096 594 nam
2127 556 2186 596 se
2217 543 2462 613 recipere
2503 558 2604 613 pro
2644 550 2891 615 peccato,
2924 552 2978 598 et
3016 559 3122 598 non
3159 546 3215 599 in
3256 544 3460 609 futura,
3492 556 3550 603 et

1970 634 2145 689 factas
2176 630 2369 704 preces
2408 637 2463 691 in
2502 637 2725 707 scriptis
2762 636 3086 691 transmittit
3125 639 3189 692 ad
3218 653 3410 694 omnes
3449 653 3550 709 pa-

1967 722 2298 784 triarchales
2344 721 2504 785 sedes
2536 738 2590 784 et
2632 730 2698 786 ad
2735 747 2926 787 onmes
2970 732 3222 789 civitates
3273 732 3377 787 sibi
3421 722 3551 787 sub-

1962 821 2162 890 jectas,
2216 832 2271 877 et
2334 824 2401 879 ad
2454 826 2791 879 monasteria
2833 841 2953 894 quae
2996 837 3125 881 sunt
3169 826 3222 879 in
3246 814 3452 880 'cremo
3495 834 3551 880 et

1968 904 2386 988 Hierosolymis,
2423 930 2475 973 et
2511 918 2578 972 ad
2621 920 2808 976 lauros
2857 920 3120 991 pecunias
3158 928 3213 973 ct
3254 900 3551 977 cereosct

1968 1002 2216 1073 incensa,
2244 1022 2301 1062 ut
2324 1019 2548 1066 orarent
2572 1027 2671 1082 pro
2692 1028 2771 1077 se,
2809 1027 2919 1082 quo
2943 1012 3031 1067 hic
3058 1013 3329 1086 reciperet
3359 1020 3415 1068 et
3440 1027 3547 1067 non

1969 1099 2024 1154 in
2081 1100 2268 1157 futuro
2331 1104 2552 1159 saeculo.
2609 1104 3095 1160 Scandalizabatur
3150 1116 3331 1159 autem
3382 1112 3436 1159 et
3492 1105 3549 1158 in

1968 1192 2620 1269 l’hilippieumgenerum
2655 1212 2839 1259 suum,
2872 1198 3017 1271 quod
3064 1198 3116 1251 in
3150 1216 3187 1267 φ
3230 1188 3409 1251 littera
3445 1182 3547 1253 no-

1969 1283 2295 1340 minaretur.
2340 1285 2513 1341 Porro
2554 1287 2895 1359 Philippices
2922 1289 3139 1344 diverse
3172 1289 3397 1359 jurabat
3443 1292 3548 1345 im—

1970 1380 2207 1448 peratori
2236 1380 2383 1451 quod
2415 1397 2586 1452 purus
2617 1393 2759 1437 esset
2796 1381 2849 1435 in
2880 1383 3107 1437 servitio
3150 1384 3273 1452 ejus
3303 1393 3358 1437 et
3401 1385 3548 1454 apud

1969 1484 2029 1525 se
2053 1470 2239 1524 dolunt
2281 1470 2771 1527 nullumhaberet.
2807 1470 3056 1541 Cumque
3085 1470 3382 1526 Mauricius
3416 1460 3550 1542 sup-

1969 1567 2199 1637 plicaret
2237 1566 2347 1621 Deo
2381 1566 2814 1624 misericordiam
2848 1566 3147 1639 prmstandi
3178 1567 3375 1622 anima:
3410 1581 3547 1631 suae,

1968 1662 2206 1732 quadam
2236 1672 2398 1717 nocte
2426 1663 2707 1719 dormiens
2734 1664 2868 1719 vidit
2906 1666 2959 1719 in
2998 1665 3119 1719 visu
3156 1665 3298 1733 apud
3336 1645 3545 1719 aeneam

1969 1746 2155 1823 palatii
2188 1761 2401 1823 portam
2436 1754 2657 1824 imagini
2707 1753 3007 1809 Salvatoris
3039 1769 3098 1809 se
3132 1762 3335 1816 astare,
3367 1760 3423 1807 et
3452 1767 3543 1809 co-

1964 1846 2181 1916 piosum
2226 1848 2488 1918 populum
2527 1848 2734 1918 pariter
2774 1847 3145 1903 assistentem.
3197 1845 3355 1902 Tunc
3399 1843 3543 1902 facta

1963 1949 2049 1995 est
2071 1954 2174 1993 vox
2207 1955 2271 1994 ex
2299 1940 2618 1995 charactere
2648 1940 2831 2009 magni
2869 1939 2962 1995 Dei
2996 1949 3055 1996 et
3088 1939 3390 1996 Salvatoris
3441 1954 3545 1995 no-

1963 2032 2062 2087 stri
2097 2029 2226 2087 Jcsu
2268 2032 2506 2103 Christi,
2566 2032 2797 2088 dicens:
2870 2030 3009 2087 Date
3072 2030 3435 2098 Mauricium;
3490 2040 3547 2086 et

1964 2132 2214 2181 tenentes
2235 2139 2358 2181 eum
2386 2125 2717 2196 judiciorum
2744 2126 2980 2187 ministri
3003 2125 3375 2182 exhibuerunt
3397 2123 3543 2196 apud

1962 2232 2296 2288 purpureum
2328 2214 2672 2280 umbilicum,
2697 2220 2788 2290 qui
2814 2226 2931 2273 erat
2962 2218 3095 2273 illic.
3126 2218 3193 2274 Et
3217 2218 3291 2273 ait
3323 2218 3390 2271 ad
3418 2232 3547 2277 eum.

1963 2312 2183 2383 propria
2210 2325 2345 2366 voce
2394 2327 2409 2364 :
2513 2308 2614 2363 Ubi
2645 2311 2720 2365 vis
2752 2310 2969 2365 reddam
3001 2309 3117 2376 tibi,
3152 2308 3237 2362 hic
3265 2324 3334 2363 an
3359 2308 3414 2363 in
3451 2295 3542 2377 fu.-

1964 2417 2082 2458 turo
2111 2405 2349 2459 δικαιοῖ
2395 2403 2513 2472 Quo
2572 2404 2663 2461 ille
2694 2404 2884 2460 audito
2940 2396 3267 2474 respondit:
3321 2404 3546 2457 Amator

1960 2498 2255 2563 hominum,
2292 2496 2511 2553 Domine
2545 2507 2593 2553 et
2616 2498 2765 2566 juste
2789 2497 2980 2567 judex,
3016 2496 3103 2552 ltic
3126 2497 3324 2568 potius,
3357 2503 3406 2550 et
3440 2509 3546 2551 non

1961 2590 2016 2644 in
2069 2591 2267 2647 sarculo
2297 2589 2416 2644 illo.
2484 2588 2549 2643 Et
2575 2590 2744 2659 jussit
2809 2589 2995 2643 divina
3018 2583 3130 2644 vox
3165 2587 3307 2643 tradi
3339 2586 3545 2643 Mauri-

1961 2685 2108 2738 cium
2135 2693 2189 2738 et
2214 2683 2635 2739 Constantinam
2671 2696 2897 2737 uxorem
2928 2681 3052 2750 ejus
3076 2688 3131 2736 et
3159 2680 3300 2736 lilios
3336 2686 3389 2736 et
3418 2693 3541 2734 om-

1961 2791 2086 2831 nem
2111 2777 2493 2847 cognationem
2523 2775 2698 2846 ipsius
2726 2774 2928 2829 Pltoca:
2964 2769 3172 2829 militi.‘
3206 2771 3541 2844 Expergefa-

1964 2878 2086 2925 ctus
2110 2886 2244 2942 ergo
2278 2868 2599 2934 Mauricius,
2624 2876 2677 2923 et
2707 2883 2913 2925 vocans
2947 2882 3072 2923 eum
3107 2856 3209 2938 'qui
3256 2880 3443 2921 coram
3482 2879 3546 2922 se

1961 2963 2296 3029 dormiebat,
2330 2963 2481 3018 misit
2518 2962 2585 3017 ad
2624 2960 2990 3032 Philippicum
3035 2965 3297 3030 generum
3343 2973 3539 3025 suum,

1961 3065 2025 3111 ut
2075 3058 2331 3112 celeriter
2374 3070 2498 3110 eum
2549 3055 2849 3110 adduceret
2903 3053 2970 3106 ad
3024 3067 3107 3108 se.
3154 3050 3400 3121 Cumque
3452 3052 3542 3106 ille

2815 3148 2909 3218 qui
2981 3161 3042 3202 su
3055 3161 3215 3217 rgcns
3274 3144 3541 3200 advocata

1960 3260 2127 3300 uxore
2159 3260 2254 3300 sua
2291 3243 2577 3298 osculatus
2627 3251 2707 3296 est
2734 3254 2879 3303 eam,
2913 3238 3103 3294 dicens
3132 3257 3146 3294 :
3202 3234 3540 3308 Salvc:jam

1958 3355 2064 3392 non
2102 3353 2183 3391 me
2222 3335 2441 3392 ridebis.
2505 3334 2636 3400 Quae
2678 3331 3003 3389 exclamavit
3046 3347 3171 3386 cum
3243 3324 3371 3386 ﬂetu
3408 3346 3542 3388 voce

1959 3446 2155 3502 magna
2190 3430 2256 3484 ad
2291 3442 2856 3499 paracmmumenum,
2898 3426 3089 3481 dicens
3119 3442 3134 3478 :
3214 3427 3422 3497 Adjuro
3462 3414 3541 3479 ita

1955 3542 2047 3596 per
2088 3523 2271 3592 Deum,
2305 3539 2425 3595 qua:
2465 3531 2542 3577 est
2572 3538 2735 3576 causa
2766 3525 2828 3573 ob
2855 3536 3013 3591 quam
3052 3519 3243 3590 quierit
3284 3535 3403 3574 eum
3436 3518 3537 3576 hac

1956 3619 2139 3675 liora?
2183 3619 2253 3671 At
2326 3616 2419 3672 ille
2446 3616 2653 3687 juravit
2679 3630 2738 3671 se
2761 3614 3037 3685 ignorare,
3068 3622 3123 3669 et
3148 3614 3274 3685 quia
3311 3604 3536 3682 repente

1956 3714 2021 3770 de
2050 3728 2247 3771 somno
2280 3712 2579 3782 imperator
2614 3693 2919 3778 exsurgens
2943 3692 3089 3762 misit
3128 3721 3238 3761 me.
3270 3703 3540 3777 Philippi-

1955 3823 2056 3864 cus
2088 3820 2218 3877 ergo
2246 3802 2499 3875 quaesivit
2530 3816 2733 3872 corpus
2764 3798 2973 3854 Christi
3022 3799 3325 3869 percipere,
3371 3807 3423 3854 et
3452 3800 3537 3854 sic

1954 3897 2021 3951 ad
2056 3897 2438 3967 imperatorem
2484 3907 2733 3963 pergere.
2782 3888 2931 3945 Uxor
2969 3901 3151 3944 autem
3182 3888 3301 3959 ejus
3331 3887 3535 3947 Gordia

1949 3988 2168 4059 jacehat
2214 3986 2268 4041 in
2300 3992 2445 4042 terra
2494 3974 2569 4041 se'
2598 3984 2852 4039 volutans
2899 3992 2954 4039 et
2984 3972 3232 4052 plorans
3274 3988 3329 4036 et
3364 3980 3533 4038 Deum

1952 4077 2211 4136 exorans.
2248 4078 2539 4149 ingressus
2569 4076 2702 4132 vero
2731 4066 3071 4146 Philippicus
3097 4072 3411 4128 cubiculum
3444 4087 3533 4128 re-

1949 4176 2100 4246 gium
2134 4174 2365 4247 projecit
2398 4186 2459 4228 se
2488 4171 2555 4227 ad
2594 4167 2764 4242 pedes
2811 4168 3181 4241 imperatoris.
3232 4167 3535 4239 Imperator

1951 4279 2133 4325 autem
2167 4267 2305 4324 dicit
2356 4266 2447 4322 ei:
2510 4264 2729 4337 Ignesce
2761 4263 2892 4319 mihi
2936 4271 3149 4334 propter
3184 4249 3372 4327 Deum,
3404 4278 3534 4333 quo-

1950 4363 2096 4418 niam
2120 4360 2328 4432 peccavi
2362 4359 2494 4416 tibi:
2528 4376 2652 4413 nam
2684 4374 2847 4428 usque
2874 4373 3013 4413 nunc
3041 4357 3455 4412 scandalizabar
3476 4359 3531 4412 in

1950 4466 2021 4512 te.
2078 4454 2145 4509 Et
2201 4453 2405 4524 jubens
2431 4451 2584 4508 exire
2617 4465 3162 4522 paracoemumenum
3195 4438 3435 4505 surrexit
3477 4456 3536 4505 ct

1949 4546 2151 4605 cecidit
2180 4546 2246 4601 ad
2286 4544 2453 4617 pedes
2485 4542 2800 4614 Philippici,
2854 4541 3081 4598 dicens:
3130 4538 3353 4611 Ignosce
3380 4540 3530 4607 mihi,

1947 4640 2074 4711 quia
2102 4637 2258 4692 modo
2288 4634 2581 4691 certissime
2618 4634 2736 4688 novi
2770 4633 2909 4704 quod
2953 4632 3086 4688 nihil
3134 4626 3428 4700 peccaueris
3473 4634 3529 4690 in

1949 4747 2049 4785 me.
2095 4729 2198 4785 Sed
2241 4728 2328 4782 dic
2374 4725 2507 4780 mihi
2527 4766 2559 4802 ,_
2582 4740 2733 4793 quem
2779 4724 2885 4779 scis
2922 4723 3059 4778 inter
3088 4725 3297 4794 agmina
3344 4728 3531 4780 nostra

1952 4822 2189 4878 Phocum
2218 4822 2461 4877 militem.
2519 4819 2590 4875 At
2655 4831 2788 4872 vero
2831 4816 3171 4888 Philippices
3220 4803 3530 4887 recOgitans

1949 4917 2083 4972 dicit
2121 4917 2215 4971 ei:
2286 4912 2460 4969 Unum
2521 4929 2774 4985 agnosco,
2814 4912 2905 4985 qui
2939 4920 3063 4965 ante
3103 4909 3368 4965 modicum
3399 4914 3530 4965 tem-

1944 5025 2043 5081 pus
2083 4988 2402 5079 procurator
2442 5005 2508 5060 ab
2537 5004 2770 5061 exercitu
2799 5003 3098 5058 destinatus
3132 5000 3533 5056 contradicebat

1945 5103 2167 5176 imperio
2219 5110 2329 5156 tuo.
2398 5100 2497 5155 Ast
2563 5099 2866 5167 imperator
2908 5096 3022 5150 ait:
3078 5092 3247 5163 Cujus
3291 5102 3366 5148 est
3395 5107 3531 5164 qua-

1946 5198 2157 5255 iitalis?
2212 5183 2318 5265 Qui
2372 5196 2448 5251 ait
2480 5208 2495 5250 :
2529 5191 2748 5265 Iuvenis
2781 5176 3114 5255 temerarius,
3147 5186 3241 5244 sed
3278 5196 3349 5268 et.
3377 5188 3528 5243 timi-

1946 5291 2067 5345 dus.
2119 5286 2275 5343 Tunc
2336 5270 2638 5342 Mauricius
2698 5305 2712 5338 :
2775 5279 2836 5337 Si
2878 5282 3097 5335 timidus
3158 5288 3260 5347 est,
3324 5280 3526 5357 inquit,

1949 5362 2187 5453 profecto
2218 5388 2265 5435 et
2289 5376 2578 5433 homicida.
2622 5375 2682 5432 Et
2719 5374 2990 5430 referebat
3039 5371 3347 5442 Philippica
3373 5384 3527 5428 som-

1949 5476 2023 5531 nii
2086 5472 2499 5530 revelationem.
2572 5468 2743 5524 Porro
2781 5474 2944 5524 nocte
2979 5464 3071 5519 illa
3102 5465 3216 5519 visa
3252 5470 3337 5521 est
3368 5464 3524 5524 stella

1947 5569 2006 5633 in
2033 5569 2196 5631 colo,
2221 5582 2348 5637 quae
2384 5565 2583 5621 dicitur
2610 5569 2874 5619 cometes.
2916 5556 2974 5614 In
3003 5558 3307 5616 crastinum
3343 5566 3529 5619 autem

1952 5663 2197 5734 pervenit
2214 5659 2626 5731 magistrianus,
2654 5656 2745 5727 qui
2773 5654 2974 5709 missus
3008 5651 3187 5707 fuerat
3213 5649 3279 5705 ad
3302 5654 3527 5707 sanctos

1777 5757 2005 5819 NOTE.

326 5864 439 5943 (ﬂ)
478 5858 701 5917 nissum
732 5857 857 5915 Vat.

462 5956 730 6019 Peraea.
778 5954 896 6015 Gn.
946 5954 1164 6019 Cl'lll.

3048 5929 3117 5997 Η
