4038 6298
484 329 620 401 1295

1597 323 1999 386 ANASTASII
2056 322 2683 384 BIBLIOTHECARII

3616 316 3751 385 1296

482 445 761 503 Primores
778 445 976 496 “autem
1014 437 1160 509 vulgi
1214 437 1267 492 id
1317 436 1609 491 admittere
1644 436 1961 490 noluerunt.
1993 434 2062 487 At
2089 434 2141 492 Λ
2167 432 2337 486 davit.
2369 430 2700 487 Germanum
2734 439 2915 485 autem
2949 438 3002 484 et
3040 431 3159 500 ejus
3192 430 3354 483 tiliam
3395 446 3491 485 ore
3518 432 3748 486 marha.

478 553 610 596 νει-ο
640 545 906 607 tyrannus
943 533 995 587 in
1029 532 1317 589 ecclesiam
1368 529 1434 584 ad
1470 526 1899 589 abstrahendum
1934 540 2051 579 mu-

478 633 641 685 lieres
691 625 1011 683 destinavit.
1066 622 1211 677 Sane
1259 621 1569 692 patriarcha
1634 630 1765 675 tunc:
1796 619 2060 690 Cyriacus

477 732 712 797 tyranno
744 706 967 784 restitit,
999 717 1228 771 minime
1254 731 1450 784 pessus
1474 731 1504 769 e
1536 714 1739 784 templo
1774 712 2061 785 tyrannice

477 813 673 872 abduci
701 814 981 869 mulieres.
1014 809 1215 865 Verum
1262 806 1596 878 juramentis
1641 814 1791 861 certo
1823 821 1888 861 eo
1939 804 2060 859 red-

477 912 593 965 dito
622 923 651 962 a
685 907 866 963 Phoca
905 904 1049 975 quod
1106 920 1218 959 non
1269 901 1489 957 lazderet
1518 916 1633 965 cas,
1678 900 1988 954 educuntur
2032 914 2061 951 e

453 1002 684 1070 'templo
724 1006 918 1054 sancto
947 1004 1002 1051 et
1031 994 1360 1049 clauduntur
1409 993 1460 1046 in
1512 991 1868 1046 monasterio.
1912 989 2061 1043 Prte—

478 1104 630 1150 terea
658 1091 842 1147 Persa!
895 1089 1084 1143 eodem
1137 1099 1285 1139 anno
1321 1090 1587 1153 ceperunt
1617 1080 1813 1147 Daras,
1846 1083 1899 1135 in
1951 1089 2062 1133 tota

479 1179 873 1253 Mesopotamia
924 1185 980 1233 et
1029 1175 1187 1248 Syria
1228 1174 1599 1244 captivatione
1657 1174 1847 1235 multa,
1902 1171 2063 1239 cujus

479 1292 590 1332 non
629 1285 715 1330 cst
753 1287 1038 1336 numerus,
1062 1270 1230 1324 facta.
1266 1267 1437 1323 Porro
1483 1266 1800 1336 patriarcha
1831 1264 2067 1318 obeuute

478 1365 712 1437 Cyriaco
746 1360 987 1415 Thomas
1036 1372 1134 1428 pro
1168 1371 1232 1411 eo
1276 1365 1656 1417 consecratur,
1701 1352 1967 1406 diaconus
2012 1359 2066 1405 et

483 1456 805 1514 sacellarius
833 1450 1074 1523 ejusdem
1111 1449 1380 1505 ecclesiae.

552 1546 733 1603 Mundi
765 1560 910 1599 anno
937 1541 1097 1606 6099,
1127 1541 1327 1594 divinae
1349 1536 1744 1592 incarnationis
1772 1549 1915 1590 anno
1938 1534 2064 1601 599,

428 1682 429 1685 η
468 1657 626 1706 anno
657 1655 786 1696 vero
809 1636 1022 1706 imperii
1056 1633 1251 1689 Pbocae
1281 1632 1473 1703 quinto
1502 1629 1714 1685 Isacius
1748 1628 2065 1699 Hierosoly-

467 1705 747 1791 imitauus.
797 1705 1121 1781 Theodorus
1176 1720 1584 1776 Alexandrinus
1630 1726 1687 1773 et
1734 1717 2066 1771 Anastasius

478 1824 854 1881 Antiochenns
896 1820 1171 1874 habentur
1216 1814 1512 1871 antistites.
1547 1811 1758 1866 Phocas
1810 1824 1937 1865 vero
1981 1817 2065 1879 ty-
2100 1796 2140 1851 Β

469 1930 691 1973 nanus
727 1914 893 1967 tiliam
928 1925 1083 1965 suam
1120 1907 1462 1961 Domentiam
1501 1902 1692 1958 Prisco
1742 1901 1972 1973 patricio
2012 1909 2066 1955 et

481 2006 669 2064 comiti
706 2003 1091 2060 excubitorum
1120 1998 1325 2071 junxit,
1362 2004 1416 2052 et
1448 1996 1605 2051 factis
1629 1996 1685 2049 in
1722 1994 1924 2065 palatio
1954 1992 2066 2047 Ma-

481 2101 617 2159 tina:
646 2098 856 2169 nuptiis
896 2094 1063 2165 jussit
1107 2092 1223 2146 ﬁeri
1255 2092 1438 2146 ludum
1474 2097 1809 2160 equestrem.
1843 2086 2067 2142 Demar-

482 2196 571 2251 chi
600 2203 781 2250 autem
822 2190 1111 2259 utriusque
1143 2185 1314 2257 partis
1361 2184 1504 2257 apud
1554 2192 1795 2255 quatuor
1856 2182 2067 2236 colum-

476 2302 584 2344 nas
631 2300 753 2341 cum
807 2280 1186 2352 imperialibus
1225 2278 1397 2348 signis
1447 2283 1761 2331 statuerunt
1794 2272 1970 2329 Prisci
2013 2280 2067 2329 et

483 2379 787 2437 Dementia:
833 2378 1011 2447 signa.
1047 2374 1263 2441 Quibus
1308 2370 1513 2425 auditis
1564 2370 1863 2439 imperator
1894 2368 2067 2422 iratus

483 2482 589 2537 est,
629 2480 677 2527 et
713 2471 938 2526 mittens
985 2466 1213 2522 adduxit
1266 2463 1622 2526 demarchos,
1679 2459 2066 2529 Theophanem

474 2567 695 2622 scilicet
721 2578 784 2617 ac
811 2560 1176 2631 Pamphilum,
1210 2565 1263 2611 ct
1289 2562 1540 2612 statuens
1572 2552 1747 2609 nudos
1775 2552 1938 2620 jussit
1972 2565 2068 2632 eos

484 2656 765 2714 decollari.
823 2654 960 2709 Cum
1006 2650 1152 2707 enim
1199 2649 1446 2703 misisset
1485 2657 1954 2717 protocnrsorem,
2012 2650 2071 2697 ut

487 2753 849 2821 interrogaret
879 2761 974 2803 eos
1002 2758 1111 2814 quo
1135 2740 1484 2812 praecipiente
1514 2737 1746 2794 fecerint
1767 2738 1893 2800 hoc,
1917 2733 2071 2789 dixe-

486 2851 617 2898 runt
653 2840 782 2913 quia
819 2835 1121 2893 secundum
1153 2829 1614 2890 consuetudinem
1637 2829 1933 2885 lineatores
1968 2828 2071 2882 hoc

486 2935 755 2991 fecerunt.
789 2931 964 2985 Porro
991 2929 1293 2983 lineatores
1337 2923 1456 2979 sive
1496 2936 1801 2986 mensores,
1833 2922 2072 2976 interro-

486 3026 597 3099 gati
649 3022 1003 3095 quamobrem
1037 3018 1141 3074 hoc
1178 3016 1461 3081 fecerunt,
1499 3013 1750 3070 dixerunt
1771 3012 1921 3085 quia,
1946 3026 2069 3066 cum

489 3116 838 3189 imperatoris
864 3112 957 3168 lilii
985 3112 1052 3168 ab
1080 3110 1337 3166 omnibus
1367 3107 1636 3163 nominati
1667 3115 1817 3172 sunt,
1849 3120 1878 3160 a
1906 3105 2066 3160 nobis

2162 540 2235 578 ra:
2262 525 2375 595 (45)
2420 524 2658 600 occidit};
2698 524 2955 578 similiter
2984 530 3037 578 et
3078 521 3343 578 Joannem
3384 533 3440 578 et
3474 523 3655 581 Gizan
3697 532 3749 579 et

2162 619 2478 688 patricium,
2540 624 2596 671 et
2655 614 3048 680 Theodosium,
3105 617 3200 687 qui
3261 618 3583 688 subadjuvae
3633 618 3742 688 (46)

2163 713 2429 783 dignitate
2475 711 2779 766 habebatur
2826 711 3081 781 insignis,
3126 719 3181 766 et
3214 711 3380 766 David
3419 712 3749 789 chartnphy-

2165 809 2336 861 lacent
2370 806 2693 859 llormisdae.
2719 802 2920 859 Eodem
2950 792 3092 859 anno
3113 804 3315 870 Persae,
3345 814 3749 861 transmcantes

2165 898 2520 968 Euphratem,
2552 908 2723 952 tctam
2760 892 2974 970 Syriam
3022 905 3077 952 et
3116 896 3465 953 Palaestinam
3501 907 3558 953 et
3600 900 3751 955 Phre-

2167 992 2325 1047 niccn
2385 991 2685 1062 deprzedati
2723 1000 2873 1057 sunt,
2917 990 3091 1046 multo
3138 992 3191 1045 in
3243 990 3507 1049 Romanis
3538 992 3753 1047 excidio

2168 1095 2503 1155 perpetrato.

2238 1174 2424 1228 Mundi
2452 1190 2597 1229 anno
2627 1173 2789 1251 6100..
2816 1174 3013 1230 divina:
3038 1175 3438 1231 incarnationis
3456 1192 3603 1233 anno
3630 1176 3750 1242 600,

2167 1280 2310 1319 anno
2337 1280 2468 1319 vero
2500 1265 2717 1335 imperii
2768 1265 2962 1320 Phocat
3012 1266 3066 1329 6,
3112 1266 3331 1322 Priscus
3391 1269 3593 1321 intueri
3652 1284 3753 1323 non

2167 1358 2445 1414 sustinens
2473 1366 2580 1411 tant
2614 1357 2817 1428 iujusta
2852 1358 3150 1415 homicidia
3177 1375 3339 1429 quam
3368 1361 3512 1414 mala
3535 1371 3753 1426 caetera,

2168 1463 2290 1517 qua:
2316 1462 2345 1502 a
2378 1446 2553 1502 l’hoca
2583 1449 3063 1519 perpetrabantur,
3096 1451 3319 1523 scripsit
3346 1451 3413 1505 ad
3440 1450 3755 1507 Heraclium

2167 1538 2463 1607 patricium
2525 1547 2578 1593 et
2645 1549 2935 1608 praetorem
2997 1541 3219 1609 Africae,
3270 1558 3380 1613 quo
3436 1540 3756 1598 Heracliam

2170 1631 2343 1686 lilium
2398 1646 2560 1686 suum
2596 1642 2649 1688 et
2683 1631 2929 1688 Nicetam
2978 1636 3149 1690 ﬁlium
3204 1636 3461 1708 Gregorae
3516 1626 3755 1707 patricii,

2170 1709 2568 1795 subprattorem
2597 1742 2778 1790 suum,
2817 1728 3079 1794 mitteret,
3100 1737 3383 1798 quatenus
3399 1744 3588 1785 contra
3617 1730 3756 1801 Pho-

2170 1833 2289 1873 cam
2318 1820 2572 1874 venirent
2597 1827 2917 1890 tyrannum.
2941 1806 3210 1877 Audiebat
3240 1823 3383 1876 enim
3406 1825 3459 1876 in
3487 1822 3676 1878 Africa
3705 1826 3757 1879 in

2170 1926 2295 1966 eum
2350 1911 2603 1967 meditari
2658 1914 3035 1980 rebellionem,
3071 1917 3214 1969 unde
3245 1931 3346 1970 nec
3389 1919 3605 1987 navigia
3659 1918 3759 1972 hoc

2170 2019 2315 2058 anno
2343 2004 2883 2076 Constantinopolim
2918 2007 3381 2061 conscenderunt.
3418 2006 3637 2062 Occidit
3661 2024 3757 2080 au.-

2169 2106 2278 2153 tem
2314 2095 2529 2154 Phoeas
2563 2114 2782 2154 onmem
2824 2099 3208 2170 cognationem
3260 2099 3505 2153 Mauricii
3538 2108 3593 2154 et
3650 2098 3758 2153 Co-

2170 2191 2493 2247 mcntiolum
2517 2200 2807 2263 pra-torem
2834 2189 3064 2249 Thracae
3093 2198 3146 2246 et
3166 2191 3306 2247 alios
3345 2193 3570 2247 multos.
3597 2191 3759 2247 Facta

2169 2293 2253 2338 est
2285 2292 2467 2337 autem
2500 2282 2554 2337 in
2590 2297 2736 2337 anno
2768 2281 2875 2337 isto
2916 2284 3081 2338 etiam
3124 2284 3429 2338 mortalitas
3474 2295 3531 2339 et
3573 2286 3760 2356 inopia

2171 2376 2351 2431 omnis
2381 2375 2609 2447 speciei.
2639 2373 2913 2431 Praeterea
2950 2374 3129 2431 Persa
3153 2392 3261 2430 una
3296 2392 3421 2431 cum
3458 2375 3761 2450 Cardariga

2171 2468 2379 2540 egressi
2437 2478 2703 2539 ceperunt
2746 2469 3065 2525 Armeniam
3101 2478 3157 2526 et
3192 2469 3619 2539 Cappadociam,
3664 2486 3765 2545 pu-

2174 2552 2523 2632 gnantesque
2554 2560 2926 2618 Romanorum
2979 2570 3264 2618 verterunt
3307 2563 3555 2628 militias.
3598 2578 3763 2634 cepe-

2173 2663 2409 2723 runtque
2439 2654 2709 2708 Galatiam
2742 2663 2797 2711 et
2823 2652 3273 2724 Paphlagoniam,
3300 2666 3354 2711 et
3373 2669 3646 2713 venerunt
3672 2675 3763 2714 us-

2172 2763 2281 2819 que.
2340 2747 2771 2815 Chalcedonem,
2836 2748 2959 2803 sine
3033 2749 3304 2817 parcitate
3358 2750 3762 2821 depopulante;

2172 2848 2408 2895 aetatem.
2458 2837 2527 2893 Et
2553 2839 2774 2908 quidem
2822 2837 3007 2895 Persae
3057 2838 3194 2895 foris
3230 2850 3442 2910 portam
3492 2840 3761 2913 Romanis

2175 2930 2518 3003 tyrannidem
2545 2927 2879 2993 inferebant,
2910 2930 3118 2986 Phocas
3144 2948 3276 2986 vero
3306 2933 3646 2988 intrinsecus
3674 2933 3759 2989 bis

2169 3004 2359 3091 pejora
2394 3021 2668 3091 patrabat,
2705 3020 2964 3077 occidens
3001 3030 3165 3092 atque
3196 3024 3479 3094 captivans

2244 3115 2404 3167 Anno
2435 3113 2649 3184 imperii
2684 3112 2877 3170 Phocae
2912 3116 3148 3184 septimo
3180 3115 3405 3186 Sergius
3437 3115 3758 3171 Constanti-

485 3174 626 3280 ipsis
652 3210 757 3267 hoc
789 3208 1040 3264 fecimus.
1086 3202 1233 3259 Sane
1268 3196 1493 3257 Priscus
1525 3200 1722 3257 timore
1754 3198 2063 3261 tenebatur,

2176 3207 2552 3277 'nopolitanus,
2587 3206 2886 3262 Zacharias
2934 3206 3469 3280 llierosolymitanus
3506 3217 3563 3264 et
3592 3208 3760 3264 Joan-

487 3319 557 3359 ne
588 3302 814 3357 t‘urte‘in
850 3298 1199 3372 imperatoris
1232 3296 1375 3352 iram
1416 3294 1704 3349 incideret.
1738 3291 1943 3348 Turbis
1974 3305 2070 3346 au-

487 3406 593 3449 tem
640 3391 1005 3448 clamantibus
1056 3386 1494 3445 misericordiam
1540 3387 1768 3442 concedi
1818 3386 1943 3447 sibi,
1976 3400 2068 3441 ve-

489 3487 633 3542 niam
667 3485 816 3540 dedit
844 3484 1079 3538 Phocas.
1119 3483 1193 3537 Ex
1232 3490 1362 3537 tunc
1391 3495 1523 3552 ergo
1557 3479 1779 3535 Priscus
1820 3480 2069 3551 indigna-

485 3580 692 3633 timicm
723 3592 916 3648 passus
951 3591 1060 3630 non
1095 3580 1213 3629 erat
1251 3582 1402 3629 recte
1434 3588 1560 3629 cum
1605 3573 1811 3629 Phoca.
1853 3573 2067 3629 Interea

488 3669 737 3736 mundam
799 3668 997 3724 mulier
1047 3667 1302 3722 Petronia
1350 3664 1574 3720 nomine
1630 3665 1687 3719 tit
1733 3665 2070 3735 imperatrici

486 3762 862 3818 Constantina:
922 3759 1198 3822 ministra,
1256 3774 1378 3828 quae
1422 3758 1488 3812 ad
1542 3756 1876 3813 Germanum
1911 3758 1978 3812 ab
2005 3772 2068 3813 ea

485 3869 753 3924 responsa
812 3851 1075 3907 faciebat.
1132 3849 1305 3906 Porro
1361 3865 1484 3905 cum
1544 3849 1687 3904 fama
1742 3850 2070 3905 dilatarclur

486 3947 635 4018 quod
663 3945 1008 4022 Theodosius
1041 3942 1291 3997 Mauricii
1338 3942 1481 3997 ﬁlius
1510 3942 1737 4009 viveret,
1777 3957 1926 4014 spem
1967 3943 2066 3997 bo-

485 4056 611 4095 nam
646 4053 811 4110 super
857 4037 962 4094 hoc
1005 4047 1113 4091 tam
1159 4034 1521 4091 Constantina
1561 4049 1724 4106 quant
1760 4035 2068 4091 Germanus

486 4132 742 4188 habebat.
796 4128 867 4184 At
902 4144 1033 4182 vero
1066 4128 1300 4183 scelesta
1350 4128 1610 4182 Petroaia
1665 4128 1782 4183 haec
1834 4134 2066 4198 tyranno

484 4223 773 4281 manifesta
824 4221 974 4277 fecit.
1009 4222 1076 4276 At
1111 4230 1381 4292 tyrannus
1419 4219 1839 4276 ConStantiuam
1886 4216 2067 4274 Theo-

412 4346 415 4349 ν
484 4326 705 4389 pempto
739 4315 978 4370 exarcbo
1002 4312 1071 4369 ad
1102 4312 1470 4385 torquendum
1495 4312 1753 4382 prodidit,
1784 4327 1904 4382 qua:
1935 4310 2062 4366 dum

482 4418 855 4482 torqueretur,
892 4406 1199 4463 Romanum
1241 4406 1531 4476 patricium
1564 4420 1731 4460 nosse
1766 4406 2065 4461 interlocu-

2175 3317 2273 3356 ues
2319 3301 2729 3357 Alexandrinus
2782 3301 3055 3357 habentur
3084 3303 3395 3373 antistites.
3432 3304 3756 3362 Antiocheui

2172 3394 2301 3451 vero
2333 3394 2545 3450 Hebraei
2579 3394 2860 3451 simultate
2888 3396 3258 3469 inquiete(47)
3288 3401 3587 3456 commissa
3627 3415 3758 3456 con-

2174 3497 2258 3543 tra
2290 3488 2637 3545 Christianos
2667 3490 2929 3546 occidunt
2961 3492 3318 3548 Anastasium
3358 3510 3616 3566 maguum
3665 3510 3759 3568 pa-

2171 3582 2471 3637 triarcbam
2507 3583 2834 3648 Antiochiet.
2870 3586 3151 3640 mittentes
3194 3598 3447 3641 naturam
3491 3588 3603 3661 (49)
3638 3589 3757 3658 ejus

2174 3676 2228 3730 in
2260 3690 2322 3731 os
2362 3676 2506 3746 ejus,
2539 3685 2592 3731 et
2622 3685 2745 3747 post
2798 3678 2903 3733 hoc
2941 3682 3225 3735 trahentes
3258 3695 3382 3735 eum
3415 3681 3467 3738 in
3516 3684 3755 3753 plateam

2174 3767 2350 3823 urbis.
2372 3768 2778 3824 interfecerunt
2809 3781 2991 3827 autem
3019 3783 3072 3828 et
3106 3774 3309 3828 civium
3340 3775 3564 3838 multos,
3599 3785 3651 3831 et
3677 3777 3762 3832 in-

2173 3860 2478 3916 cenderunt
2511 3876 2625 3916 eos.
2674 3862 2886 3918 Pbocas
2920 3879 3051 3919 vero
3093 3864 3222 3920 fecit
3268 3867 3525 3921 comitem
3558 3868 3762 3924 Orien-

2171 3955 2243 4010 tis
2271 3952 2821 4029 Bonosum,etCotyn
2844 3957 3165 4028 magistrum
3189 3960 3447 4027 militum,
3483 3972 3538 4016 et
3567 3970 3751 4018 trans-

2173 4048 2326 4104 misit
2382 4064 2478 4104 eos
2522 4047 2791 4105 adversus
2824 4049 2967 4113 illos,
3004 4058 3059 4106 et
3089 4065 3199 4106 non
3242 4053 3535 4106 valuerunt
3566 4054 3760 4109 sedare

2170 4137 2612 4206 inquietudinem
2648 4153 2862 4195 eorum.
2888 4139 3289 4197 Coacervautes
3320 4159 3447 4198 vero
3478 4147 3757 4201 exercitus

2172 4226 2459 4283 irruerunt
2488 4228 2540 4281 iu
2575 4229 2697 4283 illos
2731 4238 2785 4285 et
2828 4231 3098 4300 piurimos
3133 4230 3474 4299 occiderunt,
3508 4245 3562 4289 et
3585 4252 3756 4305 quos-

2172 4320 2297 4375 dam
2338 4334 2527 4393 eorum
2566 4320 2909 4377 detruncatis
2944 4325 3178 4379 artubus
3222 4326 3290 4379 ab
3321 4326 3453 4381 urbe
3492 4329 3757 4385 reddide-

2171 4419 2302 4465 runt
2323 4420 2590 4467 extorres.
2610 4409 2822 4467 Phocas
2848 4424 3027 4469 autem
3053 4412 3181 4469 fecit
3202 4413 3514 4471 Circenscm
3538 4402 3755 4487 ludum,

483 4506 665 4561 tiones
708 4519 836 4561 suas
867 4501 1117 4558 confessa
1146 4508 1251 4557 est.
1286 4499 1391 4568 Qui
1428 4499 1859 4569 comprehensus
1900 4508 2064 4571 atque
2096 4543 2142 4600 Β
2171 4514 2224 4560 et
2250 4502 2466 4559 Prasini
2499 4506 2769 4561 conviciis
2817 4522 2941 4561 eum
2996 4508 3269 4589 lacessere
3328 4526 3750 4583 praesumpsere,

482 4598 767 4655 discussus
798 4596 961 4652 etiam
996 4594 1136 4649 alios
1174 4593 1293 4648 fore
1332 4594 1389 4648 in
1438 4592 1670 4649 insidias
1701 4594 1924 4664 tyranni
1959 4594 2063 4649 sibi

480 4696 866 4760 coeperatores
900 4685 1200 4757 perhibuit.
1232 4683 1678 4755 Comprehensos
1731 4692 1817 4741 est
1875 4694 2061 4741 autem

478 4794 535 4838 et
579 4781 906 4839 Theodorus
949 4779 1192 4835 Orientis
1230 4776 1542 4849 praefecms,
1588 4792 1751 4847 quem
1796 4786 2065 4850 tyrannus

479 4876 782 4932 verberans
833 4871 1136 4936 interemit,
1168 4868 1519 4941 Helpidiique
1550 4885 1745 4926 manus
1786 4885 1851 4924 ac
1899 4871 2067 4941 pedes

477 4969 733 5026 recidens
769 4969 913 5023 hunc
946 4965 1170 5022 tradidit
1197 4965 1329 5035 igni,
1367 4964 1785 5035 Romanumque
1817 4958 2073 5049 decolla-j

476 5064 576 5117 vit.
625 5059 799 5115 Porro
852 5056 1271 5114 Constantinam
1306 5069 1431 5111 cum
1487 5058 1666 5113 tribus
1719 5055 1960 5120 ﬁliabus,
1998 5055 2054 5110 in

474 5160 601 5219 ioco
632 5155 720 5210 ubi
747 5162 801 5209 et
824 5150 1123 5207 Mauricius
1157 5150 1516 5220 interemptus
1540 5158 1643 5217 est,
1675 5150 1858 5223 gladio
1880 5150 2058 5206 truci-

2168 4598 2474 4653 clamantes
2502 4615 2515 4651 :
2557 4596 2757 4652 Iterum
2784 4598 2838 4652 in
2860 4584 3055 4669 gubata
3084 4600 3264 4655 bibisti
3274 4643 3286 4665 ,
3317 4602 3509 4657 iterum
3541 4621 3751 4659 sensum

2162 4690 2469 4760 perdidisti.
2506 4688 2574 4745 Et
2606 4690 2766 4761 jussu
2792 4689 2988 4748 Phoca'.
3015 4692 3245 4749 Cosmas
3276 4696 3568 4766 prtel'eetus
3598 4700 3751 4755 urbis

2164 4780 2371 4837 multos
2418 4797 2487 4837 ex
2534 4782 2614 4839 eis
2667 4783 3041 4848 detruncavit,
3095 4787 3366 4856 quosdam
3429 4787 3746 4857 decoltavit,

2163 4875 2463 4932 nonnullos
2513 4886 2694 4932 autem
2729 4878 2783 4931 in
2830 4892 3025 4935 saccos
3071 4880 3273 4937 missos
3324 4882 3461 4937 mari
3510 4886 3747 4952 nicavit.

2165 4967 2341 5024 Porro
2364 4969 2579 5026 Prasini
2631 4974 2944 5026 coacervati
2999 4973 3265 5028 miserunt
3296 4973 3474 5043 ignem
3510 4976 3565 5027 iu
3605 4992 3747 5047 prte-

2168 5062 2393 5128 torium,
2428 5072 2481 5117 et
2516 5064 2874 5118 incenderunt
2909 5065 3118 5119 curiam
3153 5074 3208 5119 et
3239 5067 3441 5121 scrinia
3475 5077 3529 5123 et
3562 5084 3721 5125 carre

2168 5166 2278 5217 res,
2311 5166 2376 5205 ex
2407 5154 2608 5223 quibus
2643 5155 2851 5226 egressi
2883 5155 3051 5210 vincti
3086 5155 3362 5226 fugerunt.
3403 5160 3539 5213 lline
3574 5162 3745 5217 iratus

2005 5261 2236 5322 NOTAE.

547 5392 659 5467 (ιδ)
688 5390 793 5447 Ore
826 5386 1236 5467 machaerrc.__Ut
1262 5387 1421 5443 Lucae
1451 5403 1560 5467 tm,
1591 5386 1663 5467 24
1692 5406 1709 5467 _:
1750 5385 2051 5467 lisqoi'wvat

471 5455 726 5532 «ducite
772 5461 1066 5532 μαχαίρᾳς.
1125 5457 1293 5532 ictus
1319 5459 1550 5532 νεινείοέ
1587 5455 1791 5532 Cadent
1844 5459 1897 5511 in
1958 5474 2046 5513 ore

471 5477 705 5532 στόματι
772 5477 939 5532 uexati
982 5477 1066 5522 ας.
1132 5477 1293 5516 vetus
1319 5477 1503 5515 νει-διο
1537 5477 1550 5512 :
1587 5477 1791 5512 uaaem
1844 5477 1897 5511 in
1958 5477 2046 5513 ore

469 5534 657 5603 gladii.
689 5529 918 5602 Gregor.
947 5477 1084 5603 a‘ur.
1122 5527 1270 5585 Hist.
1303 5546 1339 5584 tt
1378 5548 1391 5584 :
1430 5549 1466 5603 ρ.
1504 5527 1579 5584 Ne
1612 5529 1866 5603 u_niversa
1908 5532 2046 5584 mul-

470 5598 649 5659 iitudo
689 5604 745 5656 in
783 5598 887 5671 ore.
921 5600 1083 5671 gladii
1125 5610 1332 5671 rueret.
1369 5619 1389 5653 ι
1430 5598 1494 5655 Et
1542 5615 1603 5667 tl,
1636 5599 1665 5653 7
1716 5618 1728 5653 :
1780 5616 1798 5651 ι
1845 5600 1903 5653 lu
1951 5615 2047 5656 ore

467 5674 635 5745 gladii
680 5669 1105 5745 [redditu—tes.)
1149 5669 1317 5745 Fasti.
1365 5740 1409 5745 _V
1470 5741 1485 5745 Α
1577 5742 1587 5745 Α
2068 5729 2070 5731 μ

540 5742 655 5828 με)
674 5742 1016 5828 ξαὸοέὶιιυω.
1030 5740 1337 5828 Concilium
1355 5740 1822 5828 Cltalcedottfnse,
1835 5748 1951 5805 pact.
1965 5759 2045 5824 Ill-3

464 5813 567 5874 Δνὰ
610 5813 703 5870 τοῦ
752 5813 1177 5887 καθωσιωμένον
1223 5814 1617 5887 μαγιστριανοῦ
1660 5814 1913 5892 Σεεήρου,
1947 5816 2042 5869 τοῦ

2154 5389 2453 5459 γενομένου
2478 5389 2843 5463 σουϐαριουρἄ
2878 5389 2979 5463 τῆς
3001 5388 3223 5463 proli);
3258 5389 3366 5443 τῶν
3388 5390 3744 5463 καθωσιωμέο

2161 5476 2271 5513 νων
2298 5459 2729 5533 μαγιστριανῶν.
2765 5459 3353 5533 Bi-eviculushiStorim
3387 5459 3741 5533 Eutychiani-

2160 5529 2369 5602 starum
2392 5548 2412 5602 γε
2443 5549 2461 5582 ι
2494 5532 2925 5602 Superveniente
2959 5529 3163 5586 Uranio
3186 5529 3542 5602 subadjuvaIi
3573 5535 3660 5590 in.

2230 5601 2345 5671 (47)
2380 5599 2645 5671 inquieta.
2677 5602 2832 5671 Apud
2857 5599 3177 5661 Gruter-um,
3359 5599 3372 5602 ⁷
3730 5618 3733 5621 ‘

2231 5611 2321 5667 (47
2380 5611 2645 5671 Inquieta.
2677 5611 2832 5671 Apud
2857 5611 3177 5661 Cruterum,
3730 5618 3733 5621 ‘

2231 5611 2345 5742 (ςιεζ
2380 5670 2671 5727 Naturam.
2718 5672 3002 5741 Apuleius.
3053 5672 3087 5726 I.
3123 5688 3241 5729 vn:
3288 5693 3304 5744 ς
3360 5672 3475 5729 Non
3527 5684 3735 5731 tantum

2155 5753 2439 5820 naturam,
2481 5758 2667 5820 verum
2715 5744 2879 5813 etiam
2926 5754 3088 5820 caput
3125 5760 3346 5816 quoque
3399 5750 3576 5818 ipsum
3608 5763 3733 5820 pes-

2154 5817 2299 5872 simo
2334 5814 2605 5874 isti‘asino
2636 5816 2875 5873 demere.
2909 5834 2925 5868 ι
2962 5813 3124 5880 Fssn.
