4038 6298
292 397 425 470 119Ἱ

289 506 502 575 Phocas
547 537 658 579 non
698 520 1234 614 militariprasinos
1283 542 1455 613 jubet.
1488 546 1660 606 Porro
1693 549 1863 609 Hera-

290 608 430 666 clius
453 623 654 682 praetor
675 620 892 691 Africae.
918 608 1220 687 molestiam
1245 608 1559 707 perpetiens
1587 659 1615 698 a
1644 656 1864 715 senatu,

290 696 503 762 vocavit
538 711 706 768 filium
737 732 899 773 suum
939 719 1248 781 Heraclium
1287 742 1476 787 contra
1502 734 1739 794 Phocam
1778 754 1861 814 ty—

1593 789 1608 790 ’
1630 789 1739 794 ‘"'"
1780 789 1820 814 Ἰ

289 789 524 855 rannum
556 806 841 873 mittendi;
881 828 1069 868 verum
1096 825 1148 871 et
1175 821 1479 891 subpraztor
1501 828 1620 897 ejus
1651 830 1862 905 Grego-

289 904 380 945 ras
420 894 571 949 misit
632 915 728 968 per
777 904 983 959 aridam
1031 908 1272 968 Nieetam
1324 916 1494 974 filium
1530 937 1716 991 suum,
1750 936 1864 983 sta-

288 986 504 1041 tuentes
566 997 621 1041 nt
652 992 964 1066 quicunque
994 1015 1060 1055 ex
1088 1002 1172 1058 his
1200 1011 1525 1076 praeveniret
1549 1030 1864 1088 superaret-

287 1085 395 1141 que
431 1085 747 1149 tyrannum,
784 1085 1071 1158 imperium
1108 1112 1375 1159 sumeret.
1412 1105 1537 1162 Hoc
1559 1126 1689 1166 vero
1715 1127 1861 1173 anno

288 1166 463 1224 hiems
494 1179 733 1234 enormis
763 1180 1028 1253 efficitur,
1084 1189 1157 1244 ita
1212 1204 1268 1249 ut
1307 1200 1473 1256 maris
1514 1204 1769 1265 mollities
1804 1212 1861 1267 in

285 1260 477 1329 glaciei
512 1266 768 1325 duritiem
805 1284 1132 1337 verteretur.
1188 1282 1340 1343 Tunc
1390 1289 1602 1350 Phocas
1651 1297 1863 1357 Macro-

285 1343 435 1408 bit'nn
471 1360 780 1419 scribonem
824 1367 993 1437 jussit
1030 1376 1278 1446 sagittari
1335 1370 1479 1453 apud
1529 1388 1857 1461 Septimum,

283 1446 613 1512 pendentem
646 1453 700 1508 in
724 1454 935 1528 lancea,
970 1463 1022 1517 in
1057 1481 1168 1535 quo
1202 1471 1406 1529 tirones
1437 1479 1858 1553 exercebantur,

922 1526 928 1528 ﬁ
1073 1526 1089 1535 _
1395 1526 1401 1529 ν
1445 1526 1857 1553 --_----..........,

283 1526 441 1604 quasi
494 1546 778 1601 conscium
852 1552 1175 1613 insidiarum
1229 1577 1476 1621 suarum.
1536 1568 1857 1636 Theodorus

284 1631 429 1685 enim
465 1637 756 1704 praefectus
782 1643 1071 1716 Cappadox
1111 1663 1163 1706 et
1208 1654 1492 1728 Helpidius
1530 1631 1859 1739 prmpositus

282 1733 605 1785 armamenti
633 1744 688 1788 et
711 1737 801 1791 alii
827 1740 1029 1798 diversi
1053 1751 1341 1807 concilium
1360 1753 1608 1823 fecerunt
1641 1764 1695 1818 in
1724 1766 1857 1839 Ilip-

282 1819 420 1839 ,φη
522 1825 533 1835 .
630 1827 687 1839 ...
772 1824 775 1825 ν

276 1819 573 1903 ⁸νοιιιύιηῖο
629 1824 866 1887 Plioeam
929 1839 1235 1909 occidendi,
1302 1856 1353 1903 et
1422 1850 1564 1909 facto
1624 1819 1856 1929 prandio

266 1901 607 1975 "Theodorus
638 1925 931 1992 praefectus
979 1938 1291 2001 praetorium
1342 1947 1508 2016 coepit
1541 1901 1640 2008 eis.
1672 1964 1858 2015 texere

279 2002 639 2070 intentionem
679 2033 874 2093 suam.
918 2023 1162 2099 Contigit
1211 2043 1391 2091 autem
1455 2040 1567 2097 illic
1617 2045 1859 2108 inveniri

275 2096 631 2158 Anastasium
690 2113 945 2170 comitem
1004 2117 1380 2189 largitionum.
1424 2126 1675 2195 {Prandio
1724 2154 1854 2213 ergo

278 2184 423 2213 ιη..-
500 2203 539 2213 κΑ
576 2212 583 2213 κ
788 2204 799 2213 ·
867 2206 878 2213 ·
906 2209 918 2213 “

276 2184 448 2267 facto,
486 2203 541 2250 et
562 2204 831 2260 enarratis
864 2206 948 2262 his
990 2227 1129 2289 quae,
1158 2214 1483 2278 insidiarum
1516 2238 1692 2301 erant,
1733 2184 1851 2305 po:-

276 2282 446 2340 nituit
492 2290 850 2368 Anastasium
888 2300 997 2359 illic
1041 2320 1100 2377 se
1126 2286 1429 2380 repertum,
1464 2326 1519 2373 et
1569 2282 1855 2385 non’dixit

276 2390 401 2445 qua:
447 2382 599 2438 cordi
630 2400 731 2444 suo
788 2390 1035 2464 inerant,
1089 2401 1183 2455 sed
1210 2405 1381 2463 siluit.
1413 2410 1480 2465 At
1508 2429 1633 2471 vero
1666 2418 1854 2491 Helpi-

279 2468 401 2491 ..12η-
434 2487 461 2491 -
482 2490 491 2491 κ
544 2473 564 2491 1
676 2479 687 2491 '
754 2490 759 2491 ’
831 2484 863 2491 ““

275 2468 403 2545 dius
434 2473 785 2548 perdurabat,
812 2484 1003 2542 dicens
1040 2509 1055 2546 :
1103 2491 1226 2548 Non
1267 2501 1424 2555 vultis
1453 2514 1530 2570 ut,
1557 2524 1674 2563 cum
1702 2468 1854 2568 sede-

276 2557 349 2610 rit
380 2559 434 2613 in
478 2566 625 2619 solio
645 2583 803 2643 super
845 2577 1306 2651 Hippodromium,
1340 2590 1477 2647 hunc
1511 2603 1849 2669 comprehen-

282 2648 335 2669 ,ν
362 2668 365 2669 ν
394 2668 397 2669 ν
501 2666 510 2669 _
633 2660 665 2669 ..

1295 2648 1303 2651 ν
1544 2648 1559 2651 ν
1590 2648 1597 2649 ί
1624 2648 1673 2669 r-
1692 2648 1815 2659 ἠν--

275 2648 427 2716 dam,
462 2666 510 2709 et
536 2660 754 2716 evellam
784 2669 962 2737 oculos
991 2671 1127 2741 ejus,
1169 2688 1219 2730 et
1241 2681 1317 2733 sic
1345 2698 1465 2736 eum
1496 2688 1854 2760 interﬁciam’?

275 2740 339 2760 '7'.
385 2757 400 2760 μ
453 2746 502 2760 ιι·
581 2751 591 2760 -
793 2757 803 2760 -
876 2758 885 2760 κ

273 2740 345 2795 Et
378 2746 738 2813 pollicebatur
757 2757 836 2813 eis
856 2758 988 2816 dare
1012 2740 1226 2823 currus.
1248 2769 1326 2826 Re
1345 2740 1850 2846 prepterea'Pliocae

274 2843 407 2890 nota
457 2854 521 2894 ex
579 2846 890 2911 proditione
919 2852 1197 2912 Anastasii
1251 2843 1613 2935 facta,iussit
1650 2876 1847 2943 praefe-

274 2936 427 2985 ctum
464 2939 520 2986 et
547 2933 850 3006 llelpidinm
876 2958 941 2999 ae
971 2947 1257 3015 primores.
1280 2956 1369 3025 qui
1397 2960 1672 3020 sciverant
1709 2983 1853 3037 rem,

971 3009 987 3015 -
1247 3009 1256 3015 .
1296 3009 1311 3025 .
1710 3009 1853 3037 ,ψη

272 3009 401 3075 cum
440 3029 585 3080 oruni
617 3029 898 3101 diligentia
951 3038 1169 3097 discuti.
1209 3048 1458 3119 Cumque
1501 3053 1853 3117 discuteren-

272 3106 391 3178 tur',
438 3106 568 3184 quae
612 3119 934 3180 insidiarum
989 3129 1210 3187 fuerant
1243 3134 1372 3192 fassi
1419 3152 1567 3207 sunt,
1600 3155 1653 3201 et
1700 3154 1844 3219 quod

272 3199 339 3219 ,η
424 3194 460 3219 η,
735 3216 743 3219 _

271 3194 624 3265 Theodorum
662 3216 930 3273 voluerint
956 3220 1137 3280 facere
1155 3227 1477 3301 principem.
1506 3235 1679 3295 Porro
1700 3194 1846 3300 ἶηιοο
1875 3266 1919 3324 c

273 3309 368 3324 nn-
401 3299 554 3324 2..--.2.
589 3305 752 3324 1-4-”
826 3311 836 3322 ι
861 3310 920 3324 sn.
1030 3316 1043 3324 .
1255 3322 1270 3324 _

272 3309 373 3378 cas
393 3299 559 3381 jussit
582 3305 837 3364 decollari
861 3310 1229 3384 Theodorum,
1254 3299 1585 3396 Helpidinm,
1609 3299 1848 3392 Anasta-

273 3384 416 3446 siuin
450 3404 503 3448 et
529 3411 743 3469 onines,
779 3404 870 3473 qni
907 3407 1137 3486 insidias
1169 3429 1299 3470 suas
1325 3432 1716 3490 eugnoverant.

345 3475 534 3544 Mundi
570 3507 714 3548 anno
776 3484 938 3566 6102,
999 3503 1221 3560 divinae
1254 3507 1655 3573 incarnationis
1698 3536 1843 3580 anno

268 3576 395 3645 802,
431 3596 577 3639 anno
606 3603 735 3642 vero
768 3591 976 3662 imperii
1016 3599 1099 3653 sui
1143 3602 1316 3667 primo
1366 3608 1514 3663 venit
1559 3610 1844 3675 Heraclius

271 3672 341 3726 ab
368 3674 553 3731 Africa
576 3693 698 3733 cum
734 3684 967 3742 navibus
997 3691 1317 3763 castellatis,
1345 3686 1677 3760 habentibus
1702 3707 1843 3766 intra

271 3778 333 3821 se
364 3771 582 3826 arculas
617 3780 669 3827 et
704 3772 966 3846 imagines
1001 3780 1093 3838 Dei
1138 3784 1349 3855 Matris,
1383 3797 1843 3862 quemadmodum

269 3853 481 3914 Pisidcs
528 3877 745 3933 quoque
787 3866 1054 3940 Georgius
1090 3878 1369 3947 perhibet,
1392 3883 1600 3943 ducens
1632 3895 1846 3951 exerci-

269 3957 385 4005 tum
413 3957 695 4024 copiosum
730 3962 798 4017 ab
820 3964 1005 4021 Africa
1031 3979 1083 4024 et
1111 3969 1456 4043 Mauritania.
1496 3979 1762 4041 Similiter
1790 4000 1844 4045 et

268 4041 476 4112 Niceta,
516 4048 660 4107 filius
698 4052 951 4127 Gregorze
987 4062 1227 4131 patricii,
1252 4041 1351 4136 per
1372 4070 1763 4134 Alexandriam
1789 4088 1844 4137 et

266 4128 633 4219 Pentapolim,
665 4144 871 4203 habens
901 4128 1091 4208 secum
1124 4159 1386 4227 populum
1418 4165 1647 4222 multum
1679 4172 1848 4239 pede-

1125 4218 1141 4225 _
1200 4218 1217 4227 _
1681 4218 1816 4239 ,ην

265 4218 455 4284 strem.
496 4231 933 4303 Dcsponsaverat
980 4255 1160 4301 autem
1212 4247 1499 4311 Heraclius
1544 4244 1845 4319 Eudociam

266 4314 433 4379 filiam
468 4324 660 4398 Rogati
694 4333 833 4401 Afri,
866 4352 988 4405 quae
1028 4341 1122 4396 illo
1172 4355 1417 4416 tempore
1451 4332 1845 4417 Constantino-

264 4415 373 4486 poli
408 4428 527 4473 erat
556 4437 661 4476 una
691 4440 816 4480 eum
854 4426 1154 4501 Epiphania
1210 4415 1446 4496 lleraclii
1502 4456 1697 4505 matre.
1727 4451 1841 4508 Au-

263 4505 421 4567 diens
451 4525 632 4571 autem
669 4519 880 4576 Phocas
920 4527 1063 4593 quod
1114 4540 1288 4586 mater
1318 4531 1551 4594 Heraclii
1592 4552 1738 4601 esset
1782 4547 1838 4603 in

1032 508 1033 511 η
1067 425 1437 491 HISTORIA
1475 432 2055 508 ECCLESIASTICA
2082 444 2190 507 EX
2219 447 2703 519 THEOPHANE.

3406 471 3545 540 1298

1890 559 1938 614 Α
1967 560 2324 629 pervenisset,
2349 565 2572 622 divertit
2625 571 2693 626 ad
2722 581 2940 643 portum
2988 575 3208 651 Sophia:
3229 601 3257 651 ί
3294 585 3549 661 ἰηίιοιιυθ
3643 655 3649 662 ,

1968 651 2111 707 bello
2145 656 2314 714 vincit
2343 662 2516 729 gratia
2552 661 2760 723 Christi
2786 680 3102 741 tyrannum.
3127 674 3337 750 Vulgus
3358 651 3541 740 autem

1968 744 2114 800 hune
2131 752 2594 819 comprehensum
2629 757 3022 820 interfecerunt
3044 777 3096 821 et
3125 771 3248 836 igne
3271 775 3415 844 apud
3444 775 3545 832 Boi

1907 900 1911 903 ‘
1964 852 2370 899 cremaverunt.
2425 848 2717 919 Ingressus
2782 871 2912 910 vero
2991 858 3277 922 Heraclins
3339 869 3549 938 regalia

1962 937 2265 987 coronatus
2309 941 2456 989 est‘a
2495 937 2689 1010 Sergio
2732 946 3043 1013 patriarcha
3092 952 3145 1005 in
3193 937 3438 1013 oratorio

1968 1018 2229 1091 Stephani
2260 1024 2310 1079 in
2346 1028 2545 1094 palatio
2576 1033 2704 1088 situ.
2752 1034 3025 1096 Coronata
3058 1056 3145 1099 est
3186 1062 3315 1103 vero
3354 1052 3540 1108 eadem

1965 1112 2051 1166 die
2083 1128 2285 1182 sponsa
2314 1134 2532 1191 quoque
2564 1124 2740 1194 ipsius
2776 1129 3014 1187 Eudocia
3050 1136 3103 1189 in
3136 1137 3461 1211 Augustam,
3489 1155 3545 1201 et

1964 1207 2177 1275 accepit
2211 1218 2485 1282 utcrquea
2516 1214 2710 1288 Sergio
2742 1224 3061 1291 patriarcha
3093 1207 3409 1302 nuptiarum
3447 1207 3546 1294 co-

1964 1311 2150 1366 ronas,
2194 1308 2247 1355 et
2296 1319 2406 1359 uno
2463 1309 2764 1382 eodemque
2804 1316 2892 1372 die
2941 1310 3108 1377 simul
3145 1322 3446 1395 imperator
3489 1342 3544 1387 et

1964 1404 2199 1459 sponsus
2227 1398 2557 1460 ostenditur.
2592 1402 2780 1462 Mense
2811 1424 2940 1465 vero
2974 1412 3115 1469 Maio
3142 1427 3322 1473 castra
3354 1438 3542 1481 move-

1965 1494 2086 1537 runt
2125 1484 2304 1543 Persae
2349 1502 2540 1548 contra
2587 1496 2822 1568 Syriam,
2856 1511 2910 1557 et
2952 1520 3214 1576 ceperunt
3253 1513 3562 1583 Apamiam.

1962 1585 2016 1631 et
2048 1576 2330 1649 Edessam,
2358 1590 2413 1637 et
2451 1599 2718 1646 venerunt
2758 1607 2934 1663 usque
2967 1597 3341 1659 Antiochiam.
3367 1604 3541 1664 Porro

1962 1666 2193 1725 Romani
2238 1686 2595 1734 occurrentes
2638 1682 2718 1736 eis
2762 1688 3006 1755 superati
3062 1701 3224 1761 sunt,
3276 1704 3331 1750 et
3379 1699 3558 1766 periit

1960 1763 2138 1817 omnis
2168 1767 2399 1834 populus
2437 1767 2829 1845 Romanorum,
2860 1780 2995 1836 adeo
3029 1793 3087 1838 ut
3109 1786 3271 1845 valde.
3286 1791 3448 1858 pauci
3471 1806 3541 1848 ex

1959 1853 2041 1908 eis
2073 1856 2388 1915 evaderent.

2032 1946 2215 2005 Mundi
2240 1966 2383 2009 anno
2412 1954 2571 2026 6105,
2601 1959 2800 2017 divina:
2820 1962 3224 2029 incarnationis
3247 1975 3553 2046 ann0605,.

1959 2051 2103 2095 anno
2134 2057 2279 2099 vero.
2318 2045 2547 2119 imperii
2568 2053 2804 2110 Heraclii
2833 2056 2868 2110 2
2898 2074 3161 2133 ceperunt
3196 2066 3376 2125 Perse
3416 2070 3538 2127 (ἔω-ο

1959 2146 2171 2188 sarcam
2200 2134 2582 2211 Cappadociae,
2614 2153 2668 2200 et
2692 2148 2928 2217 plurima
2954 2168 3101 2210 cx‘ea
3125 2158 3335 2228 captiva
3365 2161 3539 2220 duxe-

1957 2233 2084 2278 runt
2106 2227 2295 2289 millia.
2328 2229 2616 2292 Heraclius
2641 2248 2820 2296 autem
2850 2242 3153 2314 imperator
3191 2251 3398 2308 invenit
3420 2256 3536 2313 dis-

1957 2317 2149 2380 soluta~
2186 2321 2268 2377 rei
2328 2326 2562 2394 publicae
2622 2334 2860 2404 negotia,
2931 2336 3199 2409 siquidem
3259 2342 3531 2416 Europam

1954 2411 2163 2471 Avares
2220 2417 2512 2476 reddidere
2560 2423 2871 2495 desertam,
2923 2430 3111 2487 Asiam
3166 2450 3296 2491 vero
3350 2436 3534 2497 Perse

1955 2512 2123 2558 totam
2154 2511 2670 2574 exterminaverunt
2690 2527 2744 2573 et
2775 2521 3027 2577 civitates
3059 2525 3449 2586 desolaverunt
3476 2541 3541 2589 et

1952 2594 2259 2654 Romanum
2295 2600 2353 2659 in
2386 2603 2544 2662 bellis
2586 2614 2893 2668 exercitum
2945 2615 3360 2680 interemerunt.
3397 2624 3537 2692 Qui-

1953 2688 2056 2745 bus
2078 2690 2209 2747 visis
2236 2693 2488 2753 haesitare
2516 2702 2680 2771 coepit
2703 2704 2847 2775 quid
2859 2719 3043 2777 ageret
3068 2729 3082 2768 :
3108 2722 3364 2770 scrutans
3381 2719 3528 2775 enim

1961 2782 2256 2851 exercitus,
2302 2786 2348 2839 si
2380 2788 2518 2843 forte
2567 2791 2703 2847 salvi
2732 2795 3086 2864 exsisterent,
3136 2802 3278 2858 duos
3315 2812 3528 2863 tantum

1952 2864 2163 2929 invenit
2220 2893 2283 2931 ex
2330 2883 2597 2939 omnibus.
2640 2884 2727 2942 his
2778 2890 2868 2957 qui
2924 2905 3049 2946 cum
3110 2893 3293 2952 Phoca
3336 2909 3525 2957 contra

1952 2966 2272 3022 Mauricium
2328 2971 2383 3025 in
2445 2977 2733 3046 tyrannide
2766 2980 3094 3043 niilitarunt.
3148 2985 3349 3044 Eodem
3382 3007 3533 3050 anno

1950 3067 2117 3113 natus
2145 3068 2236 3113 est
2271 3061 2589 3132 imperatori
2637 3056 2780 3122 filius
2812 3069 2885 3125 de
2933 3072 3195 3139 Euilocia,
3239 3075 3525 3139 Heraclius

1952 3152 2151 3217 minor,
2184 3154 2275 3222 qui
2312 3163 2369 3209 et
2414 3172 2591 3213 novus
2625 3157 3019 3221 Constantinus
3071 3170 3378 3238 appellatus
3416 3182 3523 3231 est.

1956 3238 2020 3295 Et
2072 3251 2287 3321 mortua
2322 3253 2407 3302 est
2450 3246 2699 3321 Augusta
2730 3253 2919 3329 eadem
2966 3256 3178 3313 decima
3211 3263 3401 3332 quinta
3439 3265 3533 3320 ἰπὶ-ι’

1950 3320 2217 3393 dictione.

2017 3423 2205 3481 Tertio
2252 3429 2463 3501 imperii
2518 3432 2754 3495 Heraclii
2806 3452 2953 3494 anno
2981 3453 3244 3499 coronata
3274 3456 3359 3502 est
3396 3444 3532 3520 Epi-

1944 3515 2146 3588 phania
2188 3520 2296 3576 lilia
2328 3521 2565 3580 Heraclii
2616 3543 2644 3581 a
2694 3526 2886 3602 Sergio
2915 3534 3231 3603 patriarcha
3258 3538 3311 3592 in
3342 3515 3537 3613 Angit-2

1944 3618 2107 3676 stam,
2157 3611 2209 3665 in
2239 3616 2483 3671 oratorio
2513 3617 2724 3688 palatii.
2759 3621 2960 3678 Eadem
2994 3642 3126 3692 vero
3163 3630 3339 3698 printa
3379 3631 3525 3688 indi-

1944 3702 2125 3759 ctione
2155 3720 2455 3765 coronatus
2484 3718 2567 3765 est
2603 3711 2892 3772 Heraclius
2933 3717 3143 3790 junior,
3176 3722 3318 3780 filius
3355 3724 3525 3783 llera-

1926 3793 2056 3863 ,clii,
2090 3796 2184 3867 qui
2235 3807 2290 3854 et
2344 3800 2759 3874 Constantinus,
2813 3823 2842 3862 a
2890 3812 3152 3882 praedicto
3186 3818 3527 3886 patriarcha.

1945 3884 2149 3943 Eodem
2182 3905 2327 3947 anno
2372 3893 2634 3951 Saraceni
2672 3899 2847 3954 aciem
2894 3913 3087 3959 contra
3135 3906 3344 3978 Syriam
3377 3909 3523 3966 dire-

1944 3988 2164 4048 xcrunt,
2224 3992 2278 4039 et
2338 3988 2723 4048 exterminatis
2786 3996 3069 4054 nonnullis
3115 3998 3254 4056 vicis
3312 4004 3535 4069 reversi,

1944 4081 2094 4129 sunt.

2020 4166 2179 4223 Anno
2231 4168 2445 4241 imperii
2510 4173 2749 4232 Heraclii
2794 4188 2992 4249 quarto
3039 4195 3302 4255 ceperunt
3342 4190 3522 4246 Persa.

1946 4259 2297 4325 Damascum,
2329 4272 2384 4319 et
2417 4268 2692 4337 captivum
2743 4270 3021 4328 duxerunt
3069 4278 3327 4346 populum
3375 4282 3519 4337 mul-

1945 4360 2083 4426 tum.
2123 4352 2408 4411 Heraclius
2456 4371 2638 4415 autem
2682 4362 2978 4433 imperator
3019 4366 3216 4439 legatis
3240 4372 3304 4427 ad
3341 4375 3517 4433 (lbos-

1944 4461 2077 4503 roen
2099 4447 2283 4503 missis
2310 4453 2517 4522 rogavit
2563 4468 2687 4509 eum
2719 4465 2774 4511 ut
2808 4469 3055 4527 parceret
3079 4463 3361 4533 hominum
3389 4482 3519 4526 san-

1945 4539 2161 4608 guinem
2186 4540 2721 4601 timmisericorditer
2784 4549 3093 4607 cﬂ‘undendi
3146 4562 3200 4609 et
3257 4554 3519 4619 diffiniret

263 4607 505 4677 civitate,
532 4628 744 4671 necnon
770 4629 824 4674 et
844 4619 1104 4691 Eudocia,
1126 4642 1248 4697 quae
1270 4631 1371 4686 sibi
1400 4633 1838 4713 fueratdespon-
1871 4609 1916 4666 Β
1947 4632 2170 4687 “’ibu'a-
2204 4633 2308 4699 QUi
2355 4634 2565 4706 Ῑοϐίηοε
2609 4639 2925 4699 inefﬁcaces
2965 4646 3204 4715 dimisus
3251 4650 3399 4707 “una
3433 4652 3518 4714 θῖσ

262 4712 400 4765 sata,
452 4706 629 4760 tenuit
675 4722 771 4761 eas
805 4719 859 4765 et
904 4714 1219 4792 observavit
1248 4720 1301 4773 in
1333 4720 1617 4783 Dominico
1652 4749 1837 4789 mona-

260 4796 452 4863 sterio,
487 4798 631 4867 quod
663 4805 1085 4871 cognominatur
1116 4826 1269 4867 novae
1304 4813 1662 4878 Pmnitentiae.
1699 4824 1834 4884 Cum

259 4896 441 4972 autem
475 4889 701 4964 adiisset
728 4893 1011 4953 lleraclius
1042 4901 1312 4972 Abydum,
1347 4906 1553 4965 invenit
1584 4912 1837 4975 Theodo-

258 4968 381 5035 rum
429 4982 683 5039 comitem
725 4985 923 5058 Abydi,
957 5001 1012 5045 et
1062 4968 1379 5054 sciscitatus
1430 5003 1621 5061 didicit
1671 5012 1740 5066 ab
1770 5029 1836 5071 eo

259 5088 382 5145 qua!
411 5074 885 5149 Constantinopoli
933 5087 1316 5145 movebantur.
1357 5091 1425 5146 At
1457 5111 1585 5152 vero
1620 5099 1834 5161 Phocas

256 5168 412 5224 misit
455 5168 677 5227 fratrem
731 5188 891 5239 suum
941 5174 1344 5237 Domentiolnm
1384 5190 1706 5256 magistrum
1767 5195 1834 5251 ad

257 5263 648 5320 custodiendos
703 5282 890 5325 muros
930 5269 1145 5341 longos.
1181 5276 1429 5346 Cumque
1473 5287 1834 5352 comperisset

254 5352 569 5409 Heracliam
633 5357 883 5429 Abydum
934 5361 1154 5429 adiisse,
1191 5369 1361 5422 muris
1404 5370 1650 5451 dimissis
1696 5375 1835 5448 fugit

255 5444 817 5519 Constantinopolim.
854 5453 1027 5509 Porro
1059 5454 1346 5515 Heraclius
1392 5448 1533 5532 apud
1579 5444 1845 5538 Abydum

258 5542 466 5612 recepit
504 5558 695 5600 omnes
722 5546 942 5602 exsules
970 5550 1268 5620 principes,
1293 5568 1433 5623 quos
1456 5556 1655 5613 ibidem
1695 5560 1835 5617 Pho-

258 5650 352 5691 cas
384 5637 579 5692 exsilio
614 5638 973 5709 relegaverat,
1010 5652 1063 5697 et
1093 5646 1341 5701 ascendit
1370 5663 1493 5702 cum
1525 5651 1607 5706 eis
1640 5653 1693 5707 in
1730 5653 1836 5710 He-

255 5728 506 5784 racliam.
550 5728 860 5798 Stephanus
890 5742 1070 5789 autem
1107 5735 1286 5806 Cyzici
1322 5741 1697 5808 metropolites
1744 5758 1835 5799 ac-

253 5832 471 5892 ceptum
528 5827 756 5879 stemma
782 5826 849 5881 ab
899 5828 1129 5883 ecclesia
1171 5839 1373 5902 sancta:
1408 5830 1500 5887 Dei
1538 5830 1835 5894 Genitricis

254 5913 506 5973 Heraclio
548 5916 757 5974 detulit.
795 5917 1085 5991 Propterea
1141 5938 1261 5980 cum
1303 5923 1831 6000 Constantinopolim

1941 4725 2154 4780 reddita
2200 4726 2433 4790 ratione,
2477 4744 2707 4799 sperans
2731 4736 3197 4805 comprehendere
3233 4737 3517 4799 Romano-

1940 4831 2060 4871 sum
2123 4819 2299 4874 modis
2328 4822 2585 4877 omnibus
2647 4826 3038 4897 principatum.
3104 4829 3277 4887 Porro
3342 4833 3515 4893 Hera.-

1938 4908 2079 4964 clius
2128 4896 2320 4966 eodem
2354 4928 2499 4967 anno
2540 4915 2697 4972 duxit
2728 4919 2939 4974 inceste
2973 4920 3263 4978 Martinam
3294 4935 3521 4998 neptem

1938 5017 2092 5058 suam
2122 4996 2369 5068 uxorem,
2398 5014 2450 5061 et
2490 5012 2864 5076 pronuntiavit
2893 5027 3012 5070 eam
3050 5016 3376 5088 Augustam,
3416 5035 3526 5075 cno-

1936 5101 2187 5149 ronatam
2219 5110 2247 5149 a
2281 5096 2473 5167 Sergio
2509 5101 2845 5168 patriarcha.

2008 5186 2167 5241 Anno
2220 5188 2433 5258 imperii
2484 5192 2718 5247 Heracl’ti
2775 5195 2965 5265 quinto
3017 5207 3278 5269 ceperunt
3332 5199 3515 5259 Persa:

1937 5276 2231 5335 Iordanem
2273 5284 2429 5338 bello
2454 5290 2508 5340 et
2556 5284 2905 5341 Palaestinam
2940 5298 2994 5345 et
3027 5301 3272 5347 sanctam
3314 5294 3510 5351 civita-

1936 5381 2065 5438 tem,
2098 5378 2153 5427 et
2185 5373 2387 5430 multos
2424 5377 2477 5429 in
2515 5391 2578 5431 ea
2614 5391 2712 5448 per
2754 5375 3067 5435 Iudaeorum
3104 5397 3298 5439 manus
3342 5386 3514 5442 inter-

1936 5462 2202 5531 fecerunt,
2255 5467 2307 5521 id
2360 5478 2463 5531 est,
2496 5477 2556 5521 tit
2606 5469 2827 5539 quidam
2866 5472 3039 5537 aiunt,
3074 5476 3245 5532 millia
3288 5476 3377 5532 90.
3414 5479 3507 5536 Isti

1936 5555 2087 5610 enim
2110 5564 2357 5613 ementes
2390 5558 2755 5638 Christianos,
2791 5572 2948 5631 prout
2978 5568 3360 5638 unusquisque
3384 5586 3515 5637 pre-

1937 5648 2073 5717 tium
2111 5648 2314 5706 habere
2357 5629 2592 5721 poterat,
2643 5629 2969 5711 occidebant
3022 5673 3140 5714 eos.
3188 5658 3509 5721 Zachariam

1939 5761 2069 5800 vero
2101 5744 2655 5820 Hierosolymitanum
2710 5753 2999 5819 praesulem
3052 5759 3509 5823 comprehensum

1937 5847 1991 5896 et
2023 5841 2261 5911 pretiosa
2316 5853 2371 5897 et
2422 5844 2634 5901 viviﬁca
2694 5845 2837 5916 ligna
2868 5861 2994 5902 cum
3030 5850 3198 5903 multa
3231 5851 3410 5922 praeda
3452 5852 3511 5908 in

1938 5929 2217 5988 Persidem
2252 5933 2617 5993 abduxerunt.
2669 5934 2871 5991 Eodem
2905 5954 3048 5996 anno
3083 5950 3244 5998 natas
3290 5950 3373 5997 est
3404 5942 3510 5997 im-
