4038 6298
473 433 615 498 1999

1570 416 1972 487 ANASTASII
2010 412 2519 480 BIBLIOTHECA
2541 419 2660 488 ΗΠ

3632 424 3777 491 1300

468 544 706 618 per-atori
742 542 1143 607 Constantinus
1193 540 1357 606 allus,
1405 547 1462 594 et
1519 537 1829 607 baptizatus
1870 536 1957 586 est
1991 531 2048 593 in
2084 531 2129 589 Δ
2159 541 2357 589 contra
2422 532 2733 599 Persidem.
2784 539 3035 617 Sumptis
3066 553 3248 602 autem
3297 555 3493 599 ιιιυωο
3548 558 3784 601 tenera.

469 636 789 694 Blacbernis
819 650 849 689 a
887 634 1078 705 Sergio
1106 629 1444 703 patriarcha.

538 729 698 787 Anno
757 728 971 799 imperii
1005 721 1267 781 ‘Heraclii
1322 732 1478 781 sexto
1534 727 1801 793 ceperunt
1877 714 2056 771 Persae

471 832 641 879 totam
674 821 970 894 Egyptum
1003 829 1058 874 et
1088 816 1476 875 Alexandriam
1512 824 1568 872 et
1616 813 1840 883 Libyam
1881 820 2058 879 usque

470 920 542 992 ad
568 915 933 987 .IEthiopiam,
965 913 1244 982 multaque
1281 908 1461 982 praeda
1495 916 1712 976 sumpta
1748 913 1802 960 et
1844 900 2059 959 exuviis

472 1009 897 1084 quamplurimis
947 1016 1000 1064 et
1037 1006 1286 1080 pecuniis
1335 1004 1405 1061 ad
1461 1004 1681 1077 propria
1721 1001 2057 1057 remearunt.

474 1102 860 1175 Carthaginem
900 1110 1079 1156 autem
1119 1113 1318 1168 capere
1347 1107 1573 1162 minime
1618 1096 1930 1158 valuerunt,
1967 1087 2063 1145 sed

470 1198 727 1259 custodia
774 1204 1002 1261 dimissa
1033 1205 1322 1261 obsidendi
1371 1214 1492 1257 eam
1530 1194 1898 1253 recesserunt.

543 1297 937 1369 Annoimperii
965 1295 1200 1353 Heraclii
1233 1298 1468 1369 septimo
1502 1305 1686 1353 castra
1712 1298 1901 1354 metati
1928 1304 2055 1353 sunt

474 1394 659 1453 Persa:
703 1405 897 1453 contra
938 1395 1350 1469 Carthaginem,
1405 1411 1569 1467 quam
1628 1402 1682 1451 et
1715 1395 1857 1451 bello
1897 1410 2059 1464 cepe-

476 1498 625 1546 runt.
664 1488 869 1546 Eodem
915 1504 1059 1545 anno
1096 1489 1291 1546 consul
1324 1489 1505 1545 factus
1545 1500 1627 1547 est
1662 1488 2059 1545 Constantinus

469 1581 681 1654 junior,
710 1582 805 1653 qui
850 1591 905 1639 et
962 1581 1268 1650 Heraclius,
1298 1592 1354 1638 et
1380 1580 1615 1637 Heraclii
1639 1582 1802 1645 (ilius.
1845 1588 1899 1637 et
1930 1596 2060 1657 pro-

474 1674 623 1731 vexit
651 1673 705 1731 in
753 1675 1024 1733 Caesarem
1073 1674 1496 1732 Constantinum
1536 1675 1802 1731 minorem
1831 1673 2058 1729 fratrem

475 1784 663 1837 suum,
697 1787 763 1827 ex
805 1770 1057 1827 Heraclio
1088 1770 1330 1841 genitum
1366 1781 1419 1827 et
1452 1770 1703 1827 Martina.

548 1861 713 1918 Anno
746 1863 956 1934 imperii
989 1863 1075 1919 sui
1107 1871 1304 1920 octavo
1338 1878 1534 1921 rursus
1575 1862 1860 1921 Heraclius
1912 1863 2060 1920 misit

2166 623 2367 717 bilium
2432 625 2729 693 domorum
2774 635 3027 717 pecuniis
3081 632 3436 708 aporia'tw.)
3474 644 3785 700 coartatus,

2168 715 2381 786 accepit
2448 722 2612 790 etiam
2674 715 2925 784 ecclesia
2982 728 3190 806 Magnae
3253 732 3452 790 multas
3520 730 3785 793 candelas

2169 811 2431 887 ferentia,
2470 818 2632 874 simul
2684 832 2740 877 et
2791 828 2896 882 alia
2932 838 3062 898 vasa
3098 825 3521 887 ministratoris.
3559 822 3781 890 Quibus

2168 923 2429 995 conﬂatis.
2484 926 2700 989 exorari
2743 919 2879 981 fecit
2920 942 2987 982 cx
3024 927 3111 983 his
3152 938 3411 982 nummos
3463 933 3664 977 aureos
3716 924 3777 972 et

2175 1032 2467 1094 argenteos
2525 1020 2816 1093 plurimos.
2870 1016 3191 1089 dimisitque
3230 1017 3401 1072 lilium
3443 1025 3603 1071 suum
3644 1022 3779 1063 cum

2175 1097 2363 1191 Sergio
2395 1116 2710 1189 patriarcha
2753 1114 2807 1170 in
2842 1113 2978 1169 urbe
3022 1109 3348 1183 disponendi
3399 1105 3619 1178 negotia
3665 1118 3784 1157 una

2176 1228 2302 1268 cum
2359 1211 2579 1269 Bonoso
2625 1208 2883 1282 patricio.
2926 1208 3045 1263 viro
3093 1207 3276 1278 sagaci
3328 1214 3383 1259 et
3426 1216 3526 1273 per
3576 1204 3788 1275 cuncta

2176 1305 2433 1377 Ρτυάειιιὶ
2470 1314 2637 1378 atque
2682 1308 2885 1378 perito.
2934 1302 3170 1373 Scripsit
3225 1309 3409 1373 autem
3458 1296 3525 1367 ad
3563 1292 3778 1368 chaga-

2178 1415 2305 1465 num
2345 1398 2583 1466 Avarum
2617 1416 2810 1473 preces
2834 1413 3023 1464 curam
3060 1393 3256 1467 agendi
3286 1394 3465 1462 ‘super
3494 1386 3784 1441 Romano-

2178 1508 2299 1563 rum
2338 1494 2593 1563 negotiis,
2626 1503 2887 1562 tanquam
2930 1491 3024 1562 qui
3058 1502 3245 1545 secum
3276 1482 3578 1544 amicitiam
3611 1476 3789 1534 fuerit

2175 1596 2393 1655 pactus,
2449 1594 2687 1643 tutorem
2742 1588 2836 1643 filii
2885 1586 2972 1642 sui
3030 1584 3178 1639 hunc
3236 1576 3537 1653 appellans.
3594 1570 3785 1627 Motus

2174 1687 2359 1734 autem
2405 1696 2437 1735 a
2474 1681 2624 1752 regia
2659 1681 2797 1737 urhe
2836 1679 3003 1736 exivit
3035 1692 3206 1746 super
3233 1675 3413 1731 locum
3452 1667 3545 1741 qui
3571 1666 3786 1722 dicitur

2172 1768 2374 1835 Porta,
2428 1772 2651 1843 navigio
2685 1772 2790 1829 iter
2819 1786 3009 1843 agens.
3058 1770 3219 1824 Illinc
3246 1780 3380 1821 vero
3415 1777 3508 1833 per
3541 1765 3785 1815 cietcras

2175 1867 2430 1937 regiones
2473 1866 2579 1922 sibi
2622 1866 2905 1940 subiectas
2950 1864 3233 1936 profectus
3263 1856 3428 1929 elegit
3475 1851 3783 1913 exercitus,

470 1953 534 2009 in
563 1952 845 2011 Persidem
876 1955 1087 2025 legatos
1110 1956 1178 2011 ad
1206 1955 1513 2021 Cbosroen,
1539 1956 1823 2028 postulans
1849 1971 2063 2028 pacem.
2094 1934 2147 1995 Β
2177 1934 2471 2015 et‘addidit
2506 1960 2616 2023 illis
2647 1934 2845 2019 novam
2873 1934 3147 2013 militiam.
3178 1952 3290 2007 llos
3314 1960 3494 2014 autem
3516 1954 3787 2001 exercere

477 2050 578 2103 Ast
604 2046 879 2103 Chosroes
911 2048 1108 2103 iterum
1148 2062 1243 2104 eos
1284 2049 1509 2118 sprevit,
1549 2062 1911 2106 asseverans:
1947 2046 2071 2113 Non

480 2158 703 2212 parcam
752 2141 916 2207 vobis,
971 2141 1134 2197 donec
1195 2141 1517 2216 cruciﬁxum
1571 2144 1863 2215 abnegetis,
1920 2158 2071 2213 quem

484 2240 652 2293 Deum
695 2252 807 2292 esse
850 2235 1111 2307 fatemini,
1161 2244 1211 2294 et
1262 2238 1497 2291 adoretis
1537 2237 1723 2291 solum.

554 2332 715 2387 Anno
775 2328 991 2405 imperii
1047 2328 1286 2385 Heraclii
1340 2344 1487 2385 nono
1542 2331 1710 2384 acieu'
1754 2328 2076 2397 direxerunt

482 2426 691 2493 Avares
718 2434 908 2480 contra
928 2422 1226 2489 Thracem,
1258 2432 1311 2479 et
1354 2425 1540 2479 missis
1568 2423 1850 2480 lleraclius
1882 2423 2074 2494 legatis

482 2516 555 2573 ad
595 2531 691 2574 eos
731 2514 994 2587 poscebat
1051 2530 1265 2594 pacem.
1313 2515 1565 2586 Cumque
1602 2514 1884 2586 chaganus
1935 2506 2076 2572 hanc

487 2608 667 2677 facere
712 2606 1120 2680 spopondisset,
1150 2608 1286 2664 exiit
1319 2606 1617 2684 imperator
1666 2606 1815 2663 foras
1860 2623 2074 2665 niuruin

490 2700 713 2774 longum
758 2717 885 2759 cum
938 2702 1088 2756 omni
1133 2694 1400 2772 obsequio
1443 2701 1594 2773 regio
1638 2716 1701 2757 ac
1756 2703 2077 2758 muneribus

484 2799 675 2856 multis
734 2807 788 2853 et
859 2798 1075 2869 magnis
1130 2796 1199 2852 ad
1258 2795 1668 2865 suscipiendum
1725 2797 2075 2868 chaganum,

486 2902 812 2973 recepturus
841 2890 909 2947 ab
930 2906 996 2946 eo
1028 2890 1346 2961 iuramenta
1377 2891 1616 2947 faciendi
1644 2890 1876 2948 invicem
1913 2906 2078 2963 spon-
2107 2957 2109 2960 q

487 2980 676 3056 siones
721 2983 1002 3055 paciﬁcos.
1037 2983 1106 3038 At
1152 3000 1287 3057 vero
1312 2985 1587 3041 barbarus
1618 2986 1708 3041 ille
1754 2993 1863 3042 tam
1904 3000 2077 3059 spon-

488 3078 738 3135 sionibus
780 3092 943 3149 quam
997 3093 1118 3171 quae
1167 3077 1351 3150 iurata
1386 3077 1603 3136 fuerant
1637 3081 1861 3151 spretis,
1893 3081 2078 3149 subito

488 3171 775 3246 tyrannice
807 3179 1000 3240 contra
1032 3172 1419 3244 imperatorem
1475 3173 1756 3244 profectus
1802 3185 1905 3233 est.
1947 3175 2079 3233 Stu-

2178 2066 2341 2107 orsus
2397 2052 2453 2107 in
2491 2048 2785 2119 hostilibus
2844 2047 3109 2120 operibus
3160 2042 3443 2107 erudivit:
3481 2034 3788 2108 dupliciter

2176 2145 2323 2201 enim
2377 2144 2558 2200 diviso
2595 2143 2844 2200 exercitu
2894 2138 3047 2201 acies
3092 2147 3147 2197 et
3178 2132 3603 2207 congressiones
3630 2125 3784 2206 invi-

2177 2253 2296 2295 cem
2347 2239 2468 2295 sine
2502 2238 2775 2309 sanguine
2814 2237 2931 2293 ﬁeri
2980 2234 3169 2307 jussit,
3210 2235 3621 2296 clamoremque
3654 2219 3785 2287 bei-

2177 2333 2344 2390 licum
2390 2341 2444 2389 et
2486 2331 2733 2389 carmina
2769 2340 2824 2387 et
2851 2330 3084 2402 jubilum
3119 2335 3172 2383 et
3201 2327 3467 2393 impetum
3506 2322 3561 2378 in
3606 2317 3785 2373 alter-

2177 2432 2359 2484 utrum
2404 2421 2722 2494 insurgendi
2784 2421 2989 2477 habere
3036 2418 3137 2473 bos
3165 2414 3415 2493 docebat,
3453 2417 3513 2465 ut
3543 2411 3600 2465 in
3632 2406 3786 2463 bello

2178 2518 2384 2589 reperti
2432 2518 2509 2574 nil
2569 2514 2927 2581 mirarentur,
2971 2510 3068 2568 sed
3111 2509 3344 2581 tideutcr
3392 2515 3657 2573 tanquam
3708 2497 3784 2571 ad

2172 2613 2364 2685 jocum
2396 2612 2888 2686 proficiscerentur
2934 2607 2989 2660 in
3034 2606 3272 2673 hostem.
3304 2598 3599 2681 Accipiens
3636 2606 3785 2675 vero

2179 2704 2474 2776 imperator
2521 2704 2576 2759 in
2610 2702 2864 2769 manibus
2914 2694 3008 2752 Dei
3061 2695 3276 2761 virilem
3310 2692 3564 2762 figuram,
3609 2699 3779 2757 quam

2179 2812 2380 2854 manus
2447 2811 2555 2855 non
2612 2794 3005 2867 depinxerunt,
3045 2787 3141 2846 sed
3193 2786 3253 2840 in
3311 2785 3471 2838 icona
3528 2778 3778 2834 Verbum

2178 2890 2324 2966 quod
2356 2890 2541 2957 omnia
2589 2889 2791 2943 format
2829 2896 2997 2956 atque
3049 2878 3335 2951 componit
3384 2875 3506 2931 sine
3555 2871 3785 2966 pictura

2180 2962 2439 3055 formam,
2477 2984 2623 3039 velut
2669 2981 2789 3039 sine
2832 2979 3045 3043 semine
3078 2983 3319 3048 partum,
3365 2968 3578 3034 eduxit,
3610 2974 3667 3021 et
3721 2962 3781 3019 in

2182 3081 2284 3137 hac
2338 3078 2475 3134 ﬁsus
2513 3091 2541 3130 a
2575 3073 2691 3147 Deo
2723 3075 2867 3149 picta
2918 3072 3090 3144 ﬁgura
3122 3069 3291 3139 erepit
3323 3077 3553 3136 agones,
3610 3060 3781 3129 jura-

2180 3179 2367 3229 ntenta
2428 3170 2567 3228 dans
2639 3168 2841 3244 populo
2902 3166 3049 3238 quod
3119 3178 3245 3220 cum
3299 3159 3436 3232 ipsis
3484 3169 3661 3225 usque
3706 3154 3783 3208 ad

489 3245 738 3340 pefactus
785 3280 916 3337 ergo
951 3266 1255 3336 imperator
1298 3282 1463 3352 super
1493 3269 1788 3339 insperatae
1834 3270 1910 3326 rei
1962 3286 2079 3329 nio.
2102 3304 2147 3364 ο
2180 3271 2413 3325 mortem
2446 3263 2586 3323 foret
2632 3245 2948 3324 certaturus
2977 3269 3033 3317 et
3062 3259 3143 3335 eis
3179 3268 3443 3327 tauquam
3488 3252 3617 3308 ﬁliis
3646 3262 3780 3322 pro-

490 3358 701 3425 limine,
761 3357 887 3430 fuga
954 3359 1143 3431 lapsus
1205 3358 1261 3413 in
1326 3359 1602 3415 civitatem
1664 3376 1916 3416 reversus
1970 3370 2074 3418 est.

488 3451 763 3508 Barbarus
799 3460 983 3510 autem
1019 3452 1169 3511 omni
1214 3453 1366 3523 regio
1406 3462 1675 3527 apparatu
1717 3456 1972 3527 adempto
2019 3463 2077 3511 ct

486 3543 836 3625 supellectili.
898 3555 954 3611 et
1037 3551 1311 3615 quotquot
1364 3561 1429 3601 ex
1494 3546 1812 3603 hominibus
1874 3562 2069 3618 capere

486 3634 683 3706 potuit.
736 3636 1006 3692 subvertit
1070 3636 1229 3694 villas
1303 3639 1528 3702 multas.
1591 3639 1933 3717 depopulans
2007 3657 2074 3697 ex

487 3733 784 3800 improviso
819 3746 917 3800 spe
953 3730 1108 3799 pacis
1141 3729 1424 3800 deceptos.

555 3823 746 3878 Mundi
804 3837 950 3877 anno
992 3821 1155 3877 ﬁt“.
1206 3810 1406 3878 divinae
1472 3823 1877 3883 incarnationis
1928 3840 2074 3882 anno

484 3915 611 3983 6H,
663 3928 811 3970 anno
850 3929 979 3984 vero
1033 3914 1248 3999 imperii
1288 3914 1521 3970 Heraclii
1561 3915 1773 3975 decimo
1807 3916 2073 3991 Georgius

489 4008 871 4064 Antiochenus
898 4006 1134 4062 habetur
1172 4011 1431 4064 antistes.
1475 4006 1761 4077 Heraclius
1794 4019 1974 4067 autem
2006 4011 2072 4071 ad

485 4100 790 4168 ehaganum
844 4103 1085 4154 Avarum
1134 4098 1329 4171 legatis
1378 4100 1562 4157 missis
1616 4100 1868 4170 queritur
1911 4117 2075 4173 super

485 4189 576 4246 bis
616 4205 738 4260 quae
777 4189 1033 4261 nequiter
1071 4197 1194 4245 acta
1240 4188 1458 4246 fuerant
1489 4191 1559 4247 ab
1586 4205 1675 4260 co,
1708 4200 1761 4259 et
1783 4192 1852 4247 ad
1883 4208 2072 4264 pacem

486 4284 765 4340 hortatur.
800 4282 962 4339 Acies
999 4284 1199 4357 quippe
1240 4283 1537 4351 disponens
1569 4294 1761 4346 contra
1793 4274 2070 4344 Persidem

484 4376 801 4481 diripiendas
838 4376 1040 4446 pacisci
1081 4390 1204 4442 cum
1240 4376 1489 4445 chaganq
1538 4378 1775 4433 volebat.
1825 4379 1927 4446 Qui
1987 4394 2073 4434 re-

487 4467 695 4524 veritus
724 4467 1074 4524 dilectionem
1117 4469 1468 4546 imperatoris
1499 4485 1560 4526 se
1594 4470 1923 4541 ptenitnisse
1954 4473 2070 4542 pol-

485 4559 758 4621 licebatur
784 4570 840 4631 et
865 4574 1052 4632 pacem
1079 4557 1260 4620 facere
1281 4562 1629 4632 repromisit;
1664 4573 2072 4633 pangentesque

2182 3358 2318 3431 priis
2378 3355 2734 3425 adhaesurus:
2792 3352 3012 3417 volebat
3066 3348 3215 3407 enim
3276 3350 3603 3419 potestatem
3661 3354 3786 3396 non

2179 3452 2379 3507 timore
2425 3458 2692 3520 quantum
2738 3459 2931 3517 amore
2983 3441 3291 3517 possidere.
3327 3436 3575 3506 Cumque
3623 3435 3784 3511 inve-

2179 3544 2357 3609 nisset
2419 3532 2729 3598 exercitum
2782 3538 2839 3595 in
2898 3524 3111 3593 desidia
3158 3534 3329 3597 multa
3361 3540 3416 3588 et
3455 3525 3783 3585 formidine,

2180 3632 2572 3706 inquietudine
2641 3646 2706 3687 ac
2775 3629 3044 3686 dedecore
3117 3628 3506 3697 constitutum,
3558 3628 3613 3676 et
3676 3632 3786 3690 per

2176 3730 2381 3799 multas
2444 3735 2602 3781 terrae
2643 3707 2843 3796 partes
2917 3719 3366 3783 disseminatum,
3421 3720 3667 3770 actutum
3719 3708 3787 3765 ita

2177 3835 2346 3893 unum
2394 3806 2658 3887 collegit.
2690 3818 2759 3872 Et
2791 3831 2984 3870 omnes
3022 3814 3182 3885 quasi
3227 3826 3294 3881 es
3326 3824 3432 3869 una
3463 3818 3785 3874 consonan-

2177 3894 2252 3968 tia
2289 3892 2653 3987 laudatorum
2682 3908 2970 3980 imperium
3000 3916 3053 3962 et
3079 3904 3461 3979 fortitudinem
3484 3898 3785 3975 principis.

2174 4005 2297 4079 ipse
2362 4020 2493 4075 vero
2558 4004 2739 4061 verbis
2802 4003 2901 4057 hos
2968 4000 3337 4057 corroborans
3407 3992 3776 4068 perhibebat:

2185 4100 2389 4167 Videte,
2422 4100 2616 4170 fratres
2656 4109 2704 4158 et
2730 4097 2854 4169 ﬁlii,
2896 4105 3021 4168 quot
3051 4093 3258 4159 inimici
3302 4091 3398 4145 Dei
3427 4089 3780 4144 concaleat-eo

2179 4196 2289 4250 rint
2339 4195 2606 4264 regionem
2664 4200 2926 4256 nostram,
2979 4198 3031 4243 et
3082 4188 3236 4243 urbes
3281 4181 3777 4246 exterminant-int,

2176 4296 2227 4341 et
2277 4285 2481 4340 altaria
2510 4285 2975 4354 concremaverint,
3012 4288 3061 4335 et
3116 4294 3323 4339 mensas
3372 4276 3779 4339 incruentam":

2173 4379 2569 4449 sacriﬁciorum
2609 4375 2955 4447 sanguinibus
3001 4370 3408 4437 honticidiorum
3437 4366 3776 4439 repleuerint,

2171 4486 2222 4531 et
2254 4475 2525 4539 ecclesias,
2565 4489 2682 4543 qua:
2706 4470 2915 4540 ﬂagitia
2962 4486 3068 4522 nun
3108 4465 3425 4533 admittunt,
3457 4461 3777 4533 ﬂagitiosis,-

2172 4571 2323 4624 simis
2352 4565 2662 4633 repleverit“
2699 4561 3077 4633 voluptatibus.
3124 4558 3307 4627 Itaque
3333 4569 3545 4611 cuneos
3577 4569 3779 4611 rursus

488 4655 697 4717 fmdera
746 4656 911 4729 iegati
961 4657 1018 4724 in
1062 4668 1201 4725 pace
1249 4658 1453 4712 reversi
1492 4666 1641 4714 sunt.
1685 4656 1884 4719 Eodem
1918 4674 2065 4713 anno
2093 4665 2148 4734 ι)
2176 4661 2242 4716 ad
2278 4660 2535 4716 bellicum
2568 4657 2895 4714 exercitium
2930 4662 3130 4714 armat,
3170 4651 3391 4730 agmina
3426 4650 3535 4721 duo
3558 4658 3772 4726 armata

488 4758 749 4823 ceperunt
776 4749 958 4817 Persa:
991 4747 1262 4821 Ancyram
1300 4746 1527 4804 Galatia:
1557 4748 1721 4812 bello.

555 4843 720 4899 Anno
749 4841 963 4914 imperii
1000 4840 1237 4934 Heraciii
1266 4841 1325 4934 li
1355 4841 1554 4898 durum
1578 4842 1852 4900 Chosroes
1875 4844 2067 4934 iugum

485 4948 649 4989 suum
706 4948 873 5003 super
917 4948 1113 4989 omnes
1174 4931 1427 4989 homines
1482 4934 1612 4990 fecit
1680 4935 1735 4991 in
1802 4931 2073 4993 etIusione

484 5026 778 5101 sanguinis
800 5033 857 5083 et
884 5029 1098 5086 ratione
1132 5028 1327 5084 tributi
1348 5046 1367 5098 ;
1389 5030 1567 5085 elatus
1596 5031 1743 5086 enim
1783 5030 2067 5103 triumpho

484 5120 802 5176 nullatenus
827 5120 970 5176 ultra
999 5121 1059 5177 in
1102 5124 1420 5177 constantia
1462 5137 1587 5179 esse
1630 5132 1867 5193 poterat.
1916 5123 2073 5189 Tune

485 5210 769 5269 lleraclius
830 5214 953 5281 aelo
995 5212 1088 5270 Dei
1146 5222 1431 5289 suscepto,
1500 5222 1555 5271 et
1610 5230 1739 5279 cum
1800 5216 2077 5274 Avaribus

485 5310 645 5377 pace,
708 5313 767 5361 ut
825 5306 1079 5377 putabat,
1133 5315 1442 5375 contracta,
1500 5308 1785 5369 transtulit
1841 5310 2075 5370 militias

488 5394 725 5467 Europa:
773 5395 826 5450 in
885 5396 1092 5460 Asiam.
1127 5407 1183 5454 et
1239 5398 1519 5469 cogitabat
1562 5398 1653 5454 Dei
1686 5402 2074 5465 cooperatione

482 5498 679 5544 contra
724 5487 1005 5546 Persidem
1057 5502 1374 5561 properare.

558 5579 720 5634 Anno
760 5579 970 5650 imperii
1012 5581 1096 5636 sui
1138 5580 1222 5641 12.
1271 5597 1457 5637 mense
1504 5582 1705 5652 Aprili,
1724 5582 1815 5640 die
1839 5586 1896 5641 Δ.
1927 5586 2069 5642 iridi-

489 5672 673 5728 ctione
704 5669 792 5738 10,
828 5674 1126 5743 imperator
1173 5674 1461 5731 iieraclius
1501 5675 1777 5731 celebrata
1809 5680 2069 5733 solemni-

485 5772 597 5821 tate
632 5766 896 5835 paschali,
926 5782 1053 5823 mox
1086 5771 1331 5829 secunda
1365 5768 1502 5824 feria
1537 5771 1748 5839 vesperi
1778 5782 1961 5828 motus
1981 5782 2067 5828 est

2170 4753 2456 4826 ordinans,
2488 4749 2650 4806 tubas
2711 4763 2929 4819 quoque
2979 4760 3043 4801 ac
3088 4746 3407 4816 clypeorum
3472 4742 3777 4818 phalange?

2174 4847 2435 4906 elﬁciens.
2472 4844 2536 4901 Et
2563 4844 2802 4915 populus
2831 4843 3055 4915 thorace
3088 4838 3319 4895 indutus
3365 4838 3605 4895 astabat.
3632 4835 3779 4890 Nam.

2177 4958 2304 5013 cum
2365 4940 2515 4996 acies
2562 4924 2785 4993 cautius
2824 4920 3172 5013 Statuissent,
3204 4932 3653 5006 congressionem
3687 4928 3777 4985 iu-

2175 5036 2353 5091 vicem
2383 5048 2548 5103 agere
2569 5033 2764 5102 jussit.
2809 5030 3172 5101 Impuisiones
3201 5034 3386 5085 autem
3420 5027 3778 5082 vehementes

2177 5141 2244 5199 ac
2310 5123 2697 5196 percussiones
2766 5122 2821 5175 in
2886 5121 3216 5187 alterutrum
3265 5116 3663 5183 ediciebantur,
3717 5124 3775 5170 et

2174 5216 2400 5289 habitus
2437 5215 2564 5287 belli
2593 5210 3048 5278 ostendebantur,
3086 5218 3316 5289 eratque
3356 5207 3619 5280 horribile
3648 5207 3773 5266 visu

2173 5288 2573 5383 spectaculum,
2623 5306 2746 5363 sine
2790 5305 2989 5359 timore
3018 5301 3347 5374 periculum,
3379 5309 3433 5373 et
3460 5300 3527 5355 ad
3556 5308 3775 5383 strages

2175 5378 2415 5477 impetus
2449 5401 2569 5470 sine
2605 5398 2898 5471 sanguine,
2930 5395 3024 5454 sed
3061 5404 3191 5471 ante
3226 5395 3619 5451 necessitatem
3675 5378 3777 5448 nec

2174 5495 2451 5554 cessitatis
2505 5492 2680 5557 modi,
2734 5501 3008 5563 quatenus
3070 5488 3456 5561 unusquisque
3510 5498 3772 5559 percepta

2175 5587 2467 5644 occasione
2480 5585 2646 5641 caedis
2676 5568 2928 5652 innocuae
2954 5583 3122 5656 tutior
3146 5589 3519 5655 permaneret.
3545 5579 3769 5643 Taliter

2177 5691 2357 5736 autem
2394 5679 2624 5735 armatis
2668 5679 2926 5733 omnibus
2971 5675 3227 5747 praecepit
3260 5676 3328 5731 ab
3370 5672 3643 5751 iniustitia
3674 5686 3771 5739 pc-

2176 5772 2329 5828 nitus
2381 5770 2763 5826 abstinendum
2804 5781 2857 5824 et
2898 5770 3155 5840 pietatem
3195 5768 3538 5834 sectandum.
3592 5767 3767 5823 Porro

2040 5868 2147 5912 iﬂT

2040 5868 2052 5883 '
2105 5869 2147 5912 τ

558 5949 669 6024 (49)
700 5954 910 6023 Αρονὶα.
956 5951 1087 6010 Vide
1113 5952 1432 6034 Speltuanni
1476 5955 1815 6020 Glossarium
1840 5963 1893 6019 it:
1928 5868 2218 6030 ους)ῗὲξῇ
2221 5970 2273 6019 et
2308 5960 2586 6029 Vossium,
2624 5959 2697 6015 De
2734 5961 2872 6017 ritiir
2909 5960 3188 6016 sermonis.
3237 5958 3403 6015 FABI.
