4034 6298
329 369 455 439 1301

1109 369 1484 443 HISTORIA
1522 381 1657 457 ECC
1667 375 2124 444 LESIASTICA'
2144 383 2250 453 EX
2266 382 2749 458 .THEOPHANE
2761 431 2781 447 .

3472 379 3661 452 1302a

322 505 446 547 cum
484 490 830 562 pervenisset
865 491 931 547 ad
987 504 1175 566 partes
1227 496 1526 563 Armeniae,
1580 515 1921 571 praecurrere
1947 504 1995 573 ᾼ
2027 499 2356 570 henderunt.
2395 501 2674 572 Ceperunt
2701 511 2923 570 quoque
2969 504 3030 554 et-
3068 496 3266 552 horum
3302 497 3603 556 exercitum

317 582 489 651 jussit
535 582 765 663 electos.
819 581 1223 642 Saracenorum
1257 604 1388 644 vero
1423 601 1553 659 tunc
1596 594 1701 663 sub
1743 596 1919 667 pactis

320 672 615 732 Persarum
671 676 1102 747 constitutorum
1136 680 1434 741 multitudo
1472 684 1718 756 equitum
1776 686 1919 743 clam

320 768 375 844 in
432 768 822 838 imperatorem
877 771 1096 828 irruere
1131 772 1527 834 meditabatur.
1587 778 1702 833 Viri
1734 788 1917 837 autem

318 859 699 937 imperatoris,
766 862 860 934 qui
902 875 1349 941 cpraecurrerant,
1405 869 1492 925 his
1561 848 1920 942 occurrentes

315 958 607 1026 praetorem
660 955 905 1037 ipsorum
945 956 1186 1011 vinctum
1244 958 1311 1014 ad
1374 958 1689 1017 Heraclium
1744 965 1918 1022 addu-

319 1036 544 1113 xerunt,
573 1039 793 1120 illisque
820 1050 871 1104 in
908 1050 1093 1122 fugam
1138 1054 1314 1130 versis
1367 1054 1573 1113 multos
1618 1057 1917 1116 intereme-

320 1149 469 1195 runt.
511 1132 676 1221 .Qnia
736 1158 864 1201 vero
924 1144 1106 1201 hieme
1159 1128 1457 1205 accedente
1502 1128 1801 1224 imperator
1847 1156 1918 1213 ad

319 1224 608 1319 Ponticum
639 1234 799 1303 clima
842 1234 1087 1302 divertit,
1129 1239 1310 1317 visum
1357 1248 1443 1298 est
1477 1241 1736 1302 barbaris
1768 1246 1920 1304 obsi-

318 1326 449 1416 dere
484 1318 643 1382 illum
696 1328 759 1416 in
800 1328 907 1386 hoc
964 1328 1325 1392 bicmantem.
1358 1335 1427 1392 At
1475 1337 1566 1393 ille
1597 1339 1797 1397 Persas
1832 1341 1918 1396 la-

320 1410 442 1486 tens
509 1429 675 1493 atque
722 1410 1029 1482 'divertens
1094 1425 1378 1496 Persidem
1460 1441 1739 1503 properat.
1803 1432 1918 1492 Hoc

320 1506 556 1598 ltarbari
618 1506 845 1586 cognito
922 1507 977 1572 in
1052 1518 1355 1593 rancorem'
1408 1538 1579 1580 causa
1653 1525 1914 1598 insperati

318 1597 503 1677 aditus
547 1603 907 1687 devenerunt.
951 1606 1227 1683 Sarbahts
1259 1630 1408 1682 vero,
1442 1597 1760 1689 Persarum
1780 1637 1919 1692 prae-

318 1706 425 1759 tor,
486 1707 715 1790 accepto
778 1709 1076 1791 potentatu
1147 1721 1251 1761 suo
1310 1709 1460 1764 venit
1529 1711 1582 1766 in
1637 1711 1913 1788 Ciliciam,

314 1801 599 1861 quatenus
624 1793 676 1849 in
705 1793 1031 1861 Romaniam
1064 1799 1322 1865 egressus
1344 1801 1491 1863 hunc
1522 1804 1654 1861 dare
1681 1807 1909 1867 dorsum

315 1891 692 1973 compelleret.
754 1887 981 1947 Timens
1027 1901 1210 1947 autem
1248 1908 1315 1950 ne
1365 1910 1466 1975 per
1505 1897 1815 1958 Armeniam
1849 1904 1905 1961 in
1937 1861 1987 1925 Β

314 1975 595 2035 Persidem
632 1981 931 2053 imperator
975 1986 1255 2056 ingressus
1299 1987 1443 2046 hanc
1495 1990 1763 2063 turbaret,
1812 2012 1908 2055 co-

316 2081 483 2141 actus
537 2084 621 2130 est
663 2078 818 2161 sequi
856 2085 981 2150 post
1020 2064 1327 2137 Romanum
1378 2069 1703 2156 exercitum,
1737 2088 1909 2147 furari

314 2184 514 2250 curans
570 2169 796 2239 bellum,
826 2182 881 2229 et
929 2190 1027 2245 per
1065 2178 1361 2251 obscuram
1402 2183 1626 2259 aggredi
1664 2195 1908 2246 noctem.

316 2261 421 2317 Sed
468 2278 498 2319 e
531 2274 725 2323 contra
774 2266 950 2343 plena:
980 2270 1126 2327 lunae
1157 2279 1269 2329 tota
1302 2257 1464 2331 nocte
1491 2275 1613 2334 luce
1644 2257 1908 2352 fulgente,

314 2356 664 2456 cavillatione
718 2362 1021 2423 frustratus
1077 2374 1185 2432 est,
1237 2378 1289 2425 et
1344 2366 1560 2438 lunam,
1617 2391 1741 2446 qua:
1803 2379 1911 2456 sibi

312 2451 466 2520 prius
512 2453 569 2535 in
622 2456 773 2513 cultu
823 2458 1021 2526 fuerat,
1083 2459 1414 2538 infamabat,
1478 2483 1603 2539 qua:
1655 2451 1914 2540 videlicet

310 2543 564 2622 eclipsim
613 2563 680 2623 ex
724 2545 1013 2609 accidente
1073 2554 1317 2611 tulisset.
1370 2554 1447 2613 Ex
1488 2538 1594 2614 hoc
1636 2538 1767 2631 ergo
1794 2570 1914 2618 tor-

315 2634 560 2691 inidabat
614 2637 894 2697 Sarbarus
926 2656 1050 2697 cum
1084 2643 1422 2727 imperatore
1468 2633 1788 2707 conflictum
1820 2668 1914 2724 ag-

313 2728 486 2796 gredi,
536 2737 590 2786 et
638 2741 881 2789 montem
932 2736 1260 2797 conscendit
1303 2740 1461 2818 quasi
1506 2743 1796 2809 dou‘cadcs,
1830 2747 1914 2801 in-

316 2822 489 2876 tuitus
529 2826 607 2910 ab
653 2827 875 2910 excelso
925 2827 1126 2883 bonam
1161 2838 1219 2887 et
1270 2834 1506 2905 sapienti
1550 2839 1911 2910 compositam

286 2927 433 2987 'arte
465 2903 716 2975 militiain
764 2917 1165 2977 Romanorum.
1216 2903 1509 2997 Comperta
1563 2903 1695 2985 vero
1744 2931 1915 3004 impe-

314 3017 466 3066 rator
493 3009 688 3067 borum
725 3012 1023 3074 formidine
1063 3018 1117 3074 in
1149 3021 1287 3078 locis
1333 3023 1656 3087 morabatur
1688 3028 1912 3098 requie-

236 3159 238 3161 ,
314 3105 465 3157 tione
511 3104 750 3174 refertis,
786 3109 932 3166 hunc
976 3112 1043 3167 ad
1089 3113 1293 3173 bellum
1328 3116 1622 3193 instigans.
1675 3100 1912 3178 Descen-

2023 599 2077 661 ct
2123 606 2340 657 omnem
2373 588 2772 660 supellectilem
2817 587 3087 658 ipsorum.
3132 584 3304 641 Porro
3336 582 3598 659 Romani.

2023 684 2270 742 extensis
2299 684 2354 740 in
2393 666 2671 739 excelsum
2700 680 2981 739 manibus.
3016 680 3139 734 Deo-
3166 678 3371 750 gratias
3402 676 3607 734 refere—

2025 780 2177 844 bant,
2209 785 2260 834 et
2290 792 2387 847 pro
2418 778 2772 847 imperatore,
2808 773 2902 849 qui
2940 788 3000 829 se
3064 772 3202 828 bene
3261 777 3603 847 portaverat,

2020 870 2402 928 indelicienter
2434 869 2687 925 orabant.
2747 867 2851 934 Qui
2890 866 3035 922 enim
3091 873 3247 920 antea
3287 878 3388 921 nec
3422 862 3606 920 Persi-

2019 983 2144 1022 cutn
2202 965 2481 1022 audebant
2533 963 2721 1017 videre
2785 944 3089 1031 pulverem,
3159 973 3307 1016 nunc
3381 957 3605 1014 immota

2019 1077 2209 1117 eorum
2275 1061 2497 1116 inventa
2551 1046 2907 1113 tabernacula
2965 1053 3226 1134 spoliant.
3282 1052 3419 1121 Quis
3458 1050 3603 1106 enim

2020 1156 2261 1227 speravit
2335 1153 2629 1210 Persarum
2699 1150 3123 1222 inexpugnabile
3187 1164 3363 1220 genus
3441 1146 3606 1219 dorsa

2018 1251 2272 1304 daturum
2298 1260 2537 1317 unquam
2567 1242 2866 1307 Romanis?
2900 1240 3091 1313 Itaque
3123 1240 3419 1313 imperator
3444 1255 3606 1297 exer—

2017 1343 2127 1399 citu
2196 1355 2322 1399 cum
2375 1347 2609 1412 praetore
2683 1336 2751 1391 ad
2817 1336 3170 1415 hiemandum
3242 1334 3296 1391 in
3339 1334 3603 1403 Armenia

2018 1433 2283 1491 derelicto
2321 1435 2438 1505 ipse
2478 1429 2802 1503 Byzantium
2862 1416 3043 1485 rediit.
3445 1414 3449 1421 ’

2089 1527 2281 1593 Mundi
2336 1538 2482 1582 anno
2532 1522 2693 1594 6114,
2734 1523 2936 1579 divinae
3001 1522 3403 1589 incarnationis
3459 1535 3606 1587 anno

2017 1619 2145 1685 6H,
2203 1631 2351 1673 anno
2400 1613 2618 1687 imperii
2681 1613 2766 1671 sui
2815 1614 2883 1670 15
2915 1611 3203 1695 licraclius
3244 1602 3525 1687 profectus
3575 1629 3606 1683 ᾳ

2017 1712 2169 1783 regia
2240 1711 2377 1768 urbe
2440 1710 2697 1767 celeriter
2780 1709 2835 1764 in
2896 1710 3213 1765 Armeniam
3269 1709 3604 1780 properavit.

2016 1805 2295 1863 Chosroes
2340 1812 2523 1860 autem
2585 1801 2881 1860 Persarum
2922 1818 3018 1859 rex
3062 1801 3214 1867 misit
3249 1801 3605 1858 Sarbanazau

2013 1913 2141 1955 cum
2184 1898 2433 1955 exercitu
2474 1910 2579 1955 suo
2612 1896 2668 1953 in
2715 1896 3088 1953 Romanorum
3114 1904 3315 1952 terram
3339 1893 3603 1973 intrandi.

2012 1990 2299 2048 ﬂeraclius
2362 1999 2547 2047 autem
2599 1989 2879 2055 scribebat
2928 1988 2997 2045 ad
3054 1989 3340 2045 Cbosroen
3394 1996 3455 2044 ut
3511 1994 3607 2042 aut

2012 2105 2203 2161 pacem
2254 2088 2702 2160 amplecteretur,
2741 2094 2835 2142 aut
2865 2102 2925 2143 se
2971 2087 3138 2143 sciret
3187 2101 3310 2141 cutn
3362 2084 3607 2142 exercitu

2011 2199 2115 2241 suo
2160 2181 2448 2259 Persidem
2501 2181 2908 2255 ingressurum.
2949 2178 3228 2246 Cltosroes
3272 2190 3456 2235 autem
3505 2192 3608 2235 nec

2012 2290 2203 2349 pacem
2270 2275 2727 2348 amplectebatur,
2769 2289 2875 2332 nec
2922 2288 3114 2351 verum
3178 2271 3418 2328 Heraclii
3486 2286 3606 2328 ser-

2014 2388 2230 2428 monem
2308 2370 2722 2433 arbitrabatur:
2779 2383 2890 2425 non
2964 2366 3114 2425 enim
3184 2366 3396 2423 audere
3451 2364 3619 2420 illum

2013 2463 2232 2521 Persidi
2306 2461 2753 2533 appropinquare
2809 2459 3059 2532 putabat.
3115 2456 3263 2514 Sane
3313 2457 3613 2527 imperator

2013 2576 2094 2617 χιι
2120 2559 2489 2621 Kalendarum
2527 2556 2792 2613 Maiarum
2843 2556 3132 2628 ingressus
3175 2562 3261 2610 est
3303 2551 3605 2609 Persidem.

2015 2651 2136 2719 Quo
2175 2649 2452 2705 Chosroes
2480 2654 2767 2717 comperto
2803 2645 3160 2701 Sarbanaaan
3193 2644 3390 2700 reverti
3418 2642 3605 2715 jussit,

2014 2754 2070 2801 et
2097 2744 2347 2801 collectis
2375 2758 2439 2797 ex
2477 2748 2589 2801 tota
2625 2738 2848 2796 Perside
2886 2738 3102 2795 militiis
3136 2738 3274 2804 suis,
3306 2745 3360 2793 et
3388 2736 3628 2811 traditis-

2015 2839 2096 2895 eis
2124 2836 2275 2903 Sain,
2335 2834 2597 2897 velociter
2626 2832 2857 2889 adnnari
2895 2847 2990 2889 eas
3045 2829 3375 2901 Sarbanazae
3417 2831 3606 2902 jussit.

2015 2939 2072 2988 et
2126 2934 2199 2986 ita
2244 2938 2440 2985 contra
2485 2929 2879 3007 imperatorem
2946 2924 3268 2998 procedere.
3320 2922 3608 2993 Heracllus

2016 3032 2201 3100 autem
2245 3022 2515 3079 advocato
2570 3019 2818 3077 exercitu
2858 3033 2962 3094 sup
2997 3019 3183 3097 verbis
3212 3016 3614 3089 exhortatoriis

2018 3117 2282 3175 incitabat
2309 3130 2429 3183 eos,
2460 3114 2685 3171 dicens:
2737 3111 2852 3196 Yiri
2896 3111 3114 3183 fratres,
3155 3111 3247 3179 Dei
3282 3110 3627 3178 timoremiw

314 3200 511 3264 dentes
541 3208 724 3256 autem
754 3202 901 3259 eciam
928 3203 998 3259 de
1038 3215 1225 3263 monte
1266 3223 1409 3279 saepe
1430 3212 1739 3272 conﬂictus
1767 3230 1904 3273 con-
1933 3228 1977 3288 ο
2016 3222 2239 3267 mentem
2271 3225 2582 3275 sumamus;
2612 3206 2868 3278 injuria"!
2913 3207 3029 3278 eius
3082 3207 3344 3277 requirere
3392 3212 3610 3278 80‘094'

315 3292 580 3360 citabant,
628 3294 724 3352 sed
770 3295 829 3353 in
885 3300 1107 3356 cunctis
1154 3300 1388 3359 Romani
1422 3306 1717 3378 primatum
1761 3317 1914 3372 tene-

314 3384 469 3455 bant,
502 3396 557 3442 et
610 3387 863 3467 tiduciam
893 3394 1238 3464 peramplius
1289 3398 1572 3461 exercitus
1594 3382 1911 3471 obtinebat,

318 3475 566 3536 videntes
607 3481 995 3554 imperatorem
1026 3486 1407 3563 proﬁcientem
1462 3490 1519 3547 in
1561 3494 1822 3551 omnibus
1860 3503 1916 3563 et

314 3573 582 3636 audacter
625 3561 1063 3648 belligerantetn.
1114 3578 1283 3637 Persa
1342 3598 1473 3639 vero
1516 3586 1739 3657 quidam
1790 3561 1917 3645 ante

322 3666 484 3724 breve
529 3676 752 3741 tempus
797 3672 1063 3744 profugus
1113 3673 1260 3751 inter
1314 3656 1917 3755 imperatoris-exerci-

319 3772 430 3816 tum
462 3764 948 3829 annumerabatur.
1002 3766 1353 3840 Hicofugiens
1386 3771 1452 3827 ad
1508 3770 1713 3830 Persas
1754 3773 1912 3849 abiit,

318 3856 645 3913 existimans
682 3872 780 3915 eos
824 3856 1202 3935 Romanorum
1249 3865 1712 3921 exterminaturos
1751 3882 1919 3924 exer-

318 3948 512 4004 citum.
560 3949 697 4005 Cum
759 3961 943 4008 autem
1003 3954 1357 4012 formidinem
1402 3972 1594 4014 eorum
1657 3960 1911 4028 vidisset,

314 4052 449 4119 post,
472 4042 742 4100 decimum
780 4045 925 4123 diem
968 4050 1168 4104 iterum
1221 4051 1287 4107 ad
1320 4051 1709 4123 intpet‘atorem
1746 4058 1915 4124 venit,

310 4144 372 4211 et
422 4150 642 4193 omnem
688 4137 899 4207 liquido
949 4139 1322 4204 Barltarorum
1390 4162 1652 4217 pavorem
1716 4123 1912 4208 edixit.

320 4227 388 4283 At
428 4242 559 4285 vero
588 4228 866 4289 Sarbarus
900 4235 1043 4289 ultra
1068 4241 1560 4311 commorationem
1594 4258 1702 4299 non
1738 4242 1918 4301 ferens

324 4338 351 4374 a
401 4330 589 4379 monte
646 4333 1014 4403 coactus-est
1066 4329 1133 4384 ad
1192 4332 1442 4407 praelium
1498 4314 1796 4405 proficisci.
1856 4336 1913 4391 ln

323 4425 435 4475 tres
488 4426 676 4493 autem
732 4431 919 4495 partes
974 4422 1176 4480 divisis
1236 4428 1573 4491 exercitibus
1630 4430 1917 4489 descendit

322 4519 545 4583 repente
615 4512 974 4587 illucescente
1035 4518 1145 4585 die,
1212 4528 1341 4576 ante
1402 4522 1537 4579 solis
1596 4538 1911 4594 ascensum,

324 4612 661 4681 praeparatus
714 4607 783 4661 ad
822 4606 1050 4663 bellum.
1116 4610 1184 4665 At
1240 4612 1558 4685 imperator,
1617 4600 1914 4689 pru'sciens
1947 4596 1993 4665 υ

325 4699 448 4773 hoc,
499 4701 724 4758 ordinat
756 4704 1041 4777 exercitus
1077 4704 1131 4761 in
1173 4716 1287 4764 tres
1326 4724 1482 4780 atque
1520 4710 1816 4783 phalanges
1849 4714 1916 4769 ad

324 4811 581 4867 pugnam.
660 4795 796 4853 Orto
877 4806 1061 4854 autem
1129 4802 1265 4871 sole,
1329 4811 1385 4858 et
1444 4804 1778 4876 imperatore
1848 4806 1921 4862 ad

326 4891 600 4958 Orientem
641 4901 884 4962 reperto,
904 4891 1105 4960 Persas
1130 4882 1513 4952 obtenebravit
1539 4898 1726 4953 radius
1755 4915 1917 4970 quem

324 4984 627 5053 adorabunt
672 4992 733 5041 ut
778 4986 972 5041 Deum.
1028 4985 1334 5059 Imperator
1380 4996 1562 5045 autem
1616 4990 1773 5055 finxit
1823 5004 1922 5061 po—

326 5077 507 5147 pulum
574 5095 736 5134 suum
806 5080 971 5153 quasi
1039 5081 1093 5151 in
1158 5081 1341 5153 fugam
1400 5098 1643 5139 versum.
1711 5084 1782 5139 At
1840 5083 1919 5140 illi

327 5170 603 5254 solventes
647 5171 945 5244 phalanges
979 5175 1079 5230 hos
1126 5175 1246 5231 sine
1299 5182 1611 5233 retentione
1660 5176 1917 5249 persequi

325 5263 739 5320 existimabant.
794 5267 1063 5342 Conversi
1124 5285 1258 5341 ergo
1304 5267 1544 5342 Romani
1596 5269 1704 5339 litos
1762 5284 1921 5340 atquo

329 5357 508 5412 animo
556 5368 865 5424 verterunt,
917 5375 983 5421 ex
1024 5362 1116 5433 his
1162 5363 1351 5433 multis
1402 5366 1720 5435 peremptis.
1768 5362 1919 5421 inse-

318 5459 555 5523 quentes
611 5458 793 5507 autem
845 5468 942 5508 eos
997 5456 1051 5511 in
1091 5465 1353 5518 montem,
1400 5457 1454 5512 in
1504 5448 1811 5530 praecipitia
1858 5464 1915 5515 et

323 5544 443 5597 loca
476 5541 632 5607 deria
657 5544 1031 5611 immiserunt,
1076 5548 1294 5615 cunctis
1323 5547 1431 5604 illis
1458 5549 1738 5607 contritis.
1774 5551 1916 5605 Inter

328 5650 385 5689 ea
442 5635 745 5711 praecipitia
802 5651 932 5691 vero
980 5638 1157 5694 instar
1215 5654 1507 5712 caprarum
1565 5641 1907 5700 silvestrium

330 5730 708 5787 morabantur.
737 5728 939 5787 Multos
974 5741 1156 5787 autem
1186 5735 1351 5803 etiam
1385 5736 1634 5796 viventes
1667 5747 1919 5809 compre-

2017 3322 2157 3363 mur.
2206 3302 2417 3361 Stemus
2444 3302 2667 3374 fortiter
2708 3300 2960 3358 adversus
2995 3300 3262 3367 inimicos,
3304 3298 3393 3369 qui
3442 3296 3627 3351 multat

2016 3398 2140 3453 dira
2179 3398 2232 3457 in
2281 3395 2608 3453 Christianis
2648 3379 2857 3465 operati
2905 3376 3052 3448 sunt.
3104 3390 3457 3446 Revereamur
3501 3386 3625 3443 lio--

2016 3506 2296 3546 manorum
2336 3489 2637 3559 imperium,
2661 3487 2803 3559 quod
2842 3486 2929 3542 sui
2976 3485 3139 3561 ipsius
3171 3496 3218 3539 et
3254 3499 3355 3538 non
3389 3482 3630 3563 alterius.

2016 3594 2093 3640 est
2127 3583 2355 3646 domini.
2404 3590 2455 3637 et
2495 3591 2695 3636 stemus
2738 3580 2991 3635 adversus
3033 3579 3208 3649 hostes
3258 3578 3437 3650 impiis
3488 3577 3627 3656 [siit

2019 3689 2278 3735 armatos.
2296 3676 2592 3741 Induamus
2608 3676 2765 3759 ﬁdem
2782 3675 3243 3743 interemptionum
3262 3672 3614 3744 interemptriv

2021 3789 2156 3830 cem.
2196 3769 2579 3843 Recogitemut,
2610 3768 2735 3839 quia
2759 3768 2901 3823 intra
2936 3764 3227 3833 Persarum
3261 3773 3455 3819 terram
3486 3779 3613 3819 eon-

2018 3864 2281 3931 sistimus,
2312 3873 2363 3917 et
2398 3863 2580 3931 ingens
2637 3859 2766 3931 [uga
2792 3856 3086 3929 periculum
3117 3856 3241 3927 fert.
3275 3854 3611 3921 Vindicemua

2020 3957 2389 4027 corruptionea
2411 3955 2697 4026 virginum.
2716 3951 2904 4008 Reciso
2922 3951 3346 4029 commilitonum
3377 3953 3612 4004 membra
3678 4000 3679 4003 η

2025 4059 2328 4108 nostrorum
2358 4045 2862 4111 videntescordibus
2890 4042 3327 4099 doleamtts.Non
3359 4051 3483 4098 sunt
3502 4043 3614 4109 hac

2001 4143 2229 4199 nullam
2265 4143 2381 4215 (ὅθ)
2417 4141 2705 4198 mercedem
2744 4138 3019 4202 habentia,
3078 4137 3168 4207 sed
3214 4138 3333 4192 sine
3369 4137 3632 4207 perennis.

2009 4238 2266 4307 prwntia.
2313 4232 2525 4290 Stemus
2549 4232 2797 4295 viriliter,
2825 4240 2873 4285 et
2897 4229 3152 4299 Dominus
3178 4226 3319 4283 Deus
3350 4228 3501 4283 nobis
3529 4243 3611 4301 co-

2021 4330 2344 4402 operabitur,
2357 4338 2406 4384 et
2422 4327 2600 4399 perdet
2616 4325 2857 4383 inimicos
2878 4332 3085 4378 nostros
3097 4322 3192 4379 .Cu
3201 4336 3361 4393 mque
3377 4321 3446 4376 im
3455 4336 3613 4395 pera-

2022 4431 2109 4480 tor
2140 4424 2225 4481 his
2258 4430 2312 4479 et
2338 4421 2461 4476 aliis
2496 4415 2923 4493 quamplurimis
2953 4411 3480 4490 commonitionibus
3502 4424 3603 4481 po-

2024 4517 2212 4589 pulum
2268 4515 2592 4572 exhurtatus
2647 4518 2820 4578 esset,
2874 4506 3169 4579 respondit
3220 4506 3269 4562 ei
3308 4519 3451 4560 unus
3508 4518 3629 4575 pro;

2022 4612 2279 4669 omnibus
2319 4630 2331 4667 :
2366 4608 2690 4681 Expandisti
2724 4605 3029 4679 angustiam
3063 4600 3239 4658 cordis
3282 4599 3474 4663 nostri,
3508 4599 3609 4651 do-

2022 4708 2185 4773 mine,
2216 4724 2273 4763 os
2315 4715 2463 4761 tuum
2488 4706 2543 4760 in
2579 4702 2941 4759 admonitione
3006 4698 3289 4769 ditatans._
3336 4695 3624 4750 Acuerunt‘

2022 4816 2286 4858 sermones
2318 4800 2395 4855 tui
2412 4798 2623 4871 gladios
2653 4806 2886 4862 nostros,
2906 4805 2954 4851 et
2981 4794 3077 4850 hos
3109 4794 3378 4848 animatos
3402 4791 3607 4861 operati

2023 4904 2167 4951 sunt.
2204 4892 2494 4964 Expeditae
2516 4909 2610 4947 nos
2649 4892 2752 4946 tuis
2780 4889 2946 4951 verbis
2968 4887 3275 4950 exhibuisti.
3323 4883 3607 4940 Erubesci-

2025 5007 2143 5046 mus
2184 5000 2233 5046 te
2272 4989 2582 5059 aspicientes
2613 5004 2709 5043 nos
2739 4988 2793 5041 in
2821 4984 3008 5058 pugnis
3044 4981 3357 5053 prwredere,
3406 4988 3454 5034 et
3477 4979 3606 5048 jus-

2022 5086 2201 5140 δίωκε
2232 5092 2351 5138 tua:
2388 5084 2443 5137 in
2477 5081 2720 5138 omnibus
2754 5094 3050 5151 sequemur.
3082 5074 3386 5147 imperator
3419 5079 3605 5139 autem

2025 5177 2263 5244 sumptis
2299 5174 2511 5233 militiis
2548 5188 2675 5229 mox
2708 5173 2778 5229 ad
2828 5169 3108 5227 Persidem
3154 5168 3472 5223 interiorem
3509 5177 3606 5219 ac-

2023 5270 2213 5336 cessit,
2262 5269 2389 5341 igne
2417 5268 2748 5325 comburens
2793 5265 2961 5322 urbes
2995 5272 3050 5319 et
3078 5271 3283 5319 castra.
3313 5258 3401 5331 Fit
3433 5258 3612 5328 etiam

2023 5362 2113 5417 hic
2165 5360 2413 5425 terribile
2466 5359 2739 5433 quoddam
2798 5357 3127 5414 miraculum
3182 5375 3195 5412 :
3257 5354 3309 5409 in
3370 5351 3613 5433 aestivali-

2024 5454 2225 5525 quippe
2244 5451 2486 5509 solstitio
2515 5466 2610 5508 aer
2632 5451 2842 5519 sudore
2870 5448 3049 5533 factus
3071 5458 3157 5505 est
3183 5444 3459 5533 madidus,
3482 5443 3603 5502 ani-

2025 5562 2145 5605 mos
2174 5544 2553 5615 Itomanorum
2582 5544 2863 5601 exercitus
2903 5531 3182 5607 recreans,
3218 5531 3357 5595 adeo
3385 5548 3446 5593 ut
3474 5536 3610 5615 hinc

2025 5656 2175 5711 spem
2202 5641 2464 5713 optimam
2495 5646 2799 5705 sumerent.
2832 5635 3079 5701 Audiens
3134 5640 3398 5706 praeterea
3432 5630 3606 5685 Hera-

2026 5735 2169 5800 clins
2196 5734 2345 5808 quod
2401 5732 2678 5802 ,Chosroes
2707 5729 2877 5803 apud
2908 5727 3120 5786 Gazaca
3167 5725 3444 5783 civitatem
3472 5738 3601 5778 cunt

1861 5826 2089 5893 Νοτιε.

400 5919 511 5973 (Em
549 5920 761 5980 Nullam
802 5922 864 5977 Γ.
904 5940 999 5995 pro
1036 5923 1221 5978 ullam.
