4034 6298
525 316 661 399 I303

1585 336 1982 401 ANAS’I’ASII
2006 300 2657 410 VBIBLIOTHECARII

3648 348 3796 416 1304

521 445 883 517 quadraginta
937 447 1179 505 millibus
1209 447 1595 505 bellicosorum
1628 460 1776 507 esset
1819 454 2089 521 virorum,
2116 453 2171 514 Α
2193 455 2333 529 quod
2366 458 2560 527 militio
2588 459 2871 515 Persarum
2912 464 2966 517 in
2989 464 3154 519 deviis
3187 465 3315 521 locis
3359 482 3641 536 pererrans
3677 479 3795 522 tam

522 539 727 611 impetu
757 538 1023 596 adversus
1059 540 1213 596 illum
1245 543 1517 612 perrexit;
1564 550 1620 598 et
1674 545 1945 614 praemissi
1975 546 2102 616 qui-

519 629 642 687 dam
678 631 746 687 ab
775 647 841 688 eo
870 631 1272 690 Saracenorum
1334 635 1438 691 sibi
1486 634 1901 706 subjugatorum
1930 637 2103 696 Chos-

521 725 632 778 rois
677 734 981 779 occurrunt
1034 726 1256 797 vigiliae,
1281 735 1334 782 et
1370 726 1561 781 herum
1581 724 1849 796 quosdam
1880 729 2102 784 occide-

516 818 665 875 runt,
690 818 956 881 quosdam
971 829 1114 876 ,vcro
1168 816 1529 885 compedibus
1565 818 1780 872 vinctos
1802 832 1925 873 cum
1960 812 2097 889 prm-

517 915 639 965 tore
660 909 903 978 ipsorum
930 912 1244 982 imperatori
1270 924 1763 982 praesentavernnt.
1798 917 1914 972 Hoc
1950 932 2100 972 com-

517 1009 672 1070 perto
697 1000 993 1068 Chosroes,
1022 1002 1285 1057 derelicta
1312 1010 1421 1056 tam
1451 1005 1674 1060 civitate
1692 1004 1855 1076 quam
1877 1006 2095 1071 militia,

516 1090 645 1164 fuga
678 1108 813 1148 usus
846 1103 948 1149 est.
979 1092 1080 1151 Ast
1119 1111 1247 1150 vero
1291 1094 1577 1153 Heraclius
1616 1098 1902 1155 insecutus
1937 1114 2099 1170 quos-

514 1181 640 1238 dam
670 1193 1078 1257 praeoccupatos
1113 1189 1317 1243 occidit
1348 1206 1364 1245 :
1390 1190 1571 1245 caeteri
1599 1200 1785 1245 autem
1816 1192 1917 1247 hac
1945 1192 2101 1246 illac-

516 1292 626 1346 que
658 1280 905 1347 palantes
956 1278 1213 1349 dissipati
1255 1290 1406 1337 sunt.
1459 1281 1709 1354 Cumque
1760 1283 2097 1355 pervenisset

514 1368 815 1441 imperator
839 1372 903 1427 ad
929 1372 1327 1429 Gazacensium
1353 1375 1657 1441 civitatem,
1680 1375 1735 1431 in
1763 1375 2096 1432 suburbanis

514 1462 681 1533 hujus
710 1463 987 1522 reficiebat
1012 1469 1318 1524 exercitum
1350 1484 1534 1524 suum.
1574 1468 1760 1525 Persa!
1807 1484 1957 1535 vero,
1998 1469 2092 1540 qui

513 1557 877 1629 confugerant
930 1561 997 1615 ad
1030 1576 1178 1627 eum,
1230 1562 1587 1631 perhibebant
1635 1564 1781 1632 quod
1817 1563 2093 1620 Chosroes

513 1643 732 1719 fugiens
757 1649 881 1720 igne
903 1654 1311 1722 consumpserit
1342 1654 1526 1708 omnia
1557 1662 1675 1709 sata
1714 1655 1766 1709 in
1794 1655 1935 1711 locis
1960 1656 2091 1724 illis,

513 1750 566 1795 et
596 1744 904 1811 pervenerit
933 1742 999 1797 ad
1048 1744 1330 1799 civitatem
1365 1742 1715 1800 Thebarman
1767 1746 1821 1801 in
1870 1746 2094 1802 Oriente

514 1836 703 1901 sitam,
737 1835 926 1906 inqua
975 1845 1095 1892 erat
1134 1837 1394 1908 templum
1430 1835 1575 1909 Ignis
1643 1849 1809 1910 atque
1842 1841 2095 1911 pecunia:
2127 1813 2167 1869 Β

512 1927 689 1984 Crmsi
731 1928 1014 2001 Lydorum
1052 1930 1197 2000 regis
1225 1940 1279 1986 et
1307 1947 1465 1987 error
1500 1948 1831 2003 prunarum.
1871 1933 1970 1991 His
2002 1950 2099 1991 ac-

514 2024 687 2093 ceptis
723 2024 789 2079 ad
825 2033 1007 2093 partes
1058 2022 1360 2096 Dastagerd
1393 2025 1497 2081 iter
1544 2029 1756 2098 agebat.
1792 2028 2097 2098 Imperator

513 2127 700 2171 autem
754 2117 1035 2188 profectus
1078 2134 1108 2172 a
1159 2119 1559 2177 Gazacensium
1604 2121 1826 2176 civitate
1850 2123 2097 2193 pervenit

514 2208 558 2263 Τ
566 2210 909 2276 bebarmeso,
941 2219 995 2267 et
1045 2213 1327 2283 ingressus
1361 2213 1413 2266 in
1452 2229 1571 2270 eam
1598 2213 1719 2285 igne
1751 2217 2096 2287 consumpsit

513 2304 773 2374 templum
801 2303 972 2375 Ignis,
1005 2313 1058 2359 et
1085 2312 1197 2359 tota
1236 2307 1460 2362 civitate
1487 2307 1611 2378 igne
1643 2308 1932 2365 combusta
1970 2325 2094 2380 per-

515 2405 742 2453 secutus
772 2408 854 2450 est
880 2404 1002 2467 post
1029 2398 1314 2453 Chosroen
1342 2398 1397 2453 in
1423 2400 1695 2469 angustiis
1719 2403 1958 2472 regionis
1980 2402 2094 2461 Me—

512 2487 733 2543 dorum.
765 2488 1045 2545 Chosroes
1099 2498 1281 2545 autem
1316 2492 1372 2545 in
1418 2490 1505 2547 his
1530 2493 1743 2549 duabus
1776 2497 2093 2566 regionibus

511 2578 728 2634 deloco
760 2580 815 2634 in
850 2580 1029 2633 locum
1068 2594 1366 2651 peragrans
1407 2581 1679 2649 Iatitabat,
1715 2590 1770 2639 et
1806 2584 2089 2644 flerat-lius

511 2672 661 2728 hunc
714 2688 1054 2745 persequens
1095 2674 1298 2729 multas
1355 2676 1610 2731 civitates
1666 2675 1980 2734 devastavit
2036 2688 2093 2735 et

511 2767 786 2840 regiones.
818 2766 1008 2822 Hieme
1028 2782 1160 2822 vero
1200 2767 1498 2825 accedente
1528 2771 1820 2825 consilium
1854 2771 2091 2828 faciebat

512 2858 737 2913 ubinam
764 2857 1028 2913 hiemaret
1055 2873 1179 2913 cum
1212 2859 1454 2928 populo;
1488 2868 1542 2913 et
1576 2860 1801 2931 quidam
1835 2862 1889 2916 in
1921 2861 2093 2919 Alba-

510 2950 656 3007 uiam
683 2950 1065 3022 perhibebant,
1096 2949 1318 3022 quidam
1360 2965 1491 3006 vero
1527 2962 1723 3006 contra
1749 2952 1927 3024 ipsum
1958 2970 2089 3023 pro-

508 3039 706 3114 perare
732 3042 1034 3099 Chosroen.
1094 3042 1196 3100 Ast
1250 3046 1548 3115 imperator
1595 3043 1771 3114 jussit
1818 3048 2086 3117 populum

510 3138 692 3193 tribus
711 3137 908 3193 diebus
928 3136 1176 3194 divinum
1199 3138 1484 3193 oraculum
1514 3138 1921 3208 priestolantem
1937 3150 2090 3195 caste

510 3246 575 3287 ac
601 3229 813 3303 puriter
853 3230 1201 3297 conversari,
1243 3230 1435 3303 sicque
1462 3246 1733 3300 responso
1766 3240 2000 3305 accepto
2034 3234 2091 3289 in

509 3325 742 3381 Albania
772 3326 951 3382 hieme
984 3323 1339 3380 commorari.
1394 3323 1535 3380 Dum
1569 3340 1703 3381 vero
1744 3325 1877 3381 illuc
1903 3326 2096 3388 abiens

512 3423 616 3474 iter
645 3428 853 3490 ageret,
886 3418 1095 3475 habens
1120 3434 1309 3474 secum
1339 3419 1620 3488 copiosam
1641 3418 1928 3475 Persarum
1950 3435 2094 3491 prte-

510 3512 657 3579 dam,
696 3514 840 3567 haud
881 3526 1086 3582 paucos
1110 3512 1368 3568 incursus
1407 3510 1701 3568 aPersicis
1748 3514 1939 3569 cuneis
1971 3528 2096 3584 per-

508 3598 659 3659 tulit.
684 3603 806 3673 Ipse
829 3618 960 3677 vero
997 3604 1182 3659 divina
1230 3603 1617 3676 cooperatione
1654 3604 1992 3675 triumphum
2028 3606 2093 3663 de

507 3696 770 3751 omnibus
795 3696 943 3750 tulit.
982 3694 1255 3753 Praeterea
1298 3711 1422 3752 cum
1460 3696 1759 3753 vehemens
1793 3706 2123 3769 tempestas‘

509 3803 677 3857 super
703 3804 828 3843 eum
856 3776 1146 3843 cecidisset
1173 3788 1228 3844 in
1254 3789 1361 3854 via,
1396 3801 1450 3844 et
1481 3788 1627 3844 hunc
1653 3791 1774 3860 gelu
1813 3805 2095 3860 praeoccu-

510 3888 705 3949 passct
748 3880 802 3933 in
836 3880 1093 3946 Albania,
1123 3880 1458 3951 haberetque
1484 3883 1884 3952 quinquaginta
1921 3882 2089 3937 millia

507 3968 937 4035 vinculatnrum,
965 3970 1325 4040 compatienti
1353 3970 1521 4027 corde
1554 3987 1657 4028 suo
1691 3974 1953 4029 misertus
1972 3973 2093 4029 vin-

507 4064 630 4118 Cnla
662 4045 941 4123 dissolvit,
973 4062 1314 4134 diligentiam
1345 4064 1563 4128 tribuit,
1596 4072 1651 4119 et
1682 4066 1929 4135 requiem
1987 4066 2096 4119 im-

508 4154 740 4224 pertitus
765 4163 867 4219 est,
904 4155 978 4209 ita
1027 4165 1085 4209 ut
1118 4170 1310 4211 omnes
1351 4172 1475 4211 cum
1511 4156 1767 4229 lacrymis
1797 4164 2093 4212 exorarent

508 4248 675 4303 etiam
700 4246 943 4304 Persidis
967 4264 1091 4303 eum
1129 4248 1241 4304 fieri
1274 4248 1651 4315 liberatorem,
1674 4249 1865 4304 mundi
1911 4258 2095 4305 exter-

510 4342 838 4397 minatore’m
858 4342 1224 4397 trucidantem
1254 4340 1562 4397 Chosroen.

578 4434 737 4491 Anno
790 4434 1004 4506 imperii
1038 4432 1270 4489 IIeraclii
1323 4446 1521 4505 quarto
1558 4435 1775 4491 decimo
1805 4434 2085 4494 Chosroes

510 4522 885 4596 Sarablaggan
922 4535 1211 4597 praetorem
1245 4527 1553 4592 constituit,
1587 4528 1765 4580 virum
1800 4528 2085 4583 facinoro-

507 4635 631 4675 sum
660 4630 714 4675 et
732 4620 902 4692 typho
926 4620 1160 4674 multum
1204 4620 1433 4684 elatum,
1463 4621 1801 4690 tradensque
1832 4622 1882 4676 ei
1908 4604 2083 4677 'exer-

508 4716 700 4776 ritum,
741 4729 838 4771 eos
871 4714 1127 4770 videlicet
1155 4714 1247 4785 qui
1281 4714 1546 4769 dicuntur
1570 4715 1994 4784 Chosrohegetae
2022 4732 2087 4772 ac

508 4806 792 4874 Perozitze,
826 4806 881 4861 in
912 4806 1201 4861 Albaniam
1235 4807 1435 4861 direxit
1463 4807 1727 4863 adversus
1746 4807 2082 4864 Ileraelium.

504 4894 755 4969 Cumque
789 4898 1026 4968 ingressi
1052 4906 1238 4953 essent
1274 4898 1328 4952 in
1370 4898 1504 4955 lines
1532 4899 1795 4965 Albaniae,
1822 4915 1931 4955 non
1951 4909 2084 4956 sunt

505 4992 626 5047 ausi
655 4992 720 5046 ad
762 4990 1069 5047 bellandum
1103 5001 1231 5047 ante
1284 4995 1480 5049 faciem
1514 4994 1860 5066 imperatoris
1908 5006 2081 5064 stare.

507 5086 602 5139 sed
631 5084 919 5140 clausurus
953 5080 1249 5141 tenuerunt
1275 5102 1397 5157 quae
1426 5091 1634 5143 ducunt
1696 5090 1751 5143 in
1780 5090 2081 5158 Persidem,

505 5178 835 5234 extimantes
877 5180 925 5234 ei
949 5180 1255 5236 obsidendo
1294 5181 1571 5237 insidiari.
1613 5181 1684 5237 At
1741 5200 1871 5239 vero
1905 5185 2081 5240 Ilera-

504 5271 664 5336 clins,
698 5287 822 5325 cum
861 5288 986 5328 mox
1018 5290 1113 5329 ver
1138 5276 1485 5338 accessisset,
1516 5277 1795 5346 profectus
1821 5279 1889 5335 de
1915 5280 2082 5335 Alba-

503 5362 593 5418 nia
647 5379 743 5433 per
778 5361 971 5434 thios
1012 5382 1237 5438 campos
1261 5377 1316 5423 et
1355 5371 1499 5429 escis
1534 5371 1758 5441 largiter
1794 5372 2080 5430 amuentes

501 5458 794 5511 transitum
840 5458 891 5511 in
943 5459 1221 5514 Persidem
1252 5460 1510 5527 faciebat,
1543 5464 1669 5518 licet
1702 5465 2080 5535 longinquitas

502 5550 686 5603 multm
719 5553 956 5619 spatium
1010 5553 1107 5607 vim
1155 5558 1509 5626 transegerit.
1545 5556 1914 5629 Sarablaggas
1946 5576 2078 5616 vero

501 5658 600 5713 per
628 5643 853 5697 Arotum
883 5646 985 5699 iter
1034 5656 1224 5718 utpote
1280 5652 1734 5717 compendiosum
1770 5655 2074 5725 satagebat,

501 5746 561 5790 ut
586 5748 1133 5807 praaoccuparetenm
1159 5742 1213 5795 in
1244 5742 1487 5799 Persidis
1515 5747 1755 5817 regione.
1784 5745 2075 5804 Heraclius

491 5839 686 5886 autem
704 5830 958 5887 monebat
999 5838 1259 5904 populum
1289 5829 1515 5894 'dicens:
1541 5836 1822 5910 Nouimus,
1849 5843 2070 5912 fratres,

2201 566 2389 621 equum
2409 568 2593 607 eorum
2622 554 2884 609 dissolvat
2911 573 3073 626 quam
3096 559 3239 628 ipsos
3267 571 3495 616 enervet.
3543 560 3655 617 Nos
3688 578 3797 617 uu-

2204 653 2305 711 tem
2356 643 2667 715 festinemus
2726 660 2915 727 contra
2977 638 3245 707 Chosroeu
3291 668 3580 723 properare
3637 654 3801 709 valde

2201 740 2464 806 celeriter,
2498 750 2555 795 ut
2584 755 2650 796 ea:
2682 742 2971 813 improviso
2992 744 3256 801 irruentes
3289 746 3340 800 in
3363 762 3482 801 eum
3512 747 3799 803 turbemus

2206 832 2381 888 illum.
2413 835 2483 888 At
2515 850 2648 891 vero
2678 838 2914 907 populus
2960 838 3279 908 hujusmodi
3329 842 3627 913 spernebat
3652 856 3800 899 con-

2207 927 2416 992 silium,
2456 935 2510 983 et
2538 930 2775 985 maxime
2802 928 3072 987 Lazorum
3112 943 3168 988 et
3198 931 3585 1006 Habasgornm
3623 944 3800 1007 atque

2205 1019 2534 1077 Hiberorum
2569 1032 3003 1080 conum-latores.
3045 1024 3182 1082 Ilinc
3221 1027 3277 1082 in
3334 1043 3613 1085 aerumnas
3648 1029 3803 1085 inci-

2204 1115 2343 1171 dunt
2371 1133 2385 1169 :
2415 1116 2664 1187 pervenit
2684 1118 2829 1171 enim
2855 1125 2909 1171 et
2933 1116 3271 1176 Sarbarazas
3294 1135 3417 1175 cum
3440 1122 3647 1192 popqu
3665 1136 3799 1188 suo,

2202 1225 2344 1280 quos
2367 1210 2514 1265 omni
2551 1213 2787 1266 armavit
2839 1211 3044 1270 virtute
3069 1212 3346 1270 Chosroes
3377 1224 3433 1271 et
3484 1215 3800 1272 destinavit

2206 1319 2302 1375 per
2352 1304 2670 1360 Armeniam
2710 1304 2978 1361 adversus
3028 1304 3366 1365 Heraclium.
3416 1307 3802 1383 Sarablaggas

2206 1416 2336 1455 vero
2371 1402 2705 1469 sequebatur
2749 1408 2874 1473 post
2918 1410 3130 1476 tergum
3163 1404 3427 1475 Heraclii,
3478 1414 3536 1462 et
3569 1422 3684 1463 non
3710 1416 3803 1463 est

2207 1510 2330 1548 cum
2347 1509 2411 1549 eo
2436 1496 2486 1549 in
2512 1497 2827 1552 conflictum
2847 1510 3129 1568 egressus,
3151 1510 3478 1568 exspectans
3501 1502 3650 1556 nniri
3668 1500 3805 1557 Sar-

2206 1588 2423 1643 barazae
2461 1599 2515 1643 et
2547 1588 2621 1643 ita
2648 1588 2992 1645 constituere
3033 1591 3308 1660 praelium.
3349 1591 3583 1665 Cognito
3610 1602 3803 1648 autem

2204 1676 2437 1733 Romani
2460 1677 2780 1734 Sarbarazaa
2805 1678 3011 1751 impetu
3041 1680 3108 1735 ad
3136 1692 3337 1737 metum
3361 1682 3618 1739 conversi
3641 1694 3803 1749 sunt,

2204 1781 2260 1825 et
2285 1770 2351 1824 ad
2403 1770 2570 1841 pedes
2592 1770 2947 1841 imperatoris
2972 1786 3097 1826 cum
3135 1771 3395 1844 lacrymis
3413 1773 3803 1844 prociderunt,

2201 1864 2438 1920 scientes
2458 1862 2617 1932 quale
2641 1862 2843 1917 malum
2867 1862 2938 1917 sit
2970 1879 3075 1918 non
3103 1866 3298 1919 cedere
3334 1879 3553 1919 servum
3584 1864 3805 1919 domini

2201 1956 2613 2023 voluntatibus,
2647 1964 2701 2011 et
2729 1956 3107 2027 ptenitentiam
3138 1965 3360 2029 agentes
3394 1972 3561 2028 super
3598 1957 3806 2013 inobe-

2198 2052 2403 2106 dientia
2427 2065 2547 2114 sua,
2568 2065 2733 2121 quam
2750 2050 3000 2120 nequiter
3021 2058 3497 2121 perpetraverant,
3548 2060 3602 2103 et
3623 2049 3807 2113 ,ὀίεαι

2199 2141 2329 2197 bant
2352 2159 2367 2195 :
2394 2140 2615 2196 Manum
2635 2151 2782 2195 tuam
2802 2141 2894 2207 da,
2937 2140 3166 2207 domine,
3187 2143 3496 2214 priusquam
3518 2155 3804 2212 pereamus

2199 2234 2380 2288 miseri
2412 2248 2433 2287 :
2467 2232 2704 2288 cedimus
2754 2230 2893 2287 enim
2918 2230 3013 2285 tibi
3042 2232 3095 2286 in
3114 2218 3509 2302 quibuscunque
3531 2246 3805 2301 preceps-

2159 2367 2163 2372 .
2200 2325 2294 2378 ris.
2325 2323 2481 2378 Tunc
2508 2324 2811 2393 imperator
2832 2323 3161 2378 acceleravit
3183 2321 3445 2392 congredi
3470 2337 3595 2378 cum
3622 2320 3802 2376 Sara-

2193 2420 2412 2492 blagga,
2432 2418 2749 2491 priusquam
2777 2418 3032 2473 unirelur
3057 2416 3263 2488 populo
3287 2415 3510 2473 Sarbari
3534 2432 3549 2484 ;
3576 2425 3630 2472 et
3659 2414 3803 2470 mul-

2202 2514 2275 2571 tis
2311 2512 2727 2570 incursionibus
2756 2511 3025 2568 advcrsus
3065 2525 3191 2567 eum
3221 2509 3386 2566 factis
3418 2521 3577 2565 nocte
3610 2525 3683 2564 ac
3710 2507 3804 2564 die

2194 2607 2341 2662 hunc
2361 2607 2416 2661 in
2444 2605 2791 2661 formidinem
2817 2604 3051 2676 pepulit,
3072 2611 3129 2659 et
3153 2611 3300 2659 retro
3327 2602 3579 2673 utrisque
3594 2599 3798 2656 dimis-

2194 2699 2271 2756 sis
2308 2706 2502 2754 contra
2533 2697 2825 2753 Chosroen
2886 2695 3151 2751 velociter
3185 2696 3469 2752 insecutus
3504 2703 3611 2751 est.
3679 2693 3802 2748 Duo

2196 2807 2327 2849 vero
2354 2807 2419 2846 ex
2453 2789 2717 2845 Romanis
2734 2805 2795 2846 se
2822 2788 2887 2844 ad
2904 2786 3106 2845 Persas
3128 2787 3443 2853 conferunt,
3473 2796 3530 2843 et
3558 2801 3800 2859 persua-

2193 2886 2323 2942 dent
2379 2885 2461 2941 eis
2508 2882 2737 2939 credere
2800 2881 3077 2945 Romanos
3108 2898 3183 2943 es
3228 2880 3528 2939 formidine
3579 2881 3797 2953 fugere-

2193 2977 2437 3048 Contigit
2461 2984 2647 3032 autem
2679 2976 2762 3033 eis
2788 2988 2844 3033 et
2879 2970 3052 3032 alium
3083 2975 3276 3033 audire
3318 2992 3621 3039 rumorem,
3655 2976 3799 3031 Sain

2195 3070 2406 3127 scilicet
2443 3066 2698 3141 prretoris
2745 3070 3041 3126 Persarum
3071 3069 3364 3124 adventum
3396 3085 3521 3125 cum
3549 3069 3662 3126 alia
3692 3071 3797 3124 mi-

2198 3162 2312 3217 litia
2343 3161 2398 3216 in
2426 3160 2711 3216 auxilium.
2733 3158 2799 3215 Et
2848 3160 2952 3215 hoc
3006 3168 3291 3231 comperto
3330 3160 3708 3232 Sarablaggas
3739 3170 3795 3217 et

2202 3255 2481 3311 Sarbarus
2511 3252 2870 3309 decertabant
2895 3252 3208 3307 IIcracIinm
3250 3252 3518 3324 instigare
3546 3254 3615 3308 ad
3650 3269 3793 3323 prte-

2195 3348 2354 3424 lium,
2387 3328 2710 3416 priusquam
2738 3346 3048 3416 perveniret
3079 3344 3209 3400 Sain
3248 3352 3303 3400 et
3333 3346 3389 3399 in
3419 3360 3483 3401 se
3509 3346 3792 3401 transfer-

2198 3447 2279 3495 ret
2302 3438 2556 3512 victoria:
2581 3436 2836 3509 gloriam.
2863 3436 3165 3492 Credentes
3195 3451 3417 3507 quoque
3444 3453 3510 3492 ex
3538 3436 3792 3508 profugis

2195 3538 2562 3605 praperarunt
2581 3532 2851 3595 adversus
2883 3522 3225 3598 Hcraclium,
3254 3539 3309 3586 et
3332 3532 3791 3603 appropinquan-

2197 3635 2280 3681 tes
2325 3625 2376 3682 ei
2427 3632 2608 3680 castra
2652 3623 2840 3680 metati
2875 3632 3030 3689 sunt,
3071 3624 3319 3681 volentes
3363 3624 3419 3679 in
3449 3640 3571 3678 eum
3621 3624 3789 3680 simul

2200 3735 2325 3774 cum
2353 3733 2513 3774 mane
2541 3719 2778 3774 irruere.
2816 3720 2911 3774 Ast
2950 3713 3239 3773 ﬂeraclius
3271 3716 3625 3794 profectusia
3696 3732 3791 3772 ve.

2200 3827 2361 3883 spera
2393 3814 2496 3867 iter
2518 3811 2648 3866 fecit
2678 3827 2775 3885 per
2798 3819 2966 3866 totam
2984 3818 3225 3876 noctem,
3256 3818 3311 3865 et
3349 3812 3539 3883 procul
3562 3809 3792 3866 eii'ectus

2199 3907 2249 3958 al
2295 3906 2396 3969 eis,
2457 3904 2678 3959 invento
2709 3904 2991 3959 berbifero
3020 3918 3243 3976 campo,
3307 3912 3491 3960 castra
3546 3913 3787 3959 metatus

2198 4015 2283 4054 esu
2330 4000 2384 4053 in
2440 4012 2525 4053 eo.
2581 3997 2755 4052 Porro
2797 3997 3022 4053 Barbari
3063 3999 3481 4055 exsistimantes
3538 4012 3664 4052 eum
3718 4013 3787 4052 ex

2200 4091 2492 4147 formidine
2554 4089 2765 4161 fugere,
2830 4091 3204 4161 incomposite
3268 4091 3664 4161 sequebantur,
3727 4099 3785 4144 ut

2198 4180 2733 4253 comprehenderent
2770 4182 2951 4237 illum.
2998 4180 3119 4252 Ipse
3163 4190 3347 4237 autem
3371 4197 3677 4237 occurrens
3702 4181 3784 4237 eis

2196 4274 2400 4330 bellum
2464 4274 2585 4329 iniit
2626 4274 2894 4331 adversus
2948 4272 3096 4341 illos,
3141 4286 3196 4330 et
3250 4276 3596 4347 apprehenso
3644 4275 3783 4331 colle

2197 4368 2433 4438 quodam
2481 4383 2795 4429 nemoroso,
2842 4379 3285 4439 coacervatoque
3307 4369 3509 4440 populo
3542 4370 3597 4424 in
3635 4370 3778 4439 ipso,

2197 4461 2587 4531 cooperatione
2618 4459 2714 4517 Dei
2751 4460 3025 4518 Barbaros
3048 4461 3230 4526 vertit,
3253 4471 3305 4518 et
3331 4478 3427 4533 per
3456 4460 3645 4517 fauces
3682 4463 3778 4517 hos

2124 4550 2170 4606 D
2202 4554 2485 4608 insecutus
2527 4553 2932 4608 multitudinem
2978 4570 3044 4609 ex
3092 4553 3178 4609 his
3230 4556 3510 4623 ecpiosam
3552 4553 3776 4608 occidit.

2200 4645 2358 4700 Cadit
2389 4656 2572 4701 autem
2632 4653 2686 4700 et
2734 4645 3099 4718 Sarablaggas
3157 4661 3291 4702 ense
3349 4646 3676 4701 vulneratus
3721 4645 3774 4700 in

2198 4738 2381 4793 dorso.
2408 4737 2612 4795 Etcum
2634 4740 2685 4793 bi
2702 4741 2845 4794 inter
2866 4754 3069 4809 agones
3091 4748 3299 4803 essent,
3326 4740 3574 4811 pervenit
3597 4740 3761 4795 etiam

2198 4830 2329 4886 Sain
2356 4846 2481 4887 cum
2515 4831 2757 4886 exercitu
2792 4846 2913 4887 suo.
2951 4831 3020 4886 Et
3052 4832 3157 4903 hoc
3189 4846 3350 4887 verso
3377 4832 3697 4903 imperator,
3719 4836 3773 4883 et
3852 4870 3857 4876 .

2195 4936 2264 4976 ex
2292 4921 2377 4976 his
2416 4921 2606 4977 multis
2635 4922 2861 4987 occisis,
2898 4922 3141 4994 reliquos
3179 4922 3454 4993 fugientes
3483 4922 3768 4993 dispersit.

2195 5011 2349 5084 Cepit
2372 5030 2591 5087 quoque
2615 5023 2670 5071 et
2698 5027 3020 5087 apparatum
3056 5018 3290 5074 sarcina:
3316 5016 3582 5087 ipsorum.
3604 5014 3772 5073 Porro

2194 5104 2527 5162 Sarbarazas
2559 5108 2750 5163 unitus
2780 5106 2911 5163 Sain
2940 5110 3163 5179 collegit
3196 5108 3492 5171 Barbaros,
3529 5108 3622 5177 qui
3660 5109 3769 5163 sal-

2193 5201 2304 5254 vati
2336 5199 2574 5265 fuerant,
2607 5211 2657 5255 et
2688 5201 2885 5256 iterum
2936 5201 3305 5272 disponebant
3344 5210 3536 5256 contra
3595 5200 3768 5255 Hera-

2193 5295 2359 5349 clium
2393 5294 2691 5364 proficisci.
2722 5294 2823 5350 Ast
2856 5293 3157 5366 imperator
3190 5296 3243 5350 in
3274 5297 3501 5368 regione
3541 5295 3765 5351 Hunno-

2192 5402 2313 5440 rum
2349 5395 2404 5441 et
2434 5401 2529 5457 per
2548 5388 2743 5441 horum
2770 5388 2889 5442 loca
2919 5388 3159 5443 dillicilia
3192 5387 3490 5445 festinabat
3512 5389 3566 5443 in
3612 5404 3767 5458 aspe-

2190 5476 2269 5532 ris
2291 5476 2425 5533 locis
2456 5492 2519 5531 ac
2551 5476 2751 5543 deviis,
2814 5477 3039 5533 Barbari
3062 5494 3202 5535 vero
3237 5481 3611 5550 sequebantur
3644 5486 3765 5550 post

2188 5584 2337 5625 eum.
2372 5568 2544 5625 Porro
2604 5569 2731 5625 Lazi
2772 5586 2879 5626 una
2940 5588 3064 5627 cum
3122 5572 3355 5643 Abasgis
3405 5574 3762 5629 formidantes

2188 5662 2579 5717 subduxerunt
2632 5680 2692 5719 se
2733 5665 2802 5719 ab
2832 5667 3037 5721 auxilio
3066 5665 3466 5734 Romanorum,
3507 5675 3562 5724 et
3591 5668 3647 5722 in
3679 5683 3762 5722 rev

2185 5757 2403 5826 gionem
2440 5771 2595 5812 suam
2620 5759 2826 5815 reversi
2855 5768 3007 5816 sunt.
3042 5759 3172 5816 Sain
3202 5768 3386 5815 autem
3429 5762 3531 5817 hoc
3564 5761 3756 5816 adver-

2186 5856 2308 5905 tens
2336 5847 2524 5908 furore
2557 5853 2729 5910 multo
2769 5868 2875 5911 una
2900 5868 3030 5910 cum
3059 5853 3299 5912 Sarbaro
3329 5855 3757 5929 persequebatur
