4070 6304
311 367 454 437 1305

1107 380 1473 443 HISTORIA
1513 382 2096 449 ECCLESIASTICA
2116 385 2223 451 EX
2258 385 2747 455 THEOPHANE.

3437 386 3581 454 1306
3615 404 3618 407 '

309 484 650 546 lleraclium.
680 489 826 549 Sane
856 492 1156 566 imperator
1176 506 1399 551 caterva
1445 494 1677 550 collecta
1711 497 1892 577 verbis
1923 505 1968 560 Α
1999 516 2238 573 namque
2270 504 2375 560 vim
2419 504 2524 561 sibi
2574 504 2922 573 adjacebant,
2973 513 3220 577 angustae
3272 517 3336 560 ac
3377 503 3575 570 deviae,

308 578 418 635 hos
441 580 771 641 exhortatus
789 594 873 641 est
897 597 947 641 et
967 588 1265 643 monimine
1295 587 1565 653 delinivit,
1592 590 1849 659 inquiens
1874 601 1893 645 :

316 672 607 733 Multitudo
639 695 751 742 vos,
780 680 1000 750 fratres,
1029 681 1365 736 inimicorum
1388 699 1490 737 non
1531 684 1747 737 turbet:
1788 683 1896 741 Deo

307 768 503 838 quippe
549 770 754 825 volente
802 788 961 827 unus
993 784 1337 843 persequetur
1371 774 1539 829 mille.
1590 774 1894 832 ﬂectemus

308 877 439 931 ergo
497 866 847 935 nosmetipsos
897 882 993 934 pro
1046 867 1220 921 salute
1261 867 1493 936 fratrum
1555 877 1898 935 nostrorum;

312 971 592 1011 sumamus
627 972 875 1012 coronam
922 970 1237 1027 martyrum,
1268 976 1368 1031 quo
1421 969 1471 1013 et
1524 963 1765 1030 futurum
1801 979 1896 1018 nos

312 1059 523 1120 tempus
549 1049 730 1105 laudet
758 1062 808 1106 et
838 1051 976 1107 Deus
1007 1053 1194 1107 reddat
1242 1056 1523 1108 mercedes.
1562 1053 1660 1110 His
1686 1064 1741 1109 et
1775 1056 1898 1112 aliis

312 1141 571 1211 pluribus
609 1142 790 1197 verbis
821 1143 1111 1199 audaciam
1142 1146 1414 1202 exercitui
1466 1146 1781 1214 conferens,
1816 1148 1900 1203 hi-

316 1234 420 1287 lari
446 1236 599 1289 vultu
650 1236 896 1304 praelium
938 1236 1181 1292 ordinat.
1216 1238 1283 1292 Et
1338 1237 1615 1295 distantes
1648 1239 1719 1295 ab
1755 1240 1902 1295 invin

315 1340 438 1380 cem
469 1327 762 1383 intervallo
787 1328 990 1399 pusillo
1016 1346 1049 1385 a
1098 1345 1261 1386 mane
1293 1348 1473 1402 usque
1516 1331 1582 1387 ad
1612 1348 1899 1405 vesperam

314 1419 563 1491 aggressi
596 1436 706 1475 non
729 1429 860 1478 sunt
897 1422 955 1477 in
984 1421 1336 1478 alterutrum.
1370 1421 1613 1495 Vespere
1637 1439 1770 1481 vero
1810 1440 1905 1481 aro

313 1520 477 1583 repto
504 1512 804 1585 imperator
827 1514 1027 1569 itinere
1050 1515 1339 1588 pergebat.
1376 1515 1606 1573 Barbari
1625 1533 1755 1573 vero
1780 1524 1905 1589 post

313 1620 442 1661 eum
478 1606 676 1662 iterum
733 1609 1135 1678 sequebantur,
1168 1616 1224 1665 et
1282 1619 1700 1667 commutantes
1759 1610 1903 1667 viam

316 1700 465 1753 hun‘c
489 1715 869 1770 praeoccupare
894 1702 1138 1759 volentes
1171 1702 1425 1759 incidunt
1462 1704 1518 1759 in
1558 1704 1680 1760 loca
1729 1706 1905 1776 palu-

312 1792 474 1857 stria,
516 1799 570 1847 et
602 1793 922 1850 aberrantes
966 1795 1024 1851 in
1083 1811 1345 1868 magnum
1393 1796 1693 1852 discrimen
1737 1797 1903 1853 deve-

315 1882 499 1940 niunt.
524 1884 831 1957 Imperator
858 1903 985 1943 vero
1008 1892 1292 1946 transiens
1320 1888 1460 1946 ﬂues
1485 1890 1779 1947 Persarum
1807 1906 1904 1960 per

314 1979 636 2035 Armeniam
664 1980 1014 2052 peragrabat.
1043 1980 1180 2038 Cum
1226 1994 1410 2040 autem
1443 1991 1591 2039 terra
1628 1985 1717 2039 illa
1745 1993 1906 2040 tene-

316 2079 472 2127 retur
505 2086 536 2127 a
576 2071 782 2138 Persis,
818 2074 976 2129 multi
1007 2090 1134 2130 cum
1181 2074 1425 2132 Sarbaro
1475 2089 1905 2147 concurrerunt,

317 2177 383 2219 ac
425 2180 520 2231 per
551 2164 655 2220 hoc
689 2166 863 2220 crevit
898 2166 1137 2237 populus
1195 2166 1341 2237 ejus.
1393 2165 1668 2224 Praeterea
1728 2170 1908 2227 hieme

318 2254 615 2312 accedente
636 2257 900 2327 dispersit
919 2258 1331 2315 multitudinem
1364 2275 1462 2331 per
1482 2262 1603 2317 loca
1631 2261 1907 2333 ipsorum,

318 2355 381 2405 ut
440 2350 857 2420 requiescerent
887 2351 941 2406 in
974 2351 1232 2407 domibus
1285 2352 1429 2409 suis.
1473 2352 1594 2421 Quo
1629 2368 1908 2427 comperto

318 2442 608 2501 Ileraelius
641 2457 805 2500 noctu
843 2443 1016 2499 furari
1052 2442 1427 2502 meditabatur
1477 2447 1703 2505 bellum.
1739 2450 1905 2506 Cum-

317 2554 427 2610 que
453 2538 614 2593 turbo
649 2537 1001 2609 tempestatis
1028 2536 1246 2593 adesset
1282 2546 1338 2595 et
1378 2537 1620 2597 Sarbaro
1655 2541 1909 2613 suspicio

318 2634 471 2689 nulla
538 2632 909 2695 incumberet,
946 2631 1157 2687 electis
1195 2630 1606 2689 robustissimis
1644 2633 1804 2704 equis
1853 2642 1908 2690 et

321 2723 648 2779 fortioribus
702 2723 771 2779 ab
809 2723 1085 2787 exercitu,
1147 2721 1447 2795 dupliciter
1500 2725 1603 2781 hos
1659 2739 1905 2794 armans,

318 2817 589 2887 quosdam
612 2831 677 2871 ex
704 2815 789 2871 bis
817 2815 1131 2886 precedere
1155 2824 1351 2871 contra
1385 2814 1687 2872 Sarbarum
1711 2816 1904 2887 jussit,

318 2910 438 2981 ipse
476 2922 606 2963 vero
641 2922 765 2964 cum
797 2905 921 2962 aliis
956 2914 1080 2978 post
1108 2922 1204 2963 eos
1234 2906 1570 2963 subsecutus
1596 2914 1703 2963 est.
1732 2907 1907 2963 Acce-

319 3002 627 3061 lerantibus
661 3014 793 3071 ergo
818 3014 914 3071 per
951 3006 1198 3066 noctem,
1227 2988 1282 3055 et
1331 2999 1783 3069 pervenientibus
1835 2998 1905 3055 ad

319 3095 585 3168 pmdium
625 3092 714 3147 cui
748 3091 1075 3147 vocabulum
1101 3097 1220 3146 erat
1244 3088 1581 3159 Lasbauum,
1620 3091 1756 3146 bora
1801 3105 1906 3147 no-

2001 588 2176 645 altera
2226 590 2448 659 quidem
2503 591 2803 647 Tarantum
2868 592 3101 657 ducens,
3132 594 3307 649 altera
3366 607 3496 650 vero
3527 592 3586 648 in

1999 687 2203 735 terram
2236 681 2522 754 Syrorum.
2572 682 2775 739 Verum
2804 685 2894 740 illa
2921 702 3043 756 quae
3072 685 3376 742 Tarantum
3402 686 3589 742 tende-

1999 772 2113 841 bat,
2137 774 2475 831 diﬂercutior
2498 778 2717 846 quidem
2743 787 2884 844 erat,
2918 780 3012 834 sed
3037 788 3334 850 egestatem
3359 788 3590 836 cuncta-

2002 881 2122 920 rum
2160 867 2395 923 habebat
2415 884 2671 925 escarum
2711 887 2874 941 :qua:
2920 888 3051 926 vero
3096 874 3151 926 in
3192 882 3397 927 terram
3436 872 3590 928 ducit

2004 962 2292 1031 Syrorum,
2355 962 2598 1017 Taurum
2637 965 2836 1020 transit
2882 976 2935 1021 et
2958 956 3448 1020 abundantiam'ac
3495 966 3590 1019 da-

2004 1056 2302 1126 psilitatem
2331 1066 2562 1127 praestat
2614 1059 3030 1115 alimentorum.
3067 1059 3224 1115 llanc
3285 1060 3589 1130 praeferunt

2002 1162 2218 1211 omnes,
2240 1148 2372 1203 licet
2397 1150 2688 1219 abruptior
2710 1161 2858 1207 esset
2887 1160 2943 1206 et
2972 1155 3094 1208 nive
3114 1153 3283 1208 multa
3310 1156 3579 1209 severior.

2002 1235 2119 1292 Hac
2165 1238 2351 1308 itaque
2373 1238 2565 1295 labore
2603 1241 2778 1294 multo
2824 1251 3111 1297 transacta
3141 1243 3197 1297 in
3230 1252 3438 1315 septem
3471 1242 3594 1299 die-
3630 1241 3633 1245 ’

2004 1329 2108 1387 bus
2133 1341 2504 1401 pervenerunt
2535 1332 2601 1387 ad
2657 1332 2883 1389 ﬂuvium
2916 1334 3130 1407 Tigrin,
3189 1346 3245 1392 et
3280 1337 3425 1392 hunc
3462 1352 3589 1392 cum

2003 1431 2462 1493 transmeassent,
2489 1426 2720 1481 veniunt
2751 1425 3167 1500 Martyropolim
3218 1439 3275 1485 et
3310 1430 3589 1496 Amidam,

2005 1526 2062 1574 et
2090 1519 2384 1588 quiescunt
2418 1526 2530 1573 tam
2559 1521 2837 1576 exercitus
2881 1537 3045 1591 quam
3088 1522 3412 1592 captivitas.
3447 1521 3592 1577 Hinc

2007 1623 2064 1667 et
2092 1611 2308 1669 litteras
2348 1613 2651 1684 imperator
2678 1613 3005 1686 Byzantium
3047 1617 3228 1687 potuit
3259 1617 3502 1680 mittere,
3535 1624 3592 1673 ct

2004 1720 2129 1777 quae
2157 1706 2307 1762 circa
2334 1720 2395 1761 se
2418 1717 2578 1762 erant
2600 1708 2789 1763 omnia
2809 1708 3083 1773 indicare,
3110 1716 3168 1765 et
3190 1709 3387 1779 ingens
3407 1709 3592 1766 facere

2010 1797 2272 1868 gaudium
2308 1796 2543 1854 civitati.
2568 1798 2844 1854 Sarbarus
2880 1808 3061 1855 autem
3100 1800 3304 1871 populo
3344 1790 3466 1867 Suo,
3494 1802 3591 1872 qui

2011 1882 2191 1940 fuerat
2215 1884 2519 1955 dispersus,
2548 1886 2783 1943 collecto
2823 1886 3128 1963 insurrexit
3164 1889 3221 1944 in
3258 1889 3438 1945 illum.
3463 1889 3591 1947 Ele-

2010 1987 2155 2033 ctam
2197 1993 2333 2034 vero
2373 1979 2671 2050 imperator
2694 1980 2838 2035 alam
2879 1982 3116 2037 militum
3150 1983 3218 2038 ad
3267 1984 3592 2039 custodien-

2010 2068 2109 2124 das
2139 2069 2287 2124 misit
2312 2069 2749 2141 clausuras.qu:e
2782 2072 2851 2126 ad
2880 2086 2941 2128 se
2976 2070 3272 2141 ducebant,
3297 2083 3353 2131 et
3384 2074 3592 2144 aditus,

2018 2162 2113 2231 qui
2146 2160 2213 2216 ad
2242 2160 2526 2217 Orientem
2555 2170 2735 2218 erant.
2768 2162 2893 2235 Ipse
2929 2164 3257 2224 discurrens
3301 2160 3357 2222 in
3390 2168 3587 2224 faciem

2010 2252 2243 2309 eilicitur
2272 2254 2533 2311 Sarbaro.
2555 2254 2808 2327 Cumque
2837 2265 3241 2315 transmeasset
3272 2258 3587 2333 Nymphiou

2011 2361 2253 2414 amnem,
2302 2347 2371 2402 ad
2412 2348 2747 2419 Euphratem
2807 2352 3077 2423 pervenit,
3119 2353 3175 2408 in
3215 2355 3418 2425 quibus
3473 2365 3593 2411 erat

2014 2456 2154 2513 pons
2186 2458 2362 2498 nexus
2401 2459 2467 2497 ex
2507 2442 2737 2500 funibus
2770 2444 2936 2501 simul
2971 2456 3025 2501 et
3062 2447 3320 2502 navibus.
3358 2448 3429 2504 At
3463 2463 3594 2504 vero

2012 2532 2287 2587 Sarbarus
2338 2532 2631 2590 dissolutis
2667 2535 2896 2592 funibus
2928 2538 3113 2607 pontis
3150 2538 3219 2594 ab
3264 2539 3436 2595 altera
3476 2540 3593 2610 ripa

1976 2652 1977 2655 η
2010 2623 2063 2678 in
2093 2627 2321 2680 alteram
2351 2633 2524 2681 totum
2555 2630 2835 2683 transtulit
2867 2639 3114 2701 pontem.
3144 2629 3392 2699 Cumque
3420 2632 3595 2703 impe-

2009 2724 2161 2773 rator
2197 2719 2439 2777 venisset
2490 2736 2593 2776 nec
2621 2721 2887 2777 valuisset
2933 2717 3309 2793 transire‘per-
3338 2734 3589 2794 pontem,

2007 2810 2329 2866 discurrens
2388 2812 2599 2868 invenit
2662 2822 2929 2879 meatum,
2989 2826 3044 2871 et
3100 2816 3248 2870 hunc
3307 2817 3595 2887 inopinate

2008 2900 2211 2957 Martio
2243 2918 2434 2959 mense
2460 2906 2579 2959 sine
2608 2905 2935 2963 discrimine
2965 2906 3372 2975 transfretavit,
3414 2915 3470 2963 et
3489 2906 3596 2963 Sa-

2008 3005 2219 3051 mosata
2242 2998 2512 3068 pervenit.
2553 2996 2880 3071 Rursusque
2926 3014 3051 3055 cum
3090 2999 3330 3056 Taurum
3363 2998 3596 3072 praeter-

2007 3090 2185 3157 iisset,
2237 3090 2293 3146 in
2368 3090 2776 3148 Germaniciam
2839 3100 2927 3149 est
2984 3092 3294 3163 profectus,
3360 3079 3590 3149 etcum

317 3189 426 3244 ctis
455 3200 624 3252 nona,
653 3184 862 3251 Persae,
906 3184 1000 3257 qui
1043 3183 1100 3239 in
1133 3198 1200 3241 eo
1232 3190 1476 3241 erantet
1515 3185 1780 3256 impetum
1813 3198 1908 3241 co-
1933 3201 1975 3261 α
2009 3185 2322 3239 transiissct
2356 3183 2424 3238 ad
2458 3184 2675 3252 Adana,
2709 3186 2860 3241 venit
2882 3185 2948 3240 ad
2977 3200 3193 3240 amnem
3228 3183 3427 3240 Saron.
3455 3184 3592 3240 Sat-

318 3287 646 3351 gnoverant,
710 3276 1142 3334 insurrexerunt
1176 3276 1233 3333 in
1268 3293 1389 3334 eos.
1424 3275 1529 3349 Ipsi
1586 3286 1769 3335 autem
1809 3278 1911 3335 hos

316 3372 745 3436 interfecerunt,
778 3386 890 3442 uno
917 3379 1172 3441 excepto,
1204 3371 1299 3442 qui
1333 3368 1439 3427 hoc
1482 3368 1727 3426 Sarbaro
1766 3387 1914 3427 nun-

320 3465 500 3521 tiavit.
530 3466 599 3519 At
627 3478 759 3521 vero
792 3462 1071 3519 Sarbarus
1118 3478 1348 3534 surgens
1400 3461 1649 3519 ascendit
1681 3479 1907 3536 equum,

315 3569 374 3615 et
395 3559 579 3614 nudus
601 3568 766 3628 atque
795 3556 1169 3612 discalceatus
1192 3553 1317 3629 fuga
1354 3556 1589 3612 salutem
1623 3566 1909 3614 mercatus

316 3659 423 3709 est.
472 3649 649 3721 Hujus
683 3659 863 3705 autem
915 3636 1179 3704 mulieres
1235 3657 1290 3703 et
1357 3662 1572 3703 omnem
1623 3646 1908 3705 Persicum

318 3744 534 3810 ﬂorem,
559 3742 945 3814 principesque
982 3754 1048 3796 ac
1077 3747 1331 3812 satrapas
1373 3755 1498 3796 cum
1538 3740 1728 3798 electis
1762 3743 1911 3797 mili-

320 3838 471 3897 tibus
508 3837 606 3908 qui
638 3839 693 3890 in
720 3836 1013 3892 domorum
1048 3842 1193 3891 tecta
1235 3832 1677 3891 conscenderant
1707 3845 1762 3890 et
1792 3835 1912 3891 bel-

318 3931 434 3989 lum
460 3938 657 3987 contra
687 3944 747 3987 se
778 3937 1251 4001 praeparaverant,
1282 3942 1381 3999 per
1409 3927 1588 3997 ignem
1616 3926 1903 4000 deposuit,

318 4032 375 4080 et
399 4023 540 4079 alios
558 4022 781 4093 quidem
802 4020 1035 4084 occidit,
1064 4020 1206 4076 alios
1228 4034 1359 4076 vero
1394 4017 1518 4091 igne
1539 4023 1910 4093 consumpsit,

316 4113 413 4168 alii
437 4119 621 4168 autem
649 4110 882 4166 manicis
910 4119 965 4167 et
985 4111 1349 4182 compedibus
1378 4112 1622 4182 colligati
1660 4121 1810 4181 sunt,
1837 4115 1912 4169 ita

316 4215 374 4263 ut
410 4221 546 4278 pene
577 4205 762 4260 nullus
795 4218 864 4259 ex
896 4202 983 4261 his
1015 4204 1107 4273 qui
1151 4201 1379 4258 Sarbari
1406 4203 1628 4260 fuerant
1673 4206 1913 4261 salvare-

318 4308 434 4355 tur.
469 4300 821 4369 Acceperunt
853 4305 1036 4352 autem
1074 4304 1128 4352 et
1179 4311 1337 4352 arma
1373 4296 1628 4364 Sarbari,
1681 4312 1908 4354 aureum

317 4392 578 4451 videlicet
630 4391 914 4463 clypeum,
967 4389 1300 4445 machaeram
1358 4390 1525 4446 etiam
1574 4397 1628 4445 et
1656 4391 1907 4446 lanceam

2012 3273 2182 3331 barus
2222 3283 2402 3329 autem
2439 3285 2605 3345 ponte
2637 3291 2831 3331 rursus
2870 3276 2924 3330 in
2952 3276 3176 3346 preprio
3209 3275 3332 3330 loco
3360 3284 3593 3330 extenso

2011 3367 2223 3439 absque
2273 3367 2558 3423 obstaculo
2592 3367 2977 3424 transfretavit
3010 3360 3368 3439 Euphratem,
3409 3375 3464 3421 et
3503 3382 3595 3423 ses

2011 3463 2284 3534 quebatur
2309 3469 2433 3531 post
2465 3475 2615 3516 cum.
2650 3454 2750 3517 Ast
2778 3462 3080 3532 imperator
3129 3474 3253 3516 cum
3297 3448 3596 3515 transisset

2013 3562 2233 3626 pontem
2271 3553 2417 3622 Sari,
2455 3554 2680 3610 inventa
2737 3553 2928 3625 requie
2963 3562 3073 3631 tam
3107 3544 3385 3608 exercitus
3427 3564 3593 3622 quam

2012 3646 2333 3702 animalium
2359 3647 2507 3702 circa
2532 3647 2713 3718 ipsum
2736 3655 2923 3703 castra
2950 3653 3190 3701 metatus
3212 3654 3317 3709 est,
3339 3642 3595 3699 reﬁciens

2013 3755 2129 3797 eos.
2164 3740 2421 3794 Pervenit
2453 3748 2632 3795 autem
2669 3750 2723 3795 et
2745 3737 3023 3795 Sarbarus
3059 3739 3114 3793 in
3144 3734 3357 3819 partem
3386 3751 3509 3807 qua:
3535 3737 3595 3791 iu

2013 3843 2211 3891 contra
2240 3850 2363 3891 esse
2383 3850 2448 3890 ex
2475 3833 2654 3890 altera
2684 3828 2839 3904 parte
2853 3830 3169 3888 videbatur.
3204 3831 3437 3886 Invento
3463 3842 3595 3884 vero

2016 3938 2201 4001 ponte,
2234 3938 2289 3983 et
2318 3926 2747 3999 propugnaculis
2780 3940 2904 3997 qua:
2934 3926 2989 3980 in
3044 3924 3167 3995 ipso
3202 3931 3358 3978 erant
3413 3918 3441 3976 a
3478 3921 3596 3977 Ro-

2014 4023 2195 4078 manis
2227 4021 2495 4084 obtentis,
2549 4030 2733 4076 castra
2789 4027 3030 4075 metatus
3080 4025 3188 4073 est.
3222 4016 3599 4072 Excurrcntes

2013 4123 2197 4170 autem
2234 4114 2394 4168 multi
2427 4114 2809 4169 Romanorum
2852 4126 2949 4180 per
2996 4119 3219 4181 pontem
3279 4106 3595 4163 inordinate

2012 4222 2137 4262 cum
2173 4208 2356 4262 Persis
2390 4192 2745 4262 contulerunt
2777 4205 3119 4268 conﬂictum,
3158 4202 3333 4257 multa
3374 4202 3428 4256 in
3457 4202 3594 4271 ipsis

2012 4301 2161 4356 caede
2193 4300 2515 4355 commissa.
2548 4296 2749 4353 verum
2801 4298 3102 4368 imperator
3134 4296 3236 4350 hos
3279 4294 3594 4349 inordinate

2013 4394 2338 4468 prohibebat
2368 4393 2702 4460 discurrere,
2734 4406 2801 4446 ne
2835 4390 2976 4445 forte
3006 4390 3109 4444 iter
3139 4388 3287 4442 ﬂeret
3322 4386 3591 4441 adversa-

318 4502 475 4558 asque
502 4500 730 4541 auream
764 4493 819 4541 et
848 4490 1121 4556 comptam
1184 4483 1443 4555 pretiosis
1475 4482 1752 4552 lapidibus
1801 4499 1900 4539 zo-
1926 4483 1980 4545 D
2008 4490 2106 4543 riis
2132 4486 2381 4542 cutnitlis
2405 4484 2767 4540 conveniendi
2799 4482 2863 4537 ad
2890 4490 3112 4553 pontem
3138 4491 3190 4534 et
3212 4479 3415 4549 pariter
3439 4476 3593 4531 com-

319 4595 467 4646 nam,
511 4578 873 4635 nihilominus
929 4585 985 4632 et
1039 4576 1411 4631 calceamenta
1464 4575 1609 4646 ejus.
1664 4575 1764 4632 llis
1824 4577 1900 4632 ita

316 4672 575 4730 euntibus
633 4671 872 4742 sumptis
933 4669 1181 4741 procedit
1219 4678 1413 4723 contra
1472 4668 1757 4739 dispersos
1804 4683 1905 4739 per

322 4770 502 4836 villas,
525 4768 619 4840 qui
653 4767 869 4825 scilicet
902 4770 1189 4836 comperta
1223 4762 1449 4819 Sarbari
1492 4762 1620 4835 fuga
1661 4764 1782 4819 sine
1812 4779 1899 4817 re-

318 4861 563 4919 tentione
603 4859 903 4931 fugiebant.
946 4857 1067 4927 Ipse
1116 4864 1301 4913 autem
1358 4855 1652 4912 insecutus
1695 4857 1903 4912 multos

316 4969 509 5011 eorum
542 4953 746 5008 occidit
766 4961 819 5007 et
842 4951 1059 5007 vinctos
1088 4950 1300 5020 accepit
1332 4966 1348 5005 :
1380 4949 1578 5019 reliqui
1612 4964 1736 5005 cum
1767 4964 1902 5005 con-

318 5045 536 5101 fusione
578 5044 634 5100 in
660 5041 943 5099 Persidem
1002 5040 1358 5112 repedarunt.
1405 5038 1903 5110 Porroimperator

290 5132 561 5195 ‘exercitu
592 5152 694 5192 suo
722 5137 956 5192 collecto
999 5149 1125 5189 cum
1156 5134 1358 5206 gaudio
1412 5132 1469 5188 in
1510 5132 1650 5189 locis
1682 5134 1794 5188 illis
1820 5133 1904 5188 in-

318 5230 565 5301 trepidus
590 5229 877 5287 hiemavit.

390 5325 579 5381 Mundi
608 5341 757 5381 anno
776 5324 936 5389 6116,
968 5324 1170 5380 divina:
1189 5324 1587 5379 incarnationis
1606 5339 1749 5379 anno
1774 5324 1901 5389 616,

319 5436 467 5477 anno
484 5419 698 5491 imperii
722 5418 961 5475 Heraclii
990 5419 1078 5486 l5,
1115 5419 1356 5475 Arabum
1386 5420 1642 5489 princeps
1664 5418 1904 5473 Muamet

320 5512 648 5569 habebatur.
681 5508 970 5568 Heraclius
1024 5522 1205 5567 autem
1257 5521 1588 5567 coacervato
1646 5514 1897 5569 exercitu

316 5619 423 5663 suo
448 5604 741 5662 consilium
777 5602 1013 5661 faciebat
1042 5620 1279 5676 quanam
1312 5605 1394 5659 via
1422 5612 1677 5676 pergeret
1716 5626 1730 5662 :
1777 5604 1900 5662 dua:

2004 4576 2243 4633 meandi.
2276 4576 2517 4646 Populus
2564 4583 2745 4628 autem
2794 4588 2902 4627 non
2930 4569 3320 4641 acquiescebat
3354 4568 3595 4636 impera-

2002 4671 2132 4726 tori.
2163 4669 2334 4725 Porro
2355 4668 2651 4733 Sarbarus,
2680 4665 3014 4740 quibusdam
3038 4662 3319 4719 exercitus
3341 4661 3426 4716 sui
3452 4661 3592 4715 clam

2004 4766 2062 4820 in
2096 4764 2229 4819 locis
2261 4764 2462 4818 abditis
2496 4760 2803 4825 collocatis,
2832 4757 3152 4815 ostenditse
3175 4754 3332 4826 quasi
3372 4752 3594 4824 fugien-

2007 4870 2143 4930 tem,
2179 4878 2243 4918 ac
2276 4861 2357 4921 sic
2412 4860 2686 4917 abstraxit
2722 4859 2925 4915 multos
2955 4854 3235 4913 Romanos
3260 4860 3460 4923 praater
3489 4866 3592 4907 vo-

2006 4964 2125 5011 tum
2156 4954 2507 5024 imperatoris
2557 4953 2624 5008 ad
2656 4944 3058 5007 insecutionem
3094 4949 3179 5003 sui
3216 4950 3590 5001 transeuntes.

2007 5047 2289 5104 Reversus
2322 5054 2530 5121 autem,
2566 5056 2620 5101 et
2658 5045 2743 5101 his
2791 5045 2844 5099 in
2876 5043 3058 5110 fugam
3087 5040 3395 5099 conversis.
3423 5046 3590 5105 quot-

2013 5152 2147 5213 quot
2197 5148 2350 5195 extra
2402 5147 2623 5209 pontem
2668 5137 2963 5206 occupavit
3004 5134 3232 5197 occidit,
3290 5131 3588 5186 vindictam

2000 5239 2307 5305 perpessos
2340 5232 2745 5288 inobedientiae.
2777 5231 3084 5300 Imperator
3119 5244 3250 5283 vero
3284 5241 3408 5281 cum
3464 5224 3592 5280 bar-

2012 5328 2181 5384 baros
2207 5326 2436 5383 vidisset
2463 5327 2807 5382 inseeutionc
2842 5324 3067 5380 ordines
3088 5320 3429 5381 dissolvisse,
3452 5327 3505 5371 et
3522 5330 3591 5371 ex

2012 5420 2276 5475 ttomanis
2307 5418 2586 5474 stantibus
2641 5417 2696 5471 in
2729 5414 3171 5471 antemuralibus
3223 5408 3336 5482 (5t)
3389 5408 3592 5461 multos

2012 5513 2344 5578 exstinctos,
2379 5520 2572 5567 contra
2606 5525 2703 5565 eos
2740 5506 3021 5578 profectus
3044 5516 3130 5560 est
3174 5503 3349 5557 Porro
3366 5498 3589 5569 quidam

1994 5605 2093 5659 vir
2117 5604 2281 5661 Persa
2316 5604 2602 5676 giganteus
2634 5600 2954 5672 imperatori
3002 5610 3301 5655 occurrens
3356 5593 3500 5647 hunc
3530 5589 3589 5645 in

1809 5721 2016 5781 NOTAE
2029 5761 2044 5775 .

390 5818 507 5889 (5|)
546 5820 1000 5877 Antemuralibus.
1049 5820 1247 5874 Matth.
1292 5819 1416 5874 Par.
1459 5818 1603 5874 Hist.
1626 5818 1786 5889 Angl.
1827 5819 1899 5874 'in

327 5887 600 5948 Wiilelmo
631 5890 668 5945 II
703 5909 715 5947 :
763 5911 779 5944 ι
820 5891 1267 5950 Antemuralibus
1306 5890 1606 5947 contractis
1638 5887 1896 5961 cogerent

2004 5803 2333 5941 Idefensores
2390 5815 2537 5873 intra
2567 5828 2756 5873 muros
2810 5811 3102 5881 interiores
3154 5823 3212 5864 st:
3264 5805 3525 5876 recipere.
3559 5820 3583 5857 ι

2050 5903 2175 5941 ΑΒΗ.
2238 5897 2242 5902 ”

2050 5903 2175 5944 ABR.
2238 5897 2242 5902 ’
