4034 6298
1884 180 1895 222 ἱ

526 383 660 451 1307

1631 372 2035 440 ANASTASII
2080 372 2151 434 BI
2166 371 2710 435 BLIOTHECARII

3693 361 3849 431 1388

525 502 707 558 nti-dio
759 495 944 568 pontis
983 492 1330 565 aggreditur.
1379 487 1480 541 Ast
1515 486 1816 556 imperator
1845 489 1948 544 lioc
1991 503 2122 559 per-
2151 504 2195 556 Α
2227 489 2572 544 verberibus.
2607 487 2782 544 Porro
2815 488 3049 544 Cliazari
3077 485 3348 559 disruptis
3387 483 3612 555 Caspiis
3648 483 3847 553 portis

525 604 694 650 cusso
738 589 793 642 in
844 585 1023 640 amnis
1053 583 1263 638 ﬂuenta
1302 579 1559 651 projceit.
1603 578 1718 633 Hoc
1783 594 1893 634 uno
1926 590 2123 635 ruente

529 687 584 739 in
630 683 815 751 fugam
848 677 1077 736 Barbari
1115 673 1260 730 versi
1293 683 1443 738 sunt,
1477 680 1529 724 ct
1555 687 1664 740 prie
1697 672 1951 740 angustia
1985 687 2120 741 pono

529 777 599 831 tis
663 781 722 827 ut
775 785 919 826 rana:
979 782 1037 822 se
1080 767 1133 820 in
1170 764 1396 820 ﬂumine
1455 762 1768 832 jaciebant;
1800 761 1892 815 alii
1935 773 2118 816 autem

528 871 692 926 etiam
721 867 918 939 gladiis
959 860 1408 916 trucidabantur.
1443 857 1615 912 Per-ro
1659 857 1955 910 multitudo
1990 856 2120 911 bar-

533 967 792 1019 barorum
844 973 939 1029 per
985 953 1229 1011 ﬂuminis
1285 952 1432 1021 ripas
1461 950 1660 1005 iliil‘usa
1705 956 2002 1024 saginabat
2060 969 2123 1010 ac

531 1056 846 1118 resistebat,
871 1070 976 1110 non
1008 1056 1196 1110 sineris
1225 1064 1566 1108 transmeare
1592 1049 1892 1105 Romanos.
1919 1047 2120 1104 Verum

533 1148 832 1216 imperator
865 1148 1140 1201 transieris
1167 1145 1401 1198 vrriliter
1432 1141 1682 1197 barbaris
1718 1138 1954 1205 resistit,
1993 1155 2118 1193 cum

534 1242 722 1310 paucis
758 1240 1092 1310 quibusdam
1123 1239 1406 1294 societatis
1457 1252 1570 1292 sua:
1620 1235 2114 1305 superagonizans,

535 1336 610 1388 ita
644 1347 703 1389 ut
747 1335 914 1390 etiam
950 1349 1117 1404 super
1148 1332 1248 1388 lioc
1281 1331 1554 1387 Sarbarus
1582 1329 2026 1399 obstupesceret,
2065 1338 2120 1385 et

536 1431 601 1502 ad
631 1428 889 1484 Cosniam
925 1429 1219 1499 quemdam
1247 1428 1406 1498 juxta
1451 1441 1510 1496 se
1549 1433 1806 1485 stanter»,
1845 1421 2123 1479 Romano-

537 1539 654 1578 rum
683 1523 976 1594 profugum
1005 1538 1070 1577 ac
1134 1521 1489 1593 magaritam,
1524 1520 1735 1580 diceret
1756 1535 1784 1576 ,:
1831 1515 2005 1579 Vides,
2036 1518 2125 1570 in-

533 1619 751 1688 quiens,
781 1616 1064 1683 Cres-arent,
1093 1631 1122 1669 ο
1146 1613 1362 1678 Corma,
1390 1630 1549 1683 quam
1585 1616 1767 1667 audax
1787 1615 1856 1667 ad
1892 1627 2123 1683 pugnant

535 1717 656 1774 stet,
690 1713 746 1764 et
766 1721 954 1764 contra
991 1717 1196 1762 lautam
1246 1705 1642 1766 multitudinem
1691 1705 1836 1760 satus
1870 1705 2121 1768 decertet,

533 1811 584 1869 et
615 1802 748 1856 velut
775 1803 924 1856 incus
945 1801 1132 1872 jaruta
1161 1810 1350 1864 renuat
1375 1801 1400 1855 7
1427 1815 1489 1854 es
1545 1799 1729 1858 rubris
1760 1799 1905 1854 enim
1944 1797 2124 1854 ocreis

2231 579 2522 637 Persidem
2562 581 2770 635 adeunt
2805 579 2860 634 in
2907 579 3188 650 regionem
3228 575 3526 646 Adralriga:
3555 589 3668 629 una
3705 583 3844 626 cum

2234 682 2467 745 praetore
2501 688 2604 728 suo
2629 670 2865 738 Zihebil,
2899 672 2994 743 qui
3016 669 3282 740 dignitate
3315 667 3598 726 secundus
3627 681 3658 720 a
3698 663 3850 719 cha-

2233 782 2408 838 gano;
2467 771 2523 820 et
2568 765 2623 819 in
2665 778 3009 834 qurecunque
3072 763 3196 837 loco
3257 759 3659 832 peragrabant,
3719 765 3846 809 tam

2233 859 2429 915 Persas
2451 858 2931 928 deprehendebaut
2960 871 3127 928 quam
3161 854 3414 910 civitates
3439 863 3493 908 et
3525 853 3688 908 villas
3721 847 3846 917 igni

2233 952 2542 1011 tradebant.
2577 952 2868 1008 Profectus
2930 967 3063 1006 vero
3090 952 3387 1020 imperator
3421 962 3448 1001 a
3482 945 3707 1003 Lazica
3751 943 3848 997 liis

2233 1049 2498 1105 occurrit.
2536 1047 2749 1102 Ziliebil
2775 1054 2958 1100 autem
3006 1045 3113 1099 hoc
3163 1043 3282 1098 viso
3311 1041 3633 1103 acccierans
3675 1054 3848 1092 com-

2233 1144 2492 1214 plectitur
2515 1141 2717 1196 collum
2750 1138 2873 1209 ejus
2900 1145 2955 1192 et
2989 1136 3182 1190 adorat
3215 1150 3366 1200 eum,
3414 1132 3600 1192 Persis
3625 1132 3845 1187 civita-

2235 1237 2304 1294 tis
2330 1233 2728 1308 aspicientibus
2761 1250 2777 1287 :
2817 1231 3117 1286 universus
3152 1237 3332 1283 autem
3369 1227 3684 1290 Turcorum
3719 1241 3846 1295 po-

2233 1332 2396 1406 pulus
2424 1333 2481 1387 in
2517 1340 2720 1386 terram
2773 1326 3064 1388 cadentes,
3099 1339 3163 1378 ac
3212 1321 3373 1394 proni
3428 1338 3595 1392 super
3625 1321 3844 1379 faciem
3877 1380 3881 1382 _

2233 1426 2461 1490 extenti,
2495 1425 2882 1494 imperatorem
2905 1417 3417 1481 honorantbonore
3447 1416 3538 1486 qui
3569 1426 3659 1476 est
3681 1412 3847 1484 apud

2234 1518 2470 1592 gentiles
2496 1524 2816 1573 extraneus.
2856 1510 3132 1568 Similiter
3181 1507 3459 1581 principes
3489 1521 3682 1562 eorum
3739 1520 3840 1560 su-

2233 1629 2332 1687 pra
2359 1606 3175 1680 saxazconscendentes'codem
3201 1602 3490 1662 schemate
3507 1602 3846 1672 procidunt.

2233 1707 2641 1765 Obtulitautem
2665 1703 2879 1758 Zihebil
2903 1699 3218 1772 imperatori
3255 1698 3418 1754 etiam
3461 1697 3634 1752 lilium
3665 1708 3847 1750 suum

2235 1801 2658 1874 primogenitum
2687 1840 2702 1864 ,
2769 1797 2936 1867 hujus
2981 1793 3336 1852 sermonibus
3384 1791 3728 1853 delectatus,
3786 1799 3848 1842 et

537 1898 968 1967 agnoscebatur,
1024 1896 1340 1966 multasque
1384 1894 1688 1965 imperator
1723 1893 1932 1964 plagas,
1996 1892 2353 1964 licelBejus
2400 1903 2512 1948 tam
2576 1893 2787 1947 vultum
2853 1904 3018 1960 quam
3078 1886 3428 1960 prudentiam
3495 1884 3843 1938 admiratus.

536 1994 740 2047 nullam
782 1992 837 2047 in
875 1993 979 2048 hoc
1033 1991 1223 2062 praelio
1275 1991 1664 2059 periculosam,
1713 1987 1947 2060 accepit.
1988 1986 2125 2042 Tota

537 2100 672 2140 vero
703 2083 792 2141 die
820 2099 949 2138 eum
1001 2083 1059 2140 in
1091 2081 1198 2140 hoc
1252 2083 1397 2140 bello
1429 2089 1793 2153 pugnassent,
1830 2081 2130 2136 accedente

543 2189 771 2244 vespera
804 2174 871 2228 ab
904 2174 1138 2230 invicem
1170 2175 1408 2247 separati
1439 2183 1591 2232 sunt.
1612 2174 1682 2230 Et
1711 2173 2131 2243 Sarbarusqui-

537 2269 659 2324 dem
697 2267 896 2322 timens
929 2282 1026 2338 per
1049 2275 1270 2325 noctem
1302 2279 1452 2335 retro
1513 2283 1772 2324 reversus
1806 2274 1912 2335 est,
1954 2268 2133 2338 impeo

542 2368 694 2415 rator
730 2370 913 2415 autem
951 2342 1152 2432 populo
1178 2376 1282 2417 suo
1314 2370 1644 2417 coacervalo
1682 2362 1750 2417 ad
1778 2361 1972 2417 urbem
2004 2375 2135 2433 pro-

540 2454 749 2522 perat-it
773 2453 1105 2520 Sebastiani,
1130 2463 1185 2512 et
1217 2472 1341 2511 eum
1364 2457 1498 2528 Atyn
1536 2455 1765 2514 ﬂuvium
1793 2463 2133 2512 transmeas-

539 2552 647 2613 set,
707 2545 761 2602 in
797 2549 901 2603 hoc
931 2547 1133 2617 gaudio
1173 2551 1344 2605 totius
1382 2549 1582 2607 biemis
1609 2561 1856 2622 tempore
1887 2565 2134 2606 commo-

541 2650 699 2720 ratus
747 2650 852 2695 est.
911 2639 1087 2698 Porro
1138 2641 1416 2700 Clrosroes
1452 2642 1642 2700 furens
1701 2642 1872 2710 misit,
1905 2652 1960 2697 et
2011 2642 2136 2698 tulit

541 2732 835 2787 thesauros
871 2744 1199 2789 cunctarum
1228 2734 1591 2791 ecclesiarum
1614 2735 1854 2810 regionis
1878 2749 1999 2806 quae
2031 2735 2136 2791 sub

541 2824 726 2888 Persis
760 2835 848 2883 est
904 2828 1234 2894 constituta,
1267 2838 1324 2884 et
1353 2828 1588 2900 cogebat
1634 2828 1986 2884 Christianos
2027 2826 2137 2882 Νε-

540 2919 696 2972 storii
735 2917 849 2972 tieri
884 2929 1190 2976 sectatores
1223 2919 1288 2974 ad
1323 2921 1812 2992 perstringendum
1841 2920 1963 2979 sive
2012 2933 2138 2990 per-

542 3011 853 3068 celieudum
898 3013 1313 3082 imperatorem.

612 3104 775 3158 Auno
802 3106 1015 3174 imperii
1053 3104 1291 3163 Heraclii
1325 3108 1389 3164 16
1424 3105 1701 3163 Cliosroes
1724 3107 2019 3164 Persarum
2041 3121 2138 3162 rex

542 3213 737 3251 novam
771 3196 898 3252 fecit
929 3201 1204 3265 militiam,
1227 3200 1476 3272 praelium
1503 3200 1770 3267 initurus,
1813 3199 2137 3274 perpgrinos

543 3305 606 3344 ac
643 3292 791 3345 cives
825 3299 878 3346 et
902 3307 1092 3350 servos
1132 3309 1199 3368 ex
1232 3293 1382 3350 omni
1416 3292 1640 3350 natione
1667 3292 1814 3349 facta
1864 3295 2134 3351 electione

541 3397 917 3453 coacervatis;
951 3402 1058 3456 qua
1117 3386 1386 3443 electione
1436 3385 1571 3446 Sain
1620 3386 1826 3444 tradita
1883 3389 2131 3458 praetori,

542 3471 650 3538 alia
686 3471 752 3528 50
809 3475 984 3530 millia
1027 3492 1093 3532 ex
1135 3477 1409 3550 phalange
1442 3475 1669 3538 Sarbari
1709 3479 1885 3535 electa
1927 3479 2132 3536 tollens

541 3567 675 3627 huic
698 3569 956 3635 sociavit,
1000 3571 1416 3647 nominavitque
1444 3571 1571 3630 illos
1602 3587 1804 3629 aureos
1856 3573 2132 3640 cumulos,

540 3662 716 3722 ethos
752 3663 1022 3724 adversus
1076 3665 1465 3736 imperatorem
1500 3665 1722 3743 direxit.
1761 3666 1935 3726 Porro
1999 3665 2133 3724 Sar-

546 3759 739 3815 barum
770 3773 893 3814 cum
917 3760 1139 3830 reliquo
1162 3761 1407 3816 exercitu
1428 3777 1530 3817 suo
1565 3772 1756 3819 contra
1803 3760 2131 3819 Constanti-

542 3849 784 3918 nopolim
842 3851 1011 3918 misit,
1051 3861 1326 3921 quatenus
1390 3855 1644 3919 Hunnos,
1701 3855 2023 3925 quiessent
2077 3858 2131 3913 in

545 3941 867 4007 Occidente,
894 3960 1034 4014 quos
1068 3947 1275 4005 Avares
1305 3955 1526 4024 vocant,
1558 3963 1684 4002 eum
1711 3946 2042 4020 Vulgaribus
2080 3958 2134 4008 et

546 4037 761 4092 Sciat-is
787 4045 953 4109 atque
980 4038 1282 4108 Gipedibus
1313 4042 1608 4098 concordia
1652 4042 1913 4104 sociaret,
1943 4044 2136 4114 sicque

547 4133 812 4186 adversus
852 4131 1040 4188 urbem
1086 4143 1465 4206 properarent,
1506 4145 1561 4191 et
1595 4135 1739 4194 hanc
1796 4137 2135 4194 unanimiter

546 4224 888 4282 obsiderent.
925 4225 1061 4281 Cum
1108 4241 1292 4286 autem
1344 4229 1447 4285 hoc
1477 4228 1763 4288 didicisset
1803 4230 2131 4302 imperator,

544 4320 846 4374 exercitum
878 4335 1039 4374 suum
1068 4320 1268 4391 triplici
1302 4329 1455 4392 parte
1478 4321 1713 4380 divisum
1738 4321 2047 4378 transmisit
2065 4322 2134 4378 ad

544 4413 970 4473 custodiendum
1017 4414 1230 4482 urbem,
1280 4412 1609 4487 quibusdam
1672 4422 1856 4471 autem
1911 4416 2134 4473 traditis

545 4507 842 4563 Theodoro
871 4507 1029 4563 fratri
1070 4525 1173 4565 suo
1205 4516 1398 4583 contra
1432 4507 1562 4564 Sain
1598 4510 1806 4568 bellare
1831 4513 2132 4583 praecepit;
2174 4574 2176 4576 τ

541 4601 836 4661 humiliori
888 4618 1015 4658 vero
1049 4611 1202 4671 parte
1233 4603 1351 4675 ipse
1383 4609 1611 4673 accepta
1640 4603 1698 4658 in
1725 4601 1980 4660 Lazicam
2008 4620 2136 4677 pro-
2166 4637 2214 4696 ο

548 4707 721 4766 perat,
775 4704 826 4752 et
877 4698 930 4752 in
987 4698 1102 4767 ipsa
1134 4698 1338 4769 degens
1370 4697 1581 4756 Turcos
1613 4699 1680 4756 ab
1713 4699 1958 4766 Oriente,
1993 4717 2135 4771 quos

545 4793 828 4847 Ciiazaros
888 4801 1234 4862 nuncupant,
1290 4793 1348 4852 in
1379 4794 1646 4849 auxilium
1705 4795 1966 4850 advocat.
1997 4796 2135 4851 Sain

546 4902 680 4942 vero
705 4902 814 4942 una
838 4902 960 4944 cum
991 4887 1205 4943 novitcr
1230 4887 1408 4947 electo
1438 4888 1686 4951 exercitu
1716 4889 2046 4960 perveniens
2069 4890 2137 4946 ad

550 4981 776 5034 fratrem
806 4979 1534 5050 imperatorisIheodorum
1560 4983 1624 5036 ad
1645 4983 1850 5042 bellum
1879 4986 2134 5041 armavit.

551 5074 661 5130 Deo
685 5083 870 5129 autem
901 5091 995 5146 per
1021 5075 1449 5142 intercessiones
1473 5091 1690 5148 semper
1712 5079 2011 5137 laudabilis
2039 5079 2138 5137 Dei

552 5169 858 5227 Genitricis
891 5171 1220 5242 opitulante,
1251 5170 1394 5227 bello
1425 5175 1748 5240 commisso,
1785 5177 1996 5245 grando
2039 5177 2140 5232 mi-

549 5264 803 5320 rabiliter
863 5273 1057 5319 contra
1085 5263 1359 5336 barbaros
1392 5263 1590 5320 cecidit
1633 5281 1938 5340 eorumque
1974 5267 2142 5340 pluri-

551 5373 672 5414 mos
707 5358 964 5428 perculit.
997 5358 1066 5412 At
1101 5373 1229 5414 vero
1261 5359 1407 5415 acies
1434 5359 1811 5416 Romanorum
1846 5363 2138 5435 tranquil-

552 5455 705 5508 litate
757 5453 931 5522 potita
989 5461 1095 5509 est.
1133 5451 1366 5508 .Vertuut
1422 5459 1604 5509 autem
1635 5451 1871 5509 Romani
1912 5455 2136 5524 Persas,

551 5557 607 5602 et
647 5545 989 5600 interficiunt
1024 5544 1436 5613 multitudinem
1475 5548 1780 5617 copiosam.
1817 5544 1931 5604 Ποε
1989 5563 2140 5603 com-

553 5645 710 5711 perto
758 5638 1036 5695 Chosroes
1079 5638 1336 5694 irascitur
1365 5647 1558 5705 contra
1586 5637 1746 5706 Saiu,
1781 5639 1873 5712 qui
1907 5657 1970 5695 ex
2005 5643 2141 5696 mul-

555 5743 612 5787 to
667 5732 838 5787 animi
899 5731 1115 5788 defectu
1179 5734 1232 5787 in
1291 5733 1610 5802 languorem
1667 5733 1917 5789 incidens
1966 5737 2140 5790 mori-

556 5835 684 5892 tur;
718 5823 879 5894 cujus
923 5840 1126 5898 cprpus
1146 5825 1306 5906 jussu
1351 5824 1617 5886 Cliosrois
1653 5829 1873 5907 salitqu
1922 5829 1986 5907 ad
2014 5845 2136 5886 eum

555 5919 797 5974 delatum
837 5930 950 5986 est;
1012 5934 1174 5991 quem
1219 5919 1309 5978 ille
1345 5930 1619 5976 mortuum
1659 5905 1843 5976 multis
1884 5905 2141 5981 submisit

2231 1985 2541 2057 Electisque
2577 1985 2796 2040 Zihebil
2827 1983 3197 2054 quadraginta
3261 1979 3508 2034 millibus
3571 1978 3847 2032 virorum

2233 2080 2458 2140 fortium
2482 2078 2632 2135 dedit
2655 2094 2716 2133 ea
2749 2077 2801 2132 in
2822 2076 3087 2131 auxilium
3120 2073 3464 2147 imperatori.
3498 2070 3674 2127 Porro
3705 2069 3847 2140 ipso

2233 2183 2485 2232 reversus
2521 2183 2608 2229 est
2641 2173 2697 2227 in
2758 2171 3038 2242 regionem
3073 2186 3256 2228 suam.
3303 2169 3400 2226 His
3436 2177 3619 2223 autem
3659 2183 3844 2222 acce-

2234 2268 2346 2341 ptis
2389 2267 2699 2338 imperator
2751 2272 2946 2319 contra
2977 2264 3260 2320 Cliosroen
3290 2264 3560 2335 procedit.
3595 2264 3664 2314 At
3697 2276 3845 2316 vero

2235 2361 2517 2436 Sarbarus
2562 2358 2968 2415 Chalcedonam
3024 2373 3356 2429 properans,
3415 2357 3741 2422 Avaresque
3809 2369 3844 2408 α

2236 2456 2450 2514 Thrace
2490 2453 2612 2511 urbi
2670 2452 3130 2524 propinquantes,
3165 2452 3308 2507 hanc
3359 2450 3683 2520 depopulari
3723 2465 3838 2502 vo-

2227 2549 2380 2612 lunt,
2417 2545 2682 2601 etmultis
2708 2544 2982 2598 machinis
3007 2543 3276 2598 adversus
3333 2557 3453 2597 eam
3502 2542 3841 2608 commotis,

2236 2650 2291 2702 et
2324 2640 2546 2699 navium
2576 2638 2918 2708 sculptarum
2959 2653 3023 2692 ex
3061 2636 3201 2692 istro
3230 2635 3582 2698 multitudine.
3613 2635 3841 2689 inﬁnita

2238 2750 2334 2792 seu
2363 2730 2752 2788 innumerabili
2787 2731 2992 2796 delata,
3029 2733 3213 2786 sinum
3247 2746 3420 2784 cornu
3456 2731 3833 2800 repleverunt.

2238 2827 2437 2887 Decem
2476 2842 2610 2883 sane
2654 2826 2850 2882 diebus
2889 2825 3083 2880 urbem
3128 2824 3475 2890 obsidentes,
3511 2823 3840 2894 bellumque

2239 2933 2384 2981 terra
2401 2922 2651 2992 marique
2683 2927 2958 2991 gerentes,
2986 2918 3080 2974 Dei
3112 2921 3316 2977 virtute
3353 2920 3557 2988 pariter
3617 2924 3675 2971 et
3735 2932 3840 2972 co-

2239 3019 2583 3089 operatione,
2635 3029 2734 3072 nec
2763 3029 2872 3070 non
2908 3024 2961 3080 et
3013 3015 3354 3069 intemeratae
3398 3010 3492 3073 Dei
3544 3010 3735 3074 Matris
3778 3019 3840 3070 et

2239 3110 2483 3181 Virginis
2519 3108 3016 3165 intercessionibus
3069 3107 3318 3177 superati
3356 3114 3506 3164 sunt.
3566 3105 3713 3171 Quin
3778 3116 3838 3187 et

2242 3204 2593 3275 multitudine
2633 3204 2855 3274 copiosa
2889 3218 3117 3258 suorum
3154 3212 3263 3278 tam
3299 3203 3354 3256 in
3396 3209 3543 3270 terra
3575 3215 3742 3270 quam
3776 3199 3838 3256 in

2242 3300 2382 3356 mari
2403 3298 2678 3370 deposita,
2704 3307 2836 3353 ’cum
2863 3297 3078 3367 ingenti
3103 3293 3436 3352 confusione
3481 3293 3547 3348 ad
3568 3294 3694 3349 loca
3729 3309 3837 3370 sua

2247 3392 2456 3450 reversi
2477 3399 2623 3449 sunt.
2654 3390 2830 3447 Porro
2856 3389 3128 3464 sarbarus
3146 3387 3550 3446 Clialcedonem
3566 3386 3839 3448 obsidens

2241 3505 2353 3545 non
2379 3487 2693 3558 emigravit,
2720 3486 2817 3543 sed
2850 3483 3052 3541 ibidem
3072 3484 3358 3546 hiemavit,
3395 3489 3507 3540 tam
3552 3481 3844 3540 incursio-

2243 3599 2341 3640 nes
2371 3597 2538 3652 agens
2561 3594 2837 3652 quamque
2856 3577 3186 3650 deprzedans
3215 3575 3518 3633 coniiualcs
3537 3586 3749 3646 partes,
3781 3587 3844 3632 et

2240 3678 2491 3734 civitates
2531 3677 2656 3747 igne
2679 3675 3011 3744 disperdens

2314 3767 2470 3822 Auno
2489 3767 2704 3837 imperii
2731 3766 2814 3821 sui
2841 3765 2910 3820 t7
2926 3763 3207 3821 Heraclius
3231 3781 3258 3819 a
3281 3779 3468 3820 mense
3483 3763 3844 3836 Septembrio

2239 3861 2522 3932 ingressus
2543 3859 2814 3915 Persidem
2835 3872 2942 3912 una
2961 3873 3084 3911 eum
3105 3856 3300 3913 Turcis
3315 3857 3598 3927 inopinate
3616 3867 3845 3927 propter

2237 3954 2477 4015 hiemem
2520 3955 2576 4008 in
2614 3952 2872 4011 ecstasim
2905 3951 3056 4009 misit
3085 3950 3368 4008 .Chosroen
3392 3993 3405 4015 ,
3448 3965 3570 4005 cum
3605 3949 3716 4010 hoc
3749 3951 3843 4016 di:-

2239 4047 2488 4118 dicisset.
2521 4047 2591 4101 At
2617 4062 2746 4120 vero
2778 4044 2947 4101 Turci
2976 4053 3085 4102 tam
3115 4045 3297 4110 bieme
3334 4061 3499 4116 quam
3530 4043 3840 4115 frequenti-

2239 4139 2343 4195 bus
2373 4139 2664 4195 l.’ersarum
2683 4135 3005 4192 incursibus
3026 4135 3431 4206 contemplatis,
3457 4150 3564 4188 non
3595 4133 3842 4194 ferentes

2241 4232 2446 4306 pariter
2475 4246 2600 4287 cum
2637 4229 2994 4300 imperatore,
3037 4228 3300 4298 laborare
3330 4236 3618 4298 coeperunt
3652 4229 3842 4297 paula-

2241 4323 2450 4393 timque
2477 4321 2750 4386 difﬂuere,
2781 4328 2836 4376 et
2866 4334 3058 4374 omnes
3087 4334 3151 4378 eo
3180 4319 3410 4383 dimisso
3442 4321 3654 4378 reversi
3683 4330 3838 4376 sunt.

2239 4416 2341 4472 Ast
2370 4414 2671 4487 imperator
2706 4414 2982 4470 allocutus
3015 4423 3100 4468 est
3129 4413 3390 4482 populum
3420 4428 3580 4467 suum
3607 4413 3839 4468 dicens:

2241 4509 2459 4576 Scitote,
2498 4509 2715 4580 fratres,
2740 4512 2866 4581 quia
2899 4523 3050 4585 nemo
3090 4507 3241 4561 nobis
3286 4509 3396 4560 vult
3436 4506 3699 4572 auxiliari
3737 4508 3842 4562 nisi

2241 4605 2388 4661 solus
2415 4605 2572 4670 Deus,
2613 4617 2661 4659 et
2708 4622 2823 4676 qua:
2853 4609 2990 4659 Iumc
3024 4608 3221 4677 peperit
3259 4608 3373 4661 siue
3407 4602 3604 4662 semine
3638 4599 3838 4666 Mater,

2243 4708 2301 4754 ut
2326 4698 2563 4752 ostendat
2591 4701 2881 4767 potentium
2912 4717 3085 4765 suam,
3113 4703 3366 4770 quoniam
3385 4718 3487 4756 non
3513 4704 3566 4755 in
3597 4703 3842 4756 multitu-

2243 4793 2712 4862 dine,p0pulorum
2753 4811 2842 4847 seu
2885 4810 3158 4847 armorum
3199 4804 3276 4848 est
3309 4795 3479 4861 salus,
3523 4800 3612 4865 sed
3657 4798 3709 4850 iu
3751 4815 3838 4850 eo:

2241 4886 2560 4958 quisperaut
2587 4903 2742 4955 super
2767 4887 3137 4941 misericordia
3153 4887 3288 4957 ejus,
3314 4891 3477 4949 mittit
3497 4891 3838 4963 adjuton'um

2243 4998 2419 5037 suum.
2454 4982 2522 5035 At
2553 4997 2683 5036 vero
2709 4981 2978 5058 Cltosrocs
3006 4984 3349 5038 coacervatis
3377 4986 3593 5040 cunctis
3620 4987 3837 5046 militiis

2243 5077 2361 5133 suis
2421 5087 2707 5146 praetorem
2766 5075 3019 5144 provehit
3086 5092 3254 5147 super
3297 5079 3419 5134 illas
3465 5077 3834 5148 erazanteur,

2243 5169 2421 5224 virum
2473 5167 2990 5241 bellicossissimum
3039 5182 3103 5223 ac
3145 5168 3547 5235 fortissimum,
3591 5181 3646 5235 et
3688 5173 3834 5236 hunc

2244 5263 2507 5317 adversus
2538 5259 2848 5317 lleraclium
2881 5262 3145 5317 destinat.
3167 5262 3235 5316 At
3255 5264 3553 5334 imperator
3581 5267 3832 5323 civitates

2239 5354 2488 5424 Persidis
2527 5364 2688 5426 atque
2721 5355 2943 5410 castella
2975 5355 3090 5427 igni
3134 5356 3381 5422 tradidit,
3421 5368 3474 5413 et
3505 5359 3830 5417 accedentes

2243 5451 2440 5507 Persas
2485 5451 2799 5528 rlromphaaa
2853 5452 3166 5517 consumit.
3222 5450 3460 5522 Septima
3523 5469 3651 5506 vero
3695 5453 3824 5512 ldus

2244 5546 2497 5603 Octobris
2531 5545 2774 5616 pervenit
2794 5545 2848 5600 in
2891 5546 3168 5616 regionem
3187 5546 3528 5611 Cliamaitlia,
3548 5549 3830 5603 etrcfncil-

2248 5640 2377 5694 lavit
2405 5639 2664 5710 populum
2698 5654 2794 5709 per
2825 5639 3092 5709 integram
3125 5636 3826 5698 lieluiomadam.nliazates

2245 5743 2425 5796 autem
2471 5735 2693 5789 veniens
2724 5731 3077 5788 Ganzaclium
3112 5742 3235 5804 post
3283 5752 3407 5788 eum
3451 5735 3627 5791 factus
3662 5746 3746 5790 est
3777 5747 3825 5790 et

2238 5839 2490 5898 secutus,
2530 5826 2794 5882 Romanis
2827 5835 2952 5882 ante
2989 5829 3339 5899 pergentibus
3369 5837 3421 5882 et
3453 5831 3826 5884 consumeuti-

2248 5906 2557 5998 bus'escas.
2601 5919 2717 5993 Ipse
2755 5903 2881 5978 vero
2915 5931 3034 5991 post
3069 5928 3300 5992 tergum,
3342 5933 3398 5979 ut
3433 5921 3584 5979 canis
3624 5922 3817 5979 famem
