4070 6304
519 377 652 444 1311

1595 393 1998 460 ANASTASII
2050 394 2683 465 BIBIJOTHECARII

3653 410 3789 478 1312

511 490 703 558 ﬂuvius
735 495 993 551 meatibus
1036 514 1242 568 carens,
1291 505 1384 569 qui
1413 514 1590 560 artum
1628 517 1839 575 pontem
1872 508 2024 563 habet
2047 516 2177 569 et’A
2206 508 2328 566 aliis
2376 512 2601 570 urbibus
2647 513 3031 570 multitudines
3080 516 3333 586 c0piosee.
3376 517 3529 577 Fecit
3579 523 3783 580 interea

510 590 787 660 argustias
821 608 930 660 pra:
951 592 1367 653 habitationibus
1399 600 1619 669 multas,
1659 618 1749 657 nec
1770 616 1878 659 "non
1908 614 1959 658 et
1992 604 2091 674 fae-

515 681 615 744 t'di
654 684 773 737 riui.
815 684 1117 756 Irruperatorr
1155 705 1287 760 ergo
1324 693 1558 748 consilio
1593 709 1718 749 cum
1751 696 2092 768 principibus

515 773 655 845 inito
684 784 738 830 et
784 779 1028 841 exercitu
1050 780 1199 835 .sedit
1251 783 1305 834 in
1353 784 1557 851 palatio
1595 784 1792 842 Becbal
1828 806 1842 840 :
1883 791 2095 861 reperit

514 866 715 935 quippe
752 868 805 921 in
855 886 973 923 una
1010 887 1076 926 ex
1125 874 1428 951 porticibus
1468 878 1589 949 ejus
1637 882 1914 951 saginatas
1965 900 2095 941 aves

516 966 814 1027 trecentas,
873 971 927 1016 et
984 964 1036 1018 in
1089 967 1197 1021 alia
1259 964 1472 1037 porticu
1530 986 1758 1044 capreas
1816 977 2094 1048 saginatas

514 1050 869 1119 quingentas,
901 1068 1065 1123 porro
1104 1057 1157 1111 in
1194 1059 1298 1113 alia
1330 1061 1614 1131 saginatos
1644 1081 1813 1137 agnos
1847 1080 2089 1137 centum,

514 1157 634 1209 quae
657 1146 859 1213 popqu
894 1155 1088 1203 cuncta
1120 1150 1363 1207 donavit.
1391 1153 1461 1209 Et
1488 1154 1763 1214 Kalendas
1802 1156 2092 1222 Ianuarias

515 1233 629 1288 illic
653 1234 921 1295 fecerunt.
962 1233 1208 1313 Denique
1251 1244 1489 1303 inventis
1517 1251 1711 1308 ovibus
1744 1262 1797 1307 et
1828 1256 2010 1325 porcis
2039 1236 2106 1314 et-

515 1325 712 1389 bobus.
747 1345 982 1399 quorum
1016 1351 1124 1390 non
1154 1346 1272 1391 erat
1304 1354 1590 1407 numerus,
1625 1346 1894 1414 requievit
1929 1364 2099 1422 p0puo

513 1415 603 1473 lus
648 1420 979 1489 universus,
1028 1426 1312 1495 epulantes
1371 1438 1425 1484 et
1479 1433 1849 1502 gloriﬁcantes
1880 1415 2096 1499 'D—etim.

512 1509 783 1582 Praeterea
834 1519 1245 1587 comprehensis
1286 1524 1369 1579 eis
1414 1527 1506 1595 qui
1565 1526 1671 1582 ista
1719 1531 2094 1598 conferebant,

512 1603 826 1663 didicerunt
857 1610 923 1662 ah
956 1610 1063 1666 illis
1092 1612 1354 1682 liquidius
1375 1618 1519 1686 quod
1546 1619 1818 1679 Chosroes
1850 1624 1980 1681 ιι.Ξῦ
2007 1626 2099 1684 die

514 1696 835 1755 Decembris
860 1703 1093 1771 mensis,
1117 1718 1397 1777 comperto
1428 1712 1573 1781 quod
1596 1716 1895 1785 imperator
1923 1730 2099 1776 trans-

513 1791 668 1849 iisset
706 1802 928 1864 pontem
972 1795 1208 1864 Tornae,
1254 1802 1545 1859 confestim
1587 1817 1770 1864 motus
1814 1810 1977 1869 fuerit
2026 1814 2094 1869 de

513 1885 717 1954 palatio
747 1888 893 1958 quod
937 1901 1058 1946 erat
1092 1892 1147 1948 in
1183 1894 1659 1966 Dastagerd,.cum
1701 1912 1896 1974 magna
1935 1904 2097 1961 Ctisi-

512 1980 771 2047 phontem
804 1982 1085 2039 celeritate
1123 1986 1393 2055 petiturus
1418 2028 1432 2050 .
1471 1993 1688 2049 onustis
1733 2004 1811 2050 ex'
1839 1998 2097 2055 omnibus

511 2073 787 2140 pecuniis,
814 2068 954 2145 quas
982 2077 1214 2133 habebat
1242 2081 1295 2134 in
1320 2081 1547 2152 palatio,
1573 2092 1684 2141 tam
1716 2088 2097 2159 elephantibus

510 2179 674 2234 quam
707 2167 935 2223 camelis
963 2180 1126 2238 atque
1156 2169 1499 2231 burdonibus
1527 2176 1639 2249 (54)
1668 2180 1955 2237 ministerii
1985 2185 2097 2252 sui;

510 2255 765 2313 scribens
803 2270 855 2314 et
902 2261 1099 2330 populo
1139 2261 1347 2318 Rhazat
1393 2275 1452 2320 ut
1487 2269 1910 2339 ingrederentur
1950 2274 2098 2331 idem

508 2349 772 2420 palatiunt
809 2356 1463 2427 etsprincipumrdomos,
1513 2371 1569 2417 et
1613 2364 1878 2435 quidquid
1913 2367 1968 2422 in
2010 2368 2098 2424 his

509 2442 850 2500 inveniretur
888 2446 1189 2504 auferrent.
1235 2450 1423 2522 Itaque
1469 2454 1768 2525 imperator
1799 2458 2096 2516 dimidium

510 2536 734 2605 quidem
784 2541 1085 2596 exercitum
1135 2544 1284 2599 misit
1309 2547 1376 2600 ad
1425 2544 1751 2618 Dastagerd,
1799 2552 1918 2622 ipse
1969 2570 2098 2612 vero

511 2646 611 2703 per
644 2630 806 2686 aliam
849 2636 990 2689 viam
1027 2634 1161 2692 abiit
1202 2639 1270 2693 ad
1304 2639 1453 2695 aliud
1506 2642 1767 2712 palatium
1800 2646 1948 2716 quod
1999 2662 2099 2704 co-

512 2727 939 2793 gnominabatnr
996 2725 1336 2789 Bebdarach.
1376 2732 1460 2811 _Et
1513 2734 1603 2789 his
1632 2737 1832 2793 ruinis
1875 2748 1930 2794 et
1982 2738 2097 2811 igni

512 2814 727 2871 traditis
761 2819 966 2888 gratias
1012 2836 1173 2891 egere
1215 2808 1490 2894 Deo,'qui
1536 2841 1633 2895 per
1677 2826 2100 2891 intercessiones

517 2906 607 2962 Dei
650 2909 949 2967 Geuitricis
1002 2915 1133 2969 talia
1183 2917 1450 2972 miracula
1501 2927 1733 2989 patrat:
1779 2924 1905 2994 quis
1952 2926 2102 2982 enim

513 3006 754 3069 speravit
794 3021 1032 3076 unquam
1074 3007 1259 3080 fugere
1293 3008 1578 3067 Chosroen
1618 3026 1648 3067 a
1684 3012 1828 3070 facie
1867 3014 2123 3079 Romani-

514 3093 777 3163 principis
809 3095 877 3151 de
927 3098 1143 3167 palatiis
1174 3101 1293 3155 suis
1324 3116 1446 3170 qua:
1485 3111 1645 3157 erant
1679 3103 1735 3159 in
1777 3104 2098 3179 Dastagerd,

2200 604 2501 675 imperator
2542 605 2898 665 festivitatem
2930 608 3224 667 Luminum
3267 629 3434 683 penes
3480 615 3784 690 Dastagerd

2196 694 2432 764 laetatus,
2474 707 2530 753 et
2558 713 2813 756 recreans
2851 710 2963 757 tam
3004 705 3263 773 populum
3300 722 3466 777 quam
3502 709 3782 779 jumenta,

2198 788 2330 858 quin
2363 800 2415 844 et
2442 790 2705 848 Chosrois
2738 793 2940 863 palatia
2976 795 3292 861 destruens.
3335 800 3565 857 aedificia
3598 804 3787 861 videli-

2197 891 2283 936 cet
2315 897 2435 952 quae
2480 892 2639 940 erant
2665 888 3044 958 comptissima
3074 899 3124 944 et
3161 890 3521 958 admiranda,
3563 896 3788 955 domos-

2198 971 2639 1040 que-stupendae
2663 1014 2678 1038 ,
2716 990 2856 1045 quas
2892 992 3064 1046 usque
3107 980 3174 1033 ad
3216 984 3588 1050 pavimentum
3619 989 3789 1059 depo-

2200 1058 2310 1113 suit
2341 1070 2613 1129 quatenus
2642 1061 2918 1121 Chosrocs
2950 1068 3217 1126 edisceret
3247 1087 3411 1142 quam
3446 1076 3647 1133 durum
3692 1058 3787 1135 ha-

2199 1150 2420 1207 buerint
2449 1152 2687 1211 Romani
2730 1158 2975 1240 dolorem
3008 1162 3237 1219 urbibus
3269 1167 3388 1223 suis
3419 1168 3687 1228 desolatis
3721 1174 3791 1231 ab

2196 1244 2646 1304 eo'nihilominus
2678 1260 2736 1305 et
2766 1253 3034 1309 incensis.
3066 1247 3224 1311 Tenti
3255 1267 3436 1315 autem
3474 1254 3608 1319 sunt
3637 1274 3693 1320 et
3723 1282 3788 1323 ex

2197 1337 2391 1394 aulicis
2419 1340 2607 1409 palatii
2634 1344 2814 1409 multi,
2841 1347 2932 1414 qui
2968 1346 3291 1420 interrogati
3320 1354 3541 1422 quando
3570 1354 3788 1414 disces-

2196 1431 2332 1487 serit
2367 1432 2642 1491 Chosrocs
2682 1450 2717 1491 a
2763 1440 3081 1509 Dastagerd,
3123 1454 3481 1501 asserucrunt
3522 1467 3539 1503 :
3583 1449 3723 1506 Ante
3754 1450 3789 1508 9

2197 1521 2311 1577 dies
2341 1524 2491 1592 prius
2531 1537 2694 1597 quam
2726 1546 2812 1585 ros
2837 1532 3103 1588 veniretis.
3133 1536 3329 1591 Audito
3365 1539 3593 1595 adventu
3618 1524 3789 1600 uestro

2199 1613 2423 1669 latenter
2440 1626 2654 1687 pertuso
2675 1637 2826 1675 muro
2841 1624 3099 1689 ciuitatis,
3119 1626 3211 1695 qui
3233 1626 3307 1681 est
3318 1630 3478 1698 juxta
3496 1635 3787 1704 palatium,

2201 1711 2395 1759 temere
2416 1721 2510 1774 per
2540 1707 2720 1764 hortos
2745 1711 2927 1775 exivit,
2956 1715 3065 1784 ipse
3087 1726 3135 1769 et
3194 1734 3327 1772 uxor
3353 1730 3403 1775 et
3424 1724 3527 1789 ﬁlii
3556 1725 3697 1792 eius,
3728 1721 3792 1782 ne

2154 1834 2173 1884 ἰ
2203 1793 2358 1862 fieret.
2374 1796 2631 1852 tumultus
2667 1801 2720 1854 in
2749 1801 2979 1857 civitate.
3030 1804 3097 1859 Et
3126 1820 3302 1876 neque
3354 1812 3559 1868 militia:
3612 1814 3789 1884 ipsius

2156 1894 2173 1933 .'
2203 1899 2510 1957 cognovere
2526 1907 2703 1963 neque
2721 1894 2997 1965 principes
3025 1898 3167 1969 ejus,
3198 1918 3479 1974 usquequo
3510 1907 3788 1989 milliariis

2199 1978 2443 2051 quinque
2480 1985 2759 2051 perrexit,
2811 1987 3080 2056 siquidem
3113 2000 3243 2047 tunc
3271 1996 3545 2051 mandavit
3577 2014 3691 2069 quo
3731 1980 3789 2056 se

2200 2083 2563 2142 sequerentur
2601 2074 3000 2149 Ctisipbontem
3033 2083 3339 2141 tendentes.
3374 2086 3440 2141 Et
3467 2090 3514 2144 is
3545 2092 3640 2160 qui
3682 2108 3785 2169 non

2200 2170 2415 2233 poterat
2441 2165 2683 2237 quinque
2716 2170 2985 2227 milliaria
3022 2173 3205 2231 facere
3234 2193 3332 2248 per
3365 2179 3533 2247 diem,
3570 2166 3787 2254 fugiens

2199 2253 2329 2311 fecit
2356 2258 2543 2329 viginti
2577 2262 2836 2335 quinque,
2873 2267 3242 2342 mulieresque
3285 2276 3349 2329 ac
3383 2276 3476 2330 lilii
3513 2253 3658 2347 ejus,
3699 2281 3785 2350 qui

2199 2361 2259 2403 se
2286 2349 2438 2419 prius
2481 2352 2779 2412 alterutros
2824 2374 2933 2414 non
2963 2362 3241 2431 videbant,
3278 2374 3410 2423 tunc
3441 2369 3658 2425 mixtim
3700 2349 3784 2429 fu-

2201 2440 2685 2512 giebantinvicem
2705 2450 3066 2522 impellentes.
3095 2456 3339 2531 Cumque
3371 2476 3479 2517 nox
3513 2466 3786 2523 accessis-

2201 2545 2309 2601 set,
2340 2534 2589 2596 introivit
2614 2542 2892 2601 Cltosroes
2923 2548 2977 2602 in
3000 2544 3226 2605 domum
3250 2546 3501 2625 agricOla:
3526 2558 3707 2623 nihili,
3732 2561 3785 2617 in

2202 2631 2366 2702 cujus
2409 2636 2552 2692 ostio
2600 2639 2693 2695 vix
2740 2656 2963 2700 manere
3005 2649 3340 2718 praevaluit;
3397 2655 3544 2722 quod
3595 2658 3786 2716 videns

2202 2727 2553 2794 postmodum
2571 2728 2856 2790 Hcraclius
2886 2734 3189 2795 admiratus
3213 2748 3317 2801 est.
3336 2741 3440 2799 Per
3458 2746 3573 2804 tres
3603 2757 3785 2806 autem

2204 2816 2322 2873 dies
2350 2819 2485 2874 adiit
2522 2821 2951 2893 Ctisiphontem.
2980 2827 3124 2884 Sane
3162 2831 3434 2891 Cltosroes
3458 2853 3782 2909 responsum

2206 2917 2494 2979 acceperat
2522 2926 2553 2966 a
2587 2914 2854 2972 maleﬁcis
2883 2928 2937 2974 et
2973 2914 3267 2994 astrologis
3301 2935 3428 2982 aute
3466 2926 3708 2999 quatuor
3733 2942 3788 2992 et

2205 3001 2431 3057 vicenos
2451 3018 2650 3074 annos,
2685 3010 2903 3077 quando
2934 3010 3111 3070 Dacos
3126 3015 3501 3088 depopulatus
3529 3032 3615 3080 est.
3651 3033 3789 3082 tem-

2206 3096 2438 3166 poribus
2471 3096 2663 3156 Phocae
2698 3100 2927 3160 Romani
2947 3100 3665 3201 principis,quodltempore
3681 3136 3793 3201 quo.

511 3192 569 3239 et
600 3198 783 3255 petere
817 3190 1242 3260 Ctisipbontem,
1276 3194 1404 3247 dum
1432 3209 1464 3249 a
1498 3195 1689 3266 viginti
1729 3207 1964 3269 quatuor
1990 3216 2088 3257 an;

2202 3188 2376 3244 adiret
2409 3189 2804 3263 Ctisipbontem
2831 3199 3121 3267 periret.Et
3142 3203 3348 3259 idcirco
3364 3191 3575 3265 nonest
3591 3188 3790 3282 passus

513 3277 601 3332 nis
632 3292 821 3346 passus
855 3280 1252 3351 Ctisippontent
1296 3287 1481 3342 videre
1520 3302 1633 3344 non
1665 3289 1869 3359 fuerit",
1907 3292 2002 3349 sed
2033 3295 2087 3350 in

510 3369 813 3443 Dastagerd
865 3376 1065 3445 regalia
1112 3377 1233 3447 ejus
1280 3379 1475 3435 erant?
1531 3377 1864 3438 Invenerunt
1907 3392 2087 3441 autem

514 3463 710 3531 populi
732 3462 1100 3523 Romanorum
1128 3469 1182 3524 in
1214 3471 1432 3541 palatiis
1462 3473 1584 3543 ejus
1613 3473 1757 3545 apud
1792 3475 2089 3550 Dastagerd

512 3552 625 3609 33a
650 3554 1022 3615 Romanorum
1057 3561 1253 3626 banda,
1287 3579 1409 3635 qua:
1450 3582 1546 3636 per
1584 3567 1799 3625 diversa
1828 3578 2093 3641 ceperunt

512 3641 1155 3716 tempora.rlnve'nerunt
1180 3655 1344 3709 etiam
1371 3665 1427 3712 et
1454 3659 1687 3729 species,
1718 3677 1842 3731 qua:
1870 3679 2091 3719 reman-

513 3750 724 3805 serant,
755 3744 980 3811 multas,
1005 3747 1154 3803 aloes
1180 3750 1390 3806 scilicet
1420 3753 1673 3819 multant,
1703 3766 1756 3809 et
1786 3756 1930 3827 ligna
1972 3758 2094 3814 aloe

511 3845 735 3902 magna,
770 3849 835 3888 ex
874 3838 1073 3906 quibus
1111 3845 1544 3915 unumquodque
1576 3845 1641 3901 70
1672 3848 1885 3916 pondus
1924 3848 2093 3905 babe-

510 3922 604 3979 bat
636 3925 718 3980 vel
740 3927 809 3983 80
838 3928 1122 3997 librarum,
1147 3941 1199 3989 et
1226 3936 1461 3991 sericum
1490 3940 1797 4007 copiosum,
1823 3956 1885 3995 ac
1915 3941 2092 4013 piper,

510 4025 567 4071 et
595 4017 901 4077 t-halbasias
929 4022 1039 4093 (55)
1078 4027 1334 4083 camisias
1373 4029 1596 4094 multas,
1636 4033 1835 4087 sachar
1867 4035 2116 4105 quoque

511 4115 677 4177 atque
720 4111 966 4180 zingiber
990 4122 1044 4168 et
1069 4114 1206 4172 alias
1237 4117 1447 4186 species
1490 4119 1633 4174 ultra
1662 4136 1980 4178 mensuram
2008 4127 2093 4180 vel

509 4211 798 4253 numerum
827 4216 842 4267 ;
874 4202 1097 4273 quidam
1134 4220 1263 4262 vero
1293 4214 1348 4262 et
1374 4219 1659 4280 argentum
1687 4221 1743 4267 et
1780 4212 2094 4271 boloserica

510 4292 834 4347 vestimenta
861 4335 876 4359 ,
911 4295 1244 4353 lectisternia
1281 4315 1375 4355 seu
1417 4316 1521 4356 acu
1569 4306 1771 4374 tapetia
1809 4303 2091 4375 eontexta,

508 4397 743 4453 quorum
761 4395 877 4441 erat
891 4389 1047 4458 copia
1071 4392 1263 4456 multa,
1279 4403 1542 4464 erantque
1557 4397 1735 4452 omnia
1756 4398 1900 4454 bona
1916 4401 2091 4468 valde,

507 4491 630 4545 quae
671 4490 952 4550 propterea
984 4484 1127 4551 quod
1165 4485 1351 4555 gravia
1389 4496 1607 4552 essent,
1640 4490 1861 4559 penitus
1889 4492 2095 4550 "incen-

2192 3293 2225 3335 a
2251 3280 2546 3354 Dastagerd
2570 3294 2772 3343 extunc
2802 3289 2855 3344 in
2881 3300 3091 3361 partem
3124 3294 3269 3351 illam
3295 3314 3405 3356 uno
3434 3280 3631 3359 saltent
3666 3306 3788 3361 mil-

2196 3372 2356 3431 liario
2384 3391 2644 3448 pergere,
2676 3381 2773 3435 sed
2803 3381 2933 3438 hinc
2968 3382 3186 3455 fugiens
3215 3390 3281 3443 ad
3315 3391 3463 3448 hanc
3491 3390 3649 3450 abiit.
3694 3396 3768 3453 Ve

2194 3480 2316 3521 rum
2347 3483 2447 3523 nec
2473 3469 2525 3523 in
2558 3470 2675 3541 ipsa
2707 3474 3012 3542 persistere
3034 3493 3205 3536 ausus
3237 3489 3341 3546 est,
3374 3484 3470 3540 sed
3505 3488 3783 3546 transiens

2194 3569 2413 3629 pontem
2464 3559 2703 3633 Tigridis
2741 3564 2984 3626 ﬂuminis
3030 3573 3311 3631 civitatem
3364 3578 3797 3651 ultra'positam'

2196 3654 2353 3717 adiit,
2379 3670 2501 3725 quae
2533 3657 2752 3725 quidem
2792 3661 2934 3730 apud
2966 3679 3065 3721 nos
3098 3665 3370 3736 Seleucia,
3404 3674 3552 3743 apud
3582 3674 3780 3734 Persas

2195 3760 2325 3800 vero
2351 3746 2599 3802 Guheser
2634 3750 2932 3818 vocitatur,
2968 3754 3022 3808 in
3045 3771 3149 3825 qua
3186 3771 3378 3815 omnes
3398 3749 3667 3831 pecunias
3698 3782 3784 3823 re-

2196 3838 2401 3908 posuit.
2431 3838 2692 3911 Seditque
2722 3843 2836 3899 illic
2864 3860 2987 3900 cum
3026 3846 3200 3904 Sirem
3238 3866 3408 3908 uxore
3438 3870 3535 3909 sua
3571 3867 3629 3913 et
3661 3858 3781 3917 aliis

2197 3932 2376 3987 tribus
2420 3933 2760 4001 mulieribus,
2820 3954 2939 4008 qua:
2969 3947 3023 3994 et
3059 3941 3180 3996 tiliae
3220 3943 3394 4013 ipsius
3413 3942 3572 4003 erant
3598 3946 3781 4017 ;‘reli-

2196 4038 2332 4093 quas
2354 4037 2485 4079 vero
2526 4025 2784 4083 mulieres
2828 4027 2969 4085 'suas
3018 4023 3341 4105 multosque
3384 4036 3593 4095 liberos
3651 4058 3782 4099 suos

2194 4118 2561 4189 quadraginta
2586 4120 2824 4177 millibus
2854 4123 3011 4195 longe
3029 4128 3332 4183 transmisit
3361 4130 3782 4193 ad'interiorem

2196 4210 2679 4282 partem‘Orientis
2724 4216 2779 4269 in
2823 4219 3253 4277 munitissimum
3303 4222 3509 4280 locum.
3547 4222 3781 4295 Quidam

2197 4320 2329 4362 sane
2355 4306 2647 4364 Persarum
2684 4309 3090 4381 derogaverunt‘
3114 4304 3352 4372 Sarbaro
3398 4335 3567 4388 penes
3594 4322 3779 4380 Chos-

2198 4404 2352 4460 roen,
2409 4397 2555 4467 quod
2575 4414 2699 4453 cum
2719 4397 2984 4459 Rounanis
3002 4407 3233 4462 sentiret
3256 4416 3310 4463 et
3334 4408 3406 4463 illi
3432 4409 3781 4486 detraheret;

2184 4497 2254 4542 et
2280 4488 2429 4544 misit
2468 4489 2811 4560 spatbarium
2853 4510 3014 4550 suum
3048 4514 3170 4553 cum
3198 4499 3448 4569 jussione
3473 4505 3540 4559 ad
3572 4504 3780 4562 C'arda-

507 4566 731 4623 derunt.
756 4567 858 4625 Sed
880 4570 1183 4641 etjteutoria
1205 4573 1468 4629 Chosrois
1488 4586 1650 4645 atque
1674 4579 1937 4646 cortinas,
1956 4596 2094 4651 quas
2120 4569 2393 4651 Dzrigam,
2431 4592 2842 4654 compraatorem
2883 4588 3131 4656 Sarbari,
3165 4592 3589 4665 Chalcedonem,
3638 4600 3782 4655 scri-

509 4661 566 4716 ln
603 4660 827 4716 modum
871 4664 1125 4720 tendebat
1168 4666 1738 4737 porticuum,qnando
1782 4671 1835 4724 in
1895 4686 2091 4743 campo

508 4756 835 4823 metabatur,
867 4767 1066 4812 cuncta
1106 4770 1419 4815 cremarunt
1442 4802 1458 4828 ,
1487 4762 1618 4832 quin
1650 4771 1704 4817 et
1732 4773 1942 4821 statuas
1970 4767 2089 4837 ejus

509 4850 734 4905 multas.
776 4850 1106 4908 invenerunt
1134 4865 1313 4909 autem
1344 4864 1397 4909 ct
1425 4855 1479 4909 in
1511 4855 1597 4911 his
1629 4856 1844 4925 palaliis
1878 4860 2087 4917 aviaria
2114 4866 2115 4869 “

506 4949 565 4996 et
595 4941 863 4999 dorcades
891 4952 945 4999 et
976 4947 1163 5000 asinos
1193 4954 1436 5016 agrestes
1475 4955 1529 5001 et
1560 4964 1800 5019 pavones
1836 4960 1892 5006 et
1921 4951 2085 5009 fasia-

508 5033 871 5099 nosinlinitaa
900 5036 1266 5091 multitudinis
1293 5077 1308 5104 ,
1356 5053 1455 5093 nec
1486 5056 1595 5095 non
1627 5043 1680 5095 in
1716 5043 1925 5097 vivario
1963 5044 2085 5115 ejus

506 5128 692 5185 leones
740 5144 806 5183 ac
860 5130 1084 5200 tigrides
1133 5133 1285 5186 mira:
1334 5135 1731 5203 magnitudinis
1778 5137 1952 5192 vivos.
2012 5137 2086 5194 De

506 5230 706 5275 cetero
765 5220 1128 5291 confugerunt
1178 5226 1244 5279 ad
1305 5226 1689 5297 imperatorem
1749 5216 2084 5298 plurimi-ex

504 5318 758 5389 captivis,
803 5318 1025 5375 Edesini
1063 5320 1273 5377 scilicet
1299 5330 1354 5377 et
1379 5324 1754 5392 Alexandrini,
1786 5327 1881 5381 sed
1928 5336 1982 5382 et
2012 5343 2078 5383 ex

2196 4674 2335 4731 hens
2359 4675 2409 4730 ei
2455 4684 2513 4729 ut
2565 4676 2863 4734 Sarbarum
2909 4681 3276 4749 interficeret,
3308 4694 3361 4740 et
3400 4687 3519 4758 ipse
3576 4692 3779 4760 papula

2178 4765 2488 4821 Persarum
2520 4780 2744 4839 recepto
2770 4774 3105 4827 acceleraret
3142 4777 3195 4829 in
3228 4775 3508 4833 Persidem
3537 4780 3594 4837 in
3625 4786 3779 4839 auxi-

2182 4858 2328 4913 lium
2359 4857 2465 4914 sui.
2500 4858 2550 4914 Is
2577 4859 2759 4916 autem
2791 4864 2882 4932 qui
2917 4864 3130 4922 litteras
3165 4866 3442 4924 deferebat
3481 4872 3631 4928 circa
3673 4874 3778 4931 Ga-

2186 4952 2368 5007 latiam
2388 4954 2870 5023 comprehenditur
2895 4971 2924 5009 a
2945 4954 3210 5015 Romanis
3233 5002 3249 5027 ,
3278 4977 3389 5033 quo
3414 4962 3777 5035 comprehen-

2182 5059 2267 5111 so,
2301 5053 2355 5100 et
2372 5046 2747 5101 nescientibus
2776 5047 2983 5111 Persis,
3009 5049 3153 5105 hunc
3175 5051 3496 5123 Byzantium
3530 5058 3774 5114 deduxe-

2181 5147 2311 5193 runt
2337 5148 2389 5194 et
2417 5140 2764 5209 imperatoris
2798 5142 2907 5196 filio
2937 5140 3301 5201 tradiderunt.
3335 5149 3437 5204 Ast
3477 5151 3774 5221 imperator

2183 5246 2214 5286 a
2234 5232 2403 5288 misso
2419 5232 2639 5303 cognita
2660 5234 2887 5290 veritate
2907 5238 3163 5306 protinus
3184 5241 3480 5297 Sarbarum
3503 5246 3770 5303 accessit:

2187 5326 2283 5399 qui
2323 5341 2447 5382 cum
2490 5327 2814 5397 introisset,
2858 5331 3033 5386 astitit
3088 5331 3429 5404 imperatori.
3475 5339 3774 5410 imperator

2030 5489 2265 5547 NOTAE.

578 5603 688 5671 (5i)
722 5600 1080 5658 Burdonibus.
1126 5602 1311 5659 Utitur
1360 5603 1618 5672 Ulpianus
1662 5607 1715 5661 in
1756 5607 1804 5661 le
1850 5607 2115 5665 .49.Deﬁ

578 5684 663 5731 rat.
700 5674 773 5737 ὃς
806 5673 1235 5745 βῆτγεοειθηιυε
1277 5690 1363 5745 ep.
1396 5676 1503 5729 14:
1559 5671 1690 5730 Εἶτα
1729 5678 1756 5730 ὁ
1806 5621 2011 5745 gantiam
2051 5682 2078 5733 ὁ

505 5675 663 5740 legat.
700 5674 773 5737 ὃς
806 5673 1235 5745 μὴτγεοειθηιυε
1277 5690 1363 5745 ep.
1396 5671 1503 5729 Νι
1559 5671 1690 5730 Εἶτα
1729 5678 1756 5730 ὁ
1806 5671 2011 5745 βόρδων
2051 5682 2078 5733 ὁ

502 5748 700 5816 φέρωνΔ
723 5742 879 5813 ἡμῶν
917 5742 981 5816 τὸ
1014 5742 1697 5816 ‘Asxrlxtov.Theophanes
1732 5767 1744 5801 :
1800 5742 1970 5802 “om
1998 5753 2079 5813 ei;

505 5812 1192 5905 E-Jpotquvfiiiéémpat.
1236 5812 1646 5905 gonsta,tttittus
1674 5816 1835 5905 'i'act;
1873 5835 1927 5905 p.
1966 5812 2075 5875 i2:

532 5886 638 5957 Εχε
671 5886 728 5939 δὲ
760 5886 852 5941 καὶ
901 5886 1145 5959 βορόόνια
1190 5888 1284 5942 καὶ
1323 5888 1579 5961 ἱππάρια.
1620 5889 1769 5945 Adde
1812 5886 2079 5947 Joannem

2183 5609 2469 5685 Moschum
2520 5606 2740 5665 Limon.
2790 5610 2881 5666 l01
2932 5622 2985 5666 et
3020 5612 3157 5680 ηε,
3210 5612 3357 5668 Hist.
3397 5616 3538 5685 Trip.
3571 5632 3669 5682 vn,
3715 5616 3773 5674 5.

2186 5679 2382 5825 “(Enim
2411 5751 2766 5825 C/talbasias.
2794 5751 2858 5825 Y.
2896 5753 3217 5825 Hieronymi
3248 5756 3537 5825 epistolam
3566 5757 3634 5813 ad
3667 5756 3771 5817 Fa-

2190 5823 2387 5879 biolam
2415 5832 2469 5880 et
2494 5822 2674 5881 Gloss.
2704 5823 2768 5879 ad
2791 5824 3023 5883 Cedren.
3053 5822 3126 5880 In.
