4034 6298
257 335 392 403 1313

1041 331 1411 392 HISTORIA
1451 326 2022 390 ECCLESIASTICA
2054 325 2152 384 ΕΧ
2193 324 2688 387 ΤΗΕΟΡΙΙΑΝΕ.

3392 330 3528 398 1314

252 465 431 509 autem
461 452 587 508 huic
619 453 870 522 epistola,
901 450 1366 522 quam-Chosroes
1390 449 1456 502 ad
1482 446 1835 517 Cardarigam
1871 452 1913 505 Α
1943 441 2119 497 Serem
2152 453 2200 495 et
2221 443 2383 494 alium
2403 442 2572 512 ﬁlium
2591 442 2704 510 ejus
2730 440 2841 495 Anii
2871 441 3316 512 ;primogenitum
3349 456 3529 500 autem

253 548 497 613 miserat,
534 547 757 611 tradita,
792 546 1070 615 missoque
1095 551 1345 609 ostenso,
1373 540 1502 610 legit
1528 541 1838 610 epistolam.

248 640 425 691 Atille
449 647 634 692 certus
652 639 878 693 veritate
903 637 980 692 rei
998 636 1243 697 clicctus,
1263 636 1525 688 continuo
1543 647 1843 688 conversus

254 715 458 804 fmilera
489 745 613 784 cum
652 729 762 783 lilio
806 728 1068 798 principis
1100 737 1154 782 et
1196 726 1499 796 patriarcha
1527 724 1656 778 fecit
1690 739 1707 790 ;
1747 725 1839 794 qui

253 823 386 877 falsa
417 820 686 876 Chosrois
704 822 933 892 epistola
961 820 1125 887 facta,
1158 819 1308 874 addit
1340 819 1393 872 in
1423 833 1484 872 ea
1511 818 1674 872 etiam
1703 817 1841 871 alios

252 913 693 982 quadringentos
722 922 972 982 satrapas
1001 920 1053 967 ct
1090 912 1367 982 principes
1399 921 1454 964 et
1494 910 1748 964 tribunos
1787 917 1841 963 et
1888 978 1891 979 ν

253 1006 607 1060 rentnriones
654 1004 1085 1068 inter-intendes.
1148 1011 1201 1058 et
1251 1002 1507 1072 imposito
1556 1001 1843 1072 ingeniose

254 1100 550 1155 adinvento
610 1097 925 1168 signaculo,
993 1095 1445 1166 congregatisque
1499 1094 1734 1150 ducibus
1789 1101 1844 1148 ct

254 1192 375 1261 ipso
402 1190 724 1259 Cardariga,
769 1198 822 1244 et
852 1191 987 1244 lecta
1015 1189 1245 1257 epistola
1271 1227 1285 1251 ,
1317 1187 1456 1241 dixit
1483 1186 1550 1241 ad
1591 1187 1844 1241 Cardari-

251 1297 427 1354 gain:
485 1281 748 1350 Perspicis
801 1292 858 1335 ut
905 1281 1001 1334 hac
1042 1281 1237 1348 facias.
1287 1279 1528 1336 Atevero
1564 1280 1843 1350 principes

253 1374 446 1431 furore
483 1375 690 1437 referti,
726 1374 976 1428 abdicato
1005 1374 1252 1429 Chosroe
1281 1413 1297 1438 ,
1342 1372 1652 1442 imperatori
1693 1373 1845 1442 paci-

254 1467 354 1539 ﬁca
387 1476 545 1540 pacta
571 1475 878 1536 patrarunt,
915 1473 968 1520 et
996 1477 1187 1519 mutuo
1216 1465 1352 1524 inito
1378 1465 1611 1520 consilio
1637 1463 1845 1533 placuit

256 1569 313 1611 ut
332 1557 684 1614 Chalcedone
709 1556 1055 1613 discederent
1079 1564 1133 1610 et
1162 1557 1225 1612 ad
1251 1555 1471 1626 propria
1493 1554 1840 1625 repedarcnt,

256 1650 394 1704 nihil
451 1649 894 1705 exterminaturi.
947 1648 1234 1704 Praeterea
1291 1647 1575 1702 Heraclius
1619 1645 1842 1715 scripsit

252 1742 525 1797 Chosroi:
579 1742 689 1813 Ego
737 1759 1019 1814 persequor
1055 1753 1107 1796 et
1162 1741 1230 1796 ad
1275 1757 1458 1810 pacem
1507 1755 1706 1794 curro:
1739 1754 1842 1792 non

256 1839 391 1891 enim
447 1838 780 1891 voluntarius
827 1838 944 1906 igne
986 1851 1236 1890 consumo
1278 1834 1570 1898 Persidem,
1611 1832 1702 1886 sed
1744 1832 1844 1884 vim

252 1944 445 1996 passus
483 1929 576 1982 abs
621 1940 686 1982 te.
719 1927 1085 2005 _Projiciamus
1117 1944 1238 1998 ergo
1268 1927 1454 1980 saltem
1495 1941 1634 1982 nunc
1669 1941 1842 1989 arma,

253 2030 297 2073 et
321 2037 506 2090 pacem
556 2020 955 2087 amplectamur.
1009 2018 1423 2089 Exstinguamus
1459 2018 1628 2087 ignem
1667 2018 1846 2085 prius-

253 2129 412 2184 quam
441 2113 684 2165 unirersa
707 2112 1018 2180 inﬂammet.
1045 2109 1291 2179 Cumque
1310 2109 1582 2163 Chosroes
1615 2109 1714 2161 hoc
1739 2123 1845 2160 non

256 2203 597 2266 admisisset,
630 2215 957 2271 magnopere
981 2199 1164 2253 odium
1202 2198 1384 2269 populi
1410 2196 1849 2267 Persidisrcrevit

257 2295 528 2350 adversus
560 2310 708 2348 cum.
746 2292 912 2347 Movit
941 2307 1071 2361 ergo
1107 2290 1382 2346 Chasroes
1418 2291 1669 2343 homines
1700 2289 1850 2359 prin-

255 2391 441 2459 cipum
500 2369 837 2443 suorum'et
881 2401 1041 2439 omne
1103 2383 1430 2453 obsequium
1479 2398 1640 2436 suum
1689 2392 1850 2452 atque

259 2482 556 2535 mulierum
600 2493 848 2543 suarum,
884 2487 937 2532 et
973 2478 1074 2532 hos
1106 2484 1347 2530 armatos
1384 2483 1614 2531 cunctos
1650 2473 1850 2528 direxit

260 2573 528 2628 exercitui
573 2573 840 2626 uniendos
871 2570 1122 2634 Rhazati,
1166 2580 1219 2624 et
1261 2577 1500 2625 elaturos
1537 2568 1678 2638 apud
1709 2567 1850 2621 Nar-

261 2665 384 2720 bam
404 2664 628 2718 ﬂuvium
682 2661 971 2718 duodecim
1020 2661 1266 2715 millibus
1309 2674 1340 2714 a
1396 2658 1740 2728 Ctisiphonte
1770 2659 1852 2713 di-

261 2765 523 2821 stantem,
550 2755 789 2826 etjussit
811 2755 892 2809 eis
921 2762 999 2817 ut,
1027 2754 1154 2806 dum
1176 2767 1388 2806 amnem
1411 2751 1668 2805 transiret
1686 2751 1856 2819 inope-

262 2858 435 2912 rator,
500 2849 809 2902 inciderent
861 2857 1078 2916 pontes.
1129 2849 1226 2900 Ast
1279 2845 1575 2913 imperator
1619 2845 1853 2913 septimo

264 2944 394 2998 ldus
444 2941 736 3018 Ianuarias
785 2950 969 2995 motus
1014 2956 1044 2993 a
1086 2940 1410 3010 Dastagerd,
1452 2953 1576 2993 cum
1629 2939 1857 2992 abiisset

266 3035 444 3091 tribus
467 3033 682 3094 diebus,
706 3042 889 3086 castra
921 3040 1158 3085 metatus
1175 3040 1258 3085 est
1287 3029 1578 3086 duodecim
1610 3031 1854 3083 mllllbtlS

1946 537 2115 605 ﬁlium
2161 535 2384 590 Sirohen
2427 545 2474 589 et
2510 535 2703 603 fratres
2747 535 2893 604 ejus,
2923 553 3015 589 nec
3050 554 3151 590 non
3201 547 3250 592 et
3284 542 3529 596 mulieres

1945 647 2090 692 suas,
2146 628 2349 682 dimisit
2407 629 2548 681 ultra
2601 629 2820 698 ﬂumen.
2877 629 3257 700 Compertoque
3316 631 3530 688 Sim/tes

1945 724 2082 792 quod
2119 722 2405 776 .llcrdasan
2437 739 2692 776 coronare
2727 723 2898 786 rellet,
2936 727 3182 778 turbatus
3230 735 3329 787 est,
3355 737 3403 778 et
3432 711 3532 779 mi-

1945 816 2014 868 sit
2055 818 2440 869 collactaneum
2475 833 2629 868 suum
2684 815 2750 867 ad
2789 812 3222 877 Cundubn'mlan.
3271 818 3532 873 mandans

1943 911 1992 962 ei
2021 925 2082 960 ac
2107 907 2282 961 dicens
2315 925 2333 961 :
2381 925 2400 959 ί
2454 907 2581 961 Vrni
2616 909 2692 961 cis
2725 907 2940 975 ﬂumen,
2975 909 3237 978 alloquar
3272 921 3462 965 tecum.
3511 931 3529 964 I

1947 1003 2013 1054 At
2046 1000 2135 1053 ille
2169 1002 2349 1054 timuit
2377 999 2668 1065 Cliosroen,
2698 1012 2745 1053 et
2782 1003 3168 1068 nontransivit,
3199 1003 3289 1056 sed
3313 1005 3535 1059 mandat

1946 1095 1992 1146 ei
2033 1112 2043 1147 :
2088 1113 2106 1145 ‹
2162 1093 2364 1159 Scribe,
2395 1095 2656 1163 inquiens,
2678 1095 2807 1147 mihi
2829 1111 2922 1163 per
2950 1095 3336 1151 collactarteitm
3360 1114 3534 1154 meum

1946 1186 2199 1262 quidquid
2240 1186 2488 1240 volueris.
2529 1205 2548 1236 ι
2591 1185 2657 1238 Et
2699 1189 2911 1254 scripsit
2951 1187 2998 1240 ei
3035 1185 3242 1242 Sirohis
3287 1192 3535 1260 quoniam

1949 1275 2360 1347 Nostiqnaliter
2379 1295 2461 1332 res
2498 1278 2708 1347 publica
2750 1279 3035 1333 Persarum
3075 1296 3165 1348 per
3190 1299 3412 1350 nequam
3441 1283 3540 1338 Ito-

1946 1370 2135 1422 minem
2168 1371 2326 1422 istum
2357 1369 2630 1424 Citosroen
2663 1382 2860 1439 pereat,
2889 1381 2934 1425 et
2967 1372 3072 1425 vult
3105 1391 3357 1428 coronare
3387 1373 3537 1429 11er-

1946 1466 2140 1525 dasan,
2178 1472 2229 1516 et
2269 1481 2348 1516 me
2377 1465 2793 1532 primogenitum
2826 1482 2979 1518 suum
3014 1471 3344 1536 contempsit.
3379 1466 3449 1522 Et
3488 1468 3537 1524 si

1947 1555 2212 1608 allocutus
2243 1554 2408 1624 fueris
2444 1555 2733 1609 exercitum
2770 1566 2828 1609 ut
2868 1559 3128 1624 recipiant
3172 1575 3269 1620 me,
3309 1571 3354 1612 et
3383 1576 3536 1630 rogas

1945 1662 2127 1698 eorum
2155 1646 2375 1716 augebo,
2406 1656 2455 1699 et
2483 1661 2663 1715 pacem
2685 1664 2802 1700 cum
2831 1646 3189 1702 Romanorum
3217 1651 3538 1719 imperatore

1949 1754 2011 1791 ac
2066 1735 2249 1794 Turcis
2306 1739 2526 1810 faciant,
2582 1748 2633 1794 et
2677 1740 2802 1794 bene
2837 1741 3084 1797 vivemus.
3117 1743 3182 1796 Et
3220 1747 3374 1798 stude
3418 1763 3536 1800 cum

1947 1833 2139 1903 populo
2166 1843 2255 1887 tuo
2297 1843 2350 1886 ut
2381 1849 2472 1903 ego
2502 1851 2730 1904 regnem,
2760 1846 2806 1889 et
2838 1853 3014 1890 omnes
3052 1852 3137 1890 ros
3179 1838 3456 1903 provehmn
3488 1849 3538 1895 et

1948 1927 2275 1991 auxiliabor,
2308 1935 2356 1980 et
2382 1929 2646 1996 pra’cipue
2673 1939 2738 1982 te.
2757 1927 3110 1983 Gundabusas
3133 1942 3306 1983 autem
3334 1933 3536 1987 remisit

1948 2020 1996 2072 ei
2023 2034 2114 2087 per
2141 2019 2527 2073 collactaneum
2554 2037 2705 2074 suum
2736 2023 2913 2074 dicens
2937 2038 2955 2074 :
2979 2041 2996 2071 ι
3032 2021 3298 2092 Quidquid
3323 2039 3537 2092 possum

1949 2112 2138 2182 loquar
2166 2128 2283 2165 cum
2313 2123 2558 2182 praetore,
2592 2126 2640 2166 et
2669 2114 2932 2168 sollicitus
2966 2113 3064 2179 fui,
3101 2127 3148 2168 et
3180 2115 3386 2170 locutus
3420 2133 3535 2171 sum

1949 2222 2068 2258 cum
2107 2205 2292 2274 viginti
2321 2205 2526 2259 duobus
2561 2207 2860 2270 comitibus,
2892 2215 2940 2258 et
2965 2207 3065 2274 feci
3090 2223 3174 2260 eos
3203 2225 3330 2261 mea:
3354 2207 3538 2262 volun-

1953 2299 2080 2352 tatis
2109 2314 2222 2352 esse
2249 2314 2269 2362 ,'
2298 2300 2386 2352 sed
2411 2307 2459 2351 et
2483 2299 2620 2352 alios
2660 2299 2922 2366 principes
2951 2312 2997 2352 et
3033 2299 3226 2353 milites
3256 2301 3471 2355 multos.
3512 2320 3533 2356 ι

1954 2391 2020 2444 Et
2043 2391 2152 2444 haec
2178 2390 2384 2461 quidem
2422 2389 2778 2445 Gundabusas
2819 2391 3092 2445 mandavit
3129 2390 3328 2447 Sirolti.
3355 2393 3422 2444 At
3448 2394 3538 2447 ille

1953 2484 2153 2537 remisit
2181 2483 2230 2536 ei
2264 2483 2444 2536 dicens
2489 2493 2546 2536 ut
2574 2482 2775 2537 decimo
2813 2484 3177 2538 Kalendarum
3207 2485 3538 2546 Apriliarum

1947 2573 2464 2643 snmerctjuniores,
2495 2583 2546 2628 et
2580 2576 2721 2645 apud
2762 2585 2971 2641 pontem
3002 2577 3050 2630 ei
3099 2575 3329 2647 Tigridis
3353 2593 3540 2631 occur-

1954 2677 2088 2721 reret
2140 2667 2402 2735 ﬂuminis.
2446 2674 2502 2719 ut
2549 2666 2875 2734 susciperent
2919 2685 3037 2721 eum
3076 2669 3128 2721 in
3169 2671 3458 2723 exercitum
3488 2679 3538 2723 et

1955 2770 2286 2812 morerentur
2314 2757 2561 2811 adversus
2587 2756 2872 2813 Cliosroen.
2908 2756 3184 2827 Referebat
3208 2770 3378 2814 autem
3401 2759 3542 2831 quod

1955 2867 2071 2905 cum
2133 2850 2313 2905 Sirolii
2337 2859 2507 2905 essent
2570 2852 2732 2903 etiam
2791 2851 2895 2905 duo
2949 2853 3052 2922 ﬁlii
3103 2850 3448 2908 Sarbarazan
3491 2863 3540 2908 et

1956 2944 2102 3014 ﬁlius
2155 2942 2405 2998 Iliesdem
2441 2951 2490 2997 et
2535 2942 2634 2996 alii
2675 2944 2828 2998 mnlti
2871 2947 3168 3012 principum
3229 2947 3331 3016 ﬁlii
3386 2956 3544 3014 atque

1957 3035 2320 3105 [ilius-Aram,
2349 3050 2524 3089 omnes
2546 3035 2718 3096 electi,
2745 3043 2796 3088 et
2821 3036 2959 3105 quod
2989 3039 3247 3107 siquidem
3276 3040 3542 3106 potuerint

269 3128 461 3199 procul
496 3143 526 3180 a
561 3125 742 3178 Nutha
770 3124 1015 3190 ﬂumine,
1048 3124 1142 3178 tibi
1177 3134 1292 3178 eral
1322 3121 1613 3184 Persarum
1633 3123 1856 3177 .exel‘Ci-
1882 3137 1925 3195 (ι
1960 3129 2224 3184 Cliosroen
2257 3130 2534 3199 perimere,
2564 3129 2687 3185 bene
2701 3141 2749 3185 et
2772 3133 2998 3202 optime:
3030 3132 3110 3184 sin
3139 3142 3337 3194 autem,
3366 3149 3542 3186 omnes

265 3230 374 3288 tus,
420 3221 565 3274 inter
603 3236 741 3290 quos
783 3218 1061 3273 habebant
1089 3219 1253 3274 etiam
1295 3228 1349 3274 et
1397 3219 1715 3289 elephantes
1754 3218 1856 3271 du-

267 3325 477 3370 centos.
514 3314 578 3368 Et
627 3313 778 3367 misit
819 3312 1116 3382 imperator
1153 3309 1449 3380 Georgium
1501 3309 1853 3364 turmarchen

266 3407 741 3482 Armeniacorum,
763 3413 821 3460 ut
853 3404 957 3457 iret
985 3417 1160 3472 usque
1189 3402 1257 3456 ad
1286 3400 1511 3464 ﬂunien,
1535 3407 1588 3455 et
1615 3400 1856 3456 disceret

267 3510 454 3556 utrum
499 3497 708 3553 Narbas
750 3495 952 3563 vadum
1001 3495 1247 3550 haberet.
1283 3494 1348 3549 Et
1383 3509 1508 3551 cum
1550 3493 1855 3549 invenisset

267 3593 412 3666 quod
459 3599 659 3664 pontes
708 3591 1031 3645 incidissent
1080 3599 1134 3643 et
1168 3589 1364 3644 vadum
1419 3604 1529 3644 non
1569 3596 1738 3652 esset,
1786 3588 1855 3642 ad

268 3687 658 3754 imperatorem
716 3683 924 3737 reversi
968 3690 1144 3746 sunt;
1195 3679 1286 3750 qui
1352 3689 1534 3736 motus
1583 3680 1854 3733 Siazuron

267 3777 401 3841 adit,
430 3776 775 3832 etcircuibat
819 3774 1113 3829 incendens
1161 3773 1436 3841 regionem
1475 3779 1528 3826 et
1557 3771 1720 3826 urbes
1758 3787 1856 3842 per

270 3881 441 3926 totum
473 3868 837 3923 Februarium
865 3865 1346 3928 mensem..ll-lartio
1369 3880 1498 3920 vero
1520 3880 1709 3921 mense
1729 3880 1855 3919 cum

270 3967 509 4020 venisset
546 3963 600 4016 in
643 3961 904 4031 prmdium
941 3959 1088 4028 quod
1124 3958 1409 4029 dicebatur
1439 3957 1674 4024 Barzan,
1710 3958 1860 4013 lace-

271 4072 328 4112 re
358 4053 713 4126 (56),septem
746 4053 864 4107 dies
890 4091 904 4114 ,
938 4060 991 4105 et
1024 4050 1174 4104 misit
1204 4049 1522 4103 Mezeticum
1566 4032 1855 4120 praetorem

271 4152 325 4205 in
374 4163 624 4215 cursum,
656 4157 710 4201 et
748 4145 1038 4214 adjunctus
1077 4151 1159 4198 est
1203 4144 1252 4199 ei
1291 4141 1708 4197 Gundabundas
1736 4141 1858 4196 chi-

274 4240 519 4296 liarchus
550 4237 758 4292 militiae
790 4234 1012 4289 Sarbari
1056 4249 1180 4287 cum
1217 4233 1347 4286 aliis
1388 4231 1651 4304 quinque,
1683 4231 1857 4285 tribus

274 4333 492 4401 quidem
526 4328 846 4389 comitibus,
877 4324 1094 4379 duobus
1118 4338 1247 4379 vero
1272 4324 1620 4378 axiornaiicis
1641 4322 1777 4394 (57),
1805 4330 1857 4376 et

276 4427 431 4482 duxit
469 4439 566 4479 eos
607 4423 672 4478 ad
723 4424 1130 4492 imperatorem.
1181 4417 1306 4484 Qui,
1337 4418 1595 4472 videlicet
1635 4415 1859 4470 Gunda-

1954 3239 2070 3280 cum
2116 3221 2298 3277 Sirolti
2343 3223 2609 3291 con/luent
2644 3223 2711 3276 ad
2747 3225 3142 3292 imperatorem.
3172 3223 3242 3279 Et
3279 3225 3422 3278 misit
3462 3242 3545 3280 me

1957 3314 2166 3370 Sirohis
2201 3316 2272 3369 ad
2309 3325 2375 3379 te,
2416 3315 2627 3371 domine
2656 3331 2673 3369 :
2703 3327 2908 3370 veretur
2935 3317 3074 3369 enim
3107 3317 3407 3390 imperium
3432 3316 3543 3372 Ru-

1957 3422 2254 3474 manorum,
2301 3409 2585 3479 quoniam,
2634 3409 2898 3478 inquiens,
2949 3409 3228 3469 Chosraen'
3273 3410 3540 3479 quendam

1954 3501 2201 3567 salvavit,
2232 3511 2280 3555 et
2301 3503 2468 3556 multa
2500 3516 2566 3555 ea:
2594 3517 2652 3555 eo
2685 3502 2829 3555 mula
2872 3502 3226 3556 Romanarum
3262 3513 3402 3557 terra
3425 3520 3549 3570 per—

1954 3609 2104 3661 pessa
2120 3602 2220 3657 est,
2244 3603 2294 3647 et
2312 3596 2436 3662 quia
2453 3604 2664 3662 propter
2683 3593 2828 3647 illius
2853 3593 3284 3663 ingratitudinem
3303 3613 3395 3650 nec
3416 3595 3546 3650 mihi

1958 3687 2166 3740 credere
2190 3685 2344 3740 habet
2368 3687 2676 3755 imperator.
2698 3685 2898 3741 Verum
2932 3687 3021 3740 ille.
3045 3687 3190 3742 hunc
3220 3688 3288 3742 ad
3317 3689 3545 3746 Sirohiti

1959 3796 2153 3838 rursus
2184 3779 2441 3840 absolvit,
2465 3778 2737 3836 mandans
2766 3777 2814 3831 ei
2848 3787 2902 3832 ut
2932 3793 3185 3834 carceres
3216 3781 3470 3850 aperiret,
3493 3795 3548 3836 ct

1958 3881 2202 3927 retentos
2227 3871 2281 3925 in
2313 3871 2393 3925 eis
2424 3869 2703 3924 Romanos
2737 3869 2997 3924 educeret
3026 3912 3040 3935 ,
3073 3881 3127 3924 et
3161 3886 3310 3925 arma
3340 3872 3418 3927 eis
3450 3873 3549 3924 tri-

1957 3964 2170 4029 bueret,
2203 3964 2393 4032 sicque
2422 3971 2610 4017 contra
2636 3961 2917 4016 Chosroen
2946 3977 3064 4016 sese
3089 3975 3349 4017 moveret.
3373 3961 3547 4018 Porro

1961 4054 2174 4110 Sirohis
2204 4053 2468 4109 obediens
2500 4054 2840 4123 imperatori,
2876 4056 3108 4110 retrusis
3139 4054 3376 4123 eductis,
3410 4071 3544 4126 pro-

1961 4147 2173 4215 peravit
2206 4154 2396 4200 contra
2438 4146 2762 4216 patricidam
2797 4157 3004 4217 patrem
3028 4186 3044 4213 ,
3075 4147 3358 4202 Chosroen
3392 4148 3544 4203 scili-

1960 4247 2068 4295 cet.
2117 4240 2362 4309 Cumque
2411 4239 2500 4293 ille
2549 4238 2737 4308 fugere
2791 4247 3058 4293 tentasset
3105 4255 3206 4293 nec
3257 4241 3546 4305 valuisset,

1963 4343 2148 4388 tentus
2179 4341 2234 4388 et
2262 4333 2439 4387 valide
2468 4331 2688 4386 vinctus
2720 4331 2911 4386 ferreis
2940 4340 3024 4386 est
3047 4332 3404 4402 compedibus
3438 4343 3544 4386 tam

1960 4434 2084 4494 post
2119 4433 2328 4494 tergum
2357 4421 2616 4477 manibus
2645 4436 2811 4492 quam
2846 4421 3078 4490 pedibus
3109 4421 3427 4489 colligatis;
3456 4424 3542 4475 cui

275 4520 510 4583 bundas,
559 4531 648 4570 res
709 4513 1060 4569 necessarias
1112 4511 1434 4580 imperatori
1482 4510 1855 4576 annuntiat-il,
1889 4487 1933 4542 θ
1962 4524 2011 4569 et
2047 4515 2196 4568 circa
2237 4513 2439 4568 collum
2473 4511 2714 4582 pondera
2763 4510 2936 4564 ferrea
2970 4511 3286 4576 imponunt,
3335 4519 3389 4564 et
3425 4511 3551 4566 mit-

275 4610 465 4665 dicens
499 4626 513 4662 :
563 4606 786 4673 Quando
815 4605 948 4675 fugit
979 4602 1233 4658 Cliosroes
1265 4620 1298 4657 α
1324 4601 1620 4673 Dastagerd
1646 4613 1694 4657 et
1722 4602 1856 4655 adiit

275 4700 658 4769 Ctisipltontem
723 4708 877 4768 atque
916 4695 1245 4762 Seleuciam,
1287 4696 1599 4766 dysenteria:
1633 4695 1856 4765 languo-

276 4813 387 4850 rem
423 4795 668 4854 incurrit,
696 4803 742 4847 et
777 4792 937 4845 voluit
969 4791 1140 4861 ﬁlium
1174 4806 1326 4842 suum
1369 4789 1674 4852 .llerdasan,
1702 4805 1854 4858 quem

277 4887 452 4959 genuit
509 4900 574 4938 ea:
627 4882 772 4946 Serc,
819 4899 1092 4936 coronare.
1137 4885 1302 4950 Atque
1349 4897 1617 4948 regressus
1666 4883 1856 4934 iterum

276 4982 484 5028 omnem
542 4972 808 5040 transivit,
848 4983 893 5025 et
946 4986 1118 5024 secum
1163 4970 1313 5022 duxit
1369 4968 1658 5023 Mcrdasan
1705 4980 1859 5040 atque

1967 4612 2087 4658 tunt
2111 4617 2235 4657 eum
2263 4603 2318 4656 in
2354 4602 2574 4655 domum
2597 4601 2968 4664 tenebrarum,
2993 4615 3155 4670 quam
3177 4602 3292 4670 ipse
3318 4601 3551 4657 munivit

1963 4712 1992 4750 a
2037 4695 2278 4749 novitate
2319 4703 2645 4747 construens
2683 4691 2750 4746 ad
2820 4691 3200 4746 recondendus
3253 4691 3546 4762 pecunias,

1963 4789 2236 4858 panisque
2267 4801 2460 4856 parum
2497 4786 2546 4839 ei
2594 4795 2646 4839 et
2692 4799 2849 4852 aqua:
2885 4785 3193 4838 tribuentes
3225 4784 3371 4838 hunc
3404 4783 3549 4838 fame

1966 4878 2232 4931 necabant
2265 4894 2278 4929 :
2319 4875 2394 4928 ait
2425 4875 2570 4929 enim
2600 4873 2811 4928 Sirohis
2839 4890 2852 4926 :
2890 4871 3141 4926 Comedat
3166 4891 3380 4938 aurum,
3408 4873 3548 4942 quod

1966 4975 2237 5026 incassum
2263 4968 2570 5040 collegit,.et
2596 4976 2811 5037 propter
2833 4965 2970 5037 quod
2999 4967 3161 5020 etiam
3191 4972 3385 5021 multos
3407 4967 3549 5037 fama

1799 5138 2033 5195 NOT/E.

349 5266 460 5341 (56)
501 5263 732 5341 Facere:
774 5260 1110 5341 Papinianus
1143 5258 1196 5341 in
1249 5259 1283 5312 l.
1314 5257 1573 5341 milesuad
1604 5260 1706 5326 leg.
1748 5257 1857 5340 Jul.

280 5330 553 5398 De‘adult.
583 5351 602 5389 :
635 5352 652 5384 ε
689 5331 765 5385 Ne
813 5333 916 5386 sibi
973 5340 1421 5398 computarentur
1446 5330 1563 5398 dies
1615 5344 1755 5398 quos
1806 5330 1858 5381 in

279 5408 526 5469 custodia
555 5405 792 5459 fecisset.
823 5401 1049 5470 iLupus
1078 5397 1238 5470 epist.
1264 5398 1334 5452 20
1360 5417 1370 5452 :
1410 5419 1426 5450 ι
1451 5397 1654 5452 Facere
1675 5398 1860 5470 nobis-

278 5498 402 5538 cum
444 5480 562 5532 dies
594 5476 803 5544 aliquot
843 5469 1048 5526 valcas.
1075 5491 1092 5524 ι
1134 5471 1366 5544 Rutilius
1401 5470 1665 5544 interpres
1689 5469 1858 5523 Euse-

278 5556 351 5608 bii
393 5555 460 5604 tt.
494 5545 559 5602 E.
600 5564 629 5600 ι(
661 5541 702 5599 ε’
725 5563 742 5595 ι
775 5545 1030 5614 Quinque
1064 5557 1238 5614 annos
1262 5542 1404 5614 inter
1427 5541 1857 5614 catechumenos

278 5623 504 5679 faciant.
551 5639 568 5672 ι
608 5618 743 5671 Acta
797 5608 1085 5668 Fructuosi
1133 5608 1688 5682 episc._Tarrac0ti.:
1736 5609 1860 5682 cEt

279 5698 526 5748 letter-unt
574 5691 630 5742 in
666 5699 890 5742 carcere
931 5685 1050 5738 dies
1099 5680 1215 5739 sei.
1247 5702 1266 5734 ι
1317 5680 1487 5736 Vetus
1529 5681 1856 5746 inscriptio:

282 5787 301 5817 ε
333 5765 470 5820 Cum
504 5775 610 5830 qua
639 5757 767 5830 fecit
806 5769 982 5830 annos
1012 5753 1045 5830 9
1075 5750 1485 5830 mep§e56_die_s
1515 5752 1604 5830 _25.
1645 5751 1814 5830 r_Alia_
1841 5767 1856 5804 :

283 5859 304 5892 ι
339 5839 478 5892 Cum
516 5822 711 5887 marito
745 5827 870 5881 fecit
904 5841 977 5882 ιιι.
1007 5825 1040 5880 5
1069 5824 1124 5879 d.
1158 5823 1250 5879 20.
1285 5843 1305 5878 ι
1348 5822 1407 5878 S.
1439 5823 1774 5880 Athanasius
1803 5823 1861 5878 in

1974 5253 2091 5308 Vita
2117 5252 2174 5308 S.
2202 5252 2424 5306 Antonii
2462 5269 2475 5304 :
2509 5249 2654 5314 Ἔξω
2689 5247 2952 5310 πολλάκις
2985 5246 3195 5318 ἡμέρας
3227 5248 3319 5300 καὶ
3347 5245 3550 5318 ν-ύκτπς

1969 5324 2268 5384 ποιοῦντες.
2295 5321 2356 5375 ν,
2383 5324 2513 5377 Acta
2545 5329 2719 5391 apost.
2757 5335 2911 5383 mu,
2945 5315 3034 5383 25,
3063 5315 3117 5373 et
3145 5319 3306 5386 epist.
3359 5315 3556 5384 Jacobi

1966 5412 2044 5457 xv,
2078 5395 2162 5450 15.
2199 5393 2367 5448 ἘΑιιιι.

2043 5465 2154 5536 (57)
2188 5463 2560 5536 Λειοηιηᾷιὶοἰε.
2615 5460 3012 5536 Glossa_rium__:
3054 5459 3425 5536 ᾁξιερματικᾲς
3455 5459 3552 5514 lio-

1970 5529 2246 5598 norar'ins,
2282 5535 2378 5602 qui
2411 5534 2672 5587 honorem
2707 5533 2866 5601 gerit.
2924 5530 3083 5602 Aliud
3144 5529 3487 5585 Glossarium
3535 5547 3547 5584 :

1967 5611 2261 5680 dignitpsus
2295 5600 2686 5672 ἀξιωματικός,
2716 5600 2810 5680 qpi
2843 5603 2897 5680 in
2924 5600 3188 5680 dignitate
3219 5603 3552 5680 constitutus,

1967 5671 2072 5734 θεῖ.
2113 5677 2293 5732 Utitur
2341 5671 2615 5740 postremo
2661 5673 2825 5727 verbo
2871 5672 3228 5735 Aldhelmns,
3274 5671 3350 5726 De
3397 5671 3547 5726 laud.

1968 5749 2206 5820 virginit.
2228 5764 2278 5820 τ’.
2303 5746 2376 5800 28
2401 5764 2463 5820 _:_¢
2490 5744 2718 5820 Propter
2739 5744 3066 5820 dignitosam
3089 5741 3418 5820 inpactentia!
3440 5748 3552 5810 pat-

1970 5809 2138 5888 ma’m,
2174 5839 2194 5873 ›
2229 5818 2265 5873 i.
2295 5831 2346 5873 e.
2383 5809 2696 5885 dignatione
2725 5809 3111 5870 venerandam.
3148 5809 3231 5873 lo.
