4034 6298
512 329 649 395 1915

1638 324 2050 393 ANASTASII
2082 319 2718 393 BIBLI'OTHECARII

3671 322 3807 394 tam

510 446 712 501 necarit
753 445 1109 511 maximumque
1140 441 1352 495 delevit.
1393 441 1564 496 Porro
1597 445 1748 500 misit
1787 445 2004 505 Sirohis
2041 435 2105 502 au
2142 450 2186 506 Α
2219 439 2453 500 dendum
2486 461 2713 502 suasum
2741 447 3039 516 baptizavit
3069 445 3124 501 in
3154 447 3318 502 domo
3344 443 3629 502 Eustachii
3667 441 3806 500 Nea-

511 555 638 594 cum
660 533 906 605 satrapas
926 536 1070 589 hunc
1094 533 1311 604 injuriis
1331 536 1702 606 impctendum
1730 549 1783 595 et
1804 556 2109 611 conspucn-

511 632 664 685 dum.
697 630 763 683 Et
780 628 1073 682 adductum
1090 622 1382 682 Merdasan
1414 628 1578 683 tilium
1601 630 1741 698 ejus,
1762 650 1922 703 quem
1949 626 2108 689 coro-

513 739 646 780 nare
681 724 916 788 volebat,
946 733 1072 776 ante
1097 738 1153 776 se
1177 723 1402 788 occidit,
1435 735 1488 780 et
1521 725 1764 795 reliquos
1807 726 1949 781 [ilius
1987 728 2107 796 ejus

513 831 742 877 cunctos
783 821 837 874 in
885 827 1185 889 conspectu
1230 819 1351 886 ejus
1393 821 1816 886 interemerunt,
1860 829 1915 876 et
1961 823 2108 876 misit

512 910 728 972 omnem
767 914 1049 969 inimicum
1080 918 1199 984 ejus
1234 916 1451 985 injuriis
1481 917 1771 971 cunmlare
1808 922 1863 967 et
1909 931 2108 985 percu-
2141 929 2143 932 ‘

513 1018 628 1064 tere
653 1015 706 1062 et
733 1021 1038 1076 conspuerc
1068 997 1244 1063 illum.
1285 1009 1532 1079 Denique
1566 1025 1662 1081 per
1709 1009 1958 1077 quinque
1990 1010 2109 1064 dies

513 1105 618 1158 hoc
651 1101 816 1166 iacto,
846 1101 1016 1169 jussit
1047 1101 1264 1157 Sirohis
1297 1104 1443 1158 hunc
1476 1103 1716 1157 arcubus
1751 1102 2060 1158 interﬁcere
2091 1142 2107 1166 ,

514 1196 706 1266 sicque
745 1195 1008 1266 paulatim
1046 1195 1098 1248 in
1137 1195 1295 1249 malis
1324 1196 1718 1266 nequissimam
1753 1211 1908 1250 suam
1933 1196 2110 1249 tradi-

513 1289 596 1344 dit
633 1290 892 1343 animam.
950 1289 1106 1344 Tunc
1147 1289 1364 1344 Siroltis
1418 1290 1644 1360 scripsit
1680 1288 1746 1343 ad
1792 1290 2109 1344 Heraclium

517 1383 899 1455 evangelizans
921 1384 971 1439 ei
991 1383 1241 1440 scelerati
1277 1382 1541 1438 Chosrois
1565 1383 1867 1448 interitum,
1893 1398 2114 1452 pacem-

516 1494 621 1549 que
651 1479 834 1547 jugem
864 1492 987 1532 cum
1010 1492 1074 1532 eo
1103 1493 1167 1531 ac
1197 1470 1563 1531 firmissimam
1593 1475 1820 1546 pepigit,
1849 1479 2109 1531 omnibus

515 1566 888 1634 Christianis,
938 1569 1031 1638 qui
1092 1569 1146 1622 in
1203 1571 1526 1623 carceribus
1582 1579 1637 1622 et
1683 1573 1833 1624 omni
1889 1567 2112 1624 Perside

517 1662 718 1732 captivi
755 1652 1106 1725 tenebantur,
1149 1660 1196 1715 ei
1235 1653 1508 1726 remissis,
1539 1677 1646 1715 una
1689 1677 1812 1716 cum
1842 1661 2110 1740 Zacharia

517 1745 1020 1827 Hierosolymitano
1070 1756 1304 1823 praesule
1347 1771 1416 1811 ac
1487 1757 1746 1824 pretiosis
1788 1765 1843 1811 et
1880 1756 2110 1812 vivificis

2217 537 2478 609 politani,
2545 540 2639 610 qui
2695 537 2752 594 et
2807 540 2960 610 ipse,
3013 555 3139 594 cum
3207 538 3561 594 Christianus
3618 546 3807 604 esset,

2216 629 2606 697 imperatorem
2648 632 2884 700 excepit.
2931 622 3223 700 ingressus
3273 633 3460 700 itaque
3506 640 3809 700 imperator

2216 719 2674 793 Hierosolymam,
2736 725 2999 779 restituto
3065 713 3179 778 tam
3233 725 3501 779 Zacharia
3552 723 3808 796 pontitic'o

2213 832 2375 884 quam
2409 816 2567 870 aluta:
2597 815 2782 871 crucis
2817 818 3156 872 honorandis
3185 833 3248 872 ac
3281 813 3518 873 viviticis
3547 810 3714 886 lignis
3754 818 3806 870 in

2213 908 2496 976 proprium
2521 906 2725 973 locum,
2750 906 3012 978 plurimas
3031 910 3143 964 Deo
3161 922 3344 981 grates
3370 911 3505 981 egit,
3523 909 3810 979 pulsisque

2215 1001 2285 1054 ab
2303 1002 2440 1056 urbe
2466 1011 2656 1055 sancta
2681 999 2924 1058 llebrieis
2945 1003 3112 1072 jussit
3137 1019 3244 1059 non
3274 1004 3476 1060 habere
3502 1005 3630 1058 illos
3656 1012 3810 1071 pote-

2217 1104 2414 1150 statem
2452 1097 2676 1165 prepius
2713 1098 2874 1153 alma:
2915 1099 3126 1153 civitati
3153 1115 3316 1169 quam
3351 1097 3527 1154 tribus
3561 1095 3811 1178 millibus

2219 1181 2726 1258 appropinquandi.
2779 1189 2916 1246 Cum
2957 1201 3142 1247 autem
3190 1193 3540 1262 pervenisset
3581 1192 3648 1246 ad
3702 1190 3809 1248 lle-

2217 1281 2459 1345 dessam,
2519 1272 2844 1338 ortltodoxis
2905 1287 3200 1341 ecclesiam
3265 1289 3546 1355 reddidit,
3597 1305 3721 1359 qua:
3779 1297 3808 1341 ‘a

2215 1370 2561 1432 Nestorianis
2617 1392 2645 1430 a
2707 1377 2972 1434 Chosrois
3041 1388 3291 1451 tempore
3357 1378 3672 1438 tenebatur.
3743 1376 3808 1436 Et

2218 1471 2453 1526 veniens
2492 1471 2828 1542 Hierapolim
2867 1468 3078 1530 audivit
3109 1474 3255 1546 quod
3291 1469 3509 1532 Sirohis
3546 1493 3640 1532 rex
3671 1475 3808 1531 Per-

2217 1581 2402 1620 sarum
2440 1567 2579 1619 diem
2612 1566 2906 1623 clausisset
2941 1577 3274 1630 extremum,
3316 1577 3371 1625 et
3407 1569 3610 1625 Adesir
3638 1569 3810 1638 hujus

2217 1653 2361 1712 ﬁlius
2401 1659 2449 1714 ei
2483 1659 2537 1713 in
2579 1659 2733 1729 regni
2782 1659 3051 1731 regimine
3097 1653 3490 1717 successisset.
3531 1663 3635 1729 Qui
3683 1678 3808 1716 cum

2216 1762 2425 1821 septem
2457 1755 2746 1808 mensibus
2782 1754 3050 1807 tenuisset
3077 1756 3472 1824 principatum,
3507 1755 3814 1809 insurrexit

517 1849 704 1920 lignis,
739 1865 859 1920 qua:
897 1850 1114 1904 fuerant
1142 1865 1207 1903 ex
1245 1827 1643 1920 llierosolytitis
1679 1863 1710 1902 a
1743 1847 2108 1914 Sarbarazan,
2145 1841 2185 1896 Β
2215 1846 2482 1930 adversus
2544 1862 2669 1900 eum
2709 1839 3069 1911 Sarbarazas,
3107 1849 3200 1918 qui
3233 1864 3298 1902 eo
3333 1865 3601 1920 percusso
3635 1848 3815 1919 impe-

517 1957 640 1998 cum
679 1939 980 1997 Jerusalem
1019 1943 1273 2013 cepisset,
1310 1942 1516 1996 ablata.

587 2033 746 2088 Anno
779 2034 992 2104 imperii
1034 2022 1270 2089 ileraclii
1308 2035 1522 2089 decimo
1551 2041 1749 2088 octavo
1785 2050 1879 2088 rex
1939 2033 2113 2088 hahe-

519 2137 608 2181 tur
660 2126 955 2181 Persarum
1015 2119 1251 2192 Sirohis,
1311 2127 1404 2196 qui
1467 2119 1614 2180 anno
1669 2127 1920 2196 regnavit
1978 2141 2106 2189 uno,

517 2220 741 2289 quando
806 2227 859 2273 et
922 2208 1169 2274 Moamed
1232 2221 1475 2274 Arabum
1546 2235 1643 2274 seu
1707 2212 2109 2273 Saracenorum

520 2314 782 2381 princeps
817 2312 921 2366 sub
952 2310 1137 2366 Persis
1167 2312 1373 2382 degens
1399 2322 1616 2366 sextum
1650 2311 1845 2382 agebat
1881 2307 2110 2373 animm,

520 2413 882 2472 perventurus
939 2401 1005 2456 ad
1054 2418 1280 2457 nonum.
1322 2403 1539 2457 Interea
1585 2405 1729 2456 facta
1789 2414 1923 2473 pace
1983 2417 2105 2455 eum

522 2493 706 2550 Persis
748 2504 910 2564 atque
947 2490 1232 2560 Romanis,
1266 2492 1473 2550 direxit
1517 2490 1818 2565 imperator
1849 2492 2109 2548 Theodo-

520 2575 641 2640 rum
666 2586 896 2640 fratrem
933 2603 1093 2642 suum
1131 2603 1254 2640 cum
1296 2588 1496 2642 litteris
1525 2597 1579 2642 et
1608 2586 1924 2641 hominibus
1957 2582 2110 2637 Siro—

520 2680 605 2737 his
635 2674 778 2753 regis
818 2677 1133 2740 Persarum.
1179 2695 1456 2751 quatenus
1487 2681 1686 2745 Persae,
1719 2681 1812 2750 qui
1849 2681 1903 2733 in
1940 2676 2112 2733 Palae-

519 2771 666 2827 stina
700 2780 756 2827 et
789 2772 991 2827 Edessa
1021 2780 1076 2826 et
1111 2769 1514 2844 Hierosolymis
1544 2781 1597 2828 et
1631 2772 1846 2827 casteria
1879 2771 2108 2826 urbibus

517 2862 894 2918 Romanorum
950 2867 1158 2929 essent,
1207 2877 1334 2917 cum
1392 2861 1531 2934 pace
1580 2857 1997 2919 reverterentur
2054 2861 2109 2916 in

516 2952 799 3030 Persidem
845 2965 900 3010 et
953 2954 1192 3010 innocue
1244 2956 1448 3011 terram
1502 2951 1876 3023 Romanorum
1927 2963 2109 3011 trans-

521 3051 684 3124 irent.
713 3048 1000 3105 Postremo
1033 3051 1335 3116 imperator
1361 3065 1484 3104 cum
1510 3065 1605 3105 sex
1636 3051 1797 3104 annis
1822 3043 2106 3104 Persidem

516 3148 920 3210 expugnasset,
987 3142 1221 3210 septimo
1273 3141 1420 3195 anno
1478 3156 1612 3211 pace
1670 3132 1925 3212 percepta
1981 3156 2105 3196 cum

523 3232 730 3304 ingenti
765 3232 966 3304 gaudio
997 3231 1536 3306 Constantinopolim
1583 3232 1870 3298 remeavit,
1913 3236 2108 3308 mysu-

521 3337 643 3379 cam
677 3325 732 3380 in
767 3323 869 3380 huc
901 3311 1196 3395 quamdam
1244 3326 1513 3382 theoriam
1563 3325 1887 3399 adimplens.
1923 3327 1980 3382 In
2016 3344 2108 3384 sex

519 3413 725 3486 quippe
785 3405 982 3471 diebus
1039 3413 1185 3474 Deus
1250 3419 1510 3475 universa
1570 3422 1793 3477 condita
1856 3430 2108 3476 creatura

519 3502 808 3578 septiiiia'm
836 3495 1046 3580 requiei
1076 3502 1224 3567 diem
1259 3513 1517 3567 vocavit:
1553 3513 1626 3568 ita
1671 3523 1725 3568 et
1771 3503 1887 3584 ipse
1922 3516 1972 3569 in
2013 3531 2106 3570 sex

517 3604 701 3668 annis‘,
741 3592 929 3680 multis
978 3602 1248 3677 impensis
1307 3601 1612 3673 laboribus,
1666 3610 1905 3678 septimo
1960 3606 2108 3662 anno

519 3710 774 3752 reversus
797 3698 862 3750 ad
898 3697 1088 3752 urbem
1120 3714 1243 3753 cum
1273 3713 1407 3771 pace
1439 3715 1502 3753 ac
1532 3700 1772 3769 tripudio
1807 3702 2102 3772 requievit.

517 3784 692 3842 Porro
740 3788 976 3858 populiis
1039 3784 1300 3857 civitatis,
1359 3782 1594 3845 adventu
1659 3792 1833 3864 ipsius
1898 3792 2106 3857 audito,

519 3878 859 3935 intolerabili
891 3882 1071 3936 cuncti
1104 3881 1383 3938 desiderio
1408 3883 1462 3938 in
1496 3881 1738 3940 llieriam
1771 3886 1988 3942 obviam
2029 3884 2108 3943 illi

518 3975 628 4026 una
682 3987 807 4026 eum
867 3975 1182 4043 patriarcha
1229 3964 1291 4031 et
1347 3966 1715 4054 Constantino
1771 3978 2109 4049 imperatore

521 4065 632 4119 lilio
663 4065 785 4135 ejus
833 4068 1041 4138 egressi
1089 4069 1243 4135 sinit,
1277 4077 1563 4140 portantes
1608 4086 1794 4127 ramos
1835 4073 2105 4128 olivarum

517 4165 568 4207 et
607 4144 906 4224 lampades,
946 4157 1238 4215 laudantes
1267 4159 1801 4231 cumgratulatibne
1835 4179 1897 4219 ac
1927 4165 2107 4238 lacry-

518 4243 646 4298 mis.
678 4245 960 4303 Accedens
998 4256 1182 4303 autem
1219 4249 1363 4306 illius
1413 4250 1538 4320 ejus
1591 4253 1794 4308 cecidit
1838 4253 1906 4308 ad
1939 4256 2106 4323 pedes

519 4335 722 4413 ipsius,
763 4350 816 4393 et
847 4353 974 4394 cum
1005 4339 1358 4412 amplexatus
1394 4345 1555 4400 "esset
1603 4361 1752 4412 eum,
1784 4345 2107 4403 infuderunt

516 4431 686 4486 ambo
709 4432 970 4505 lacrymis
1005 4422 1233 4490 terram.
1277 4433 1394 4491 Hoc
1433 4445 1616 4493 autem
1646 4443 1883 4509 populus
1919 4435 2104 4511 inspe-

2216 1939 2358 1994 ravit
2401 1937 2586 1994 Persis
2633 1940 2922 1994 mensibus
2971 1941 3212 1995 duobus.
3246 1939 3361 1995 Hoc
3410 1948 3596 1996 autem
3627 1939 3816 1998 Persa

2214 2030 2505 2085 interfecto
2552 2031 2788 2086 Baranin
2844 2032 3208 2102 praetulerunt
3254 2033 3311 2087 in
3369 2026 3578 2104 regem,
3632 2023 3808 2087 ﬁliuni

2213 2122 2497 2189 Chosrois,
2556 2126 2648 2195 qui
2705 2141 2936 2193 regnum
2991 2125 3287 2181 Persarum
3353 2135 3562 2197 septem
3629 2128 3810 2182 tenuit

2213 2199 2518 2272 mensibus.
2553 2216 2726 2272 Porro
2751 2219 2877 2273 huic
2922 2223 3196 2275 successit
3229 2219 3579 2285 Hormisdas,
3623 2236 3734 2291 quo
3780 2239 3810 2275 ι

2213 2307 2501 2364 Saracenis
2550 2311 2714 2379 pulso
2750 2293 2949 2364 factum
2994 2322 3080 2366 est
3113 2328 3343 2384 regnum
3376 2309 3669 2367 Persarum
3706 2295 3814 2368 sub

2211 2402 2489 2457 Arabibus
2524 2421 2700 2472 usque
2734 2406 2786 2458 in
2826 2407 3157 2460 hodiernum
3189 2406 3356 2460 diem.

2285 2477 2466 2546 Mundi
2494 2509 2638 2547 anno
2664 2493 2824 2558 6121,
2847 2495 3050 2549 divinae
3082 2496 3488 2554 incarnationis
3511 2513 3658 2553 anno
3679 2496 3811 2564 621,

2213 2598 2359 2638 anno
2413 2585 2628 2654 imperii
2688 2587 2930 2642 lleraclii
2986 2578 3058 2642 20
3112 2587 3439 2646 llormisdas
3495 2598 3690 2659 regnat
3747 2579 3807 2644 in

2212 2675 2420 2732 Persis.
2451 2667 2595 2732 Cum
2637 2689 2819 2733 autem
2869 2669 3155 2735 lleraclius
3187 2693 3339 2737 esset
3363 2683 3505 2753 apud
3541 2683 3813 2754 llierapo-

2210 2767 2327 2833 lim,
2368 2772 2515 2821 venit
2563 2770 2630 2822 ad
2674 2785 2801 2823 eum
2840 2762 3180 2826 Athanasius
3223 2773 3539 2841 patriarcha
3578 2771 3808 2829 Jacobi-

2213 2868 2418 2927 tarum,
2478 2861 2564 2915 vir
2621 2861 2766 2916 acris
2818 2856 2881 2918 et
2939 2879 3174 2933 nequam
3236 2864 3465 2932 ingenii,
3541 2859 3810 2936 Syrorum

2212 2951 2416 3007 inditas
2464 2953 2736 3008 versutias
2791 2953 3083 3022 possidens
3114 2972 3128 3007 :
3159 2967 3210 3010 et
3262 2966 3412 3009 moto
3468 2956 3535 3010 de
3590 2957 3696 3012 ﬁde
3740 2956 3809 3011 ad

2213 3046 2601 3116 imperatorem
2642 3063 2922 3109 sei-tirone,
2971 3049 3292 3119 repromisit
3325 3050 3375 3104 ei
3413 3045 3724 3116 lieraclius,
3757 3040 3807 3108 si

2212 3137 2724 3196 Chalcedoueusem
2789 3142 3064 3212 synodum
3119 3135 3514 3213 suscepisset,
3562 3147 3810 3215 patriar-

2214 3233 2377 3287 cltant
2425 3231 2581 3287 illum
2635 3232 2944 3289 Aiitiochize
2987 3251 3048 3291 se
3099 3233 3218 3291 fore
3261 3235 3562 3294 facturum.
3609 3239 3680 3292 At
3717 3229 3812 3296 ille

2215 3327 2470 3381 simulate
2508 3329 2753 3397 suscepit
2789 3329 3086 3401 synodum,
3119 3329 3394 3386 conﬁtens
3433 3332 3573 3386 duas
3623 3333 3810 3389 unitas

2214 3421 2267 3474 in
2286 3419 2508 3475 Christo
2535 3411 2788 3477 naturas.
2816 3419 3180 3494 Interrogavit
3201 3431 3383 3479 autem
3412 3425 3806 3494 imperatorem

2213 3513 2280 3568 de
2319 3515 2645 3583 operatione
2693 3531 2758 3570 ac
2796 3507 3204 3583 voluntatibus,
3238 3519 3479 3589 qualiter
3524 3529 3812 3586 Oporteret

2212 3608 2266 3661 in
2305 3607 2530 3662 Christo
2555 3607 2664 3664 dici
2701 3606 2896 3679 duplas
2947 3618 3044 3664 aut
3078 3611 3329 3681 simplas.
3365 3609 3503 3666 Tum
3559 3605 3810 3685 imp’era-

2213 3710 2301 3754 tor
2354 3699 2508 3756 vocis
2567 3700 2814 3756 novitate
2867 3712 3301 3765 consternatus,
3355 3698 3556 3758 scribit
3610 3704 3810 3775 Sergio

2211 3783 2781 3863 ConstantinOpoleos
2848 3788 3132 3864 episcopo.
3212 3791 3462 3847 Advocat
3519 3793 3688 3850 etiam
3753 3805 3810 3848 et

2211 3873 2418 3956 Cyrum
2479 3873 2739 3942 Phasidis
2789 3880 3133 3952 aittiStitent,
3188 3895 3243 3943 et
3293 3879 3398 3944 hoc
3463 3885 3809 3961 interrogato

2211 3979 2421 4049 reperit
2445 3993 2572 4034 eum
2605 3987 3047 4036 consentientem
3093 3981 3286 4052 Sergio
3314 3971 3369 4036 in
3407 3999 3571 4038 unam
3605 3982 3808 4039 volun-

2212 4079 2380 4127 tatem
2417 4082 2468 4128 et
2496 4089 2661 4127 uuam
2697 4063 3103 4144 operationem.
3133 4068 3370 4145 Sergius
3410 4075 3581 4141 enim,
3614 4085 3807 4148 utpote

2214 4164 2391 4236 Syrus
2441 4181 2644 4236 genere
2703 4182 2765 4221 ac
2814 4161 3139 4237 parentibus
3182 4154 3454 4222 Jacobitis
3496 4164 3801 4234 "exsistens,

2212 4275 2377 4314 unam
2407 4261 2720 4316 naturalem
2748 4264 3089 4323 voluntatem
3130 4269 3186 4317 et
3217 4277 3382 4317 unam
3417 4265 3801 4333 operationem

2212 4353 2264 4406 in
2319 4352 2544 4408 Christo
2600 4355 2889 4424 rescripsit
2949 4364 3118 4425 atque
3170 4347 3463 4414 conteSsus
3530 4349 3638 4414 est.
3702 4348 3804 4415 Ast

2213 4445 2512 4514 imperator
2562 4447 2856 4517 utriuSque
2909 4452 3269 4519 acquiescens
3314 4450 3553 4506 consilio
3598 4455 3801 4522 reperit

517 4529 628 4587 cto,
687 4522 930 4580 universi
979 4525 1093 4583 Deo
1133 4528 1382 4600 hymnos
1431 4531 1712 4599 gratiﬁeos
1770 4518 2100 4590 retulerunt.
2134 4545 2263 4604 Det
2312 4537 2678 4593 Athanasium
2727 4541 2810 4596 eis
2856 4545 3338 4599 consentientem:
3379 4555 3605 4600 noverat
3651 4538 3796 4599 enim

520 4613 724 4679 Sicque
756 4613 977 4673 demum
1002 4629 1274 4692 'susccpto
1309 4615 1649 4693 imperatore
1689 4615 1880 4680 urbem
1915 4626 2107 4680 exsul-

520 4707 700 4766 tantes
722 4701 958 4781 ingressi
993 4721 1145 4769 sunt.

589 4794 746 4860 Anno
791 4804 1012 4876 imperii
1045 4800 1280 4864 lleraclii
1308 4796 1375 4867 l9
1411 4785 1599 4867 Persis
1643 4827 1736 4868 rex
1784 4805 1981 4869 A'desir
2018 4831 2105 4871 se-

516 4905 663 4966 ptem
698 4901 985 4955 mensibus
1018 4900 1258 4972 praefuit.
1287 4903 1589 4973 lmperator
1613 4914 1794 4960 autem
1820 4907 2103 4977 profectus

517 5005 548 5043 a
588 4985 738 5061 regia
781 4992 935 5057 urbe,
978 5009 1105 5049 cum
1160 5011 1284 5050 mox
1321 4994 1422 5052 'vcr
1451 4999 1801 5062 accessisset,
1840 4999 2102 5055 llieroso—

517 5083 717 5154 lymam
789 5083 1001 5148 tendit,
1065 5087 1305 5155 pretiosa
1363 5087 1494 5144 illuc
1559 5098 1614 5144 et
1678 5089 1892 5144 vivillca
1958 5090 2100 5162 ligna

516 5185 807 5246 reportans
848 5178 912 5231 ad
960 5179 1261 5248 gratiarum
1315 5180 1427 5235 Deo
1480 5183 1725 5237 actiones
1769 5183 2100 5241 reddendas.

513 5267 765 5341 Cumque
819 5260 1170 5326 Tiberiadem
1226 5273 1495 5340 adiisset,
1551 5272 1887 5333 accusavere
1945 5278 2105 5333 Chri-

515 5363 680 5418 stiani
715 5363 1004 5436 Benjamiu
1034 5368 1327 5437 quemdam
1361 5369 1583 5426 nomine
1611 5371 1771 5437 quasi
1813 5371 1956 5427 mala
1987 5372 2094 5429 sibi

515 5455 806 5516 facientem
840 5479 854 5514 :
886 5471 1004 5515 erat
1059 5461 1205 5516 enim
1265 5463 1561 5519 admodum
1617 5462 1952 5536 epulantus;
2007 5467 2102 5537 qui

515 5550 761 5621 suscepit
796 5543 1185 5625 imperatorem
1231 5563 1285 5612 et
1330 5557 1636 5612 exercitum
1681 5559 1825 5628 ejus.
1861 5561 1962 5615 Ast
1995 5559 2100 5615 imo

515 5656 734 5712 perator
793 5644 1076 5700 damnavit
1128 5662 1253 5702 eum
1293 5665 1304 5701 :
1343 5646 1738 5714 Quamobrem,
1802 5651 2098 5721 inquiens.

515 5733 766 5788 molestus
800 5737 854 5790 es
886 5730 1260 5792 Christianis?
1293 5738 1384 5808 qui
1420 5737 1497 5792 ait
1532 5757 1544 5792 :
1588 5735 1654 5792 Ut
1698 5739 1931 5795 inimicis
1973 5741 2103 5811 ﬁdei

514 5840 666 5882 mea.
699 5823 852 5882 Tunc
880 5827 1181 5898 imperator
1219 5826 1564 5884 adinonitum
1599 5831 1744 5887 hunc
1780 5842 1832 5887 ct
1872 5835 1936 5890 ad
1974 5847 2095 5889 cre-

2212 4631 2358 4702 quod
2395 4632 2470 4688 ibi
2503 4649 2610 4687 una
2639 4636 2887 4704 operatio
2917 4639 3211 4706 reperitur,
3245 4637 3336 4692 ubi
3364 4647 3419 4694 et
3453 4629 3559 4693 una
3598 4650 3794 4695 natura

2213 4725 2588 4794 cognoscitur.
2643 4725 2843 4781 Certus
2886 4739 3067 4782 autem
3116 4730 3418 4801 imperator
3471 4749 3638 4803 super
3692 4735 3794 4787 hoc

2213 4811 2392 4872 factus
2429 4819 2624 4874 scribit
2663 4819 2729 4873 ad
2765 4819 3032 4878 Joannem
3077 4839 3274 4894 papam
3315 4816 3624 4880 Romanum
3653 4841 3791 4897 pra:-

2212 4901 2487 4967 dictorum
2533 4907 2900 4983 sententiam;
2940 4918 3030 4986 qui
3085 4933 3275 4972 eorum
3311 4935 3661 5000 nequaquam
3709 4919 3797 4978 se-

2211 5015 2356 5062 ctam
2391 5007 2640 5063 admisit.
2674 5009 2846 5064 Porro
2872 5009 3111 5082 Georgio
3135 5011 3509 5069 Alexandrino
3537 4997 3798 5072 defuncto

2209 5098 2453 5153 mittitur
2479 5099 2654 5172 Cyrus
2689 5102 2985 5172 cpiscopus
3013 5103 3360 5160 Alexandria:
3391 5107 3621 5176 praeiere
3640 5111 3711 5165 nd

2209 5192 2304 5262 qui
2332 5194 2522 5249 unitus
2554 5192 2848 5250 Theodoro
2887 5197 3147 5268 episcopo
3191 5197 3369 5252 Faran
3405 5199 3534 5256 fecit
3563 5201 3792 5261 decolo-

2208 5276 2383 5338 ratam
2440 5283 2670 5356 hydram
2723 5286 2873 5341 illam
2942 5289 3233 5354 unitatem,
3301 5287 3412 5344 imo
3472 5279 3795 5362 vanitatem,

2208 5390 2376 5430 unam
2430 5384 2485 5432 et
2538 5379 2645 5446 ipsi
2705 5379 3014 5436 scribentes
3086 5379 3141 5434 in
3203 5380 3429 5438 Christo
3483 5386 3792 5442 naturalem

2209 5470 2607 5538 operationem.
2671 5469 2766 5527 llis
2835 5475 2908 5528 ita
2964 5473 3430 5546 proseqixerttlbtts
3474 5478 3543 5532 'in
3603 5481 3794 5550 iugetis

2208 5554 2567 5632 opprobrium
2589 5553 3059 5621 'Cltalccdoncnse
3107 5559 3417 5646 concilium.
3441 5578 3494 5624 et
3526 5568 3790 5628 cathol'tCa

2207 5657 2420 5709 corruit
2458 5655 2703 5712 Ecclesia
2741 5676 2753 5712 :
2797 5660 3179 5728 gloriabantur
3229 5661 3372 5715 enim
3421 5647 3689 5720 Jacobitae
3729 5679 3791 5718 ac

2207 5736 2604 5811 'l'héotlosiani,
2657 5751 3011 5820 perhibentes
3062 5753 3194 5821 quia
3228 5745 3450 5825 Synodo
3482 5755 3789 5812 Chalcedo-

2207 5841 2364 5895 nensi
2404 5855 2510 5898 non
2543 5857 2665 5911 nos,
2701 5846 2794 5906 sed
2824 5846 3006 5916 potius
3033 5845 3512 5906 Chalcedonensis
3546 5851 3787 5922 synodos
