4034 6298
446 297 586 365 1319

1573 295 1980 357 ANAS’I‘ASII
2035 294 2671 357 BIBLIOTHECARII

3584 290 3720 359 1320

445 406 639 475 contra
667 401 770 473 n'os
821 413 1169 471 Christianos
1207 412 1420 481 illicita,
1477 413 2033 481 ctconversabantur
2061 419 2104 474 Α
2140 414 2352 466 luxuria
2383 420 2435 465 et
2478 413 2713 465 stultitia
2760 413 2941 480 plena,
2980 411 3217 479 compsti
3265 417 3449 463 tamen
3485 408 3720 465 imit-ein

446 526 571 565 cum
602 511 742 581 ipso.
770 508 1162 564 Necessarium
1184 515 1365 562 autem
1404 522 1531 563 reor
1565 508 1937 562 enarrandum
1962 505 2031 562 de

446 604 803 675 generatione
852 602 995 671 ejus.
1058 600 1110 654 Is
1158 616 1223 655 ex
1262 614 1370 655 uua
1417 599 1833 669 generalissima
1884 599 2031 653 tribu

447 696 716 752 oriundus
781 682 926 761 erat,
978 693 1230 749 lsmaclis
1287 692 1566 757 videlicet,
1626 691 1722 746 filii
1771 690 2028 744 Abrahae.

444 789 690 845 Nizarus
735 789 918 855 enim,
976 772 1226 845 lsmaelis
1281 772 1577 858 pronepos,
1634 794 1787 857 pater
1834 799 2028 840 eorum

446 890 693 957 Omnium
731 887 975 942 ducitur.
1010 885 1109 957 Hic
1142 886 1321 956 gignit
1350 884 1492 939 filios
1529 884 1690 948 duos,
1741 870 2030 936 Bludarum

447 982 661 1038 scilicet
710 991 763 1035 et
808 974 1084 1035 Rhabian.
1128 977 1417 1033 Mudarum
1450 976 1627 1048 gignit
1671 974 1944 1030 Curasum
1976 982 2031 1029 et

446 1074 687 1130 Cbaison
717 1082 771 1129 et
805 1053 1164 1127 Theomiuem
1196 1080 1249 1126 et
1279 1072 1522 1125 Asadum
1556 1067 2029 1138 etaliosignotos.

446 1166 511 1222 Hi
548 1166 1091 1222 omnes-habitabant
1114 1164 1449 1219 Madianiten
1481 1163 1785 1228 heremum,
1808 1172 1859 1217 et
1884 1162 1937 1216 in
1965 1176 2031 1216 co

446 1262 763 1316 nutriebant
805 1275 1028 1331 pecora,
1079 1259 1131 1314 in
1187 1258 1557 1313 tabernaculis
1614 1266 2029 1312 conversantes.

448 1354 589 1407 Sunt
622 1361 803 1408 autem
837 1361 890 1407 et
925 1353 1010 1407 his
1042 1352 1361 1416 interiores,
1382 1352 1475 1422 qui
1506 1366 1611 1405 non
1643 1359 1774 1405 sunt
1796 1349 2028 1405 detribu

447 1447 717 1516 ipsorum,
753 1446 846 1501 sed
881 1462 947 1500 ex
987 1445 1223 1507 Lettam,
1261 1445 1512 1500 videlicet
1538 1444 1590 1498 hi
1632 1443 1724 1513 qui
1763 1452 2032 1497 vocantur

446 1539 792 1603 Ammanitae,
822 1538 872 1593 id
908 1546 993 1593 est
1024 1537 1589 1603 llomerithuidam
1624 1551 1757 1592 sane
1782 1536 2029 1605 ipsorum

448 1630 877 1698 negotiabantur
908 1628 960 1681 in
995 1628 1222 1682 camelis
1249 1630 1388 1683 suis.
1416 1625 1551 1682 Cum
1580 1610 1758 1697 autem
1794 1624 1952 1693 inops
1975 1630 2031 1677 et

446 1722 729 1791 orphanus
765 1721 1059 1791 pra-dictus
1084 1730 1232 1776 esset
1272 1710 1586 1783 Maometh,
1618 1708 1772 1773 visus
1809 1725 1894 1772 est
1923 1717 2029 1772 sibi

446 1816 514 1871 ad
546 1816 842 1887 quamdam
880 1816 1087 1871 intrare
1143 1816 1427 1869 mulierem
1465 1814 1790 1884 locupletem
1837 1821 1891 1867 et
1932 1826 2028 1865 co-
2064 1792 2109 1847 Β

446 1919 665 1979 gnatam
704 1924 885 1985 suam,
924 1909 1147 1962 nomine
1180 1907 1490 1977 Chadigan,
1548 1907 1928 1978 mercenarius
1964 1904 2033 1960 ad

430 2001 839 2072 'ncgotiandum
886 2017 1011 2055 cum
1045 2002 1273 2056 camelis
1322 2002 1439 2057 suis
1471 2002 1612 2071 apud
1643 2000 1944 2072 Egyptum
1980 2007 2037 2055 et

447 2092 821 2149 Palmstinam.
876 2093 1145 2149 Paulatim
1180 2103 1361 2148 autem
1405 2094 1602 2149 fiducia
1640 2110 1808 2164 penes
1856 2094 2032 2164 ipsam

448 2199 704 2262 percepta
738 2189 1048 2252 mulierem,
1070 2204 1193 2258 quae
1218 2189 1381 2243 vidua
1416 2198 1557 2255 erat,
1594 2196 1648 2243 et
1677 2190 1887 2256 accepit
1911 2203 2031 2244 eam

450 2297 704 2344 uxorem,
760 2289 816 2335 et
864 2280 1054 2334 habuit
1083 2280 1321 2334 camelos
1356 2281 1530 2351 ipsius
1576 2290 1743 2350 atque
1773 2282 2035 2336 substan-

452 2373 605 2428 tiam.
639 2371 888 2441 Cumque
928 2372 1134 2426 veniret
1178 2372 1231 2426 in
1261 2372 1631 2435 Palaestinam,
1659 2373 2035 2428 conversaba-

450 2476 542 2521 tur
569 2482 694 2522 cum
722 2463 929 2520 Judaeis
963 2475 1018 2521 et
1050 2466 1407 2521 Christianis.
1444 2465 1713 2536 Capiebat
1747 2474 1931 2521 autem
1966 2465 2037 2520 ah

450 2562 534 2617 eis
565 2558 829 2630 quasdam
858 2559 1190 2629 scripturas.
1225 2559 1396 2613 l’orro
1437 2558 1675 2613 habebat
1716 2559 2032 2630 passionem

454 2653 752 2722 epilepsiae.
787 2650 905 2717 Quo
934 2660 1219 2718 comperto
1268 2651 1435 2720 hujus
1458 2651 1669 2719 .coujux
1714 2650 1914 2722 oppido
1945 2650 2038 2705 tri-

452 2744 723 2808 stahatur,
754 2751 942 2820 utpote
981 2742 1203 2808 nobilis,
1247 2752 1302 2798 et
1342 2757 1463 2811 qua:
1486 2758 1545 2797 se
1582 2741 1897 2810 hujusmodi
1942 2756 2037 2795 co-

462 2835 687 2903 pularit,
714 2851 885 2904 egeno
916 2836 1129 2889 scilicet
1175 2845 1223 2888 et
1256 2834 1566 2905 epileptico.
1602 2833 1872 2889 Procurat
1906 2848 2037 2889 vero

452 2928 569 2996 ipse
624 2928 842 2997 placare
892 2928 1038 2980 illam
1090 2928 1293 2989 taliter,
1352 2929 1543 2982 dicens
1590 2928 1726 2997 quia
1753 2926 2035 2982 Visionem

450 3019 744 3090 quamdam
765 3019 943 3088 angeli
969 3016 1249 3074 Gabrielis
1272 3019 1403 3073 dicti
1428 3019 1792 3088 contemplor,
1814 3029 1866 3074 et
1889 3017 2034 3071 haud

2133 515 2188 562 et.
2239 504 2492 559 auxiliari
2536 505 2787 575 patienti.
2829 503 2999 559 Porro
3033 505 3221 559 eodem
3254 517 3400 557 anno
3434 513 3603 559 natus
3638 512 3721 559 est

2134 598 2188 653 in
2219 597 2447 655 Oriente
2487 597 2651 653 David
2688 598 2832 653 ﬁlius
2876 599 3021 668 ejus,
3070 598 3378 669 eodemque
3424 599 3516 655 die
3559 608 3721 653 natus

2133 702 2219 747 est
2249 691 2539 749 llerarlius
2585 694 2730 747 filius
2774 691 3011 747 Heraclii
3040 692 3431 763 junioris,qui
3479 704 3532 747 et
3581 692 3726 746 Con-

2135 785 2413 839 stantinus
2440 786 2750 855 appellatus
2783 795 2886 851 est,
2919 793 2973 838 et
3002 785 3317 855 baptizatus
3335 795 3418 840 est
3461 801 3490 839 a
3532 784 3724 855 Sergio

2133 877 2472 947 patriarcha.

2206 971 2365 1025 Anno
2398 970 2611 1041 imperii
2640 970 2875 1026 lleraclii
2911 970 2982 1025 22
3017 970 3297 1027 Modestus
3319 972 3723 1044 Hierosolymi-

2137 1071 2297 1119 tanus
2327 1064 2577 1143 habetur
2614 1066 2846 1120 antistes
2891 1072 2944 1119 et
2974 1065 3378 1120 Abubacharus
3426 1066 3535 1121 dux
3588 1066 3727 1120 Ara-

2134 1158 2287 1224 bum,
2315 1161 2406 1229 qui
2446 1161 2623 1214 tribus
2682 1161 3026 1232 principatus
3053 1168 3139 1216 est
3166 1160 3347 1215 annis.
3380 1162 3562 1216 Persa:
3593 1174 3727 1221 vero

2136 1251 2554 1321 insurrexerunt
2601 1253 2861 1321 invicem,
2903 1262 2959 1308 et
3013 1269 3139 1309 sese
3186 1263 3378 1309 mutuo
3424 1249 3725 1308 debellant.

2133 1345 2238 1400 Per
2265 1344 2407 1399 idem
2445 1361 2665 1417 quoque
2699 1356 2913 1417 tempus
2938 1362 3033 1401 rex
3066 1346 3327 1402 ludorum
3372 1346 3539 1402 mittit
3586 1362 3722 1411 con-

2135 1440 2494 1509 gratulaturia
2546 1438 2798 1496 Heraclio
2832 1442 2886 1496 in
2935 1438 3230 1496 Persarum
3274 1441 3537 1507 victoria,
3567 1456 3727 1494 tmar-

2134 1534 2346 1603 garitas
2404 1535 2617 1589 scilicet
2653 1541 2707 1589 et
2740 1534 2952 1603 lapides
2993 1534 3267 1604 pretiosos
3316 1535 3546 1590 multos.
3578 1532 3728 1589 Mor-

2135 1634 2263 1681 tuus
2313 1638 2495 1681 autem
2527 1626 2799 1681 Maometh
2829 1636 2968 1693 erat,
3022 1628 3115 1696 qtti
3166 1634 3439 1682 statuerat
3482 1637 3727 1696 quatuor

2136 1722 2377 1777 amireos
2424 1722 2777 1793 expugnandi
2830 1718 3207 1785 Christianos,
3245 1722 3335 1791 qui
3384 1736 3450 1775 ex
3479 1720 3725 1775 Arabum

2136 1828 2336 1883 genere
2384 1813 2622 1868 fuerant.
2673 1815 2736 1868 Et
2771 1823 3043 1869 venerunt
3088 1821 3279 1867 contra
3326 1812 3585 1868 Mucheas
3634 1826 3727 1866 ca-

2135 1907 2377 1969 stellum,
2410 1906 2463 1960 in
2502 1923 2611 1976 quo
2634 1914 2755 1961 erat
2782 1904 3108 1961 Theodorus
3152 1904 3407 1973 Bigarius
3445 1904 3583 1976 (Gl),
3624 1920 3728 1961 tvo-

2136 2000 2310 2056 lentes
2336 2001 2549 2055 irruere
2576 2001 2629 2054 in
2664 2000 2871 2055 Arabes
2898 2000 2988 2055 die
3028 2014 3138 2067 quo
3171 1998 3335 2053 idolis
3385 1995 3727 2052 immolaturi

2135 2102 2317 2150 erant.
2343 2093 2639 2163 Comperto
2670 2101 2854 2150 autem
2886 2093 2991 2149 hoc
3022 2092 3277 2163 Bigarius
3302 2091 3730 2162 colligitomnes

2136 2190 2343 2244 milites
2386 2204 2576 2243 eorum
2608 2188 2700 2259 qui
2739 2188 3026 2244 heremum
3068 2186 3463 2251 observabant,
3500 2192 3556 2240 et
3600 2184 3728 2240 dili-

2137 2294 2327 2355 genter
2354 2284 2678 2339 sciscitatus
2725 2298 2753 2337 a
2806 2281 3087 2353 ,Saravceno
3113 2282 3256 2338 diem
3300 2281 3587 2343 ethoram
3613 2294 3725 2352 qua

2135 2390 2297 2435 erant
2329 2379 2455 2433 illos
2486 2378 2825 2448 aggressuri,
2889 2379 3009 2446 ipse
3046 2377 3265 2433 irruens
3292 2376 3349 2438 in
3389 2391 3484 2431 eos
3510 2376 3564 2431 in
3592 2389 3729 2446 pra-

2136 2470 2229 2527 dio
2275 2471 2421 2539 quod
2473 2470 2762 2525 dicebatur
2814 2470 3054 2538 Mallius,
3086 2470 3449 2533 occidit‘tres
3481 2469 3725 2525 amireos

2138 2562 2546 2634 plurimamque
2594 2562 2777 2632 pepuli
2824 2570 3033 2631 partem
3064 2562 3307 2616 :exsiliit
3359 2572 3543 2629 autem
3579 2575 3727 2617 unus

2139 2654 2362 2714 amiras,
2399 2653 2672 2709 Chaledus
2724 2653 2956 2715 scilicet,
3006 2667 3167 2721 quem
3204 2653 3445 2723 gladium
3488 2651 3595 2713 ,Dei
3632 2650 3727 2715 pdi-

2139 2757 2291 2800 cunt.
2325 2744 2498 2801 Erant
2532 2753 2715 2801 autem
2748 2745 2971 2815 quidam
3024 2745 3265 2800 Arabum
3315 2745 3469 2813 juxta
3510 2745 3727 2814 posito-

2139 2854 2284 2903 rum,
2319 2836 2410 2907 qui
2446 2838 2788 2906 accipiebant
2821 2836 2889 2891 ab
2926 2834 3353 2904 imperatoribus
3387 2849 3548 2905 rogas
3588 2848 3728 2904 pau-

2138 2931 2300 2985 xillas
2338 2928 2405 2983 ad
2442 2910 2871 2985 custodiendum
2908 2926 3108 2985 stomia
3142 2927 3337 2983 eremi.
3360 2925 3564 2981 Eodem
3595 2940 3728 2983 vero

2143 3032 2386 3093 tempore
2418 3026 2565 3078 venit
2606 3023 2828 3093 quidam
2875 3022 3044 3092 spado
3090 3022 3327 3077 daturus
3367 3019 3602 3073 militum
3634 3033 3730 3075 ro-

452 3111 635 3168 f'erens
673 3113 835 3181 hujus
867 3121 1150 3182 aspectum
1194 3124 1381 3166 mente
1413 3111 1606 3165 deficio
1637 3119 1690 3166 et.
1719 3109 1875 3165 cado.
1910 3110 2029 3180 ipsa
2062 3146 2106 3204 ε
2140 3130 2256 3185 gas.
2294 3115 2361 3169 Et
2409 3130 2536 3170 cum
2572 3118 2853 3169 venissent
2886 3115 3096 3169 Arabes
3145 3113 3453 3169 secundum
3495 3127 3731 3168 consuc-

454 3222 585 3261 vero
618 3221 745 3260 cum
774 3206 999 3260 haberet
1034 3207 1339 3260 adulterum
1364 3205 1655 3275 quemdam
1685 3211 1905 3274 propter
1945 3205 2034 3258 in-

455 3298 774 3354 fidelitatem
821 3297 1019 3353 ibidem
1067 3300 1311 3353 exsulem
1366 3298 1729 3363 habitantem,
1794 3297 2033 3349 amicum

392 3384 393 3387 “
454 3406 640 3470 suum,
665 3389 927 3462 iudicavit
959 3392 1007 3446 ei
1040 3391 1246 3457 omnia,
1283 3401 1337 3446 et
1376 3406 1573 3446 nomen
1605 3391 1807 3461 angeli.
1851 3390 2038 3444 Atille

450 3484 643 3539 volens
697 3498 815 3538 eam
869 3483 1101 3539 reddere
1149 3492 1355 3537 certam
1408 3484 1543 3538 dixit
1606 3483 1697 3537 ei:
1745 3481 2034 3536 Veritatem

453 3578 662 3632 locutus
693 3586 770 3633 est
804 3594 821 3632 :
856 3580 1044 3631 etenim
1084 3577 1180 3631 iste
1208 3578 1425 3648 angelus
1457 3578 1693 3630 mittitur
1715 3578 1785 3630 ad
1816 3586 2036 3631 cunctos

452 3672 758 3743 prop/tetas.
780 3672 899 3742 ipsa
927 3686 1058 3741 ergo
1085 3672 1258 3742 prima
1283 3678 1543 3741 suscepto
1566 3669 2035 3739 pseudomonachi

454 3766 621 3819 verbo
655 3763 885 3819 credidit
915 3766 987 3829 ei,
1018 3772 1074 3820 et
1111 3765 1427 3835 praedicavit
1461 3762 1515 3817 id
1544 3763 1669 3817 aliis
1707 3762 2038 3818 mulieribus

453 3859 857 3914 contribulibus
888 3860 1028 3924 suis,
1059 3860 1380 3929 prophetam
1410 3872 1533 3912 eum
1566 3873 1724 3925 esse;
1760 3868 1813 3912 et
1853 3857 2038 3912 taliter

451 3968 519 4007 ex
547 3950 765 4006 feminis
794 3950 937 4005 fama
975 3952 1126 4005 venit
1147 3950 1226 4027 ad_
1248 3951 1420 4012 viros,
1451 3950 1631 4020 primo
1663 3949 1935 4004 duntaxat
1965 3948 2035 4003 ad

452 4044 882 4099 Abubacharum
908 4083 923 4109 ,
968 4058 1130 4113 quem
1171 4053 1224 4098 et
1280 4058 1660 4100 successorem
1703 4043 1932 4097 dimisit.
1970 4040 2036 4096 Et

454 4139 629 4194 tenuit
662 4139 887 4194 ltmresis
934 4138 1056 4208 ejus
1099 4145 1287 4209 partes
1325 4136 1571 4203 Ethribi,
1626 4151 1909 4209 posuemo
1936 4152 2038 4208 per

453 4220 679 4283 bellum.
708 4227 842 4281 Nam
866 4227 1100 4297 primum
1138 4228 1358 4298 quidem
1389 4229 1603 4284 occulte
1636 4229 1798 4285 annis
1821 4228 2035 4293 decem,

452 4303 506 4394 et
528 4319 670 4376 bello
701 4318 962 4375 similiter
984 4302 1195 4384 decem,
1227 4317 1582 4376 etmanif'este
1598 4334 1813 4375 novem.
1847 4318 2038 4397 Docuit

452 4420 632 4467 autem
666 4412 950 4467 auditores
990 4427 1121 4468 suos
1176 4412 1320 4483 quod
1362 4412 1455 4483 qui
1500 4411 1706 4467 occidit
1748 4412 2033 4468 inimicum

452 4505 538 4560 vel
564 4504 632 4559 ab
658 4504 885 4561 inimico
917 4502 1217 4572 occiditur,
1248 4506 1302 4559 in
1332 4503 1650 4577 paradisum
1696 4504 2031 4578 ingreditur.
2073 4494 2114 4550 Ῐ)

453 4596 778 4652 Paradisum
836 4612 969 4653 vero
1008 4598 1248 4653 carnalis
1294 4598 1403 4652 cibi
1450 4612 1516 4652 ac
1569 4608 1729 4667 potus
1778 4607 1833 4655 et
1878 4615 2034 4655 com-

452 4689 738 4770 mistionis
765 4689 1060 4744 mulierum
1099 4690 1440 4759 perhibebat,
1469 4688 1805 4762 fluviumque
1838 4693 1948 4747 viui
1972 4707 2036 4748 ac

455 4782 632 4837 mellis
655 4790 709 4835 et
738 4782 919 4844 lactis,
942 4792 996 4835 et
1028 4779 1357 4836 feminarum
1383 4797 1489 4836 non
1520 4785 1895 4853 praisentium,
1935 4784 2031 4840 sed

454 4856 710 4934 aliarum,
734 4883 788 4927 et
822 4877 1109 4928 misturam
1145 4874 1439 4929 multorum
1471 4890 1740 4931 annorum
1770 4876 2031 4944 futuram,

453 4975 507 5021 et
535 4965 847 5021 allluentem
886 4968 1221 5038 voluptatem
1247 5006 1262 5034 ,
1299 4983 1400 5023 nec
1429 4983 1537 5023 non
1570 4977 1622 5023 et
1651 4954 1756 5025 alia
1784 4973 2032 5042 quaedam

2143 3209 2388 3263 tudinem
2420 3208 2699 3279 accepturi
2734 3223 2919 3279 rogam
2953 3223 3133 3271 suam,
3168 3207 3459 3262 eunuchus
3487 3205 3729 3276 impulit,

2140 3302 2331 3357 dicens
2390 3302 2517 3372 quia
2584 3300 2851 3355 Dominus
2910 3301 2997 3353 vix
3058 3300 3150 3353 dat
3211 3300 3483 3355 militibus
3541 3314 3728 3368 rogas,

2140 3402 2349 3465 quanto
2380 3395 2563 3448 minus
2597 3394 2827 3448 canibus
2855 3392 3003 3446 istis.
3029 3391 3293 3447 Videutes
3313 3406 3494 3446 autem
3518 3391 3731 3446 Arabes

2141 3487 2247 3542 hoc
2278 3487 2533 3543 abierunt
2565 3488 2631 3542 ad
2666 3488 2999 3557 sui.generis
3027 3488 3196 3551 viros,
3222 3493 3276 3540 et
3313 3487 3414 3556 ipsi
3448 3485 3734 3540 duxerunt

2140 3595 2237 3636 eos
2271 3579 2326 3634 in
2362 3581 2639 3649 regionem
2670 3577 2829 3634 Gaza:
2855 3620 2869 3645 ,
2941 3594 3065 3649 qua-
3117 3578 3301 3633 aditus
3342 3584 3463 3632 erat
3520 3576 3731 3633 heremi

2140 3682 2333 3729 contra
2367 3672 2587 3729 Siuaeon
2624 3682 2865 3727 montem
2900 3673 3194 3743 locupletis
3234 3672 3411 3728 valde.

2212 3767 2372 3822 Anno
2412 3766 2626 3834 imperii
2678 3766 2915 3821 Heraclii
2951 3768 3023 3820 9.4
3057 3782 3181 3820 cum
3228 3765 3474 3822 misisset
3504 3767 3732 3821 Abuba—

2140 3861 2342 3918 charus
2372 3868 2657 3934 praetores
2707 3872 2967 3931 quatuor,
3031 3861 3123 3929 qui
3173 3860 3325 3929 ducti
3377 3862 3618 3927 fuerant,
3673 3873 3733 3917 ut

2141 3957 2377 4030 praetuli,
2404 3957 2473 4011 ab
2499 3957 2797 4021 Arabibus,
2827 3964 3094 4011 venerunt
3127 3963 3292 4025 atque
3316 3964 3583 4026 ceperunt
3608 3955 3728 4010 Rau

2140 4058 2192 4104 et
2226 4058 2397 4104 totam
2456 4049 2731 4119 regionem
2783 4047 2960 4102 Gazae.
3019 4045 3378 4118 Tandemque
3428 4047 3730 4118 aliquando

2140 4159 2264 4198 cum
2294 4143 2532 4197 venisset
2580 4157 2609 4196 a
2639 4141 2885 4197 Caesarea
2935 4140 3241 4196 Palaestina!
3294 4157 3419 4196 cum
3456 4142 3729 4197 militibus

2140 4234 2355 4307 paucis,
2382 4234 2518 4288 inito
2541 4232 2687 4289 bello
2715 4232 3009 4303 perimitur
3044 4233 3258 4303 primus
3294 4248 3417 4287 cum
3446 4233 3724 4294 exercitu,

2140 4329 2234 4396 qui
2276 4334 2651 4381 trecentorum
2703 4328 2823 4379 erat
2857 4326 3099 4379 virorum
3129 4365 3142 4389 ,
3184 4333 3237 4378 et
3274 4324 3461 4380 multis
3492 4325 3730 4396 captivis

2142 4408 2387 4490 acceptis
2413 4418 2721 4474 et’exuviis
2768 4417 3025 4488 plurimis
3056 4420 3266 4472 reversi
3321 4425 3450 4474 sunt
3481 4432 3608 4471 cum
3644 4417 3730 4473 vi-

2142 4512 2314 4583 ctoria
2359 4512 2667 4582 splendida.
2714 4510 2889 4567 Porro
2938 4509 3127 4566 eodem
3162 4526 3307 4590 anno
3338 4519 3501 4567 terrae
3541 4520 3726 4567 motus

2142 4605 2321 4660 factus
2352 4617 2436 4660 est
2468 4607 2522 4660 in
2552 4606 2870 4670 Palaestina,
2922 4611 2978 4659 et
3011 4605 3266 4674 apparuit
3299 4605 3537 4675 signum,
3579 4602 3728 4673 quod

2142 4700 2347 4755 dicitur
2401 4699 2649 4765 doeetes,
2712 4699 2767 4752 in
2801 4698 2943 4753 ccelo
2978 4705 3171 4752 contra
3215 4697 3522 4761 meridiem,
3588 4712 3727 4768 pra:-

2145 4792 2413 4871 nuntians
2461 4792 2706 4847 Arabum
2750 4799 3118 4862 potentatum.
3176 4790 3501 4846 Perduravit
3540 4800 3725 4846 autem

2144 4884 2338 4940 diebus
2391 4886 2633 4956 triginta,
2685 4892 2973 4940 extensum
3012 4899 3041 4939 a
3076 4885 3400 4939 mesetnbria
3438 4900 3615 4956 usque
3651 4884 3719 4942 ad

2147 4987 2359 5047 arctum
2385 4995 2399 5044 ;
2428 4988 2547 5032 erat
2573 4986 2755 5033 autem
2794 4978 2849 5034 in
2876 4976 3095 5033 modum
3132 4976 3320 5048 gladii.

1964 5086 2198 5149 NOTAE.

525 5182 637 5253 (6|)
680 5180 955 5250 Bigarius.
989 5179 1179 5237 Scribe
1210 5182 1468 5245 vicarius,
1504 5184 1605 5239 nisi
1649 5184 1789 5240 forte
1827 5200 2028 5240 nomen

450 5252 736 5323 dignitatis
787 5267 889 5322 pro
942 5255 1267 5324 cognon‘nne
1312 5256 1645 5310 Anastasius
1703 5258 2028 5324 acceperit:

451 5322 597 5393 quod
632 5338 740 5377 non
772 5332 927 5394 puto.
965 5322 1024 5377 S.
1053 5322 1315 5391 Basilius,
1348 5326 1508 5393 epist.
1553 5325 1657 5379 264
1689 5342 1703 5378 :
1758 5322 1898 5394 Ἐγὼ
1938 5327 2034 5381 τοῦ

453 5392 703 5468 βιᾼκαρίον
748 5392 1100 5468 τῆςμβρᾲκης
1141 5392 1430 5448 tusc-cedat
1474 5398 1540 5468 "cf;
1582 5392 1865 5468 θεοσεδεῐᾲ
1914 5415 2029 5453 σου.

451 5465 803 5539 Glossarium
856 5464 1255 5539 SegueLianum
1298 5482 1332 5539 ε*
1380 5467 1637 5537 Βικάριος
1670 5464 1852 5539 κπαρᾶ
1892 5467 2033 5539 Ῥω-

455 5538 641 5658 ﬁdlem;
688 5534 955 5605 διάδοχος.
1038 5534 1242 5620 Eadem
1302 5534 1613 5619 Snidas’et
1669 5534 2031 5623 Ifha'vqrinus.

510 5607 853 5658 etanhrutes
884 5622 957 5658 m.
989 5617 1129 5658 sent.
1174 5624 1229 5658 In
1260 5608 1556 5658 Tt'onhttnu
1587 5627 1600 5658 :
1632 5610 1744 5658 Tnv
1790 5627 1900 5658 των
1953 5608 2031 5658 Βι-

510 5607 853 5679 etaphrastes
884 5622 957 5661 m.
989 5617 1129 5678 sept.
1173 5609 1229 5662 in
1260 5608 1556 5679 Tropbimo
1587 5627 1600 5661 :
1632 5610 1744 5678 Τὴν
1790 5609 1900 5663 τῶν
1952 5608 2032 5679 βι-

453 5676 662 5751 Ξι-αρίῳν
692 5677 865 5751 ᾄρχὴν
881 5676 1173 5751 jura—{rip
1202 5676 1540 5751 :Avndxemv
1583 5676 1826 5751 'Az-r‘txb;
1846 5676 2029 5749 ἤνυέν.

452 5746 832 5822 ᾎθηοιρκίἱιρῆ
874 5746 1026 5804 Junii
1073 5746 1150 5807 εἰ
1181 5750 1286 5804 τὸν
1348 5746 1595 5822 βὶὲάριον
1646 5746 1920 5822 πρὸς-τῆν
1953 5752 2034 5813 at;

454 5817 693 5881 Χριστὸῦ
752 5820 1107 5876 inconsueto
1161 5817 1367 5895 «terra.
1424 5817 1726 5877 concilium
1781 5817 2023 5876 Flo'rent.

2137 5207 2274 5247 scss.
2306 5192 2377 5247 25
2411 5210 2423 5243 :
2466 5193 2525 5246 Ὀ
2556 5191 2919 5254 ἀποστολικδς
2952 5190 3142 5261 θρόνος
3168 5191 3195 5246 ὁ
3226 5191 3319 5246 καὶ
3353 5190 3601 5261 βικάριθς
3624 5191 3721 5247 τοῦ

2138 5263 2347 5335 Kupion
2375 5264 2532 5334 ἡμῶν
2566 5262 2741 5335 Ἰησοῦ
2772 5264 3033 5335 Χριστοῦ.
3056 5260 3197 5317 Hinc
3226 5267 3274 5317 οἱ
3315 5260 3721 5335 ἀπὸίβικαρίων

2138 5334 2283 5403 apud
2314 5334 2795 5403 Chrysoslomum,
2826 5334 2991 5400 epist.
3020 5334 3106 5387 Η.
3126 5335 3403 5390 Palladius
3434 5334 3720 5391 Lausiaea

2138 5418 2189 5457 c.
2220 5406 2320 5460 125
2348 5422 2360 5457 :
2401 5407 2536 5459 Ἀπὸ
2578 5405 2828 5475 βρικίων.
2865 5403 2958 5460 Sic
2990 5406 3092 5475 legi
3122 5407 3278 5458 aiunt
3307 5405 3359 5459 in
3374 5406 3581 5475 icodlce
3616 5403 3720 5461 Ve-

2138 5482 2286 5530 neto.
2339 5475 2501 5539 Ἴσως
2548 5474 2656 5529 ses
2701 5476 2988 5545 βικαρίων,
3044 5474 3103 5530 nt
3160 5476 3303 5543 apud
3372 5474 3717 5531 Heraclidem

2140 5545 2387 5614 Paradisi
2419 5563 2468 5599 c.
2500 5548 2569 5603 50
2598 5563 2661 5600 ex
2694 5547 2935 5607 vicariis,
2975 5547 3041 5601 de
3074 5546 3316 5599 vicariis.
3353 5547 3413 5601 ν.
3448 5547 3635 5614 Cujac.
3663 5548 3717 5603 in

2141 5612 2336 5673 Paret.
2368 5618 2489 5672 cod.
2538 5617 2616 5671 De
2644 5619 2738 5685 0/7.
2784 5618 2987 5681 ricarii,
3030 5626 3083 5671 et
3135 5615 3195 5670 ll.
3248 5617 3443 5671 \‘alesii
3479 5612 3722 5671 Adnma-

2143 5688 2321 5757 tiones
2372 5689 2436 5743 ad
2466 5687 2843 5749 Ammianum,
2911 5703 2961 5757 p.
3008 5688 3092 5742 l7.
3158 5687 3315 5745 Hunc
3359 5686 3715 5744 Theodorum

2141 5756 2423 5814 Cedrcnus
2458 5756 3117 5830 XOUGtXO'JléPtOVVOfal,
3150 5774 3200 5830 p.
3234 5759 3337 5813 ΗΞ)
3364 5762 3413 5810 h.
3448 5762 3610 5817 Fam.
