4034 6298
339 338 467 408 132i

1152 339 1517 402 HISTORIA
1554 334 2131 399 ECCLESIASTICA
2166 337 2268 396 EX
2305 338 2352 397 Τ
2359 337 2787 398 ΗΕΟΡΗΑΝΕ.

3433 308 3588 406 1322'

404 454 564 511 Anno
592 455 806 527 imperii
853 454 1088 511 Heraclii
1117 454 1188 508 24
1214 451 1619 508 Alexandrinus
1650 451 1827 519 Cyrus
1855 457 1908 501 et
1937 453 1979 510 Α
2011 464 2149 512 sum,
2187 451 2459 519 inquiens,
2523 451 2692 523 Cyrus
2748 454 2991 516 inermis.
3043 465 3099 507 ut
3168 454 3368 509 tributa
3424 457 3573 511 vobis

333 553 508 606 almus
545 550 891 621 Sophronias
938 547 1466 618 llicrosolymitauus
1498 546 1771 598 habemur
1819 557 1920 622 ani

334 645 560 700 tistites.
593 644 713 710 Quo
737 658 883 697 anno
915 640 1312 696 Abubacharus
1336 639 1585 698 moritur.
1632 637 1726 706 qui
1756 637 1876 705 prin
1896 665 1908 675 -

333 739 550 806 cipatus
581 745 666 792 est
695 735 857 790 annis
899 734 1116 789 duobus
1150 743 1314 804 atque
1343 731 1600 793 dimidio,
1636 739 1690 783 et
1739 729 1898 782 sumit

337 831 702 900 principatum
726 828 1017 892 Hamarns,
1053 828 1146 895 qui
1176 826 1418 880 destinat
1461 826 1759 878 exercitum
1807 823 1904 875 ad-

335 938 529 976 versus
571 920 852 982 Arabiam.
914 923 1175 989 capitque
1221 918 1414 974 Bostra
1465 918 1742 970 civitatem
1800 931 1904 968 una

335 1029 458 1069 cum
491 1014 615 1068 aliis
659 1012 1001 1068 civitatibus.
1041 1011 1279 1065 Profecti
1327 1017 1455 1064 sunt
1513 1019 1694 1063 autem
1731 1021 1907 1077 usque

334 1106 602 1163 Gabetha.
666 1105 802 1159 Cum
852 1104 939 1158 his
983 1103 1183 1157 bellum
1214 1118 1529 1180 aggressus
1580 1101 1905 1156 Theodorus

335 1197 688 1267 imperatoris
744 1194 980 1250 Hcraclii
1013 1193 1180 1248 frater
1208 1195 1388 1249 victus
1413 1204 1515 1259 est,
1549 1200 1602 1247 et
1634 1195 1699 1246 ad
1734 1194 1906 1260 impe-

334 1297 571 1346 ratorem
605 1289 902 1345 Hedessam
950 1289 1115 1342 venit.
1171 1287 1270 1340 Ast
1329 1287 1630 1354 imperator
1687 1284 1906 1338 ordinat

335 1377 502 1434 alium
562 1389 846 1449 przetorem
877 1380 1100 1434 nomine
1131 1375 1430 1440 Bahanetu,
1459 1384 1512 1430 et
1552 1375 1900 1429 Theodorum

333 1457 678 1526 sacellarium
712 1488 834 1526 cum
863 1474 1065 1525 virtute
1097 1469 1355 1524 Romaica
1395 1477 1449 1522 et
1476 1469 1737 1521 adversus
1764 1466 1905 1519 Ara-

333 1567 431 1621 bes
486 1563 672 1618 mittit.
726 1563 972 1633 Cumque
1021 1563 1262 1617 venisset
1326 1559 1606 1626 Emesan,
1665 1558 1906 1612 occurrit

333 1657 630 1712 multitudo
691 1655 1120 1719 Saracenorum,
1155 1655 1360 1724 quibus
1391 1653 1588 1710 occisis
1633 1668 1739 1707 una
1777 1667 1902 1706 cum

333 1766 400 1807 eo
434 1751 527 1819 qui
571 1749 977 1818 principabatur
1012 1750 1066 1801 in
1098 1749 1202 1813 eis,
1252 1748 1492 1816 reliquos
1521 1747 1692 1816 abigit
1725 1742 1901 1816 usque

335 1840 686 1905 Damascum,
709 1840 897 1895 etillic
937 1840 1096 1909 juxta
1127 1839 1521 1895 Bardanesiutn
1565 1838 1789 1893 ﬂuvium
1826 1839 1903 1892 la-

337 1935 521 1990 tebras
572 1934 739 1989 fovet.
792 1932 1079 1989 Heraclius
1128 1944 1313 1988 autem
1357 1933 1515 2004 Syria
1553 1933 1813 1988 derelicta
1848 1933 1902 1986 in

335 2028 775 2096 desperationem
815 2043 1001 2088 ruens,
1028 2026 1261 2081 sublatis
1291 2040 1509 2097 quoque
1552 2026 1806 2093 pretiosis
1839 2026 1903 2079 li-

335 2122 457 2191 gnis
487 2120 557 2174 ab
594 2117 897 2174 Jerusalem
942 2117 1477 2187 Constantinopolim
1529 2119 1680 2173 abiit.
1732 2117 1904 2171 Baha-

338 2227 435 2266 nes
470 2218 650 2264 autem
687 2225 716 2262 a
754 2209 1020 2263 Damach
1061 2206 1368 2263 llemcsiain
1420 2207 1560 2262 redit
1617 2222 1722 2262 una
1776 2223 1900 2261 cum

336 2302 628 2358 Theodoro
671 2302 982 2363 sacellario.
1031 2316 1155 2355 eum
1189 2301 1414 2356 haberet
1464 2302 1735 2356 exercitus
1765 2315 1904 2370 qua-

337 2395 584 2464 draginta
618 2396 814 2459 millia;
848 2404 902 2449 et
939 2394 1309 2464 insequuntur
1343 2394 1550 2448 Arabes
1580 2395 1651 2449 ab
1676 2391 1905 2450 llemesa

340 2504 514 2558 usque
547 2486 896 2542 Damascum.

406 2579 569 2633 Anno
593 2594 720 2633 vero
757 2579 966 2648 imperii
1024 2580 1256 2635 Heraclii
1288 2579 1358 2635 25
1416 2578 1676 2636 Saraceni
1728 2581 1907 2635 aciem

339 2671 658 2726 direxcrunt
685 2671 740 2724 in
771 2672 1025 2726 Arabiam
1056 2682 1245 2726 contra
1270 2681 1454 2742 partes
1490 2671 1762 2738 Damasci,
1783 2688 1904 2726 cum

339 2773 522 2820 essent
548 2765 914 2819 multitudinis
937 2765 1180 2819 infinitae.
1205 2765 1323 2830 Quo
1350 2764 1597 2819 Bahanes
1625 2772 1905 2833 comperto

340 2859 404 2910 ad
433 2859 769 2926 iniperialcm
815 2857 1161 2912 saccllarium
1221 2857 1409 2920 mittit,
1453 2866 1512 2910 ut
1544 2857 1751 2911 veniret
1780 2872 1903 2910 cum

337 2953 582 3007 exercitu
615 2967 716 3006 suo
749 2951 802 3004 in
835 2951 1100 3003 auxilium
1161 2951 1288 3014 sibi,
1336 2965 1460 3004 cum
1491 2950 1724 3020 plurima
1759 2958 1906 3005 esset

338 3047 579 3098 Arabum
611 3042 959 3112 copia.Venit
987 3057 1116 3113 ergo
1148 3042 1466 3098 sacellarius
1501 3043 1566 3096 ad
1587 3041 1860 3097 Bahanem
1890 3061 1904 3104 ;

2003 545 2288 612 prwbeam,
2311 545 2402 598 sed
2431 561 2524 614 ego
2564 555 2804 600 armatus
2834 564 2968 601 sum.
3003 548 3249 618 Cumque
3281 549 3371 603 i5ti
3401 549 3572 605 abiis-

2005 644 2150 698 scnt,
2177 637 2466 693 confestim
2507 647 2794 693 armantur
2815 638 3073 694 Saraceni
3101 641 3368 695 adversus
3407 639 3593 711 Egy-_

2006 736 2180 797 ptum,
2205 740 2258 782 et
2289 728 2539 784 Manuelo
2571 730 2732 790 bello
2778 732 2931 786 illato
2967 735 3110 788 hunc
3162 736 3410 805 abigunt.
3456 735 3578 807 Ipso

2005 837 2137 875 vero
2163 838 2284 876 cum
2317 824 2509 893 paucis
2539 825 2870 895 quibusdam
2908 827 3247 882 Alexandria:
3275 829 3460 884 salvus
3488 846 3579 884 rcb

2005 917 2225 984 cipitur.
2260 914 2418 971 Tunc
2456 916 2717 973 Saraceni
2754 918 3050 990 .‘Egyptum
3079 921 3182 975 sub
3217 921 3422 977 tributo
3453 923 3579 977 red-

2005 1007 2285 1061 diderunt.
2346 1009 2448 1064 Ast
2485 1009 2781 1079 imperatur
2817 1012 3015 1065 auditis
3069 1029 3190 1081 quae
3223 1022 3368 1079 gesta
3421 1024 3572 1080 sunt,

2008 1102 2158 1156 misit
2178 1102 2385 1171 Cyrum
2418 1102 2485 1158 ad
2514 1106 2952 1172 persuadendum
2981 1107 3066 1160 eis
3094 1109 3160 1159 ah
3198 1106 3435 1177 Egypto
3473 1111 3576 1163 sub

2007 1195 2176 1263 priori
2208 1197 2412 1264 placito
2445 1198 2753 1254 recedendi.
2785 1199 2847 1252 Et
2872 1201 3061 1255 abiens
3095 1201 3272 1270 Cyrus
3299 1201 3364 1254 ad
3390 1210 3572 1258 castra

2008 1285 2410 1342 Saracenorum
2443 1290 2708 1344 rationem
2755 1292 2955 1357 reddit,
3015 1309 3136 1347 esse
3188 1310 3248 1349 se
3281 1295 3576 1363 perhibetis

2009 1381 2472 1448 praevaricationis
2525 1384 2832 1440 innoxium.
2891 1394 2944 1442 et
2993 1388 3036 1439 si
3083 1386 3300 1450 vellent,
3338 1388 3590 1456 priorem.

2007 1471 2358 1525 concordiam
2383 1473 2712 1541 jurautentis
2745 1476 3162 1530 alBrmaturum.
3192 1477 3362 1531 Porro
3409 1478 3576 1534 Sara-

2007 1564 2130 1618 ceni
2183 1565 2498 1620 nullatenus
2555 1567 2636 1620 his
2689 1569 3099 1636 acquievcruut,
3155 1570 3400 1625 dicentes
3461 1575 3578 1642 epi-

2007 1668 2171 1723 soopo
2201 1672 2216 1709 :
2253 1655 2404 1709 Potes
2447 1656 2581 1710 hanc
2626 1659 2912 1711 maximam
2943 1659 3243 1712 columnam
3275 1660 3526 1716 deuorare
3549 1665 3578 1718 Ρ

2007 1745 2110 1814 Qui
2153 1750 2264 1801 ait:
2303 1747 2424 1801 Non
2469 1734 2657 1817 potest.
2686 1750 2823 1818 ﬁeri.
2861 1752 2933 1805 At
2963 1752 3041 1805 illi
3077 1769 3090 1802 :
3126 1751 3239 1804 Nec
3275 1754 3448 1818 nobis,
3493 1757 3580 1810 in-

2009 1841 2226 1910 quiunt,
2256 1842 2505 1908 possibile
2526 1851 2608 1896 est
2632 1843 2852 1896 ulterius
2881 1843 2945 1896 ab
2971 1841 3205 1912 .Egypto
3241 1847 3502 1901 recedere.

2075 1932 2233 1988 Anno
2261 1934 2470 2002 imperii
2503 1934 2739 1988 Heraclii
2773 1933 2842 1988 ΞΒ
2866 1935 3037 1990 aciem
3066 1936 3265 1991 direxit
3301 1937 3577 1996 Humarus

2007 2035 2198 2078 contra
2223 2025 2592 2093 Palaestinam,
2631 2037 2685 2082 et
2714 2027 2975 2081 obsidens
3007 2035 3255 2082 sanctam
3296 2031 3574 2086 civitatem

2009 2118 2213 2172 biennii
2277 2127 2524 2189 tempore
2563 2121 2712 2188 cepit
2774 2136 2894 2175 eam
2958 2121 3147 2177 verbo.
3231 2122 3578 2192 Sephronius

2007 2225 2262 2280 namque,
2294 2208 2825 2282 Hierusolymitanus
2866 2228 3116 2269 summus
3144 2215 3422 2279 sacerdos,
3456 2232 3578 2272 ver-

2007 2303 2136 2357 bum
2192 2304 2400 2371 accepit
2465 2303 2531 2357 ad
2589 2306 2758 2360 totius
2818 2303 3125 2361 Palaestina:
3198 2309 3574 2367 securitatem.

2007 2395 2255 2466 Cumque
2308 2394 2582 2452 Humerus
2633 2398 2997 2472 in_sanetam
3042 2400 3245 2456 fuisset
3297 2402 3576 2458 civitatem

2008 2489 2314 2558 ingressus,
2365 2489 2605 2546 cilicinis
2666 2506 2732 2545 ex
2781 2494 3007 2547 camelis
3051 2503 3102 2546 et
3133 2494 3374 2548 sordidis
3408 2495 3575 2552 indu-

2010 2581 2228 2634 mentis-
2278 2581 2552 2646 amictus,
2647 2582 3167 2656 simulationemque
3256 2583 3574 2642 Satanieam

2007 2680 2310 2739 ostentans,
2372 2674 2637 2743 templum
2699 2674 2984 2743 requisivit
3038 2673 3370 2742 Judazorum,
3429 2679 3578 2749 quod

2009 2772 2394 2819 construxerat
2443 2764 2721 2832 salomon,
2778 2765 2844 2819 ad
2897 2765 3206 2821 iaciendum
3250 2769 3460 2823 scilicet
3524 2769 3579 2824 id

2009 2855 2362 2924 blasphemia:
2403 2870 2514 2909 sum
2555 2856 2952 2912 adoratorium.
2995 2855 3110 2914 Hoc
3152 2859 3441 2915 advertens
3479 2860 3580 2916 So-

2011 2946 2274 3017 phronius
2301 2948 2376 2999 ait
2404 2965 2418 3000 :
2455 2945 2522 3000 In
2551 2947 2927 3002 veritate-illud
2959 2959 3038 3002 est
3070 2949 3397 3005 obnuntiatio
3425 2953 3579 3006 deso-

2011 3040 2248 3103 latiom’s,
2300 3055 2416 3108 qua:
2466 3040 2614 3093 dicta
2656 3049 2734 3095 est
2775 3055 2869 3104 per
2913 3040 3201 3098 .Danielem
3243 3047 3574 3112 prophetam,

339 3138 429 3206 qui
487 3135 712 3205 profecti
762 3135 829 3188 ab
884 3133 1114 3188 Hemesa
1169 3142 1476 3188 occurrunt
1510 3133 1804 3188 Arabibus.
1842 3133 1907 3186 Et
1938 3149 1976 3204 ο
2012 3143 2164 3186 stans
2193 3131 2388 3187 inloco
2414 3145 2628 3193 sancto.
2653 3133 2950 3203 multisque
2977 3135 3237 3206 lacrymis
3272 3137 3359 3194 hic
3407 3139 3582 3209 pieta-

341 3229 582 3284 consilio
641 3230 784 3284 facto
812 3229 985 3297 prima
1015 3228 1122 3289 die,
1169 3242 1293 3295 quae
1326 3228 1482 3281 tertia
1537 3225 1669 3280 feria
1703 3225 1900 3281 hebdo-

341 3321 516 3374 madis
557 3329 695 3379 erat,
731 3318 938 3372 mensis
967 3315 1056 3370 Loi
1085 3317 1173 3370 die
1213 3317 1468 3387 vigesima
1506 3318 1687 3381 tertia,
1739 3331 1904 3386 supe-

340 3419 535 3464 rantur
587 3409 638 3463 hi
680 3412 773 3478 qui
822 3412 969 3463 circa
1011 3410 1358 3463 sat-cllarium
1393 3419 1522 3463 sunt
1551 3409 1776 3461 inventi.
1818 3408 1906 3462 Si-

276 3500 283 3506 ’
342 3503 568 3556 multate
629 3513 810 3555 autem
873 3501 1034 3564 l'acta,
1071 3502 1122 3554 lii
1173 3502 1266 3570 qui
1315 3517 1440 3555 cum
1486 3499 1704 3554 Bahane
1750 3509 1909 3555 erant

341 3593 623 3647 Bahanum
691 3597 998 3662 provehunt
1054 3593 1438 3662 imperatorem
1495 3602 1549 3647 et
1598 3591 1904 3647 lleraclium

343 3693 636 3755 respuunt.
666 3684 820 3739 Tunc
859 3685 915 3748 hi
944 3684 1036 3754 qui
1069 3700 1194 3738 cum
1224 3683 1514 3739 sacellario
1542 3683 1760 3738 fuerant
1795 3683 1912 3738 dis-

338 3786 649 3843 cesserunt,
674 3787 726 3832 et
756 3778 1013 3831 Saraceni
1039 3777 1189 3830 aditu
1219 3786 1438 3846 reperto
1468 3776 1664 3830 bellum
1693 3777 1904 3831 ineunt.

342 3871 487 3926 Inter
538 3872 654 3926 haec
704 3879 867 3925 vento
917 3880 1049 3924 noto
1090 3879 1280 3924 contra
1320 3871 1592 3925 Romanos
1638 3869 1904 3940 spirante,

339 3979 449 4020 non
481 3965 725 4020 valentes
763 3965 1001 4018 inimicis
1057 3964 1109 4016 in
1157 3963 1295 4018 facie
1340 3978 1632 4018 occurrere
1687 3970 1910 4032 propter

342 4059 644 4127 pulverem,
672 4064 1022 4127 separantur.
1055 4065 1107 4112 et
1141 4065 1316 4112 semet
1355 4056 1504 4126 ipsos
1555 4055 1910 4110 iminittentes

338 4151 392 4206 in
422 4161 573 4205 artas
612 4152 732 4207 vias
789 4149 1191 4206 lliertnuchthti
1249 4149 1490 4202 ﬂuminis
1534 4148 1644 4203 illic
1695 4148 1911 4215 penitus

339 4245 644 4315 perierunt.
667 4246 856 4301 ,Erant
903 4253 1080 4296 autem
1117 4242 1404 4312 utriusque
1434 4241 1707 4311 praetoris
1739 4241 1928 4314 millia

336 4337 719 4408 quadraginta.
752 4333 909 4390 Tunc
944 4336 1200 4390 Saraceni
1236 4335 1530 4403 splendide
1567 4333 1900 4404 triumphan-

337 4441 419 4484 tes
449 4437 641 4483 cuntra
674 4427 997 4482 Damascum
1040 4428 1290 4490 veniunt,
1320 4435 1375 4480 et
1423 4426 1564 4478 hanc
1595 4425 1819 4494 capiunt
1852 4433 1906 4478 et

338 4515 592 4590 regiones
623 4518 923 4578 Pluenieis.
976 4528 1029 4573 et
1061 4520 1313 4572 habitant
1344 4517 1478 4587 illic,
1532 4526 1588 4571 et
1626 4517 1680 4570 in
1735 4515 1944 4599 Egy-j

333 4626 488 4686 ptum
522 4615 694 4669 aciem
749 4613 1013 4684 dirigunt.
1073 4611 1249 4684 Cyrus
1282 4620 1462 4665 autem
1495 4611 1907 4665 Alexandrinus

331 4711 649 4780 episcopus,
677 4722 802 4760 cuin
835 4707 1029 4759 hormn
1068 4706 1333 4773 impetum
1377 4704 1747 4772 cognovisset,
1779 4717 1910 4772 ope-

336 4795 451 4861 ram
487 4801 659 4865 dedit,
714 4810 765 4852 ct
817 4798 994 4867 pactis
1048 4798 1277 4850 ﬁrmatis
1341 4796 1652 4865 pollicetur,
1708 4795 1932 4857 timens

337 4892 628 4950 avaritiam
680 4906 897 4948 eorum.
940 4889 1179 4942 ducenta
1213 4887 1380 4940 millia
1424 4885 1769 4939 denariorum
1815 4901 1908 4954 per

336 4985 586 5055 singulos
639 4997 814 5036 annos
851 4983 1179 5035 collaturam
1231 4977 1339 5030 illis
1378 4973 1696 5045 Egyptum,
1728 4975 1820 5029 sed
1853 4983 1908 5029 ct

338 5060 696 5146 diﬁinitarunt
719 5074 799 5128 cis
834 5072 1175 5126 indueiarum
1207 5068 1321 5123 fore
1353 5083 1547 5120 aurum
1574 5069 1905 5132 missurum;

337 5171 541 5242 quibus
565 5168 823 5239 prmstitis
855 5180 950 5235 per
986 5172 1099 5216 tres
1131 5175 1308 5215 annos
1338 5155 1632 5229 ASgyptum
1678 5159 1904 5213 liberam

338 5265 406 5318 ab
425 5260 757 5317 exterminio
776 5257 991 5314 statuit.
1010 5255 1319 5310 Accusatur
1338 5253 1545 5306 interea
1569 5251 1743 5323 Cyrus
1764 5251 1907 5318 apud

341 5356 758 5424 imperatorem,
789 5347 934 5419 quod
959 5361 1155 5402 aurum
1207 5344 1431 5417 [Egypti
1486 5344 1777 5398 Saracenis
1811 5342 1912 5397 tri-

338 5449 554 5510 buerit;
581 5446 676 5515 qui
711 5458 834 5497 eum
870 5442 1042 5496 iratus
1074 5429 1354 5502 misisset,
1386 5433 1550 5490 'hunc
1583 5435 1827 5489 accersiv
1855 5442 1908 5500 t,

339 5540 653 5595 Manuelum
702 5546 882 5591 autem
932 5532 1262 5605 quemdam,
1316 5533 1636 5589 Armenium
1687 5543 1907 5600 genere,

339 5635 582 5690 destinat
602 5629 981 5700 Augustalem.
1006 5627 1142 5679 Ctun
1165 5633 1345 5678 autem
1370 5637 1555 5700 [annus
1579 5620 1909 5690 adimpletus

336 5733 509 5788 esset,
559 5721 958 5776 Saracenorum
1010 5724 1227 5771 actores
1271 5721 1536 5769 venerunt
1576 5727 1770 5766 aurum
1815 5721 1909 5766 ac-

339 5821 548 5891 cipere.
594 5815 694 5870 Ast
745 5811 958 5866 Mannel
994 5809 1300 5865 ineﬂicaccs
1349 5824 1443 5863 eos
1476 5807 1743 5876 expellit:
1783 5803 1902 5859 Non

623 5909 890 5970 PATBOL.
936 5905 1050 5964 Gn.
1085 5904 1302 5966 Cl'lll.

2013 3221 2082 3276 tis
2112 3230 2482 3294 prepugnator
2503 3222 2877 3296 Christianam
2911 3222 3144 3282 deﬂebat
3175 3227 3410 3298 plebem.
3442 3228 3577 3284 Dum

2010 3327 2137 3393 vero
2171 3313 2282 3374 illic
2313 3312 2591 3369 Humarus
2635 3325 2803 3380 esset,
2848 3318 3060 3388 rogavit
3108 3334 3232 3374 eum
3282 3320 3578 3392 episcopus

2010 3405 2260 3473 accipere
2299 3420 2328 3458 a
2360 3420 2419 3460 se
2456 3406 2742 3461 sindonem
2779 3423 2901 3462 cum
2948 3410 3265 3465 indumento
3310 3419 3364 3466 et
3402 3412 3577 3470 indui.

2007 3496 2078 3550 At
2109 3496 2199 3551 ille
2221 3513 2329 3551 non
2353 3498 2753 3567 patiebatur'ea
2777 3507 3018 3568 portare.
3056 3499 3157 3556 Vix
3184 3517 3316 3572 ergo
3343 3519 3573 3573 persua-

2010 3591 2081 3644 sit
2126 3590 2210 3644 liis
2262 3590 2472 3653 vestiri,
2515 3590 2690 3646 donec
2738 3604 2839 3646 sua
2894 3591 3229 3659 lavarentur,
3274 3605 3328 3648 et
3379 3596 3577 3649 iterum

2011 3682 2189 3737 reddit
2221 3697 2284 3736 ea
2324 3681 2656 3752 Sophronia,
2690 3690 2745 3737 et
2785 3684 3020 3738 vestitus
3047 3691 3153 3739 est:
3184 3685 3442 3756 propriis.
3481 3687 3582 3742 \‘e-

2009 3791 2130 3829 rum
2157 3776 2299 3829 inter
2333 3775 2447 3829 haec
2477 3773 2825 3844 Sophronius
2864 3774 3023 3839 obiit,
3054 3774 3146 3844 qui
3176 3776 3343 3847 verbo
3369 3782 3423 3830 et
3451 3783 3580 3832 actu

2011 3859 2566 3938 Hicrosolyinitanam
2615 3868 2905 3922 adornavit
2946 3867 3258 3931 ecclesiam,
3300 3877 3358 3923 et
3384 3880 3581 3925 contra

2013 3958 2246 4012 lleraclii
2288 3963 2335 4012 et
2387 3954 2662 4012 fautorum
2693 3957 2815 4025 ejus
2861 3956 3369 4022 monothelitarum,
3401 3957 3577 4030 δετεΞί

2013 4048 2221 4103 scilicet
2247 4057 2301 4102 et
2335 4046 2555 4120 Pyrrhi,
2601 4049 2900 4103 tleccrtavit
2950 4064 3214 4105 errorem.
3239 4039 3244 4044 ’
3268 4050 3581 4122 Eodemque

2011 4154 2156 4194 anno
2184 4140 2330 4194 misit
2355 4139 2561 4193 llumar
2590 4138 2822 4194 lliadum
2877 4142 2930 4194 in
2963 4140 3200 4210 Syriam,
3247 4152 3301 4196 et
3362 4143 3580 4214 subegit

2012 4240 2178 4287 totam
2212 4232 2422 4304 Syriam
2459 4231 2768 4288 Saracenis.

2079 4323 2238 4376 Anno
2274 4321 2488 4391 imperii
2526 4319 2756 4384 l-leraclii
2782 4321 2852 4376 27
2901 4321 3047 4375 venit
3097 4318 3338 4377 Joannes
3372 4338 3578 4395 cogno~

2017 4425 2199 4468 tuente
2235 4415 2429 4470 Cateas
2481 4427 2806 4484 procurator
2857 4416 3117 4471 Osroena:
3155 4416 3221 4471 ad
3259 4416 3394 4476 Hiad
3431 4417 3574 4488 apud

2022 4507 2355 4589 Chalcidem.
2404 4518 2458 4571 et
2487 4508 2900 4577 spoponderunt
2931 4508 2980 4561 ei
3032 4507 3162 4563 dare
3196 4523 3299 4577 per,
3329 4509 3580 4578 singulos

2016 4615 2188 4654 annos
2226 4610 2486 4665 “centum.
2516 4600 2685 4654 millia
2729 4601 3147 4668 numismatum,
3193 4616 3261 4655 ne
3300 4601 3581 4666 transiret

2014 4691 2368 4762 Euphratem.
2403 4707 2578 4761 neque
2607 4693 2671 4745 ad
2707 4708 2894 4761 pacem
2937 4708 3115 4763 neque
3155 4693 3222 4746 ad
3252 4693 3452 4748 bellum
3486 4707 3581 4752 ar-

2014 4793 2224 4846 matus,
2292 4801 2580 4856 quousque
2635 4786 3001 4855 quantitatem
3060 4785 3202 4842 auri-
3240 4787 3578 4855 persolvant.

2012 4878 2278 4940 l’raaterea
2329 4879 2568 4936 Joannes
2623 4879 2917 4935 Hedessam
2969 4880 3152 4944 rediit,
3221 4888 3276 4935 et
3330 4895 3574 4935 annuum

2012 4988 2237 5029 censum
2270 4973 2507 5028 delatum
2537 4962 2624 5045 ad
2670 4972 2900 5028 lliadnm
2930 4974 3258 5029 transmisit.
3288 4973 3581 5031 Heraclitus

2011 5052 2190 5142 autem
2227 5065 2329 5119 hoc
2373 5053 2594 5120 audito.
2629 5066 2928 5121 obnoxium
2979 5065 3248 5136 judicavit
3285 5065 3576 5128 Joannem.

2009 5155 2158 5227 quod
2187 5159 2392 5227 absque
2423 5157 2692 5226 imperiali
2742 5159 2844 5212 hoc
2885 5156 3076 5212 iecerit
3124 5157 3380 5224 notione;
3414 5176 3577 5227 quem

2014 5249 2343 5321 accersitum
2410 5250 2606 5305 exsilio
2637 5249 3061 5304 condemnavit.
3122 5233 3294 5324 Porro
3348 5265 3448 5317 pro
3511 5266 3578 5302 eo

2012 5345 2249 5398 destinat
2274 5340 2627 5398 Ptolomaeum
2649 5342 2941 5411 quemdam
2966 5343 3296 5413 magistrum
3321 5342 3578 5397 militum.

2085 5435 2242 5489 Anno
2273 5434 2487 5503 imperii
2526 5431 2759 5488 lleraclii
2794 5431 2864 5486 28
2899 5440 3163 5502 ceperunt
3204 5434 3411 5489 Arabes
3467 5435 3580 5486 Au-

2014 5527 2296 5588 tiuehiam,
2333 5535 2390 5579 et
2422 5525 2626 5579 missus
2658 5531 2744 5580 cst
2775 5521 3027 5585 Manltias
3057 5522 3128 5578 ab
3155 5520 3397 5577 llnmaro
3443 5539 3579 5592 prtu-

2016 5628 2101 5672 tor
2138 5629 2190 5674 ct
2231 5632 2446 5671 ameras
2472 5616 2641 5670 totius
2673 5613 2934 5683 regionis,
2993 5631 3113 5684 quae
3146 5615 3249 5670 sub
3288 5612 3577 5670 Saracenis

2014 5721 2156 5776 erat,
2186 5710 2255 5765 ab
2285 5706 2523 5779 )Egypto
2551 5706 2802 5780 videlicet
2836 5721 3011 5776 usque
3037 5707 3102 5760 ad
3156 5704 3506 5776 Euphratem.

2081 5807 2238 5860 Anno
2271 5819 2396 5859 vero
2430 5802 2642 5874 imperii
2696 5799 3029 5857 Heraclii‘29
3075 5800 3428 5855 transmeavit
3480 5799 3580 5855 lai-

3030 5894 3103 5958 1&2
