4050 6308
438 352 586 418 1323

1626 349 2026 411 ANASTASII
2064 346 2690 409 BiBLIOTHECARI!

3572 341 3702 406 132‘

444 468 550 522 dus
618 477 747 518 cum
784 459 932 517 omni
1001 459 1191 516 militia
1220 473 1320 516 sua
1354 459 1731 530 Euphratem,
1787 471 1840 516 ct
1883 460 2026 516 venit
2051 461 2100 521 Α
2126 458 2395 514 aediﬁcare
2436 459 2698 528 templum
2755 455 2809 510 in
2857 454 3159 510 Jerusalem
3190 471 3208 521 ;
3260 463 3315 511 et
3353 471 3458 510 non
3492 462 3689 516 stabat.

445 559 765 613 Hedessam.
795 554 1094 610 Hedesseni
1133 561 1315 609 autem
1342 553 1651 622 aperientes
1683 561 2018 624 acceperunt

444 653 668 706 verbum
700 662 806 702 una
834 663 959 702 cum
998 646 1221 716 regione
1254 647 1630 716 magistroque
1661 645 1898 700 militum
1952 657 2017 699 ac

447 742 738 806 Romanis,
769 741 861 810 qui
906 755 1030 794 cum
1064 741 1182 809 ipso
1218 750 1394 792 erant.
1431 739 1498 793 At
1527 739 1603 792 illi
1633 737 2019 793 Constantiam

442 837 681 898 abeunt,
717 833 1226 904 depopulantesque
1275 833 1423 883 illam
1457 831 1734 902 accipiunt
1772 831 1935 894 bello,
1965 837 2020 884 et

441 938 719 983 trecentos
750 925 1030 980 Romanos
1084 925 1457 979 interimunt:
1501 931 1556 978 et
1618 923 1770 978 illinc
1840 925 2022 978 abiere

443 1018 623 1082 Dalas,
656 1025 713 1071 et
735 1017 878 1072 bello
904 1015 1044 1070 hanc
1078 1015 1578 1084 comprehemlunt,
1605 1023 1659 1068 et
1698 1015 1752 1068 in
1782 1015 1870 1068 illa
1900 1015 2022 1085 piu-

351 1125 353 1127 ‘
439 1112 610 1166 rimus
664 1110 948 1180 perdunt,
1003 1108 1291 1180 taliterque
1354 1115 1521 1161 totum
1574 1105 2019 1180 Mesopotamiam

437 1200 672 1256 Jahidus
704 1201 869 1270 cepit.

512 1294 672 1349 Anno
703 1293 915 1364 imperii
951 1286 1183 1348 lieraclii
1213 1291 1282 1346 30
1306 1290 1567 1347 Saraceni
1599 1291 1775 1346 aciem
1798 1290 2018 1347 direxe—

441 1394 569 1441 runt
601 1388 654 1438 in
696 1383 1000 1446 Persidem,
1032 1393 1086 1438 et
1116 1384 1308 1437 iuettnt
1344 1399 1467 1437 cum
1493 1384 1573 1438 eis
1637 1383 1862 1448 bellum,
1920 1399 2019 1453 po-

441 1486 729 1547 tcnterque
785 1476 1068 1532 vincentes
1113 1490 1304 1530 omnes
1356 1475 1461 1530 sibi
1513 1475 1710 1531 Persas
1764 1476 2020 1533 subditos

442 1570 700 1624 reddunt.
730 1569 1053 1623 llormisdas
1098 1577 1277 1622 autem
1298 1608 1312 1633 ,
1337 1568 1428 1638 qui
1460 1566 1649 1622 Persis
1682 1568 2018 1637 imperabat,-

430 1662 828 1718 adinteriores
859 1661 1057 1716 Persas
1119 1659 1248 1730 fuga
1303 1661 1489 1730 lapsus
1545 1661 1757 1717 dimisit
1790 1662 2014 1732 regalia.

437 1756 507 1806 At
544 1769 674 1808 vero
737 1754 1001 1808 Saraceni
1033 1753 1279 1823 captivas
1310 1753 1518 1808 duxere
1561 1753 1827 1810 Chosrois
1875 1753 2020 1811 ﬁlias

437 1862 562 1900 cuin
594 1846 743 1901 omni
771 1847 920 1916 regio
954 1857 1244 1917 apparatu,
1272 1855 1327 1900 et
1363 1845 1678 1902 detulerunt
1716 1846 1784 1900 ad
1812 1845 2017 1902 Huma-

437 1949 581 1994 rum.
623 1938 940 2010 Eodemque
985 1953 1132 1993 anno
1205 1937 1377 2008 jussit
1443 1937 1652 1992 Hutnar
1691 1940 2012 1995 universqu

436 2032 678 2087 describi
708 2033 931 2098 orbem,
968 2031 1064 2102 qui
1096 2032 1204 2087 sub
1232 2033 1516 2102 ipsaet-at.
1562 2029 1730 2086 Facta
1776 2039 1862 2087 est
1913 2045 2014 2086 an-

437 2134 543 2178 tem
577 2125 879 2194 descriptio
911 2133 1020 2177 tam
1053 2125 1337 2179 hominum
1363 2139 1533 2195 quam
1555 2124 1931 2192 iumentorum
1957 2131 2017 2179 et

437 2216 656 2286 frugum
667 2256 684 2273 .

506 2312 666 2363 Anno
697 2309 912 2379 imperii
942 2308 1030 2364 sui
1058 2308 1125 2363 δὲ
1160 2306 1450 2363 Heraclius
1503 2308 1737 2364 moritur
1774 2309 2013 2380 impera-

430 2410 526 2456 tor
554 2400 891 2473 hydmpieus
924 2401 1125 2466 iactus,
1153 2415 1279 2454 cum
1334 2401 1664 2471 imperasset
1704 2402 1863 2459 anuis
1916 2404 2018 2457 tria

427 2495 616 2551 cenis.

498 2586 745 2657 imperat
792 2593 973 2642 autem
1024 2600 1149 2656 post
1220 2599 1348 2640 eum
1395 2583 1794 2642 Constantinus
1865 2586 2016 2643 ﬁlius

431 2679 557 2749 eius
582 2679 867 2756 mensibus
898 2689 1139 2750 quatuor
1171 2719 1188 2743 .
1248 2690 1576 2748 venenoque
1625 2681 1951 2750 propinatus
1982 2697 2017 2734 π

437 2771 674 2826 liurtina
697 2786 936 2827 noverca
964 2786 1065 2825 sua
1095 2780 1149 2825 et
1171 2770 1382 2840 Pyrrho
1412 2773 1724 2842 patriarcha
1757 2773 2016 2839 moritur,

435 2873 492 2918 at
523 2867 755 2933 imperat
801 2862 1134 2919 Heractonas
1195 2861 1442 2921 Martinus
1483 2863 1626 2921 ﬁlius
1657 2879 1783 2920 cum
1839 2875 2018 2924 matre

437 2959 696 3015 Martius.

507 3055 667 3110 Anno
697 3053 916 3126 imperii
961 3052 1281 3111 Heraclonat
1321 3056 1501 3128 primo
1559 3059 1708 3130 capit
1765 3056 2016 3116 Mauhias

2125 552 2216 608 sed
2249 552 2441 606 ruebat
2471 558 2770 606 structura.
2804 548 3120 604 Sciscitanti
3149 557 3330 603 autem
3363 551 3411 605 ei
3456 565 3700 614 causam,

2122 644 2308 698 dixere
2336 642 2508 697 Judaei
2559 642 2687 712 quin
2742 640 2848 696 nisi
2884 657 3041 707 crux,
3076 655 3198 711 qua
3228 651 3315 696 est
3361 656 3528 712 supra
3561 650 3700 696 tetu-

2117 737 2265 808 plum
2307 736 2512 790 moutis
2531 735 2828 802 Olivarum,
2867 734 3112 798 tollatur,
3169 732 3312 789 haud
3353 735 3525 789 stabit
3555 744 3704 790 stru-

2127 837 2301 882 ctura.
2342 827 2404 879 Et
2446 835 2667 897 propter
2712 826 2855 878 hanc
2911 839 3132 880 causam
3173 825 3394 880 sublata
3433 833 3517 881 est
3567 842 3703 884 crux

2127 921 2298 982 iilinc,
2327 929 2382 976 et
2415 921 2487 974 ita
2520 919 2772 976 constitit
2799 919 2909 973 illic
2937 917 3252 973 tediﬁcium.
3289 918 3521 991 Propter
3563 921 3701 977 hanc

2126 1014 2290 1067 etiam
2325 1028 2552 1068 causam
2614 1012 2820 1066 multas
2866 1025 3062 1067 cruces
3095 1011 3469 1083 deposuerunt
3519 1015 3572 1068 hi
3609 1016 3701 1084 qui

2127 1106 2356 1160 oderant
2389 1106 2698 1161 Christum.

2192 1201 2354 1254 Anno
2425 1198 2638 1268 imperii
2722 1196 3042 1252 Constantis
3142 1197 3303 1252 tertio
3375 1197 3700 1254 seditionem

2127 1293 2387 1348 excitavit
2445 1290 2867 1347 Valentinianus
2911 1290 3196 1361 patricius,
3226 1291 3557 1362 mittensque
3602 1291 3704 1346 int-

2123 1394 2343 1454 perator
2391 1385 2536 1438 hunc
2577 1381 2804 1449 occidit,
2830 1389 2885 1436 et
2927 1381 3186 1452 populum
3232 1382 3298 1437 ad
3349 1385 3437 1438 sui
3492 1383 3704 1438 reduxit

2121 1475 2576 1532 benevolentiam.
2610 1475 2928 1546 Eodemque
2942 1489 3089 1530 anno
3129 1474 3325 1533 Petrus
3359 1476 3702 1533 Alexandria

2121 1569 2354 1625 habetur
2400 1570 2653 1625 antistes.

2200 1670 2360 1725 Anno
2390 1667 2603 1739 imperii
2649 1667 2964 1724 Constantis
2993 1677 3195 1740 quarto
3235 1667 3432 1724 fraude
3483 1669 3701 1724 occisus

2121 1768 2212 1815 est
2251 1758 2461 1815 Humar
2522 1757 2928 1815 Saracenorum
2979 1761 3090 1816 dux
3148 1775 3184 1814 at
3240 1761 3476 1830 quodam
3529 1759 3700 1817 Persa

2122 1852 2385 1924 magarita
2421 1869 2438 1906 :
2484 1852 2722 1924 denique
2754 1854 3032 1907 inventum
3075 1867 3200 1908 cum
3220 1852 3494 1918 adoraret,
3522 1868 3701 1925 pupuo

2117 1945 2196 2015 git
2223 1959 2346 2000 eum
2371 1942 2425 1999 in
2456 1952 2648 2000 ventre
2674 1944 2857 2015 gladio
2883 1945 3076 2010 inliso,
3109 1956 3162 2000 et
3192 1946 3271 2001 sic
3299 1946 3482 2002 vivere
3507 1948 3696 2009 desiit.

2112 2053 2239 2094 cum
2277 2039 2480 2095 amiras
2519 2039 2720 2095 luisset
2749 2039 2910 2093 annis
2943 2039 3046 2109 ης
3078 2049 3132 2095 et
3158 2051 3273 2110 post
3296 2054 3421 2095 eum
3439 2042 3700 2096 statuitur

2116 2128 2389 2186 Huthman
2420 2131 2584 2199 hujus
2622 2141 2912 2202 cognatus,
2957 2131 3101 2188 illius
3131 2131 3382 2203 Tuphan.

2185 2225 2346 2278 Anno
2381 2223 2594 2293 imperii
2623 2209 2948 2279 Constantis
3001 2226 3196 2293 quinto
3245 2221 3522 2278 Hutlrma
3555 2225 3696 2278 Ara»

2111 2315 2245 2369 bum
2291 2316 2546 2386 princeps
2601 2316 2852 2384 habetur,
2905 2325 2959 2370 et
3025 2315 3358 2370 simultatem
3392 2318 3694 2372 concinnat

2113 2406 2409 2478 Gregorius
2437 2409 2707 2480 patricius
2742 2409 2939 2464 Africa:
2977 2422 3087 2463 una-
3113 2425 3236 2465 cutn
3269 2408 3439 2468 Afris.

2183 2501 2342 2555 Anno
2372 2500 2584 2571 imperii
2617 2498 2940 2555 Constantis
2980 2511 3136 2556 sexto
3165 2499 3347 2557 factus
3370 2500 3527 2556 estin
3546 2508 3696 2557 terra

2119 2600 2318 2646 ventus
2349 2578 2665 2654 vehemens,
2720 2589 2815 2661 qui
2851 2590 3023 2644 multa
3070 2587 3315 2660 germina
3345 2588 3546 2644 evulsit
3603 2602 3700 2642 ar-

2115 2684 2390 2756 boresque
2425 2684 2673 2755 ingentes
2700 2683 2962 2740 radicitus
2989 2683 3336 2752 exstirpavit,
3354 2689 3517 2753 atque
3545 2682 3693 2736 mul-

2118 2788 2204 2834 tos
2236 2778 2674 2832 columnatorum
2703 2776 2957 2848 deposuit
2993 2776 3406 2832 monachorum.

2193 2867 2397 2924 Eodem
2428 2883 2562 2925 vero
2611 2883 2755 2923 anno
2799 2868 3064 2924 Saraceni
3113 2867 3390 2923 hostiliter
3446 2867 3694 2924 Africam

2117 2959 2387 3024 adierunt,
2417 2967 2473 3014 et
2515 2957 2770 3014 conﬂictu
2815 2961 3019 3030 agitato
3074 2959 3336 3014 adversus
3394 2965 3693 3031 tyranuum

2111 3049 2437 3122 Gregorium
2461 3051 2609 3105 hunc
2638 3051 2695 3106 in
2724 3049 2905 3122 fugam
2933 3060 3176 3114 vertunt,
3215 3058 3268 3104 et
3299 3064 3396 3105 eos
3423 3050 3515 3118 qui
3561 3063 3693 3104 cum

432 3147 743 3206 Caesaream
777 3147 1079 3204 Palaestinae
1121 3162 1246 3221 post
1303 3153 1652 3222 septenniqu
1703 3153 2014 3211 obsidionis

2121 3146 2237 3218 ipso
2269 3157 2425 3201 erant
2470 3146 2812 3211 interimunt,
2863 3155 2916 3200 et
2949 3145 3094 3200 hunc
3124 3149 3191 3199 ab
3216 3145 3400 3199 Africa
3459 3144 3695 3213 pellunt,

436 3239 582 3308 ejus,
612 3249 665 3294 et
691 3238 891 3293 occidit
925 3239 982 3294 in
1045 3253 1109 3294 ea
1152 3247 1359 3309 septem
1413 3241 1582 3295 millia
1613 3237 2014 3296 Romanorum.

437 3329 642 3386 Eodem
674 3346 820 3385 anno
845 3339 1071 3386 senatus
1106 3333 1310 3403 repulit
1351 3329 1710 3388 lleraclonam
1737 3349 1843 3388 una
1889 3349 2014 3388 cum

440 3422 672 3478 Martius
712 3431 885 3477 matre
911 3422 1062 3478 illius
1095 3437 1157 3478 ac
1215 3422 1525 3486 Valentino,
1563 3425 1743 3496 lingua
1775 3424 2018 3480 Martium

435 3523 489 3570 et
516 3529 652 3570 uaso
705 3513 1023 3570 Heraclonae
1069 3516 1365 3584 abscissis;
1427 3517 1618 3587 eisque
1672 3518 1726 3572 in
1755 3520 2012 3574 exsilium

437 3606 726 3662 destinatis
805 3606 872 3661 ad
958 3607 1324 3678 principatum
1398 3607 1750 3663 Constantem
1844 3609 2013 3663 tilium

441 3699 816 3766 Constantini,
872 3709 1125 3770 nepotem
1188 3699 1456 3764 ller'aclii,
1525 3701 1853 3771 provehunt.
1923 3703 2017 3772 qui

436 3793 725 3864 imperavit
779 3794 937 3850 annis
991 3793 1081 3850 27.
1111 3792 1256 3850 Sane
1315 3792 1525 3864 Pyrrho
1573 3795 1642 3849 ab
1695 3795 2013 3866 episcopatu

437 3887 670 3953 deiecto,
712 3895 1074 3942 consecratus
1112 3895 1196 3942 est
1245 3884 1450 3942 Paulus
1504 3885 2013 3956 Constantinopoli-

438 3993 602 4039 tanus
636 3985 952 4055 cpiscopus.
1010 3985 1102 4054 qui
1140 3985 1427 4056 presbyter
1457 3983 1634 4040 fuerat
1675 3997 1723 4039 et
1783 4000 2012 4040 oecono-

437 4090 559 4130 mus
615 4077 884 4141 ecclesiis,
938 4078 1142 4147 qtique
1208 4076 1385 4131 tenuit
1473 4077 1850 4147 episcopatum
1917 4091 2016 4131 an-

439 4171 526 4226 nis
555 4168 642 4224 l2.

512 4262 704 4318 Mundi
756 4273 900 4317 anno
956 4263 1136 4330 6153,
1195 4261 1395 4317 divinae
1452 4261 1854 4320 incarnationis
1912 4277 2013 4319 au-

445 4369 519 4412 no
547 4357 672 4421 655,
718 4371 864 4422 anno
916 4372 1045 4412 vero
1104 4357 1318 4428 imperii
1360 4357 1444 4412 sui
1481 4354 1681 4428 primo,
1713 4372 1838 4411 cum
1868 4357 2016 4413 vide-

451 4450 578 4505 licet
611 4464 837 4522 regnare
889 4450 1165 4521 iaspisset,
1199 4448 1474 4506 Constans
1510 4448 1729 4504 dicebat
1755 4449 1823 4502 ad
1879 4465 2012 4520 syn-

2121 3245 2284 3306 atque
2313 3235 2534 3290 tributis
2559 3250 2684 3288 cum
2712 3231 2859 3288 Afris
2891 3233 3161 3288 ordinat-is
3187 3243 3242 3287 et
3269 3232 3442 3303 pactis
3489 3236 3695 3287 reversi

2121 3339 2268 3384 sunt.

2189 3421 2350 3475 Anno
2378 3419 2592 3492 imperii
2621 3419 2942 3474 Constantis
2973 3418 3207 3488 septimo
3238 3418 3544 3472 exercitum
3566 3431 3694 3471 mo-

2122 3514 2198 3567 vit
2225 3513 2472 3568 Mauhias
2514 3528 2612 3583 per
2645 3525 2800 3569 mare
2828 3511 3096 3568 adversus
3143 3512 3404 3581 Cyprum.
3444 3508 3701 3565 Habebat

2118 3615 2300 3661 autem
2319 3606 2550 3676 scaphas
2579 3605 2725 3661 mille
2759 3607 3150 3677 septingentas,
3177 3615 3232 3659 et
3254 3605 3399 3674 cepit
3419 3602 3702 3660 Constan-

2120 3699 2249 3753 tiam
2270 3713 2393 3753 cum
2421 3700 2600 3754 insula
2621 3706 2754 3754 tota.
2773 3699 2908 3753 Cum
2926 3714 3053 3754 vero
3074 3700 3213 3752 hanc
3236 3699 3493 3767 cepisset.
3511 3705 3703 3752 extero

2119 3790 2345 3845 minavit
2373 3806 2513 3847 eam.
2552 3789 2726 3846 Porro
2761 3789 2989 3846 audiens
3039 3791 3365 3845 Cacorizutn
3411 3787 3699 3843 cubicula-

2119 3883 2257 3939 rium
2282 3892 2471 3939 coatra
2505 3897 2713 3939 secum
2770 3883 3004 3954 plurima
3070 3884 3275 3936 virtute
3326 3880 3570 3936 Romana
3613 3895 3703 3936 ve-

2118 3977 2378 4042 nientem,
2413 3975 2688 4046 navigavit
2738 3976 3004 4031 adversus
3040 3975 3308 4038 Aradum,
3335 3983 3389 4029 et
3411 3973 3700 4042 applicans

2116 4085 2242 4124 cum
2281 4069 2498 4143 navigio
2535 4083 2636 4124 suo
2664 4069 2805 4140 apud
2845 4067 3202 4140 municipium
3245 4067 3699 4122 insulatcastntm

2116 4164 2416 4220 conabatur
2475 4180 2693 4235 capere,
2746 4165 2917 4221 variis
2976 4162 3434 4220 machinamentis
3468 4162 3697 4217 abusus.

2115 4258 2252 4313 Cum
2304 4268 2486 4314 autem
2532 4259 2666 4319 nihil
2700 4275 2862 4330 agere
2917 4259 3231 4323 valuisset,
3279 4260 3448 4313 mittit
3505 4257 3572 4312 ad
3603 4272 3704 4313 eos

2115 4351 2431 4422 episcopum
2460 4352 2753 4422 quemdam
2785 4351 3173 4407 Thomaricum
3203 4351 3425 4406 nomine
3445 4388 3464 4413 ,
3514 4349 3697 4403 deter-

2116 4459 2242 4499 rens
2259 4459 2374 4510 eos,
2398 4459 2507 4514 quo
2530 4444 2867 4500 dimitterent
2885 4444 3158 4499 civitatem
3173 4452 3227 4496 et
3249 4441 3570 4497 subfmdere
3595 4453 3698 4494 suo

451 4543 639 4598 clitum
673 4559 687 4599 :
719 4541 900 4598 Patris
936 4544 1038 4598 mei
1072 4541 1436 4607 Constantini,
1462 4540 1551 4612 qui
1573 4556 1654 4594 me
1683 4540 1866 4610 genuit
1899 4541 2017 4610 qui-
2047 4552 2091 4609 ι)
2120 4543 2326 4600 essent,
2376 4534 2700 4605 exirentque
2752 4534 2821 4590 ab
2865 4533 3069 4591 insula.
3093 4531 3227 4586 Cum
3271 4533 3454 4601 itaque
3503 4529 3570 4585 ad
3599 4542 3697 4582 eos

452 4645 553 4701 que
583 4633 640 4685 in
669 4634 777 4687 vita
817 4635 1020 4705 proprii
1049 4634 1326 4706 genitoris,
1357 4631 1442 4687 avi
1478 4630 1716 4685 videlicet
1754 4631 1855 4684 nisi
1917 4629 2026 4686 He-

440 4722 620 4787 raclii,
677 4719 954 4793 suﬁicienti
999 4739 1120 4777 cum
1168 4740 1228 4779 eo
1288 4732 1520 4792 tempore
1557 4722 1861 4790 imperavit,
1907 4731 2025 4791 post

448 4817 588 4870 hunc
625 4832 743 4870 vero
793 4818 954 4871 etiam
1026 4817 1181 4872 nimis
1241 4815 1410 4882 brevi,
1452 4815 1826 4870 suavissimam
1875 4831 2018 4883 spem

453 4905 709 4964 Hortinae
747 4925 976 4963 nouerca:
1008 4910 1172 4978 ipsius
1201 4908 1402 4963 invidia
1444 4907 1722 4962 concidens
1767 4907 1875 4961 vita
1913 4907 2024 4974 pri-

453 5002 612 5066 rat'it,
647 5010 696 5054 et
737 5001 832 5055 hoc
858 5012 1070 5069 propter
1102 4999 1456 5055 lIeraclonam
1479 5001 1568 5069 qui
1591 5015 1656 5055 ea:
1683 5015 1746 5053 ea
1774 5009 1822 5052 et
1850 4997 2025 5053 Hera—

436 5092 540 5147 clio
598 5086 802 5162 nefaria
851 5095 1025 5162 {actus
1065 5103 1205 5157 erat,
1241 5106 1400 5162 quam
1452 5095 1678 5146 maxime
1733 5107 1852 5145 cum
1899 5101 2024 5147 nato

438 5196 665 5239 uestrum
695 5201 813 5238 cum
848 5184 954 5240 Deo
970 5186 1233 5240 decretum
1252 5185 1374 5255 jure
1426 5184 1491 5237 ab
1541 5184 1760 5252 imperio
1789 5185 2016 5253 repulit,

443 5293 510 5332 ne
575 5277 772 5332 rideret
849 5286 958 5331 tam
1011 5290 1233 5348 nequam
1287 5276 1648 5332 Romanorum
1723 5278 2020 5347 imperium,

437 5365 589 5422 caldo
607 5369 830 5436 provida
871 5378 989 5423 cum
1023 5379 1157 5423 esset
1205 5367 1538 5438 amplissima
1582 5377 1754 5423 vestra
1783 5379 1835 5423 et
1873 5370 2022 5424 Itone-

454 5471 541 5516 δια
593 5457 1010 5529 magniﬁcentia.
1059 5460 1288 5529 Propter
1315 5461 1452 5531 quod
1501 5477 1628 5532 rogo
1692 5476 1780 5516 vos
1834 5461 2021 5519 habere

449 5551 790 5608 consiliarios
819 5562 867 5606 et
899 5552 1095 5622 peritos
1122 5567 1186 5607 ea:
1221 5552 1485 5607 communi
1506 5551 1835 5608 subditorum
1870 5554 2020 5610 obse-

440 5641 665 5712 quio.Et
698 5644 783 5699 his
814 5643 978 5698 dictis
1031 5643 1236 5699 dimisit
1286 5652 1557 5709 senatum,
1587 5641 1748 5701 donis
1787 5645 2015 5715 dapsili-

439 5732 546 5788 bus
583 5733 729 5789 hunc
765 5733 1067 5790 honoratis.

523 5823 678 5880 Axino
709 5826 922 5899 imperii
956 5825 1273 5884 Constantis
1316 5826 1561 5886 secundo
1591 5829 1757 5895 creuit
1805 5827 2013 5886 ﬂumar

2127 4628 2426 4700 episcopus
2458 4628 2742 4701 ingressus
2774 4628 2991 4695 fuisset,
3010 4634 3309 4682 tenuerunt
3343 4639 3490 4680 eum.
3524 4622 3700 4677 Porro

2127 4722 2361 4779 Mauhia:
2397 4723 2596 4778 cedere
2628 4723 2939 4778 noluerunt.
2973 4720 3141 4791 Igitur
3189 4721 3495 4788 obsidione,
3528 4736 3696 4793 quam

2128 4817 2396 4874 adversus
2447 4815 2688 4870 Aradum
2731 4825 3134 4882 construxerat,
3180 4816 3388 4872 nullius
3435 4817 3698 4872 momenti

2126 4911 2339 4979 eﬂ'ecta,
2367 4912 2688 4968 Damascum
2714 4927 2976 4969 reversus
2999 4920 3120 4968 est:
3148 4927 3273 4967 nam
3310 4916 3484 4968 hiems
3511 4928 3699 4970 acces-

2126 5013 2294 5060 serat.

2200 5099 2360 5150 Anno
2391 5096 2603 5166 imperii
2631 5097 2950 5154 Constantis
2991 5099 3023 5153 8
3050 5097 3219 5152 movit
3260 5097 3507 5153 Mauhias
3532 5114 3696 5154 εχει·-

2125 5190 2294 5244 citum
2322 5189 2570 5244 valenter
2615 5189 2879 5246 adversus
2934 5193 3170 5247 Aradum
3225 5191 3589 5262 praeliaturus,
3641 5205 3700 5248 et

2127 5283 2268 5335 hanc
2308 5282 2546 5336 obtinuit
2576 5282 2744 5337 verbo
2772 5283 2838 5337 ad
2886 5282 3302 5339 inhabitantium
3362 5284 3514 5341 cives
3567 5284 3698 5341 ubi-

2123 5388 2342 5444 cunque
2391 5374 2719 5431 voluissent.
2751 5371 3036 5431 Civitatem
3068 5391 3195 5430 vero
3234 5376 3410 5432 muris
3458 5378 3701 5433 dissolu-

2122 5467 2194 5523 tis
2218 5467 2484 5534 incendit,
2509 5479 2558 5524 et
2586 5469 2821 5524 insulam
2847 5484 3023 5539 usque
3062 5469 3116 5524 in
3139 5484 3380 5539 prasens
3428 5470 3705 5526 inhabita-

2120 5554 2284 5612 bilem
2338 5559 2553 5614 statuit.
2605 5559 2806 5616 Eodem
2845 5574 2989 5613 anno
3032 5559 3170 5613 facta
3202 5567 3285 5614 est
3319 5557 3506 5614 Roma!
3535 5574 3706 5632 syno-

2117 5649 2222 5704 dus
2246 5664 2276 5703 a
2313 5648 2550 5704 Martino
2584 5665 2725 5721 papa
2756 5659 2948 5706 contra
2982 5649 3402 5706 monorhelitas.

2184 5738 2344 5794 Anno
2375 5741 2592 5812 imperii
2615 5739 2937 5800 Constantis
2969 5743 3004 5798 9
3033 5740 3213 5798 Busur
3242 5742 3497 5815 princeps
3541 5757 3705 5798 exer-

2114 5829 2257 5886 citus
2303 5847 2411 5888 una
2456 5846 2578 5888 cum
2635 5833 2908 5892 Arabibus
2960 5835 3110 5891 acies
3153 5833 3356 5891 direxit
3433 5835 3703 5892 adversus
