4050 6308
307 364 445 432 1325

1132 370 1500 443 HISTORIA
1533 372 2110 436 ECCLESIASTICA
2139 373 2240 434 ΕΙ
2272 371 2757 438 ΤΗΕΟΡΗΑΝΕ.

3439 379 3575 444 1326

303 480 600 550 Isauriam,
628 491 683 537 et
713 481 914 538 occisis
962 483 1151 539 multis
1195 499 1318 540 cum
1377 485 1623 558 quinque
1653 487 1900 542 millibus
1928 493 1972 548 Α
2008 495 2287 557 arreptum
2321 492 2375 542 et
2400 487 2455 542 in
2479 486 2646 543 aliam
2673 485 2857 544 navim
2890 487 3269 549 transductum
3299 488 3581 561 inopinate

299 575 654 646 captivorum
685 589 944 633 reversus
981 584 1090 632 est.
1142 575 1309 632 Mittit
1365 589 1549 633 autem
1600 579 1899 648 imperator

300 668 584 725 Constans
614 667 942 741 Procopium
981 672 1274 741 quemdam
1317 670 1384 726 ad
1417 671 1687 726 Maubiam
1712 710 1728 734 ,
1752 687 1898 741 quae-

306 776 436 817 rens
463 774 652 833 pacem
701 761 878 832 ;quod
930 770 984 818 et
1034 761 1241 818 factum
1299 773 1388 820 est
1443 765 1606 820 annis
1655 765 1897 834 duobus,

301 853 634 926 Gregorium
688 853 858 910 lilium
906 851 1181 910 Theodori
1243 865 1497 914 sumente
1530 857 1746 914 Nauhia
1778 859 1900 916 loco

305 946 552 1016 pignoris
576 945 634 1000 in
666 945 1015 1004 Damascum.

380 1036 543 1091 Anno
585 1036 801 1107 imperil
831 1037 1154 1096 Constantis
1193 1039 1258 1095 ιθ
1288 1041 1630 1096 simultatem
1693 1041 1900 1096 excita-

309 1129 389 1182 vit
444 1129 764 1199 imperatori
821 1128 1194 1201 Pasaguathes
1280 1133 1667 1188 Armeniorum
1730 1133 1900 1204 patri-

308 1222 456 1288 cius,
487 1231 541 1277 et
588 1222 801 1278 findere
851 1223 1060 1295 pepigit
1098 1239 1224 1279 cum
1288 1223 1530 1290 Manilia,
1568 1225 1709 1282 dans
1758 1226 1809 1282 ei
1845 1236 1901 1283 et

311 1313 488 1368 ﬁlium
517 1330 700 1369 suum.
747 1313 871 1381 Quo
925 1316 1116 1371 audito
1167 1316 1472 1388 imperator
1533 1319 1680 1373 venit
1723 1333 1900 1389 usque

307 1405 622 1463 Casaream
674 1407 1037 1479 Cappadociae
1059 1449 1074 1476 ,
1108 1417 1161 1464 et
1188 1408 1514 1480 desperatus
1540 1411 1607 1465 ab
1639 1410 1898 1465 Armenia

310 1496 504 1554 rediit.

382 1589 746 1646 Mundlanne
802 1589 975 1660 diu,
1027 1592 1233 1649 divina:
1283 1593 1690 1651 incarnationis
1749 1609 1898 1649 anno

311 1678 440 1745 644,
473 1695 620 1737 anno
649 1697 778 1739 vero
811 1683 1027 1754 imperii
1066 1684 1384 1741 Constantis
1421 1687 1508 1751 11,
1546 1686 1690 1742 cinis
1717 1703 1747 1742 e
1777 1703 1896 1743 eo:-

320 1776 380 1830 lo
414 1774 720 1842 descendit,
750 1786 804 1833 et
837 1779 1008 1834 timor
1044 1795 1278 1852 magnus
1313 1795 1478 1850 super
1506 1779 1757 1836 homines
1805 1796 1896 1836 ce—

2003 578 2257 634 salvavit.
2297 577 2475 632 Porro
2522 577 2642 648 ipse
2676 576 3019 633 fortissimus
3053 577 3290 633 viriliter
3314 578 3581 639 insistens

2002 670 2370 741 imperatoria:
2393 671 2516 726 navi
2543 671 2744 726 multos
2757 670 2980 734 occidit.
3006 682 3178 727 semet
3199 671 3364 728 morti
3398 675 3578 747 ipsum

2001 777 2101 833 pro
2134 763 2465 833 imperatore
2490 761 2844 818 contradens.
2889 763 3050 819 Hunc
3085 771 3350 834 praterea
3384 751 3576 825 hostes

2001 853 2412 910 circumdantes
2464 864 2518 910 et
2580 853 2634 909 in
2688 855 2868 910 medio
2936 855 3238 914 retinentes
3310 859 3580 929 putabant

2003 947 2182 1019 ipsum
2208 962 2333 1003 esse
2364 947 2768 1019 imperatorem.
2804 947 3104 1020 Postquam
3136 959 3320 1006 autem
3375 951 3582 1010 mtiltos

2003 1037 2400 1094 interfecerunt
2432 1040 2638 1104 hostes,
2667 1041 2990 1095 occiderunt
3021 1048 3076 1096 et
3111 1043 3288 1113 ipsum
3319 1059 3429 1100 una
3453 1062 3580 1102 cum

1999 1147 2070 1188 eo
2093 1133 2188 1202 qui
2219 1133 2472 1204 portabat
2501 1142 2707 1189 vestem
2743 1133 3180 1203 imperatoriam.
3210 1135 3309 1191 Ast
3342 1136 3582 1208 impera-

2002 1234 2089 1281 tor
2113 1227 2296 1282 taliter
2341 1227 2396 1282 in
2445 1226 2630 1298 fugant
2663 1242 2857 1283 versus
2913 1229 3181 1294 salvatur,
3214 1241 3269 1286 et
3298 1232 3582 1289 derelictis

2001 1318 2256 1380 omnibus
2280 1319 3122 1391 navigavitConstantinopolim.

2071 1417 2232 1470 Anno
2275 1414 2491 1484 imperii
2538 1413 2861 1470 Constantis
2910 1416 2974 1470 id
3036 1417 3163 1472 dolo
3206 1427 3436 1476 necatus
3494 1430 3583 1476 est

2001 1505 2282 1565 llutlnnan
2329 1506 2572 1563 Arabum
2608 1509 2738 1573 dux,
2795 1525 2919 1562 eum
2963 1511 3170 1567 amiras
3219 1514 3405 1568 decem
3441 1512 3583 1569 fuis-

2000 1610 2081 1656 set
2101 1600 2278 1657 annis.
2301 1597 2386 1657 Fit
2415 1598 2620 1655 interea
2659 1601 2968 1672 perdueltio
3001 1604 3054 1656 in
3085 1603 3266 1660 medio
3295 1607 3536 1676 ipsorum,
3563 1625 3580 1664 :

2001 1700 2248 1762 quoquot
2276 1692 2421 1748 enim
2465 1706 2635 1761 penes
2684 1707 2930 1748 eremum
2980 1702 3159 1757 erant,
3206 1696 3291 1748 Ali
3329 1697 3585 1752 volebant

2001 1784 2413 1849 consobrinum,
2449 1799 2705 1854 generum
2729 1787 3086 1844 exsistentem
3113 1789 3394 1857 quondam
3437 1789 3585 1843 idae-

312 1867 470 1926 cidit.
512 1866 686 1925 Paulo
703 1883 929 1942 quoque
985 1873 1226 1927 obeunte
1278 1871 1520 1944 Pyrrhus
1577 1874 1894 1930 restituitur
1931 1861 1972 1916 Β
2004 1881 2173 1934 meth.
2209 1878 2274 1937 ili
2323 1894 2456 1934 vero
2504 1879 2598 1950 qui
2628 1880 2682 1933 in
2719 1878 2878 1950 Syria
2924 1889 2978 1934 et
3009 1878 3268 1951 JEgypto,
3309 1881 3582 1936 illauhiam

316 1961 602 2018 mensibus
625 1972 865 2034 quatuor
904 1975 959 2020 et
981 1963 1180 2019 diebus
1215 1965 1300 2019 23.

385 2055 545 2109 Anne
608 2056 826 2126 imperii
881 2056 1201 2112 Constantis
1255 2057 1324 2111 ii
1373 2057 1622 2116 Manbias
1645 2057 1898 2114 Rhodum

315 2146 509 2203 adiens
537 2148 812 2205 destruxit
852 2151 1134 2207 colossum
1167 2151 1310 2221 eius,
1343 2157 1466 2220 post
1514 2150 1657 2205 £560
1696 2152 1903 2207 stabili-

317 2237 450 2292 tatis
480 2236 662 2306 ipsius
707 2252 922 2307 annos;
967 2254 1135 2310 quem
1200 2254 1327 2293 cum
1387 2237 1608 2294 Judants
1678 2241 1901 2310 quidam

319 2329 613 2387 Emcslnus
653 2333 966 2402 negotiator
993 2332 1372 2400 emisset,90ll
1395 2334 1634 2388 camelos
1665 2349 1732 2389 ex
1780 2333 1902 2402 ejus

316 2437 427 2478 are
448 2423 727 2484 oneravit.

391 2513 598 2570 Eodem
645 2529 792 2571 anno
850 2515 1063 2572 Abidus
1093 2515 1338 2571 Arabum
1389 2525 1594 2587 praetor
1636 2514 1901 2572 adversus

317 2608 636 2666 Armeniam
670 2607 976 2665 exercitum
998 2610 1190 2676 movit,
1237 2609 1332 2681 qui
1383 2621 1718 2665 consecutus
1752 2609 1904 2664 Mau-

321 2704 540 2758 rianum
563 2710 846 2774 praetorem
871 2702 1151 2759 insecutus
1179 2712 1264 2757 est
1294 2718 1419 2758 eum
1452 2719 1629 2773 usque
1658 2703 1725 2757 ad
1759 2701 1904 2758 Cau-

321 2810 515 2852 caseos
547 2805 788 2860 montes,
817 2805 872 2849 et
905 2793 1184 2867 regionem
1211 2794 1562 2864 depradetus
1583 2809 1690 2849 eet.

391 2887 553 2943 Anno
609 2886 829 2956 imperii
857 2884 1179 2942 Constantis
1237 2887 1303 2940 1'5
1350 2888 1608 2958 praceplt
1650 2886 1903 2944 Mauhias

323 2987 662 3038 armaturam
696 2979 813 3035 lieri
854 2980 1074 3036 navium
1110 2995 1386 3051 magnam,
1423 2967 1538 3052 quo
1577 2982 1906 3037 ascenderet

334 3077 525 3134 urbem
561 3076 763 3149 regiam
795 3077 997 3133 classis
1044 3091 1259 3132 eorum.
1292 3074 1486 3132 Omnis
1517 3085 1699 3133 autem
1728 3092 1902 3148 appa-

2003 1972 2320 2042 cupiebant,
2349 1972 2444 2041 qui
2477 1980 2532 2027 et
2565 1971 2696 2029 vicit
2725 1979 2779 2026 et
2807 1971 3048 2026 obtinuit
3085 1975 3248 2028 annis
3272 1974 3365 2028 ει.

2072 2066 2233 2124 Auno
2263 2066 2482 2136 imperii
2537 2065 2859 2121 Constantis
2917 2068 2982 2121 i5
3037 2068 3276 2122 Arabum
3326 2069 3584 2138 princeps

2005 2153 2254 2217 Maubias
2284 2155 2538 2220 habeturn
2566 2157 2656 2226 qui
2685 2166 2742 2210 et
2777 2158 3085 2212 exercitum
3115 2161 3282 2213 movit
3309 2160 3582 2214 adversus

2006 2247 2214 2311 “alim,
2261 2257 2319 2306 et
2355 2260 2763 2320 congregantur
2812 2251 2974 2305 ambo
3023 2253 3165 2305 inter
3211 2251 3582 2309 Barbalissum

2001 2341 2162 2410 juxta
2193 2340 2554 2412 Euphratem.
2589 2343 2655 2397 lit
2683 2358 2814 2403 vero
2841 2344 2934 2412 qui
2960 2355 3120 2398 erant
3162 2344 3414 2408 Mauhim,
3456 2361 3581 2401 cum

2003 2444 2193 2495 essent
2214 2433 2530 2498 Validiores,
2545 2451 2745 2506 aquam
2767 2437 3144 2498 obtinuerunt.
3181 2437 3337 2493 Unde
3360 2440 3413 2494 in
3434 2441 3583 2495 sitim

2007 2528 2301 2585 venientes
2329 2528 2385 2583 hi
2440 2531 2532 2602 qui
2562 2539 2729 2586 erant
2782 2529 2980 2596 lialim,
3036 2532 3374 2588 deiecerunt.
3414 2533 3587 2589 Porro

2005 2617 2254 2680 Ilanhias
2270 2619 2472 2683 bellare
2484 2620 2680 2692 noluit,
2694 2621 2789 2682 sed
2807 2621 2926 2676 sine
2941 2621 3124 2681 labore
3139 2623 3422 2697 victoriam
3439 2626 3584 2686 tulit.

2073 2708 2234 2777 Anno
2261 2709 2474 2778 imperii
2500 2708 2822 2771 Consumtis
2851 2711 2912 2771 lli
2939 2721 3244 2770 cxercutum
3289 2716 3457 2770 movit
3481 2715 3586 2770 im-.

2003 2807 2225 2875 perator
2250 2806 2441 2858 contra
2473 2796 2832 2868 Sciat-iniam,
2866 2810 2920 2854 et
2961 2805 3208 2878 captivos
3237 2804 3394 2861 duxit
3417 2806 3588 2877 pluri-

2005 2905 2127 2946 mos
2154 2897 2210 2944 et
2236 2890 2476 2966 subegit.
2511 2888 2714 2961 Eodem
2739 2906 2886 2952 anno
2917 2901 2969 2953 et
3001 2894 3090 2955 illa
3122 2907 3274 2965 gesta
3315 2907 3446 2952 sunt
3467 2913 3589 2967 quae

2004 2995 2198 3039 contra
2221 2983 2274 3037 S.
2308 2980 2605 3038 Maximum
2637 2991 2691 3040 et
2720 2984 3025 3055 discipulos
3057 2986 3232 3055 ipsius
3278 2996 3408 3047 sunt
3439 2998 3587 3060 acta,

2004 3077 2086 3134 eis
2125 3093 2226 3152 pro
2265 3078 2495 3134 veritate
2550 3091 2742 3145 contra
2781 3081 3181 3144 monothclitas
3244 3084 3592 3158 agentizanti.

323 3180 481 3226 ratus
504 3169 652 3242 apud
683 3167 952 3240 Tripolim
977 3167 1280 3269 Phoeniciae
1301 3169 1665 3226 consistebat.
1695 3169 1903 3225 Verum
1930 3209 1974 3269 ε
2010 3172 2148 3236 bus;
2201 3187 2343 3243 quos
2385 3172 2660 3233 Constans
2688 3175 2755 3239 ad
2808 3190 3032 3246 pravam
3068 3176 3387 3248 opinionem
3432 3192 3590 3236 suam

325 3264 430 3320 hoc
465 3263 588 3318 viso
610 3262 720 3318 duo
744 3261 947 3317 fratres
985 3263 1207 3331 quidem
1240 3258 1447 3316 Christi
1478 3261 1668 3326 amici,
1693 3261 1904 3331 Tripoli

326 3361 631 3416 manentes,
671 3351 765 3407 lilii
823 3350 1202 3415 buecinatoris
1245 3350 1538 3420 cujusdam
1566 3390 1581 3416 ,
1646 3353 1766 3405 zelo
1816 3350 1910 3408 Dei

325 3449 560 3506 sauciati
587 3451 654 3504 ad
679 3463 959 3505 carcerem
991 3448 1231 3503 civitatis
1250 3462 1375 3503 cum
1400 3447 1608 3517 impetu
1627 3437 1908 3502 abierunt.

328 3541 574 3598 Habebat
603 3549 786 3596 autem
821 3540 1228 3596 multitudinem
1256 3537 1630 3594 Romanorum
1657 3540 1911 3594 vincula-

327 3642 531 3700 torum,
561 3645 616 3688 et
639 3633 874 3704 diruptis
899 3635 1078 3705 portis
1114 3633 1426 3703 vinetisque
1458 3632 1658 3688 solutis
1687 3634 1740 3686 in
1774 3632 1913 3687 ami-

329 3745 448 3786 ram
502 3730 809 3784 irruerunt.
838 3727 960 3794 Quo
1007 3735 1289 3798 perempto
1345 3743 1454 3780 una
1515 3741 1640 3781 eum
1694 3726 1781 3782 bis
1815 3726 1911 3796 qui

329 3838 459 3878 eum
495 3837 563 3877 eo
595 3831 775 3886 erant,
805 3830 1300 3892 praeparatumque
1347 3820 1498 3875 omni
1535 3819 1646 3889 igni
1684 3819 1913 3874 utanda-

327 3923 405 3978 ta,
448 3913 502 3968 in
545 3911 873 3967 Romaniam
922 3911 1142 3981 navigio
1193 3910 1559 3967 transierunt.
1617 3909 1912 3965 νει-θητείας

331 4023 458 4063 men
483 4023 586 4063 nec
614 4008 696 4062 sic
733 4006 811 4061 illi
842 4007 911 4061 ab
933 4006 1120 4061 eadem
1143 4015 1516 4076 praeparatum
1541 3989 1912 4060 construenda

331 4109 713 4156 cessaverunt.
752 4099 861 4155 Sed
909 4098 1160 4155 ldaubias
1190 4098 1413 4169 quidem
1467 4100 1667 4154 militat
1716 4108 1910 4154 contra

329 4193 636 4247 Cmsaream
682 4190 1061 4263 Cappadociae,
1126 4189 1435 4246 Abulathar
1491 4205 1622 4245 vero
1692 4189 1908 4246 fabrum

331 4285 543 4340 navalis
583 4290 885 4339 structurae
911 4283 1223 4348 constituit,
1251 4284 1345 4355 qui
1374 4285 1600 4340 veniens
1638 4285 1691 4339 in
1726 4285 1910 4340 locum

331 4375 599 4431 vocabulo
626 4375 901 4431 Fcenicem
933 4375 1133 4448 Lycias.
1162 4377 1251 4431 ubi
1278 4386 1398 4432 erat
1435 4374 1714 4433 Constans
1735 4381 1911 4449 impe»

333 4479 482 4526 rator
515 4479 679 4540 atque
735 4468 1030 4524 Homaicus
1081 4469 1280 4533 stolus,
1342 4469 1612 4523 navaliter
1658 4484 1783 4524 eum
1843 4483 1910 4524 eo

2014 3263 2316 3324 transferre
2343 3280 2453 3321 non
2486 3268 2700 3332 valens,
2733 3266 3008 3336 divinitus
3031 3268 3338 3341 sapientem
3368 3279 3425 3327 et
3445 3272 3594 3345 peri—

2014 3356 2284 3413 tissimam
2327 3359 2568 3433 linguam
2600 3375 2727 3417 eum
2755 3361 2979 3428 dextera
3014 3377 3180 3426 manu
3233 3362 3353 3433 ejus
3404 3364 3592 3421 absci-

2013 3449 2114 3515 dit,
2158 3465 2226 3505 eo
2275 3451 2418 3525 quod
2467 3452 2762 3522 plurimum
2823 3462 3017 3508 contra
3066 3453 3399 3530 impietatem
3433 3471 3590 3520 suam

2016 3556 2122 3599 una
2183 3556 2307 3595 cum
2363 3538 2657 3614 discipulis
2721 3540 2840 3597 suis
2899 3541 3212 3598 Anastasiis
3281 3544 3590 3614 scripserit.

2014 3647 2247 3704 quaeque
2281 3647 2382 3704 per
2416 3632 2671 3690 ordinem
2707 3631 2798 3688 isti
2823 3633 3227 3710 conscripsisse
3258 3634 3592 3706 probantur,

2014 3724 2160 3780 sicut
2187 3723 2352 3780 amici
2387 3723 2638 3786 discendi
2679 3740 2790 3783 non
2823 3726 3104 3782 nesciunt.

2085 3816 2246 3872 Anno
2285 3819 2500 3892 imperii
2533 3817 2858 3879 Constantis
2894 3820 2958 3874 i7
2992 3822 3287 3876 conventio
3326 3821 3468 3876 facta
3508 3831 3594 3880 est

2015 3911 2158 3965 inter
2181 3907 2462 3972 Romanos
2490 3918 2543 3965 et
2565 3910 2795 3979 Arabes,
2833 3909 3048 3970 Mauhia
3081 3913 3405 3987 legationem
3465 3916 3595 3969 mit-

2017 4009 2164 4060 tents
2204 4003 2275 4059 ob
2306 4003 2688 4074 rebellionem,
2722 4003 3048 4069 attribuant
3083 4005 3351 4067 Romanis
3377 4009 3588 4064 Arabes

2015 4113 2112 4168 per
2139 4097 2389 4168 singulos
2409 4098 2526 4158 dies
2555 4098 2887 4153 numismata
2916 4099 3066 4152 mille
3091 4109 3144 4153 et
3169 4116 3370 4170 equum
3401 4112 3454 4156 et
3485 4118 3595 4157 scr-

2015 4209 2162 4255 vum.
2201 4191 2401 4254 Eodem
2434 4207 2561 4250 vero
2592 4207 2738 4246 anno
2767 4191 2962 4246 exsilio
2987 4193 3186 4249 ductus
3210 4203 3295 4248 est
3326 4193 3593 4251 Martinus

2014 4286 2402 4346 sanctissimus
2431 4300 2570 4361 papa
2612 4284 2920 4354 Romanus,
2957 4301 3055 4355 pro
3092 4287 3325 4352 veritate
3375 4286 3593 4348 fortiter

2015 4383 2334 4462 agonizans,
2353 4389 2406 4436 et
2431 4379 2719 4437 confessor
2750 4377 2930 4445 factus
2963 4381 3015 4435 in
3041 4382 3358 4445 elimatibus
3397 4379 3595 4438 Orien-

2019 4475 2090 4530 tis
2115 4474 2407 4537 defunetus
2442 4483 2546 4530 est.

335 4564 886 4639 pugnavit.Cutnque
904 4561 1153 4618 futurum
1187 4572 1338 4621 esset
1365 4573 1426 4619 ut
1461 4563 1764 4636 imperator
1785 4579 1910 4621 cum
1943 4557 1992 4613 1)
2087 4565 2277 4621 Mundi
2295 4580 2442 4629 anno
2459 4564 2840 4637 6l51,divinm
2871 4565 3270 4625 incarnationis
3304 4566 3594 4632 anno651,

333 4660 454 4731 ipso
477 4658 695 4731 navigio
711 4657 1073 4728 pratiiaretur,
1092 4657 1499 4726 contemplatur
1529 4666 1692 4712 nocte
1724 4656 1815 4711 illa
1831 4655 1916 4710 vi-

334 4771 479 4819 sum,
513 4768 638 4810 esse
662 4751 915 4808 videlicet
945 4751 1091 4821 apud
1109 4749 1563 4807 Thessalonicen.
1593 4748 1768 4807 Porro
1786 4765 1917 4806 nar-

333 4848 474 4903 ravit
501 4845 720 4901 cuidam
767 4842 1067 4915 coniectori
1112 4843 1451 4899 somniorum
1491 4844 1915 4915 expergefactus

284 5004 287 5005 ν
338 4937 626 5002 visionem,
656 4935 752 5007 qui
785 4935 892 4991 ait:
930 4932 1256 5005 Imperator,
1289 4935 1496 4988 utinam
1520 4951 1612 4990 nec
1633 4935 1919 4991 dormisset

336 5047 428 5084 nee
459 5031 723 5085 somnium
767 5031 1066 5098 aspexisset
1116 5044 1134 5084 :
1177 5044 1302 5082 nam
1357 5045 1469 5084 esse
1524 5029 1916 5085 Thessalonij

336 5121 426 5187 θὲς
465 5122 612 5194 ἄλλῳ
643 5122 801 5193 νίκην
855 5122 1065 5186 innuit,
1107 5123 1244 5192 quod
1303 5123 1680 5191 interpretatur
1710 5167 1727 5193 ,
1786 5141 1920 5190 porte

337 5213 435 5273 alii
466 5214 763 5282 victoriam,
823 5215 880 5271 id
940 5223 1042 5278 est,
1079 5213 1148 5268 ad
1189 5215 1466 5268 inimicum
1502 5227 1648 5269 tuum
1690 5218 1915 5273 viatoria

337 5307 576 5363 vertitur.
610 5307 756 5364 Sane
785 5310 1084 5384 Imperator
1135 5307 1271 5362 nihil
1309 5310 1594 5367 inveniens
1659 5311 1727 5368 ad
1753 5316 1758 5324 ‘
1781 5327 1922 5390 pra:-

337 5402 471 5464 lium
536 5402 746 5465 navalis
805 5418 1038 5479 pugna,
1097 5400 1470 5461 Romanorum
1523 5404 1728 5466 classes
1786 5422 1925 5476 prae

337 5497 542 5560 struxit
622 5497 690 5556 ad
766 5496 990 5558 bellum.
1049 5495 1262 5567 Quibus
1335 5497 1391 5553 in
1461 5497 1780 5554 alterutram
1848 5502 1924 5554 ir-

338 5591 626 5652 ruentibus
656 5599 990 5663 superantur
1040 5591 1298 5659 Romani,
1338 5601 1393 5648 et
1424 5592 1770 5648 conunistum
1803 5592 1921 5650 eiii.

338 5685 484 5750 citur
532 5699 685 5751 mare
729 5686 999 5759 sanguine
1049 5683 1444 5745 Romanorum-
1504 5683 1690 5742 induit
1738 5693 1920 5749 autem

341 5779 639 5850 imperator
668 5777 838 5832 alium
881 5787 1031 5834 veste
1059 5794 1156 5834 sua
1177 5821 1194 5845 ,
1223 5789 1278 5837 et
1303 5779 1556 5835 insiliens
1618 5776 1919 5848 pradictus

342 5870 486 5934 Illius
503 5869 881 5927 buccinatoris
901 5871 954 5926 in
985 5873 1190 5942 regiam
1234 5871 1496 5944 scapham
1527 5869 1913 5935 imperatorem

2019 4675 2167 4720 anno
2207 4659 2422 4733 imperii
2446 4659 2533 4717 sui
2568 4659 2633 4715 l8
2672 4657 2951 4714 Constans
2982 4659 3186 4714 occidit
3222 4658 3597 4725 Theodosium

2021 4753 2306 4829 proprium
2359 4750 2587 4814 fratrem
2618 4765 2801 4810 suum.
2825 4749 2960 4805 Cum
2981 4759 3162 4816 autem
3181 4759 3369 4817 essent.
3387 4749 3599 4813 Arabes

2022 4847 2166 4928 apud
2205 4845 2436 4921 Saphin,
2468 4846 2597 4901 dolo
2629 4855 2859 4900 necatus
2914 4857 2998 4901 est
3057 4845 3353 4912 praedictus
3382 4840 3596 4909 iialim,

2022 4950 2080 4997 et
2111 4941 2465 5019 singulariter
2510 4939 2746 5009 imperat
2798 4937 3078 5004 Mauhias,
3107 4937 3256 5020 regio
3286 4952 3436 4999 more
3491 4937 3599 4999 Da-

2023 5049 2268 5090 mascum
2304 5032 2617 5087 inhabitans
2648 5041 2702 5086 et
2734 5031 3092 5102 pecuniarum
3137 5030 3249 5086 illic
3304 5032 3597 5085 thesauros

2021 5125 2349 5181 recondens.

2095 5216 2500 5289 Aunoimpcril
2559 5211 2881 5272 Constantis
2937 5215 3004 5270 i9
3057 5216 3315 5294 apparuit
3367 5215 3599 5280 haeresis

2026 5314 2290 5378 Arabum,
2329 5327 2520 5381 eorum
2559 5310 2812 5371 videlicet
2841 5311 2935 5381 qui
2984 5309 3249 5378 dicuntur
3293 5309 3602 5381 Charus-gi-

2023 5417 2111 5463 ιω.
2164 5406 2412 5461 Maubias
2465 5413 2645 5459 autem
2675 5403 2776 5458 hos
2814 5418 3133 5474 aggressus,
3161 5418 3258 5459 eos
3305 5403 3400 5474 qui
3441 5411 3603 5458 erant

2024 5501 2078 5556 in
2133 5499 2354 5556 Perside
2388 5497 2718 5567 humiliavit,
2757 5513 2853 5556 eos
2890 5512 3020 5552 vero
3050 5498 3144 5568 qui
3173 5499 3227 5552 in
3259 5495 3416 5569 Syria
3445 5509 3604 5566 erant

2027 5593 2305 5656 exaltavit,
2335 5599 2389 5648 et
2426 5591 2566 5653 alios
2597 5591 2819 5662 quidem
2857 5591 3077 5649 vocavit
3105 5589 3429 5662 iiisamitas,
3459 5591 3602 5649 alios

2023 5695 2206 5744 autem
2251 5683 2582 5754 Heraclitas,
2613 5696 2668 5741 et
2713 5684 3106 5742 ilisamitarum
3157 5683 3380 5754 quidem
3427 5685 3600 5738 dona-

2023 5781 2135 5835 tiva
2166 5779 2481 5835 sublimavit
2508 5795 2683 5851 usque
2705 5779 2770 5834 ad
2797 5778 3031 5834 ducenta
3051 5777 3408 5842 numismata,
3431 5791 3602 5848 porto

2023 5871 2419 5932 Heraclitarum
2455 5874 2710 5945 deposuit
2763 5888 2935 5943 usque
2983 5872 3048 5927 ad
3081 5871 3314 5926 tricena.
