4070 6304
560 317 702 386 ι’-ΒΞἾ

1679 333 2098 394 -ANASTASl-I
2132 335 2762 400 BlBLlOTHECABlI

3691 341 3826 408 1328

627 440 784 494 Anno
815 438 1237 509 imperiisni-20
1267 441 1545 498 ConStans
1563 443 1828 500 derelicta
1864 446 2134 502 Constau-
2161 453 2212 510 Α
2240 449 2334 502 tibi
2367 450 2551 518 fuerit,
2596 469 2708 522 age.
2761 453 2826 508 Et
2858 453 2944 508 his
2984 452 3150 508 dictis
3198 453 3448 510 Andreas
3509 456 3700 511 tacuit.
3753 460 3821 514 At

556 532 786 602 tinopoli
838 533 971 587 abi-it
999 530 1357 603 Syracusam,
1393 537 1670 591 civitatem
1699 535 1921 604 Siciliae,
1954 541 2142 595 volens

552 625 844 694 imperium
875 625 930 680 in
966 627 1156 682 urbem
1184 625 1415 682 Romam
1436 629 1760 693 transferre,
1790 642 1844 686 et
1873 632 2041 685 mittit
2070 631 2137 685 ad

545 718 921 775 adducendam
947 735 1169 774 uxorem
1210 737 1366 776 suam
1406 733 1460 776 et
1499 729 1613 778 tres
1641 723 1821 789 ﬁlios,
1859 722 2135 778 Constan-

547 805 1110 879 tinum,'lleraclium,
1134 820 1186 867 et
1218 810 1519 868 Tiberium.
1546 811 1716 868 Porro
1744 813 1991 886 Byzantii
2027 831 2132 867 non

518 886 875 955 "dimiserunt
919 917 1036 958 eos.

615 1020 776 1071 Anno
813 1017 1028 1086 imperii
1057 1015 1377 1074 Constantis
1409 1019 1474 1073 31
1509 1019 1812 1074 exercitum
1839 1029 2131 1074 moverunt

539 1111 750 1165 Arabes
821 1121 1013 1164 contra
1075 1110 1423 1181 Romaniam,
1469 1125 1524 1169 et
1586 1115 1787 1171 mullos
1829 1115 2127 1186 depratdati

540 1209 690 1267 sunt,
725 1211 778 1256 et
817 1203 933 1255 loca
977 1206 1241 1259 nonnulla
1291 1206 1629 1276 depopulati.

600 1313 764 1366 Anno
801 1314 1012 1384 imperii
1064 1315 1384 1375 Constantis
1422 1322 1493 1375 ΞΕ
1517 1325 1709 1391 praeda:
1743 1325 1921 1394 patuit
1975 1323 2114 1380 Sici-

547 1396 634 1452 liae
670 1414 818 1466 pars.
884 1408 936 1453 et
960 1401 1935 1464 habitaverunt-Damascivoluntate
1996 1425 2119 1463 sua.

610 1492 770 1544 Anno
839 1491 1052 1556 imperii
1103 1493 1424 1553 Constantis
1454 1499 1526 1552 23
1590 1501 1773 1556 factus
1825 1513 1907 1557 est
1962 1518 2122 1558 error

531 1583 916 1654 jejuniorum,
969 1597 1026 1640 et
1064 1591 1391 1642 exercitum
1466 1594 1639 1646 movit
1703 1594 2118 1650 Ahderachman

530 1674 764 1731 Ghaledi
831 1676 1482 1744 adversus-Romaniam,
1519 1685 1655 1738 etin
1723 1700 1786 1739 ea
1815 1686 2112 1752 vhiemavit,

530 1777 608 1826 et.
636 1772 836 1827 multas
866 1774 1166 1830 demolitus
1196 1785 1279 1830 est
1312 1778 1585 1846 regiones.
1611 1778 1804 1834 Porro
1863 1781 2110 1835 Sclavini
2143 1796 2190 1853 Β

529 1863 606 1916 ad
649 1865 796 1917 hunc
849 1864 1190 1922 conﬂuentes
1232 1883 1376 1922 cum
1426 1871 1544 1939 ipso
1595 1871 2001 1925 descenderunt
2053 1873 2106 1924 in

531 1955 768 2028 Syriam,
812 1973 1041 2013 numero
1103 1961 1350 2030 quinque
1380 1962 1577 2025 millia,
1619 1971 1674 2017 et
1723 1963 2110 2018 habitaverunt

524 2048 582 2102 in
632 2050 1045 2117 Apamiensium
1100 2054 1321 2121 regione
1370 2055 1424 2106 in
1469 2056 1696 2110 castello
1729 2055 2106 2112 Seleucohori.

579 2146 739 2198 Anno
797 2142 1012 2211 imperii
1051 2144 1371 2200 Constantis
1403 2146 1479 2201 24
1535 2146 1780 2202 Thomas
1830 2149 2104 2204 Constan-

525 2233 918 2301 tinopolitanus
947 2235 1452 2290 habeturantistes.
1511 2237 1689 2293 Busur
1721 2250 1900 2293 autem
1942 2255 2104 2294 exer-

523 2324 695 2378 citum
729 2324 780 2377 in
824 2323 1147 2379 Romaniam
1184 2330 1378 2392 movit,
1402 2339 1463 2383 et
1487 2339 1742 2387 mortuus
1792 2339 1876 2385 est
1925 2331 2106 2387 Thau-

527 2420 775 2471 maricus
805 2416 808 2418 ⁷
835 2420 1130 2487 episcopus
1163 2421 1423 2489 Apamiaa,
1455 2432 1508 2476 et
1553 2423 1814 2480 incensus
1847 2437 1945 2480 rest
1993 2428 2124 2496 cpi--

523 2525 730 2580 sc0pus
761 2510 1091 2570 Emisenus..

594 2623 780 2679 Mundi
820 2640 967 2680 anno
1021 2627 1206 2694 6158,
1258 2630 1458 2685 divinae
1525 2632 1923 2690 incarnationis
1987 2651 2091 2689 an-

521 2731 592 2770 no
623 2716 748 2779 658,
788 2732 932 2771 anno
971 2734 1101 2773 vero
1153 2721 1367 2791 imperii
1410 2722 1728 2780 Constantis
1758 2725 1830 2780 25
1885 2728 2099 2781 exerci-

517 2820 635 2862 tum
674 2824 866 2865 rursus
922 2812 1155 2867 armavit
1188 2811 1370 2869 Busur
1427 2825 1621 2870 contra
1673 2815 2096 2884 Romaniam,et

517 2903 906 2958 exterminavit
936 2915 1126 2975 partes
1165 2905 1511 2978 Hexapoleos
1555 2918 1611 2964 et
1644 2907 1920 2977 Phadalae,
1948 2913 2096 2969 illic-

517 3011 624 3064 que
655 2996 932 3056 hiemavit.
1493 3055 1498 3059 .

590 3092 748 3144 Anno
777 3091 989 3162 imperii
1019 3091 1334 3150 Constantis
1364 3094 1437 3150 26
1467 3097 1919 3153 Armeniacorum
1951 3115 2091 3170 pras-

519 3193 606 3239 t‘or
638 3185 923 3250 Saborius,
951 3185 1117 3242 Persa
1149 3203 1366 3258 genere,
1396 3191 1761 3248 tumultuatus
1789 3201 1875 3248 est
1899 3203 2092 3248 contra

515 3279 865 3334 Constantem
903 3279 1293 3350 imperatorem
1353 3284 1631 3354 mittitque
1685 3283 1757 3338 ad
1812 3284 2088 3341 Mauhiam

516 3366 771 3439 Sergium
836 3374 1162 3442 magistrum
1216 3375 1476 3441 militum,
1543 3377 1805 3447 pollicens
1860 3377 2092 3435 Mauhiae

511 3464 804 3537 subjugare
821 3465 1162 3536 Romaniam,
1185 3469 1231 3527 si
1251 3470 1366 3541 ipse
1389 3471 1493 3528 sibi
1514 3473 1877 3530 auxiliaretur
1900 3476 2090 3530 adver-

509 3571 605 3610 sus
635 3559 1044 3628 imperatorem.
1065 3559 1183 3626 Quo
1206 3573 1487 3633 comperto
1517 3563 1908 3623 Constantinus
1942 3567 2086 3624 ﬁlius

509 3647 872 3718 imperatoris
907 3651 1077 3705 mittit
1103 3660 1158 3706 et
1187 3653 1304 3724 ipse
1359 3655 1428 3709 ad
1476 3653 1751 3711 Mauhiam
1805 3659 2082 3714 Andream

505 3742 907 3797 cubicularium
961 3759 1087 3799 cum
1122 3747 1461 3816 muneribus,
1495 3765 1564 3805 ne
1617 3752 1805 3808 rebelli
1838 3755 2080 3810 cederet.

503 3831 753 3905 Cumque
791 3835 1028 3892 venisset
1057 3836 1306 3893 Andreas
1329 3839 1681 3909 Damascum,
1713 3848 1916 3916 reperit
1951 3846 2080 3902 Ser-

501 3927 653 4000 gium
706 3928 1064 3997 praveuisse.
1096 3931 1166 3984 At
1221 3946 1354 3987 vero
1411 3933 1656 3994 Mauhias
1713 3939 2079 3996 simulabatur

502 4019 820 4103 imperatori
881 4021 1282 4095 compati(62).
1321 4022 1558 4082 Sedebat
1622 4041 1806 4086 autem
1835 4033 2072 4104 Sergius

499 4099 626 4165 ante
659 4110 956 4176 Mauhiam,
985 4122 1186 4168 etcum
1229 4117 1513 4188 ingressus
1559 4120 1757 4179 fuisset
1801 4125 2072 4196 Andreas,

498 4203 729 4261 intuitus
773 4220 898 4260 eum
957 4205 1183 4276 Sergius
1214 4212 1475 4268 surrexit.
1526 4212 1600 4268 At
1642 4229 1771 4271 vero
1824 4218 2074 4275 Mauhias

498 4295 749 4367 Sergium
808 4298 1179 4366 reprehendit,
1242 4300 1432 4358 dicens
1470 4303 1650 4371 :Quid
1702 4306 2013 4377 [ormidasti
2048 4313 2075 4367 ἵ

495 4385 599 4453 Qui
633 4389 913 4458 respondit
951 4405 1013 4445 se
1049 4389 1205 4460 juxta
1240 4408 1448 4449 morem
1495 4397 1716 4454 fecisse.
1745 4400 2065 4461 Conversus

493 4488 757 4549 praiterea
779 4479 1025 4537 Mauhias
1073 4482 1207 4538 dicit
1231 4485 1495 4542 Andreae:
1534 4489 1676 4556 Quid
1707 4497 1897 4563 quieris
1916 4500 1941 4551 7
1964 4496 2067 4564 Qui

491 4571 569 4625 ait
592 4589 605 4625 :
639 4569 708 4626 Ut
737 4573 827 4627 des
846 4575 1106 4629 auxilium
1125 4587 1309 4632 contra
1330 4580 1593 4639 rebellent.
1620 4583 1690 4638 At
1710 4586 1802 4641 ille
1831 4607 1844 4643 :
1868 4591 2058 4657 Ambo,

488 4664 688 4733 inquit,
717 4665 919 4720 inimici
948 4667 1096 4734 estis,
1149 4669 1239 4722 sed
1266 4687 1359 4740 ego
1383 4675 1429 4726 ei
1459 4675 1550 4745 qui
1601 4676 1722 4747 plus
1778 4682 2060 4749 prcebuerit

487 4755 648 4810 dabo.
680 4755 745 4811 Et
771 4758 1113 4816 Andreasad
1133 4776 1257 4815 eum
1292 4781 1304 4816 :
1343 4762 1426 4818 Ne
1455 4767 1716 4839 ambigas,
1753 4772 1893 4840 iniit,
1925 4778 2062 4831 ami-

488 4864 571 4912 ra,
607 4851 858 4918 quoniam
915 4865 1093 4920 pauca
1145 4852 1239 4908 tibi
1270 4856 1618 4925 imperatoris
1661 4863 1883 4922 meliora
1940 4879 2066 4925 sunt

483 4954 642 5010 quam
690 4929 849 5009 plura
898 4941 1124 4998 rebellis.
1161 4943 1550 5013 Verumtamen,
1584 4954 1722 5016 quod
1777 4960 2063 5016 amabilius

2247 557 2375 595 vero
2406 541 2650 599 Mauhias
2681 545 2756 598 ait
2784 561 2797 600 :
2861 545 3125 601 Tractabo
3156 563 3310 614 super
3345 549 3464 613 hoc,
3497 555 3552 603 et
3609 558 3823 605 utrum-

2244 649 2349 703 que
2395 634 2560 704 jussit
2629 639 2801 692 exire.
2879 637 3051 692 Porro
3115 638 3382 693 advocato
3429 640 3624 710 Sergio
3680 641 3820 696 dixit

2240 725 2286 779 ei
2329 743 2342 779 :
2394 724 2477 779 Ne
2521 728 2744 783 ulterius
2783 730 2971 784 adores
3020 732 3290 786 Andream
3338 748 3357 786 :
3407 733 3646 804 alioquin
3688 734 3818 788 nihil

2227 805 2506 886 proﬁcies.
2565 821 2624 874 In
2654 826 2958 879 crastinum
2994 825 3178 894 itaque
3208 827 3552 896 praeveniens
3589 828 3816 899 Sergius

2235 910 2510 965 Andream
2541 929 2725 968 coram
2759 917 2980 971 Mauhia
3031 918 3278 984 sedebat,
3311 926 3367 973 ct
3408 920 3662 990 ingresso
3705 923 3815 973 An-

2234 1001 2363 1056 drea
2407 1019 2515 1059 non
2551 1007 2600 1060 ei
2635 1008 2940 1062 assurrexit
2987 1017 3048 1063 ut
3087 1009 3203 1063 heri
3237 1026 3250 1062 :
3282 1009 3533 1065 Andreas
3567 1026 3698 1066 vero
3735 1014 3815 1067 in-

2236 1094 2404 1149 tuitus
2437 1096 2689 1166 Sergium
2726 1100 2874 1154 hunc
2906 1101 3172 1156 conviciis
3206 1102 3465 1158 laceravit
3489 1114 3544 1157 et
3575 1104 3809 1160 commi-

2229 1193 2394 1240 natus
2433 1197 2540 1250 est,
2583 1188 2814 1244 dicens.-
2850 1188 2912 1245 Si
2933 1191 3530 1255 uixero,demonstrabo
3569 1194 3665 1247 tibi
3694 1197 3808 1264 quis

2228 1280 2348 1332 sim.
2397 1281 2495 1336 Cui
2538 1281 2763 1354 Sergius
2800 1301 2814 1340 :
2853 1284 2996 1352 Non,
3034 1287 3249 1358 inquit,
3277 1304 3502 1359 assurgo
3536 1289 3656 1353 tibi,
3687 1291 3809 1360 quia

2227 1390 2329 1428 non
2353 1391 2406 1430 es
2453 1379 2532 1430 uir
2567 1393 2728 1448 neque
2754 1379 2973 1448 femina.
3012 1379 3183 1437 Porro
3229 1382 3478 1437 Mauhias
3511 1391 3808 1456 utrumque

2225 1485 2581 1537 compescens
2617 1472 2849 1527 Andreae
2903 1474 3038 1526 dixit
3073 1476 3348 1529 assentire
3378 1475 3510 1528 dare
3543 1477 3807 1544 quemad-

2224 1558 2447 1612 modum
2486 1558 2714 1630 Sergins
2743 1561 2855 1614 dat.
2901 1560 2967 1613 Et
2988 1573 3245 1631 quantum
3269 1563 3394 1616 est?
3427 1564 3503 1615 ait
3531 1563 3802 1618 Andreas.

2224 1648 2439 1704 Mauhia
2479 1668 2611 1707 vero
2662 1654 2961 1708 illationem
2997 1655 3340 1721 publicorum
3369 1656 3618 1724 prathere
3667 1658 3803 1710 Ara-

2223 1742 2400 1796 bibus.
2435 1744 2533 1798 Ast
2564 1745 2810 1799 Andreas
2848 1759 2862 1796 :
2908 1743 3139 1807 Vtetibi,
3186 1749 3295 1811 ait,
3329 1746 3575 1805 Man/tia.
3609 1746 3802 1804 Consi-

2222 1837 2349 1887 lium
2374 1837 2566 1890 tribuis
2588 1854 2774 1903 corpus
2796 1836 2963 1890 dandi
2984 1849 3032 1891 et
3052 1840 3222 1892 solam
3245 1842 3489 1894 umbraut
3515 1843 3797 1896 retinendi.

2221 1927 2701 1998 Quomodocunque
2747 1933 2998 1993 volueris,
3047 1949 3168 1986 cunt
3205 1932 3388 2004 Sergio
3421 1937 3681 1989 conveni:
3708 1953 3798 2005 ego

2211 2019 2349 2071 enim
2380 2019 2477 2074 hoc
2512 2023 2726 2076 minime
2753 2024 2915 2092 facio.
2971 2024 3341 2081 Verumtamen
3380 2037 3427 2082 te
3455 2029 3680 2083 dimisso
3728 2031 3795 2082 ad

2213 2109 2400 2175 Deum,
2432 2114 2522 2182 qui
2553 2125 2603 2167 te
2647 2116 2911 2182 potentior
2939 2129 3038 2179 est,
3092 2129 3149 2170 ut
3208 2117 3462 2174 Romanis
3503 2122 3793 2188 opituletur

2207 2202 2563 2272 confugimus,
2593 2215 2640 2258 et
2684 2206 2741 2258 in
2793 2224 2851 2261 eo
2894 2224 3036 2276 spem
3069 2223 3304 2264 nostram
3358 2211 3659 2273 posuimus.
3699 2213 3790 2272 Hs

2207 2293 2368 2351 dictis
2392 2293 2623 2352 Manilia:
2654 2301 2775 2354 inlit
2800 2302 2974 2368 salve,
3005 2315 3057 2357 et
3080 2304 3248 2359 exivit
3280 2321 3308 2358 a
3339 2303 3788 2363 Damascensiunt

2205 2389 2446 2453 civitate,
2475 2400 2527 2446 et
2551 2393 2685 2463 abiit
2721 2393 3047 2459 Melitenam,
3082 2413 3146 2452 co
3172 2399 3316 2467 quod
3351 2408 3620 2470 tyrannus
3645 2409 3791 2457 esset

2207 2481 2257 2534 in
2294 2485 2544 2552 partibus
2599 2486 2728 2550 illis,
2766 2489 2831 2541 ad
2869 2505 3008 2557 quas
3051 2501 3115 2544 et
3156 2489 3382 2561 Sergius
3430 2507 3549 2549 erat
3583 2496 3786 2551 iturus.

2202 2571 2452 2643 Cumque
2491 2575 2720 2632 adiisset
2775 2580 3158 2648 Arabessum,
3203 2583 3440 2640 incurrit
3493 2587 3784 2643 clausura-

2192 2681 2322 2721 tum
2369 2672 2652 2727 custodem
2687 2693 2702 2728 :
2730 2692 2847 2730 «non
2879 2677 3026 2732 enim
3059 2678 3354 2735 cohibebat
3381 2682 3492 2753 (65)
3525 2694 3804 2755 tyranno.-

2202 2758 2341 2814 lluic
2382 2779 2514 2832 ergo
2537 2768 2797 2836 praecepit
2825 2769 3119 2825 observare
3148 2770 3399 2842 Sergium
3435 2781 3781 2842 redemttem,

2201 2863 2259 2904 ut
2301 2853 2601 2910 adduceret
2631 2858 2781 2912 illum
2813 2861 2879 2914 ad
2906 2877 2987 2916 se.
3026 2863 3146 2932 ipse
3177 2879 3308 2919 vero
3344 2881 3452 2921 non
3491 2867 3786 2924 immemor

2197 2943 2480 3012 pergebat,
2543 2945 2795 3019 Sergiqu
2860 2954 3226 3023 praestolans;
3285 2972 3587 3027 quat'vero
3630 2969 3804 3029 gesta

2197 3045 2349 3102 sunt,
2409 3039 2685 3094 nuntiavit
2731 3042 3069 3112 imperatori.
3119 3047 3327 3103 Interea
3379 3046 3607 3119 Sergius
3654 3067 3779 3107 cum

2199 3125 2457 3214 Mauihia,
2514 3146 2635 3198 qua:
2684 3134 2800 3187 visa
2844 3133 3056 3191 fuerant
3112 3140 3347 3209 peractis
3396 3140 3552 3214 (64),
3620 3159 3804 3199 πει-δ·-

2199 3213 2275 3283 pit
2315 3213 2610 3271 Phaladam
2648 3230 2931 3290 primorem
2967 3225 3208 3282 Arabum
3260 3246 3384 3284 cum
3421 3213 3539 3302 ope
3568 3233 3802 3289 barba»

2197 3308 2312 3362 rica
2352 3321 2799 3368 concertaturum
2852 3326 2906 3370 et
2953 3320 3349 3378 auxiliaturum
3399 3323 3597 3383 Sabor.
3623 3328 3771 3383 Cum

2193 3412 2375 3457 autem
2420 3405 2754 3473 prazcederet
2807 3408 3033 3480 Sergius
3068 3412 3366 3469 Phadalam
3405 3427 3459 3472 et
3493 3419 3558 3472 ad
3591 3417 3770 3475 Sahor

2190 3494 2538 3565 gratulanter
2569 3497 2769 3562 abiret,
2811 3503 3031 3558 devenit
3059 3505 3126 3558 ad
3159 3507 3530 3566 clausurasct
3576 3511 3773 3568 incidit

2188 3585 2244 3641 in
2280 3589 2512 3646 Andreae
2549 3594 2759 3662 turbas,
2794 3605 2848 3653 et
2877 3600 3035 3654 hunc
3075 3601 3378 3659 retinentes
3412 3605 3655 3660 vinctum
3700 3609 3766 3661 ad

2185 3679 2457 3737 Andream
2492 3685 2791 3742 adducunt.
2825 3691 2894 3744 Alt
2930 3707 3066 3747 vero
3116 3691 3345 3766 Sergius
3377 3696 3497 3752 viso
3545 3698 3763 3755 Andron

2179 3771 2349 3842 jactat
2381 3787 2555 3832 semet
2579 3778 2643 3831 ad
2678 3779 2854 3850 pedes
2887 3783 3031 3851 ejus,
3061 3785 3359 3842 obsecrans
3379 3803 3606 3858 parcere
3634 3791 3761 3846 sibi.

2183 3863 2278 3919 llle
2308 3874 2490 3922 autem
2547 3869 2614 3924 ad
2659 3887 2832 3927 eum:
2876 3872 2976 3940 Tu,
3015 3876 3214 3947 inquit,
3268 3895 3324 3932 es
3368 3877 3619 3950 Sergius,
3668 3884 3766 3954 qui

2178 3957 2501 4026 gloriabaris
2538 3963 2590 4016 in
2621 3965 2862 4020 virilibus
2914 3983 3096 4022 coram
3128 3968 3382 4034 'Maultia,
3417 3988 3598 4043 meque
3642 3993 3762 4030 utu-

2178 4047 2453 4104 lierculam
2487 4054 2812 4122 appellabas.
2843 4056 2975 4113 Ecce
3003 4060 3194 4114 amodo
3212 4061 3325 4133 (65)
3351 4064 3529 4119 virilia
3553 4079 3644 4120 ma
3661 4070 3762 4123 tibi

2178 4142 2314 4196 nihil
2329 4148 2654 4210 proderunt.
2680 4149 2818 4218 quin
2848 4150 3025 4219 potius
3074 4159 3124 4204 et
3171 4156 3631 4225 morte-afﬁciant.
3667 4159 3762 4216 llis

2175 4232 2345 4290 dictis
2390 4238 2648 4308 praecepit
2703 4238 2884 4295 virilia
2921 4240 3043 4310 ejus
3097 4243 3330 4310 abscidi,
3362 4259 3418 4302 et
3461 4254 3761 4320 suspendit

2174 4341 2297 4381 cum
2326 4326 2380 4381 in
2410 4330 2574 4399 ligno.
2605 4330 3008 4391 Constantinus
3034 4344 3216 4390 autem
3245 4339 3433 4394 audito
3453 4340 3758 4398 Phadaidis

2175 4419 2413 4474 adventu
2447 4421 2502 4476 in
2536 4422 2764 4478 Saboris
2791 4426 3055 4481 auxilium
3113 4425 3482 4500 Nicephorum
3515 4432 3761 4489 destinat

2104 4515 2146 4570 Ι)
2178 4511 2468 4581 patricium
2502 4529 2625 4569 cum
2659 4516 2904 4572 Romana
2933 4519 3134 4574 virtute
3169 4523 3463 4579 resistendi
3494 4522 3752 4585 Saborio.

2173 4601 2307 4655 Erat
2360 4613 2540 4660 autent
2582 4607 2760 4663 Sabor
2797 4608 3192 4683 Hadrianopoli
3230 4614 3474 4683 degens,
3526 4629 3582 4671 et
3627 4633 3753 4672 cum

2172 4692 2541 4764 Nicephorum
2576 4700 2641 4753 ad
2697 4717 2755 4756 se
2802 4704 2992 4759 venire
3045 4709 3428 4776 comperisset,
3457 4712 3756 4766 exercebat

2173 4795 2348 4842 semet
2387 4789 2451 4841 ad
2494 4792 2768 4860 praelium.
2826 4793 3028 4851 Verum
3086 4796 3177 4853 die
3235 4799 3472 4869 quadam
3520 4804 3751 4872 contigit

2173 4877 2321 4936 hunc
2369 4886 2669 4940 secundum
2704 4891 3156 4946 consuetudinem
3203 4907 3360 4948 suam
3409 4891 3479 4948 de
3525 4895 3748 4950 civitate

2173 4987 2338 5045 super
2361 4991 2562 5049 equum
2614 4979 2893 5037 sedentem
2929 4983 3102 5040 exire.
3135 4983 3382 5056 Cumque
3414 4997 3588 5058 porta
3613 4987 3746 5056 civi-

1973 5076 2201 5140 ΝΟΤΛΕ.

556 5148 670 5220 (63)
700 5147 965 5234 Campati.
993 5149 1332 5234 Glossarium
1357 5174 1372 5211 :
1395 5158 2047 5234 cupnacxwicompatior.

479 5220 636 5301 lte‘t‘n,
684 5224 1016 5301 compatitu‘r
1073 5230 1408 5301 ςιυμπᾴᾳχει.
1449 5220 1810 5301 Ριοάοὲιδᾱυε,
1843 5220 2043 5300 nui—lii

485 5308 505 5342 ι
541 5289 902 5376 Compatiens
929 5289 1370 5376 tribulat'mnih'us
1406 5300 1601 5368 ipsius.
1639 5320 1660 5354 ι
1690 5289 2047 5376 Οοιίιριιίί-θξί

479 5361 858 5416 misericordia
898 5361 1125 5419 moveri'.
1158 5363 1324 5422 Faue.

554 5429 1012 5507 (63)_Colr_i_bebat.
1053 5435 1260 5490 Auctor
1311 5437 1587 5504 Miscellae.
1638 5446 2041 5507 consentiebat.

481 5499 773 5588 b‘acundtts
807 5501 1236 5588 lieynianensis,
1269 5508 1312 5562 Ι.
1341 5509 1433 5588 _:
1472 5528 1490 5588 ι
1520 5499 1722 5588 sancta
1753 5499 1842 5569 illa
1873 5499 2052 5588 sibi”

476 5572 580 5625 dus
607 5572 829 5645 _ha:resi
875 5573 1209 5631 Nestoriana:
1271 5582 1539 5635 cohibuit.
1579 5600 1595 5633 ι
1635 5584 1699 5636 Et
1726 5572 2038 5645 cohibentia

477 5641 623 5711 apud
650 5643 902 5724 eumdem
942 5646 1158 5724 passiur
1198 5653 1459 5704 occurrit.
1523 5651 1749 5724 Cregor.
1795 5641 1927 5712 Tur.
1966 5641 2035 5716 H:

476 5731 568 5786 Ls:
609 5733 626 5762 ‹
678 5712 951 5786 Habentes
997 5718 1424 5774 conniventiam.
1472 5742 1489 5774 ι
1522 5712 2030 5786 ΜεΪεοΙιίὸεηῖὶαηιξ

471 5779 678 5840 (ἱΙοεεω
707 5785 943 5841 Dosithei
988 5804 1000 5841 :
1052 5790 1307 5855 conibere,
1364 5797 1674 5863 consentire,
1713 5779 2030 5868 conibcntia,

2155 5195 2459 5236 consensus.
2496 5181 2821 5241 llincmarus
2862 5186 3056 5244 Rhem.
3081 5189 3154 5244 De
3193 5187 3509 5245 Prcedestin.
3544 5206 3558 5243 :

2164 5265 2286 5303 meo
2314 5267 2382 5308 ne
2410 5255 2709 5310 conhibere
2737 5258 2810 5313 sit
2843 5259 2944 5313 hoc
2978 5268 3178 5315 tacere.
3214 5279 3233 5312 ι
3274 5262 3354 5316 lu.

3593 5213 3612 5244 ς
3650 5190 3761 5248 Τίη·

2232 5319 2344 5400 (64)
2402 5322 2671 5400 Reractis.
2701 5325 2842 5398 Lege
2890 5340 3098 5400 pactus.
3135 5331 3376 5400 Στοιχεῑν
3405 5343 3489 5387 est
3516 5334 3736 5400 pacisci.

2155 5388 2292 5445 Vide
2333 5395 2592 5452 lectiones
2617 5388 2993 5454 TlreoEt-iti'rzas
3028 5388 3335 5456 Casauboni
3363 5419 3412 5457 c.
3445 5388 3532 5456 1οί
3567 5388 3734 5461 Fasti.

2226 5461 2338 5544 (ϐξ)
2370 5464 2596 5544 Amado.
2631 5467 2932 5544 Gregorius
2971 5468 3107 5526 Tur.
3138 5469 3204 5526 ﬂ.
3238 5489 3322 5537 ιιι,
3351 5473 3386 5527 5
3421 5490 3434 5526 :
3485 5492 3502 5524 ι
3531 5474 3736 5544 Plange

2149 5531 2374 5614 amodo,
2410 5531 2630 5614 qui_per
2653 5531 2942 5614 consilium
2985 5557 3218 5614 nequam
3256 5531 3432 5614 lactus
3469 5560 3530 5599 es
3558 5531 3736 5614 parii-

2157 5602 2277 5672 cida
2315 5602 2678 5663 sevissiinus.
2743 5627 2761 5660 ι
2823 5602 3199 5666 Οηοιηαειῖεοη
3235 5628 3255 5668 :
3290 5631 3308 5665 ι
3356 5602 3575 5672 Δηιοόά
3625 5615 3732 5670 ἀπὸ

2145 5671 2362 5794 irati-too.
2405 5674 2586 5732 Utitur
2614 5679 2885 5751 interpres
2915 5682 3031 5738 Vet.
3069 5681 3400 5741 Testamenti
3429 5694 3484 5741 et
3505 5685 3663 5741 Novi.
3706 5704 3724 5729 ι

2175 5756 2229 5794 ι).

2175 5756 2229 5798 D.
