  <div class='ocr_page' id='page_1' title='image "/cluster/home/n/w/nwhite01/storage/ocr_20150623/108/mdp.39015037042556/672.png"; bbox 0 0 4050 6308; ppageno 0'>
   <div class='ocr_carea' id='block_1_1' title="bbox 239 411 368 477">
    <p class='ocr_par' dir='ltr' id='par_1_1' title="bbox 239 411 368 477">
     <span class='ocr_line' id='line_1_1' title="bbox 239 411 368 477; baseline -0.008 0"><span class='ocrx_word' id='word_1_1' title='bbox 239 411 368 477; x_wconf 73' lang='lat' dir='ltr'><strong>I329</strong></span> 
     </span>
    </p>
   </div>
   <div class='ocr_carea' id='block_1_2' title="bbox 1045 405 2671 473">
    <p class='ocr_par' dir='ltr' id='par_1_2' title="bbox 1045 405 2671 473">
     <span class='ocr_line' id='line_1_2' title="bbox 1045 405 2671 473; baseline -0.005 0"><span class='ocrx_word' id='word_1_2' title='bbox 1045 411 1411 473; x_wconf 77' lang='lat' dir='ltr'><strong>HISTORIA</strong></span> <span class='ocrx_word' id='word_1_3' title='bbox 1438 409 2015 472; x_wconf 75' lang='lat' dir='ltr'><strong>ECCLESIASTICA</strong></span> <span class='ocrx_word' id='word_1_4' title='bbox 2053 409 2155 469; x_wconf 79' lang='lat' dir='ltr'>EX</span> <span class='ocrx_word' id='word_1_5' title='bbox 2189 405 2671 468; x_wconf 71' lang='lat' dir='ltr'><strong>THEOPHANE.</strong></span> 
     </span>
    </p>
   </div>
   <div class='ocr_carea' id='block_1_3' title="bbox 3347 392 3483 466">
    <p class='ocr_par' dir='ltr' id='par_1_3' title="bbox 3347 392 3483 466">
     <span class='ocr_line' id='line_1_3' title="bbox 3347 392 3483 466; baseline 0.029 -4"><span class='ocrx_word' id='word_1_6' title='bbox 3347 392 3483 466; x_wconf 73' lang='lat' dir='ltr'><strong>i330</strong></span> 
     </span>
    </p>
   </div>
   <div class='ocr_carea' id='block_1_4' title="bbox 238 511 3494 589">
    <p class='ocr_par' dir='ltr' id='par_1_4' title="bbox 238 511 3494 589">
     <span class='ocr_line' id='line_1_4' title="bbox 238 511 3494 589; baseline -0.001 -14"><span class='ocrx_word' id='word_1_7' title='bbox 238 523 364 576; x_wconf 79' lang='lat' dir='ltr'><strong>tatis</strong></span> <span class='ocrx_word' id='word_1_8' title='bbox 397 516 911 589; x_wconf 80' lang='lat' dir='ltr'><strong>,appmpinqnasset</strong></span> <span class='ocrx_word' id='word_1_9' title='bbox 937 555 952 584; x_wconf 92' lang='lat'><strong>,</strong></span> <span class='ocrx_word' id='word_1_10' title='bbox 988 531 1191 586; x_wconf 91' lang='lat' dir='ltr'><strong>equum</strong></span> <span class='ocrx_word' id='word_1_11' title='bbox 1239 516 1454 588; x_wconf 80' lang='lat' dir='ltr'><strong>ﬂagello</strong></span> <span class='ocrx_word' id='word_1_12' title='bbox 1487 517 1810 588; x_wconf 76' lang='lat' dir='ltr'><strong>percussit;</strong></span> <span class='ocrx_word' id='word_1_13' title='bbox 1844 522 1886 576; x_wconf 83' lang='grc' dir='ltr'><strong>Α</strong></span> <span class='ocrx_word' id='word_1_14' title='bbox 1917 523 2032 569; x_wconf 89' lang='lat' dir='ltr'><strong>tum</strong></span> <span class='ocrx_word' id='word_1_15' title='bbox 2091 514 2147 570; x_wconf 93' lang='lat' dir='ltr'><strong>in</strong></span> <span class='ocrx_word' id='word_1_16' title='bbox 2203 514 2466 580; x_wconf 72' lang='lat' dir='ltr'><strong>Africam,</strong></span> <span class='ocrx_word' id='word_1_17' title='bbox 2516 521 2571 570; x_wconf 88' lang='lat' dir='ltr'><strong>et</strong></span> <span class='ocrx_word' id='word_1_18' title='bbox 2626 512 2840 582; x_wconf 70' lang='lat' dir='ltr'><strong>captiVa</strong></span> <span class='ocrx_word' id='word_1_19' title='bbox 2873 511 3146 570; x_wconf 81' lang='lat' dir='ltr'><strong>duxerunt</strong></span> <span class='ocrx_word' id='word_1_20' title='bbox 3216 513 3410 582; x_wconf 87' lang='lat' dir='ltr'><strong>millia,</strong></span> <span class='ocrx_word' id='word_1_21' title='bbox 3436 526 3494 572; x_wconf 88' lang='lat' dir='ltr'><strong>ttt</strong></span> 
     </span>
    </p>
   </div>
   <div class='ocr_carea' id='block_1_5' title="bbox 237 608 1812 682">
    <p class='ocr_par' dir='ltr' id='par_1_5' title="bbox 237 608 1812 682">
     <span class='ocr_line' id='line_1_5' title="bbox 237 608 1812 682; baseline -0.001 -19"><span class='ocrx_word' id='word_1_22' title='bbox 237 612 331 682; x_wconf 87' lang='lat' dir='ltr'><strong>qui</strong></span> <span class='ocrx_word' id='word_1_23' title='bbox 360 610 639 681; x_wconf 75' lang='lat' dir='ltr'><strong>iactanter</strong></span> <span class='ocrx_word' id='word_1_24' title='bbox 666 609 869 664; x_wconf 82' lang='lat' dir='ltr'><strong>saliens</strong></span> <span class='ocrx_word' id='word_1_25' title='bbox 897 608 1098 678; x_wconf 76' lang='lat' dir='ltr'><strong>eteius</strong></span> <span class='ocrx_word' id='word_1_26' title='bbox 1130 618 1294 679; x_wconf 81' lang='lat' dir='ltr'><strong>caput</strong></span> <span class='ocrx_word' id='word_1_27' title='bbox 1328 609 1384 664; x_wconf 88' lang='lat' dir='ltr'><strong>in</strong></span> <span class='ocrx_word' id='word_1_28' title='bbox 1427 617 1644 682; x_wconf 87' lang='lat' dir='ltr'><strong>portam</strong></span> <span class='ocrx_word' id='word_1_29' title='bbox 1694 608 1812 662; x_wconf 81' lang='lat' dir='ltr'><strong>alli-</strong></span> 
     </span>
    </p>
   </div>
   <div class='ocr_carea' id='block_1_6' title="bbox 237 701 1816 773">
    <p class='ocr_par' dir='ltr' id='par_1_6' title="bbox 237 701 1816 773">
     <span class='ocr_line' id='line_1_6' title="bbox 237 701 1816 773; baseline -0.002 -13"><span class='ocrx_word' id='word_1_30' title='bbox 237 705 390 760; x_wconf 84' lang='lat' dir='ltr'><strong>dens.</strong></span> <span class='ocrx_word' id='word_1_31' title='bbox 420 703 569 759; x_wconf 78' lang='lat' dir='ltr'><strong>hune</strong></span> <span class='ocrx_word' id='word_1_32' title='bbox 605 701 747 757; x_wconf 88' lang='lat' dir='ltr'><strong>male</strong></span> <span class='ocrx_word' id='word_1_33' title='bbox 793 701 905 756; x_wconf 88' lang='lat' dir='ltr'><strong>vita</strong></span> <span class='ocrx_word' id='word_1_34' title='bbox 968 703 1224 772; x_wconf 82' lang='lat' dir='ltr'><strong>privavit,</strong></span> <span class='ocrx_word' id='word_1_35' title='bbox 1251 709 1307 757; x_wconf 88' lang='lat' dir='ltr'><strong>et</strong></span> <span class='ocrx_word' id='word_1_36' title='bbox 1336 702 1418 758; x_wconf 90' lang='lat' dir='ltr'><strong>sic</strong></span> <span class='ocrx_word' id='word_1_37' title='bbox 1449 701 1594 758; x_wconf 87' lang='lat' dir='ltr'><strong>Deus</strong></span> <span class='ocrx_word' id='word_1_38' title='bbox 1640 702 1816 773; x_wconf 86' lang='lat' dir='ltr'><strong>impe-</strong></span> 
     </span>
    </p>
   </div>
   <div class='ocr_carea' id='block_1_7' title="bbox 239 793 1817 852">
    <p class='ocr_par' dir='ltr' id='par_1_7' title="bbox 239 793 1817 852">
     <span class='ocr_line' id='line_1_7' title="bbox 239 793 1817 852; baseline 0.001 -2"><span class='ocrx_word' id='word_1_39' title='bbox 239 795 410 852; x_wconf 86' lang='lat' dir='ltr'><strong>ratori</strong></span> <span class='ocrx_word' id='word_1_40' title='bbox 443 794 730 850; x_wconf 85' lang='lat' dir='ltr'><strong>victoriam</strong></span> <span class='ocrx_word' id='word_1_41' title='bbox 763 793 1017 848; x_wconf 78' lang='lat' dir='ltr'><strong>contulit.</strong></span> <span class='ocrx_word' id='word_1_42' title='bbox 1053 793 1326 851; x_wconf 86' lang='lat' dir='ltr'><strong>Phadalas</strong></span> <span class='ocrx_word' id='word_1_43' title='bbox 1370 803 1553 850; x_wconf 88' lang='lat' dir='ltr'><strong>autem</strong></span> <span class='ocrx_word' id='word_1_44' title='bbox 1587 795 1817 850; x_wconf 87' lang='lat' dir='ltr'><strong>veniens</strong></span> 
     </span>
    </p>
   </div>
   <div class='ocr_carea' id='block_1_8' title="bbox 240 886 1816 957">
    <p class='ocr_par' dir='ltr' id='par_1_8' title="bbox 240 886 1816 957">
     <span class='ocr_line' id='line_1_8' title="bbox 240 886 1816 957; baseline -0.001 -15"><span class='ocrx_word' id='word_1_45' title='bbox 240 889 293 942; x_wconf 90' lang='lat' dir='ltr'><strong>in</strong></span> <span class='ocrx_word' id='word_1_46' title='bbox 323 886 606 957; x_wconf 81' lang='lat' dir='ltr'><strong>Exapolim</strong></span> <span class='ocrx_word' id='word_1_47' title='bbox 639 895 693 941; x_wconf 88' lang='lat' dir='ltr'><strong>et</strong></span> <span class='ocrx_word' id='word_1_48' title='bbox 722 886 838 941; x_wconf 75' lang='lat' dir='ltr'><strong>haec</strong></span> <span class='ocrx_word' id='word_1_49' title='bbox 875 886 1059 946; x_wconf 82' lang='lat' dir='ltr'><strong>omnia</strong></span> <span class='ocrx_word' id='word_1_50' title='bbox 1091 886 1314 942; x_wconf 87' lang='lat' dir='ltr'><strong>discens</strong></span> <span class='ocrx_word' id='word_1_51' title='bbox 1343 888 1600 943; x_wconf 89' lang='lat' dir='ltr'><strong>turbatus</strong></span> <span class='ocrx_word' id='word_1_52' title='bbox 1630 897 1736 951; x_wconf 82' lang='lat' dir='ltr'><strong>est,</strong></span> <span class='ocrx_word' id='word_1_53' title='bbox 1761 895 1816 943; x_wconf 90' lang='lat' dir='ltr'><strong>et</strong></span> 
     </span>
    </p>
   </div>
   <div class='ocr_carea' id='block_1_9' title="bbox 240 976 1816 1048">
    <p class='ocr_par' dir='ltr' id='par_1_9' title="bbox 240 976 1816 1048">
     <span class='ocr_line' id='line_1_9' title="bbox 240 976 1816 1048; baseline -0.001 -16"><span class='ocrx_word' id='word_1_54' title='bbox 240 978 391 1033; x_wconf 89' lang='lat' dir='ltr'><strong>tnisit</strong></span> <span class='ocrx_word' id='word_1_55' title='bbox 427 981 497 1031; x_wconf 88' lang='lat' dir='ltr'><strong>ad</strong></span> <span class='ocrx_word' id='word_1_56' title='bbox 551 976 828 1032; x_wconf 77' lang='lat' dir='ltr'><strong>Mauhiam</strong></span> <span class='ocrx_word' id='word_1_57' title='bbox 869 977 1155 1046; x_wconf 77' lang='lat' dir='ltr'><strong>postulans</strong></span> <span class='ocrx_word' id='word_1_58' title='bbox 1187 977 1544 1048; x_wconf 74' lang='lat' dir='ltr'><strong>adiutorium,</strong></span> <span class='ocrx_word' id='word_1_59' title='bbox 1572 992 1636 1032; x_wconf 89' lang='lat' dir='ltr'><strong>eo</strong></span> <span class='ocrx_word' id='word_1_60' title='bbox 1670 977 1816 1047; x_wconf 90' lang='lat' dir='ltr'><strong>quod</strong></span> 
     </span>
    </p>
   </div>
   <div class='ocr_carea' id='block_1_10' title="bbox 239 1068 1816 1125">
    <p class='ocr_par' dir='ltr' id='par_1_10' title="bbox 239 1068 1816 1125">
     <span class='ocr_line' id='line_1_10' title="bbox 239 1068 1816 1125; baseline 0 -2"><span class='ocrx_word' id='word_1_61' title='bbox 239 1068 471 1124; x_wconf 82' lang='lat' dir='ltr'><strong>Romani</strong></span> <span class='ocrx_word' id='word_1_62' title='bbox 509 1069 575 1122; x_wconf 87' lang='lat' dir='ltr'><strong>ad</strong></span> <span class='ocrx_word' id='word_1_63' title='bbox 599 1068 955 1122; x_wconf 89' lang='lat' dir='ltr'><strong>concordiam</strong></span> <span class='ocrx_word' id='word_1_64' title='bbox 993 1071 1407 1125; x_wconf 81' lang='lat' dir='ltr'><strong>convenissent.</strong></span> <span class='ocrx_word' id='word_1_65' title='bbox 1440 1069 1605 1124; x_wconf 77' lang='lat' dir='ltr'><strong>Mittit</strong></span> <span class='ocrx_word' id='word_1_66' title='bbox 1630 1079 1816 1124; x_wconf 89' lang='lat' dir='ltr'><strong>autem</strong></span> 
     </span>
    </p>
   </div>
   <div class='ocr_carea' id='block_1_11' title="bbox 237 1159 1817 1225">
    <p class='ocr_par' dir='ltr' id='par_1_11' title="bbox 237 1159 1817 1225">
     <span class='ocr_line' id='line_1_11' title="bbox 237 1159 1817 1225; baseline -0.001 -11"><span class='ocrx_word' id='word_1_67' title='bbox 237 1161 285 1214; x_wconf 91' lang='lat' dir='ltr'><strong>ei</strong></span> <span class='ocrx_word' id='word_1_68' title='bbox 340 1159 596 1215; x_wconf 76' lang='lat' dir='ltr'><strong>Mauhias</strong></span> <span class='ocrx_word' id='word_1_69' title='bbox 631 1160 805 1215; x_wconf 86' lang='lat' dir='ltr'><strong>filium</strong></span> <span class='ocrx_word' id='word_1_70' title='bbox 849 1175 1010 1215; x_wconf 87' lang='lat' dir='ltr'><strong>suum</strong></span> <span class='ocrx_word' id='word_1_71' title='bbox 1046 1159 1228 1225; x_wconf 85' lang='lat' dir='ltr'><strong>Hirid,</strong></span> <span class='ocrx_word' id='word_1_72' title='bbox 1256 1175 1478 1216; x_wconf 86' lang='lat' dir='ltr'><strong>armans</strong></span> <span class='ocrx_word' id='word_1_73' title='bbox 1516 1177 1642 1216; x_wconf 91' lang='lat' dir='ltr'><strong>eum</strong></span> <span class='ocrx_word' id='word_1_74' title='bbox 1690 1173 1817 1214; x_wconf 89' lang='lat' dir='ltr'><strong>cum</strong></span> 
     </span>
    </p>
   </div>
   <div class='ocr_carea' id='block_1_12' title="bbox 1922 603 3488 677">
    <p class='ocr_par' dir='ltr' id='par_1_12' title="bbox 1922 603 3488 677">
     <span class='ocr_line' id='line_1_12' title="bbox 1922 603 3488 677; baseline -0.002 -11"><span class='ocrx_word' id='word_1_75' title='bbox 1922 607 2148 675; x_wconf 86' lang='lat' dir='ltr'><strong>ferunt,</strong></span> <span class='ocrx_word' id='word_1_76' title='bbox 2201 608 2540 677; x_wconf 84' lang='lat' dir='ltr'><strong>octuaginta.</strong></span> <span class='ocrx_word' id='word_1_77' title='bbox 2611 607 2790 662; x_wconf 88' lang='lat' dir='ltr'><strong>Porro</strong></span> <span class='ocrx_word' id='word_1_78' title='bbox 2857 605 2912 661; x_wconf 84' lang='lat' dir='ltr'><strong>hi</strong></span> <span class='ocrx_word' id='word_1_79' title='bbox 2978 605 3069 676; x_wconf 90' lang='lat' dir='ltr'><strong>qui</strong></span> <span class='ocrx_word' id='word_1_80' title='bbox 3128 603 3488 663; x_wconf 80' lang='lat' dir='ltr'><strong>Orientalium</strong></span> 
     </span>
    </p>
   </div>
   <div class='ocr_carea' id='block_1_13' title="bbox 1920 699 3524 773">
    <p class='ocr_par' dir='ltr' id='par_1_13' title="bbox 1920 699 3524 773">
     <span class='ocr_line' id='line_1_13' title="bbox 1920 699 3524 773; baseline -0.001 -15"><span class='ocrx_word' id='word_1_81' title='bbox 1920 711 2081 758; x_wconf 86' lang='lat' dir='ltr'><strong>erant</strong></span> <span class='ocrx_word' id='word_1_82' title='bbox 2112 701 2545 773; x_wconf 83' lang='lat' dir='ltr'><strong>provinciarum,</strong></span> <span class='ocrx_word' id='word_1_83' title='bbox 2575 699 2958 772; x_wconf 77' lang='lat' dir='ltr'><strong>Chrysopolim</strong></span> <span class='ocrx_word' id='word_1_84' title='bbox 2987 709 3262 756; x_wconf 89' lang='lat' dir='ltr'><strong>venerunt</strong></span> <span class='ocrx_word' id='word_1_85' title='bbox 3301 701 3492 757; x_wconf 84' lang='lat' dir='ltr'><strong>dicen-</strong></span> <span class='ocrx_word' id='word_1_86' title='bbox 3522 717 3524 719; x_wconf 68' lang='lat'><strong><em>’</em></strong></span> 
     </span>
    </p>
   </div>
   <div class='ocr_carea' id='block_1_14' title="bbox 1919 793 3495 856">
    <p class='ocr_par' dir='ltr' id='par_1_14' title="bbox 1919 793 3495 856">
     <span class='ocr_line' id='line_1_14' title="bbox 1919 793 3495 856; baseline -0.001 -6"><span class='ocrx_word' id='word_1_87' title='bbox 1919 802 2003 850; x_wconf 73' lang='lat' dir='ltr'><strong>t‘es</strong></span> <span class='ocrx_word' id='word_1_88' title='bbox 2030 811 2044 848; x_wconf 90' lang='lat'><strong>:</strong></span> <span class='ocrx_word' id='word_1_89' title='bbox 2083 794 2145 850; x_wconf 86' lang='lat' dir='ltr'><strong>Si</strong></span> <span class='ocrx_word' id='word_1_90' title='bbox 2182 795 2236 848; x_wconf 84' lang='lat' dir='ltr'><strong>in</strong></span> <span class='ocrx_word' id='word_1_91' title='bbox 2269 793 2586 847; x_wconf 76' lang='lat' dir='ltr'><strong>Trinitatem</strong></span> <span class='ocrx_word' id='word_1_92' title='bbox 2640 793 2922 856; x_wconf 74' lang='lat' dir='ltr'><strong>credimur,</strong></span> <span class='ocrx_word' id='word_1_93' title='bbox 2957 803 3060 849; x_wconf 76' lang='lat' dir='ltr'><strong>tres</strong></span> <span class='ocrx_word' id='word_1_94' title='bbox 3087 793 3246 848; x_wconf 82' lang='lat' dir='ltr'><strong>etiam</strong></span> <span class='ocrx_word' id='word_1_95' title='bbox 3277 811 3495 850; x_wconf 80' lang='lat' dir='ltr'><strong>corone-</strong></span> 
     </span>
    </p>
   </div>
   <div class='ocr_carea' id='block_1_15' title="bbox 1919 883 3494 955">
    <p class='ocr_par' dir='ltr' id='par_1_15' title="bbox 1919 883 3494 955">
     <span class='ocr_line' id='line_1_15' title="bbox 1919 883 3494 955; baseline 0.002 -16"><span class='ocrx_word' id='word_1_96' title='bbox 1919 901 2058 940; x_wconf 73' lang='lat' dir='ltr'><strong>mur.</strong></span> <span class='ocrx_word' id='word_1_97' title='bbox 2093 884 2365 939; x_wconf 83' lang='lat' dir='ltr'><strong>Turbatus</strong></span> <span class='ocrx_word' id='word_1_98' title='bbox 2387 898 2516 954; x_wconf 87' lang='lat' dir='ltr'><strong>ergo</strong></span> <span class='ocrx_word' id='word_1_99' title='bbox 2554 893 2633 938; x_wconf 85' lang='lat' dir='ltr'><strong>est</strong></span> <span class='ocrx_word' id='word_1_100' title='bbox 2667 883 3065 940; x_wconf 81' lang='lat' dir='ltr'><strong>Cbnstantinus</strong></span> <span class='ocrx_word' id='word_1_101' title='bbox 3085 897 3151 940; x_wconf 92' lang='lat' dir='ltr'><strong>eo</strong></span> <span class='ocrx_word' id='word_1_102' title='bbox 3177 885 3327 954; x_wconf 87' lang='lat' dir='ltr'><strong>quod</strong></span> <span class='ocrx_word' id='word_1_103' title='bbox 3377 886 3494 955; x_wconf 86' lang='lat' dir='ltr'><strong>ipse</strong></span> 
     </span>
    </p>
   </div>
   <div class='ocr_carea' id='block_1_16' title="bbox 1920 975 3492 1046">
    <p class='ocr_par' dir='ltr' id='par_1_16' title="bbox 1920 975 3492 1046">
     <span class='ocr_line' id='line_1_16' title="bbox 1920 975 3492 1046; baseline 0.001 -15"><span class='ocrx_word' id='word_1_104' title='bbox 1920 978 2073 1031; x_wconf 89' lang='lat' dir='ltr'><strong>solus</strong></span> <span class='ocrx_word' id='word_1_105' title='bbox 2109 976 2398 1031; x_wconf 87' lang='lat' dir='ltr'><strong>redimitus</strong></span> <span class='ocrx_word' id='word_1_106' title='bbox 2429 975 2840 1042; x_wconf 84' lang='lat' dir='ltr'><strong>esset;-fratres</strong></span> <span class='ocrx_word' id='word_1_107' title='bbox 2889 988 3070 1031; x_wconf 88' lang='lat' dir='ltr'><strong>autem</strong></span> <span class='ocrx_word' id='word_1_108' title='bbox 3116 975 3236 1046; x_wconf 88' lang='lat' dir='ltr'><strong>ejus</strong></span> <span class='ocrx_word' id='word_1_109' title='bbox 3290 978 3492 1034; x_wconf 88' lang='lat' dir='ltr'><strong>nullam</strong></span> 
     </span>
    </p>
   </div>
   <div class='ocr_carea' id='block_1_17' title="bbox 1919 1066 3495 1142">
    <p class='ocr_par' dir='ltr' id='par_1_17' title="bbox 1919 1066 3495 1142">
     <span class='ocr_line' id='line_1_17' title="bbox 1919 1066 3495 1142; baseline 0 -20"><span class='ocrx_word' id='word_1_110' title='bbox 1919 1067 2244 1137; x_wconf 79' lang='lat' dir='ltr'><strong>dignitatem</strong></span> <span class='ocrx_word' id='word_1_111' title='bbox 2294 1067 2588 1121; x_wconf 74' lang='lat' dir='ltr'><strong>habebant.</strong></span> <span class='ocrx_word' id='word_1_112' title='bbox 2627 1066 2690 1120; x_wconf 80' lang='lat' dir='ltr'><strong>Et</strong></span> <span class='ocrx_word' id='word_1_113' title='bbox 2736 1067 2904 1122; x_wconf 86' lang='lat' dir='ltr'><strong>misso</strong></span> <span class='ocrx_word' id='word_1_114' title='bbox 2934 1066 3225 1123; x_wconf 86' lang='lat' dir='ltr'><strong>Theodoro</strong></span> <span class='ocrx_word' id='word_1_115' title='bbox 3263 1070 3495 1142; x_wconf 88' lang='lat' dir='ltr'><strong>patricio</strong></span> 
     </span>
    </p>
   </div>
   <div class='ocr_carea' id='block_1_18' title="bbox 1918 1159 3496 1230">
    <p class='ocr_par' dir='ltr' id='par_1_18' title="bbox 1918 1159 3496 1230">
     <span class='ocr_line' id='line_1_18' title="bbox 1918 1159 3496 1230; baseline 0.001 -15"><span class='ocrx_word' id='word_1_116' title='bbox 1918 1160 2162 1215; x_wconf 62' lang='lat' dir='ltr'><strong>Colonia:</strong></span> <span class='ocrx_word' id='word_1_117' title='bbox 2219 1160 2502 1230; x_wconf 74' lang='lat' dir='ltr'><strong>mitigavit&#39;</strong></span> <span class='ocrx_word' id='word_1_118' title='bbox 2536 1174 2656 1224; x_wconf 82' lang='lat' dir='ltr'><strong>eos,</strong></span> <span class='ocrx_word' id='word_1_119' title='bbox 2706 1159 3104 1230; x_wconf 89' lang='lat' dir='ltr'><strong>superlaudans</strong></span> <span class='ocrx_word' id='word_1_120' title='bbox 3139 1162 3280 1226; x_wconf 88' lang='lat' dir='ltr'><strong>illos,</strong></span> <span class='ocrx_word' id='word_1_121' title='bbox 3325 1171 3378 1217; x_wconf 83' lang='lat' dir='ltr'><strong>et</strong></span> <span class='ocrx_word' id='word_1_122' title='bbox 3407 1177 3496 1218; x_wconf 89' lang='lat' dir='ltr'><strong>as-</strong></span> 
     </span>
    </p>
   </div>
   <div class='ocr_carea' id='block_1_19' title="bbox 239 1249 3496 1322">
    <p class='ocr_par' dir='ltr' id='par_1_19' title="bbox 239 1249 3496 1322">
     <span class='ocr_line' id='line_1_19' title="bbox 239 1249 3496 1322; baseline 0 -18"><span class='ocrx_word' id='word_1_123' title='bbox 239 1249 595 1306; x_wconf 88' lang='lat' dir='ltr'><strong>multitudine</strong></span> <span class='ocrx_word' id='word_1_124' title='bbox 624 1250 1023 1306; x_wconf 77' lang='lat' dir='ltr'><strong>Romanorum.</strong></span> <span class='ocrx_word' id='word_1_125' title='bbox 1053 1252 1444 1309; x_wconf 79' lang='lat' dir='ltr'><strong>Convenerunt</strong></span> <span class='ocrx_word' id='word_1_126' title='bbox 1474 1261 1657 1306; x_wconf 85' lang='lat' dir='ltr'><strong>autem</strong></span> <span class='ocrx_word' id='word_1_127' title='bbox 1681 1253 1820 1306; x_wconf 88' lang='lat' dir='ltr'><strong>utri-</strong></span> <span class='ocrx_word' id='word_1_128' title='bbox 1915 1251 2148 1321; x_wconf 78' lang='lat' dir='ltr'><strong>sumptis</strong></span> <span class='ocrx_word' id='word_1_129' title='bbox 2195 1251 2372 1307; x_wconf 82' lang='lat' dir='ltr'><strong>exeis</strong></span> <span class='ocrx_word' id='word_1_130' title='bbox 2396 1249 2698 1320; x_wconf 84' lang='lat' dir='ltr'><strong>majoribus</strong></span> <span class='ocrx_word' id='word_1_131' title='bbox 2735 1261 2885 1314; x_wconf 90' lang='lat' dir='ltr'><strong>natu,</strong></span> <span class='ocrx_word' id='word_1_132' title='bbox 2925 1256 2986 1304; x_wconf 90' lang='lat' dir='ltr'><strong>ut</strong></span> <span class='ocrx_word' id='word_1_133' title='bbox 3018 1251 3205 1306; x_wconf 87' lang='lat' dir='ltr'><strong>urbem</strong></span> <span class='ocrx_word' id='word_1_134' title='bbox 3245 1251 3496 1322; x_wconf 61' lang='lat' dir='ltr'><strong>ingredeo</strong></span> 
     </span>
    </p>
   </div>
   <div class='ocr_carea' id='block_1_20' title="bbox 237 1342 1819 1414">
    <p class='ocr_par' dir='ltr' id='par_1_20' title="bbox 237 1342 1819 1414">
     <span class='ocr_line' id='line_1_20' title="bbox 237 1342 1819 1414; baseline 0 -15"><span class='ocrx_word' id='word_1_135' title='bbox 237 1359 348 1414; x_wconf 90' lang='lat' dir='ltr'><strong>que</strong></span> <span class='ocrx_word' id='word_1_136' title='bbox 370 1343 513 1414; x_wconf 88' lang='lat' dir='ltr'><strong>apud</strong></span> <span class='ocrx_word' id='word_1_137' title='bbox 551 1342 986 1409; x_wconf 75' lang='lat' dir='ltr'><strong>Chalcedonem,</strong></span> <span class='ocrx_word' id='word_1_138' title='bbox 1006 1352 1060 1398; x_wconf 89' lang='lat' dir='ltr'><strong>et</strong></span> <span class='ocrx_word' id='word_1_139' title='bbox 1097 1343 1649 1414; x_wconf 74' lang='lat' dir='ltr'><strong>captivos-duxerunt</strong></span> <span class='ocrx_word' id='word_1_140' title='bbox 1681 1345 1819 1399; x_wconf 91' lang='lat' dir='ltr'><strong>mul-</strong></span> 
     </span>
    </p>
   </div>
   <div class='ocr_carea' id='block_1_21' title="bbox 241 1435 1820 1508">
    <p class='ocr_par' dir='ltr' id='par_1_21' title="bbox 241 1435 1820 1508">
     <span class='ocr_line' id='line_1_21' title="bbox 241 1435 1820 1508; baseline 0.002 -18"><span class='ocrx_word' id='word_1_141' title='bbox 241 1446 327 1492; x_wconf 88' lang='lat' dir='ltr'><strong>tos</strong></span> <span class='ocrx_word' id='word_1_142' title='bbox 387 1453 405 1491; x_wconf 82' lang='lat'><strong>:</strong></span> <span class='ocrx_word' id='word_1_143' title='bbox 453 1444 722 1505; x_wconf 87' lang='lat' dir='ltr'><strong>ceperunt</strong></span> <span class='ocrx_word' id='word_1_144' title='bbox 770 1446 968 1490; x_wconf 82' lang='lat' dir='ltr'><strong>autem</strong></span> <span class='ocrx_word' id='word_1_145' title='bbox 1014 1445 1069 1491; x_wconf 88' lang='lat' dir='ltr'><strong>et</strong></span> <span class='ocrx_word' id='word_1_146' title='bbox 1105 1437 1393 1490; x_wconf 82' lang='lat' dir='ltr'><strong>Amorium</strong></span> <span class='ocrx_word' id='word_1_147' title='bbox 1447 1435 1716 1508; x_wconf 64' lang='lat' dir='ltr'><strong>Phrygia,</strong></span> <span class='ocrx_word' id='word_1_148' title='bbox 1764 1448 1820 1493; x_wconf 88' lang='lat' dir='ltr'><strong>et</strong></span> 
     </span>
    </p>
   </div>
   <div class='ocr_carea' id='block_1_22' title="bbox 237 1528 1814 1608">
    <p class='ocr_par' dir='ltr' id='par_1_22' title="bbox 237 1528 1814 1608">
     <span class='ocr_line' id='line_1_22' title="bbox 237 1528 1814 1608; baseline 0.003 -26"><span class='ocrx_word' id='word_1_149' title='bbox 237 1529 488 1608; x_wconf 74' lang='lat' dir='ltr'><strong>quinque</strong></span> <span class='ocrx_word' id='word_1_150' title='bbox 521 1528 772 1582; x_wconf 83' lang='lat' dir='ltr'><strong>millibus</strong></span> <span class='ocrx_word' id='word_1_151' title='bbox 805 1537 1144 1582; x_wconf 87' lang='lat' dir='ltr'><strong>armatorum</strong></span> <span class='ocrx_word' id='word_1_152' title='bbox 1181 1529 1426 1584; x_wconf 89' lang='lat' dir='ltr'><strong>virorum</strong></span> <span class='ocrx_word' id='word_1_153' title='bbox 1455 1529 1702 1586; x_wconf 88' lang='lat' dir='ltr'><strong>dimissis</strong></span> <span class='ocrx_word' id='word_1_154' title='bbox 1758 1530 1814 1586; x_wconf 90' lang='lat' dir='ltr'><strong>in</strong></span> 
     </span>
    </p>
   </div>
   <div class='ocr_carea' id='block_1_23' title="bbox 1921 1340 3498 1408">
    <p class='ocr_par' dir='ltr' id='par_1_23' title="bbox 1921 1340 3498 1408">
     <span class='ocr_line' id='line_1_23' title="bbox 1921 1340 3498 1408; baseline 0.003 -14"><span class='ocrx_word' id='word_1_155' title='bbox 1921 1348 2117 1397; x_wconf 89' lang='lat' dir='ltr'><strong>rentur</strong></span> <span class='ocrx_word' id='word_1_156' title='bbox 2142 1348 2197 1397; x_wconf 87' lang='lat' dir='ltr'><strong>et</strong></span> <span class='ocrx_word' id='word_1_157' title='bbox 2238 1357 2360 1397; x_wconf 91' lang='lat' dir='ltr'><strong>cum</strong></span> <span class='ocrx_word' id='word_1_158' title='bbox 2403 1349 2600 1396; x_wconf 83' lang='lat' dir='ltr'><strong>senatu</strong></span> <span class='ocrx_word' id='word_1_159' title='bbox 2653 1340 2853 1396; x_wconf 84' lang='lat' dir='ltr'><strong>inirent</strong></span> <span class='ocrx_word' id='word_1_160' title='bbox 2893 1341 3213 1408; x_wconf 88' lang='lat' dir='ltr'><strong>consilium,</strong></span> <span class='ocrx_word' id='word_1_161' title='bbox 3254 1351 3313 1397; x_wconf 90' lang='lat' dir='ltr'><strong>ut</strong></span> <span class='ocrx_word' id='word_1_162' title='bbox 3344 1342 3498 1398; x_wconf 86' lang='lat' dir='ltr'><strong>fieret</strong></span> 
     </span>
    </p>
   </div>
   <div class='ocr_carea' id='block_1_24' title="bbox 1921 1432 3498 1504">
    <p class='ocr_par' dir='ltr' id='par_1_24' title="bbox 1921 1432 3498 1504">
     <span class='ocr_line' id='line_1_24' title="bbox 1921 1432 3498 1504; baseline 0.003 -19"><span class='ocrx_word' id='word_1_163' title='bbox 1921 1433 2181 1488; x_wconf 83' lang='lat' dir='ltr'><strong>voluntas</strong></span> <span class='ocrx_word' id='word_1_164' title='bbox 2231 1449 2448 1489; x_wconf 90' lang='lat' dir='ltr'><strong>eorum.</strong></span> <span class='ocrx_word' id='word_1_165' title='bbox 2505 1432 2807 1502; x_wconf 85' lang='lat' dir='ltr'><strong>Imperator</strong></span> <span class='ocrx_word' id='word_1_166' title='bbox 2851 1434 3033 1488; x_wconf 90' lang='lat' dir='ltr'><strong>taliter</strong></span> <span class='ocrx_word' id='word_1_167' title='bbox 3083 1432 3182 1489; x_wconf 89' lang='lat' dir='ltr'><strong>hos</strong></span> <span class='ocrx_word' id='word_1_168' title='bbox 3237 1433 3498 1504; x_wconf 84' lang='lat' dir='ltr'><strong>deceptos</strong></span> 
     </span>
    </p>
   </div>
   <div class='ocr_carea' id='block_1_25' title="bbox 1919 1521 3496 1594">
    <p class='ocr_par' dir='ltr' id='par_1_25' title="bbox 1919 1521 3496 1594">
     <span class='ocr_line' id='line_1_25' title="bbox 1919 1521 3496 1594; baseline 0 -17"><span class='ocrx_word' id='word_1_169' title='bbox 1919 1521 2213 1579; x_wconf 77' lang='lat' dir='ltr'><strong>confestim</strong></span> <span class='ocrx_word' id='word_1_170' title='bbox 2263 1523 2317 1578; x_wconf 91' lang='lat' dir='ltr'><strong>in</strong></span> <span class='ocrx_word' id='word_1_171' title='bbox 2359 1523 2605 1594; x_wconf 87' lang='lat' dir='ltr'><strong>patibulo</strong></span> <span class='ocrx_word' id='word_1_172' title='bbox 2660 1523 2968 1594; x_wconf 85' lang='lat' dir='ltr'><strong>suspendit,</strong></span> <span class='ocrx_word' id='word_1_173' title='bbox 3018 1532 3174 1579; x_wconf 88' lang='lat' dir='ltr'><strong>trans</strong></span> <span class='ocrx_word' id='word_1_174' title='bbox 3208 1522 3407 1580; x_wconf 89' lang='lat' dir='ltr'><strong>fretum</strong></span> <span class='ocrx_word' id='word_1_175' title='bbox 3440 1523 3496 1578; x_wconf 89' lang='lat' dir='ltr'><strong>in</strong></span> 
     </span>
    </p>
   </div>
   <div class='ocr_carea' id='block_1_26' title="bbox 242 1613 3500 1690">
    <p class='ocr_par' dir='ltr' id='par_1_26' title="bbox 242 1613 3500 1690">
     <span class='ocr_line' id='line_1_26' title="bbox 242 1613 3500 1690; baseline -0.001 -16"><span class='ocrx_word' id='word_1_176' title='bbox 242 1620 556 1675; x_wconf 81' lang='lat' dir='ltr'><strong>custodiam</strong></span> <span class='ocrx_word' id='word_1_177' title='bbox 588 1619 721 1689; x_wconf 81' lang='lat' dir='ltr'><strong>ejus</strong></span> <span class='ocrx_word' id='word_1_178' title='bbox 740 1615 1094 1676; x_wconf 77' lang='lat' dir='ltr'><strong>diverternnt</strong></span> <span class='ocrx_word' id='word_1_179' title='bbox 1119 1620 1172 1674; x_wconf 89' lang='lat' dir='ltr'><strong>in</strong></span> <span class='ocrx_word' id='word_1_180' title='bbox 1208 1619 1445 1690; x_wconf 83' lang='lat' dir='ltr'><strong>Syriam.</strong></span> <span class='ocrx_word' id='word_1_181' title='bbox 1472 1619 1608 1675; x_wconf 92' lang='lat' dir='ltr'><strong>Cum</strong></span> <span class='ocrx_word' id='word_1_182' title='bbox 1637 1629 1815 1677; x_wconf 89' lang='lat' dir='ltr'><strong>autem</strong></span> <span class='ocrx_word' id='word_1_183' title='bbox 1923 1613 2121 1686; x_wconf 84' lang='lat' dir='ltr'><strong>Sycea.</strong></span> <span class='ocrx_word' id='word_1_184' title='bbox 2173 1615 2243 1668; x_wconf 81' lang='lat' dir='ltr'><strong>At</strong></span> <span class='ocrx_word' id='word_1_185' title='bbox 2297 1614 2372 1669; x_wconf 88' lang='lat' dir='ltr'><strong>illi</strong></span> <span class='ocrx_word' id='word_1_186' title='bbox 2425 1615 2532 1671; x_wconf 86' lang='lat' dir='ltr'><strong>hoc</strong></span> <span class='ocrx_word' id='word_1_187' title='bbox 2562 1615 2679 1670; x_wconf 88' lang='lat' dir='ltr'><strong>viso</strong></span> <span class='ocrx_word' id='word_1_188' title='bbox 2710 1615 2924 1669; x_wconf 82' lang='lat' dir='ltr'><strong>confusi</strong></span> <span class='ocrx_word' id='word_1_189' title='bbox 2953 1615 3207 1671; x_wconf 88' lang='lat' dir='ltr'><strong>abierunt</strong></span> <span class='ocrx_word' id='word_1_190' title='bbox 3247 1615 3500 1671; x_wconf 87' lang='lat' dir='ltr'><strong>dolenter</strong></span> 
     </span>
    </p>
   </div>
   <div class='ocr_carea' id='block_1_27' title="bbox 240 1707 3503 1782">
    <p class='ocr_par' dir='ltr' id='par_1_27' title="bbox 240 1707 3503 1782">
     <span class='ocr_line' id='line_1_27' title="bbox 240 1707 3503 1782; baseline 0 -16"><span class='ocrx_word' id='word_1_191' title='bbox 240 1711 421 1766; x_wconf 82' lang='lat' dir='ltr'><strong>hiems</strong></span> <span class='ocrx_word' id='word_1_192' title='bbox 459 1712 806 1777; x_wconf 84' lang='lat' dir='ltr'><strong>accessisset,</strong></span> <span class='ocrx_word' id='word_1_193' title='bbox 847 1713 1013 1767; x_wconf 83' lang='lat' dir='ltr'><strong>mittit</strong></span> <span class='ocrx_word' id='word_1_194' title='bbox 1067 1712 1368 1782; x_wconf 83' lang='lat' dir='ltr'><strong>imperator</strong></span> <span class='ocrx_word' id='word_1_195' title='bbox 1409 1713 1662 1769; x_wconf 87' lang='lat' dir='ltr'><strong>eumdem</strong></span> <span class='ocrx_word' id='word_1_196' title='bbox 1703 1716 1816 1768; x_wconf 84' lang='lat' dir='ltr'><strong>An-</strong></span> <span class='ocrx_word' id='word_1_197' title='bbox 1925 1707 1992 1762; x_wconf 78' lang='lat' dir='ltr'><strong>ad</strong></span> <span class='ocrx_word' id='word_1_198' title='bbox 2023 1707 2292 1780; x_wconf 85' lang='lat' dir='ltr'><strong>propria:</strong></span> <span class='ocrx_word' id='word_1_199' title='bbox 2326 1709 2629 1780; x_wconf 86' lang='lat' dir='ltr'><strong>imperator</strong></span> <span class='ocrx_word' id='word_1_200' title='bbox 2660 1721 2842 1764; x_wconf 87' lang='lat' dir='ltr'><strong>autem</strong></span> <span class='ocrx_word' id='word_1_201' title='bbox 2869 1708 3099 1764; x_wconf 79' lang='lat' dir='ltr'><strong>fratrum</strong></span> <span class='ocrx_word' id='word_1_202' title='bbox 3123 1725 3348 1766; x_wconf 90' lang='lat' dir='ltr'><strong>suorum</strong></span> <span class='ocrx_word' id='word_1_203' title='bbox 3377 1725 3503 1768; x_wconf 88' lang='lat' dir='ltr'><strong>con-</strong></span> 
     </span>
    </p>
   </div>
   <div class='ocr_carea' id='block_1_28' title="bbox 237 1799 2576 1874">
    <p class='ocr_par' dir='ltr' id='par_1_28' title="bbox 237 1799 2576 1874">
     <span class='ocr_line' id='line_1_28' title="bbox 237 1799 2576 1874; baseline 0 -15"><span class='ocrx_word' id='word_1_204' title='bbox 237 1804 436 1860; x_wconf 89' lang='lat' dir='ltr'><strong>dream</strong></span> <span class='ocrx_word' id='word_1_205' title='bbox 479 1804 927 1872; x_wconf 86' lang='lat' dir='ltr'><strong>cubicularium;</strong></span> <span class='ocrx_word' id='word_1_206' title='bbox 985 1813 1040 1860; x_wconf 89' lang='lat' dir='ltr'><strong>et</strong></span> <span class='ocrx_word' id='word_1_207' title='bbox 1098 1821 1223 1860; x_wconf 91' lang='lat' dir='ltr'><strong>cum</strong></span> <span class='ocrx_word' id='word_1_208' title='bbox 1276 1808 1371 1860; x_wconf 86' lang='lat' dir='ltr'><strong>nix</strong></span> <span class='ocrx_word' id='word_1_209' title='bbox 1422 1808 1570 1863; x_wconf 85' lang='lat' dir='ltr'><strong>esset</strong></span> <span class='ocrx_word' id='word_1_210' title='bbox 1622 1809 1814 1874; x_wconf 89' lang='lat' dir='ltr'><strong>multa,</strong></span> <span class='ocrx_word' id='word_1_211' title='bbox 1853 1866 1891 1874; x_wconf 82' lang='lat'><strong><em>_</em></strong></span> <span class='ocrx_word' id='word_1_212' title='bbox 1919 1799 2073 1855; x_wconf 78' lang='lat' dir='ltr'><strong>tinuo</strong></span> <span class='ocrx_word' id='word_1_213' title='bbox 2112 1816 2280 1857; x_wconf 81' lang='lat' dir='ltr'><strong>nasos</strong></span> <span class='ocrx_word' id='word_1_214' title='bbox 2319 1801 2576 1857; x_wconf 79' lang='lat' dir='ltr'><strong>abscidit.</strong></span> 
     </span>
    </p>
   </div>
   <div class='ocr_carea' id='block_1_29' title="bbox 239 1866 3520 1970">
    <p class='ocr_par' dir='ltr' id='par_1_29' title="bbox 239 1866 3520 1970">
     <span class='ocr_line' id='line_1_29' title="bbox 239 1866 3520 1970; baseline -0.002 -15"><span class='ocrx_word' id='word_1_215' title='bbox 239 1900 617 1963; x_wconf 69' lang='lat' dir='ltr'><strong>noctu.venit,</strong></span> <span class='ocrx_word' id='word_1_216' title='bbox 649 1907 712 1954; x_wconf 66' lang='lat' dir='ltr'><strong>et,</strong></span> <span class='ocrx_word' id='word_1_217' title='bbox 737 1915 834 1970; x_wconf 89' lang='lat' dir='ltr'><strong>per</strong></span> <span class='ocrx_word' id='word_1_218' title='bbox 869 1899 1076 1970; x_wconf 80' lang='lat' dir='ltr'><strong>lignum</strong></span> <span class='ocrx_word' id='word_1_219' title='bbox 1126 1900 1431 1956; x_wconf 89' lang='lat' dir='ltr'><strong>ascendunt</strong></span> <span class='ocrx_word' id='word_1_220' title='bbox 1477 1902 1532 1957; x_wconf 93' lang='lat' dir='ltr'><strong>in</strong></span> <span class='ocrx_word' id='word_1_221' title='bbox 1577 1919 1818 1968; x_wconf 89' lang='lat' dir='ltr'><strong>murum,</strong></span> <span class='ocrx_word' id='word_1_222' title='bbox 1853 1866 1896 1921; x_wconf 73' lang='grc' dir='ltr'><strong>Β</strong></span> <span class='ocrx_word' id='word_1_223' title='bbox 2004 1894 2166 1950; x_wconf 80' lang='lat' dir='ltr'><strong>Anno</strong></span> <span class='ocrx_word' id='word_1_224' title='bbox 2223 1896 2436 1965; x_wconf 89' lang='lat' dir='ltr'><strong>imperii</strong></span> <span class='ocrx_word' id='word_1_225' title='bbox 2484 1895 2828 1951; x_wconf 84' lang='lat' dir='ltr'><strong>Constantini</strong></span> <span class='ocrx_word' id='word_1_226' title='bbox 2890 1894 3131 1952; x_wconf 76' lang='lat' dir='ltr'><strong>secundo</strong></span> <span class='ocrx_word' id='word_1_227' title='bbox 3199 1904 3520 1965; x_wconf 83' lang='lat' dir='ltr'><strong>tempestas.</strong></span> 
     </span>
    </p>
   </div>
   <div class='ocr_carea' id='block_1_30' title="bbox 240 1985 1850 2062">
    <p class='ocr_par' dir='ltr' id='par_1_30' title="bbox 240 1990 1822 2062">
     <span class='ocr_line' id='line_1_30' title="bbox 240 1990 1822 2062; baseline 0.004 -18"><span class='ocrx_word' id='word_1_228' title='bbox 240 2001 306 2047; x_wconf 64' lang='lat' dir='ltr'><strong>et</strong></span> <span class='ocrx_word' id='word_1_229' title='bbox 335 1990 728 2062; x_wconf 82' lang='lat' dir='ltr'><strong>ingrediuntur</strong></span> <span class='ocrx_word' id='word_1_230' title='bbox 773 1991 1056 2046; x_wconf 89' lang='lat' dir='ltr'><strong>Amorium</strong></span> <span class='ocrx_word' id='word_1_231' title='bbox 1088 2031 1105 2057; x_wconf 94' lang='lat'><strong>,</strong></span> <span class='ocrx_word' id='word_1_232' title='bbox 1156 2001 1210 2048; x_wconf 86' lang='lat' dir='ltr'><strong>et</strong></span> <span class='ocrx_word' id='word_1_233' title='bbox 1260 2009 1456 2050; x_wconf 87' lang='lat' dir='ltr'><strong>omnes</strong></span> <span class='ocrx_word' id='word_1_234' title='bbox 1488 1995 1822 2051; x_wconf 77' lang='lat' dir='ltr'><strong>interﬁciunt</strong></span> 
     </span>
    </p>
   </div>
   <div class='ocr_carea' id='block_1_31' title="bbox 1935 1985 3500 2062">
    <p class='ocr_par' dir='ltr' id='par_1_31' title="bbox 1935 1985 3500 2059">
     <span class='ocr_line' id='line_1_31' title="bbox 1935 1985 3500 2059; baseline 0.001 -19"><span class='ocrx_word' id='word_1_235' title='bbox 1935 2001 2121 2059; x_wconf 87' lang='lat' dir='ltr'><strong>magna</strong></span> <span class='ocrx_word' id='word_1_236' title='bbox 2149 1985 2344 2043; x_wconf 79' lang='lat' dir='ltr'><strong>eﬂ&#39;ecta</strong></span> <span class='ocrx_word' id='word_1_237' title='bbox 2366 1996 2472 2054; x_wconf 88' lang='lat' dir='ltr'><strong>est,</strong></span> <span class='ocrx_word' id='word_1_238' title='bbox 2507 1998 2563 2041; x_wconf 88' lang='lat' dir='ltr'><strong>et</strong></span> <span class='ocrx_word' id='word_1_239' title='bbox 2600 1987 2757 2042; x_wconf 90' lang='lat' dir='ltr'><strong>multi</strong></span> <span class='ocrx_word' id='word_1_240' title='bbox 2786 1986 3075 2057; x_wconf 87' lang='lat' dir='ltr'><strong>periclitati</strong></span> <span class='ocrx_word' id='word_1_241' title='bbox 3108 1995 3238 2042; x_wconf 82' lang='lat' dir='ltr'><strong>sunt</strong></span> <span class='ocrx_word' id='word_1_242' title='bbox 3263 1997 3371 2041; x_wconf 88' lang='lat' dir='ltr'><strong>tam</strong></span> <span class='ocrx_word' id='word_1_243' title='bbox 3399 1987 3500 2041; x_wconf 88' lang='lat' dir='ltr'><strong>ho-</strong></span> 
     </span>
    </p>
   </div>
   <div class='ocr_carea' id='block_1_32' title="bbox 243 2077 3505 2159">
    <p class='ocr_par' dir='ltr' id='par_1_32' title="bbox 243 2077 3505 2159">
     <span class='ocr_line' id='line_1_32' title="bbox 243 2077 3505 2159; baseline -0.001 -25"><span class='ocrx_word' id='word_1_244' title='bbox 243 2082 480 2149; x_wconf 81' lang='lat' dir='ltr'><strong>Arabes,</strong></span> <span class='ocrx_word' id='word_1_245' title='bbox 516 2083 604 2138; x_wconf 87' lang='lat' dir='ltr'><strong>ita.</strong></span> <span class='ocrx_word' id='word_1_246' title='bbox 638 2092 700 2136; x_wconf 88' lang='lat' dir='ltr'><strong>ut</strong></span> <span class='ocrx_word' id='word_1_247' title='bbox 726 2099 793 2136; x_wconf 76' lang='lat' dir='ltr'><strong>ex</strong></span> <span class='ocrx_word' id='word_1_248' title='bbox 821 2083 1066 2159; x_wconf 82' lang='lat' dir='ltr'><strong>quinque</strong></span> <span class='ocrx_word' id='word_1_249' title='bbox 1097 2083 1338 2140; x_wconf 88' lang='lat' dir='ltr'><strong>millibus</strong></span> <span class='ocrx_word' id='word_1_250' title='bbox 1373 2085 1486 2142; x_wconf 91' lang='lat' dir='ltr'><strong>illic</strong></span> <span class='ocrx_word' id='word_1_251' title='bbox 1511 2087 1699 2142; x_wconf 89' lang='lat' dir='ltr'><strong>nullus</strong></span> <span class='ocrx_word' id='word_1_252' title='bbox 1729 2103 1826 2158; x_wconf 90' lang='lat' dir='ltr'><strong>pe-</strong></span> <span class='ocrx_word' id='word_1_253' title='bbox 1924 2079 2101 2134; x_wconf 83' lang='lat' dir='ltr'><strong>mines</strong></span> <span class='ocrx_word' id='word_1_254' title='bbox 2138 2094 2300 2150; x_wconf 88' lang='lat' dir='ltr'><strong>quam</strong></span> <span class='ocrx_word' id='word_1_255' title='bbox 2338 2079 2542 2135; x_wconf 70' lang='lat' dir='ltr'><strong>bestiae.</strong></span> <span class='ocrx_word' id='word_1_256' title='bbox 2575 2077 2844 2136; x_wconf 80' lang='lat' dir='ltr'><strong>Pliadalas</strong></span> <span class='ocrx_word' id='word_1_257' title='bbox 2869 2088 3050 2135; x_wconf 88' lang='lat' dir='ltr'><strong>autem</strong></span> <span class='ocrx_word' id='word_1_258' title='bbox 3091 2079 3324 2135; x_wconf 89' lang='lat' dir='ltr'><strong>hiemem</strong></span> <span class='ocrx_word' id='word_1_259' title='bbox 3355 2079 3505 2150; x_wconf 77' lang='lat' dir='ltr'><strong>apud</strong></span> 
     </span>
    </p>
   </div>
   <div class='ocr_carea' id='block_1_33' title="bbox 246 2173 766 2231">
    <p class='ocr_par' dir='ltr' id='par_1_33' title="bbox 246 2173 766 2231">
     <span class='ocr_line' id='line_1_33' title="bbox 246 2173 766 2231; baseline 0.006 -3"><span class='ocrx_word' id='word_1_260' title='bbox 246 2173 404 2228; x_wconf 86' lang='lat' dir='ltr'><strong>nitus</strong></span> <span class='ocrx_word' id='word_1_261' title='bbox 430 2183 766 2231; x_wconf 74' lang='lat' dir='ltr'><strong>remaneret.</strong></span> 
     </span>
    </p>
   </div>
   <div class='ocr_carea' id='block_1_34' title="bbox 321 2265 1829 2332">
    <p class='ocr_par' dir='ltr' id='par_1_34' title="bbox 321 2265 1829 2332">
     <span class='ocr_line' id='line_1_34' title="bbox 321 2265 1829 2332; baseline 0.007 -12"><span class='ocrx_word' id='word_1_262' title='bbox 321 2265 510 2321; x_wconf 68' lang='lat' dir='ltr'><strong>Mundi</strong></span> <span class='ocrx_word' id='word_1_263' title='bbox 551 2282 698 2327; x_wconf 82' lang='lat' dir='ltr'><strong>anno</strong></span> <span class='ocrx_word' id='word_1_264' title='bbox 759 2268 924 2332; x_wconf 80' lang='lat'><strong>6160,</strong></span> <span class='ocrx_word' id='word_1_265' title='bbox 974 2270 1178 2325; x_wconf 65' lang='lat' dir='ltr'><strong>divina:</strong></span> <span class='ocrx_word' id='word_1_266' title='bbox 1229 2271 1630 2329; x_wconf 83' lang='lat' dir='ltr'><strong>incarnationis</strong></span> <span class='ocrx_word' id='word_1_267' title='bbox 1679 2291 1829 2330; x_wconf 91' lang='lat' dir='ltr'><strong>anno</strong></span> 
     </span>
    </p>
   </div>
   <div class='ocr_carea' id='block_1_35' title="bbox 243 2357 1841 2432">
    <p class='ocr_par' dir='ltr' id='par_1_35' title="bbox 243 2357 1841 2432">
     <span class='ocr_line' id='line_1_35' title="bbox 243 2357 1841 2432; baseline 0.004 -18"><span class='ocrx_word' id='word_1_268' title='bbox 243 2357 374 2425; x_wconf 74' lang='lat'><strong>660,</strong></span> <span class='ocrx_word' id='word_1_269' title='bbox 402 2373 547 2413; x_wconf 86' lang='lat' dir='ltr'><strong>anno</strong></span> <span class='ocrx_word' id='word_1_270' title='bbox 569 2375 697 2415; x_wconf 77' lang='lat' dir='ltr'><strong>vero</strong></span> <span class='ocrx_word' id='word_1_271' title='bbox 721 2363 932 2432; x_wconf 84' lang='lat' dir='ltr'><strong>imperii</strong></span> <span class='ocrx_word' id='word_1_272' title='bbox 957 2363 1153 2426; x_wconf 74' lang='lat' dir='ltr'><strong>sui27,</strong></span> <span class='ocrx_word' id='word_1_273' title='bbox 1184 2361 1460 2420; x_wconf 69' lang='lat' dir='ltr'><strong>Constans</strong></span> <span class='ocrx_word' id='word_1_274' title='bbox 1489 2367 1706 2422; x_wconf 89' lang='lat' dir='ltr'><strong>occisus</strong></span> <span class='ocrx_word' id='word_1_275' title='bbox 1740 2363 1841 2423; x_wconf 82' lang='lat' dir='ltr'><strong>est</strong></span> 
     </span>
    </p>
   </div>
   <div class='ocr_carea' id='block_1_36' title="bbox 243 2453 1827 2525">
    <p class='ocr_par' dir='ltr' id='par_1_36' title="bbox 243 2453 1827 2525">
     <span class='ocr_line' id='line_1_36' title="bbox 243 2453 1827 2525; baseline 0.003 -16"><span class='ocrx_word' id='word_1_276' title='bbox 243 2453 379 2510; x_wconf 88' lang='lat' dir='ltr'><strong>dolo</strong></span> <span class='ocrx_word' id='word_1_277' title='bbox 405 2454 459 2509; x_wconf 93' lang='lat' dir='ltr'><strong>in</strong></span> <span class='ocrx_word' id='word_1_278' title='bbox 495 2453 687 2509; x_wconf 89' lang='lat' dir='ltr'><strong>Sicilia</strong></span> <span class='ocrx_word' id='word_1_279' title='bbox 717 2457 860 2525; x_wconf 87' lang='lat' dir='ltr'><strong>apud</strong></span> <span class='ocrx_word' id='word_1_280' title='bbox 897 2455 1228 2524; x_wconf 85' lang='lat' dir='ltr'><strong>Syracusam</strong></span> <span class='ocrx_word' id='word_1_281' title='bbox 1260 2460 1314 2512; x_wconf 90' lang='lat' dir='ltr'><strong>in</strong></span> <span class='ocrx_word' id='word_1_282' title='bbox 1345 2458 1566 2525; x_wconf 82' lang='lat' dir='ltr'><strong>balneo,</strong></span> <span class='ocrx_word' id='word_1_283' title='bbox 1594 2460 1680 2513; x_wconf 92' lang='lat' dir='ltr'><strong>cui</strong></span> <span class='ocrx_word' id='word_1_284' title='bbox 1727 2476 1827 2514; x_wconf 89' lang='lat' dir='ltr'><strong>no-</strong></span> 
     </span>
    </p>
   </div>
   <div class='ocr_carea' id='block_1_37' title="bbox 247 2549 1830 2620">
    <p class='ocr_par' dir='ltr' id='par_1_37' title="bbox 247 2549 1830 2620">
     <span class='ocr_line' id='line_1_37' title="bbox 247 2549 1830 2620; baseline 0.005 -20"><span class='ocrx_word' id='word_1_285' title='bbox 247 2562 378 2602; x_wconf 85' lang='lat' dir='ltr'><strong>men</strong></span> <span class='ocrx_word' id='word_1_286' title='bbox 426 2555 548 2602; x_wconf 89' lang='lat' dir='ltr'><strong>erat</strong></span> <span class='ocrx_word' id='word_1_287' title='bbox 584 2549 807 2620; x_wconf 84' lang='lat' dir='ltr'><strong>Daphne</strong></span> <span class='ocrx_word' id='word_1_288' title='bbox 843 2566 857 2603; x_wconf 87' lang='lat'><strong>:</strong></span> <span class='ocrx_word' id='word_1_289' title='bbox 890 2550 1068 2604; x_wconf 80' lang='lat' dir='ltr'><strong>fuerat</strong></span> <span class='ocrx_word' id='word_1_290' title='bbox 1099 2559 1278 2605; x_wconf 89' lang='lat' dir='ltr'><strong>autem</strong></span> <span class='ocrx_word' id='word_1_291' title='bbox 1309 2567 1476 2607; x_wconf 88' lang='lat' dir='ltr'><strong>causa</strong></span> <span class='ocrx_word' id='word_1_292' title='bbox 1532 2553 1664 2608; x_wconf 49' lang='lat' dir='ltr'><strong>haec.</strong></span> <span class='ocrx_word' id='word_1_293' title='bbox 1698 2554 1830 2609; x_wconf 86' lang='lat' dir='ltr'><strong>Post</strong></span> 
     </span>
    </p>
   </div>
   <div class='ocr_carea' id='block_1_38' title="bbox 246 2639 1828 2713">
    <p class='ocr_par' dir='ltr' id='par_1_38' title="bbox 246 2639 1828 2713">
     <span class='ocr_line' id='line_1_38' title="bbox 246 2639 1828 2713; baseline 0.003 -19"><span class='ocrx_word' id='word_1_294' title='bbox 246 2639 729 2712; x_wconf 84' lang='lat' dir='ltr'><strong>interemptionem</strong></span> <span class='ocrx_word' id='word_1_295' title='bbox 773 2641 1071 2697; x_wconf 84' lang='lat' dir='ltr'><strong>Theodosii</strong></span> <span class='ocrx_word' id='word_1_296' title='bbox 1123 2643 1316 2697; x_wconf 79' lang='lat' dir='ltr'><strong>fratris</strong></span> <span class='ocrx_word' id='word_1_297' title='bbox 1352 2644 1528 2713; x_wconf 89' lang='lat' dir='ltr'><strong>ipsius</strong></span> <span class='ocrx_word' id='word_1_298' title='bbox 1569 2646 1700 2700; x_wconf 88' lang='lat' dir='ltr'><strong>odio</strong></span> <span class='ocrx_word' id='word_1_299' title='bbox 1733 2646 1828 2699; x_wconf 80' lang='lat' dir='ltr'><strong>ha-</strong></span> 
     </span>
    </p>
   </div>
   <div class='ocr_carea' id='block_1_39' title="bbox 248 2733 1826 2805">
    <p class='ocr_par' dir='ltr' id='par_1_39' title="bbox 248 2733 1826 2805">
     <span class='ocr_line' id='line_1_39' title="bbox 248 2733 1826 2805; baseline 0.005 -21"><span class='ocrx_word' id='word_1_300' title='bbox 248 2734 403 2792; x_wconf 75' lang='lat' dir='ltr'><strong>bitus</strong></span> <span class='ocrx_word' id='word_1_301' title='bbox 432 2745 516 2790; x_wconf 89' lang='lat' dir='ltr'><strong>est</strong></span> <span class='ocrx_word' id='word_1_302' title='bbox 549 2753 577 2787; x_wconf 86' lang='lat' dir='ltr'><strong>a</strong></span> <span class='ocrx_word' id='word_1_303' title='bbox 618 2733 916 2805; x_wconf 82' lang='lat' dir='ltr'><strong>Byzantiis,</strong></span> <span class='ocrx_word' id='word_1_304' title='bbox 939 2743 991 2789; x_wconf 90' lang='lat' dir='ltr'><strong>et</strong></span> <span class='ocrx_word' id='word_1_305' title='bbox 1020 2737 1264 2790; x_wconf 75' lang='lat' dir='ltr'><strong>maxime.</strong></span> <span class='ocrx_word' id='word_1_306' title='bbox 1289 2736 1415 2805; x_wconf 88' lang='lat' dir='ltr'><strong>quia</strong></span> <span class='ocrx_word' id='word_1_307' title='bbox 1445 2747 1497 2791; x_wconf 94' lang='lat' dir='ltr'><strong>et</strong></span> <span class='ocrx_word' id='word_1_308' title='bbox 1531 2735 1826 2792; x_wconf 82' lang='lat' dir='ltr'><strong>Martinum</strong></span> 
     </span>
    </p>
   </div>
   <div class='ocr_carea' id='block_1_40' title="bbox 249 2827 1826 2900">
    <p class='ocr_par' dir='ltr' id='par_1_40' title="bbox 249 2827 1826 2900">
     <span class='ocr_line' id='line_1_40' title="bbox 249 2827 1826 2900; baseline 0.001 -14"><span class='ocrx_word' id='word_1_309' title='bbox 249 2829 672 2886; x_wconf 53' lang='lat' dir='ltr'><strong>sanctissimum</strong></span> <span class='ocrx_word' id='word_1_310' title='bbox 715 2843 907 2897; x_wconf 85' lang='lat' dir='ltr'><strong>papam</strong></span> <span class='ocrx_word' id='word_1_311' title='bbox 941 2827 1250 2883; x_wconf 78' lang='lat' dir='ltr'><strong>Romanum</strong></span> <span class='ocrx_word' id='word_1_312' title='bbox 1287 2830 1654 2900; x_wconf 77' lang='lat' dir='ltr'><strong>ignominiosa</strong></span> <span class='ocrx_word' id='word_1_313' title='bbox 1677 2832 1826 2887; x_wconf 88' lang='lat' dir='ltr'><strong>Con-</strong></span> 
     </span>
    </p>
   </div>
   <div class='ocr_carea' id='block_1_41' title="bbox 249 2919 1831 2994">
    <p class='ocr_par' dir='ltr' id='par_1_41' title="bbox 249 2919 1831 2994">
     <span class='ocr_line' id='line_1_41' title="bbox 249 2919 1831 2994; baseline 0.003 -19"><span class='ocrx_word' id='word_1_314' title='bbox 249 2919 670 2990; x_wconf 83' lang='lat' dir='ltr'><strong>stantinopolim</strong></span> <span class='ocrx_word' id='word_1_315' title='bbox 695 2920 848 2974; x_wconf 89' lang='lat' dir='ltr'><strong>duxit</strong></span> <span class='ocrx_word' id='word_1_316' title='bbox 876 2929 928 2974; x_wconf 88' lang='lat' dir='ltr'><strong>et</strong></span> <span class='ocrx_word' id='word_1_317' title='bbox 952 2921 1146 2976; x_wconf 80' lang='lat' dir='ltr'><strong>exsilio</strong></span> <span class='ocrx_word' id='word_1_318' title='bbox 1183 2923 1440 2993; x_wconf 73' lang='lat' dir='ltr'><strong>relegavit</strong></span> <span class='ocrx_word' id='word_1_319' title='bbox 1466 2941 1632 2994; x_wconf 87' lang='lat' dir='ltr'><strong>penes</strong></span> <span class='ocrx_word' id='word_1_320' title='bbox 1661 2925 1831 2982; x_wconf 85' lang='lat' dir='ltr'><strong>Cher-</strong></span> 
     </span>
    </p>
   </div>
   <div class='ocr_carea' id='block_1_42' title="bbox 249 3011 1852 3085">
    <p class='ocr_par' dir='ltr' id='par_1_42' title="bbox 249 3011 1852 3085">
     <span class='ocr_line' id='line_1_42' title="bbox 249 3011 1852 3085; baseline 0.005 -17"><span class='ocrx_word' id='word_1_321' title='bbox 249 3011 410 3072; x_wconf 76' lang='lat' dir='ltr'><strong>sonis</strong></span> <span class='ocrx_word' id='word_1_322' title='bbox 443 3012 689 3080; x_wconf 80' lang='lat' dir='ltr'><strong>climata,</strong></span> <span class='ocrx_word' id='word_1_323' title='bbox 728 3021 780 3068; x_wconf 88' lang='lat' dir='ltr'><strong>et</strong></span> <span class='ocrx_word' id='word_1_324' title='bbox 836 3011 1057 3067; x_wconf 78' lang='lat' dir='ltr'><strong>Maximi</strong></span> <span class='ocrx_word' id='word_1_325' title='bbox 1098 3015 1490 3085; x_wconf 79' lang='lat' dir='ltr'><strong>sapientissimi</strong></span> <span class='ocrx_word' id='word_1_326' title='bbox 1531 3027 1584 3073; x_wconf 85' lang='lat' dir='ltr'><strong>et</strong></span> <span class='ocrx_word' id='word_1_327' title='bbox 1611 3020 1852 3076; x_wconf 82' lang='lat' dir='ltr'><strong>confes--</strong></span> 
     </span>
    </p>
   </div>
   <div class='ocr_carea' id='block_1_43' title="bbox 252 3105 1830 3177">
    <p class='ocr_par' dir='ltr' id='par_1_43' title="bbox 252 3105 1830 3177">
     <span class='ocr_line' id='line_1_43' title="bbox 252 3105 1830 3177; baseline 0.005 -17"><span class='ocrx_word' id='word_1_328' title='bbox 252 3105 402 3161; x_wconf 83' lang='lat' dir='ltr'><strong>soris</strong></span> <span class='ocrx_word' id='word_1_329' title='bbox 452 3105 692 3176; x_wconf 76' lang='lat' dir='ltr'><strong>linguam</strong></span> <span class='ocrx_word' id='word_1_330' title='bbox 733 3122 1064 3177; x_wconf 87' lang='lat' dir='ltr'><strong>mamnnque</strong></span> <span class='ocrx_word' id='word_1_331' title='bbox 1089 3109 1384 3174; x_wconf 78' lang='lat' dir='ltr'><strong>truncavit,</strong></span> <span class='ocrx_word' id='word_1_332' title='bbox 1415 3119 1468 3166; x_wconf 89' lang='lat' dir='ltr'><strong>et</strong></span> <span class='ocrx_word' id='word_1_333' title='bbox 1503 3112 1830 3169; x_wconf 70' lang='lat' dir='ltr'><strong>multos-or-</strong></span> 
     </span>
    </p>
   </div>
   <div class='ocr_carea' id='block_1_44' title="bbox 1924 2170 3349 2247">
    <p class='ocr_par' dir='ltr' id='par_1_44' title="bbox 1924 2170 3349 2247">
     <span class='ocr_line' id='line_1_44' title="bbox 1924 2170 3349 2247; baseline -0.001 -23"><span class='ocrx_word' id='word_1_334' title='bbox 1924 2170 2181 2241; x_wconf 85' lang='lat' dir='ltr'><strong>Cyzicnm</strong></span> <span class='ocrx_word' id='word_1_335' title='bbox 2222 2170 2372 2225; x_wconf 79' lang='lat' dir='ltr'><strong>fecit.</strong></span> <span class='ocrx_word' id='word_1_336' title='bbox 3347 2244 3349 2247; x_wconf 15' lang='grc' dir='ltr'><strong><em>ι</em></strong></span> 
     </span>
    </p>
   </div>
   <div class='ocr_carea' id='block_1_45' title="bbox 1995 2259 3502 2330">
    <p class='ocr_par' dir='ltr' id='par_1_45' title="bbox 1995 2259 3502 2330">
     <span class='ocr_line' id='line_1_45' title="bbox 1995 2259 3502 2330; baseline 0.002 -17"><span class='ocrx_word' id='word_1_337' title='bbox 1995 2261 2155 2315; x_wconf 86' lang='lat' dir='ltr'><strong>Anno</strong></span> <span class='ocrx_word' id='word_1_338' title='bbox 2188 2259 2403 2330; x_wconf 91' lang='lat' dir='ltr'><strong>imperii</strong></span> <span class='ocrx_word' id='word_1_339' title='bbox 2432 2259 2780 2316; x_wconf 87' lang='lat' dir='ltr'><strong>Constantini</strong></span> <span class='ocrx_word' id='word_1_340' title='bbox 2813 2263 2976 2318; x_wconf 89' lang='lat' dir='ltr'><strong>tertio</strong></span> <span class='ocrx_word' id='word_1_341' title='bbox 3016 2261 3196 2318; x_wconf 82' lang='lat' dir='ltr'><strong>Busur</strong></span> <span class='ocrx_word' id='word_1_342' title='bbox 3231 2277 3357 2317; x_wconf 91' lang='lat' dir='ltr'><strong>cum</strong></span> <span class='ocrx_word' id='word_1_343' title='bbox 3398 2262 3502 2323; x_wconf 50' lang='lat' dir='ltr'><strong>hoe</strong></span> 
     </span>
    </p>
   </div>
   <div class='ocr_carea' id='block_1_46' title="bbox 1927 2351 3503 2425">
    <p class='ocr_par' dir='ltr' id='par_1_46' title="bbox 1927 2351 3503 2425">
     <span class='ocr_line' id='line_1_46' title="bbox 1927 2351 3503 2425; baseline 0.003 -18"><span class='ocrx_word' id='word_1_344' title='bbox 1927 2353 2038 2408; x_wconf 86' lang='lat' dir='ltr'><strong>stili</strong></span> <span class='ocrx_word' id='word_1_345' title='bbox 2077 2351 2356 2423; x_wconf 87' lang='lat' dir='ltr'><strong>profectus</strong></span> <span class='ocrx_word' id='word_1_346' title='bbox 2400 2360 2486 2408; x_wconf 90' lang='lat' dir='ltr'><strong>est</strong></span> <span class='ocrx_word' id='word_1_347' title='bbox 2537 2363 2825 2425; x_wconf 87' lang='lat' dir='ltr'><strong>apparatu,</strong></span> <span class='ocrx_word' id='word_1_348' title='bbox 2881 2364 2936 2410; x_wconf 91' lang='lat' dir='ltr'><strong>et</strong></span> <span class='ocrx_word' id='word_1_349' title='bbox 2979 2354 3240 2425; x_wconf 87' lang='lat' dir='ltr'><strong>plurimis</strong></span> <span class='ocrx_word' id='word_1_350' title='bbox 3271 2354 3503 2425; x_wconf 81' lang='lat' dir='ltr'><strong>captivis</strong></span> 
     </span>
    </p>
   </div>
   <div class='ocr_carea' id='block_1_47' title="bbox 1927 2434 2528 2502">
    <p class='ocr_par' dir='ltr' id='par_1_47' title="bbox 1927 2434 2528 2502">
     <span class='ocr_line' id='line_1_47' title="bbox 1927 2434 2528 2502; baseline -0.003 -1"><span class='ocrx_word' id='word_1_351' title='bbox 1927 2447 2113 2502; x_wconf 89' lang='lat' dir='ltr'><strong>ductis</strong></span> <span class='ocrx_word' id='word_1_352' title='bbox 2143 2434 2394 2501; x_wconf 82' lang='lat' dir='ltr'><strong>reversus</strong></span> <span class='ocrx_word' id='word_1_353' title='bbox 2420 2453 2528 2502; x_wconf 88' lang='lat' dir='ltr'><strong>est.</strong></span> 
     </span>
    </p>
   </div>
   <div class='ocr_carea' id='block_1_48' title="bbox 1998 2536 3523 2603">
    <p class='ocr_par' dir='ltr' id='par_1_48' title="bbox 1998 2536 3523 2603">
     <span class='ocr_line' id='line_1_48' title="bbox 1998 2536 3523 2603; baseline 0.003 -14"><span class='ocrx_word' id='word_1_354' title='bbox 1998 2537 2185 2592; x_wconf 84' lang='lat' dir='ltr'><strong>Mundi</strong></span> <span class='ocrx_word' id='word_1_355' title='bbox 2246 2552 2392 2592; x_wconf 90' lang='lat' dir='ltr'><strong>anno</strong></span> <span class='ocrx_word' id='word_1_356' title='bbox 2450 2537 2615 2603; x_wconf 74' lang='grc'><strong>6164,</strong></span> <span class='ocrx_word' id='word_1_357' title='bbox 2651 2538 2848 2594; x_wconf 81' lang='lat' dir='ltr'><strong>divinae</strong></span> <span class='ocrx_word' id='word_1_358' title='bbox 2902 2536 3303 2597; x_wconf 80' lang='lat' dir='ltr'><strong>incarnationis</strong></span> <span class='ocrx_word' id='word_1_359' title='bbox 3356 2552 3523 2593; x_wconf 79' lang='lat' dir='ltr'><strong>anno-</strong></span> 
     </span>
    </p>
   </div>
   <div class='ocr_carea' id='block_1_49' title="bbox 1929 2629 3504 2702">
    <p class='ocr_par' dir='ltr' id='par_1_49' title="bbox 1929 2629 3504 2702">
     <span class='ocr_line' id='line_1_49' title="bbox 1929 2629 3504 2702; baseline 0 -18"><span class='ocrx_word' id='word_1_360' title='bbox 1929 2629 2053 2694; x_wconf 62' lang='lat'><strong>661,</strong></span> <span class='ocrx_word' id='word_1_361' title='bbox 2094 2645 2239 2685; x_wconf 86' lang='lat' dir='ltr'><strong>anno</strong></span> <span class='ocrx_word' id='word_1_362' title='bbox 2270 2645 2396 2684; x_wconf 85' lang='lat' dir='ltr'><strong>vero</strong></span> <span class='ocrx_word' id='word_1_363' title='bbox 2421 2630 2643 2701; x_wconf 88' lang='lat' dir='ltr'><strong>imperii</strong></span> <span class='ocrx_word' id='word_1_364' title='bbox 2684 2629 3057 2686; x_wconf 85' lang='lat' dir='ltr'><strong>Constantini.</strong></span> <span class='ocrx_word' id='word_1_365' title='bbox 3090 2641 3288 2702; x_wconf 82' lang='lat' dir='ltr'><strong>quarto</strong></span> <span class='ocrx_word' id='word_1_366' title='bbox 3335 2645 3504 2700; x_wconf 85' lang='lat' dir='ltr'><strong>appa-</strong></span> 
     </span>
    </p>
   </div>
   <div class='ocr_carea' id='block_1_50' title="bbox 1932 2721 3502 2787">
    <p class='ocr_par' dir='ltr' id='par_1_50' title="bbox 1932 2721 3502 2787">
     <span class='ocr_line' id='line_1_50' title="bbox 1932 2721 3502 2787; baseline 0 -11"><span class='ocrx_word' id='word_1_367' title='bbox 1932 2723 2044 2777; x_wconf 90' lang='lat' dir='ltr'><strong>ruit</strong></span> <span class='ocrx_word' id='word_1_368' title='bbox 2080 2721 2182 2776; x_wconf 91' lang='lat' dir='ltr'><strong>iris</strong></span> <span class='ocrx_word' id='word_1_369' title='bbox 2207 2722 2282 2777; x_wconf 85' lang='lat' dir='ltr'><strong>in</strong></span> <span class='ocrx_word' id='word_1_370' title='bbox 2311 2722 2455 2777; x_wconf 68' lang='lat' dir='ltr'><strong>creto</strong></span> <span class='ocrx_word' id='word_1_371' title='bbox 2498 2737 2687 2778; x_wconf 87' lang='lat' dir='ltr'><strong>mense</strong></span> <span class='ocrx_word' id='word_1_372' title='bbox 2721 2721 2936 2787; x_wconf 77' lang='lat' dir='ltr'><strong>Martio,</strong></span> <span class='ocrx_word' id='word_1_373' title='bbox 2971 2733 3025 2779; x_wconf 92' lang='lat' dir='ltr'><strong>et</strong></span> <span class='ocrx_word' id='word_1_374' title='bbox 3057 2724 3282 2780; x_wconf 76' lang='lat' dir='ltr'><strong>tremuit</strong></span> <span class='ocrx_word' id='word_1_375' title='bbox 3324 2723 3502 2778; x_wconf 88' lang='lat' dir='ltr'><strong>omnis</strong></span> 
     </span>
    </p>
   </div>
   <div class='ocr_carea' id='block_1_51' title="bbox 1930 2812 3503 2890">
    <p class='ocr_par' dir='ltr' id='par_1_51' title="bbox 1930 2812 3503 2890">
     <span class='ocr_line' id='line_1_51' title="bbox 1930 2812 3503 2890; baseline 0.001 -22"><span class='ocrx_word' id='word_1_376' title='bbox 1930 2829 2085 2880; x_wconf 86' lang='lat' dir='ltr'><strong>caro,</strong></span> <span class='ocrx_word' id='word_1_377' title='bbox 2138 2814 2212 2867; x_wconf 87' lang='lat' dir='ltr'><strong>ita</strong></span> <span class='ocrx_word' id='word_1_378' title='bbox 2277 2822 2338 2867; x_wconf 91' lang='lat' dir='ltr'><strong>ut</strong></span> <span class='ocrx_word' id='word_1_379' title='bbox 2392 2814 2643 2869; x_wconf 83' lang='lat' dir='ltr'><strong>dicerent</strong></span> <span class='ocrx_word' id='word_1_380' title='bbox 2692 2829 2884 2870; x_wconf 89' lang='lat' dir='ltr'><strong>omnes</strong></span> <span class='ocrx_word' id='word_1_381' title='bbox 2927 2812 3503 2890; x_wconf 69' lang='lat' dir='ltr'><strong>quodconsummatio</strong></span> 
     </span>
    </p>
   </div>
   <div class='ocr_carea' id='block_1_52' title="bbox 1929 2904 3503 2976">
    <p class='ocr_par' dir='ltr' id='par_1_52' title="bbox 1929 2904 3503 2976">
     <span class='ocr_line' id='line_1_52' title="bbox 1929 2904 3503 2976; baseline -0.001 -16"><span class='ocrx_word' id='word_1_382' title='bbox 1929 2913 2036 2961; x_wconf 87' lang='lat' dir='ltr'><strong>est.</strong></span> <span class='ocrx_word' id='word_1_383' title='bbox 2069 2904 2269 2960; x_wconf 86' lang='lat' dir='ltr'><strong>Eodem</strong></span> <span class='ocrx_word' id='word_1_384' title='bbox 2291 2921 2437 2960; x_wconf 87' lang='lat' dir='ltr'><strong>anno</strong></span> <span class='ocrx_word' id='word_1_385' title='bbox 2467 2906 2613 2961; x_wconf 91' lang='lat' dir='ltr'><strong>stolo</strong></span> <span class='ocrx_word' id='word_1_386' title='bbox 2634 2919 2835 2976; x_wconf 83' lang='lat' dir='ltr'><strong>magno</strong></span> <span class='ocrx_word' id='word_1_387' title='bbox 2862 2914 3181 2962; x_wconf 77' lang='lat' dir='ltr'><strong>constructo</strong></span> <span class='ocrx_word' id='word_1_388' title='bbox 3215 2911 3503 2975; x_wconf 77' lang='lat' dir='ltr'><strong>negatores</strong></span> 
     </span>
    </p>
   </div>
   <div class='ocr_carea' id='block_1_53' title="bbox 1931 2993 3502 3067">
    <p class='ocr_par' dir='ltr' id='par_1_53' title="bbox 1931 2993 3502 3067">
     <span class='ocr_line' id='line_1_53' title="bbox 1931 2993 3502 3067; baseline -0.001 -18"><span class='ocrx_word' id='word_1_389' title='bbox 1931 2994 2138 3050; x_wconf 87' lang='lat' dir='ltr'><strong>Christi</strong></span> <span class='ocrx_word' id='word_1_390' title='bbox 2167 2994 2422 3051; x_wconf 79' lang='lat' dir='ltr'><strong>Muamed</strong></span> <span class='ocrx_word' id='word_1_391' title='bbox 2472 3005 2528 3050; x_wconf 90' lang='lat' dir='ltr'><strong>et</strong></span> <span class='ocrx_word' id='word_1_392' title='bbox 2581 2995 2780 3052; x_wconf 84' lang='lat' dir='ltr'><strong>Caisus</strong></span> <span class='ocrx_word' id='word_1_393' title='bbox 2828 2995 3224 3067; x_wconf 87' lang='lat' dir='ltr'><strong>navigaverunt</strong></span> <span class='ocrx_word' id='word_1_394' title='bbox 3270 2997 3324 3048; x_wconf 91' lang='lat' dir='ltr'><strong>in</strong></span> <span class='ocrx_word' id='word_1_395' title='bbox 3368 2993 3502 3048; x_wconf 87' lang='lat' dir='ltr'><strong>Cili-</strong></span> 
     </span>
    </p>
   </div>
   <div class='ocr_carea' id='block_1_54' title="bbox 1930 3087 3505 3158">
    <p class='ocr_par' dir='ltr' id='par_1_54' title="bbox 1930 3087 3505 3158">
     <span class='ocr_line' id='line_1_54' title="bbox 1930 3087 3505 3158; baseline -0.002 -15"><span class='ocrx_word' id='word_1_396' title='bbox 1930 3088 2095 3154; x_wconf 88' lang='lat' dir='ltr'><strong>ciam,</strong></span> <span class='ocrx_word' id='word_1_397' title='bbox 2119 3088 2585 3143; x_wconf 65' lang='lat' dir='ltr'><strong>et&#39;hicmaverunt</strong></span> <span class='ocrx_word' id='word_1_398' title='bbox 2627 3103 2794 3158; x_wconf 82' lang='lat' dir='ltr'><strong>penes</strong></span> <span class='ocrx_word' id='word_1_399' title='bbox 2829 3088 3140 3158; x_wconf 78' lang='lat' dir='ltr'><strong>Smyrnam,</strong></span> <span class='ocrx_word' id='word_1_400' title='bbox 3168 3087 3414 3143; x_wconf 88' lang='lat' dir='ltr'><strong>Ciliciam</strong></span> <span class='ocrx_word' id='word_1_401' title='bbox 3449 3091 3505 3141; x_wconf 86' lang='lat' dir='ltr'><strong>et</strong></span> 
     </span>
    </p>
   </div>
   <div class='ocr_carea' id='block_1_55' title="bbox 253 3177 1850 3275">
    <p class='ocr_par' dir='ltr' id='par_1_55' title="bbox 253 3194 1831 3270">
     <span class='ocr_line' id='line_1_55' title="bbox 253 3194 1831 3270; baseline 0.006 -21"><span class='ocrx_word' id='word_1_402' title='bbox 253 3194 626 3249; x_wconf 82' lang='lat' dir='ltr'><strong>thodoxorum</strong></span> <span class='ocrx_word' id='word_1_403' title='bbox 677 3196 1005 3252; x_wconf 78' lang='lat' dir='ltr'><strong>verberibus</strong></span> <span class='ocrx_word' id='word_1_404' title='bbox 1040 3207 1095 3252; x_wconf 91' lang='lat' dir='ltr'><strong>et</strong></span> <span class='ocrx_word' id='word_1_405' title='bbox 1127 3198 1342 3253; x_wconf 82' lang='lat' dir='ltr'><strong>exsiliis</strong></span> <span class='ocrx_word' id='word_1_406' title='bbox 1389 3210 1445 3254; x_wconf 91' lang='lat' dir='ltr'><strong>et</strong></span> <span class='ocrx_word' id='word_1_407' title='bbox 1480 3205 1831 3270; x_wconf 84' lang='lat' dir='ltr'><strong>proscriptio-</strong></span> 
     </span>
    </p>
   </div>
   <div class='ocr_carea' id='block_1_56' title="bbox 1935 3177 3500 3275">
    <p class='ocr_par' dir='ltr' id='par_1_56' title="bbox 1935 3177 3500 3253">
     <span class='ocr_line' id='line_1_56' title="bbox 1935 3177 3500 3253; baseline 0.002 -20"><span class='ocrx_word' id='word_1_408' title='bbox 1935 3177 2177 3251; x_wconf 83' lang='lat' dir='ltr'><strong>Lyciam,</strong></span> <span class='ocrx_word' id='word_1_409' title='bbox 2211 3189 2266 3234; x_wconf 91' lang='lat' dir='ltr'><strong>et</strong></span> <span class='ocrx_word' id='word_1_410' title='bbox 2300 3179 2442 3234; x_wconf 88' lang='lat' dir='ltr'><strong>facta</strong></span> <span class='ocrx_word' id='word_1_411' title='bbox 2471 3187 2556 3236; x_wconf 82' lang='lat' dir='ltr'><strong>est</strong></span> <span class='ocrx_word' id='word_1_412' title='bbox 2590 3180 2900 3235; x_wconf 87' lang='lat' dir='ltr'><strong>mortalitas</strong></span> <span class='ocrx_word' id='word_1_413' title='bbox 2929 3182 2985 3235; x_wconf 91' lang='lat' dir='ltr'><strong>in</strong></span> <span class='ocrx_word' id='word_1_414' title='bbox 3014 3180 3272 3253; x_wconf 69' lang='lat' dir='ltr'><strong>Egypto.</strong></span> <span class='ocrx_word' id='word_1_415' title='bbox 3297 3180 3500 3237; x_wconf 82' lang='lat' dir='ltr'><strong>Missus</strong></span> 
     </span>
    </p>
   </div>
   <div class='ocr_carea' id='block_1_57' title="bbox 252 3287 1831 3364">
    <p class='ocr_par' dir='ltr' id='par_1_57' title="bbox 252 3287 1831 3364">
     <span class='ocr_line' id='line_1_57' title="bbox 252 3287 1831 3364; baseline 0.004 -20"><span class='ocrx_word' id='word_1_416' title='bbox 252 3287 464 3352; x_wconf 58' lang='lat' dir='ltr'><strong>nibus,-</strong></span> <span class='ocrx_word' id='word_1_417' title='bbox 486 3303 552 3341; x_wconf 92' lang='lat' dir='ltr'><strong>eo</strong></span> <span class='ocrx_word' id='word_1_418' title='bbox 605 3288 750 3357; x_wconf 91' lang='lat' dir='ltr'><strong>quod</strong></span> <span class='ocrx_word' id='word_1_419' title='bbox 786 3290 977 3344; x_wconf 65' lang='lat' dir='ltr'><strong>haeresi</strong></span> <span class='ocrx_word' id='word_1_420' title='bbox 1011 3298 1123 3344; x_wconf 70' lang='lat' dir='ltr'><strong>sua:</strong></span> <span class='ocrx_word' id='word_1_421' title='bbox 1168 3291 1483 3348; x_wconf 87' lang='lat' dir='ltr'><strong>nullatenus</strong></span> <span class='ocrx_word' id='word_1_422' title='bbox 1511 3295 1831 3364; x_wconf 78' lang='lat' dir='ltr'><strong>acquiesce-</strong></span> 
     </span>
    </p>
   </div>
   <div class='ocr_carea' id='block_1_58' title="bbox 254 3380 1829 3457">
    <p class='ocr_par' dir='ltr' id='par_1_58' title="bbox 254 3380 1829 3457">
     <span class='ocr_line' id='line_1_58' title="bbox 254 3380 1829 3457; baseline 0.007 -25"><span class='ocrx_word' id='word_1_423' title='bbox 254 3389 399 3440; x_wconf 69' lang='lat' dir='ltr'><strong>rent,</strong></span> <span class='ocrx_word' id='word_1_424' title='bbox 439 3380 866 3444; x_wconf 72' lang='lat' dir='ltr'><strong>condemnavit;</strong></span> <span class='ocrx_word' id='word_1_425' title='bbox 919 3382 1052 3451; x_wconf 90' lang='lat' dir='ltr'><strong>quin</strong></span> <span class='ocrx_word' id='word_1_426' title='bbox 1082 3391 1135 3437; x_wconf 91' lang='lat' dir='ltr'><strong>et</strong></span> <span class='ocrx_word' id='word_1_427' title='bbox 1170 3382 1309 3438; x_wconf 89' lang='lat' dir='ltr'><strong>duos</strong></span> <span class='ocrx_word' id='word_1_428' title='bbox 1356 3386 1698 3451; x_wconf 86' lang='lat' dir='ltr'><strong>Anastasios,</strong></span> <span class='ocrx_word' id='word_1_429' title='bbox 1735 3388 1829 3457; x_wconf 88' lang='lat' dir='ltr'><strong>qui</strong></span> 
     </span>
    </p>
   </div>
   <div class='ocr_carea' id='block_1_59' title="bbox 257 3473 1826 3551">
    <p class='ocr_par' dir='ltr' id='par_1_59' title="bbox 257 3473 1826 3551">
     <span class='ocr_line' id='line_1_59' title="bbox 257 3473 1826 3551; baseline 0.005 -24"><span class='ocrx_word' id='word_1_430' title='bbox 257 3473 513 3542; x_wconf 86' lang='lat' dir='ltr'><strong>discipuli</strong></span> <span class='ocrx_word' id='word_1_431' title='bbox 550 3474 768 3528; x_wconf 88' lang='lat' dir='ltr'><strong>fuerant</strong></span> <span class='ocrx_word' id='word_1_432' title='bbox 809 3474 1029 3530; x_wconf 76' lang='lat' dir='ltr'><strong>Maximi</strong></span> <span class='ocrx_word' id='word_1_433' title='bbox 1063 3476 1404 3533; x_wconf 89' lang='lat' dir='ltr'><strong>confessoris</strong></span> <span class='ocrx_word' id='word_1_434' title='bbox 1449 3487 1504 3533; x_wconf 87' lang='lat' dir='ltr'><strong>et</strong></span> <span class='ocrx_word' id='word_1_435' title='bbox 1550 3481 1826 3551; x_wconf 85' lang='lat' dir='ltr'><strong>martyris,</strong></span> 
     </span>
    </p>
   </div>
   <div class='ocr_carea' id='block_1_60' title="bbox 254 3567 1834 3643">
    <p class='ocr_par' dir='ltr' id='par_1_60' title="bbox 254 3567 1834 3643">
     <span class='ocr_line' id='line_1_60' title="bbox 254 3567 1834 3643; baseline 0.007 -21"><span class='ocrx_word' id='word_1_436' title='bbox 254 3567 550 3622; x_wconf 83' lang='lat' dir='ltr'><strong>tormentis</strong></span> <span class='ocrx_word' id='word_1_437' title='bbox 583 3576 636 3622; x_wconf 92' lang='lat' dir='ltr'><strong>ct</strong></span> <span class='ocrx_word' id='word_1_438' title='bbox 687 3567 918 3624; x_wconf 82' lang='lat' dir='ltr'><strong>exsiliis.</strong></span> <span class='ocrx_word' id='word_1_439' title='bbox 957 3567 1205 3625; x_wconf 88' lang='lat' dir='ltr'><strong>tradidit.</strong></span> <span class='ocrx_word' id='word_1_440' title='bbox 1255 3571 1481 3640; x_wconf 84' lang='lat' dir='ltr'><strong>Propter</strong></span> <span class='ocrx_word' id='word_1_441' title='bbox 1521 3573 1648 3627; x_wconf 86' lang='lat' dir='ltr'><strong>talia</strong></span> <span class='ocrx_word' id='word_1_442' title='bbox 1698 3587 1834 3643; x_wconf 74' lang='lat' dir='ltr'><strong>ergo</strong></span> 
     </span>
    </p>
   </div>
   <div class='ocr_carea' id='block_1_61' title="bbox 257 3660 1834 3722">
    <p class='ocr_par' dir='ltr' id='par_1_61' title="bbox 257 3660 1834 3722">
     <span class='ocr_line' id='line_1_61' title="bbox 257 3660 1834 3722; baseline 0.004 -8"><span class='ocrx_word' id='word_1_443' title='bbox 257 3675 463 3716; x_wconf 83' lang='lat' dir='ltr'><strong>exosus</strong></span> <span class='ocrx_word' id='word_1_444' title='bbox 490 3661 704 3716; x_wconf 88' lang='lat' dir='ltr'><strong>cunctis</strong></span> <span class='ocrx_word' id='word_1_445' title='bbox 736 3660 972 3718; x_wconf 74' lang='lat' dir='ltr'><strong>eﬂ&#39;ectus</strong></span> <span class='ocrx_word' id='word_1_446' title='bbox 999 3671 1103 3718; x_wconf 87' lang='lat' dir='ltr'><strong>est.</strong></span> <span class='ocrx_word' id='word_1_447' title='bbox 1136 3663 1271 3718; x_wconf 89' lang='lat' dir='ltr'><strong>Cum</strong></span> <span class='ocrx_word' id='word_1_448' title='bbox 1303 3675 1482 3719; x_wconf 88' lang='lat' dir='ltr'><strong>autem</strong></span> <span class='ocrx_word' id='word_1_449' title='bbox 1529 3665 1686 3720; x_wconf 88' lang='lat' dir='ltr'><strong>valde</strong></span> <span class='ocrx_word' id='word_1_450' title='bbox 1715 3681 1834 3722; x_wconf 86' lang='lat' dir='ltr'><strong>nte-</strong></span> 
     </span>
    </p>
   </div>
   <div class='ocr_carea' id='block_1_62' title="bbox 259 3755 1832 3826">
    <p class='ocr_par' dir='ltr' id='par_1_62' title="bbox 259 3755 1832 3826">
     <span class='ocr_line' id='line_1_62' title="bbox 259 3755 1832 3826; baseline 0.004 -18"><span class='ocrx_word' id='word_1_451' title='bbox 259 3763 462 3822; x_wconf 84' lang='lat' dir='ltr'><strong>tueret,</strong></span> <span class='ocrx_word' id='word_1_452' title='bbox 490 3755 662 3811; x_wconf 62' lang='lat' dir='ltr'><strong>vols’t</strong></span> <span class='ocrx_word' id='word_1_453' title='bbox 709 3756 1000 3826; x_wconf 90' lang='lat' dir='ltr'><strong>imperium</strong></span> <span class='ocrx_word' id='word_1_454' title='bbox 1055 3757 1110 3811; x_wconf 91' lang='lat' dir='ltr'><strong>in</strong></span> <span class='ocrx_word' id='word_1_455' title='bbox 1154 3756 1343 3812; x_wconf 81' lang='lat' dir='ltr'><strong>urbem</strong></span> <span class='ocrx_word' id='word_1_456' title='bbox 1386 3756 1612 3812; x_wconf 83' lang='lat' dir='ltr'><strong>Romam</strong></span> <span class='ocrx_word' id='word_1_457' title='bbox 1651 3767 1832 3815; x_wconf 86' lang='lat' dir='ltr'><strong>trans-</strong></span> 
     </span>
    </p>
   </div>
   <div class='ocr_carea' id='block_1_63' title="bbox 257 3846 1864 3920">
    <p class='ocr_par' dir='ltr' id='par_1_63' title="bbox 257 3846 1864 3920">
     <span class='ocr_line' id='line_1_63' title="bbox 257 3846 1864 3920; baseline 0.002 -18"><span class='ocrx_word' id='word_1_458' title='bbox 257 3846 443 3911; x_wconf 86' lang='lat' dir='ltr'><strong>ferre,</strong></span> <span class='ocrx_word' id='word_1_459' title='bbox 481 3849 630 3903; x_wconf 88' lang='lat' dir='ltr'><strong>unde</strong></span> <span class='ocrx_word' id='word_1_460' title='bbox 673 3857 726 3903; x_wconf 91' lang='lat' dir='ltr'><strong>et</strong></span> <span class='ocrx_word' id='word_1_461' title='bbox 771 3849 1178 3918; x_wconf 84' lang='lat' dir='ltr'><strong>imperatricem</strong></span> <span class='ocrx_word' id='word_1_462' title='bbox 1234 3858 1459 3920; x_wconf 65' lang='lat' dir='ltr'><strong>tresque</strong></span> <span class='ocrx_word' id='word_1_463' title='bbox 1511 3851 1651 3908; x_wconf 81' lang='lat' dir='ltr'><strong>ﬁlios</strong></span> <span class='ocrx_word' id='word_1_464' title='bbox 1703 3869 1864 3910; x_wconf 59' lang='lat' dir='ltr'><strong>suos.</strong></span> 
     </span>
    </p>
   </div>
   <div class='ocr_carea' id='block_1_64' title="bbox 259 3939 1834 4012">
    <p class='ocr_par' dir='ltr' id='par_1_64' title="bbox 259 3939 1834 4012">
     <span class='ocr_line' id='line_1_64' title="bbox 259 3939 1834 4012; baseline 0.005 -20"><span class='ocrx_word' id='word_1_465' title='bbox 259 3940 455 3996; x_wconf 89' lang='lat' dir='ltr'><strong>tollere</strong></span> <span class='ocrx_word' id='word_1_466' title='bbox 480 3954 509 3992; x_wconf 90' lang='lat' dir='ltr'><strong>a</strong></span> <span class='ocrx_word' id='word_1_467' title='bbox 545 3939 809 4012; x_wconf 86' lang='lat' dir='ltr'><strong>Byzantio</strong></span> <span class='ocrx_word' id='word_1_468' title='bbox 862 3943 1056 4006; x_wconf 90' lang='lat' dir='ltr'><strong>voluit,</strong></span> <span class='ocrx_word' id='word_1_469' title='bbox 1118 3941 1226 3997; x_wconf 88' lang='lat' dir='ltr'><strong>nisi</strong></span> <span class='ocrx_word' id='word_1_470' title='bbox 1259 3944 1505 4000; x_wconf 82' lang='lat' dir='ltr'><strong>Andreas</strong></span> <span class='ocrx_word' id='word_1_471' title='bbox 1548 3946 1834 4001; x_wconf 85' lang='lat' dir='ltr'><strong>cubicula-</strong></span> 
     </span>
    </p>
   </div>
   <div class='ocr_carea' id='block_1_65' title="bbox 265 4030 1836 4107">
    <p class='ocr_par' dir='ltr' id='par_1_65' title="bbox 265 4030 1836 4107">
     <span class='ocr_line' id='line_1_65' title="bbox 265 4030 1836 4107; baseline 0.005 -22"><span class='ocrx_word' id='word_1_472' title='bbox 265 4032 381 4087; x_wconf 87' lang='lat' dir='ltr'><strong>rius</strong></span> <span class='ocrx_word' id='word_1_473' title='bbox 439 4040 495 4088; x_wconf 88' lang='lat' dir='ltr'><strong>et</strong></span> <span class='ocrx_word' id='word_1_474' title='bbox 534 4030 856 4089; x_wconf 72' lang='lat' dir='ltr'><strong>Theodorus</strong></span> <span class='ocrx_word' id='word_1_475' title='bbox 891 4033 1132 4090; x_wconf 60' lang='lat' dir='ltr'><strong>Colonia</strong></span> <span class='ocrx_word' id='word_1_476' title='bbox 1191 4035 1356 4104; x_wconf 87' lang='lat' dir='ltr'><strong>hujus</strong></span> <span class='ocrx_word' id='word_1_477' title='bbox 1425 4038 1836 4107; x_wconf 88' lang='lat' dir='ltr'><strong>prohibuissent</strong></span> 
     </span>
    </p>
   </div>
   <div class='ocr_carea' id='block_1_66' title="bbox 262 4124 1833 4185">
    <p class='ocr_par' dir='ltr' id='par_1_66' title="bbox 262 4124 1833 4185">
     <span class='ocr_line' id='line_1_66' title="bbox 262 4124 1833 4185; baseline 0.005 -8"><span class='ocrx_word' id='word_1_478' title='bbox 262 4124 588 4180; x_wconf 89' lang='lat' dir='ltr'><strong>consilium.</strong></span> <span class='ocrx_word' id='word_1_479' title='bbox 633 4124 782 4182; x_wconf 86' lang='lat' dir='ltr'><strong>Sane</strong></span> <span class='ocrx_word' id='word_1_480' title='bbox 839 4127 894 4180; x_wconf 91' lang='lat' dir='ltr'><strong>in</strong></span> <span class='ocrx_word' id='word_1_481' title='bbox 937 4127 1124 4181; x_wconf 75' lang='lat' dir='ltr'><strong>Sicilia</strong></span> <span class='ocrx_word' id='word_1_482' title='bbox 1160 4126 1291 4182; x_wconf 86' lang='lat' dir='ltr'><strong>iecit</strong></span> <span class='ocrx_word' id='word_1_483' title='bbox 1339 4143 1515 4185; x_wconf 89' lang='lat' dir='ltr'><strong>annos</strong></span> <span class='ocrx_word' id='word_1_484' title='bbox 1543 4145 1657 4184; x_wconf 83' lang='lat' dir='ltr'><strong>sex.</strong></span> <span class='ocrx_word' id='word_1_485' title='bbox 1697 4130 1833 4185; x_wconf 89' lang='lat' dir='ltr'><strong>Cum</strong></span> 
     </span>
    </p>
   </div>
   <div class='ocr_carea' id='block_1_67' title="bbox 264 4218 1836 4290">
    <p class='ocr_par' dir='ltr' id='par_1_67' title="bbox 264 4218 1836 4290">
     <span class='ocr_line' id='line_1_67' title="bbox 264 4218 1836 4290; baseline 0.006 -22"><span class='ocrx_word' id='word_1_486' title='bbox 264 4224 450 4270; x_wconf 85' lang='lat' dir='ltr'><strong>autem</strong></span> <span class='ocrx_word' id='word_1_487' title='bbox 504 4218 825 4286; x_wconf 67' lang='lat' dir='ltr'><strong>prmdictum</strong></span> <span class='ocrx_word' id='word_1_488' title='bbox 865 4219 1122 4274; x_wconf 85' lang='lat' dir='ltr'><strong>balneum</strong></span> <span class='ocrx_word' id='word_1_489' title='bbox 1166 4219 1449 4290; x_wconf 87' lang='lat' dir='ltr'><strong>ingressus</strong></span> <span class='ocrx_word' id='word_1_490' title='bbox 1484 4221 1700 4288; x_wconf 78' lang='lat' dir='ltr'><strong>fuisset,</strong></span> <span class='ocrx_word' id='word_1_491' title='bbox 1751 4223 1836 4277; x_wconf 80' lang='lat' dir='ltr'><strong>in-</strong></span> 
     </span>
    </p>
   </div>
   <div class='ocr_carea' id='block_1_68' title="bbox 263 4307 1836 4381">
    <p class='ocr_par' dir='ltr' id='par_1_68' title="bbox 263 4307 1836 4381">
     <span class='ocr_line' id='line_1_68' title="bbox 263 4307 1836 4381; baseline 0.006 -21"><span class='ocrx_word' id='word_1_492' title='bbox 263 4307 454 4363; x_wconf 80' lang='lat' dir='ltr'><strong>troivit</strong></span> <span class='ocrx_word' id='word_1_493' title='bbox 486 4324 611 4362; x_wconf 89' lang='lat' dir='ltr'><strong>cum</strong></span> <span class='ocrx_word' id='word_1_494' title='bbox 643 4325 707 4364; x_wconf 92' lang='lat' dir='ltr'><strong>eo</strong></span> <span class='ocrx_word' id='word_1_495' title='bbox 747 4309 965 4380; x_wconf 90' lang='lat' dir='ltr'><strong>quidam</strong></span> <span class='ocrx_word' id='word_1_496' title='bbox 993 4311 1242 4366; x_wconf 85' lang='lat' dir='ltr'><strong>Andreas</strong></span> <span class='ocrx_word' id='word_1_497' title='bbox 1272 4311 1418 4369; x_wconf 81' lang='lat' dir='ltr'><strong>filius</strong></span> <span class='ocrx_word' id='word_1_498' title='bbox 1445 4311 1638 4381; x_wconf 89' lang='lat' dir='ltr'><strong>Troili,</strong></span> <span class='ocrx_word' id='word_1_499' title='bbox 1671 4316 1836 4370; x_wconf 90' lang='lat' dir='ltr'><strong>obse-</strong></span> 
     </span>
    </p>
   </div>
   <div class='ocr_carea' id='block_1_69' title="bbox 261 4401 1832 4482">
    <p class='ocr_par' dir='ltr' id='par_1_69' title="bbox 261 4401 1832 4482">
     <span class='ocr_line' id='line_1_69' title="bbox 261 4401 1832 4482; baseline 0.005 -28"><span class='ocrx_word' id='word_1_500' title='bbox 261 4401 512 4457; x_wconf 77' lang='lat' dir='ltr'><strong>eundans</strong></span> <span class='ocrx_word' id='word_1_501' title='bbox 544 4402 658 4467; x_wconf 91' lang='lat' dir='ltr'><strong>illi;</strong></span> <span class='ocrx_word' id='word_1_502' title='bbox 703 4412 758 4458; x_wconf 85' lang='lat' dir='ltr'><strong>et</strong></span> <span class='ocrx_word' id='word_1_503' title='bbox 793 4419 917 4457; x_wconf 90' lang='lat' dir='ltr'><strong>cum</strong></span> <span class='ocrx_word' id='word_1_504' title='bbox 959 4406 1219 4474; x_wconf 61' lang='lat' dir='ltr'><strong>coepisset</strong></span> <span class='ocrx_word' id='word_1_505' title='bbox 1249 4421 1454 4476; x_wconf 89' lang='lat' dir='ltr'><strong>sapone</strong></span> <span class='ocrx_word' id='word_1_506' title='bbox 1482 4410 1694 4465; x_wconf 84' lang='lat' dir='ltr'><strong>Gallico</strong></span> <span class='ocrx_word' id='word_1_507' title='bbox 1718 4409 1832 4482; x_wconf 84' lang='lat'><strong>(66)</strong></span> 
     </span>
    </p>
   </div>
   <div class='ocr_carea' id='block_1_70' title="bbox 265 4480 1853 4559">
    <p class='ocr_par' dir='ltr' id='par_1_70' title="bbox 265 4480 1853 4559">
     <span class='ocr_line' id='line_1_70' title="bbox 265 4480 1853 4559; baseline 0.004 -15"><span class='ocrx_word' id='word_1_508' title='bbox 265 4490 507 4559; x_wconf 86' lang='lat' dir='ltr'><strong>deliniri,</strong></span> <span class='ocrx_word' id='word_1_509' title='bbox 533 4508 758 4548; x_wconf 91' lang='lat' dir='ltr'><strong>sumens</strong></span> <span class='ocrx_word' id='word_1_510' title='bbox 790 4492 1036 4548; x_wconf 77' lang='lat' dir='ltr'><strong>Andreas</strong></span> <span class='ocrx_word' id='word_1_511' title='bbox 1061 4494 1287 4549; x_wconf 88' lang='lat' dir='ltr'><strong>situlam</strong></span> <span class='ocrx_word' id='word_1_512' title='bbox 1316 4495 1460 4550; x_wconf 86' lang='lat' dir='ltr'><strong>dedit</strong></span> <span class='ocrx_word' id='word_1_513' title='bbox 1491 4512 1610 4552; x_wconf 89' lang='lat' dir='ltr'><strong>eam</strong></span> <span class='ocrx_word' id='word_1_514' title='bbox 1637 4497 1690 4550; x_wconf 90' lang='lat' dir='ltr'><strong>in</strong></span> <span class='ocrx_word' id='word_1_515' title='bbox 1716 4480 1853 4551; x_wconf 52' lang='lat' dir='ltr'><strong>ver?</strong></span> 
     </span>
    </p>
   </div>
   <div class='ocr_carea' id='block_1_71' title="bbox 1935 3273 3522 3344">
    <p class='ocr_par' dir='ltr' id='par_1_71' title="bbox 1935 3273 3522 3344">
     <span class='ocr_line' id='line_1_71' title="bbox 1935 3273 3522 3344; baseline 0.005 -19"><span class='ocrx_word' id='word_1_516' title='bbox 1935 3283 2113 3328; x_wconf 86' lang='lat' dir='ltr'><strong>autem</strong></span> <span class='ocrx_word' id='word_1_517' title='bbox 2148 3282 2444 3330; x_wconf 64' lang='lat' dir='ltr'><strong>est-saevus</strong></span> <span class='ocrx_word' id='word_1_518' title='bbox 2470 3273 2710 3328; x_wconf 83' lang='lat' dir='ltr'><strong>amireus</strong></span> <span class='ocrx_word' id='word_1_519' title='bbox 2742 3289 2867 3331; x_wconf 89' lang='lat' dir='ltr'><strong>cum</strong></span> <span class='ocrx_word' id='word_1_520' title='bbox 2894 3275 3001 3330; x_wconf 89' lang='lat' dir='ltr'><strong>alio</strong></span> <span class='ocrx_word' id='word_1_521' title='bbox 3034 3289 3250 3344; x_wconf 90' lang='lat' dir='ltr'><strong>quoque</strong></span> <span class='ocrx_word' id='word_1_522' title='bbox 3276 3274 3416 3330; x_wconf 87' lang='lat' dir='ltr'><strong>stolo</strong></span> <span class='ocrx_word' id='word_1_523' title='bbox 3444 3273 3522 3333; x_wconf 51' lang='lat' dir='ltr'><strong>in.</strong></span> 
     </span>
    </p>
   </div>
   <div class='ocr_carea' id='block_1_72' title="bbox 1933 3365 3525 3437">
    <p class='ocr_par' dir='ltr' id='par_1_72' title="bbox 1933 3365 3525 3437">
     <span class='ocr_line' id='line_1_72' title="bbox 1933 3365 3525 3437; baseline 0.002 -18"><span class='ocrx_word' id='word_1_524' title='bbox 1933 3365 2196 3420; x_wconf 81' lang='lat' dir='ltr'><strong>auxilium</strong></span> <span class='ocrx_word' id='word_1_525' title='bbox 2215 3366 2482 3435; x_wconf 90' lang='lat' dir='ltr'><strong>ipsorum,</strong></span> <span class='ocrx_word' id='word_1_526' title='bbox 2501 3374 2691 3437; x_wconf 89' lang='lat' dir='ltr'><strong>utpote</strong></span> <span class='ocrx_word' id='word_1_527' title='bbox 2706 3368 3238 3437; x_wconf 88' lang='lat' dir='ltr'><strong>congruentissimus</strong></span> <span class='ocrx_word' id='word_1_528' title='bbox 3254 3373 3307 3420; x_wconf 91' lang='lat' dir='ltr'><strong>et</strong></span> <span class='ocrx_word' id='word_1_529' title='bbox 3323 3367 3525 3423; x_wconf 80' lang='lat' dir='ltr'><strong>audax.</strong></span> 
     </span>
    </p>
   </div>
   <div class='ocr_carea' id='block_1_73' title="bbox 1934 3458 3504 3531">
    <p class='ocr_par' dir='ltr' id='par_1_73' title="bbox 1934 3458 3504 3531">
     <span class='ocr_line' id='line_1_73' title="bbox 1934 3458 3504 3531; baseline -0.001 -17"><span class='ocrx_word' id='word_1_530' title='bbox 1934 3459 2002 3514; x_wconf 89' lang='lat' dir='ltr'><strong>ad</strong></span> <span class='ocrx_word' id='word_1_531' title='bbox 2057 3460 2324 3529; x_wconf 66' lang='lat' dir='ltr'><strong>praelium.</strong></span> <span class='ocrx_word' id='word_1_532' title='bbox 2353 3461 2425 3514; x_wconf 81' lang='lat' dir='ltr'><strong>At</strong></span> <span class='ocrx_word' id='word_1_533' title='bbox 2455 3476 2587 3516; x_wconf 88' lang='lat' dir='ltr'><strong>vero</strong></span> <span class='ocrx_word' id='word_1_534' title='bbox 2616 3461 2884 3531; x_wconf 61' lang='lat' dir='ltr'><strong>{praelatus</strong></span> <span class='ocrx_word' id='word_1_535' title='bbox 2926 3458 3361 3524; x_wconf 80' lang='lat' dir='ltr'><strong>Constantinus,</strong></span> <span class='ocrx_word' id='word_1_536' title='bbox 3393 3459 3504 3513; x_wconf 85' lang='lat' dir='ltr'><strong>hu-</strong></span> 
     </span>
    </p>
   </div>
   <div class='ocr_carea' id='block_1_74' title="bbox 1930 3547 3504 3624">
    <p class='ocr_par' dir='ltr' id='par_1_74' title="bbox 1930 3547 3504 3624">
     <span class='ocr_line' id='line_1_74' title="bbox 1930 3547 3504 3624; baseline -0.001 -19"><span class='ocrx_word' id='word_1_537' title='bbox 1930 3551 2168 3621; x_wconf 84' lang='lat' dir='ltr'><strong>jusmodi</strong></span> <span class='ocrx_word' id='word_1_538' title='bbox 2205 3552 2394 3607; x_wconf 72' lang='lat' dir='ltr'><strong>Deum,</strong></span> <span class='ocrx_word' id='word_1_539' title='bbox 2422 3553 2860 3624; x_wconf 89' lang='lat' dir='ltr'><strong>impugnantinm</strong></span> <span class='ocrx_word' id='word_1_540' title='bbox 2905 3552 3172 3606; x_wconf 86' lang='lat' dir='ltr'><strong>adversus</strong></span> <span class='ocrx_word' id='word_1_541' title='bbox 3219 3547 3504 3606; x_wconf 59' lang='lat' dir='ltr'><strong>Constana</strong></span> 
     </span>
    </p>
   </div>
   <div class='ocr_carea' id='block_1_75' title="bbox 1937 3639 3486 3714">
    <p class='ocr_par' dir='ltr' id='par_1_75' title="bbox 1937 3639 3486 3714">
     <span class='ocr_line' id='line_1_75' title="bbox 1937 3639 3486 3714; baseline 0.001 -18"><span class='ocrx_word' id='word_1_542' title='bbox 1937 3643 2221 3714; x_wconf 87' lang='lat' dir='ltr'><strong>tinopolim</strong></span> <span class='ocrx_word' id='word_1_543' title='bbox 2255 3639 2405 3702; x_wconf 77' lang='lat' dir='ltr'><strong>moui</strong></span> <span class='ocrx_word' id='word_1_544' title='bbox 2457 3652 2765 3714; x_wconf 87' lang='lat' dir='ltr'><strong>comperto,</strong></span> <span class='ocrx_word' id='word_1_545' title='bbox 2797 3643 3110 3698; x_wconf 81' lang='lat' dir='ltr'><strong>construxit</strong></span> <span class='ocrx_word' id='word_1_546' title='bbox 3149 3648 3204 3695; x_wconf 87' lang='lat' dir='ltr'><strong>et</strong></span> <span class='ocrx_word' id='word_1_547' title='bbox 3237 3641 3355 3710; x_wconf 85' lang='lat' dir='ltr'><strong>ipse</strong></span> <span class='ocrx_word' id='word_1_548' title='bbox 3387 3642 3486 3697; x_wconf 89' lang='lat' dir='ltr'><strong>bie-</strong></span> 
     </span>
    </p>
   </div>
   <div class='ocr_carea' id='block_1_76' title="bbox 1936 3735 3504 3808">
    <p class='ocr_par' dir='ltr' id='par_1_76' title="bbox 1936 3735 3504 3808">
     <span class='ocr_line' id='line_1_76' title="bbox 1936 3735 3504 3808; baseline 0.001 -18"><span class='ocrx_word' id='word_1_549' title='bbox 1936 3751 2025 3792; x_wconf 88' lang='lat' dir='ltr'><strong>res</strong></span> <span class='ocrx_word' id='word_1_550' title='bbox 2076 3736 2232 3792; x_wconf 68' lang='lat' dir='ltr'><strong>mirae</strong></span> <span class='ocrx_word' id='word_1_551' title='bbox 2292 3737 2714 3808; x_wconf 86' lang='lat' dir='ltr'><strong>magnitudinis,</strong></span> <span class='ocrx_word' id='word_1_552' title='bbox 2769 3737 2945 3808; x_wconf 87' lang='lat' dir='ltr'><strong>ignem</strong></span> <span class='ocrx_word' id='word_1_553' title='bbox 3002 3735 3279 3796; x_wconf 80' lang='lat' dir='ltr'><strong>ferentes,</strong></span> <span class='ocrx_word' id='word_1_554' title='bbox 3340 3741 3504 3805; x_wconf 86' lang='lat' dir='ltr'><strong>atque</strong></span> 
     </span>
    </p>
   </div>
   <div class='ocr_carea' id='block_1_77' title="bbox 1937 3829 2252 3884">
    <p class='ocr_par' dir='ltr' id='par_1_77' title="bbox 1937 3829 2252 3884">
     <span class='ocr_line' id='line_1_77' title="bbox 1937 3829 2252 3884; baseline 0 -1"><span class='ocrx_word' id='word_1_555' title='bbox 1937 3829 2252 3884; x_wconf 74' lang='lat' dir='ltr'><strong>dromones.</strong></span> 
     </span>
    </p>
   </div>
   <div class='ocr_carea' id='block_1_78' title="bbox 2006 3921 3504 3994">
    <p class='ocr_par' dir='ltr' id='par_1_78' title="bbox 2006 3921 3504 3994">
     <span class='ocr_line' id='line_1_78' title="bbox 2006 3921 3504 3994; baseline 0.004 -20"><span class='ocrx_word' id='word_1_556' title='bbox 2006 3922 2167 3977; x_wconf 83' lang='lat' dir='ltr'><strong>Anno</strong></span> <span class='ocrx_word' id='word_1_557' title='bbox 2243 3922 2455 3990; x_wconf 88' lang='lat' dir='ltr'><strong>imperii</strong></span> <span class='ocrx_word' id='word_1_558' title='bbox 2537 3921 2882 3978; x_wconf 90' lang='lat' dir='ltr'><strong>Constantini</strong></span> <span class='ocrx_word' id='word_1_559' title='bbox 2955 3924 3149 3994; x_wconf 92' lang='lat' dir='ltr'><strong>quinto</strong></span> <span class='ocrx_word' id='word_1_560' title='bbox 3205 3923 3504 3994; x_wconf 60' lang='lat' dir='ltr'><strong>praedictus</strong></span> 
     </span>
    </p>
   </div>
   <div class='ocr_carea' id='block_1_79' title="bbox 1939 4012 3504 4088">
    <p class='ocr_par' dir='ltr' id='par_1_79' title="bbox 1939 4012 3504 4088">
     <span class='ocr_line' id='line_1_79' title="bbox 1939 4012 3504 4088; baseline 0.003 -22"><span class='ocrx_word' id='word_1_561' title='bbox 1939 4012 2108 4068; x_wconf 84' lang='lat' dir='ltr'><strong>Deum</strong></span> <span class='ocrx_word' id='word_1_562' title='bbox 2142 4015 2581 4085; x_wconf 83' lang='lat' dir='ltr'><strong>impugnantium</strong></span> <span class='ocrx_word' id='word_1_563' title='bbox 2615 4015 2788 4071; x_wconf 84' lang='lat' dir='ltr'><strong>stolus</strong></span> <span class='ocrx_word' id='word_1_564' title='bbox 2822 4017 3126 4072; x_wconf 87' lang='lat' dir='ltr'><strong>ascendens</strong></span> <span class='ocrx_word' id='word_1_565' title='bbox 3152 4017 3418 4088; x_wconf 85' lang='lat' dir='ltr'><strong>applicuit</strong></span> <span class='ocrx_word' id='word_1_566' title='bbox 3449 4017 3504 4071; x_wconf 90' lang='lat' dir='ltr'><strong>in</strong></span> 
     </span>
    </p>
   </div>
   <div class='ocr_carea' id='block_1_80' title="bbox 1937 4106 3524 4178">
    <p class='ocr_par' dir='ltr' id='par_1_80' title="bbox 1937 4106 3524 4178">
     <span class='ocr_line' id='line_1_80' title="bbox 1937 4106 3524 4178; baseline 0.004 -20"><span class='ocrx_word' id='word_1_567' title='bbox 1937 4106 2348 4164; x_wconf 79' lang='lat' dir='ltr'><strong>Thracensibus</strong></span> <span class='ocrx_word' id='word_1_568' title='bbox 2413 4108 2662 4178; x_wconf 88' lang='lat' dir='ltr'><strong>partibus</strong></span> <span class='ocrx_word' id='word_1_569' title='bbox 2702 4151 2715 4171; x_wconf 92' lang='lat'><strong>,</strong></span> <span class='ocrx_word' id='word_1_570' title='bbox 2789 4124 2816 4162; x_wconf 91' lang='lat' dir='ltr'><strong>a</strong></span> <span class='ocrx_word' id='word_1_571' title='bbox 2863 4110 3180 4165; x_wconf 83' lang='lat' dir='ltr'><strong>summitate</strong></span> <span class='ocrx_word' id='word_1_572' title='bbox 3252 4110 3524 4166; x_wconf 66' lang='lat' dir='ltr'><strong>videlicet,</strong></span> 
     </span>
    </p>
   </div>
   <div class='ocr_carea' id='block_1_81' title="bbox 1941 4200 3508 4273">
    <p class='ocr_par' dir='ltr' id='par_1_81' title="bbox 1941 4200 3508 4273">
     <span class='ocr_line' id='line_1_81' title="bbox 1941 4200 3508 4273; baseline 0.001 -17"><span class='ocrx_word' id='word_1_573' title='bbox 1941 4200 2192 4273; x_wconf 87' lang='lat' dir='ltr'><strong>Septimi,</strong></span> <span class='ocrx_word' id='word_1_574' title='bbox 2230 4219 2351 4273; x_wconf 64' lang='lat' dir='ltr'><strong>quae</strong></span> <span class='ocrx_word' id='word_1_575' title='bbox 2378 4204 2552 4273; x_wconf 87' lang='lat' dir='ltr'><strong>vergit</strong></span> <span class='ocrx_word' id='word_1_576' title='bbox 2579 4204 2644 4258; x_wconf 89' lang='lat' dir='ltr'><strong>ad</strong></span> <span class='ocrx_word' id='word_1_577' title='bbox 2668 4203 3028 4266; x_wconf 82' lang='lat' dir='ltr'><strong>occidentem,</strong></span> <span class='ocrx_word' id='word_1_578' title='bbox 3058 4203 3109 4256; x_wconf 89' lang='lat' dir='ltr'><strong>id</strong></span> <span class='ocrx_word' id='word_1_579' title='bbox 3138 4213 3242 4269; x_wconf 89' lang='lat' dir='ltr'><strong>est,</strong></span> <span class='ocrx_word' id='word_1_580' title='bbox 3283 4219 3312 4258; x_wconf 91' lang='lat' dir='ltr'><strong>a</strong></span> <span class='ocrx_word' id='word_1_581' title='bbox 3344 4203 3508 4259; x_wconf 89' lang='lat' dir='ltr'><strong>domo</strong></span> 
     </span>
    </p>
   </div>
   <div class='ocr_carea' id='block_1_82' title="bbox 1939 4292 3511 4365">
    <p class='ocr_par' dir='ltr' id='par_1_82' title="bbox 1939 4292 3511 4365">
     <span class='ocr_line' id='line_1_82' title="bbox 1939 4292 3511 4365; baseline -0.002 -17"><span class='ocrx_word' id='word_1_582' title='bbox 1939 4301 2078 4365; x_wconf 58' lang='lat' dir='ltr'><strong>quae</strong></span> <span class='ocrx_word' id='word_1_583' title='bbox 2102 4293 2399 4363; x_wconf 80' lang='lat' dir='ltr'><strong>Magnaura</strong></span> <span class='ocrx_word' id='word_1_584' title='bbox 2426 4292 2648 4358; x_wconf 84' lang='lat' dir='ltr'><strong>dicitur,</strong></span> <span class='ocrx_word' id='word_1_585' title='bbox 2687 4302 2740 4348; x_wconf 92' lang='lat' dir='ltr'><strong>et</strong></span> <span class='ocrx_word' id='word_1_586' title='bbox 2772 4310 2966 4350; x_wconf 84' lang='lat' dir='ltr'><strong>rursus</strong></span> <span class='ocrx_word' id='word_1_587' title='bbox 2995 4310 3170 4364; x_wconf 91' lang='lat' dir='ltr'><strong>usque</strong></span> <span class='ocrx_word' id='word_1_588' title='bbox 3212 4295 3280 4350; x_wconf 90' lang='lat' dir='ltr'><strong>ad</strong></span> <span class='ocrx_word' id='word_1_589' title='bbox 3327 4310 3511 4352; x_wconf 86' lang='lat' dir='ltr'><strong>arcem.</strong></span> 
     </span>
    </p>
   </div>
   <div class='ocr_carea' id='block_1_83' title="bbox 1940 4385 3510 4458">
    <p class='ocr_par' dir='ltr' id='par_1_83' title="bbox 1940 4385 3510 4458">
     <span class='ocr_line' id='line_1_83' title="bbox 1940 4385 3510 4458; baseline -0.001 -16"><span class='ocrx_word' id='word_1_590' title='bbox 1940 4402 2105 4458; x_wconf 88' lang='lat' dir='ltr'><strong>quam</strong></span> <span class='ocrx_word' id='word_1_591' title='bbox 2131 4385 2683 4457; x_wconf 82' lang='lat' dir='ltr'><strong>Cyclobiumdicunt,</strong></span> <span class='ocrx_word' id='word_1_592' title='bbox 2711 4400 2943 4456; x_wconf 83' lang='lat' dir='ltr'><strong>qmeque</strong></span> <span class='ocrx_word' id='word_1_593' title='bbox 2978 4394 3191 4458; x_wconf 89' lang='lat' dir='ltr'><strong>spectat</strong></span> <span class='ocrx_word' id='word_1_594' title='bbox 3220 4386 3287 4441; x_wconf 90' lang='lat' dir='ltr'><strong>ad</strong></span> <span class='ocrx_word' id='word_1_595' title='bbox 3315 4385 3510 4448; x_wconf 86' lang='lat' dir='ltr'><strong>Orien-</strong></span> 
     </span>
    </p>
   </div>
   <div class='ocr_carea' id='block_1_84' title="bbox 1941 4476 3512 4552">
    <p class='ocr_par' dir='ltr' id='par_1_84' title="bbox 1941 4476 3512 4552">
     <span class='ocr_line' id='line_1_84' title="bbox 1941 4476 3512 4552; baseline 0 -18"><span class='ocrx_word' id='word_1_596' title='bbox 1941 4489 2077 4536; x_wconf 90' lang='lat' dir='ltr'><strong>tem.</strong></span> <span class='ocrx_word' id='word_1_597' title='bbox 2130 4479 2232 4534; x_wconf 86' lang='lat' dir='ltr'><strong>Per</strong></span> <span class='ocrx_word' id='word_1_598' title='bbox 2297 4487 2469 4532; x_wconf 89' lang='lat' dir='ltr'><strong>totum</strong></span> <span class='ocrx_word' id='word_1_599' title='bbox 2528 4480 2711 4549; x_wconf 84' lang='lat' dir='ltr'><strong>itaque</strong></span> <span class='ocrx_word' id='word_1_600' title='bbox 2771 4478 2915 4534; x_wconf 91' lang='lat' dir='ltr'><strong>diem</strong></span> <span class='ocrx_word' id='word_1_601' title='bbox 2997 4476 3316 4552; x_wconf 74' lang='lat' dir='ltr'><strong>congressio</strong></span> <span class='ocrx_word' id='word_1_602' title='bbox 3385 4481 3512 4539; x_wconf 75' lang='lat' dir='ltr'><strong>bei&#39;i</strong></span> 
     </span>
    </p>
   </div>
   <div class='ocr_carea' id='block_1_85' title="bbox 261 4561 1850 4658">
    <p class='ocr_par' dir='ltr' id='par_1_85' title="bbox 261 4583 1849 4658">
     <span class='ocr_line' id='line_1_85' title="bbox 261 4583 1849 4658; baseline 0.003 -22"><span class='ocrx_word' id='word_1_603' title='bbox 261 4583 426 4639; x_wconf 75' lang='lat' dir='ltr'><strong>licem</strong></span> <span class='ocrx_word' id='word_1_604' title='bbox 455 4587 826 4654; x_wconf 89' lang='lat' dir='ltr'><strong>imperatoris,</strong></span> <span class='ocrx_word' id='word_1_605' title='bbox 851 4595 907 4640; x_wconf 88' lang='lat' dir='ltr'><strong>et</strong></span> <span class='ocrx_word' id='word_1_606' title='bbox 936 4585 1196 4657; x_wconf 68' lang='lat' dir='ltr'><strong>protinus.</strong></span> <span class='ocrx_word' id='word_1_607' title='bbox 1216 4587 1375 4655; x_wconf 82' lang='lat' dir='ltr'><strong>fugit.</strong></span> <span class='ocrx_word' id='word_1_608' title='bbox 1407 4586 1502 4641; x_wconf 82' lang='lat' dir='ltr'><strong>Ast</strong></span> <span class='ocrx_word' id='word_1_609' title='bbox 1539 4589 1849 4658; x_wconf 56' lang='lat' dir='ltr'><strong>imperator</strong></span> 
     </span>
    </p>
   </div>
   <div class='ocr_carea' id='block_1_86' title="bbox 1935 4561 3510 4658">
    <p class='ocr_par' dir='ltr' id='par_1_86' title="bbox 1943 4571 3510 4642">
     <span class='ocr_line' id='line_1_86' title="bbox 1943 4571 3510 4642; baseline 0 -17"><span class='ocrx_word' id='word_1_610' title='bbox 1943 4575 2253 4637; x_wconf 85' lang='lat' dir='ltr'><strong>tenebatur,</strong></span> <span class='ocrx_word' id='word_1_611' title='bbox 2285 4571 2338 4623; x_wconf 84' lang='lat' dir='ltr'><strong>id</strong></span> <span class='ocrx_word' id='word_1_612' title='bbox 2364 4581 2450 4626; x_wconf 86' lang='lat' dir='ltr'><strong>est</strong></span> <span class='ocrx_word' id='word_1_613' title='bbox 2491 4586 2520 4624; x_wconf 88' lang='lat' dir='ltr'><strong>a</strong></span> <span class='ocrx_word' id='word_1_614' title='bbox 2579 4585 2738 4625; x_wconf 89' lang='lat' dir='ltr'><strong>mane</strong></span> <span class='ocrx_word' id='word_1_615' title='bbox 2789 4586 2990 4640; x_wconf 67' lang='lat' dir='ltr'><strong>usque»</strong></span> <span class='ocrx_word' id='word_1_616' title='bbox 3013 4571 3104 4626; x_wconf 81' lang='lat' dir='ltr'><strong>ad&#39;</strong></span> <span class='ocrx_word' id='word_1_617' title='bbox 3137 4586 3443 4642; x_wconf 87' lang='lat' dir='ltr'><strong>vesperam,</strong></span> <span class='ocrx_word' id='word_1_618' title='bbox 3480 4587 3510 4625; x_wconf 91' lang='lat' dir='ltr'><strong>a</strong></span> 
     </span>
    </p>
   </div>
   <div class='ocr_carea' id='block_1_87' title="bbox 265 4676 1835 4748">
    <p class='ocr_par' dir='ltr' id='par_1_87' title="bbox 265 4676 1835 4748">
     <span class='ocr_line' id='line_1_87' title="bbox 265 4676 1835 4748; baseline 0.003 -17"><span class='ocrx_word' id='word_1_619' title='bbox 265 4690 391 4731; x_wconf 85' lang='lat' dir='ltr'><strong>eum</strong></span> <span class='ocrx_word' id='word_1_620' title='bbox 427 4676 745 4732; x_wconf 84' lang='lat' dir='ltr'><strong>tardarctur</strong></span> <span class='ocrx_word' id='word_1_621' title='bbox 796 4679 850 4732; x_wconf 92' lang='lat' dir='ltr'><strong>in</strong></span> <span class='ocrx_word' id='word_1_622' title='bbox 892 4677 1090 4733; x_wconf 85' lang='lat' dir='ltr'><strong>balneo</strong></span> <span class='ocrx_word' id='word_1_623' title='bbox 1119 4719 1134 4740; x_wconf 87' lang='lat'><strong>,</strong></span> <span class='ocrx_word' id='word_1_624' title='bbox 1177 4678 1429 4732; x_wconf 86' lang='lat' dir='ltr'><strong>insiliunt</strong></span> <span class='ocrx_word' id='word_1_625' title='bbox 1486 4679 1541 4732; x_wconf 91' lang='lat' dir='ltr'><strong>hi</strong></span> <span class='ocrx_word' id='word_1_626' title='bbox 1576 4679 1666 4748; x_wconf 91' lang='lat' dir='ltr'><strong>qui</strong></span> <span class='ocrx_word' id='word_1_627' title='bbox 1703 4679 1835 4735; x_wconf 90' lang='lat' dir='ltr'><strong>foris</strong></span> 
     </span>
    </p>
   </div>
   <div class='ocr_carea' id='block_1_88' title="bbox 265 4768 1836 4838">
    <p class='ocr_par' dir='ltr' id='par_1_88' title="bbox 265 4768 1836 4838">
     <span class='ocr_line' id='line_1_88' title="bbox 265 4768 1836 4838; baseline 0.002 -17"><span class='ocrx_word' id='word_1_628' title='bbox 265 4777 463 4832; x_wconf 80' lang='lat' dir='ltr'><strong>erant,</strong></span> <span class='ocrx_word' id='word_1_629' title='bbox 516 4774 570 4822; x_wconf 89' lang='lat' dir='ltr'><strong>et</strong></span> <span class='ocrx_word' id='word_1_630' title='bbox 623 4768 912 4838; x_wconf 86' lang='lat' dir='ltr'><strong>reperiunt</strong></span> <span class='ocrx_word' id='word_1_631' title='bbox 961 4768 1348 4838; x_wconf 84' lang='lat' dir='ltr'><strong>imperatorem</strong></span> <span class='ocrx_word' id='word_1_632' title='bbox 1388 4769 1660 4824; x_wconf 89' lang='lat' dir='ltr'><strong>occisum.</strong></span> <span class='ocrx_word' id='word_1_633' title='bbox 1717 4772 1836 4835; x_wconf 74' lang='lat' dir='ltr'><strong>Quo</strong></span> 
     </span>
    </p>
   </div>
   <div class='ocr_carea' id='block_1_89' title="bbox 267 4850 1832 4929">
    <p class='ocr_par' dir='ltr' id='par_1_89' title="bbox 267 4850 1832 4929">
     <span class='ocr_line' id='line_1_89' title="bbox 267 4850 1832 4929; baseline 0.001 -16"><span class='ocrx_word' id='word_1_634' title='bbox 267 4860 480 4929; x_wconf 85' lang='lat' dir='ltr'><strong>sepulto</strong></span> <span class='ocrx_word' id='word_1_635' title='bbox 508 4858 730 4915; x_wconf 78' lang='lat' dir='ltr'><strong>Mizium</strong></span> <span class='ocrx_word' id='word_1_636' title='bbox 773 4850 1064 4925; x_wconf 80' lang='lat' dir='ltr'><strong>quemdam</strong></span> <span class='ocrx_word' id='word_1_637' title='bbox 1093 4859 1415 4914; x_wconf 78' lang='lat' dir='ltr'><strong>Armenium</strong></span> <span class='ocrx_word' id='word_1_638' title='bbox 1452 4859 1832 4929; x_wconf 89' lang='lat' dir='ltr'><strong>imperatorem</strong></span> 
     </span>
    </p>
   </div>
   <div class='ocr_carea' id='block_1_90' title="bbox 269 4951 1836 5023">
    <p class='ocr_par' dir='ltr' id='par_1_90' title="bbox 269 4951 1836 5023">
     <span class='ocr_line' id='line_1_90' title="bbox 269 4951 1836 5023; baseline 0.002 -19"><span class='ocrx_word' id='word_1_639' title='bbox 269 4951 540 5019; x_wconf 81' lang='lat' dir='ltr'><strong>fecerunt,</strong></span> <span class='ocrx_word' id='word_1_640' title='bbox 593 4955 645 5007; x_wconf 90' lang='lat' dir='ltr'><strong>vi</strong></span> <span class='ocrx_word' id='word_1_641' title='bbox 687 4959 944 5023; x_wconf 77' lang='lat' dir='ltr'><strong>cogentes</strong></span> <span class='ocrx_word' id='word_1_642' title='bbox 988 4951 1136 5006; x_wconf 88' lang='lat' dir='ltr'><strong>hunc</strong></span> <span class='ocrx_word' id='word_1_643' title='bbox 1170 4958 1334 5007; x_wconf 87' lang='lat' dir='ltr'><strong>:erat</strong></span> <span class='ocrx_word' id='word_1_644' title='bbox 1364 4952 1510 5006; x_wconf 88' lang='lat' dir='ltr'><strong>enim</strong></span> <span class='ocrx_word' id='word_1_645' title='bbox 1551 4952 1707 5006; x_wconf 87' lang='lat' dir='ltr'><strong>valde</strong></span> <span class='ocrx_word' id='word_1_646' title='bbox 1736 4953 1836 5007; x_wconf 83' lang='lat' dir='ltr'><strong>de-</strong></span> 
     </span>
    </p>
   </div>
   <div class='ocr_carea' id='block_1_91' title="bbox 267 5044 1834 5117">
    <p class='ocr_par' dir='ltr' id='par_1_91' title="bbox 267 5044 1834 5117">
     <span class='ocr_line' id='line_1_91' title="bbox 267 5044 1834 5117; baseline -0.001 -15"><span class='ocrx_word' id='word_1_647' title='bbox 267 5061 432 5102; x_wconf 81' lang='lat' dir='ltr'><strong>corus</strong></span> <span class='ocrx_word' id='word_1_648' title='bbox 462 5055 518 5103; x_wconf 91' lang='lat' dir='ltr'><strong>et</strong></span> <span class='ocrx_word' id='word_1_649' title='bbox 553 5046 860 5117; x_wconf 88' lang='lat' dir='ltr'><strong>speciosus.</strong></span> <span class='ocrx_word' id='word_1_650' title='bbox 885 5045 1088 5101; x_wconf 82' lang='lat' dir='ltr'><strong>Audito</strong></span> <span class='ocrx_word' id='word_1_651' title='bbox 1130 5055 1396 5116; x_wconf 60' lang='lat' dir='ltr'><strong>pratcrea</strong></span> <span class='ocrx_word' id='word_1_652' title='bbox 1433 5044 1834 5101; x_wconf 89' lang='lat' dir='ltr'><strong>Constantinus</strong></span> 
     </span>
    </p>
   </div>
   <div class='ocr_carea' id='block_1_92' title="bbox 272 5137 1836 5208">
    <p class='ocr_par' dir='ltr' id='par_1_92' title="bbox 272 5137 1836 5208">
     <span class='ocr_line' id='line_1_92' title="bbox 272 5137 1836 5208; baseline 0 -18"><span class='ocrx_word' id='word_1_653' title='bbox 272 5141 445 5205; x_wconf 81' lang='lat' dir='ltr'><strong>patris</strong></span> <span class='ocrx_word' id='word_1_654' title='bbox 479 5140 632 5196; x_wconf 87' lang='lat' dir='ltr'><strong>obitu</strong></span> <span class='ocrx_word' id='word_1_655' title='bbox 668 5156 791 5194; x_wconf 87' lang='lat' dir='ltr'><strong>cum</strong></span> <span class='ocrx_word' id='word_1_656' title='bbox 839 5140 1011 5194; x_wconf 89' lang='lat' dir='ltr'><strong>multo</strong></span> <span class='ocrx_word' id='word_1_657' title='bbox 1046 5139 1263 5208; x_wconf 80' lang='lat' dir='ltr'><strong>navigio</strong></span> <span class='ocrx_word' id='word_1_658' title='bbox 1296 5139 1350 5194; x_wconf 91' lang='lat' dir='ltr'><strong>in</strong></span> <span class='ocrx_word' id='word_1_659' title='bbox 1387 5137 1631 5193; x_wconf 89' lang='lat' dir='ltr'><strong>Siciliam</strong></span> <span class='ocrx_word' id='word_1_660' title='bbox 1671 5139 1836 5206; x_wconf 87' lang='lat' dir='ltr'><strong>venit,</strong></span> 
     </span>
    </p>
   </div>
   <div class='ocr_carea' id='block_1_93' title="bbox 270 5229 1839 5302">
    <p class='ocr_par' dir='ltr' id='par_1_93' title="bbox 270 5229 1839 5302">
     <span class='ocr_line' id='line_1_93' title="bbox 270 5229 1839 5302; baseline 0.001 -21"><span class='ocrx_word' id='word_1_661' title='bbox 270 5237 324 5281; x_wconf 83' lang='lat' dir='ltr'><strong>et</strong></span> <span class='ocrx_word' id='word_1_662' title='bbox 364 5245 657 5302; x_wconf 80' lang='lat' dir='ltr'><strong>aggressus</strong></span> <span class='ocrx_word' id='word_1_663' title='bbox 689 5230 906 5285; x_wconf 74' lang='lat' dir='ltr'><strong>Mizium</strong></span> <span class='ocrx_word' id='word_1_664' title='bbox 941 5231 1084 5286; x_wconf 90' lang='lat' dir='ltr'><strong>hunc</strong></span> <span class='ocrx_word' id='word_1_665' title='bbox 1121 5229 1394 5286; x_wconf 86' lang='lat' dir='ltr'><strong>interfecit</strong></span> <span class='ocrx_word' id='word_1_666' title='bbox 1420 5245 1544 5283; x_wconf 90' lang='lat' dir='ltr'><strong>cum</strong></span> <span class='ocrx_word' id='word_1_667' title='bbox 1589 5231 1839 5284; x_wconf 81' lang='lat' dir='ltr'><strong>occciso—</strong></span> 
     </span>
    </p>
   </div>
   <div class='ocr_carea' id='block_1_94' title="bbox 273 5320 1839 5394">
    <p class='ocr_par' dir='ltr' id='par_1_94' title="bbox 273 5320 1839 5394">
     <span class='ocr_line' id='line_1_94' title="bbox 273 5320 1839 5394; baseline 0.001 -21"><span class='ocrx_word' id='word_1_668' title='bbox 273 5323 424 5377; x_wconf 89' lang='lat' dir='ltr'><strong>ribus</strong></span> <span class='ocrx_word' id='word_1_669' title='bbox 451 5324 622 5394; x_wconf 86' lang='lat' dir='ltr'><strong>patris</strong></span> <span class='ocrx_word' id='word_1_670' title='bbox 663 5324 771 5391; x_wconf 87' lang='lat' dir='ltr'><strong>sui,</strong></span> <span class='ocrx_word' id='word_1_671' title='bbox 803 5332 857 5379; x_wconf 89' lang='lat' dir='ltr'><strong>et</strong></span> <span class='ocrx_word' id='word_1_672' title='bbox 896 5323 1166 5378; x_wconf 79' lang='lat' dir='ltr'><strong>ordinatis</strong></span> <span class='ocrx_word' id='word_1_673' title='bbox 1209 5320 1489 5393; x_wconf 80' lang='lat' dir='ltr'><strong>Hesperiis</strong></span> <span class='ocrx_word' id='word_1_674' title='bbox 1521 5322 1839 5376; x_wconf 84' lang='lat' dir='ltr'><strong>Constanti-</strong></span> 
     </span>
    </p>
   </div>
   <div class='ocr_carea' id='block_1_95' title="bbox 273 5413 1842 5484">
    <p class='ocr_par' dir='ltr' id='par_1_95' title="bbox 273 5413 1842 5484">
     <span class='ocr_line' id='line_1_95' title="bbox 273 5413 1842 5484; baseline -0.001 -15"><span class='ocrx_word' id='word_1_675' title='bbox 273 5417 508 5482; x_wconf 86' lang='lat' dir='ltr'><strong>nopolim</strong></span> <span class='ocrx_word' id='word_1_676' title='bbox 539 5417 720 5484; x_wconf 88' lang='lat' dir='ltr'><strong>rediit,</strong></span> <span class='ocrx_word' id='word_1_677' title='bbox 761 5426 815 5472; x_wconf 90' lang='lat' dir='ltr'><strong>et</strong></span> <span class='ocrx_word' id='word_1_678' title='bbox 868 5417 1133 5474; x_wconf 83' lang='lat' dir='ltr'><strong>Romanis</strong></span> <span class='ocrx_word' id='word_1_679' title='bbox 1178 5432 1286 5470; x_wconf 86' lang='lat' dir='ltr'><strong>una</strong></span> <span class='ocrx_word' id='word_1_680' title='bbox 1337 5430 1460 5470; x_wconf 92' lang='lat' dir='ltr'><strong>cum</strong></span> <span class='ocrx_word' id='word_1_681' title='bbox 1518 5413 1737 5470; x_wconf 83' lang='lat' dir='ltr'><strong>Tiberio</strong></span> <span class='ocrx_word' id='word_1_682' title='bbox 1787 5423 1842 5470; x_wconf 83' lang='lat' dir='ltr'><strong>et</strong></span> 
     </span>
    </p>
   </div>
   <div class='ocr_carea' id='block_1_96' title="bbox 271 5506 1100 5580">
    <p class='ocr_par' dir='ltr' id='par_1_96' title="bbox 271 5506 1100 5580">
     <span class='ocr_line' id='line_1_96' title="bbox 271 5506 1100 5580; baseline 0.002 -18"><span class='ocrx_word' id='word_1_683' title='bbox 271 5506 522 5565; x_wconf 76' lang='lat' dir='ltr'><strong>Heraclio</strong></span> <span class='ocrx_word' id='word_1_684' title='bbox 553 5509 816 5565; x_wconf 89' lang='lat' dir='ltr'><strong>fratribus</strong></span> <span class='ocrx_word' id='word_1_685' title='bbox 848 5511 1100 5580; x_wconf 89' lang='lat' dir='ltr'><strong>imperat.</strong></span> 
     </span>
    </p>
   </div>
   <div class='ocr_carea' id='block_1_97' title="bbox 341 5601 1842 5674">
    <p class='ocr_par' dir='ltr' id='par_1_97' title="bbox 341 5601 1842 5674">
     <span class='ocr_line' id='line_1_97' title="bbox 341 5601 1842 5674; baseline 0.001 -20"><span class='ocrx_word' id='word_1_686' title='bbox 341 5601 499 5658; x_wconf 83' lang='lat' dir='ltr'><strong>Anno</strong></span> <span class='ocrx_word' id='word_1_687' title='bbox 534 5605 712 5673; x_wconf 87' lang='lat' dir='ltr'><strong>primo</strong></span> <span class='ocrx_word' id='word_1_688' title='bbox 763 5603 978 5674; x_wconf 83' lang='lat' dir='ltr'><strong>imperii</strong></span> <span class='ocrx_word' id='word_1_689' title='bbox 1023 5601 1367 5658; x_wconf 87' lang='lat' dir='ltr'><strong>Constantini</strong></span> <span class='ocrx_word' id='word_1_690' title='bbox 1420 5601 1608 5656; x_wconf 88' lang='lat' dir='ltr'><strong>decem</strong></span> <span class='ocrx_word' id='word_1_691' title='bbox 1659 5611 1713 5656; x_wconf 87' lang='lat' dir='ltr'><strong>et</strong></span> <span class='ocrx_word' id='word_1_692' title='bbox 1759 5617 1842 5658; x_wconf 88' lang='lat' dir='ltr'><strong>se-</strong></span> 
     </span>
    </p>
   </div>
   <div class='ocr_carea' id='block_1_98' title="bbox 277 5687 1841 5764">
    <p class='ocr_par' dir='ltr' id='par_1_98' title="bbox 277 5687 1841 5764">
     <span class='ocr_line' id='line_1_98' title="bbox 277 5687 1841 5764; baseline 0.001 -17"><span class='ocrx_word' id='word_1_693' title='bbox 277 5703 417 5762; x_wconf 77' lang='lat' dir='ltr'><strong>ptem</strong></span> <span class='ocrx_word' id='word_1_694' title='bbox 449 5696 609 5751; x_wconf 90' lang='lat' dir='ltr'><strong>annis</strong></span> <span class='ocrx_word' id='word_1_695' title='bbox 639 5696 963 5764; x_wconf 75' lang='lat' dir='ltr'><strong>imperantis</strong></span> <span class='ocrx_word' id='word_1_696' title='bbox 993 5706 1282 5750; x_wconf 81' lang='lat' dir='ltr'><strong>moverunt</strong></span> <span class='ocrx_word' id='word_1_697' title='bbox 1326 5695 1584 5751; x_wconf 80' lang='lat' dir='ltr'><strong>Saraceni</strong></span> <span class='ocrx_word' id='word_1_698' title='bbox 1605 5687 1608 5689; x_wconf 12' lang='grc' dir='ltr'><strong>Α</strong></span> <span class='ocrx_word' id='word_1_699' title='bbox 1632 5697 1841 5750; x_wconf 81' lang='lat' dir='ltr'><strong>exerci-</strong></span> 
     </span>
    </p>
   </div>
   <div class='ocr_carea' id='block_1_99' title="bbox 1945 4662 3512 4735">
    <p class='ocr_par' dir='ltr' id='par_1_99' title="bbox 1945 4662 3512 4735">
     <span class='ocr_line' id='line_1_99' title="bbox 1945 4662 3512 4735; baseline 0 -17"><span class='ocrx_word' id='word_1_700' title='bbox 1945 4662 2255 4720; x_wconf 88' lang='lat' dir='ltr'><strong>Brachialio</strong></span> <span class='ocrx_word' id='word_1_701' title='bbox 2289 4677 2467 4716; x_wconf 79' lang='lat' dir='ltr'><strong>aurea:</strong></span> <span class='ocrx_word' id='word_1_702' title='bbox 2513 4670 2682 4731; x_wconf 70' lang='lat' dir='ltr'><strong>portae</strong></span> <span class='ocrx_word' id='word_1_703' title='bbox 2727 4677 2901 4731; x_wconf 88' lang='lat' dir='ltr'><strong>usque</strong></span> <span class='ocrx_word' id='word_1_704' title='bbox 2944 4662 3392 4735; x_wconf 82' lang='lat' dir='ltr'><strong>ad&#39;Cyclobinm,</strong></span> <span class='ocrx_word' id='word_1_705' title='bbox 3428 4663 3512 4718; x_wconf 87' lang='lat' dir='ltr'><strong>in-</strong></span> 
     </span>
    </p>
   </div>
   <div class='ocr_carea' id='block_1_100' title="bbox 1943 4753 3514 4831">
    <p class='ocr_par' dir='ltr' id='par_1_100' title="bbox 1943 4753 3514 4831">
     <span class='ocr_line' id='line_1_100' title="bbox 1943 4753 3514 4831; baseline -0.002 -21"><span class='ocrx_word' id='word_1_706' title='bbox 1943 4758 2119 4810; x_wconf 89' lang='lat' dir='ltr'><strong>vicem</strong></span> <span class='ocrx_word' id='word_1_707' title='bbox 2171 4766 2402 4824; x_wconf 85' lang='lat' dir='ltr'><strong>utraque</strong></span> <span class='ocrx_word' id='word_1_708' title='bbox 2453 4763 2611 4823; x_wconf 87' lang='lat' dir='ltr'><strong>parte</strong></span> <span class='ocrx_word' id='word_1_709' title='bbox 2667 4769 2816 4808; x_wconf 91' lang='lat' dir='ltr'><strong>nunc</strong></span> <span class='ocrx_word' id='word_1_710' title='bbox 2867 4754 3101 4824; x_wconf 88' lang='lat' dir='ltr'><strong>impulsa</strong></span> <span class='ocrx_word' id='word_1_711' title='bbox 3142 4770 3288 4809; x_wconf 90' lang='lat' dir='ltr'><strong>nunc</strong></span> <span class='ocrx_word' id='word_1_712' title='bbox 3324 4753 3514 4831; x_wconf 80' lang='lat' dir='ltr'><strong>impel-</strong></span> 
     </span>
    </p>
   </div>
   <div class='ocr_carea' id='block_1_101' title="bbox 1943 4841 3514 4914">
    <p class='ocr_par' dir='ltr' id='par_1_101' title="bbox 1943 4841 3514 4914">
     <span class='ocr_line' id='line_1_101' title="bbox 1943 4841 3514 4914; baseline 0.001 -15"><span class='ocrx_word' id='word_1_713' title='bbox 1943 4846 2110 4902; x_wconf 90' lang='lat' dir='ltr'><strong>lente.</strong></span> <span class='ocrx_word' id='word_1_714' title='bbox 2169 4846 2225 4898; x_wconf 93' lang='lat' dir='ltr'><strong>ln</strong></span> <span class='ocrx_word' id='word_1_715' title='bbox 2280 4844 2364 4897; x_wconf 88' lang='lat' dir='ltr'><strong>his</strong></span> <span class='ocrx_word' id='word_1_716' title='bbox 2421 4844 2590 4912; x_wconf 90' lang='lat' dir='ltr'><strong>igitur</strong></span> <span class='ocrx_word' id='word_1_717' title='bbox 2630 4841 2958 4911; x_wconf 29' lang='lat' dir='ltr'><strong>deguerunt.</strong></span> <span class='ocrx_word' id='word_1_718' title='bbox 2992 4843 3084 4898; x_wconf 80' lang='lat' dir='ltr'><strong>ab.</strong></span> <span class='ocrx_word' id='word_1_719' title='bbox 3113 4843 3286 4914; x_wconf 83' lang='lat' dir='ltr'><strong>Aprili</strong></span> <span class='ocrx_word' id='word_1_720' title='bbox 3329 4860 3514 4900; x_wconf 88' lang='lat' dir='ltr'><strong>mense</strong></span> 
     </span>
    </p>
   </div>
   <div class='ocr_carea' id='block_1_102' title="bbox 1945 4933 3541 5008">
    <p class='ocr_par' dir='ltr' id='par_1_102' title="bbox 1945 4933 3541 5008">
     <span class='ocr_line' id='line_1_102' title="bbox 1945 4933 3541 5008; baseline -0.004 -16"><span class='ocrx_word' id='word_1_721' title='bbox 1945 4953 2120 5008; x_wconf 88' lang='lat' dir='ltr'><strong>usque</strong></span> <span class='ocrx_word' id='word_1_722' title='bbox 2177 4937 2242 4990; x_wconf 86' lang='lat' dir='ltr'><strong>ad</strong></span> <span class='ocrx_word' id='word_1_723' title='bbox 2296 4933 2724 5005; x_wconf 81' lang='lat' dir='ltr'><strong>Septembrium,</strong></span> <span class='ocrx_word' id='word_1_724' title='bbox 2752 4941 2809 4989; x_wconf 91' lang='lat' dir='ltr'><strong>et</strong></span> <span class='ocrx_word' id='word_1_725' title='bbox 2849 4936 3052 4990; x_wconf 83' lang='lat' dir='ltr'><strong>reversi</strong></span> <span class='ocrx_word' id='word_1_726' title='bbox 3098 4935 3356 5006; x_wconf 87' lang='lat' dir='ltr'><strong>Cyzicum</strong></span> <span class='ocrx_word' id='word_1_727' title='bbox 3393 4951 3541 5006; x_wconf 86' lang='lat' dir='ltr'><strong>per-.</strong></span> 
     </span>
    </p>
   </div>
   <div class='ocr_carea' id='block_1_103' title="bbox 1945 5029 3512 5103">
    <p class='ocr_par' dir='ltr' id='par_1_103' title="bbox 1945 5029 3512 5103">
     <span class='ocr_line' id='line_1_103' title="bbox 1945 5029 3512 5103; baseline -0.003 -14"><span class='ocrx_word' id='word_1_728' title='bbox 1945 5044 2103 5103; x_wconf 81' lang='lat' dir='ltr'><strong>gunt,</strong></span> <span class='ocrx_word' id='word_1_729' title='bbox 2135 5041 2190 5087; x_wconf 89' lang='lat' dir='ltr'><strong>et</strong></span> <span class='ocrx_word' id='word_1_730' title='bbox 2226 5031 2328 5084; x_wconf 88' lang='lat' dir='ltr'><strong>hae</strong></span> <span class='ocrx_word' id='word_1_731' title='bbox 2357 5029 2758 5099; x_wconf 85' lang='lat' dir='ltr'><strong>comprehensa</strong></span> <span class='ocrx_word' id='word_1_732' title='bbox 2794 5029 2907 5085; x_wconf 84' lang='lat' dir='ltr'><strong>illic</strong></span> <span class='ocrx_word' id='word_1_733' title='bbox 2931 5029 3268 5095; x_wconf 86' lang='lat' dir='ltr'><strong>hiemabant,</strong></span> <span class='ocrx_word' id='word_1_734' title='bbox 3283 5041 3336 5085; x_wconf 90' lang='lat' dir='ltr'><strong>et</strong></span> <span class='ocrx_word' id='word_1_735' title='bbox 3365 5032 3512 5086; x_wconf 91' lang='lat' dir='ltr'><strong>omni</strong></span> 
     </span>
    </p>
   </div>
   <div class='ocr_carea' id='block_1_104' title="bbox 1943 5121 3510 5190">
    <p class='ocr_par' dir='ltr' id='par_1_104' title="bbox 1943 5121 3510 5190">
     <span class='ocr_line' id='line_1_104' title="bbox 1943 5121 3510 5190; baseline -0.002 -12"><span class='ocrx_word' id='word_1_736' title='bbox 1943 5143 2072 5180; x_wconf 82' lang='lat' dir='ltr'><strong>vere</strong></span> <span class='ocrx_word' id='word_1_737' title='bbox 2104 5123 2407 5180; x_wconf 85' lang='lat' dir='ltr'><strong>ascendens-</strong></span> <span class='ocrx_word' id='word_1_738' title='bbox 2433 5121 2683 5176; x_wconf 88' lang='lat' dir='ltr'><strong>similiter</strong></span> <span class='ocrx_word' id='word_1_739' title='bbox 2717 5137 2813 5190; x_wconf 90' lang='lat' dir='ltr'><strong>per</strong></span> <span class='ocrx_word' id='word_1_740' title='bbox 2854 5137 3002 5176; x_wconf 90' lang='lat' dir='ltr'><strong>mare</strong></span> <span class='ocrx_word' id='word_1_741' title='bbox 3037 5123 3349 5179; x_wconf 82' lang='lat' dir='ltr'><strong>conﬂictum</strong></span> <span class='ocrx_word' id='word_1_742' title='bbox 3385 5138 3510 5177; x_wconf 89' lang='lat' dir='ltr'><strong>cum</strong></span> 
     </span>
    </p>
   </div>
   <div class='ocr_carea' id='block_1_105' title="bbox 1945 5211 3541 5284">
    <p class='ocr_par' dir='ltr' id='par_1_105' title="bbox 1945 5211 3541 5284">
     <span class='ocr_line' id='line_1_105' title="bbox 1945 5211 3541 5284; baseline -0.007 -10"><span class='ocrx_word' id='word_1_743' title='bbox 1945 5217 2274 5274; x_wconf 80' lang='lat' dir='ltr'><strong>Christianis</strong></span> <span class='ocrx_word' id='word_1_744' title='bbox 2328 5215 2584 5270; x_wconf 86' lang='lat' dir='ltr'><strong>habebat.</strong></span> <span class='ocrx_word' id='word_1_745' title='bbox 2638 5211 2742 5268; x_wconf 87' lang='lat' dir='ltr'><strong>Per</strong></span> <span class='ocrx_word' id='word_1_746' title='bbox 2802 5221 3006 5284; x_wconf 84' lang='lat' dir='ltr'><strong>septem</strong></span> <span class='ocrx_word' id='word_1_747' title='bbox 3040 5230 3173 5269; x_wconf 88' lang='lat' dir='ltr'><strong>sane</strong></span> <span class='ocrx_word' id='word_1_748' title='bbox 3220 5229 3393 5271; x_wconf 83' lang='lat' dir='ltr'><strong>annos</strong></span> <span class='ocrx_word' id='word_1_749' title='bbox 3426 5215 3541 5271; x_wconf 78' lang='lat' dir='ltr'><strong>his,</strong></span> 
     </span>
    </p>
   </div>
   <div class='ocr_carea' id='block_1_106' title="bbox 1944 5305 3537 5382">
    <p class='ocr_par' dir='ltr' id='par_1_106' title="bbox 1944 5305 3537 5382">
     <span class='ocr_line' id='line_1_106' title="bbox 1944 5305 3537 5382; baseline -0.014 -12"><span class='ocrx_word' id='word_1_750' title='bbox 1944 5315 2149 5370; x_wconf 89' lang='lat' dir='ltr'><strong>eisdem</strong></span> <span class='ocrx_word' id='word_1_751' title='bbox 2205 5309 2398 5382; x_wconf 85' lang='lat' dir='ltr'><strong>gestis,</strong></span> <span class='ocrx_word' id='word_1_752' title='bbox 2445 5317 2499 5362; x_wconf 88' lang='lat' dir='ltr'><strong>et</strong></span> <span class='ocrx_word' id='word_1_753' title='bbox 2560 5307 2744 5361; x_wconf 86' lang='lat' dir='ltr'><strong>divina</strong></span> <span class='ocrx_word' id='word_1_754' title='bbox 2803 5305 3007 5377; x_wconf 86' lang='lat' dir='ltr'><strong>Deique</strong></span> <span class='ocrx_word' id='word_1_755' title='bbox 3056 5307 3362 5362; x_wconf 77' lang='lat' dir='ltr'><strong>Genitricis-</strong></span> <span class='ocrx_word' id='word_1_756' title='bbox 3411 5322 3537 5378; x_wconf 71' lang='lat' dir='ltr'><strong>ope.</strong></span> 
     </span>
    </p>
   </div>
   <div class='ocr_carea' id='block_1_107' title="bbox 1947 5399 3526 5465">
    <p class='ocr_par' dir='ltr' id='par_1_107' title="bbox 1947 5399 3526 5465">
     <span class='ocr_line' id='line_1_107' title="bbox 1947 5399 3526 5465; baseline -0.005 -1"><span class='ocrx_word' id='word_1_757' title='bbox 1947 5405 2296 5464; x_wconf 84' lang='lat' dir='ltr'><strong>multitudine</strong></span> <span class='ocrx_word' id='word_1_758' title='bbox 2329 5402 2575 5455; x_wconf 84' lang='lat' dir='ltr'><strong>virorum</strong></span> <span class='ocrx_word' id='word_1_759' title='bbox 2624 5399 3271 5465; x_wconf 83' lang='lat' dir='ltr'><strong>bellicosorum-amissa,</strong></span> <span class='ocrx_word' id='word_1_760' title='bbox 3302 5409 3354 5454; x_wconf 92' lang='lat' dir='ltr'><strong>ct</strong></span> <span class='ocrx_word' id='word_1_761' title='bbox 3395 5399 3526 5456; x_wconf 50' lang='lat' dir='ltr'><strong>vui.—</strong></span> 
     </span>
    </p>
   </div>
   <div class='ocr_carea' id='block_1_108' title="bbox 1949 5493 3531 5559">
    <p class='ocr_par' dir='ltr' id='par_1_108' title="bbox 1949 5493 3531 5559">
     <span class='ocr_line' id='line_1_108' title="bbox 1949 5493 3531 5559; baseline -0.009 -1"><span class='ocrx_word' id='word_1_762' title='bbox 1949 5503 2234 5558; x_wconf 80' lang='lat' dir='ltr'><strong>iteratione</strong></span> <span class='ocrx_word' id='word_1_763' title='bbox 2285 5497 2521 5550; x_wconf 79' lang='lat' dir='ltr'><strong>maxima</strong></span> <span class='ocrx_word' id='word_1_764' title='bbox 2576 5494 2630 5547; x_wconf 89' lang='lat' dir='ltr'><strong>in</strong></span> <span class='ocrx_word' id='word_1_765' title='bbox 2669 5495 2750 5549; x_wconf 88' lang='lat' dir='ltr'><strong>eis</strong></span> <span class='ocrx_word' id='word_1_766' title='bbox 2790 5493 3010 5559; x_wconf 75' lang='lat' dir='ltr'><strong>eﬂ‘ecta,</strong></span> <span class='ocrx_word' id='word_1_767' title='bbox 3043 5494 3261 5549; x_wconf 83' lang='lat' dir='ltr'><strong>confusi</strong></span> <span class='ocrx_word' id='word_1_768' title='bbox 3309 5493 3531 5548; x_wconf 73' lang='lat' dir='ltr'><strong>reversi.</strong></span> 
     </span>
    </p>
   </div>
   <div class='ocr_carea' id='block_1_109' title="bbox 1949 5585 3520 5663">
    <p class='ocr_par' dir='ltr' id='par_1_109' title="bbox 1949 5585 3520 5663">
     <span class='ocr_line' id='line_1_109' title="bbox 1949 5585 3520 5663; baseline -0.009 -10"><span class='ocrx_word' id='word_1_769' title='bbox 1949 5604 2076 5655; x_wconf 86' lang='lat' dir='ltr'><strong>sunt</strong></span> <span class='ocrx_word' id='word_1_770' title='bbox 2105 5610 2227 5649; x_wconf 77' lang='lat' dir='ltr'><strong>cum</strong></span> <span class='ocrx_word' id='word_1_771' title='bbox 2255 5590 2459 5663; x_wconf 79' lang='lat' dir='ltr'><strong>ingenti</strong></span> <span class='ocrx_word' id='word_1_772' title='bbox 2495 5587 2772 5640; x_wconf 68' lang='lat' dir='ltr'><strong>mmstitia.</strong></span> <span class='ocrx_word' id='word_1_773' title='bbox 2799 5585 2932 5641; x_wconf 90' lang='lat' dir='ltr'><strong>Cum</strong></span> <span class='ocrx_word' id='word_1_774' title='bbox 2956 5598 3139 5642; x_wconf 80' lang='lat' dir='ltr'><strong>autem</strong></span> <span class='ocrx_word' id='word_1_775' title='bbox 3169 5585 3520 5640; x_wconf 84' lang='lat' dir='ltr'><strong>discessisset</strong></span> 
     </span>
    </p>
   </div>
   <div class='ocr_carea' id='block_1_110' title="bbox 1949 5676 3534 5755">
    <p class='ocr_par' dir='ltr' id='par_1_110' title="bbox 1949 5676 3534 5755">
     <span class='ocr_line' id='line_1_110' title="bbox 1949 5676 3534 5755; baseline -0.009 -8"><span class='ocrx_word' id='word_1_776' title='bbox 1949 5693 2091 5748; x_wconf 90' lang='lat' dir='ltr'><strong>idem</strong></span> <span class='ocrx_word' id='word_1_777' title='bbox 2121 5682 2517 5755; x_wconf 88' lang='lat' dir='ltr'><strong>demergendus</strong></span> <span class='ocrx_word' id='word_1_778' title='bbox 2567 5693 2596 5730; x_wconf 87' lang='lat' dir='ltr'><strong>a</strong></span> <span class='ocrx_word' id='word_1_779' title='bbox 2633 5676 2739 5730; x_wconf 89' lang='lat' dir='ltr'><strong>Deo</strong></span> <span class='ocrx_word' id='word_1_780' title='bbox 2769 5682 2964 5743; x_wconf 89' lang='lat' dir='ltr'><strong>stolus,</strong></span> <span class='ocrx_word' id='word_1_781' title='bbox 3000 5681 3066 5732; x_wconf 90' lang='lat' dir='ltr'><strong>ab</strong></span> <span class='ocrx_word' id='word_1_782' title='bbox 3113 5677 3330 5732; x_wconf 82' lang='lat' dir='ltr'><strong>hiemali</strong></span> <span class='ocrx_word' id='word_1_783' title='bbox 3380 5685 3534 5732; x_wconf 68' lang='lat' dir='ltr'><strong>aestu.</strong></span> 
     </span>
    </p>
   </div>
   <div class='ocr_carea' id='block_1_111' title="bbox 1768 5806 2000 5864">
    <p class='ocr_par' dir='ltr' id='par_1_111' title="bbox 1768 5806 2000 5864">
     <span class='ocr_line' id='line_1_111' title="bbox 1768 5806 2000 5864; baseline 0 -2"><span class='ocrx_word' id='word_1_784' title='bbox 1768 5806 2000 5864; x_wconf 75' lang='lat' dir='ltr'><strong>NO&#39;UE.</strong></span> 
     </span>
    </p>
   </div>
   <div class='ocr_carea' id='block_1_112' title="bbox 347 5887 3301 5978">
    <p class='ocr_par' dir='ltr' id='par_1_112' title="bbox 347 5887 3301 5978">
     <span class='ocr_line' id='line_1_112' title="bbox 347 5887 3301 5978; baseline -0.006 -18"><span class='ocrx_word' id='word_1_785' title='bbox 347 5903 456 5976; x_wconf 78' lang='lat'><strong>(86)</strong></span> <span class='ocrx_word' id='word_1_786' title='bbox 495 5906 733 5978; x_wconf 86' lang='lat' dir='ltr'><strong>Saponis</strong></span> <span class='ocrx_word' id='word_1_787' title='bbox 787 5907 1003 5973; x_wconf 87' lang='lat' dir='ltr'><strong>Gallici,</strong></span> <span class='ocrx_word' id='word_1_788' title='bbox 1038 5922 1145 5978; x_wconf 90' lang='lat' dir='ltr'><strong>quo</strong></span> <span class='ocrx_word' id='word_1_789' title='bbox 1178 5905 1474 5963; x_wconf 82' lang='lat' dir='ltr'><strong>utebantur</strong></span> <span class='ocrx_word' id='word_1_790' title='bbox 1503 5905 1558 5961; x_wconf 90' lang='lat' dir='ltr'><strong>in</strong></span> <span class='ocrx_word' id='word_1_791' title='bbox 1604 5903 1836 5972; x_wconf 88' lang='lat' dir='ltr'><strong>balneis,</strong></span> <span class='ocrx_word' id='word_1_792' title='bbox 1881 5899 2140 5961; x_wconf 73' lang='lat' dir='ltr'><strong>meminit</strong></span> <span class='ocrx_word' id='word_1_793' title='bbox 2164 5897 2562 5955; x_wconf 79' lang='lat' dir='ltr'><strong>&#39;l&#39;lieomncstus</strong></span> <span class='ocrx_word' id='word_1_794' title='bbox 2609 5892 2879 5963; x_wconf 77' lang='lat' dir='ltr'><strong>ﬂippiatr.</strong></span> <span class='ocrx_word' id='word_1_795' title='bbox 2930 5904 2966 5954; x_wconf 75' lang='lat' dir='ltr'><strong>t,</strong></span> <span class='ocrx_word' id='word_1_796' title='bbox 3006 5889 3097 5945; x_wconf 74' lang='lat'><strong>‘20.</strong></span> <span class='ocrx_word' id='word_1_797' title='bbox 3138 5887 3301 5943; x_wconf 62' lang='lat' dir='ltr'><strong>iisan.</strong></span> 
     </span>
    </p>
   </div>
  </div>
