4070 6304
506 403 636 470 1331

1559 401 1964 465 ANASTASII
2003 403 2638 471 BIBLIOTHECARII

3631 411 3769 477 1332

500 530 554 573 et
585 519 783 589 spiritu
828 517 1192 590 procellarum
1250 517 1400 573 circa
1454 523 1644 588 partes
1703 514 1886 589 ενιιωί
1924 530 2077 572 com-
2105 518 2154 576 Δ
2181 531 2372 575 mosus
2394 521 2478 576 vir
2507 519 2574 575 ad
2600 520 2990 592 imperaton
3034 536 3160 576 cum
3193 521 3519 577 muneribus
3543 535 3765 592 qumque

500 613 881 685 prehenditur,
916 621 972 668 et
1010 612 1282 669 contritus
1316 619 1466 667 totus
1512 609 1846 667 omnimodis
1895 609 2077 681 periit.

504 695 789 777 S‘upbiam
831 714 1014 761 autem
1078 704 1224 760 tilius
1278 702 1498 775 Hauph,
1551 703 1830 761 secundus
1882 703 2077 768 frater,

498 798 779 855 commisit
814 799 1015 874 bellum
1047 814 1172 853 cum
1195 796 1357 853 Floro
1384 807 1437 852 et
1465 795 1698 853 Petroua
1721 804 1775 853 et
1805 796 2079 869 Cypriane

500 889 835 948 habentibus
905 893 1168 947 virtutem
1226 889 1586 956 Romaicam,
1635 898 1692 945 et
1744 889 2080 945 occiduntur

497 981 739 1036 Arabum
775 982 1004 1053 triginta
1061 980 1254 1034 millia.
1317 977 1474 1035 Tunc
1531 978 1837 1036 Callinicus
1893 979 2079 1034 archi-

493 1077 680 1130 tectus
725 1073 793 1129 ab
822 1072 1096 1144 ‘Heli0poli
1144 1072 1318 1145 Syria
1374 1072 1441 1128 ad
1493 1070 1771 1130 Romanos
1811 1077 2080 1144 proiugus

499 1167 688 1234 venit,
738 1169 833 1238 qui
893 1169 1106 1222 marino
1162 1168 1288 1237 igne
1332 1165 1585 1223 coniecto
1651 1180 1780 1222 vasa
1832 1167 2077 1224 Arabum

501 1260 716 1318 exussit
739 1270 793 1316 et
822 1276 929 1315 una
960 1275 1084 1315 cum
1110 1258 1400 1317 animabus
1427 1275 1662 1332 prorsus
1694 1260 1960 1317 incendit.
2002 1261 2079 1316 Ita

502 1352 736 1411 Romani
768 1367 895 1409 cum
934 1353 1213 1425 triumpho
1261 1355 1466 1411 reversi
1523 1361 1691 1420 sunt,
1745 1353 1870 1426 igne
1921 1353 2079 1410 adin-

503 1454 669 1503 vento
708 1446 948 1504 marino.

564 1525 755 1598 Mundi
819 1551 968 1592 anno
1023 1536 1415 1604 6t66,divin2
1466 1537 1877 1596 incarnationis
1934 1552 2081 1596 anno

499 1614 624 1694 666,
654 1645 805 1689 anno
854 1646 986 1688 vero
1048 1631 1264 1705 imperii
1317 1632 1667 1689 Constantini
1726 1641 1885 1691 sexto
1930 1633 2080 1690 Con-

501 1719 775 1776 stantinus
830 1709 1100 1788 habetur,
1160 1723 1251 1793 qui
1312 1724 1940 1796 Constantinopolitanae
1985 1739 2082 1796 per

500 1810 641 1870 duos
664 1829 838 1870 annos
859 1807 1125 1871 Ecclesiae
1148 1814 1250 1871 fuit
1276 1818 1504 1873 antistes
1523 1834 1537 1884 ;
1556 1817 1910 1890 Abdelasque
1938 1817 2083 1873 ﬂlius

2184 611 2374 667 multis
2406 627 2664 671 reversus
2688 620 2799 672 est.
2826 611 2966 668 Cum
2989 620 3176 668 autem
3200 614 3322 669 haec
3348 613 3692 669 didicissent
3712 614 3764 668 bi

2183 706 2276 775 qui
2305 704 2599 775 Hesperias
2625 714 2812 778 partes
2842 705 3178 767 inhabitant,
3200 714 3311 760 tam
3344 705 3603 761 videlicet
3623 707 3765 760 cha-

2180 808 2357 864 ganus
2385 796 2628 851 Avarum
2668 804 2724 852 et
2743 795 3038 852 ulteriores
3071 812 3230 866 reges
3255 813 3422 867 quam
3457 796 3684 852 exercui
3709 805 3768 852 et

2181 885 2436 950 castaldi,
2473 901 2573 941 nec
2612 902 2720 943 non
2751 895 2804 942 et
2837 886 3114 957 principes
3145 888 3426 942 nationum
3459 889 3531 943 ad
3561 887 3765 944 Oricia-

2182 985 2289 1034 tem
2332 979 2586 1044 sitarum,
2646 995 2743 1050 per
2804 979 3015 1050 legatos
3066 980 3388 1035 muneribus
3447 980 3770 1050 iu‘iperatori

2191 1072 2533 1128 transmissis
2567 1073 2852 1143 paciﬁcum
2893 1088 3026 1144 erga
3092 1084 3153 1128 se
3199 1071 3549 1129 dilectionem
3586 1086 3771 1144 popo-

2181 1180 2336 1220 scere
2367 1165 2716 1221 ﬁrmandam.
2741 1167 3006 1223 Annuens
3035 1167 3220 1238 itaque
3243 1168 3544 1237 imperator
3576 1179 3770 1238 postu-

2183 1257 2485 1315 lationibus
2518 1275 2732 1338 _eorum
2759 1301 2774 1326 ,
2803 1261 3162 1317 conﬁrmavit
3209 1263 3374 1316 etiam
3424 1263 3573 1316 circa
3643 1260 3774 1315 illos

2184 1351 2532 1407 donatoriam
2572 1367 2797 1424 pacem;
2832 1363 2889 1409 et
2918 1355 3062 1409 facta
3112 1365 3197 1410 est
3243 1355 3518 1410 securitas
3559 1367 3771 1425 magna

2180 1443 2240 1499 in
2273 1445 2528 1513 Oriente,
2573 1462 2676 1502 ne".
2709 1462 2821 1502 non
2854 1447 2908 1501 in
2952 1444 3275 1503 Occidente.

2254 1539 2416 1594 Anno
2470 1539 2682 1609 imperii
2740 1540 3092 1596 Constantini
3166 1539 3381 1595 decium
3446 1539 3636 1595 factus
3679 1550 3776 1595 est

2181 1638 2347 1687 terra;
2390 1641 2573 1688 motus
2617 1642 2846 1701 niagnm
2867 1643 2971 1704 iper
3003 1632 3479 1704 Mesopotamiam,
3512 1648 3623 1704 quo
3653 1635 3775 1690 ruit
3807 1690 3811 1692 ν

2185 1721 2514 1780 Hedesscnre
2567 1739 2837 1781 ascensus
2893 1730 2948 1779 et
2989 1725 3190 1780 troilus
3215 1725 3500 1789 ecclesiae;
3531 1736 3590 1781 ct
3631 1736 3774 1781 can-

2185 1817 2391 1872 struxit
2432 1831 2552 1872 eam
2605 1815 2852 1872 Mauhias
2887 1817 3076 1874 studio
3119 1817 3588 1874 Christianorum.

508 1905 655 1961 Cnisi
685 1916 738 1962 et
763 1906 1029 1963 Pliadalas
1064 1909 1242 1965 bicme
1273 1909 1416 1982 apud
1453 1909 1669 1965 Cretam
1698 1910 1893 1965 morati
1928 1918 2078 1967 sunt.
2108 1893 2157 1949 Β
2255 1910 2416 1965 Anno
2447 1909 2664 1980 imperii
2689 1909 3042 1966 Constantini
3078 1911 3370 1967 undecimo
3391 1921 3651 1967 mortuus
3672 1920 3774 1967 est

582 1997 742 2055 Anno
780 1997 992 2069 imperii
1047 1999 1394 2056 Constantini
1442 2000 1679 2071 septimo
1717 2001 1974 2074 apparuit
1999 2002 2079 2058 si-

499 2105 667 2164 gnum
709 2093 760 2144 in
799 2082 943 2146 (nilo
985 2091 1074 2146 die
1107 2090 1371 2152 Sabbato.

571 2182 732 2236 Anno
801 2182 1018 2252 imperii
1074 2173 1426 2240 Constantini
1493 2193 1690 2243 octavo
1752 2184 2082 2246 Theodorus

497 2273 1136 2345 ConstantinOpolitanus
1167 2276 1400 2334 habetur
1427 2279 1678 2345 antistes,
1721 2283 1813 2353 qui
1854 2283 2080 2337 duobus

498 2364 661 2422 anuis
681 2357 943 2420 Ecclesia:
971 2357 1207 2436 praefuit.
1236 2368 1357 2436 Quo
1381 2383 1528 2425 anno
1554 2369 1696 2426 facta
1735 2381 1821 2428 est
1862 2372 2075 2427 locusta

501 2468 698 2524 magna
732 2473 826 2526 per
856 2452 1067 2529 Syria‘m
1100 2467 1153 2514 et
1179 2449 1656 2532 MesOpoIamiam.

572 2550 734 2603 Anno
796 2549 1010 2620 imperii
1085 2551 1433 2608 Constantini
1470 2570 1622 2611 nono
1675 2557 1908 2627 ingressi
1953 2567 2080 2613 sunt

501 2636 778 2696 Μαι-ἀείκαὶ
807 2640 1100 2706 Libanum,
1150 2653 1204 2700 et
1238 2652 1536 2705 tenuerunt
1587 2662 1615 2701 a
1653 2647 1842 2704 Mauro
1893 2659 2081 2705 monte

501 2735 676 2799 usque
708 2730 773 2784 ad
805 2739 1053 2787 sanctam
1086 2732 1380 2802 civitatem,
1408 2745 1462 2790 et
1493 2747 1758 2807 ceperunt
1791 2741 2078 2795 cacumina

502 2817 720 2889 Libani,
752 2818 806 2876 et
833 2820 988 2876 multi
1017 2825 1162 2879 servi
1183 2832 1238 2879 et
1259 2827 1457 2897 captivi
1492 2829 1701 2898 pariter
1725 2840 1780 2885 et
1811 2831 2081 2903 indigena

500 2911 870 2985 confugerunt
900 2910 968 2972 ad
1004 2927 1121 2978 eos.
1159 2918 1234 2973 ita
1274 2927 1335 2975 ut
1384 2921 1442 2977 in
1502 2923 1653 2979 brevi
1711 2935 1962 2995 tempore
2022 2926 2078 2981 in

498 3002 674 3064 multa
705 3004 882 3065 millia
913 3011 1127 3067 tierent.
1166 3010 1379 3081 Quibus
1409 3017 1708 3088 compertis
1745 3017 1993 3076 Manli-ias
2027 3025 2080 3074 et

501 3099 806 3156 eonsuiarii
864 3099 988 3170 eius
1027 3101 1332 3160 timuerunt
1362 3105 1541 3172 valde.
1583 3106 1903 3177 colligentes
1935 3108 2079 3178 quod

499 3192 794 3266 imperium
863 3191 1232 3258 Romanorum
1288 3197 1559 3255 divinitus
1618 3201 1956 3258 muniretur.
2013 3201 2080 3257 Et

502 3286 692 3359 dirigit
729 3284 939 3362 legatos
962 3292 1028 3345 ad
1058 3292 1368 3364 principem
1408 3292 1856 3359 Constantinum,
1887 3301 2080 3366 postu—

499 3381 624 3438 lans
663 3397 887 3454 pacem,
949 3393 1004 3441 et
1052 3385 1326 3455 pollicitus
1357 3388 1615 3445 annualia
1665 3403 1729 3444 se
1757 3389 2078 3459 imperatori

498 3482 660 3543 pacta
687 3475 951 3531 laturum.
1002 3477 1101 3534 Ast
1131 3478 1433 3550 imperator
1477 3480 1854 3551 hujuscemodi
1885 3480 2079 3552 legatis

498 3567 797 3636 susceptis.
830 3583 1135 3638 eorumque
1173 3571 1436 3638 petitione
1495 3573 1682 3629 audita
1708 3613 1724 3640 ,
1781 3573 2079 3629 destinavit

499 3673 625 3715 cum
678 3668 760 3742 eis
802 3661 856 3721 in
912 3661 1127 3733 Syriam
1186 3653 1453 3720 Joannem
1501 3667 1818 3735 patricium,
1866 3681 2078 3739 cogno-

501 3758 690 3806 mento
725 3748 1096 3826 Pitzigaudin,
1131 3763 1390 3825 tanquam
1430 3759 1671 3828 antiquae
1698 3761 1967 3831 prosapia!
2000 3761 2077 3816 rei

499 3833 736 3913 publica:
767 3847 944 3902 virum
973 3856 1027 3904 et
1054 3851 1396 3919 negotiorum
1431 3855 1728 3909 multorum
1768 3864 2076 3926 expertum,

501 3947 668 4010 atque
706 3955 960 4014 magnam
993 3954 1352 4001 consecutum
1396 3947 1747 4020 prudentiam
1795 3950 1862 4004 ad
1887 3949 2081 4021 dispu-

501 4026 730 4089 tandum
787 4027 1074 4102 aptissime
1113 4052 1239 4095 cum
1290 4021 1591 4104 Arabibus,
1641 4050 1697 4096 et
1746 4057 1870 4111 qua;
1924 4043 2081 4113 pacis

2182 2000 2432 2058 Mauhias
2499 2001 2899 2058 Saracenorum
2949 2003 3440 2074 protosymboius,
3494 2006 3591 2075 qui
3657 2006 3771 2060 luit

2185 2107 2389 2170 pret-tor
2421 2097 2587 2153 annis
2615 2096 2687 2152 20
2715 2103 2770 2152 et
2797 2097 2988 2152 amirae
3017 2096 3241 2152 functus
3265 2097 3445 2152 cilicio
3476 2097 3638 2152 annis
3655 2096 3768 2160 τις

2181 2199 2236 2247 et
2269 2190 2570 2262 principari
2619 2191 2789 2262 erepit
2835 2189 2992 2244 Hirid
3038 2189 3184 2245 ﬁlius
3223 2190 3365 2261 eius.
3397 2189 3511 2247 lloc
3540 2198 3773 2261 ququ

2181 2297 2328 2342 anno
2360 2281 2658 2354 Vulgarum
2692 2298 2826 2354 gens
2854 2281 3171 2352 supervenit
3211 2282 3264 2335 in
3308 2281 3621 2336 Thraciam»
3660 2277 3772 2338 Ve-

2183 2394 2305 2437 rum
2350 2378 2496 2434 inter
2535 2379 2650 2434 bace
2709 2377 3083 2434 necessarium
3124 2386 3207 2433 est
3256 2376 3445 2433 dicere
3501 2378 3570 2433 de
3623 2377 3774 2434 sntio

2182 2471 2392 2541 quitate
2423 2484 2640 2541 quoque
2673 2469 3230 2540 Onogundurensium
3279 2469 3482 2540 Vul'gar
3517 2481 3572 2526 et
3606 2471 3758 2528 Gon-

2182 2576 2322 2630 trag.
2355 2562 2411 2617 ln
2448 2562 2977 2633 septentrionalibus
3016 2571 3255 2632 namque
3283 2562 3530 2630 partibus
3559 2563 3764 2620 Euxini

2181 2655 2368 2719 Ponti,
2399 2671 2522 2726 quae
2562 2654 2827 2712 meabiles
2862 2664 3016 2719 sunt,
3075 2654 3131 2711 in
3185 2655 3478 2726 paludibus
3510 2668 3633 2727 quae
3674 2657 3768 2713 di-

2183 2761 2384 2804 cuntur
2412 2748 2712 2811 Mareotides,
2748 2749 2803 2804 in
2847 2762 2988 2820 quas
3017 2747 3270 2804 videlicet
3301 2749 3623 2805 immittitur
3659 2748 3770 2806 ﬂu-

2183 2842 2308 2897 vius
2338 2841 2612 2898 maximus
2645 2842 2710 2895 ab
2741 2841 2958 2899 Oceano
3012 2857 3112 2912 per
3140 2839 3517 2898 Sarmatarum
3561 2853 3764 2899 terram

2182 2933 2463 3006 delapsus,
2510 2933 2734 2990 nomine
2786 2933 2926 3000 Atei,
2961 2932 3168 2993 Tanais
3225 2929 3405 2993 amnis
3454 2946 3510 2993 et
3549 2936 3669 3009 ipse
3697 2937 3768 2993 ab

2181 3025 2458 3084 Hibericis
2489 3027 2664 3099 portis
2701 3027 2914 3094 exiens,
2967 3043 3089 3098 quae
3138 3028 3194 3084 in
3230 3028 3528 3086 Caucaseis
3557 3029 3766 3086 montis

2182 3116 2287 3175 bus
2310 3132 2432 3175 esse
2471 3118 2744 3184 feruntur,
2776 3117 2831 3173 in
2864 3118 3115 3174 eumdem
3146 3119 3266 3176 Atei
3298 3119 3472 3176 ﬂuens
3506 3119 3766 3175 infertur.

2181 3210 2228 3265 A
2280 3212 2512 3268 mistura
2558 3227 2689 3266 vero
2725 3210 2991 3267 Tanaidis
3043 3221 3095 3267 et
3139 3213 3283 3279 Atei,
3336 3228 3456 3283 quae
3504 3213 3561 3268 iit
3593 3226 3764 3286 supra

2179 3302 2291 3375 jam
2325 3305 2505 3360 dictas
2537 3303 2816 3360 Maeotides
2859 3305 3109 3375 paludes,
3142 3306 3274 3362 dum
3316 3309 3592 3364 scinditur
3611 3304 3766 3376 Atei,

2183 3397 2338 3453 venit
2392 3398 2441 3454 is
2489 3398 2583 3468 qui
2639 3397 2846 3452 dicitur
2879 3398 3115 3454 Cucheis
3145 3399 3349 3456 ﬂuvius
3389 3401 3446 3454 in
3479 3398 3770 3456 Basilides

2183 3490 2434 3560 paludes,
2463 3498 2516 3544 et
2552 3489 2694 3545 redit
2731 3490 2786 3544 in
2822 3491 3116 3545 terminum
3155 3491 3367 3546 Pentici
3397 3493 3569 3548 maris
3605 3492 3770 3562 juxta

2181 3577 2488 3650 Necropyla
2521 3579 2575 3633 in
2610 3593 2852 3642 acroma,
2903 3579 3052 3648 quod
3096 3579 3301 3636 dicitur
3330 3582 3519 3636 arietis
3564 3580 3769 3637 iacies.

2183 3673 2228 3724 A
2252 3671 2606 3746 'praasignatis
2651 3686 2782 3728 vero
2816 3673 3103 3743 paludibus
3135 3673 3319 3730 simile
3363 3673 3577 3730 ﬂumini
3605 3690 3774 3733 mare

2182 3774 2288 3832 est,
2339 3776 2393 3820 et
2444 3764 2621 3821 fertur
2669 3764 2724 3820 in
2772 3765 2969 3821 Euxini
3010 3765 3164 3821 Ponti
3216 3778 3367 3824 mare
3419 3785 3522 3840 per
3560 3781 3771 3825 terram

2183 3856 2448 3927 Bosphori
2473 3855 2779 3920 Cimmerii,
2809 3873 2872 3912 ex
2896 3874 3008 3928 quo
3038 3857 3268 3916 ﬂumine
3293 3862 3510 3932 capitur
3532 3861 3583 3916 id
3613 3859 3768 3929 quod

2185 3951 2388 4008 dicitur
2441 3950 2718 4007 Murzulin
2773 3962 2827 4007 et
2879 3953 3012 4008 buic
3064 3953 3378 4019 similia,et
3415 3953 3472 4009 in
3517 3955 3770 4022 partibus

2184 4041 2406 4112 quidem
2442 4040 2813 4112 adiacentium
2880 4042 3137 4113 paludum
3173 4081 3189 4108 ,
3235 4057 3360 4114 quae
3396 4050 3651 4113 speetaut
3691 4044 3769 4099 ad

505 4129 637 4178 sunt
670 4133 930 4181 consume
951 4129 1415 4197 praestruendum.
1451 4132 1556 4199 Qui
1597 4149 1722 4188 cum
1754 4135 1998 4192 venisset
2020 4138 2078 4191 in
2183 4134 2463 4190 Orientem
2498 4150 2678 4205 usque
2727 4136 2793 4191 ad
2838 4133 3174 4194 Plianoriam
3211 4152 3308 4193 seu
3341 4136 3628 4204 Hebraeos,
3664 4138 3766 4209 qui

503 4215 741 4301 Syriam,
773 4223 1190 4279 coacervatione
1244 4222 1495 4283 Mauhias
1554 4236 1663 4283 tam
1719 4229 2079 4290 Aminearum
2187 4216 2388 4285 ibidem
2421 4237 2572 4292 sunt,
2623 4228 2875 4301 plurimae
2906 4230 3160 4289 nationes
3191 4231 3775 4289 consistunLAbeis-

503 4325 668 4378 quam
700 4298 1094 4371 Corasinorum
1138 4308 1330 4376 eﬂeeta
1380 4321 1625 4392 suscepit
1646 4337 1779 4378 eum
1819 4337 1943 4377 cum
1975 4323 2080 4383 ho-
2185 4319 2308 4376 dem
2339 4308 2524 4377 autem
2550 4298 2845 4392 paludibus
2885 4337 3064 4393 usque
3096 4322 3154 4378 in
3187 4336 3406 4380 ortinam
3434 4324 3529 4392 qui
3563 4323 3775 4379 dicit"

500 4417 640 4460 nore
669 4417 894 4477 magno.
919 4398 1115 4466 Multis
1151 4425 1282 4484 ergo
1330 4411 1475 4469 inter
1495 4427 1593 4469 eos
1620 4413 1864 4486 paciﬁcis
1891 4416 2079 4474 verbis

2184 4408 2412 4482 Cupbis.
2464 4411 2566 4467 ubi
2630 4410 2825 4471 Xistus
2884 4413 3144 4483 capitur,
3183 4414 3277 4486 qui
3330 4423 3420 4470 est
3477 4414 3769 4485 \‘ulga‘rius

497 4493 720 4564 edictis,
754 4500 1013 4555 convenit
1048 4501 1190 4557 inter
1237 4511 1506 4578 utrosque
1561 4505 1617 4562 in
1671 4506 1904 4578 scriptis
1957 4506 2076 4564 fieri
2181 4503 2353 4575 piscis
2390 4503 2526 4574 (6'1),
2556 4504 2865 4576 antiquitus
2909 4503 3170 4578 Vulgaria
3209 4518 3291 4566 est
3334 4523 3572 4578 magna,
3610 4517 3664 4563 et
3708 4509 3766 4564 hi

498 4590 655 4655 pacis
710 4589 835 4644 cum
884 4591 1259 4669 ﬁirejurando
1311 4611 1626 4655 sermonem
1676 4613 1841 4671 super
1874 4615 2078 4658 conso-

2184 4595 2280 4667 qui
2319 4595 2584 4651 dicuntur
2609 4595 2899 4666 Contragi,
2933 4596 3188 4667 ejusdem
3219 4598 3380 4668 cuius
3414 4609 3466 4655 et
3503 4600 3614 4670 ipsi
3661 4601 3764 4653 tri»

498 4680 691 4737 nantia
751 4684 923 4748 annui
970 4690 1150 4764 pacti,
1179 4689 1464 4767 praebendi
1502 4692 1758 4754 videlicet
1810 4693 2080 4754 Roman-te
2187 4689 2292 4746 bus
2319 4690 2621 4748 exsistunt.
2653 4687 3025 4761 Temporibus
3059 4697 3242 4746 autem
3269 4691 3640 4757 Constantii,
3663 4691 3766 4761 qui

496 4766 578 4830 rei
623 4770 861 4848 publica:
890 4770 962 4839 ab
992 4774 1262 4853 Agarenis
1288 4766 1411 4840 auri
1441 4785 1713 4846 librarum
1750 4788 1858 4844 tria
1885 4789 2076 4858 millia,
2186 4784 2242 4842 in
2277 4781 2576 4840 Occidente
2607 4785 2882 4856 regnavit,
2914 4800 3041 4842 cum
3061 4784 3336 4842 Crobatus
3366 4786 3627 4842 dominus
3652 4788 3764 4855 inm

495 4866 649 4924 viros
678 4865 931 4944 captivos
950 4871 1458 4950 quinquaginta,~et
1485 4891 1658 4950 equos
1682 4878 1892 4937 nobiles
1921 4881 2080 4952 quin-
2183 4877 2347 4934 dictae
2380 4875 2653 4948 Yulgarias
2701 4892 2799 4934 seu
2850 4877 3263 4949 Contragorum
3303 4878 3468 4934 vitam
3511 4886 3766 4937 cornicu-

500 4960 791 5032 quaginta.
825 4959 925 5023 His
953 4980 1019 5023 ex
1053 4969 1332 5026 communi
1365 4969 1574 5041 placito
1615 4971 1762 5029 inter
1788 4981 2079 5046 utramque

2182 4977 2344 5034 taret,
2369 4985 2435 5026 ac
2467 4970 2608 5027 (ilics
2632 4971 2876 5041 quinque
2915 4969 3269 5040 relinqueret,
3301 4977 3536 5030 testatus
3577 4977 3665 5027 est
3691 4985 3768 5027 os

498 5059 715 5124 partem
765 5055 1039 5123 ﬁrmatis,
1093 5069 1149 5117 et
1199 5061 1257 5117 in
1303 5063 1533 5136 triginta
1579 5066 1743 5124 annis
1790 5067 2082 5124 servandis
2183 5063 2295 5121 ullo
2350 5063 2515 5123 modo
2573 5080 2602 5119 a
2659 5076 2850 5119 mutua
2905 5065 3318 5122 cobabitatione
3351 5075 3764 5136 separarentur,

497 5157 695 5203 mutuo
734 5149 1113 5219 repromissls,
1159 5153 1498 5228 amplissima
1549 5171 1655 5227 pax
1696 5158 1843 5215 inter
1876 5157 2082 5214 .Roma-
2182 5165 2408 5230 propter
2459 5158 2604 5226 quod
2651 5157 3007 5213 universitati
3064 5157 3484 5215 dominarentur
3547 5159 3766 5230 ipsique

501 5253 605 5296 nos
640 5246 696 5296 et
715 5233 925 5298 Arabes
958 5251 1044 5300 cst
1071 5244 1302 5314 eﬂecta;
1337 5247 1528 5320 sicque
1563 5251 1910 5320 generalibus
1937 5252 2078 5307 duo-
2183 5253 2323 5309 nulli
2368 5253 2530 5308 alteri
2580 5253 2790 5308 nationi
2839 5254 3139 5309 servirent.
3187 5253 3318 5309 Post
3361 5254 3532 5310 breve
3581 5260 3764 5310 amem

500 5328 608 5385 bus
659 5329 944 5404 inscriptis
971 5336 1175 5402 ,verbis
1235 5341 1302 5394 ad
1321 5341 1676 5408 {alterutrum
1708 5360 1833 5400 cum
1865 5346 2073 5418 jureju-
2185 5356 2403 5418 tempus
2461 5349 2657 5402 mortis
2740 5347 2889 5402 illius
2954 5348 3008 5403 in
3078 5347 3407 5405 divisionem
3477 5349 3767 5406 venientes

501 5422 679 5479 rando
708 5426 943 5492 patratis
970 5437 1024 5482 et
1053 5429 1286 5486 invicem
1334 5432 1574 5499 traditis,
1610 5450 1754 5506 saepe
1780 5437 1964 5493 dictus
1996 5439 2076 5494 fa-
2186 5441 2431 5512 quinque
2467 5441 2560 5495 ﬁlii
2597 5441 2717 5510 cjus
2749 5441 3086 5498 altrinsecus
3113 5443 3228 5514 (68)
3253 5444 3597 5513 'sequestrati
3634 5449 3761 5499 sunt

2012 5580 2248 5642 NOTAE.

557 5686 695 5787 Εἴ),
719 5690 1335 5787 ξέτίῖἑείροψέιξιν.ιπρ
1361 5701 1603 5787 δψςίριοξ
1661 5705 1834 5787 Hodie
1872 5705 2062 5787 ψάρινς

2182 5709 2390 5787 [παίωσι
2425 5729 2459 5769 :'
2485 5713 2572 5768 Νὰ
2599 5711 2832 5787 χωρεύει
2861 5713 2894 5786 ἡ
2930 5711 3174 5768 Θάλασσα
3209 5714 3280 5786 μδ
3309 5717 3377 5769 τὰ
3429 5715 3604 5786 ᾠάρια
3634 5712 3758 5784 τῆς.

495 5762 696 5849 φέρων
728 5765 820 5849 vei
839 5765 990 5849 φάρη
1031 5762 1259 5849 _'d_icunt'.
1296 5762 1516 5849 ‘Auctor
1562 5762 2068 5849 Grac043arbarus
2173 5762 2340 5837 risi;

495 5830 1356 5941 iii‘.‘.-1’1.iffi¥ildentis?“
1377 5830 1930 5941 esseesse?
1944 5830 2066 5941 ὶᾶῖ

2182 5830 2194 5836 ’
2221 5830 2363 5924 itis)
2388 5855 2750 5941 _.4_Itri.nsecus.
2789 5860 3079 5941 positlieus
3107 5869 3406 5941 magister:
3440 5890 3460 5925 α
3492 5872 3735 5929 Altrinse

495 5922 621 5959 σκει
652 5906 800 5960 ὡσὰν
836 5906 894 5964 τὸ
924 5909 1094 5981 φάρη.
1122 5906 1695 5980 (Σγνὶιιυεὶιθὶι-ἱαιέιιε
1725 5906 1830 5978 ϐβ.
1861 5906 2066 5979 (lenire

2182 5906 2302 5993 cus,
2337 5906 2401 5982 ad
2439 5927 2692 5987 invicem.
2736 5951 2753 5986 ι
2789 5931 2864 5990 lo.
