4050 6308
362 368 495 435 1333

1186 373 1560 435 HISTORIA
1599 374 2184 436 ECCLESIASTICA
2221 375 2321 436 ΕΚ
2349 371 2816 436 ΤΠΕΟΡΠΑΝΕ

3500 373 3660 442 Ῑέὶπι

356 501 463 542 una
487 501 620 542 cum
665 500 888 557 pupum,
919 501 1086 557 quem
1113 490 1501 559 unusquisque
1530 489 1785 558 ipsorum
1821 501 1942 542 sitae
1970 487 2020 550 Δ
2042 504 2154 556 quo
2215 485 2528 542 Danubium
2596 487 2780 553 Qum
2826 493 3213 555 transeuntes,
3247 493 3310 542 ct'
3351 489 3636 546 venientes

354 579 549 636 δωοηὶ
593 580 828 636 habebat
855 581 1174 638 subactum.
1198 580 1266 636 Et
1295 581 1511 652 primus
1538 584 1763 653 quidem
1795 579 1943 638 ﬁlius

355 672 499 744 eius,
549 676 651 746 qui
704 676 1000 732 dicebatur
1055 675 1338 744 Bathaias,
1372 676 1693 733 man-datum
1729 675 1940 748 proprii

355 771 682 826 custodiens
728 771 904 842 patris
951 772 1005 826 in
1055 773 1478 844 progenitorum
1520 785 1758 830 suorum
1782 782 1940 828 terra

355 865 664 934 permansit
701 881 876 936 usque
903 866 953 919 in
994 880 1260 936 prtesens.
1293 865 1585 924 Secundus
1615 883 1745 925 vero
1775 867 1941 939 hujus

357 956 550 1024 inter,
589 957 820 1014 nomin
851 957 1194 1029 Contragus,
1222 957 1473 1013 Tanahin
1509 960 1790 1018 transiens
1820 977 1941 1017 am-

355 1064 478 1104 nem
512 1065 582 1105 ex
616 1050 848 1106 adverso
883 1052 1063 1121 primo
1098 1053 1367 1106 habitavit
1395 1054 1573 1110 fratri.
1596 1053 1808 1122 Quarto
1840 1071 1940 1111 au-

354 1155 460 1200 tem
493 1151 552 1198 et
597 1145 796 1212 quinto
834 1143 1106 1211 llistrum,
1142 1145 1192 1199 id
1215 1156 1306 1201 est
1345 1146 1677 1209 Danubium,
1710 1145 1938 1204 ﬂuvium

355 1239 854 1305 transmeantibus,
883 1240 1021 1294 alter
1057 1254 1249 1296 eorum
1289 1241 1344 1295 in
1384 1241 1596 1297 Ararim
1628 1239 1938 1308 Pannonia,

354 1329 608 1400 chagano
665 1330 907 1387 Avarum
963 1348 1025 1388 se
1076 1334 1348 1397 subdens,
1405 1336 1607 1391 mansit
1657 1337 1770 1393 illic
1815 1355 1938 1393 eum

352 1433 640 1493 potentatu
692 1443 818 1492 suo,
873 1427 1010 1483 alter
1065 1445 1192 1483 vero
1231 1429 1380 1483 haud
1445 1431 1631 1498 procul
1687 1431 1756 1486 ab
1806 1433 1942 1488 urbe

354 1514 616 1572 Ravenna
640 1518 704 1573 ‘in
737 1517 1080 1590 Pentapolim
1103 1521 1330 1576 veniens
1361 1521 1465 1577 sub
1495 1520 1939 1579 Christianorum

353 1609 587 1682 imperio
612 1610 803 1668 factus
852 1623 959 1670 est.
1019 1614 1224 1671 Deinde
1269 1617 1466 1672 horum
1505 1619 1725 1683 tertius,
1771 1618 1942 1687 Aspa-

350 1705 488 1760 rnch
534 1707 756 1772 dictus,
796 1707 1071 1779 Danaprin
1126 1718 1180 1765 et
1232 1711 1525 1765 Danastrin
1579 1713 1860 1768 transiens
1887 1721 1940 1768 et

352 1799 566 1868 Ongton
589 1800 802 1864 adiens,
856 1802 1059 1858 boreos
1109 1803 1400 1860 interiores
1445 1804 1694 1861 Danubio
1719 1804 1935 1873 ﬂuvios,

352 1891 497 1945 inter
551 1890 698 1948 hunc
737 1903 792 1949 et
834 1894 963 1950 illos
1019 1895 1309 1962 habitavit,
1367 1905 1545 1951 tutum
1583 1905 1636 1952 et
1666 1896 1936 1952 diliicilem

352 1983 416 2036 ad
453 1984 878 2056 expugnandum
935 1986 1115 2042 locum
1173 1987 1300 2042 hinc
1363 1987 1490 2044 inde
1533 1989 1880 2059 conspiciens
1923 2006 1936 2041 :

354 2076 484 2130 dum
503 2077 650 2132 enim
672 2087 819 2134 esset
844 2079 1133 2150 palustris,
1154 2090 1209 2136 et
1228 2081 1353 2138 hinc
1367 2094 1661 2138 coronatus
1681 2084 1944 2154 illineque

355 2166 696 2234 llrmrinihus,
733 2174 1014 2242 copiosam
1055 2174 1204 2246 genti
1231 2185 1460 2246 propter
1493 2176 1732 2232 hostium
1773 2179 1943 2248 parti.

358 2262 562 2317 tionem
585 2262 904 2320 humilitate
927 2267 1226 2336 praestabat
1250 2268 1516 2339 quietem.
1533 2267 1636 2326 His
1656 2278 1841 2326 autem
1865 2271 1942 2326 ita

359 2355 411 2406 in
451 2356 697 2426 quinque
725 2357 920 2413 divisis
958 2369 1012 2416 ot
1046 2359 1111 2415 ad
1133 2361 1466 2431 paucitatem
1495 2362 1938 2430 devenientibus,

356 2446 526 2503 exivit
539 2463 741 2518 magna
762 2465 898 2521 gens
917 2451 1289 2509 Chazarorum
1307 2469 1370 2510 ex
1387 2453 1645 2510 interiori
1668 2455 1944 2526 profundo

357 2537 602 2594 Bonilite
642 2541 830 2610 primae
859 2539 1188 2610 Sarittat'ue,
1240 2555 1292 2600 et
1324 2545 1616 2599 dominata
1665 2556 1749 2600 est
1794 2546 1941 2601 omni

360 2633 559 2704 pervia
581 2641 744 2691 terra:
787 2653 961 2706 usque
995 2637 1058 2692 ad
1093 2652 1248 2693 mare
1279 2637 1592 2703 szt'ic‘um,
1613 2646 1668 2692 et
1705 2641 1943 2710 primum

360 2729 584 2783 fratrem
676 2728 960 2785 Bathaiam
1040 2733 1228 2802 prima
1305 2727 1581 2804 V-ulgaria:
1636 2735 1943 2804 principem

361 2821 670 2891 substituit,
698 2825 969 2880 ordinatis
1002 2826 1383 2895 vectigalibus,
1419 2832 1539 2897 qua:
1572 2825 1648 2882 ab
1679 2844 1753 2882 eo
1801 2827 1949 2883 defe-

359 2926 560 2972 runtur
599 2929 789 2990 usque
857 2935 1025 2975 nunc.
1063 2920 1163 2976 Ast
1201 2922 1500 2991 imperator
1525 2921 1942 2976 'Const'aminus

359 3021 644 3081 comperto
677 3012 825 3083 quod
856 3013 1128 3083 extemplo
1142 3029 1280 3084 gens
1310 3015 1534 3070 sordida
1564 3023 1619 3070 et
1650 3014 1946 3070 immunda

359 3101 505 3157 ultra
546 3099 857 3158 Danubium
918 3104 1062 3175 apud
1105 3103 1318 3176 liogion
1346 3107 1779 3162 tabernaculum
1801 3105 1945 3162 iise-

2049 597 2220 651 usque
2260 582 2326 636 ad
2375 591 2500 636 eam
2542 593 2678 650 quae
2714 578 2923 636 dicitur
2981 577 3200 634 Borean
3232 620 3248 643 ,
3284 579 3444 636 circa
3496 582 3636 637 lines

2046 675 2265 747 Odyssi,
2299 684 2355 729 et
2381 672 2798 729 mediterraneo
2825 671 2946 728 illic
2965 672 3150 744 posito
3174 672 3298 729 loco
3322 681 3643 744 perspecto,

2043 770 2191 840 quod
2228 769 2280 824 in
2313 769 2491 822 milita
2519 766 2733 823 cautela
2759 766 3114 834 consisteret,
3150 767 3206 821 in
3233 767 3636 837 posterioribus

2044 862 2264 932 quidem
2298 869 2524 933 propter
2544 860 2857 917 Danubium
2890 859 3138 927 fluvium,
3172 861 3226 916 in
3258 858 3638 918 anterioribus

2046 965 2233 1012 autem
2272 967 2337 1012 et
2383 969 2451 1011 ex
2505 955 2777 1011 lateribus
2809 953 2888 1010 ob
2933 954 3226 1011 clausulas
3252 964 3304 1010 et
3347 955 3636 1011 Ponticum

2041 1067 2214 1119 mare,
2240 1051 2545 1122 praesertim
2565 1061 2695 1105 cum
2719 1050 3142 1104 dominarentur
3165 1059 3218 1102 et
3255 1049 3628 1118 adiacentium

2046 1145 2422 1200 Sclavinorum
2485 1131 2951 1214 generationibus,
3002 1157 3125 1214 qua
3185 1141 3516 1198 dicebantur
3551 1157 3639 1200 se—

2045 1243 2191 1306 ptem
2227 1276 2242 1300 ,
2284 1235 2520 1291 Severes
2580 1234 2804 1306 quidem
2865 1235 3183 1291 locaverunt
3231 1235 3305 1290 ab
3357 1237 3638 1294 anteriore

2044 1331 2305 1384 clausura
2355 1327 2770 1398 Veregaborum
2823 1329 2894 1382 ad
2951 1337 3137 1398 partes
3173 1327 3529 1392 Orientales,
3581 1330 3636 1384 in

2045 1425 2180 1480 locis
2214 1433 2394 1479 autem
2434 1441 2556 1496 quae
2588 1430 2722 1480 sunt
2752 1422 2819 1478 ad
2837 1423 3141 1478 ‘ntet'idiem
3185 1434 3239 1478 et
3283 1422 3634 1480 occidentem

2044 1531 2220 1588 usque
2246 1517 2312 1571 ad
2347 1516 2603 1572 Avariam
2627 1518 2922 1582 ,residuas
2968 1524 3176 1586 septem
3223 1517 3631 1584 generationes,

2042 1626 2164 1681 quae
2191 1612 2295 1669 sub
2337 1621 2498 1681 pacto
2545 1621 2724 1666 erant.
2745 1609 2895 1682 Ergo
2920 1623 3057 1664 cum
3101 1609 3156 1662 in
3184 1610 3273 1665 his
3303 1608 3471 1663 delati
3497 1609 3638 1665 luis-

2044 1716 2188 1772 sent,
2218 1705 2344 1761 elati
2373 1715 2523 1767 sunt,
2554 1713 2605 1758 et
2639 1712 2939 1775 coeperunt
2978 1718 3040 1758 ea
3078 1719 3201 1774 qua:
3223 1703 3333 1760 sub
3389 1701 3642 1760 ﬂuuiana

2045 1798 2323 1870 republica
2356 1807 2516 1855 erant
2550 1807 2733 1854 castra
2762 1811 2860 1854 seu
2911 1798 3099 1868 pradia
3126 1795 3414 1852 destruere
3460 1804 3630 1866 atque

2046 1891 2300 1964 pra-dari.
2336 1890 2491 1950 Unde
2532 1893 2590 1948 τί
2636 1903 2858 1948 coactus
2911 1892 3210 1961 imperator
3267 1906 3459 1962 pacem
3513 1890 3641 1947 fecit

2044 2001 2168 2040 cum
2219 1984 2325 2052 eis,
2361 1998 2544 2040 annua
2611 1986 2723 2040 illis
2765 1984 3011 2056 praebere
3045 1993 3206 2052 pacta
3275 1983 3554 2054 pollicitus
3583 1985 3638 2039 in

2045 2078 2428 2136 confusionem
2457 2077 2833 2134 Romanorum
2859 2079 2928 2133 ob
2961 2077 3371 2132 multitudinem
3397 2077 3636 2133 delicto-

2045 2183 2188 2228 rum.
2217 2169 2464 2227 llirabile
2481 2170 2692 2243 quippe
2717 2171 2834 2242 ipso
2873 2171 3066 2226 auditu
3099 2182 3216 2226 erat
3260 2170 3348 2226 his
3389 2171 3484 2242 qui
3512 2170 3638 2228 lon-

2045 2274 2180 2335 geet
2200 2263 2293 2320 his
2314 2266 2406 2337 qui
2428 2274 2600 2334 prope
2619 2263 2917 2331 degebant,
2947 2264 3094 2333 quod
3120 2263 3167 2318 is
3193 2262 3287 2333 qui
3310 2275 3504 2318 omnes
3527 2264 3640 2317 tri-

2045 2357 2298 2414 butarios
2349 2357 2471 2435 sibi
2504 2365 2811 2423 statuerat,
2861 2364 2981 2411 .l'am
3024 2357 3252 2412 scilicet
3300 2359 3396 2412 eos
3426 2357 3526 2427 qui
3573 2359 3640 2412 ad

2045 2459 2207 2508 eumn
2243 2459 2299 2506 et
2332 2461 2592 2506 occasum
2640 2460 2805 2521 quam
2856 2449 2981 2504 ﬂius
3041 2451 3138 2520 qui
3194 2451 3262 2504 ad
3314 2449 3532 2504 arctam
3583 2461 3640 2505 et

2049 2543 2331 2600 meridiem
2361 2543 2872 2608 commora‘bantur,
2903 2543 2978 2599 ab
3002 2543 3108 2598 ista
3125 2542 3456 2601 detestabili
3481 2553 3642 2618 gente

2047 2635 2216 2694 fuerit
2265 2643 2582 2705 superatus.
2614 2633 2824 2689 Verum
2887 2636 3184 2706 imperator
3213 2637 3288 2692 ita
3320 2635 3544 2708 quidem
3586 2645 3644 2693 et

2047 2728 2399 2800 providentia
2430 2728 2524 2785 Dei
2548 2729 2658 2784 hoc
2683 2726 3022 2784 Christianis
3044 2729 3350 2799 contigisse
3388 2727 3640 2797 credens,

2048 2823 2369 2893 evangelice
2399 2830 2651 2878 tractans
2694 2831 2888 2894 pacem
2922 2821 3074 2889 feeit,
3131 2832 3185 2879 et
3228 2823 3330 2878 fuit
3361 2838 3539 2894 usque
3572 2824 3640 2881 ad

2053 2917 2264 2971 obitum
2300 2931 2459 2970 suum
2479 2917 2712 2986 quietus
2750 2925 2778 2972 a
2832 2917 3054 2973 cunctis
3080 2918 3364 2984 hostibus,
3389 2918 3641 2974 studium

2049 3008 2263 3065 habens
2291 3010 2634 3082 prmci'puum
2663 3011 2885 3064 uniondi
2919 3011 3211 3067 universas
3234 3007 3518 3066 Ecclesias
3545 3007 3640 3066 Dei

2051 3118 2176 3174 quae
2230 3104 2434 3174 ubique
2471 3104 2662 3159 divisa:
2701 3103 2917 3159 fuerant
2948 3119 2982 3158 a
3023 3103 3365 3174 temporibus
3397 3102 3642 3159 Heraclii

361 3194 431 3247 rit
468 3201 522 3247 et
566 3195 1066 3264 appropinquantis
1108 3192 1698 3263 Danubio-discurrat,
1748 3197 1807 3251 'rd
1863 3205 1944 3253 cst
1976 3229 2020 3290 Ο
2053 3195 2326 3268 principis
2355 3197 2544 3266 proavi
2565 3196 2661 3252 sui
2693 3203 2747 3248 et
2774 3193 2951 3266 Sergii
2987 3193 3173 3250 vesani
3194 3205 3268 3251 ae
3291 3191 3513 3266 Pyrrhi,
3549 3195 3640 3267 qni

362 3285 638 3356 regionem
670 3301 792 3354 qua
836 3304 985 3344 nunc
1003 3297 1232 3345 tenetur
1254 3290 1331 3345 ab
1359 3291 1468 3346 illis
1484 3302 1722 3364 quaeque
1760 3300 1889 3347 tunc
1922 3308 1948 3345 a

361 3377 694 3438 Christianis
736 3382 1147 3454 possidebatur,
1190 3386 1452 3443 tristatus
1506 3395 1598 3442 est
1653 3386 1951 3442 vehemen-

362 3486 465 3545 ter,
489 3489 551 3534 τι
579 3479 735 3550 jubet
769 3482 1007 3538 transire
1039 3498 1232 3540 omnes
1262 3487 1536 3542 exercitus
1566 3485 1620 3540 in
1656 3485 1950 3551 Thracem,

361 3581 413 3628 et
450 3585 779 3631 construens
831 3578 1065 3633 classem
1101 3587 1212 3632 tam
1270 3593 1366 3650 per
1399 3589 1598 3634 terram
1642 3595 1805 3651 quam
1853 3595 1953 3652 per

363 3682 512 3722 mare
557 3678 749 3724 contra
820 3687 915 3726 eos
991 3680 1175 3728 motus
1206 3680 1326 3737 est,
1367 3668 1477 3729 'hos
1515 3674 1660 3730 bello
1697 3675 1952 3745 persequi

360 3763 592 3826 volens.
637 3773 692 3818 et
742 3776 933 3820 contra
987 3765 1195 3838 Iloglon
1255 3776 1421 3838 atque
1490 3767 1795 3824 Danubium
1859 3786 1954 3840 per

363 3852 626 3928 Hepirum
659 3861 873 3928 pedites
915 3861 967 3914 in
995 3862 1171 3915 aciem
1212 3861 1478 3934 dirigens,
1516 3871 1569 3916 et
1599 3878 1692 3933 per
1755 3879 1953 3932 appro-

359 3952 638 4020 pinquans
684 3954 839 4009 littus
906 3969 1099 4009 navem
1148 3957 1343 4011 adesse
1386 3955 1735 4028 prmcipiens.
1775 3955 1952 4013 Porro

362 4038 628 4113 Vulga‘res
645 4044 748 4100 hac
771 4045 1053 4102 celeritate
1075 4062 1170 4103 seu
1193 4048 1434 4103 tnaxima
1459 4049 1811 4105 multitudine
1835 4052 1950 4107 visa

360 4148 528 4210 δαρει-
559 4139 738 4195 salute
761 4154 858 4194 sua
883 4139 1180 4211 desperati,
1203 4141 1268 4198 ad
1295 4142 1612 4212 praedictum
1632 4143 1948 4215 prmsidium

360 4231 708 4305 confugiunt,
726 4244 782 4290 e‘t
803 4251 928 4292 sese
947 4235 1385 4307 circumquaque
1413 4237 1688 4294 muniunt.
1723 4236 1951 4296 Pertres

360 4337 541 4385 autem
566 4339 622 4387 et
672 4339 910 4409 quatuor
941 4330 1059 4386 dies
1089 4346 1153 4385 ex
1191 4330 1576 4402 hujuscemodi
1639 4334 1952 4388 munitione

365 4427 468 4470 nec
496 4414 608 4472 illis
632 4416 787 4472 exire
810 4415 1167 4484 audentibus,
1191 4431 1291 4472 nec
1311 4415 1576 4473 Romanis
1601 4427 1826 4489 pr0pter
1851 4418 1948 4472 all-

355 4508 656 4578 jlcentium
685 4511 946 4583 paludum
969 4511 1320 4566 occasionem
1361 4511 1605 4582 pratlium
1625 4521 1951 4569 construen-

2055 3288 2281 3361 indigne
2298 3289 2502 3345 throno
2517 3288 3078 3360 Constantinopoleos
3103 3287 3243 3360 prasi‘
3241 3295 3459 3354 uerunt,
3478 3303 3653 3343 unam.

2053 3382 2394 3438 voluntatem
2422 3387 2480 3438 et
2502 3393 2667 3438 unam
2682 3383 3070 3453 operationem
3101 3382 3159 3436 in
3180 3379 3414 3438 Durnino
3435 3380 3552 3437 Deo
3573 3395 3644 3437 ac

2049 3475 2345 3532 Salvatore
2365 3484 2564 3531 nostro
2592 3475 3106 3548 dogmnt’izantium.
3127 3471 3378 3542 Quorum
3409 3485 3649 3544 nequam

2049 3567 2372 3637 opinionem
2405 3566 2727 3622 subvertere
2749 3573 3022 3639 'Satageus
3049 3563 3196 3620 idem
3223 3563 3660 3620 Clu-istianissi—-

2046 3667 2178 3715 lmus
2207 3660 2505 3729 imperator
2529 3659 2767 3715 concilio
2784 3655 3654 3728 universaliConstantinopolim-

2047 3757 2360 3809 convocato
2386 3751 2492 3808 £289
2520 3753 2938 3824 episcoporum,
2999 3757 3121 3805 tam
3150 3752 3408 3821 dogmata
3432 3765 3556 3821 quae
3587 3748 3642 3803 in

2056 3846 2504 3903 antecedentibus
2548 3846 2796 3917 quinque
2846 3845 3056 3901 ametis
3112 3829 3166 3900 et
3225 3841 3654 3899 universalbus.

2058 3935 2312 3991 t-rutciliis
2377 3937 2607 3990 'ftterant
2683 3934 3006 3991 conﬁrmata
3079 3935 3400 3998 roburavit,
3474 3949 3640 4005 quam

2056 4029 2204 4102 pium
2236 4029 2468 4083 duarum
2499 4029 2844 4084 voluntatum
2891 4038 2953 4084 et
2984 4029 3370 4100 operationum
3403 4027 3642 4100 promul—

2055 4125 2170 4196 gari
2208 4125 2406 4194 dogma
2429 4121 2682 4178 decrevit
2717 4136 2818 4192 per
2846 4121 3104 4177 eamdem
3140 4124 3390 4176 Sanctam
3426 4129 3481 4176 et
3511 4119 3641 4176 sub-

2056 4220 2361 4275 tilissimam
2386 4216 2723 4274 universa‘lis
2763 4215 2980 4271 emcilli
3013 4214 3338 4289 synodum;
3388 4217 3474 4270 cui
3506 4232 3648 4288 prte-

2047 4321 2211 4366 erant
2261 4319 2376 4364 tam
2406 4311 2526 4382 ipse
2548 4309 2840 4382 piissimus
2895 4310 3196 4381 imperator
3228 4310 3654 4366 Constantinus.

2045 4420 2219 4478 quam
2270 4405 2347 4478 pii
2385 4405 2661 4477 principes
2699 4404 3074 4460 sacerdotum.
3120 4402 3302 4459 Porro
3334 4418 3431 4474 per
3497 4405 3643 4459 idem

2051 4510 2272 4573 tempus
2320 4499 2456 4554 Azid
2492 4499 2660 4572 cmpit
2720 4514 2844 4557 esse
2903 4499 3146 4555 Arabum
3196 4499 3478 4570 princeps,
3541 4500 3634 4570 qui

359 4603 531 4668 tibus,
565 4603 1015 4660 animadvertetis
1043 4605 1252 4676 polluta
1289 4621 1422 4676 gens
1451 4605 1715 4663 remissos
1739 4605 1942 4661 Roma-
1968 4597 2018 4654 ἴ)
2047 4594 2232 4651 "ibus
2261 4594 2346 4650 his
2373 4592 2593 4665 Ρτωῖυῖι
2624 4593 2809 4649 annis-

361 4707 557 4752 norum
589 4698 806 4754 animos
833 4706 1081 4755 recreata
1108 4709 1161 4754 et
1193 4700 1435 4754 alacrior
1469 4699 1618 4756 facta
1643 4710 1745 4756 est.
1771 4700 1944 4757 Porro

358 4794 484 4847 cum
509 4793 814 4864 imperator
838 4793 1042 4865 pedum
1066 4791 1310 4850 dolorem
1341 4793 1546 4850 acriter
1576 4805 1870 4866 pateretur,
1889 4805 1946 4851 et

323 4938 325 4942 .
360 4883 425 4937 ad
459 4883 744 4940 meridiem
779 4896 1070 4958 cogeretur
1119 4885 1403 4942 ob-balnei
1433 4901 1597 4942 usum
1659 4903 1769 4942 una
1817 4903 1943 4942 cum

361 4977 605 5050 quinque
660 4979 1021 5036 dromonibus
1054 4989 1108 5037 et
1161 4980 1400 5050 propriis
1454 4980 1773 5036 hominibus
1828 4967 1945 5037 suis

361 5069 585 5134 reverti,
622 5069 871 5126 deseruit
927 5071 1289 5142 magistratus
1328 5080 1383 5126 et
1437 5073 1946 5142 populutn,jubens

359 5174 484 5216 eum
519 5160 728 5217 lanceis
755 5161 1450 5227 vibrantibusexercitari,
1477 5173 1532 5217 et
1577 5162 1839 5233 impetum
1884 5165 1939 5219 in

359 5269 458 5311 eos
497 5254 703 5318 facere,
744 5264 807 5310 et.
836 5265 960 5325 post
990 5271 1051 5312 se
1077 5255 1204 5312 illos
1234 5255 1513 5312 attrahere
1544 5271 1574 5310 a
1607 5257 1937 5321 munitione,

360 5357 414 5408 et
445 5350 648 5407 bellum
680 5351 734 5406 in
762 5364 860 5406 eos
890 5365 1134 5416 movere,
1175 5352 1221 5407 si
1264 5350 1518 5428 fortassis
1548 5354 1766 5408 exirent
1793 5375 1806 5408 :
1857 5354 1940 5408 sin

361 5451 568 5509 autem,
607 5444 688 5500 vel
712 5444 1028 5501 obsiderent
1058 5460 1155 5500 eos
1186 5455 1240 5500 et
1267 5445 1648 5502 observarent
1675 5447 1729 5501 in
1763 5448 1943 5501 inuui-

361 5536 626 5593 tionibus.
659 5535 731 5593 At
766 5555 896 5594 vero
922 5537 977 5594 hi
1010 5541 1102 5609 qui
1159 5552 1317 5595 erant
1377 5543 1651 5613 equestris
1712 5543 1943 5607 militiae,

363 5639 746 5702 imperatorem
780 5633 989 5707 fugisse
1016 5633 1363 5692 dill'amantes
1383 5645 1642 5708 metuque
1674 5640 1943 5708 oppressi,

360 5724 549 5780 eadem
587 5726 1045 5797 tergiversatione
1096 5729 1252 5783 abusi
1309 5738 1460 5798 sunt,
1497 5732 1718 5788 nemine
1767 5747 1945 5802 perse-

362 5831 582 5887 quente.
629 5820 802 5877 Porro
858 5821 1130 5894 Volgares
1172 5827 1276 5881 hoc
1339 5825 1457 5880 viso
1516 5825 1949 5895 insequebantur

364 5919 480 5981 post
515 5923 668 5986 terga
705 5914 976 5984 ipsorum,
1003 5923 1057 5970 et
1105 5915 1294 5984 plures
1321 5914 1542 5986 quidem
1588 5912 1768 5985 gladio
1823 5928 1950 5985 per-

365 6022 574 6077 emere,
602 6008 808 6068 multos
835 6024 960 6065 vero
994 6009 1376 6078 vulneravere,
1398 6009 1674 6079 persecuti
1711 6023 1808 6067 eos
1855 6024 1945 6067 us-

2119 4690 2278 4745 Anno
2299 4685 2898 4762 iinperiiﬂonstantini
2932 4685 3262 4743 duodecimo
3291 4686 3523 4743 coileeta
3556 4695 3655 4742 este

2051 4789 2237 4838 sancta
2272 4791 2326 4837 et
2356 4779 2691 4836 universalis
2748 4787 2903 4836 sexta
2935 4780 3182 4850 synodus
3235 4775 3640 4834 Constantino-

2052 4876 2162 4947 poli
2196 4874 2558 4931 ducent'orum
2607 4872 2891 4945 octoginta
2938 4881 3134 4928 novem
3185 4879 3500 4927 sanctorum
3528 4869 3651 4926 Pa-

2050 4977 2219 5034 trum,
2249 4967 2610 5039 praeceptione
2647 4964 2718 5035 pii
2757 4963 3428 5036 principis‘llonstantin'i.

2122 5060 2310 5118 Mundi
2373 5074 2518 5116 anno
2565 5059 2727 5125 6175,
2783 5055 2984 5113 divina:
3032 5056 3436 5113 incarnadonis
3493 5072 3640 5113 anno

2049 5157 2178 5219 675,
2229 5168 2373 5209 anno
2418 5165 2550 5208 vero
2587 5151 2805 5222 imperii
2853 5153 2946 5206 sui
2979 5146 3066 5213 l3.
3105 5151 3312 5220 repulit
3356 5149 3639 5204 Constan-

2051 5253 2202 5306 tinus
2263 5251 2332 5304 ab
2369 5247 2602 5319 imperio
2643 5247 3007 5302 fratressuos
3041 5239 3354 5300 Heraclium
3392 5252 3448 5299 et
3477 5239 3641 5300 Tibe-

2056 5346 2218 5412 rium,
2252 5351 2306 5400 et
2336 5343 2491 5400 solus
2516 5344 2770 5414 regnavit
2796 5355 2921 5396 cum
2954 5338 3177 5395 Tiberio
3216 5338 3327 5393 filio
3357 5353 3480 5394 suo.

2122 5437 2508 5508 Annoimperii
2529 5436 2878 5492 Constantini
2896 5435 3233 5491 lilii-luchtar
3256 5433 3491 5488 mendax
3507 5432 3635 5486 dum

2052 5530 2398 5604 tyrannidem
2422 5529 2787 5594 exercuisset,
2808 5528 3044 5584 obtinuit
3065 5525 3370 5582 Persidem.
3397 5522 3641 5580 Vocuhat

2052 5633 2231 5680 autem
2250 5639 2309 5680 se
2329 5622 2503 5696 ipsum
2521 5623 2864 5692 prophetam,
2879 5629 2932 5675 et
2946 5620 3261 5675 conturbati
3276 5626 3403 5674 sunt
3420 5617 3647 5690 Arabes.

2124 5723 2289 5776 Anno
2339 5717 2556 5789 imperii
2608 5715 2960 5773 Constantini
3009 5716 3078 5771 l5
3105 5715 3347 5770 Arabum
3383 5713 3647 5783 princeps

2055 5813 2322 5870 Manlian
2353 5829 2499 5868 anno
2537 5827 2646 5867 uno
2674 5811 2967 5883 prml‘sctus
2999 5819 3104 5878 est,
3136 5808 3410 5881 siquidem
3442 5804 3640 5862 defun-

2056 5917 2145 5964 cto
2197 5908 2334 5964 Azid
2381 5907 2586 5964 turbati
2629 5905 2840 5963 Arabes
2899 5898 3138 5962 Ethribi
3197 5905 3638 5964 insurrexerunt,

2055 6003 2686 6061 constituentes-ducem
2725 5999 2830 6056 sibi
2858 5999 3118 6057 Abdclam
3145 5997 3434 6072 quemdam
3469 5995 3640 6052 ﬁlium
