  <div class='ocr_page' id='page_1' title='image "/cluster/home/n/w/nwhite01/storage/ocr_20150623/108/mdp.39015037042556/675.png"; bbox 0 0 4050 6308; ppageno 0'>
   <div class='ocr_carea' id='block_1_1' title="bbox 387 318 522 384">
    <p class='ocr_par' dir='ltr' id='par_1_1' title="bbox 387 318 522 384">
     <span class='ocr_line' id='line_1_1' title="bbox 387 318 522 384; baseline 0.037 -5"><span class='ocrx_word' id='word_1_1' title='bbox 387 318 522 384; x_wconf 79' lang='grc'><strong>1335</strong></span> 
     </span>
    </p>
   </div>
   <div class='ocr_carea' id='block_1_2' title="bbox 1441 321 2527 410">
    <p class='ocr_par' dir='ltr' id='par_1_2' title="bbox 1441 321 2527 410">
     <span class='ocr_line' id='line_1_2' title="bbox 1441 321 2527 410; baseline -0.001 -23"><span class='ocrx_word' id='word_1_2' title='bbox 1441 324 1843 387; x_wconf 76' lang='lat' dir='ltr'><strong>ANASTASII</strong></span> <span class='ocrx_word' id='word_1_3' title='bbox 1899 321 2527 410; x_wconf 71' lang='grc' dir='ltr'><strong>ΒΙΒΜΟΤΗΕΟΑΒῌ</strong></span> 
     </span>
    </p>
   </div>
   <div class='ocr_carea' id='block_1_3' title="bbox 3502 327 3642 396">
    <p class='ocr_par' dir='ltr' id='par_1_3' title="bbox 3502 327 3642 396">
     <span class='ocr_line' id='line_1_3' title="bbox 3502 327 3642 396; baseline -0.036 0"><span class='ocrx_word' id='word_1_4' title='bbox 3502 327 3642 396; x_wconf 77' lang='grc'><strong>1336</strong></span> 
     </span>
    </p>
   </div>
   <div class='ocr_carea' id='block_1_4' title="bbox 381 426 3640 512">
    <p class='ocr_par' dir='ltr' id='par_1_4' title="bbox 381 426 3640 512">
     <span class='ocr_line' id='line_1_4' title="bbox 381 426 3640 512; baseline 0.002 -27"><span class='ocrx_word' id='word_1_5' title='bbox 381 426 584 497; x_wconf 81' lang='lat' dir='ltr'><strong>Zcbur,</strong></span> <span class='ocrx_word' id='word_1_6' title='bbox 633 437 686 485; x_wconf 89' lang='lat' dir='ltr'><strong>et</strong></span> <span class='ocrx_word' id='word_1_7' title='bbox 740 433 1052 505; x_wconf 79' lang='lat' dir='ltr'><strong>congregati</strong></span> <span class='ocrx_word' id='word_1_8' title='bbox 1111 431 1407 492; x_wconf 73' lang='lat' dir='ltr'><strong>thnices</strong></span> <span class='ocrx_word' id='word_1_9' title='bbox 1448 444 1502 491; x_wconf 89' lang='lat' dir='ltr'><strong>et</strong></span> <span class='ocrx_word' id='word_1_10' title='bbox 1547 432 1823 491; x_wconf 77' lang='lat' dir='ltr'><strong>Palzestiui</strong></span> <span class='ocrx_word' id='word_1_11' title='bbox 1861 431 2035 493; x_wconf 65' lang='lat' dir='ltr'><strong>DaoA</strong></span> <span class='ocrx_word' id='word_1_12' title='bbox 2064 430 2352 506; x_wconf 81' lang='lat' dir='ltr'><strong>Philippici</strong></span> <span class='ocrx_word' id='word_1_13' title='bbox 2385 438 2514 491; x_wconf 90' lang='lat' dir='ltr'><strong>anni</strong></span> <span class='ocrx_word' id='word_1_14' title='bbox 2551 438 2619 504; x_wconf 72' lang='grc' dir='ltr'><strong>ὃς</strong></span> <span class='ocrx_word' id='word_1_15' title='bbox 2675 437 2981 512; x_wconf 83' lang='lat' dir='ltr'><strong>eodemque</strong></span> <span class='ocrx_word' id='word_1_16' title='bbox 3034 441 3208 510; x_wconf 86' lang='lat' dir='ltr'><strong>primo</strong></span> <span class='ocrx_word' id='word_1_17' title='bbox 3244 457 3390 497; x_wconf 90' lang='lat' dir='ltr'><strong>anno</strong></span> <span class='ocrx_word' id='word_1_18' title='bbox 3422 438 3640 510; x_wconf 85' lang='lat' dir='ltr'><strong>imperii</strong></span> 
     </span>
    </p>
   </div>
   <div class='ocr_carea' id='block_1_5' title="bbox 385 524 1953 598">
    <p class='ocr_par' dir='ltr' id='par_1_5' title="bbox 385 524 1953 598">
     <span class='ocr_line' id='line_1_5' title="bbox 385 524 1953 598; baseline 0.003 -22"><span class='ocrx_word' id='word_1_19' title='bbox 385 540 632 580; x_wconf 78' lang='lat' dir='ltr'><strong>ntascum</strong></span> <span class='ocrx_word' id='word_1_20' title='bbox 674 524 923 589; x_wconf 86' lang='lat' dir='ltr'><strong>veniunt,</strong></span> <span class='ocrx_word' id='word_1_21' title='bbox 979 528 1072 581; x_wconf 85' lang='lat' dir='ltr'><strong>sed</strong></span> <span class='ocrx_word' id='word_1_22' title='bbox 1113 537 1167 582; x_wconf 90' lang='lat' dir='ltr'><strong>et</strong></span> <span class='ocrx_word' id='word_1_23' title='bbox 1207 543 1382 598; x_wconf 87' lang='lat' dir='ltr'><strong>usque</strong></span> <span class='ocrx_word' id='word_1_24' title='bbox 1403 527 1691 584; x_wconf 85' lang='lat' dir='ltr'><strong>Gabitham</strong></span> <span class='ocrx_word' id='word_1_25' title='bbox 1724 539 1778 583; x_wconf 90' lang='lat' dir='ltr'><strong>et</strong></span> <span class='ocrx_word' id='word_1_26' title='bbox 1807 528 1953 581; x_wconf 82' lang='lat' dir='ltr'><strong>Asan</strong></span> 
     </span>
    </p>
   </div>
   <div class='ocr_carea' id='block_1_6' title="bbox 385 616 1954 689">
    <p class='ocr_par' dir='ltr' id='par_1_6' title="bbox 385 616 1954 689">
     <span class='ocr_line' id='line_1_6' title="bbox 385 616 1954 689; baseline 0.001 -19"><span class='ocrx_word' id='word_1_27' title='bbox 385 616 631 672; x_wconf 81' lang='lat' dir='ltr'><strong>Amiram</strong></span> <span class='ocrx_word' id='word_1_28' title='bbox 657 616 980 684; x_wconf 65' lang='lat' dir='ltr'><strong>Palaestinae,</strong></span> <span class='ocrx_word' id='word_1_29' title='bbox 1013 619 1254 689; x_wconf 80' lang='lat' dir='ltr'><strong>dantque</strong></span> <span class='ocrx_word' id='word_1_30' title='bbox 1293 636 1491 677; x_wconf 85' lang='lat' dir='ltr'><strong>manus</strong></span> <span class='ocrx_word' id='word_1_31' title='bbox 1525 621 1777 676; x_wconf 78' lang='lat' dir='ltr'><strong>dexteras</strong></span> <span class='ocrx_word' id='word_1_32' title='bbox 1807 618 1954 672; x_wconf 77' lang='lat' dir='ltr'><strong>Mar-</strong></span> 
     </span>
    </p>
   </div>
   <div class='ocr_carea' id='block_1_7' title="bbox 381 708 1959 783">
    <p class='ocr_par' dir='ltr' id='par_1_7' title="bbox 381 708 1959 783">
     <span class='ocr_line' id='line_1_7' title="bbox 381 708 1959 783; baseline 0 -17"><span class='ocrx_word' id='word_1_33' title='bbox 381 708 561 766; x_wconf 74' lang='lat' dir='ltr'><strong>suban</strong></span> <span class='ocrx_word' id='word_1_34' title='bbox 597 717 651 763; x_wconf 88' lang='lat' dir='ltr'><strong>et</strong></span> <span class='ocrx_word' id='word_1_35' title='bbox 699 710 904 766; x_wconf 87' lang='lat' dir='ltr'><strong>sistunt</strong></span> <span class='ocrx_word' id='word_1_36' title='bbox 949 727 1072 766; x_wconf 89' lang='lat' dir='ltr'><strong>eum</strong></span> <span class='ocrx_word' id='word_1_37' title='bbox 1111 713 1331 778; x_wconf 91' lang='lat' dir='ltr'><strong>ducem,</strong></span> <span class='ocrx_word' id='word_1_38' title='bbox 1364 714 1454 783; x_wconf 88' lang='lat' dir='ltr'><strong>qui</strong></span> <span class='ocrx_word' id='word_1_39' title='bbox 1504 713 1691 767; x_wconf 67' lang='lat' dir='ltr'><strong>amita:</strong></span> <span class='ocrx_word' id='word_1_40' title='bbox 1723 712 1959 766; x_wconf 83' lang='lat' dir='ltr'><strong>admini-</strong></span> 
     </span>
    </p>
   </div>
   <div class='ocr_carea' id='block_1_8' title="bbox 384 801 1957 872">
    <p class='ocr_par' dir='ltr' id='par_1_8' title="bbox 384 801 1957 872">
     <span class='ocr_line' id='line_1_8' title="bbox 384 801 1957 872; baseline 0.003 -17"><span class='ocrx_word' id='word_1_41' title='bbox 384 802 655 857; x_wconf 81' lang='lat' dir='ltr'><strong>stratione</strong></span> <span class='ocrx_word' id='word_1_42' title='bbox 681 801 929 872; x_wconf 85' lang='lat' dir='ltr'><strong>fungitur</strong></span> <span class='ocrx_word' id='word_1_43' title='bbox 961 804 1246 859; x_wconf 79' lang='lat' dir='ltr'><strong>mensibus</strong></span> <span class='ocrx_word' id='word_1_44' title='bbox 1281 819 1500 860; x_wconf 81' lang='lat' dir='ltr'><strong>novem.</strong></span> <span class='ocrx_word' id='word_1_45' title='bbox 1565 807 1685 872; x_wconf 83' lang='lat' dir='ltr'><strong>Quo</strong></span> <span class='ocrx_word' id='word_1_46' title='bbox 1735 814 1957 862; x_wconf 87' lang='lat' dir='ltr'><strong>mortuo</strong></span> 
     </span>
    </p>
   </div>
   <div class='ocr_carea' id='block_1_9' title="bbox 383 881 1957 968">
    <p class='ocr_par' dir='ltr' id='par_1_9' title="bbox 383 881 1957 968">
     <span class='ocr_line' id='line_1_9' title="bbox 383 881 1957 968; baseline 0.006 -25"><span class='ocrx_word' id='word_1_47' title='bbox 383 881 702 946; x_wconf 83' lang='lat' dir='ltr'><strong>Abimelech</strong></span> <span class='ocrx_word' id='word_1_48' title='bbox 755 893 902 948; x_wconf 70' lang='lat' dir='ltr'><strong>[ilius</strong></span> <span class='ocrx_word' id='word_1_49' title='bbox 935 892 1107 961; x_wconf 85' lang='lat' dir='ltr'><strong>ipsius</strong></span> <span class='ocrx_word' id='word_1_50' title='bbox 1132 895 1363 964; x_wconf 74' lang='lat' dir='ltr'><strong>suscipit</strong></span> <span class='ocrx_word' id='word_1_51' title='bbox 1401 897 1794 968; x_wconf 87' lang='lat' dir='ltr'><strong>principatum,</strong></span> <span class='ocrx_word' id='word_1_52' title='bbox 1831 912 1957 952; x_wconf 89' lang='lat' dir='ltr'><strong>cum</strong></span> 
     </span>
    </p>
   </div>
   <div class='ocr_carea' id='block_1_10' title="bbox 390 982 1962 1061">
    <p class='ocr_par' dir='ltr' id='par_1_10' title="bbox 390 982 1962 1061">
     <span class='ocr_line' id='line_1_10' title="bbox 390 982 1962 1061; baseline 0.004 -25"><span class='ocrx_word' id='word_1_53' title='bbox 390 982 598 1040; x_wconf 86' lang='lat' dir='ltr'><strong>amiras</strong></span> <span class='ocrx_word' id='word_1_54' title='bbox 636 983 831 1042; x_wconf 89' lang='lat' dir='ltr'><strong>fuisset</strong></span> <span class='ocrx_word' id='word_1_55' title='bbox 866 988 1024 1041; x_wconf 90' lang='lat' dir='ltr'><strong>annis</strong></span> <span class='ocrx_word' id='word_1_56' title='bbox 1044 987 1105 1041; x_wconf 89' lang='lat'><strong>2|</strong></span> <span class='ocrx_word' id='word_1_57' title='bbox 1141 995 1305 1058; x_wconf 72' lang='lat' dir='ltr'><strong>atque</strong></span> <span class='ocrx_word' id='word_1_58' title='bbox 1334 989 1585 1056; x_wconf 88' lang='lat' dir='ltr'><strong>dimidio,</strong></span> <span class='ocrx_word' id='word_1_59' title='bbox 1615 990 1962 1061; x_wconf 41' lang='lat' dir='ltr'><strong>aggreditur!</strong></span> 
     </span>
    </p>
   </div>
   <div class='ocr_carea' id='block_1_11' title="bbox 386 1077 1958 1149">
    <p class='ocr_par' dir='ltr' id='par_1_11' title="bbox 386 1077 1958 1149">
     <span class='ocr_line' id='line_1_11' title="bbox 386 1077 1958 1149; baseline 0.006 -20"><span class='ocrx_word' id='word_1_60' title='bbox 386 1091 495 1144; x_wconf 81' lang='lat' dir='ltr'><strong>que</strong></span> <span class='ocrx_word' id='word_1_61' title='bbox 529 1085 814 1147; x_wconf 81' lang='lat' dir='ltr'><strong>tyrannos,</strong></span> <span class='ocrx_word' id='word_1_62' title='bbox 847 1087 901 1133; x_wconf 92' lang='lat' dir='ltr'><strong>et</strong></span> <span class='ocrx_word' id='word_1_63' title='bbox 931 1077 1208 1135; x_wconf 71' lang='lat' dir='ltr'><strong>interfecit</strong></span> <span class='ocrx_word' id='word_1_64' title='bbox 1237 1079 1516 1138; x_wconf 76' lang='lat' dir='ltr'><strong>Abdellam</strong></span> <span class='ocrx_word' id='word_1_65' title='bbox 1548 1082 1717 1138; x_wconf 82' lang='lat' dir='ltr'><strong>filium</strong></span> <span class='ocrx_word' id='word_1_66' title='bbox 1751 1081 1958 1149; x_wconf 86' lang='lat' dir='ltr'><strong>Zuber,</strong></span> 
     </span>
    </p>
   </div>
   <div class='ocr_carea' id='block_1_12' title="bbox 388 1168 966 1229">
    <p class='ocr_par' dir='ltr' id='par_1_12' title="bbox 388 1168 966 1229">
     <span class='ocr_line' id='line_1_12' title="bbox 388 1168 966 1229; baseline 0.01 -6"><span class='ocrx_word' id='word_1_67' title='bbox 388 1184 491 1224; x_wconf 89' lang='lat' dir='ltr'><strong>nec</strong></span> <span class='ocrx_word' id='word_1_68' title='bbox 517 1185 625 1224; x_wconf 90' lang='lat' dir='ltr'><strong>non</strong></span> <span class='ocrx_word' id='word_1_69' title='bbox 662 1168 966 1229; x_wconf 87' lang='lat' dir='ltr'><strong>Dodacnm.</strong></span> 
     </span>
    </p>
   </div>
   <div class='ocr_carea' id='block_1_13' title="bbox 457 1261 1960 1334">
    <p class='ocr_par' dir='ltr' id='par_1_13' title="bbox 457 1261 1960 1334">
     <span class='ocr_line' id='line_1_13' title="bbox 457 1261 1960 1334; baseline 0.007 -19"><span class='ocrx_word' id='word_1_70' title='bbox 457 1261 618 1317; x_wconf 79' lang='lat' dir='ltr'><strong>Anno</strong></span> <span class='ocrx_word' id='word_1_71' title='bbox 648 1261 864 1334; x_wconf 87' lang='lat' dir='ltr'><strong>imperii</strong></span> <span class='ocrx_word' id='word_1_72' title='bbox 901 1264 1247 1320; x_wconf 86' lang='lat' dir='ltr'><strong>Constantini</strong></span> <span class='ocrx_word' id='word_1_73' title='bbox 1282 1266 1350 1321; x_wconf 74' lang='grc'><strong>16</strong></span> <span class='ocrx_word' id='word_1_74' title='bbox 1380 1268 1524 1322; x_wconf 86' lang='lat' dir='ltr'><strong>facta</strong></span> <span class='ocrx_word' id='word_1_75' title='bbox 1563 1275 1645 1324; x_wconf 87' lang='lat' dir='ltr'><strong>est</strong></span> <span class='ocrx_word' id='word_1_76' title='bbox 1681 1268 1851 1324; x_wconf 89' lang='lat' dir='ltr'><strong>fames</strong></span> <span class='ocrx_word' id='word_1_77' title='bbox 1879 1278 1960 1325; x_wconf 89' lang='lat' dir='ltr'><strong>at-</strong></span> 
     </span>
    </p>
   </div>
   <div class='ocr_carea' id='block_1_14' title="bbox 388 1355 1960 1432">
    <p class='ocr_par' dir='ltr' id='par_1_14' title="bbox 388 1355 1960 1432">
     <span class='ocr_line' id='line_1_14' title="bbox 388 1355 1960 1432; baseline 0.005 -24"><span class='ocrx_word' id='word_1_78' title='bbox 388 1366 496 1417; x_wconf 79' lang='lat' dir='ltr'><strong>que</strong></span> <span class='ocrx_word' id='word_1_79' title='bbox 532 1355 838 1411; x_wconf 80' lang='lat' dir='ltr'><strong>mortalitas</strong></span> <span class='ocrx_word' id='word_1_80' title='bbox 883 1372 1078 1427; x_wconf 86' lang='lat' dir='ltr'><strong>magna</strong></span> <span class='ocrx_word' id='word_1_81' title='bbox 1117 1359 1171 1413; x_wconf 91' lang='lat' dir='ltr'><strong>in</strong></span> <span class='ocrx_word' id='word_1_82' title='bbox 1221 1358 1403 1430; x_wconf 80' lang='lat' dir='ltr'><strong>Syria.</strong></span> <span class='ocrx_word' id='word_1_83' title='bbox 1455 1372 1781 1432; x_wconf 72' lang='lat' dir='ltr'><strong>gentemque</strong></span> <span class='ocrx_word' id='word_1_84' title='bbox 1825 1362 1960 1416; x_wconf 82' lang='lat' dir='ltr'><strong>Abi-</strong></span> 
     </span>
    </p>
   </div>
   <div class='ocr_carea' id='block_1_15' title="bbox 343 1448 1963 1527">
    <p class='ocr_par' dir='ltr' id='par_1_15' title="bbox 343 1448 1963 1527">
     <span class='ocr_line' id='line_1_15' title="bbox 343 1448 1963 1527; baseline 0.007 -27"><span class='ocrx_word' id='word_1_85' title='bbox 343 1468 348 1472; x_wconf 87' lang='grc'><strong>-</strong></span> <span class='ocrx_word' id='word_1_86' title='bbox 391 1448 598 1504; x_wconf 87' lang='lat' dir='ltr'><strong>melech</strong></span> <span class='ocrx_word' id='word_1_87' title='bbox 645 1449 903 1504; x_wconf 83' lang='lat' dir='ltr'><strong>obtinuit.</strong></span> <span class='ocrx_word' id='word_1_88' title='bbox 953 1450 1202 1523; x_wconf 81' lang='lat' dir='ltr'><strong>Cumque</strong></span> <span class='ocrx_word' id='word_1_89' title='bbox 1246 1453 1526 1510; x_wconf 68' lang='lat' dir='ltr'><strong>Mardaitaa</strong></span> <span class='ocrx_word' id='word_1_90' title='bbox 1577 1457 1827 1527; x_wconf 87' lang='lat' dir='ltr'><strong>partibus</strong></span> <span class='ocrx_word' id='word_1_91' title='bbox 1879 1460 1963 1511; x_wconf 75' lang='lat' dir='ltr'><strong>ln-</strong></span> 
     </span>
    </p>
   </div>
   <div class='ocr_carea' id='block_1_16' title="bbox 389 1541 1956 1615">
    <p class='ocr_par' dir='ltr' id='par_1_16' title="bbox 389 1541 1956 1615">
     <span class='ocr_line' id='line_1_16' title="bbox 389 1541 1956 1615; baseline 0.008 -23"><span class='ocrx_word' id='word_1_92' title='bbox 389 1541 711 1596; x_wconf 87' lang='lat' dir='ltr'><strong>cumberent</strong></span> <span class='ocrx_word' id='word_1_93' title='bbox 737 1541 953 1609; x_wconf 87' lang='lat' dir='ltr'><strong>Libani,</strong></span> <span class='ocrx_word' id='word_1_94' title='bbox 993 1554 1047 1598; x_wconf 92' lang='lat' dir='ltr'><strong>et</strong></span> <span class='ocrx_word' id='word_1_95' title='bbox 1076 1545 1385 1614; x_wconf 77' lang='lat' dir='ltr'><strong>pestilentia</strong></span> <span class='ocrx_word' id='word_1_96' title='bbox 1419 1553 1629 1602; x_wconf 90' lang='lat' dir='ltr'><strong>teneret</strong></span> <span class='ocrx_word' id='word_1_97' title='bbox 1674 1557 1728 1604; x_wconf 89' lang='lat' dir='ltr'><strong>et</strong></span> <span class='ocrx_word' id='word_1_98' title='bbox 1763 1548 1956 1615; x_wconf 87' lang='lat' dir='ltr'><strong>fames,</strong></span> 
     </span>
    </p>
   </div>
   <div class='ocr_carea' id='block_1_17' title="bbox 388 1632 1961 1712">
    <p class='ocr_par' dir='ltr' id='par_1_17' title="bbox 388 1632 1961 1712">
     <span class='ocr_line' id='line_1_17' title="bbox 388 1632 1961 1712; baseline 0.007 -26"><span class='ocrx_word' id='word_1_99' title='bbox 388 1632 531 1689; x_wconf 87' lang='lat' dir='ltr'><strong>idem</strong></span> <span class='ocrx_word' id='word_1_100' title='bbox 556 1633 874 1690; x_wconf 73' lang='lat' dir='ltr'><strong>Abimelech</strong></span> <span class='ocrx_word' id='word_1_101' title='bbox 904 1652 1120 1706; x_wconf 90' lang='lat' dir='ltr'><strong>pacem,</strong></span> <span class='ocrx_word' id='word_1_102' title='bbox 1156 1657 1277 1710; x_wconf 76' lang='lat' dir='ltr'><strong>qua:</strong></span> <span class='ocrx_word' id='word_1_103' title='bbox 1314 1655 1340 1693; x_wconf 86' lang='lat' dir='ltr'><strong>a</strong></span> <span class='ocrx_word' id='word_1_104' title='bbox 1368 1639 1578 1696; x_wconf 81' lang='lat' dir='ltr'><strong>Mauhia</strong></span> <span class='ocrx_word' id='word_1_105' title='bbox 1615 1641 1788 1697; x_wconf 79' lang='lat' dir='ltr'><strong>fuerat</strong></span> <span class='ocrx_word' id='word_1_106' title='bbox 1814 1659 1961 1712; x_wconf 85' lang='lat' dir='ltr'><strong>quae-</strong></span> 
     </span>
    </p>
   </div>
   <div class='ocr_carea' id='block_1_18' title="bbox 388 1727 1961 1805">
    <p class='ocr_par' dir='ltr' id='par_1_18' title="bbox 388 1727 1961 1805">
     <span class='ocr_line' id='line_1_18' title="bbox 388 1727 1961 1805; baseline 0.005 -25"><span class='ocrx_word' id='word_1_107' title='bbox 388 1727 520 1790; x_wconf 83' lang='lat' dir='ltr'><strong>sita,</strong></span> <span class='ocrx_word' id='word_1_108' title='bbox 583 1727 797 1798; x_wconf 78' lang='lat' dir='ltr'><strong>petivit,</strong></span> <span class='ocrx_word' id='word_1_109' title='bbox 850 1731 1038 1786; x_wconf 82' lang='lat' dir='ltr'><strong>missis</strong></span> <span class='ocrx_word' id='word_1_110' title='bbox 1071 1731 1138 1786; x_wconf 90' lang='lat' dir='ltr'><strong>ad</strong></span> <span class='ocrx_word' id='word_1_111' title='bbox 1193 1733 1579 1803; x_wconf 78' lang='lat' dir='ltr'><strong>imperatorem</strong></span> <span class='ocrx_word' id='word_1_112' title='bbox 1617 1735 1834 1805; x_wconf 74' lang='lat' dir='ltr'><strong>legatis,</strong></span> <span class='ocrx_word' id='word_1_113' title='bbox 1862 1750 1961 1790; x_wconf 74' lang='lat' dir='ltr'><strong>ea-&#39;</strong></span> 
     </span>
    </p>
   </div>
   <div class='ocr_carea' id='block_1_19' title="bbox 389 1821 1960 1897">
    <p class='ocr_par' dir='ltr' id='par_1_19' title="bbox 389 1821 1960 1897">
     <span class='ocr_line' id='line_1_19' title="bbox 389 1821 1960 1897; baseline 0.006 -26"><span class='ocrx_word' id='word_1_114' title='bbox 389 1821 622 1890; x_wconf 79' lang='lat' dir='ltr'><strong>demque</strong></span> <span class='ocrx_word' id='word_1_115' title='bbox 652 1823 757 1877; x_wconf 78' lang='lat'><strong>565</strong></span> <span class='ocrx_word' id='word_1_116' title='bbox 792 1824 958 1879; x_wconf 88' lang='lat' dir='ltr'><strong>millia</strong></span> <span class='ocrx_word' id='word_1_117' title='bbox 986 1826 1375 1880; x_wconf 86' lang='lat' dir='ltr'><strong>numismatum</strong></span> <span class='ocrx_word' id='word_1_118' title='bbox 1411 1826 1528 1880; x_wconf 91' lang='lat' dir='ltr'><strong>auri</strong></span> <span class='ocrx_word' id='word_1_119' title='bbox 1562 1827 1799 1896; x_wconf 72' lang='lat' dir='ltr'><strong>praebere</strong></span> <span class='ocrx_word' id='word_1_120' title='bbox 1837 1828 1960 1897; x_wconf 80' lang='lat' dir='ltr'><strong>pol-</strong></span> 
     </span>
    </p>
   </div>
   <div class='ocr_carea' id='block_1_20' title="bbox 391 1912 1960 1988">
    <p class='ocr_par' dir='ltr' id='par_1_20' title="bbox 391 1912 1960 1988">
     <span class='ocr_line' id='line_1_20' title="bbox 391 1912 1960 1988; baseline 0.006 -22"><span class='ocrx_word' id='word_1_121' title='bbox 391 1912 601 1979; x_wconf 88' lang='lat' dir='ltr'><strong>licitus,</strong></span> <span class='ocrx_word' id='word_1_122' title='bbox 638 1923 693 1970; x_wconf 89' lang='lat' dir='ltr'><strong>et</strong></span> <span class='ocrx_word' id='word_1_123' title='bbox 723 1915 849 1972; x_wconf 89' lang='lat' dir='ltr'><strong>illos</strong></span> <span class='ocrx_word' id='word_1_124' title='bbox 882 1916 995 1971; x_wconf 82' lang='grc'><strong>⁸565·</strong></span> <span class='ocrx_word' id='word_1_125' title='bbox 1020 1932 1230 1983; x_wconf 81' lang='lat' dir='ltr'><strong>servos,</strong></span> <span class='ocrx_word' id='word_1_126' title='bbox 1276 1919 1503 1988; x_wconf 85' lang='lat' dir='ltr'><strong>parique</strong></span> <span class='ocrx_word' id='word_1_127' title='bbox 1551 1918 1717 1973; x_wconf 86' lang='lat' dir='ltr'><strong>modo</strong></span> <span class='ocrx_word' id='word_1_128' title='bbox 1749 1921 1960 1975; x_wconf 82' lang='lat' dir='ltr'><strong>nobiles</strong></span> 
     </span>
    </p>
   </div>
   <div class='ocr_carea' id='block_1_21' title="bbox 391 2005 839 2079">
    <p class='ocr_par' dir='ltr' id='par_1_21' title="bbox 391 2005 839 2079">
     <span class='ocr_line' id='line_1_21' title="bbox 391 2005 839 2079; baseline 0.016 -21"><span class='ocrx_word' id='word_1_129' title='bbox 391 2005 614 2061; x_wconf 84' lang='lat' dir='ltr'><strong>totidem</strong></span> <span class='ocrx_word' id='word_1_130' title='bbox 646 2023 839 2079; x_wconf 85' lang='lat' dir='ltr'><strong>equos.</strong></span> 
     </span>
    </p>
   </div>
   <div class='ocr_carea' id='block_1_22' title="bbox 462 2101 1964 2178">
    <p class='ocr_par' dir='ltr' id='par_1_22' title="bbox 462 2101 1964 2178">
     <span class='ocr_line' id='line_1_22' title="bbox 462 2101 1964 2178; baseline 0.005 -24"><span class='ocrx_word' id='word_1_131' title='bbox 462 2101 622 2156; x_wconf 81' lang='lat' dir='ltr'><strong>Anno</strong></span> <span class='ocrx_word' id='word_1_132' title='bbox 670 2101 883 2173; x_wconf 86' lang='lat' dir='ltr'><strong>imperii</strong></span> <span class='ocrx_word' id='word_1_133' title='bbox 934 2103 1020 2159; x_wconf 85' lang='lat' dir='ltr'><strong>sui</strong></span> <span class='ocrx_word' id='word_1_134' title='bbox 1079 2104 1144 2159; x_wconf 78' lang='grc'>17</span> <span class='ocrx_word' id='word_1_135' title='bbox 1199 2104 1466 2176; x_wconf 82' lang='lat' dir='ltr'><strong>requievit</strong></span> <span class='ocrx_word' id='word_1_136' title='bbox 1514 2107 1636 2178; x_wconf 90' lang='lat' dir='ltr'><strong>pius</strong></span> <span class='ocrx_word' id='word_1_137' title='bbox 1667 2108 1964 2178; x_wconf 85' lang='lat' dir='ltr'><strong>imperator</strong></span> 
     </span>
    </p>
   </div>
   <div class='ocr_carea' id='block_1_23' title="bbox 390 2192 1963 2271">
    <p class='ocr_par' dir='ltr' id='par_1_23' title="bbox 390 2192 1963 2271">
     <span class='ocr_line' id='line_1_23' title="bbox 390 2192 1963 2271; baseline 0.005 -23"><span class='ocrx_word' id='word_1_138' title='bbox 390 2192 811 2259; x_wconf 85' lang='lat' dir='ltr'><strong>Constantinus,</strong></span> <span class='ocrx_word' id='word_1_139' title='bbox 843 2210 966 2250; x_wconf 87' lang='lat' dir='ltr'><strong>cum</strong></span> <span class='ocrx_word' id='word_1_140' title='bbox 1011 2196 1338 2268; x_wconf 86' lang='lat' dir='ltr'><strong>imperasset</strong></span> <span class='ocrx_word' id='word_1_141' title='bbox 1378 2199 1540 2255; x_wconf 86' lang='lat' dir='ltr'><strong>annis</strong></span> <span class='ocrx_word' id='word_1_142' title='bbox 1581 2201 1670 2268; x_wconf 76' lang='lat' dir='ltr'><strong>l7,</strong></span> <span class='ocrx_word' id='word_1_143' title='bbox 1706 2211 1756 2254; x_wconf 88' lang='lat' dir='ltr'><strong>et</strong></span> <span class='ocrx_word' id='word_1_144' title='bbox 1796 2201 1963 2271; x_wconf 83' lang='lat' dir='ltr'><strong>impe-</strong></span> 
     </span>
    </p>
   </div>
   <div class='ocr_carea' id='block_1_24' title="bbox 392 2283 1968 2366">
    <p class='ocr_par' dir='ltr' id='par_1_24' title="bbox 392 2283 1968 2366">
     <span class='ocr_line' id='line_1_24' title="bbox 392 2283 1968 2366; baseline 0.005 -26"><span class='ocrx_word' id='word_1_145' title='bbox 392 2288 536 2341; x_wconf 87' lang='lat' dir='ltr'><strong>ravit</strong></span> <span class='ocrx_word' id='word_1_146' title='bbox 563 2283 911 2344; x_wconf 75' lang='lat' dir='ltr'><strong>Justinianus</strong></span> <span class='ocrx_word' id='word_1_147' title='bbox 937 2289 1080 2346; x_wconf 79' lang='lat' dir='ltr'><strong>filius</strong></span> <span class='ocrx_word' id='word_1_148' title='bbox 1111 2290 1253 2361; x_wconf 80' lang='lat' dir='ltr'><strong>ejus.</strong></span> <span class='ocrx_word' id='word_1_149' title='bbox 1282 2291 1349 2346; x_wconf 88' lang='lat' dir='ltr'><strong>Et</strong></span> <span class='ocrx_word' id='word_1_150' title='bbox 1379 2295 1661 2366; x_wconf 54' lang='lat' dir='ltr'><strong>scicrpistm</strong></span> <span class='ocrx_word' id='word_1_151' title='bbox 1691 2294 1821 2364; x_wconf 86' lang='lat' dir='ltr'><strong>quia</strong></span> <span class='ocrx_word' id='word_1_152' title='bbox 1850 2294 1968 2348; x_wconf 84' lang='lat' dir='ltr'><strong>fru-</strong></span> 
     </span>
    </p>
   </div>
   <div class='ocr_carea' id='block_1_25' title="bbox 393 2363 1965 2456">
    <p class='ocr_par' dir='ltr' id='par_1_25' title="bbox 393 2363 1965 2456">
     <span class='ocr_line' id='line_1_25' title="bbox 393 2363 1965 2456; baseline 0.004 -22"><span class='ocrx_word' id='word_1_153' title='bbox 393 2389 510 2434; x_wconf 78' lang='lat' dir='ltr'><strong>atra</strong></span> <span class='ocrx_word' id='word_1_154' title='bbox 569 2379 741 2436; x_wconf 87' lang='lat' dir='ltr'><strong>delire</strong></span> <span class='ocrx_word' id='word_1_155' title='bbox 782 2381 895 2452; x_wconf 84' lang='lat'><strong>(69)</strong></span> <span class='ocrx_word' id='word_1_156' title='bbox 937 2383 1188 2453; x_wconf 85' lang='lat' dir='ltr'><strong>garriunt</strong></span> <span class='ocrx_word' id='word_1_157' title='bbox 1247 2385 1466 2450; x_wconf 85' lang='lat' dir='ltr'><strong>quidam</strong></span> <span class='ocrx_word' id='word_1_158' title='bbox 1517 2363 1798 2450; x_wconf 57' lang='lat' dir='ltr'><strong>dicentes,</strong></span> <span class='ocrx_word' id='word_1_159' title='bbox 1840 2393 1965 2456; x_wconf 86' lang='lat' dir='ltr'><strong>post</strong></span> 
     </span>
    </p>
   </div>
   <div class='ocr_carea' id='block_1_26' title="bbox 394 2473 1966 2549">
    <p class='ocr_par' dir='ltr' id='par_1_26' title="bbox 394 2473 1966 2549">
     <span class='ocr_line' id='line_1_26' title="bbox 394 2473 1966 2549; baseline 0.004 -23"><span class='ocrx_word' id='word_1_160' title='bbox 394 2481 633 2542; x_wconf 84' lang='lat' dir='ltr'><strong>quatuor</strong></span> <span class='ocrx_word' id='word_1_161' title='bbox 663 2486 836 2528; x_wconf 89' lang='lat' dir='ltr'><strong>annos</strong></span> <span class='ocrx_word' id='word_1_162' title='bbox 872 2473 1046 2531; x_wconf 85' lang='lat' dir='ltr'><strong>factas</strong></span> <span class='ocrx_word' id='word_1_163' title='bbox 1110 2474 1278 2531; x_wconf 88' lang='lat' dir='ltr'><strong>fuisse</strong></span> <span class='ocrx_word' id='word_1_164' title='bbox 1331 2491 1425 2531; x_wconf 81' lang='lat' dir='ltr'><strong>sex</strong></span> <span class='ocrx_word' id='word_1_165' title='bbox 1460 2477 1649 2548; x_wconf 85' lang='lat' dir='ltr'><strong>synodi</strong></span> <span class='ocrx_word' id='word_1_166' title='bbox 1700 2479 1966 2549; x_wconf 84' lang='lat' dir='ltr'><strong>capitula-</strong></span> 
     </span>
    </p>
   </div>
   <div class='ocr_carea' id='block_1_27' title="bbox 395 2563 1962 2636">
    <p class='ocr_par' dir='ltr' id='par_1_27' title="bbox 395 2563 1962 2636">
     <span class='ocr_line' id='line_1_27' title="bbox 395 2563 1962 2636; baseline 0.004 -18"><span class='ocrx_word' id='word_1_167' title='bbox 395 2580 506 2631; x_wconf 88' lang='lat' dir='ltr'><strong>res,</strong></span> <span class='ocrx_word' id='word_1_168' title='bbox 557 2580 678 2636; x_wconf 65' lang='lat' dir='ltr'><strong>qua</strong></span> <span class='ocrx_word' id='word_1_169' title='bbox 727 2563 1017 2620; x_wconf 81' lang='lat' dir='ltr'><strong>diﬂ&#39;amata:</strong></span> <span class='ocrx_word' id='word_1_170' title='bbox 1055 2577 1222 2630; x_wconf 89' lang='lat' dir='ltr'><strong>sunt,</strong></span> <span class='ocrx_word' id='word_1_171' title='bbox 1280 2565 1524 2623; x_wconf 89' lang='lat' dir='ltr'><strong>formas:</strong></span> <span class='ocrx_word' id='word_1_172' title='bbox 1564 2569 1709 2624; x_wconf 90' lang='lat' dir='ltr'><strong>sicut</strong></span> <span class='ocrx_word' id='word_1_173' title='bbox 1735 2570 1878 2625; x_wconf 90' lang='lat' dir='ltr'><strong>enim</strong></span> <span class='ocrx_word' id='word_1_174' title='bbox 1908 2571 1962 2624; x_wconf 91' lang='lat' dir='ltr'><strong>in</strong></span> 
     </span>
    </p>
   </div>
   <div class='ocr_carea' id='block_1_28' title="bbox 395 2657 1966 2730">
    <p class='ocr_par' dir='ltr' id='par_1_28' title="bbox 395 2657 1966 2730">
     <span class='ocr_line' id='line_1_28' title="bbox 395 2657 1966 2730; baseline 0.004 -19"><span class='ocrx_word' id='word_1_175' title='bbox 395 2657 657 2712; x_wconf 85' lang='lat' dir='ltr'><strong>omnibus</strong></span> <span class='ocrx_word' id='word_1_176' title='bbox 682 2672 805 2713; x_wconf 88' lang='lat' dir='ltr'><strong>cum</strong></span> <span class='ocrx_word' id='word_1_177' title='bbox 853 2657 987 2712; x_wconf 91' lang='lat' dir='ltr'><strong>falsa</strong></span> <span class='ocrx_word' id='word_1_178' title='bbox 1021 2659 1320 2730; x_wconf 67' lang='lat' dir='ltr'><strong>praedicent</strong></span> <span class='ocrx_word' id='word_1_179' title='bbox 1349 2673 1655 2729; x_wconf 86' lang='lat' dir='ltr'><strong>arguuntur</strong></span> <span class='ocrx_word' id='word_1_180' title='bbox 1674 2701 1688 2725; x_wconf 89' lang='lat'><strong>,</strong></span> <span class='ocrx_word' id='word_1_181' title='bbox 1720 2662 1794 2716; x_wconf 88' lang='lat' dir='ltr'><strong>ita</strong></span> <span class='ocrx_word' id='word_1_182' title='bbox 1820 2673 1874 2716; x_wconf 86' lang='lat' dir='ltr'><strong>et</strong></span> <span class='ocrx_word' id='word_1_183' title='bbox 1899 2678 1966 2718; x_wconf 80' lang='lat' dir='ltr'><strong>ex</strong></span> 
     </span>
    </p>
   </div>
   <div class='ocr_carea' id='block_1_29' title="bbox 397 2749 1962 2811">
    <p class='ocr_par' dir='ltr' id='par_1_29' title="bbox 397 2749 1962 2811">
     <span class='ocr_line' id='line_1_29' title="bbox 397 2749 1962 2811; baseline 0.006 -9"><span class='ocrx_word' id='word_1_184' title='bbox 397 2749 490 2805; x_wconf 85' lang='lat' dir='ltr'><strong>his</strong></span> <span class='ocrx_word' id='word_1_185' title='bbox 545 2750 915 2806; x_wconf 83' lang='lat' dir='ltr'><strong>ostenduntur</strong></span> <span class='ocrx_word' id='word_1_186' title='bbox 957 2750 1093 2805; x_wconf 86' lang='lat' dir='ltr'><strong>nihil</strong></span> <span class='ocrx_word' id='word_1_187' title='bbox 1139 2751 1320 2806; x_wconf 90' lang='lat' dir='ltr'><strong>dicere</strong></span> <span class='ocrx_word' id='word_1_188' title='bbox 1377 2754 1606 2808; x_wconf 83' lang='lat' dir='ltr'><strong>veritate</strong></span> <span class='ocrx_word' id='word_1_189' title='bbox 1657 2755 1962 2811; x_wconf 83' lang='lat' dir='ltr'><strong>sulfultum.</strong></span> 
     </span>
    </p>
   </div>
   <div class='ocr_carea' id='block_1_30' title="bbox 397 2839 1964 2914">
    <p class='ocr_par' dir='ltr' id='par_1_30' title="bbox 397 2839 1964 2914">
     <span class='ocr_line' id='line_1_30' title="bbox 397 2839 1964 2914; baseline 0.004 -18"><span class='ocrx_word' id='word_1_190' title='bbox 397 2839 541 2898; x_wconf 79' lang='lat' dir='ltr'><strong>Vera</strong></span> <span class='ocrx_word' id='word_1_191' title='bbox 571 2843 774 2914; x_wconf 88' lang='lat' dir='ltr'><strong>quippe</strong></span> <span class='ocrx_word' id='word_1_192' title='bbox 820 2842 1082 2899; x_wconf 84' lang='lat' dir='ltr'><strong>chronica</strong></span> <span class='ocrx_word' id='word_1_193' title='bbox 1118 2844 1401 2900; x_wconf 89' lang='lat' dir='ltr'><strong>annotatio</strong></span> <span class='ocrx_word' id='word_1_194' title='bbox 1438 2856 1687 2901; x_wconf 89' lang='lat' dir='ltr'><strong>sanctum</strong></span> <span class='ocrx_word' id='word_1_195' title='bbox 1745 2848 1964 2902; x_wconf 83' lang='lat' dir='ltr'><strong>univer-</strong></span> 
     </span>
    </p>
   </div>
   <div class='ocr_carea' id='block_1_31' title="bbox 398 2935 1967 3008">
    <p class='ocr_par' dir='ltr' id='par_1_31' title="bbox 398 2935 1967 3008">
     <span class='ocr_line' id='line_1_31' title="bbox 398 2935 1967 3008; baseline 0.004 -16"><span class='ocrx_word' id='word_1_196' title='bbox 398 2935 572 2992; x_wconf 88' lang='lat' dir='ltr'><strong>salem</strong></span> <span class='ocrx_word' id='word_1_197' title='bbox 607 2947 814 2992; x_wconf 78' lang='lat' dir='ltr'><strong>sextam</strong></span> <span class='ocrx_word' id='word_1_198' title='bbox 839 2936 1111 3008; x_wconf 85' lang='lat' dir='ltr'><strong>synodum</strong></span> <span class='ocrx_word' id='word_1_199' title='bbox 1140 2977 1156 3004; x_wconf 93' lang='lat'><strong>,</strong></span> <span class='ocrx_word' id='word_1_200' title='bbox 1199 2952 1320 3008; x_wconf 68' lang='lat' dir='ltr'><strong>quae</strong></span> <span class='ocrx_word' id='word_1_201' title='bbox 1357 2948 1550 2993; x_wconf 84' lang='lat' dir='ltr'><strong>contra</strong></span> <span class='ocrx_word' id='word_1_202' title='bbox 1583 2941 1967 2998; x_wconf 81' lang='lat' dir='ltr'><strong>monethelitas</strong></span> 
     </span>
    </p>
   </div>
   <div class='ocr_carea' id='block_1_32' title="bbox 398 3027 1968 3102">
    <p class='ocr_par' dir='ltr' id='par_1_32' title="bbox 398 3027 1968 3102">
     <span class='ocr_line' id='line_1_32' title="bbox 398 3027 1968 3102; baseline 0.004 -19"><span class='ocrx_word' id='word_1_203' title='bbox 398 3028 679 3084; x_wconf 89' lang='lat' dir='ltr'><strong>celebrata</strong></span> <span class='ocrx_word' id='word_1_204' title='bbox 724 3037 810 3085; x_wconf 88' lang='lat' dir='ltr'><strong>est</strong></span> <span class='ocrx_word' id='word_1_205' title='bbox 845 3027 907 3083; x_wconf 80' lang='lat' dir='ltr'><strong>l2</strong></span> <span class='ocrx_word' id='word_1_206' title='bbox 942 3044 1086 3084; x_wconf 89' lang='lat' dir='ltr'><strong>anno</strong></span> <span class='ocrx_word' id='word_1_207' title='bbox 1113 3029 1327 3100; x_wconf 89' lang='lat' dir='ltr'><strong>imperii</strong></span> <span class='ocrx_word' id='word_1_208' title='bbox 1363 3030 1706 3087; x_wconf 88' lang='lat' dir='ltr'><strong>Constantini</strong></span> <span class='ocrx_word' id='word_1_209' title='bbox 1753 3035 1968 3102; x_wconf 86' lang='lat' dir='ltr'><strong>nepotis</strong></span> 
     </span>
    </p>
   </div>
   <div class='ocr_carea' id='block_1_33' title="bbox 2061 527 3641 598">
    <p class='ocr_par' dir='ltr' id='par_1_33' title="bbox 2061 527 3641 598">
     <span class='ocr_line' id='line_1_33' title="bbox 2061 527 3641 598; baseline 0.004 -19"><span class='ocrx_word' id='word_1_210' title='bbox 2061 527 2347 598; x_wconf 86' lang='lat' dir='ltr'><strong>Philippici</strong></span> <span class='ocrx_word' id='word_1_211' title='bbox 2394 530 2599 584; x_wconf 69' lang='lat' dir='ltr'><strong>factum</strong></span> <span class='ocrx_word' id='word_1_212' title='bbox 2666 532 2738 586; x_wconf 86' lang='lat' dir='ltr'><strong>sit</strong></span> <span class='ocrx_word' id='word_1_213' title='bbox 2791 533 3046 589; x_wconf 87' lang='lat' dir='ltr'><strong>insanum</strong></span> <span class='ocrx_word' id='word_1_214' title='bbox 3105 535 3399 592; x_wconf 87' lang='lat' dir='ltr'><strong>concilium</strong></span> <span class='ocrx_word' id='word_1_215' title='bbox 3444 544 3641 590; x_wconf 89' lang='lat' dir='ltr'><strong>contra</strong></span> 
     </span>
    </p>
   </div>
   <div class='ocr_carea' id='block_1_34' title="bbox 2061 623 3643 699">
    <p class='ocr_par' dir='ltr' id='par_1_34' title="bbox 2061 623 3643 699">
     <span class='ocr_line' id='line_1_34' title="bbox 2061 623 3643 699; baseline 0.003 -24"><span class='ocrx_word' id='word_1_216' title='bbox 2061 629 2309 675; x_wconf 84' lang='lat' dir='ltr'><strong>sanctam</strong></span> <span class='ocrx_word' id='word_1_217' title='bbox 2371 633 2424 676; x_wconf 87' lang='lat' dir='ltr'><strong>et</strong></span> <span class='ocrx_word' id='word_1_218' title='bbox 2479 623 2845 679; x_wconf 85' lang='lat' dir='ltr'><strong>universalem</strong></span> <span class='ocrx_word' id='word_1_219' title='bbox 2920 635 3131 680; x_wconf 83' lang='lat' dir='ltr'><strong>sextam</strong></span> <span class='ocrx_word' id='word_1_220' title='bbox 3205 627 3518 699; x_wconf 79' lang='lat' dir='ltr'><strong>synodum,</strong></span> <span class='ocrx_word' id='word_1_221' title='bbox 3586 636 3643 681; x_wconf 82' lang='lat' dir='ltr'><strong>et</strong></span> 
     </span>
    </p>
   </div>
   <div class='ocr_carea' id='block_1_35' title="bbox 2063 715 3643 788">
    <p class='ocr_par' dir='ltr' id='par_1_35' title="bbox 2063 715 3643 788">
     <span class='ocr_line' id='line_1_35' title="bbox 2063 715 3643 788; baseline 0.006 -23"><span class='ocrx_word' id='word_1_222' title='bbox 2063 715 2220 782; x_wconf 83' lang='lat' dir='ltr'><strong>pulso</strong></span> <span class='ocrx_word' id='word_1_223' title='bbox 2278 715 2418 786; x_wconf 83' lang='lat' dir='ltr'><strong>Cyro</strong></span> <span class='ocrx_word' id='word_1_224' title='bbox 2465 726 2623 772; x_wconf 83' lang='lat' dir='ltr'><strong>sexto</strong></span> <span class='ocrx_word' id='word_1_225' title='bbox 2685 733 2832 772; x_wconf 88' lang='lat' dir='ltr'><strong>anno</strong></span> <span class='ocrx_word' id='word_1_226' title='bbox 2900 721 3307 788; x_wconf 86' lang='lat' dir='ltr'><strong>patriarehatus</strong></span> <span class='ocrx_word' id='word_1_227' title='bbox 3357 722 3442 776; x_wconf 88' lang='lat' dir='ltr'><strong>sui</strong></span> <span class='ocrx_word' id='word_1_228' title='bbox 3490 721 3643 776; x_wconf 83' lang='lat' dir='ltr'><strong>ticrct</strong></span> 
     </span>
    </p>
   </div>
   <div class='ocr_carea' id='block_1_36' title="bbox 2059 803 3642 882">
    <p class='ocr_par' dir='ltr' id='par_1_36' title="bbox 2059 803 3642 882">
     <span class='ocr_line' id='line_1_36' title="bbox 2059 803 3642 882; baseline 0.007 -24"><span class='ocrx_word' id='word_1_229' title='bbox 2059 803 2303 862; x_wconf 78' lang='lat' dir='ltr'><strong>Joannes</strong></span> <span class='ocrx_word' id='word_1_230' title='bbox 2360 809 2672 876; x_wconf 81' lang='lat' dir='ltr'><strong>patriarcha</strong></span> <span class='ocrx_word' id='word_1_231' title='bbox 2726 809 3284 882; x_wconf 84' lang='lat' dir='ltr'><strong>Constantinopoleos</strong></span> <span class='ocrx_word' id='word_1_232' title='bbox 3309 823 3364 867; x_wconf 93' lang='lat' dir='ltr'><strong>et</strong></span> <span class='ocrx_word' id='word_1_233' title='bbox 3391 814 3642 868; x_wconf 74' lang='lat' dir='ltr'><strong>Andreas</strong></span> 
     </span>
    </p>
   </div>
   <div class='ocr_carea' id='block_1_37' title="bbox 2063 901 3642 976">
    <p class='ocr_par' dir='ltr' id='par_1_37' title="bbox 2063 901 3642 976">
     <span class='ocr_line' id='line_1_37' title="bbox 2063 901 3642 976; baseline 0.006 -25"><span class='ocrx_word' id='word_1_234' title='bbox 2063 901 2416 970; x_wconf 89' lang='lat' dir='ltr'><strong>metropolita</strong></span> <span class='ocrx_word' id='word_1_235' title='bbox 2485 901 2768 958; x_wconf 85' lang='lat' dir='ltr'><strong>Cretensis</strong></span> <span class='ocrx_word' id='word_1_236' title='bbox 2813 915 2866 959; x_wconf 88' lang='lat' dir='ltr'><strong>et</strong></span> <span class='ocrx_word' id='word_1_237' title='bbox 2921 905 3229 962; x_wconf 84' lang='lat' dir='ltr'><strong>Germanus</strong></span> <span class='ocrx_word' id='word_1_238' title='bbox 3289 908 3642 976; x_wconf 85' lang='lat' dir='ltr'><strong>metropolita</strong></span> 
     </span>
    </p>
   </div>
   <div class='ocr_carea' id='block_1_38' title="bbox 2061 992 3648 1067">
    <p class='ocr_par' dir='ltr' id='par_1_38' title="bbox 2061 992 3648 1067">
     <span class='ocr_line' id='line_1_38' title="bbox 2061 992 3648 1067; baseline 0.006 -20"><span class='ocrx_word' id='word_1_239' title='bbox 2061 992 2270 1064; x_wconf 86' lang='lat' dir='ltr'><strong>Cyzici,</strong></span> <span class='ocrx_word' id='word_1_240' title='bbox 2323 995 2416 1064; x_wconf 85' lang='lat' dir='ltr'><strong>qui</strong></span> <span class='ocrx_word' id='word_1_241' title='bbox 2469 996 2923 1067; x_wconf 84' lang='lat' dir='ltr'><strong>subscripserunt</strong></span> <span class='ocrx_word' id='word_1_242' title='bbox 2973 1002 3256 1055; x_wconf 78' lang='lat' dir='ltr'><strong>evidenter</strong></span> <span class='ocrx_word' id='word_1_243' title='bbox 3312 1010 3366 1055; x_wconf 90' lang='lat' dir='ltr'><strong>et</strong></span> <span class='ocrx_word' id='word_1_244' title='bbox 3412 1001 3648 1056; x_wconf 84' lang='lat' dir='ltr'><strong>anathe-</strong></span> 
     </span>
    </p>
   </div>
   <div class='ocr_carea' id='block_1_39' title="bbox 2063 1089 3646 1164">
    <p class='ocr_par' dir='ltr' id='par_1_39' title="bbox 2063 1089 3646 1164">
     <span class='ocr_line' id='line_1_39' title="bbox 2063 1089 3646 1164; baseline 0.004 -24"><span class='ocrx_word' id='word_1_245' title='bbox 2063 1089 2488 1154; x_wconf 74' lang='lat' dir='ltr'><strong>matiaaverunt,</strong></span> <span class='ocrx_word' id='word_1_246' title='bbox 2546 1104 2673 1144; x_wconf 89' lang='lat' dir='ltr'><strong>cum</strong></span> <span class='ocrx_word' id='word_1_247' title='bbox 2724 1092 2982 1148; x_wconf 87' lang='lat' dir='ltr'><strong>omnibus</strong></span> <span class='ocrx_word' id='word_1_248' title='bbox 3036 1093 3129 1164; x_wconf 93' lang='lat' dir='ltr'><strong>qui</strong></span> <span class='ocrx_word' id='word_1_249' title='bbox 3162 1108 3261 1164; x_wconf 85' lang='lat' dir='ltr'><strong>per</strong></span> <span class='ocrx_word' id='word_1_250' title='bbox 3287 1093 3477 1149; x_wconf 85' lang='lat' dir='ltr'><strong>eadem</strong></span> <span class='ocrx_word' id='word_1_251' title='bbox 3511 1103 3646 1148; x_wconf 83' lang='lat' dir='ltr'><strong>tern-</strong></span> 
     </span>
    </p>
   </div>
   <div class='ocr_carea' id='block_1_40' title="bbox 2063 1179 3642 1251">
    <p class='ocr_par' dir='ltr' id='par_1_40' title="bbox 2063 1179 3642 1251">
     <span class='ocr_line' id='line_1_40' title="bbox 2063 1179 3642 1251; baseline 0.005 -19"><span class='ocrx_word' id='word_1_252' title='bbox 2063 1194 2198 1250; x_wconf 89' lang='lat' dir='ltr'><strong>pora</strong></span> <span class='ocrx_word' id='word_1_253' title='bbox 2248 1179 2423 1246; x_wconf 83' lang='lat' dir='ltr'><strong>fuere,</strong></span> <span class='ocrx_word' id='word_1_254' title='bbox 2483 1181 2801 1251; x_wconf 67' lang='lat' dir='ltr'><strong>praedictam</strong></span> <span class='ocrx_word' id='word_1_255' title='bbox 2864 1193 3054 1238; x_wconf 84' lang='lat' dir='ltr'><strong>contra</strong></span> <span class='ocrx_word' id='word_1_256' title='bbox 3107 1185 3494 1240; x_wconf 83' lang='lat' dir='ltr'><strong>monmhelitas</strong></span> <span class='ocrx_word' id='word_1_257' title='bbox 3547 1201 3642 1240; x_wconf 90' lang='lat' dir='ltr'><strong>ce-</strong></span> 
     </span>
    </p>
   </div>
   <div class='ocr_carea' id='block_1_41' title="bbox 2066 1269 3640 1348">
    <p class='ocr_par' dir='ltr' id='par_1_41' title="bbox 2066 1269 3640 1348">
     <span class='ocr_line' id='line_1_41' title="bbox 2066 1269 3640 1348; baseline 0.006 -28"><span class='ocrx_word' id='word_1_258' title='bbox 2066 1269 2331 1322; x_wconf 89' lang='lat' dir='ltr'><strong>lebratam</strong></span> <span class='ocrx_word' id='word_1_259' title='bbox 2388 1281 2636 1325; x_wconf 87' lang='lat' dir='ltr'><strong>sanctam</strong></span> <span class='ocrx_word' id='word_1_260' title='bbox 2673 1273 3040 1328; x_wconf 87' lang='lat' dir='ltr'><strong>universalem</strong></span> <span class='ocrx_word' id='word_1_261' title='bbox 3091 1283 3301 1331; x_wconf 77' lang='lat' dir='ltr'><strong>sextam</strong></span> <span class='ocrx_word' id='word_1_262' title='bbox 3345 1277 3640 1348; x_wconf 86' lang='lat' dir='ltr'><strong>synodum;</strong></span> 
     </span>
    </p>
   </div>
   <div class='ocr_carea' id='block_1_42' title="bbox 2064 1363 3644 1431">
    <p class='ocr_par' dir='ltr' id='par_1_42' title="bbox 2064 1363 3644 1431">
     <span class='ocr_line' id='line_1_42' title="bbox 2064 1363 3644 1431; baseline 0.008 -17"><span class='ocrx_word' id='word_1_263' title='bbox 2064 1368 2187 1431; x_wconf 87' lang='lat' dir='ltr'><strong>post</strong></span> <span class='ocrx_word' id='word_1_264' title='bbox 2243 1377 2418 1417; x_wconf 86' lang='lat' dir='ltr'><strong>annos</strong></span> <span class='ocrx_word' id='word_1_265' title='bbox 2473 1378 2605 1418; x_wconf 90' lang='lat' dir='ltr'><strong>vero</strong></span> <span class='ocrx_word' id='word_1_266' title='bbox 2663 1372 2775 1420; x_wconf 86' lang='lat' dir='ltr'><strong>tres</strong></span> <span class='ocrx_word' id='word_1_267' title='bbox 2805 1363 3065 1422; x_wconf 82' lang='lat' dir='ltr'><strong>defuncto</strong></span> <span class='ocrx_word' id='word_1_268' title='bbox 3086 1365 3299 1424; x_wconf 79' lang='lat' dir='ltr'><strong>Joanne</strong></span> <span class='ocrx_word' id='word_1_269' title='bbox 3343 1371 3644 1426; x_wconf 86' lang='lat' dir='ltr'><strong>translatus</strong></span> 
     </span>
    </p>
   </div>
   <div class='ocr_carea' id='block_1_43' title="bbox 2064 1449 3646 1530">
    <p class='ocr_par' dir='ltr' id='par_1_43' title="bbox 2064 1449 3646 1530">
     <span class='ocr_line' id='line_1_43' title="bbox 2064 1449 3646 1530; baseline 0.008 -23"><span class='ocrx_word' id='word_1_270' title='bbox 2064 1453 2226 1510; x_wconf 90' lang='lat' dir='ltr'><strong>fuerit</strong></span> <span class='ocrx_word' id='word_1_271' title='bbox 2273 1454 2577 1512; x_wconf 83' lang='lat' dir='ltr'><strong>Germanus</strong></span> <span class='ocrx_word' id='word_1_272' title='bbox 2635 1472 2663 1509; x_wconf 87' lang='lat' dir='ltr'><strong>a</strong></span> <span class='ocrx_word' id='word_1_273' title='bbox 2705 1457 2905 1528; x_wconf 84' lang='lat' dir='ltr'><strong>Cyzico</strong></span> <span class='ocrx_word' id='word_1_274' title='bbox 2987 1469 3041 1514; x_wconf 83' lang='lat' dir='ltr'><strong>et</strong></span> <span class='ocrx_word' id='word_1_275' title='bbox 3105 1463 3420 1530; x_wconf 82' lang='lat' dir='ltr'><strong>patriarcha</strong></span> <span class='ocrx_word' id='word_1_276' title='bbox 3489 1449 3646 1519; x_wconf 75' lang='lat' dir='ltr'><strong>fieret</strong></span> 
     </span>
    </p>
   </div>
   <div class='ocr_carea' id='block_1_44' title="bbox 2063 1546 3646 1619">
    <p class='ocr_par' dir='ltr' id='par_1_44' title="bbox 2063 1546 3646 1619">
     <span class='ocr_line' id='line_1_44' title="bbox 2063 1546 3646 1619; baseline 0.006 -17"><span class='ocrx_word' id='word_1_277' title='bbox 2063 1546 2663 1619; x_wconf 81' lang='lat' dir='ltr'><strong>Constantinopoleos,</strong></span> <span class='ocrx_word' id='word_1_278' title='bbox 2722 1560 2776 1606; x_wconf 86' lang='lat' dir='ltr'><strong>et</strong></span> <span class='ocrx_word' id='word_1_279' title='bbox 2833 1551 3046 1609; x_wconf 83' lang='lat' dir='ltr'><strong>decimo</strong></span> <span class='ocrx_word' id='word_1_280' title='bbox 3105 1556 3266 1610; x_wconf 89' lang='lat' dir='ltr'><strong>tertio</strong></span> <span class='ocrx_word' id='word_1_281' title='bbox 3327 1571 3478 1611; x_wconf 83' lang='lat' dir='ltr'><strong>anno</strong></span> <span class='ocrx_word' id='word_1_282' title='bbox 3540 1555 3646 1611; x_wconf 78' lang='lat' dir='ltr'><strong>im-</strong></span> 
     </span>
    </p>
   </div>
   <div class='ocr_carea' id='block_1_45' title="bbox 2063 1643 3645 1715">
    <p class='ocr_par' dir='ltr' id='par_1_45' title="bbox 2063 1643 3645 1715">
     <span class='ocr_line' id='line_1_45' title="bbox 2063 1643 3645 1715; baseline 0.006 -19"><span class='ocrx_word' id='word_1_283' title='bbox 2063 1643 2199 1712; x_wconf 88' lang='lat' dir='ltr'><strong>perii</strong></span> <span class='ocrx_word' id='word_1_284' title='bbox 2265 1643 2462 1700; x_wconf 66' lang='lat' dir='ltr'><strong>Leonis</strong></span> <span class='ocrx_word' id='word_1_285' title='bbox 2516 1646 2920 1714; x_wconf 79' lang='lat' dir='ltr'><strong>expelleretur,</strong></span> <span class='ocrx_word' id='word_1_286' title='bbox 2975 1655 3030 1701; x_wconf 79' lang='lat' dir='ltr'><strong>ct</strong></span> <span class='ocrx_word' id='word_1_287' title='bbox 3085 1647 3237 1704; x_wconf 88' lang='lat' dir='ltr'><strong>tieret</strong></span> <span class='ocrx_word' id='word_1_288' title='bbox 3292 1650 3645 1715; x_wconf 78' lang='lat' dir='ltr'><strong>Anastasius,</strong></span> 
     </span>
    </p>
   </div>
   <div class='ocr_carea' id='block_1_46' title="bbox 2063 1737 3645 1811">
    <p class='ocr_par' dir='ltr' id='par_1_46' title="bbox 2063 1737 3645 1811">
     <span class='ocr_line' id='line_1_46' title="bbox 2063 1737 3645 1811; baseline 0.003 -20"><span class='ocrx_word' id='word_1_289' title='bbox 2063 1745 2117 1791; x_wconf 89' lang='lat' dir='ltr'><strong>et</strong></span> <span class='ocrx_word' id='word_1_290' title='bbox 2193 1737 2564 1805; x_wconf 88' lang='lat' dir='ltr'><strong>patriarchatu</strong></span> <span class='ocrx_word' id='word_1_291' title='bbox 2630 1739 2950 1807; x_wconf 78' lang='lat' dir='ltr'><strong>fungeretur</strong></span> <span class='ocrx_word' id='word_1_292' title='bbox 3015 1740 3176 1795; x_wconf 90' lang='lat' dir='ltr'><strong>annis</strong></span> <span class='ocrx_word' id='word_1_293' title='bbox 3236 1739 3342 1805; x_wconf 68' lang='lat'><strong>24,</strong></span> <span class='ocrx_word' id='word_1_294' title='bbox 3401 1749 3458 1796; x_wconf 87' lang='lat' dir='ltr'><strong>et</strong></span> <span class='ocrx_word' id='word_1_295' title='bbox 3517 1749 3645 1811; x_wconf 86' lang='lat' dir='ltr'><strong>post</strong></span> 
     </span>
    </p>
   </div>
   <div class='ocr_carea' id='block_1_47' title="bbox 2063 1829 3647 1901">
    <p class='ocr_par' dir='ltr' id='par_1_47' title="bbox 2063 1829 3647 1901">
     <span class='ocr_line' id='line_1_47' title="bbox 2063 1829 3647 1901; baseline 0.003 -15"><span class='ocrx_word' id='word_1_296' title='bbox 2063 1847 2186 1886; x_wconf 88' lang='lat' dir='ltr'><strong>eum</strong></span> <span class='ocrx_word' id='word_1_297' title='bbox 2225 1829 2621 1886; x_wconf 81' lang='lat' dir='ltr'><strong>Constantinus</strong></span> <span class='ocrx_word' id='word_1_298' title='bbox 2665 1833 2828 1886; x_wconf 90' lang='lat' dir='ltr'><strong>annis</strong></span> <span class='ocrx_word' id='word_1_299' title='bbox 2869 1832 2956 1896; x_wconf 76' lang='lat' dir='ltr'><strong>l2,</strong></span> <span class='ocrx_word' id='word_1_300' title='bbox 2989 1841 3044 1886; x_wconf 92' lang='lat' dir='ltr'><strong>et</strong></span> <span class='ocrx_word' id='word_1_301' title='bbox 3072 1832 3270 1890; x_wconf 88' lang='lat' dir='ltr'><strong>Paulus</strong></span> <span class='ocrx_word' id='word_1_302' title='bbox 3303 1835 3357 1901; x_wconf 88' lang='lat'><strong>5,</strong></span> <span class='ocrx_word' id='word_1_303' title='bbox 3387 1843 3443 1890; x_wconf 91' lang='lat' dir='ltr'><strong>et</strong></span> <span class='ocrx_word' id='word_1_304' title='bbox 3473 1833 3647 1890; x_wconf 80' lang='lat' dir='ltr'><strong>Tara-</strong></span> 
     </span>
    </p>
   </div>
   <div class='ocr_carea' id='block_1_48' title="bbox 2064 1924 2294 1980">
    <p class='ocr_par' dir='ltr' id='par_1_48' title="bbox 2064 1924 2294 1980">
     <span class='ocr_line' id='line_1_48' title="bbox 2064 1924 2294 1980; baseline 0 0"><span class='ocrx_word' id='word_1_305' title='bbox 2064 1924 2180 1980; x_wconf 88' lang='lat' dir='ltr'><strong>sins</strong></span> <span class='ocrx_word' id='word_1_306' title='bbox 2203 1925 2294 1980; x_wconf 77' lang='lat' dir='ltr'><strong>2i.</strong></span> 
     </span>
    </p>
   </div>
   <div class='ocr_carea' id='block_1_49' title="bbox 2135 2017 3642 2096">
    <p class='ocr_par' dir='ltr' id='par_1_49' title="bbox 2135 2017 3642 2096">
     <span class='ocr_line' id='line_1_49' title="bbox 2135 2017 3642 2096; baseline 0.001 -25"><span class='ocrx_word' id='word_1_307' title='bbox 2135 2017 2322 2074; x_wconf 85' lang='lat' dir='ltr'><strong>Mundi</strong></span> <span class='ocrx_word' id='word_1_308' title='bbox 2378 2035 2526 2075; x_wconf 90' lang='lat' dir='ltr'><strong>anno</strong></span> <span class='ocrx_word' id='word_1_309' title='bbox 2562 2018 2744 2096; x_wconf 80' lang='lat' dir='ltr'><strong>_6l78,</strong></span> <span class='ocrx_word' id='word_1_310' title='bbox 2806 2017 3005 2074; x_wconf 79' lang='lat' dir='ltr'><strong>divina:</strong></span> <span class='ocrx_word' id='word_1_311' title='bbox 3059 2019 3460 2075; x_wconf 88' lang='lat' dir='ltr'><strong>incarnationis</strong></span> <span class='ocrx_word' id='word_1_312' title='bbox 3514 2019 3642 2084; x_wconf 71' lang='lat'><strong>678,</strong></span> 
     </span>
    </p>
   </div>
   <div class='ocr_carea' id='block_1_50' title="bbox 2063 2097 3643 2182">
    <p class='ocr_par' dir='ltr' id='par_1_50' title="bbox 2063 2097 3643 2182">
     <span class='ocr_line' id='line_1_50' title="bbox 2063 2097 3643 2182; baseline 0.001 -17"><span class='ocrx_word' id='word_1_313' title='bbox 2063 2127 2210 2166; x_wconf 87' lang='lat' dir='ltr'><strong>anno</strong></span> <span class='ocrx_word' id='word_1_314' title='bbox 2265 2127 2396 2168; x_wconf 81' lang='lat' dir='ltr'><strong>vero</strong></span> <span class='ocrx_word' id='word_1_315' title='bbox 2453 2111 2667 2182; x_wconf 87' lang='lat' dir='ltr'><strong>imperii</strong></span> <span class='ocrx_word' id='word_1_316' title='bbox 2727 2110 3021 2166; x_wconf 84' lang='lat' dir='ltr'><strong>Iustiniani</strong></span> <span class='ocrx_word' id='word_1_317' title='bbox 3079 2113 3257 2182; x_wconf 81' lang='lat' dir='ltr'><strong>primo</strong></span> <span class='ocrx_word' id='word_1_318' title='bbox 3321 2097 3643 2168; x_wconf 81' lang='lat' dir='ltr'><strong>Ahimeleclr</strong></span> 
     </span>
    </p>
   </div>
   <div class='ocr_carea' id='block_1_51' title="bbox 2064 2202 3639 2274">
    <p class='ocr_par' dir='ltr' id='par_1_51' title="bbox 2064 2202 3639 2274">
     <span class='ocr_line' id='line_1_51' title="bbox 2064 2202 3639 2274; baseline 0.001 -17"><span class='ocrx_word' id='word_1_319' title='bbox 2064 2203 2407 2274; x_wconf 88' lang='lat' dir='ltr'><strong>principatur</strong></span> <span class='ocrx_word' id='word_1_320' title='bbox 2451 2203 2747 2265; x_wconf 82' lang='lat' dir='ltr'><strong>Arabibus.</strong></span> <span class='ocrx_word' id='word_1_321' title='bbox 2803 2203 2896 2272; x_wconf 88' lang='lat' dir='ltr'><strong>qui</strong></span> <span class='ocrx_word' id='word_1_322' title='bbox 2950 2202 3165 2273; x_wconf 69' lang='lat' dir='ltr'><strong>prmfuit</strong></span> <span class='ocrx_word' id='word_1_323' title='bbox 3230 2204 3316 2258; x_wconf 88' lang='lat' dir='ltr'><strong>his</strong></span> <span class='ocrx_word' id='word_1_324' title='bbox 3359 2204 3518 2260; x_wconf 87' lang='lat' dir='ltr'><strong>annis</strong></span> <span class='ocrx_word' id='word_1_325' title='bbox 3545 2203 3639 2259; x_wconf 93' lang='lat'><strong>22.</strong></span> 
     </span>
    </p>
   </div>
   <div class='ocr_carea' id='block_1_52' title="bbox 2067 2295 3644 2366">
    <p class='ocr_par' dir='ltr' id='par_1_52' title="bbox 2067 2295 3644 2366">
     <span class='ocr_line' id='line_1_52' title="bbox 2067 2295 3644 2366; baseline 0.001 -16"><span class='ocrx_word' id='word_1_326' title='bbox 2067 2295 2394 2351; x_wconf 85' lang='lat' dir='ltr'><strong>Theodorus</strong></span> <span class='ocrx_word' id='word_1_327' title='bbox 2437 2304 2620 2350; x_wconf 89' lang='lat' dir='ltr'><strong>autem</strong></span> <span class='ocrx_word' id='word_1_328' title='bbox 2664 2295 3316 2366; x_wconf 88' lang='lat' dir='ltr'><strong>Constantinopolitanus</strong></span> <span class='ocrx_word' id='word_1_329' title='bbox 3349 2297 3513 2351; x_wconf 87' lang='lat' dir='ltr'><strong>annis</strong></span> <span class='ocrx_word' id='word_1_330' title='bbox 3543 2298 3644 2351; x_wconf 86' lang='lat' dir='ltr'><strong>tri-</strong></span> 
     </span>
    </p>
   </div>
   <div class='ocr_carea' id='block_1_53' title="bbox 2065 2372 3646 2444">
    <p class='ocr_par' dir='ltr' id='par_1_53' title="bbox 2065 2372 3646 2444">
     <span class='ocr_line' id='line_1_53' title="bbox 2065 2372 3646 2444; baseline -0.002 0"><span class='ocrx_word' id='word_1_331' title='bbox 2065 2387 2170 2444; x_wconf 87' lang='lat' dir='ltr'><strong>bus</strong></span> <span class='ocrx_word' id='word_1_332' title='bbox 2215 2396 2270 2443; x_wconf 86' lang='lat' dir='ltr'><strong>et</strong></span> <span class='ocrx_word' id='word_1_333' title='bbox 2325 2388 2635 2444; x_wconf 75' lang='lat' dir='ltr'><strong>Alexander</strong></span> <span class='ocrx_word' id='word_1_334' title='bbox 2676 2388 3054 2443; x_wconf 81' lang='lat' dir='ltr'><strong>Antiochenus</strong></span> <span class='ocrx_word' id='word_1_335' title='bbox 3109 2387 3382 2443; x_wconf 86' lang='lat' dir='ltr'><strong>habentur</strong></span> <span class='ocrx_word' id='word_1_336' title='bbox 3421 2372 3646 2443; x_wconf 77' lang='lat' dir='ltr'><strong>antisti-</strong></span> 
     </span>
    </p>
   </div>
   <div class='ocr_carea' id='block_1_54' title="bbox 2068 2474 3648 2534">
    <p class='ocr_par' dir='ltr' id='par_1_54' title="bbox 2068 2474 3648 2534">
     <span class='ocr_line' id='line_1_54' title="bbox 2068 2474 3648 2534; baseline -0.001 -3"><span class='ocrx_word' id='word_1_337' title='bbox 2068 2475 2168 2533; x_wconf 73' lang='lat' dir='ltr'><strong>tes;</strong></span> <span class='ocrx_word' id='word_1_338' title='bbox 2225 2478 2342 2532; x_wconf 80' lang='lat' dir='ltr'><strong>Hoc</strong></span> <span class='ocrx_word' id='word_1_339' title='bbox 2391 2485 2574 2532; x_wconf 88' lang='lat' dir='ltr'><strong>autem</strong></span> <span class='ocrx_word' id='word_1_340' title='bbox 2620 2493 2765 2532; x_wconf 86' lang='lat' dir='ltr'><strong>anno</strong></span> <span class='ocrx_word' id='word_1_341' title='bbox 2815 2477 2983 2533; x_wconf 86' lang='lat' dir='ltr'><strong>mittit</strong></span> <span class='ocrx_word' id='word_1_342' title='bbox 3031 2477 3348 2532; x_wconf 79' lang='lat' dir='ltr'><strong>Abimelech</strong></span> <span class='ocrx_word' id='word_1_343' title='bbox 3381 2477 3447 2531; x_wconf 90' lang='lat' dir='ltr'><strong>ad</strong></span> <span class='ocrx_word' id='word_1_344' title='bbox 3470 2474 3648 2534; x_wconf 78' lang='lat' dir='ltr'><strong>Justi-</strong></span> 
     </span>
    </p>
   </div>
   <div class='ocr_carea' id='block_1_55' title="bbox 2067 2557 3648 2641">
    <p class='ocr_par' dir='ltr' id='par_1_55' title="bbox 2067 2557 3648 2641">
     <span class='ocr_line' id='line_1_55' title="bbox 2067 2557 3648 2641; baseline 0.005 -20"><span class='ocrx_word' id='word_1_345' title='bbox 2067 2568 2293 2622; x_wconf 86' lang='lat' dir='ltr'><strong>niauum</strong></span> <span class='ocrx_word' id='word_1_346' title='bbox 2349 2570 2676 2626; x_wconf 82' lang='lat' dir='ltr'><strong>confirmare</strong></span> <span class='ocrx_word' id='word_1_347' title='bbox 2718 2586 2926 2641; x_wconf 85' lang='lat' dir='ltr'><strong>pacem,</strong></span> <span class='ocrx_word' id='word_1_348' title='bbox 2979 2581 3038 2627; x_wconf 90' lang='lat' dir='ltr'><strong>et</strong></span> <span class='ocrx_word' id='word_1_349' title='bbox 3086 2572 3344 2628; x_wconf 82' lang='lat' dir='ltr'><strong>convenit</strong></span> <span class='ocrx_word' id='word_1_350' title='bbox 3378 2573 3517 2627; x_wconf 87' lang='lat' dir='ltr'><strong>inter</strong></span> <span class='ocrx_word' id='word_1_351' title='bbox 3549 2557 3648 2629; x_wconf 79' lang='lat' dir='ltr'><strong>eos</strong></span> 
     </span>
    </p>
   </div>
   <div class='ocr_carea' id='block_1_56' title="bbox 2069 2657 3650 2731">
    <p class='ocr_par' dir='ltr' id='par_1_56' title="bbox 2069 2657 3650 2731">
     <span class='ocr_line' id='line_1_56' title="bbox 2069 2657 3650 2731; baseline 0.003 -20"><span class='ocrx_word' id='word_1_352' title='bbox 2069 2657 2452 2727; x_wconf 85' lang='lat' dir='ltr'><strong>hujuscemodi</strong></span> <span class='ocrx_word' id='word_1_353' title='bbox 2489 2675 2615 2729; x_wconf 84' lang='lat' dir='ltr'><strong>pax,</strong></span> <span class='ocrx_word' id='word_1_354' title='bbox 2651 2667 2711 2714; x_wconf 90' lang='lat' dir='ltr'><strong>ut</strong></span> <span class='ocrx_word' id='word_1_355' title='bbox 2762 2661 2973 2715; x_wconf 89' lang='lat' dir='ltr'><strong>scilicet</strong></span> <span class='ocrx_word' id='word_1_356' title='bbox 3015 2661 3313 2730; x_wconf 85' lang='lat' dir='ltr'><strong>imperator</strong></span> <span class='ocrx_word' id='word_1_357' title='bbox 3345 2660 3650 2731; x_wconf 87' lang='lat' dir='ltr'><strong>deponeret</strong></span> 
     </span>
    </p>
   </div>
   <div class='ocr_carea' id='block_1_57' title="bbox 2069 2749 3648 2824">
    <p class='ocr_par' dir='ltr' id='par_1_57' title="bbox 2069 2749 3648 2824">
     <span class='ocr_line' id='line_1_57' title="bbox 2069 2749 3648 2824; baseline 0.003 -20"><span class='ocrx_word' id='word_1_358' title='bbox 2069 2749 2462 2807; x_wconf 76' lang='lat' dir='ltr'><strong>Mardaitarum</strong></span> <span class='ocrx_word' id='word_1_359' title='bbox 2508 2767 2701 2824; x_wconf 90' lang='lat' dir='ltr'><strong>agmen</strong></span> <span class='ocrx_word' id='word_1_360' title='bbox 2742 2767 2774 2808; x_wconf 85' lang='lat' dir='ltr'><strong>a</strong></span> <span class='ocrx_word' id='word_1_361' title='bbox 2823 2752 3031 2808; x_wconf 87' lang='lat' dir='ltr'><strong>Libano</strong></span> <span class='ocrx_word' id='word_1_362' title='bbox 3087 2763 3142 2809; x_wconf 90' lang='lat' dir='ltr'><strong>ct</strong></span> <span class='ocrx_word' id='word_1_363' title='bbox 3195 2754 3508 2824; x_wconf 86' lang='lat' dir='ltr'><strong>prohiberet</strong></span> <span class='ocrx_word' id='word_1_364' title='bbox 3561 2752 3648 2809; x_wconf 83' lang='lat' dir='ltr'><strong>in-</strong></span> 
     </span>
    </p>
   </div>
   <div class='ocr_carea' id='block_1_58' title="bbox 2068 2844 3647 2908">
    <p class='ocr_par' dir='ltr' id='par_1_58' title="bbox 2068 2844 3647 2908">
     <span class='ocr_line' id='line_1_58' title="bbox 2068 2844 3647 2908; baseline 0 -10"><span class='ocrx_word' id='word_1_365' title='bbox 2068 2845 2357 2900; x_wconf 87' lang='lat' dir='ltr'><strong>cursiones</strong></span> <span class='ocrx_word' id='word_1_366' title='bbox 2406 2859 2622 2908; x_wconf 88' lang='lat' dir='ltr'><strong>eorum,</strong></span> <span class='ocrx_word' id='word_1_367' title='bbox 2665 2844 3056 2902; x_wconf 83' lang='lat' dir='ltr'><strong>etAbimelech</strong></span> <span class='ocrx_word' id='word_1_368' title='bbox 3089 2845 3351 2901; x_wconf 82' lang='lat' dir='ltr'><strong>Romanis</strong></span> <span class='ocrx_word' id='word_1_369' title='bbox 3375 2846 3647 2900; x_wconf 78' lang='lat' dir='ltr'><strong>tribueret</strong></span> 
     </span>
    </p>
   </div>
   <div class='ocr_carea' id='block_1_59' title="bbox 2069 2936 3650 3010">
    <p class='ocr_par' dir='ltr' id='par_1_59' title="bbox 2069 2936 3650 3010">
     <span class='ocr_line' id='line_1_59' title="bbox 2069 2936 3650 3010; baseline 0.003 -22"><span class='ocrx_word' id='word_1_370' title='bbox 2069 2951 2168 3008; x_wconf 86' lang='lat' dir='ltr'><strong>per</strong></span> <span class='ocrx_word' id='word_1_371' title='bbox 2218 2936 2469 3009; x_wconf 89' lang='lat' dir='ltr'><strong>singulos</strong></span> <span class='ocrx_word' id='word_1_372' title='bbox 2529 2937 2650 2993; x_wconf 87' lang='lat' dir='ltr'><strong>dies</strong></span> <span class='ocrx_word' id='word_1_373' title='bbox 2706 2939 3038 2994; x_wconf 89' lang='lat' dir='ltr'><strong>numismata</strong></span> <span class='ocrx_word' id='word_1_374' title='bbox 3080 2938 3226 2996; x_wconf 89' lang='lat' dir='ltr'><strong>mille</strong></span> <span class='ocrx_word' id='word_1_375' title='bbox 3255 2946 3309 2994; x_wconf 81' lang='lat' dir='ltr'><strong>et</strong></span> <span class='ocrx_word' id='word_1_376' title='bbox 3356 2954 3556 3010; x_wconf 83' lang='lat' dir='ltr'><strong>equum</strong></span> <span class='ocrx_word' id='word_1_377' title='bbox 3591 2947 3650 2994; x_wconf 83' lang='lat' dir='ltr'><strong>et</strong></span> 
     </span>
    </p>
   </div>
   <div class='ocr_carea' id='block_1_60' title="bbox 2067 3018 3646 3100">
    <p class='ocr_par' dir='ltr' id='par_1_60' title="bbox 2067 3018 3646 3100">
     <span class='ocr_line' id='line_1_60' title="bbox 2067 3018 3646 3100; baseline -0.002 -15"><span class='ocrx_word' id='word_1_378' title='bbox 2067 3045 2310 3096; x_wconf 88' lang='lat' dir='ltr'><strong>servum,</strong></span> <span class='ocrx_word' id='word_1_379' title='bbox 2358 3039 2411 3086; x_wconf 88' lang='lat' dir='ltr'><strong>et</strong></span> <span class='ocrx_word' id='word_1_380' title='bbox 2458 3041 2517 3086; x_wconf 91' lang='lat' dir='ltr'><strong>ut</strong></span> <span class='ocrx_word' id='word_1_381' title='bbox 2564 3030 2830 3086; x_wconf 84' lang='lat' dir='ltr'><strong>haberent</strong></span> <span class='ocrx_word' id='word_1_382' title='bbox 2874 3032 2929 3086; x_wconf 92' lang='lat' dir='ltr'><strong>in</strong></span> <span class='ocrx_word' id='word_1_383' title='bbox 2968 3046 3261 3086; x_wconf 81' lang='lat' dir='ltr'><strong>Commune</strong></span> <span class='ocrx_word' id='word_1_384' title='bbox 3320 3047 3415 3100; x_wconf 89' lang='lat' dir='ltr'><strong>per</strong></span> <span class='ocrx_word' id='word_1_385' title='bbox 3455 3018 3646 3100; x_wconf 71' lang='lat' dir='ltr'><strong>requa—</strong></span> 
     </span>
    </p>
   </div>
   <div class='ocr_carea' id='block_1_61' title="bbox 396 3119 3650 3201">
    <p class='ocr_par' dir='ltr' id='par_1_61' title="bbox 396 3119 3650 3201">
     <span class='ocr_line' id='line_1_61' title="bbox 396 3119 3650 3201; baseline 0 -26"><span class='ocrx_word' id='word_1_386' title='bbox 396 3119 659 3186; x_wconf 80' lang='lat' dir='ltr'><strong>Heraclii,</strong></span> <span class='ocrx_word' id='word_1_387' title='bbox 694 3123 1019 3178; x_wconf 82' lang='lat' dir='ltr'><strong>convenisse</strong></span> <span class='ocrx_word' id='word_1_388' title='bbox 1051 3123 1217 3177; x_wconf 86' lang='lat' dir='ltr'><strong>refert</strong></span> <span class='ocrx_word' id='word_1_389' title='bbox 1253 3138 1397 3178; x_wconf 88' lang='lat' dir='ltr'><strong>anno</strong></span> <span class='ocrx_word' id='word_1_390' title='bbox 1438 3139 1470 3179; x_wconf 89' lang='lat' dir='ltr'><strong>a</strong></span> <span class='ocrx_word' id='word_1_391' title='bbox 1516 3125 1832 3183; x_wconf 87' lang='lat' dir='ltr'><strong>conditione</strong></span> <span class='ocrx_word' id='word_1_392' title='bbox 1858 3126 1967 3201; x_wconf 83' lang='lat'><strong>(70)</strong></span> <span class='ocrx_word' id='word_1_393' title='bbox 1993 3132 2041 3197; x_wconf 69' lang='grc' dir='ltr'><strong>(ζ</strong></span> <span class='ocrx_word' id='word_1_394' title='bbox 2075 3123 2283 3177; x_wconf 87' lang='lat' dir='ltr'><strong>litatem</strong></span> <span class='ocrx_word' id='word_1_395' title='bbox 2335 3123 2539 3178; x_wconf 85' lang='lat' dir='ltr'><strong>tributa</strong></span> <span class='ocrx_word' id='word_1_396' title='bbox 2574 3122 2740 3195; x_wconf 86' lang='lat' dir='ltr'><strong>Cypri</strong></span> <span class='ocrx_word' id='word_1_397' title='bbox 2772 3132 2826 3179; x_wconf 89' lang='lat' dir='ltr'><strong>et</strong></span> <span class='ocrx_word' id='word_1_398' title='bbox 2875 3123 3150 3189; x_wconf 60' lang='lat' dir='ltr'><strong>Armenia</strong></span> <span class='ocrx_word' id='word_1_399' title='bbox 3184 3139 3251 3180; x_wconf 87' lang='lat' dir='ltr'><strong>ac</strong></span> <span class='ocrx_word' id='word_1_400' title='bbox 3275 3122 3534 3179; x_wconf 79' lang='lat' dir='ltr'><strong>Hiberiae.</strong></span> <span class='ocrx_word' id='word_1_401' title='bbox 3583 3121 3650 3176; x_wconf 77' lang='lat' dir='ltr'><strong>Et</strong></span> 
     </span>
    </p>
   </div>
   <div class='ocr_carea' id='block_1_62' title="bbox 397 3215 1972 3288">
    <p class='ocr_par' dir='ltr' id='par_1_62' title="bbox 397 3215 1972 3288">
     <span class='ocr_line' id='line_1_62' title="bbox 397 3215 1972 3288; baseline 0.004 -19"><span class='ocrx_word' id='word_1_402' title='bbox 397 3217 589 3271; x_wconf 89' lang='lat' dir='ltr'><strong>mundi</strong></span> <span class='ocrx_word' id='word_1_403' title='bbox 636 3215 808 3282; x_wconf 67' lang='lat'><strong>6170;</strong></span> <span class='ocrx_word' id='word_1_404' title='bbox 850 3226 903 3272; x_wconf 92' lang='lat' dir='ltr'><strong>et</strong></span> <span class='ocrx_word' id='word_1_405' title='bbox 932 3217 1058 3286; x_wconf 91' lang='lat' dir='ltr'><strong>quia</strong></span> <span class='ocrx_word' id='word_1_406' title='bbox 1102 3224 1222 3288; x_wconf 82' lang='lat' dir='ltr'><strong>post</strong></span> <span class='ocrx_word' id='word_1_407' title='bbox 1244 3216 1347 3272; x_wconf 91' lang='lat' dir='ltr'><strong>hoc</strong></span> <span class='ocrx_word' id='word_1_408' title='bbox 1372 3219 1619 3288; x_wconf 80' lang='lat' dir='ltr'><strong>regnavit</strong></span> <span class='ocrx_word' id='word_1_409' title='bbox 1650 3221 1790 3274; x_wconf 86' lang='lat' dir='ltr'><strong>idem</strong></span> <span class='ocrx_word' id='word_1_410' title='bbox 1826 3219 1972 3276; x_wconf 88' lang='lat' dir='ltr'><strong>Con-</strong></span> 
     </span>
    </p>
   </div>
   <div class='ocr_carea' id='block_1_63' title="bbox 400 3309 1970 3380">
    <p class='ocr_par' dir='ltr' id='par_1_63' title="bbox 400 3309 1970 3380">
     <span class='ocr_line' id='line_1_63' title="bbox 400 3309 1970 3380; baseline 0.003 -16"><span class='ocrx_word' id='word_1_411' title='bbox 400 3309 679 3366; x_wconf 82' lang='lat' dir='ltr'><strong>stantinus</strong></span> <span class='ocrx_word' id='word_1_412' title='bbox 708 3310 868 3365; x_wconf 86' lang='lat' dir='ltr'><strong>annis</strong></span> <span class='ocrx_word' id='word_1_413' title='bbox 902 3309 957 3376; x_wconf 87' lang='lat'><strong>5,</strong></span> <span class='ocrx_word' id='word_1_414' title='bbox 991 3325 1101 3380; x_wconf 84' lang='lat' dir='ltr'><strong>quo</strong></span> <span class='ocrx_word' id='word_1_415' title='bbox 1137 3319 1355 3365; x_wconf 91' lang='lat' dir='ltr'><strong>mortuo</strong></span> <span class='ocrx_word' id='word_1_416' title='bbox 1386 3313 1760 3368; x_wconf 87' lang='lat' dir='ltr'><strong>monarchiam</strong></span> <span class='ocrx_word' id='word_1_417' title='bbox 1792 3315 1970 3368; x_wconf 86' lang='lat' dir='ltr'><strong>tenuit</strong></span> 
     </span>
    </p>
   </div>
   <div class='ocr_carea' id='block_1_64' title="bbox 397 3394 1969 3471">
    <p class='ocr_par' dir='ltr' id='par_1_64' title="bbox 397 3394 1969 3471">
     <span class='ocr_line' id='line_1_64' title="bbox 397 3394 1969 3471; baseline 0.004 -22"><span class='ocrx_word' id='word_1_418' title='bbox 397 3394 746 3452; x_wconf 86' lang='lat' dir='ltr'><strong>Justinianus</strong></span> <span class='ocrx_word' id='word_1_419' title='bbox 780 3397 924 3452; x_wconf 83' lang='lat' dir='ltr'><strong>filius</strong></span> <span class='ocrx_word' id='word_1_420' title='bbox 951 3397 1070 3468; x_wconf 88' lang='lat' dir='ltr'><strong>ejus</strong></span> <span class='ocrx_word' id='word_1_421' title='bbox 1100 3399 1260 3454; x_wconf 87' lang='lat' dir='ltr'><strong>annis</strong></span> <span class='ocrx_word' id='word_1_422' title='bbox 1303 3397 1391 3453; x_wconf 82' lang='grc'><strong>10.</strong></span> <span class='ocrx_word' id='word_1_423' title='bbox 1444 3399 1670 3469; x_wconf 83' lang='lat' dir='ltr'><strong>Abjecto</strong></span> <span class='ocrx_word' id='word_1_424' title='bbox 1714 3409 1969 3471; x_wconf 64' lang='lat' dir='ltr'><strong>praeterea</strong></span> 
     </span>
    </p>
   </div>
   <div class='ocr_carea' id='block_1_65' title="bbox 397 3489 1974 3564">
    <p class='ocr_par' dir='ltr' id='par_1_65' title="bbox 397 3489 1974 3564">
     <span class='ocr_line' id='line_1_65' title="bbox 397 3489 1974 3564; baseline 0.003 -20"><span class='ocrx_word' id='word_1_425' title='bbox 397 3489 716 3546; x_wconf 87' lang='lat' dir='ltr'><strong>Justiniano</strong></span> <span class='ocrx_word' id='word_1_426' title='bbox 777 3489 1065 3561; x_wconf 89' lang='lat' dir='ltr'><strong>imperavit</strong></span> <span class='ocrx_word' id='word_1_427' title='bbox 1122 3490 1387 3547; x_wconf 89' lang='lat' dir='ltr'><strong>Leontius</strong></span> <span class='ocrx_word' id='word_1_428' title='bbox 1445 3493 1605 3548; x_wconf 82' lang='lat' dir='ltr'><strong>annis</strong></span> <span class='ocrx_word' id='word_1_429' title='bbox 1661 3493 1717 3557; x_wconf 80' lang='lat'><strong>5,</strong></span> <span class='ocrx_word' id='word_1_430' title='bbox 1752 3503 1805 3549; x_wconf 89' lang='lat' dir='ltr'><strong>et</strong></span> <span class='ocrx_word' id='word_1_431' title='bbox 1853 3503 1974 3564; x_wconf 88' lang='lat' dir='ltr'><strong>post</strong></span> 
     </span>
    </p>
   </div>
   <div class='ocr_carea' id='block_1_66' title="bbox 403 3579 1973 3655">
    <p class='ocr_par' dir='ltr' id='par_1_66' title="bbox 403 3579 1973 3655">
     <span class='ocr_line' id='line_1_66' title="bbox 403 3579 1973 3655; baseline 0.003 -17"><span class='ocrx_word' id='word_1_432' title='bbox 403 3582 666 3639; x_wconf 83' lang='lat' dir='ltr'><strong>Leontius</strong></span> <span class='ocrx_word' id='word_1_433' title='bbox 712 3579 990 3650; x_wconf 85' lang='lat' dir='ltr'><strong>Tiberius,</strong></span> <span class='ocrx_word' id='word_1_434' title='bbox 1043 3583 1139 3655; x_wconf 86' lang='lat' dir='ltr'><strong>qui</strong></span> <span class='ocrx_word' id='word_1_435' title='bbox 1170 3593 1223 3638; x_wconf 92' lang='lat' dir='ltr'><strong>et</strong></span> <span class='ocrx_word' id='word_1_436' title='bbox 1263 3584 1614 3652; x_wconf 85' lang='lat' dir='ltr'><strong>Apsimarus,</strong></span> <span class='ocrx_word' id='word_1_437' title='bbox 1646 3586 1805 3643; x_wconf 85' lang='lat' dir='ltr'><strong>annis</strong></span> <span class='ocrx_word' id='word_1_438' title='bbox 1835 3588 1888 3650; x_wconf 89' lang='lat'><strong>7,</strong></span> <span class='ocrx_word' id='word_1_439' title='bbox 1917 3601 1973 3643; x_wconf 87' lang='lat' dir='ltr'><strong>et</strong></span> 
     </span>
    </p>
   </div>
   <div class='ocr_carea' id='block_1_67' title="bbox 402 3674 1971 3747">
    <p class='ocr_par' dir='ltr' id='par_1_67' title="bbox 402 3674 1971 3747">
     <span class='ocr_line' id='line_1_67' title="bbox 402 3674 1971 3747; baseline 0.003 -15"><span class='ocrx_word' id='word_1_440' title='bbox 402 3693 596 3733; x_wconf 82' lang='lat' dir='ltr'><strong>rursus</strong></span> <span class='ocrx_word' id='word_1_441' title='bbox 649 3674 1019 3744; x_wconf 81' lang='lat' dir='ltr'><strong>Justinianus,</strong></span> <span class='ocrx_word' id='word_1_442' title='bbox 1069 3677 1161 3747; x_wconf 92' lang='lat' dir='ltr'><strong>qui</strong></span> <span class='ocrx_word' id='word_1_443' title='bbox 1209 3678 1402 3747; x_wconf 89' lang='lat' dir='ltr'><strong>pulsus</strong></span> <span class='ocrx_word' id='word_1_444' title='bbox 1437 3677 1631 3745; x_wconf 87' lang='lat' dir='ltr'><strong>fuerat,</strong></span> <span class='ocrx_word' id='word_1_445' title='bbox 1672 3681 1831 3736; x_wconf 91' lang='lat' dir='ltr'><strong>annis</strong></span> <span class='ocrx_word' id='word_1_446' title='bbox 1855 3697 1971 3744; x_wconf 81' lang='lat' dir='ltr'><strong>sex,</strong></span> 
     </span>
    </p>
   </div>
   <div class='ocr_carea' id='block_1_68' title="bbox 404 3766 1975 3846">
    <p class='ocr_par' dir='ltr' id='par_1_68' title="bbox 404 3766 1975 3846">
     <span class='ocr_line' id='line_1_68' title="bbox 404 3766 1975 3846; baseline 0.004 -25"><span class='ocrx_word' id='word_1_447' title='bbox 404 3779 465 3822; x_wconf 88' lang='lat' dir='ltr'><strong>ut</strong></span> <span class='ocrx_word' id='word_1_448' title='bbox 515 3769 750 3823; x_wconf 88' lang='lat' dir='ltr'><strong>inveniri</strong></span> <span class='ocrx_word' id='word_1_449' title='bbox 777 3766 937 3824; x_wconf 74' lang='lat' dir='ltr'><strong>facile</strong></span> <span class='ocrx_word' id='word_1_450' title='bbox 966 3777 1050 3824; x_wconf 90' lang='lat' dir='ltr'><strong>est</strong></span> <span class='ocrx_word' id='word_1_451' title='bbox 1101 3783 1168 3824; x_wconf 77' lang='lat' dir='ltr'><strong>cx</strong></span> <span class='ocrx_word' id='word_1_452' title='bbox 1215 3768 1352 3839; x_wconf 89' lang='lat' dir='ltr'><strong>ipsis</strong></span> <span class='ocrx_word' id='word_1_453' title='bbox 1384 3769 1548 3826; x_wconf 81' lang='lat' dir='ltr'><strong>editis</strong></span> <span class='ocrx_word' id='word_1_454' title='bbox 1597 3771 1814 3838; x_wconf 81' lang='lat' dir='ltr'><strong>formis,</strong></span> <span class='ocrx_word' id='word_1_455' title='bbox 1851 3789 1975 3846; x_wconf 69' lang='lat' dir='ltr'><strong>qua:</strong></span> 
     </span>
    </p>
   </div>
   <div class='ocr_carea' id='block_1_69' title="bbox 404 3859 1976 3933">
    <p class='ocr_par' dir='ltr' id='par_1_69' title="bbox 404 3859 1976 3933">
     <span class='ocr_line' id='line_1_69' title="bbox 404 3859 1976 3933; baseline 0.001 -18"><span class='ocrx_word' id='word_1_456' title='bbox 404 3859 647 3915; x_wconf 81' lang='lat' dir='ltr'><strong>sectmdo</strong></span> <span class='ocrx_word' id='word_1_457' title='bbox 681 3874 826 3913; x_wconf 89' lang='lat' dir='ltr'><strong>anno</strong></span> <span class='ocrx_word' id='word_1_458' title='bbox 865 3859 1097 3914; x_wconf 77' lang='lat' dir='ltr'><strong>extremi</strong></span> <span class='ocrx_word' id='word_1_459' title='bbox 1147 3859 1361 3930; x_wconf 86' lang='lat' dir='ltr'><strong>imperii</strong></span> <span class='ocrx_word' id='word_1_460' title='bbox 1399 3859 1644 3929; x_wconf 90' lang='lat' dir='ltr'><strong>ejusdem</strong></span> <span class='ocrx_word' id='word_1_461' title='bbox 1667 3861 1976 3933; x_wconf 83' lang='lat' dir='ltr'><strong>Rinocope-</strong></span> 
     </span>
    </p>
   </div>
   <div class='ocr_carea' id='block_1_70' title="bbox 405 3949 1977 4024">
    <p class='ocr_par' dir='ltr' id='par_1_70' title="bbox 405 3949 1977 4024">
     <span class='ocr_line' id='line_1_70' title="bbox 405 3949 1977 4024; baseline 0.002 -20"><span class='ocrx_word' id='word_1_462' title='bbox 405 3950 549 4006; x_wconf 85' lang='lat' dir='ltr'><strong>meni</strong></span> <span class='ocrx_word' id='word_1_463' title='bbox 591 3949 888 4006; x_wconf 66' lang='lat' dir='ltr'><strong>Iustiniani</strong></span> <span class='ocrx_word' id='word_1_464' title='bbox 940 3951 1200 4022; x_wconf 74' lang='lat' dir='ltr'><strong>expositae</strong></span> <span class='ocrx_word' id='word_1_465' title='bbox 1237 3949 1407 4005; x_wconf 88' lang='lat' dir='ltr'><strong>fuisse</strong></span> <span class='ocrx_word' id='word_1_466' title='bbox 1460 3950 1806 4018; x_wconf 88' lang='lat' dir='ltr'><strong>referuntur;</strong></span> <span class='ocrx_word' id='word_1_467' title='bbox 1855 3969 1977 4024; x_wconf 81' lang='lat' dir='ltr'><strong>quae</strong></span> 
     </span>
    </p>
   </div>
   <div class='ocr_carea' id='block_1_71' title="bbox 405 4043 1974 4114">
    <p class='ocr_par' dir='ltr' id='par_1_71' title="bbox 405 4043 1974 4114">
     <span class='ocr_line' id='line_1_71' title="bbox 405 4043 1974 4114; baseline 0.003 -17"><span class='ocrx_word' id='word_1_468' title='bbox 405 4043 616 4099; x_wconf 86' lang='lat' dir='ltr'><strong>scilicet</strong></span> <span class='ocrx_word' id='word_1_469' title='bbox 666 4044 723 4097; x_wconf 91' lang='lat' dir='ltr'><strong>in</strong></span> <span class='ocrx_word' id='word_1_470' title='bbox 773 4043 934 4098; x_wconf 90' lang='lat' dir='ltr'><strong>tertia</strong></span> <span class='ocrx_word' id='word_1_471' title='bbox 988 4056 1216 4099; x_wconf 86' lang='lat' dir='ltr'><strong>suarun</strong></span> <span class='ocrx_word' id='word_1_472' title='bbox 1250 4043 1423 4098; x_wconf 89' lang='lat' dir='ltr'><strong>forma</strong></span> <span class='ocrx_word' id='word_1_473' title='bbox 1464 4043 1547 4100; x_wconf 89' lang='lat' dir='ltr'><strong>his</strong></span> <span class='ocrx_word' id='word_1_474' title='bbox 1580 4055 1635 4098; x_wconf 91' lang='lat' dir='ltr'><strong>et</strong></span> <span class='ocrx_word' id='word_1_475' title='bbox 1661 4043 1974 4114; x_wconf 90' lang='lat' dir='ltr'><strong>hujusmodi</strong></span> 
     </span>
    </p>
   </div>
   <div class='ocr_carea' id='block_1_72' title="bbox 405 4133 1976 4207">
    <p class='ocr_par' dir='ltr' id='par_1_72' title="bbox 405 4133 1976 4207">
     <span class='ocr_line' id='line_1_72' title="bbox 405 4133 1976 4207; baseline 0.003 -19"><span class='ocrx_word' id='word_1_476' title='bbox 405 4134 743 4192; x_wconf 83' lang='lat' dir='ltr'><strong>dictionibus</strong></span> <span class='ocrx_word' id='word_1_477' title='bbox 771 4134 1009 4202; x_wconf 87' lang='lat' dir='ltr'><strong>habent;</strong></span> <span class='ocrx_word' id='word_1_478' title='bbox 1036 4133 1404 4203; x_wconf 84' lang='lat' dir='ltr'><strong>Conspicimus</strong></span> <span class='ocrx_word' id='word_1_479' title='bbox 1434 4150 1520 4190; x_wconf 85' lang='lat' dir='ltr'><strong>eos</strong></span> <span class='ocrx_word' id='word_1_480' title='bbox 1549 4137 1640 4207; x_wconf 82' lang='lat' dir='ltr'><strong>qui</strong></span> <span class='ocrx_word' id='word_1_481' title='bbox 1672 4153 1727 4191; x_wconf 85' lang='lat' dir='ltr'><strong>se</strong></span> <span class='ocrx_word' id='word_1_482' title='bbox 1769 4135 1976 4193; x_wconf 60' lang='lat' dir='ltr'><strong>dua‘us</strong></span> 
     </span>
    </p>
   </div>
   <div class='ocr_carea' id='block_1_73' title="bbox 408 4228 1978 4298">
    <p class='ocr_par' dir='ltr' id='par_1_73' title="bbox 408 4228 1978 4298">
     <span class='ocr_line' id='line_1_73' title="bbox 408 4228 1978 4298; baseline 0.002 -18"><span class='ocrx_word' id='word_1_483' title='bbox 408 4228 610 4296; x_wconf 83' lang='lat' dir='ltr'><strong>nuptiis</strong></span> <span class='ocrx_word' id='word_1_484' title='bbox 666 4229 1000 4281; x_wconf 77' lang='lat' dir='ltr'><strong>inseruerunt</strong></span> <span class='ocrx_word' id='word_1_485' title='bbox 1027 4267 1042 4293; x_wconf 90' lang='lat'><strong>,</strong></span> <span class='ocrx_word' id='word_1_486' title='bbox 1092 4236 1140 4282; x_wconf 83' lang='lat' dir='ltr'><strong>et</strong></span> <span class='ocrx_word' id='word_1_487' title='bbox 1165 4243 1328 4298; x_wconf 84' lang='lat' dir='ltr'><strong>usque</strong></span> <span class='ocrx_word' id='word_1_488' title='bbox 1354 4228 1424 4282; x_wconf 87' lang='lat' dir='ltr'><strong>ad</strong></span> <span class='ocrx_word' id='word_1_489' title='bbox 1451 4228 1710 4284; x_wconf 85' lang='lat' dir='ltr'><strong>decimum</strong></span> <span class='ocrx_word' id='word_1_490' title='bbox 1736 4238 1978 4285; x_wconf 79' lang='lat' dir='ltr'><strong>octauum</strong></span> 
     </span>
    </p>
   </div>
   <div class='ocr_carea' id='block_1_74' title="bbox 403 4315 1977 4389">
    <p class='ocr_par' dir='ltr' id='par_1_74' title="bbox 403 4315 1977 4389">
     <span class='ocr_line' id='line_1_74' title="bbox 403 4315 1977 4389; baseline 0.003 -15"><span class='ocrx_word' id='word_1_491' title='bbox 403 4318 655 4374; x_wconf 78' lang='lat' dir='ltr'><strong>kalendas</strong></span> <span class='ocrx_word' id='word_1_492' title='bbox 696 4315 1017 4374; x_wconf 77' lang='lat' dir='ltr'><strong>Februarias</strong></span> <span class='ocrx_word' id='word_1_493' title='bbox 1067 4321 1352 4389; x_wconf 65' lang='lat' dir='ltr'><strong>prateritw</strong></span> <span class='ocrx_word' id='word_1_494' title='bbox 1399 4331 1607 4389; x_wconf 72' lang='lat' dir='ltr'><strong>quarta:</strong></span> <span class='ocrx_word' id='word_1_495' title='bbox 1647 4322 1977 4388; x_wconf 84' lang='lat' dir='ltr'><strong>indictionis,</strong></span> 
     </span>
    </p>
   </div>
   <div class='ocr_carea' id='block_1_75' title="bbox 406 4411 1978 4483">
    <p class='ocr_par' dir='ltr' id='par_1_75' title="bbox 406 4411 1978 4483">
     <span class='ocr_line' id='line_1_75' title="bbox 406 4411 1978 4483; baseline 0.001 -18"><span class='ocrx_word' id='word_1_496' title='bbox 406 4429 525 4483; x_wconf 70' lang='grc' dir='ltr'><strong>(μω</strong></span> <span class='ocrx_word' id='word_1_497' title='bbox 576 4411 680 4482; x_wconf 75' lang='lat' dir='ltr'><strong>fuit</strong></span> <span class='ocrx_word' id='word_1_498' title='bbox 724 4429 864 4466; x_wconf 84' lang='lat' dir='ltr'><strong>arma</strong></span> <span class='ocrx_word' id='word_1_499' title='bbox 891 4429 923 4465; x_wconf 81' lang='grc' dir='ltr'><em>α</em></span> <span class='ocrx_word' id='word_1_500' title='bbox 969 4413 1234 4467; x_wconf 81' lang='lat' dir='ltr'><strong>creatione</strong></span> <span class='ocrx_word' id='word_1_501' title='bbox 1269 4411 1451 4465; x_wconf 84' lang='lat' dir='ltr'><strong>mundi</strong></span> <span class='ocrx_word' id='word_1_502' title='bbox 1483 4412 1643 4478; x_wconf 66' lang='lat'><strong>6199,</strong></span> <span class='ocrx_word' id='word_1_503' title='bbox 1686 4415 1978 4469; x_wconf 68' lang='lat' dir='ltr'><strong>seruierunt</strong></span> 
     </span>
    </p>
   </div>
   <div class='ocr_carea' id='block_1_76' title="bbox 2026 3200 3657 3290">
    <p class='ocr_par' dir='ltr' id='par_1_76' title="bbox 2026 3200 3657 3290">
     <span class='ocr_line' id='line_1_76' title="bbox 2026 3200 3657 3290; baseline 0.002 -22"><span class='ocrx_word' id='word_1_504' title='bbox 2026 3242 2031 3247; x_wconf 90' lang='lat'><strong><em>-</em></strong></span> <span class='ocrx_word' id='word_1_505' title='bbox 2074 3214 2273 3270; x_wconf 80' lang='lat' dir='ltr'><strong>direxit</strong></span> <span class='ocrx_word' id='word_1_506' title='bbox 2328 3216 2628 3287; x_wconf 89' lang='lat' dir='ltr'><strong>imperator</strong></span> <span class='ocrx_word' id='word_1_507' title='bbox 2688 3216 2916 3272; x_wconf 89' lang='lat' dir='ltr'><strong>Paulum</strong></span> <span class='ocrx_word' id='word_1_508' title='bbox 2962 3217 3378 3290; x_wconf 82' lang='lat' dir='ltr'><strong>magistrianum</strong></span> <span class='ocrx_word' id='word_1_509' title='bbox 3430 3215 3496 3272; x_wconf 89' lang='lat' dir='ltr'><strong>ad</strong></span> <span class='ocrx_word' id='word_1_510' title='bbox 3520 3200 3657 3272; x_wconf 67' lang='lat' dir='ltr'><strong>Abi-</strong></span> 
     </span>
    </p>
   </div>
   <div class='ocr_carea' id='block_1_77' title="bbox 2074 3306 3649 3385">
    <p class='ocr_par' dir='ltr' id='par_1_77' title="bbox 2074 3306 3649 3385">
     <span class='ocr_line' id='line_1_77' title="bbox 2074 3306 3649 3385; baseline -0.002 -23"><span class='ocrx_word' id='word_1_511' title='bbox 2074 3308 2288 3362; x_wconf 88' lang='lat' dir='ltr'><strong>melech</strong></span> <span class='ocrx_word' id='word_1_512' title='bbox 2335 3306 2404 3363; x_wconf 89' lang='lat' dir='ltr'><strong>ad</strong></span> <span class='ocrx_word' id='word_1_513' title='bbox 2444 3308 2884 3364; x_wconf 84' lang='lat' dir='ltr'><strong>confirmandum</strong></span> <span class='ocrx_word' id='word_1_514' title='bbox 2917 3324 2978 3364; x_wconf 86' lang='lat' dir='ltr'><strong>ea</strong></span> <span class='ocrx_word' id='word_1_515' title='bbox 3014 3325 3134 3379; x_wconf 67' lang='lat' dir='ltr'><strong>quae</strong></span> <span class='ocrx_word' id='word_1_516' title='bbox 3175 3308 3375 3385; x_wconf 85' lang='lat' dir='ltr'><strong>placita</strong></span> <span class='ocrx_word' id='word_1_517' title='bbox 3409 3308 3649 3372; x_wconf 83' lang='lat' dir='ltr'><strong>fuerant,</strong></span> 
     </span>
    </p>
   </div>
   <div class='ocr_carea' id='block_1_78' title="bbox 2073 3400 3650 3471">
    <p class='ocr_par' dir='ltr' id='par_1_78' title="bbox 2073 3400 3650 3471">
     <span class='ocr_line' id='line_1_78' title="bbox 2073 3400 3650 3471; baseline -0.001 -15"><span class='ocrx_word' id='word_1_518' title='bbox 2073 3412 2127 3456; x_wconf 89' lang='lat' dir='ltr'><strong>et</strong></span> <span class='ocrx_word' id='word_1_519' title='bbox 2182 3401 2324 3455; x_wconf 89' lang='lat' dir='ltr'><strong>facta</strong></span> <span class='ocrx_word' id='word_1_520' title='bbox 2395 3410 2477 3457; x_wconf 89' lang='lat' dir='ltr'><strong>est</strong></span> <span class='ocrx_word' id='word_1_521' title='bbox 2539 3403 2592 3456; x_wconf 89' lang='lat' dir='ltr'><strong>in</strong></span> <span class='ocrx_word' id='word_1_522' title='bbox 2647 3401 2868 3471; x_wconf 77' lang='lat' dir='ltr'><strong>scriptis</strong></span> <span class='ocrx_word' id='word_1_523' title='bbox 2924 3401 3192 3458; x_wconf 88' lang='lat' dir='ltr'><strong>securitas</strong></span> <span class='ocrx_word' id='word_1_524' title='bbox 3257 3402 3362 3457; x_wconf 89' lang='lat' dir='ltr'><strong>sub</strong></span> <span class='ocrx_word' id='word_1_525' title='bbox 3423 3400 3650 3464; x_wconf 86' lang='lat' dir='ltr'><strong>testium</strong></span> 
     </span>
    </p>
   </div>
   <div class='ocr_carea' id='block_1_79' title="bbox 2074 3490 3651 3560">
    <p class='ocr_par' dir='ltr' id='par_1_79' title="bbox 2074 3490 3651 3560">
     <span class='ocr_line' id='line_1_79' title="bbox 2074 3490 3651 3560; baseline -0.001 -14"><span class='ocrx_word' id='word_1_526' title='bbox 2074 3491 2453 3560; x_wconf 81' lang='lat' dir='ltr'><strong>stipulatione.</strong></span> <span class='ocrx_word' id='word_1_527' title='bbox 2514 3490 2619 3560; x_wconf 80' lang='lat' dir='ltr'><strong>Qui</strong></span> <span class='ocrx_word' id='word_1_528' title='bbox 2684 3490 2981 3546; x_wconf 81' lang='lat' dir='ltr'><strong>liberaliter</strong></span> <span class='ocrx_word' id='word_1_529' title='bbox 3028 3493 3332 3546; x_wconf 90' lang='lat' dir='ltr'><strong>honoratus</strong></span> <span class='ocrx_word' id='word_1_530' title='bbox 3397 3504 3651 3546; x_wconf 85' lang='lat' dir='ltr'><strong>reversus</strong></span> 
     </span>
    </p>
   </div>
   <div class='ocr_carea' id='block_1_80' title="bbox 2075 3571 3650 3653">
    <p class='ocr_par' dir='ltr' id='par_1_80' title="bbox 2075 3571 3650 3653">
     <span class='ocr_line' id='line_1_80' title="bbox 2075 3571 3650 3653; baseline -0.001 -16"><span class='ocrx_word' id='word_1_531' title='bbox 2075 3591 2180 3637; x_wconf 91' lang='lat' dir='ltr'><strong>est.</strong></span> <span class='ocrx_word' id='word_1_532' title='bbox 2223 3581 2289 3637; x_wconf 87' lang='lat' dir='ltr'><strong>Et</strong></span> <span class='ocrx_word' id='word_1_533' title='bbox 2334 3585 2558 3638; x_wconf 90' lang='lat' dir='ltr'><strong>mittens</strong></span> <span class='ocrx_word' id='word_1_534' title='bbox 2594 3583 2896 3653; x_wconf 85' lang='lat' dir='ltr'><strong>imperator</strong></span> <span class='ocrx_word' id='word_1_535' title='bbox 2929 3583 3229 3653; x_wconf 87' lang='lat' dir='ltr'><strong>assumpsit</strong></span> <span class='ocrx_word' id='word_1_536' title='bbox 3258 3571 3650 3636; x_wconf 60' lang='lat' dir='ltr'><strong>Mardait&#39;aruni</strong></span> 
     </span>
    </p>
   </div>
   <div class='ocr_carea' id='block_1_81' title="bbox 2079 3675 3652 3745">
    <p class='ocr_par' dir='ltr' id='par_1_81' title="bbox 2079 3675 3652 3745">
     <span class='ocr_line' id='line_1_81' title="bbox 2079 3675 3652 3745; baseline -0.002 -14"><span class='ocrx_word' id='word_1_537' title='bbox 2079 3675 2272 3739; x_wconf 78' lang='lat' dir='ltr'><strong>i2000,</strong></span> <span class='ocrx_word' id='word_1_538' title='bbox 2331 3677 2590 3730; x_wconf 80' lang='lat' dir='ltr'><strong>Romaica</strong></span> <span class='ocrx_word' id='word_1_539' title='bbox 2625 3677 2824 3732; x_wconf 86' lang='lat' dir='ltr'><strong>virtute</strong></span> <span class='ocrx_word' id='word_1_540' title='bbox 2857 3678 3076 3743; x_wconf 84' lang='lat' dir='ltr'><strong>recisa;</strong></span> <span class='ocrx_word' id='word_1_541' title='bbox 3122 3690 3315 3730; x_wconf 76' lang='lat' dir='ltr'><strong>omnes</strong></span> <span class='ocrx_word' id='word_1_542' title='bbox 3353 3675 3498 3728; x_wconf 85' lang='lat' dir='ltr'><strong>enim</strong></span> <span class='ocrx_word' id='word_1_543' title='bbox 3531 3689 3652 3745; x_wconf 64' lang='lat' dir='ltr'><strong>qua</strong></span> 
     </span>
    </p>
   </div>
   <div class='ocr_carea' id='block_1_82' title="bbox 2077 3762 3654 3845">
    <p class='ocr_par' dir='ltr' id='par_1_82' title="bbox 2077 3762 3654 3845">
     <span class='ocr_line' id='line_1_82' title="bbox 2077 3762 3654 3845; baseline -0.004 -24"><span class='ocrx_word' id='word_1_544' title='bbox 2077 3781 2226 3821; x_wconf 90' lang='lat' dir='ltr'><strong>nunc</strong></span> <span class='ocrx_word' id='word_1_545' title='bbox 2257 3765 2576 3818; x_wconf 90' lang='lat' dir='ltr'><strong>habitantur</strong></span> <span class='ocrx_word' id='word_1_546' title='bbox 2605 3763 2676 3817; x_wconf 91' lang='lat' dir='ltr'><strong>ab</strong></span> <span class='ocrx_word' id='word_1_547' title='bbox 2705 3762 2980 3820; x_wconf 79' lang='lat' dir='ltr'><strong>Arabibus</strong></span> <span class='ocrx_word' id='word_1_548' title='bbox 3018 3765 3072 3817; x_wconf 90' lang='lat' dir='ltr'><strong>in</strong></span> <span class='ocrx_word' id='word_1_549' title='bbox 3114 3763 3423 3818; x_wconf 84' lang='lat' dir='ltr'><strong>continihus</strong></span> <span class='ocrx_word' id='word_1_550' title='bbox 3462 3762 3654 3845; x_wconf 52' lang='lat' dir='ltr'><strong>positig</strong></span> 
     </span>
    </p>
   </div>
   <div class='ocr_carea' id='block_1_83' title="bbox 2082 3846 3654 3928">
    <p class='ocr_par' dir='ltr' id='par_1_83' title="bbox 2082 3846 3654 3928">
     <span class='ocr_line' id='line_1_83' title="bbox 2082 3846 3654 3928; baseline -0.002 -14"><span class='ocrx_word' id='word_1_551' title='bbox 2082 3859 2335 3914; x_wconf 87' lang='lat' dir='ltr'><strong>civitates</strong></span> <span class='ocrx_word' id='word_1_552' title='bbox 2367 3871 2394 3910; x_wconf 90' lang='lat' dir='ltr'><strong>a</strong></span> <span class='ocrx_word' id='word_1_553' title='bbox 2421 3855 2754 3927; x_wconf 78' lang='lat' dir='ltr'><strong>Mopsuestia</strong></span> <span class='ocrx_word' id='word_1_554' title='bbox 2790 3865 2846 3910; x_wconf 89' lang='lat' dir='ltr'><strong>et</strong></span> <span class='ocrx_word' id='word_1_555' title='bbox 2878 3846 3048 3928; x_wconf 84' lang='lat' dir='ltr'><strong>usque</strong></span> <span class='ocrx_word' id='word_1_556' title='bbox 3073 3856 3139 3911; x_wconf 85' lang='lat' dir='ltr'><strong>ad</strong></span> <span class='ocrx_word' id='word_1_557' title='bbox 3172 3865 3425 3926; x_wconf 87' lang='lat' dir='ltr'><strong>quartam</strong></span> <span class='ocrx_word' id='word_1_558' title='bbox 3460 3856 3654 3911; x_wconf 77' lang='lat' dir='ltr'><strong>Arme-</strong></span> 
     </span>
    </p>
   </div>
   <div class='ocr_carea' id='block_1_84' title="bbox 2079 3949 3654 4026">
    <p class='ocr_par' dir='ltr' id='par_1_84' title="bbox 2079 3949 3654 4026">
     <span class='ocr_line' id='line_1_84' title="bbox 2079 3949 3654 4026; baseline -0.001 -20"><span class='ocrx_word' id='word_1_559' title='bbox 2079 3952 2270 4018; x_wconf 89' lang='lat' dir='ltr'><strong>niam,</strong></span> <span class='ocrx_word' id='word_1_560' title='bbox 2332 3949 2583 4006; x_wconf 72' lang='lat' dir='ltr'><strong>inﬁrmae.</strong></span> <span class='ocrx_word' id='word_1_561' title='bbox 2633 3959 2688 4005; x_wconf 89' lang='lat' dir='ltr'><strong>et</strong></span> <span class='ocrx_word' id='word_1_562' title='bbox 2751 3949 3142 4004; x_wconf 88' lang='lat' dir='ltr'><strong>inhabitabiles</strong></span> <span class='ocrx_word' id='word_1_563' title='bbox 3218 3957 3377 4004; x_wconf 87' lang='lat' dir='ltr'><strong>erant</strong></span> <span class='ocrx_word' id='word_1_564' title='bbox 3429 3957 3654 4026; x_wconf 72' lang='lat' dir='ltr'><strong>propter</strong></span> 
     </span>
    </p>
   </div>
   <div class='ocr_carea' id='block_1_85' title="bbox 2080 4041 3654 4115">
    <p class='ocr_par' dir='ltr' id='par_1_85' title="bbox 2080 4041 3654 4115">
     <span class='ocr_line' id='line_1_85' title="bbox 2080 4041 3654 4115; baseline -0.004 -14"><span class='ocrx_word' id='word_1_565' title='bbox 2080 4045 2344 4115; x_wconf 88' lang='lat' dir='ltr'><strong>impetum</strong></span> <span class='ocrx_word' id='word_1_566' title='bbox 2401 4041 2792 4099; x_wconf 78' lang='lat' dir='ltr'><strong>Mardaitarum</strong></span> <span class='ocrx_word' id='word_1_567' title='bbox 2827 4083 2843 4108; x_wconf 88' lang='lat'><strong>,</strong></span> <span class='ocrx_word' id='word_1_568' title='bbox 2895 4042 3095 4112; x_wconf 90' lang='lat' dir='ltr'><strong>quibus</strong></span> <span class='ocrx_word' id='word_1_569' title='bbox 3152 4043 3420 4112; x_wconf 88' lang='lat' dir='ltr'><strong>repressis</strong></span> <span class='ocrx_word' id='word_1_570' title='bbox 3467 4041 3654 4095; x_wconf 83' lang='lat' dir='ltr'><strong>omnia</strong></span> 
     </span>
    </p>
   </div>
   <div class='ocr_carea' id='block_1_86' title="bbox 2079 4133 3652 4206">
    <p class='ocr_par' dir='ltr' id='par_1_86' title="bbox 2079 4133 3652 4206">
     <span class='ocr_line' id='line_1_86' title="bbox 2079 4133 3652 4206; baseline -0.003 -14"><span class='ocrx_word' id='word_1_571' title='bbox 2079 4137 2198 4192; x_wconf 89' lang='lat' dir='ltr'><strong>dira</strong></span> <span class='ocrx_word' id='word_1_572' title='bbox 2229 4137 2494 4192; x_wconf 79' lang='lat' dir='ltr'><strong>Romania</strong></span> <span class='ocrx_word' id='word_1_573' title='bbox 2526 4151 2685 4206; x_wconf 90' lang='lat' dir='ltr'><strong>passa</strong></span> <span class='ocrx_word' id='word_1_574' title='bbox 2712 4146 2796 4192; x_wconf 89' lang='lat' dir='ltr'><strong>est</strong></span> <span class='ocrx_word' id='word_1_575' title='bbox 2837 4150 3012 4206; x_wconf 89' lang='lat' dir='ltr'><strong>usque</strong></span> <span class='ocrx_word' id='word_1_576' title='bbox 3044 4136 3100 4190; x_wconf 89' lang='lat' dir='ltr'><strong>in</strong></span> <span class='ocrx_word' id='word_1_577' title='bbox 3135 4143 3452 4203; x_wconf 68' lang='lat' dir='ltr'><strong>praesentem</strong></span> <span class='ocrx_word' id='word_1_578' title='bbox 3483 4133 3652 4188; x_wconf 78' lang='lat' dir='ltr'><strong>diem;</strong></span> 
     </span>
    </p>
   </div>
   <div class='ocr_carea' id='block_1_87' title="bbox 2081 4219 3652 4286">
    <p class='ocr_par' dir='ltr' id='par_1_87' title="bbox 2081 4219 3652 4286">
     <span class='ocr_line' id='line_1_87' title="bbox 2081 4219 3652 4286; baseline -0.004 0"><span class='ocrx_word' id='word_1_579' title='bbox 2081 4229 2287 4286; x_wconf 86' lang='lat' dir='ltr'><strong>Eodem</strong></span> <span class='ocrx_word' id='word_1_580' title='bbox 2348 4245 2490 4286; x_wconf 73' lang='lat' dir='ltr'><strong>anno</strong></span> <span class='ocrx_word' id='word_1_581' title='bbox 2543 4230 2714 4285; x_wconf 89' lang='lat' dir='ltr'><strong>mittit</strong></span> <span class='ocrx_word' id='word_1_582' title='bbox 2770 4229 3085 4285; x_wconf 83' lang='lat' dir='ltr'><strong>Ahimelcch</strong></span> <span class='ocrx_word' id='word_1_583' title='bbox 3145 4225 3378 4282; x_wconf 85' lang='lat' dir='ltr'><strong>Ziadum</strong></span> <span class='ocrx_word' id='word_1_584' title='bbox 3427 4219 3652 4282; x_wconf 83' lang='lat' dir='ltr'><strong>fratrem</strong></span> 
     </span>
    </p>
   </div>
   <div class='ocr_carea' id='block_1_88' title="bbox 2082 4319 3656 4378">
    <p class='ocr_par' dir='ltr' id='par_1_88' title="bbox 2082 4319 3656 4378">
     <span class='ocr_line' id='line_1_88' title="bbox 2082 4319 3656 4378; baseline -0.003 -1"><span class='ocrx_word' id='word_1_585' title='bbox 2082 4321 2313 4378; x_wconf 74' lang='lat' dir='ltr'><strong>Mauhiae</strong></span> <span class='ocrx_word' id='word_1_586' title='bbox 2337 4323 2390 4377; x_wconf 89' lang='lat' dir='ltr'><strong>in</strong></span> <span class='ocrx_word' id='word_1_587' title='bbox 2419 4321 2695 4378; x_wconf 89' lang='lat' dir='ltr'><strong>Persidem</strong></span> <span class='ocrx_word' id='word_1_588' title='bbox 2727 4332 2918 4376; x_wconf 86' lang='lat' dir='ltr'><strong>contra</strong></span> <span class='ocrx_word' id='word_1_589' title='bbox 2979 4320 3295 4376; x_wconf 76' lang='lat' dir='ltr'><strong>Muctartem</strong></span> <span class='ocrx_word' id='word_1_590' title='bbox 3338 4319 3656 4374; x_wconf 87' lang='lat' dir='ltr'><strong>mendacem</strong></span> 
     </span>
    </p>
   </div>
   <div class='ocr_carea' id='block_1_89' title="bbox 2083 4411 3657 4489">
    <p class='ocr_par' dir='ltr' id='par_1_89' title="bbox 2083 4411 3657 4489">
     <span class='ocr_line' id='line_1_89' title="bbox 2083 4411 3657 4489; baseline -0.003 -19"><span class='ocrx_word' id='word_1_591' title='bbox 2083 4425 2250 4487; x_wconf 87' lang='lat' dir='ltr'><strong>atque</strong></span> <span class='ocrx_word' id='word_1_592' title='bbox 2301 4431 2594 4489; x_wconf 85' lang='lat' dir='ltr'><strong>tyrannum</strong></span> <span class='ocrx_word' id='word_1_593' title='bbox 2626 4455 2643 4482; x_wconf 90' lang='lat'><strong>,</strong></span> <span class='ocrx_word' id='word_1_594' title='bbox 2701 4423 2757 4470; x_wconf 90' lang='lat' dir='ltr'><strong>et</strong></span> <span class='ocrx_word' id='word_1_595' title='bbox 2805 4416 3166 4484; x_wconf 87' lang='lat' dir='ltr'><strong>interemptus</strong></span> <span class='ocrx_word' id='word_1_596' title='bbox 3225 4422 3311 4469; x_wconf 87' lang='lat' dir='ltr'><strong>est</strong></span> <span class='ocrx_word' id='word_1_597' title='bbox 3369 4411 3572 4467; x_wconf 86' lang='lat' dir='ltr'><strong>Ziadus</strong></span> <span class='ocrx_word' id='word_1_598' title='bbox 3623 4425 3657 4465; x_wconf 86' lang='lat' dir='ltr'><strong>a</strong></span> 
     </span>
    </p>
   </div>
   <div class='ocr_carea' id='block_1_90' title="bbox 404 4503 3659 4577">
    <p class='ocr_par' dir='ltr' id='par_1_90' title="bbox 404 4503 3659 4577">
     <span class='ocr_line' id='line_1_90' title="bbox 404 4503 3659 4577; baseline -0 -18"><span class='ocrx_word' id='word_1_599' title='bbox 404 4518 620 4576; x_wconf 81' lang='lat' dir='ltr'><strong>peccato</strong></span> <span class='ocrx_word' id='word_1_600' title='bbox 655 4518 703 4560; x_wconf 89' lang='lat' dir='ltr'><strong>et</strong></span> <span class='ocrx_word' id='word_1_601' title='bbox 746 4521 836 4559; x_wconf 86' lang='lat' dir='ltr'><strong>nec</strong></span> <span class='ocrx_word' id='word_1_602' title='bbox 877 4506 1183 4573; x_wconf 78' lang='lat' dir='ltr'><strong>resipiscere</strong></span> <span class='ocrx_word' id='word_1_603' title='bbox 1227 4517 1632 4575; x_wconf 82' lang='lat' dir='ltr'><strong>proposuerunt,</strong></span> <span class='ocrx_word' id='word_1_604' title='bbox 1661 4507 1978 4577; x_wconf 78' lang='lat' dir='ltr'><strong>depositioni</strong></span> <span class='ocrx_word' id='word_1_605' title='bbox 2009 4509 2056 4567; x_wconf 78' lang='grc' dir='ltr'><strong>Ι)</strong></span> <span class='ocrx_word' id='word_1_606' title='bbox 2084 4509 2372 4565; x_wconf 73' lang='lat' dir='ltr'><strong>Muctarte.</strong></span> <span class='ocrx_word' id='word_1_607' title='bbox 2423 4509 2546 4577; x_wconf 87' lang='lat' dir='ltr'><strong>Quo</strong></span> <span class='ocrx_word' id='word_1_608' title='bbox 2585 4509 2771 4564; x_wconf 89' lang='lat' dir='ltr'><strong>audito</strong></span> <span class='ocrx_word' id='word_1_609' title='bbox 2817 4506 3130 4563; x_wconf 82' lang='lat' dir='ltr'><strong>Abimelech</strong></span> <span class='ocrx_word' id='word_1_610' title='bbox 3181 4507 3330 4561; x_wconf 88' lang='lat' dir='ltr'><strong>venit</strong></span> <span class='ocrx_word' id='word_1_611' title='bbox 3379 4505 3432 4559; x_wconf 92' lang='lat' dir='ltr'><strong>in</strong></span> <span class='ocrx_word' id='word_1_612' title='bbox 3479 4503 3659 4559; x_wconf 80' lang='lat' dir='ltr'><strong>Meso-</strong></span> 
     </span>
    </p>
   </div>
   <div class='ocr_carea' id='block_1_91' title="bbox 411 4599 1980 4672">
    <p class='ocr_par' dir='ltr' id='par_1_91' title="bbox 411 4599 1980 4672">
     <span class='ocr_line' id='line_1_91' title="bbox 411 4599 1980 4672; baseline 0.002 -18"><span class='ocrx_word' id='word_1_613' title='bbox 411 4599 683 4654; x_wconf 75' lang='lat' dir='ltr'><strong>eauouica:</strong></span> <span class='ocrx_word' id='word_1_614' title='bbox 741 4599 1142 4654; x_wconf 77' lang='lat' dir='ltr'><strong>submittendos.</strong></span> <span class='ocrx_word' id='word_1_615' title='bbox 1211 4600 1398 4669; x_wconf 82' lang='lat' dir='ltr'><strong>itaque</strong></span> <span class='ocrx_word' id='word_1_616' title='bbox 1430 4615 1496 4656; x_wconf 78' lang='lat' dir='ltr'><strong>ex</strong></span> <span class='ocrx_word' id='word_1_617' title='bbox 1540 4601 1657 4672; x_wconf 88' lang='lat' dir='ltr'><strong>ipsa</strong></span> <span class='ocrx_word' id='word_1_618' title='bbox 1695 4602 1980 4658; x_wconf 70' lang='lat' dir='ltr'><strong>Chronica:</strong></span> 
     </span>
    </p>
   </div>
   <div class='ocr_carea' id='block_1_92' title="bbox 411 4692 1979 4763">
    <p class='ocr_par' dir='ltr' id='par_1_92' title="bbox 411 4692 1979 4763">
     <span class='ocr_line' id='line_1_92' title="bbox 411 4692 1979 4763; baseline 0.003 -18"><span class='ocrx_word' id='word_1_619' title='bbox 411 4692 766 4748; x_wconf 83' lang='lat' dir='ltr'><strong>annotatione</strong></span> <span class='ocrx_word' id='word_1_620' title='bbox 797 4702 1046 4762; x_wconf 86' lang='lat' dir='ltr'><strong>patenter</strong></span> <span class='ocrx_word' id='word_1_621' title='bbox 1077 4703 1302 4763; x_wconf 85' lang='lat' dir='ltr'><strong>apparet</strong></span> <span class='ocrx_word' id='word_1_622' title='bbox 1334 4695 1480 4762; x_wconf 90' lang='lat' dir='ltr'><strong>quod</strong></span> <span class='ocrx_word' id='word_1_623' title='bbox 1534 4694 1749 4750; x_wconf 87' lang='lat' dir='ltr'><strong>collecti</strong></span> <span class='ocrx_word' id='word_1_624' title='bbox 1785 4710 1814 4748; x_wconf 88' lang='lat' dir='ltr'><strong>a</strong></span> <span class='ocrx_word' id='word_1_625' title='bbox 1846 4711 1979 4751; x_wconf 83' lang='lat' dir='ltr'><strong>san-</strong></span> 
     </span>
    </p>
   </div>
   <div class='ocr_carea' id='block_1_93' title="bbox 410 4785 1983 4857">
    <p class='ocr_par' dir='ltr' id='par_1_93' title="bbox 410 4785 1983 4857">
     <span class='ocr_line' id='line_1_93' title="bbox 410 4785 1983 4857; baseline 0.001 -17"><span class='ocrx_word' id='word_1_626' title='bbox 410 4795 500 4841; x_wconf 77' lang='lat' dir='ltr'><strong>cta</strong></span> <span class='ocrx_word' id='word_1_627' title='bbox 564 4785 856 4839; x_wconf 89' lang='lat' dir='ltr'><strong>universali</strong></span> <span class='ocrx_word' id='word_1_628' title='bbox 909 4792 1063 4840; x_wconf 84' lang='lat' dir='ltr'><strong>sexta</strong></span> <span class='ocrx_word' id='word_1_629' title='bbox 1105 4785 1317 4857; x_wconf 87' lang='lat' dir='ltr'><strong>synodo</strong></span> <span class='ocrx_word' id='word_1_630' title='bbox 1353 4802 1525 4857; x_wconf 88' lang='lat' dir='ltr'><strong>usque</strong></span> <span class='ocrx_word' id='word_1_631' title='bbox 1564 4787 1631 4842; x_wconf 88' lang='lat' dir='ltr'><strong>ad</strong></span> <span class='ocrx_word' id='word_1_632' title='bbox 1660 4789 1837 4845; x_wconf 86' lang='lat' dir='ltr'><strong>editas</strong></span> <span class='ocrx_word' id='word_1_633' title='bbox 1871 4789 1983 4843; x_wconf 87' lang='lat' dir='ltr'><strong>for-</strong></span> 
     </span>
    </p>
   </div>
   <div class='ocr_carea' id='block_1_94' title="bbox 411 4877 1980 4951">
    <p class='ocr_par' dir='ltr' id='par_1_94' title="bbox 411 4877 1980 4951">
     <span class='ocr_line' id='line_1_94' title="bbox 411 4877 1980 4951; baseline 0.004 -21"><span class='ocrx_word' id='word_1_634' title='bbox 411 4893 530 4932; x_wconf 86' lang='lat' dir='ltr'><strong>mas</strong></span> <span class='ocrx_word' id='word_1_635' title='bbox 575 4878 705 4932; x_wconf 88' lang='lat' dir='ltr'><strong>anni</strong></span> <span class='ocrx_word' id='word_1_636' title='bbox 739 4877 808 4932; x_wconf 89' lang='lat'><strong>27</strong></span> <span class='ocrx_word' id='word_1_637' title='bbox 860 4887 1026 4942; x_wconf 84' lang='lat' dir='ltr'><strong>sunt,</strong></span> <span class='ocrx_word' id='word_1_638' title='bbox 1076 4879 1388 4948; x_wconf 89' lang='lat' dir='ltr'><strong>patriarcha</strong></span> <span class='ocrx_word' id='word_1_639' title='bbox 1428 4878 1980 4951; x_wconf 87' lang='lat' dir='ltr'><strong>Constantinopoleos</strong></span> 
     </span>
    </p>
   </div>
   <div class='ocr_carea' id='block_1_95' title="bbox 413 4969 1984 5042">
    <p class='ocr_par' dir='ltr' id='par_1_95' title="bbox 413 4969 1984 5042">
     <span class='ocr_line' id='line_1_95' title="bbox 413 4969 1984 5042; baseline 0.004 -21"><span class='ocrx_word' id='word_1_640' title='bbox 413 4971 468 5023; x_wconf 91' lang='lat' dir='ltr'><strong>in</strong></span> <span class='ocrx_word' id='word_1_641' title='bbox 525 4977 714 5025; x_wconf 85' lang='lat' dir='ltr'><strong>sancta</strong></span> <span class='ocrx_word' id='word_1_642' title='bbox 778 4969 1072 5023; x_wconf 88' lang='lat' dir='ltr'><strong>universali</strong></span> <span class='ocrx_word' id='word_1_643' title='bbox 1129 4970 1340 5039; x_wconf 81' lang='lat' dir='ltr'><strong>synodo</strong></span> <span class='ocrx_word' id='word_1_644' title='bbox 1403 4979 1555 5026; x_wconf 79' lang='lat' dir='ltr'><strong>sexta</strong></span> <span class='ocrx_word' id='word_1_645' title='bbox 1610 4969 1842 5042; x_wconf 84' lang='lat' dir='ltr'><strong>Georgio</strong></span> <span class='ocrx_word' id='word_1_646' title='bbox 1896 4978 1984 5027; x_wconf 83' lang='lat' dir='ltr'><strong>re-&#39;</strong></span> 
     </span>
    </p>
   </div>
   <div class='ocr_carea' id='block_1_96' title="bbox 413 5063 1978 5133">
    <p class='ocr_par' dir='ltr' id='par_1_96' title="bbox 413 5063 1978 5133">
     <span class='ocr_line' id='line_1_96' title="bbox 413 5063 1978 5133; baseline 0.001 -17"><span class='ocrx_word' id='word_1_647' title='bbox 413 5070 572 5131; x_wconf 83' lang='lat' dir='ltr'><strong>perto</strong></span> <span class='ocrx_word' id='word_1_648' title='bbox 620 5076 824 5116; x_wconf 89' lang='lat' dir='ltr'><strong>annum</strong></span> <span class='ocrx_word' id='word_1_649' title='bbox 875 5071 1072 5133; x_wconf 77' lang='lat' dir='ltr'><strong>agente</strong></span> <span class='ocrx_word' id='word_1_650' title='bbox 1126 5063 1529 5132; x_wconf 88' lang='lat' dir='ltr'><strong>patriarchatus</strong></span> <span class='ocrx_word' id='word_1_651' title='bbox 1592 5064 1679 5118; x_wconf 90' lang='lat' dir='ltr'><strong>sui</strong></span> <span class='ocrx_word' id='word_1_652' title='bbox 1732 5064 1978 5128; x_wconf 86' lang='lat' dir='ltr'><strong>tertium,</strong></span> 
     </span>
    </p>
   </div>
   <div class='ocr_carea' id='block_1_97' title="bbox 410 5153 1981 5225">
    <p class='ocr_par' dir='ltr' id='par_1_97' title="bbox 410 5153 1981 5225">
     <span class='ocr_line' id='line_1_97' title="bbox 410 5153 1981 5225; baseline 0.003 -19"><span class='ocrx_word' id='word_1_653' title='bbox 410 5161 465 5206; x_wconf 86' lang='lat' dir='ltr'><strong>ct</strong></span> <span class='ocrx_word' id='word_1_654' title='bbox 518 5163 642 5225; x_wconf 89' lang='lat' dir='ltr'><strong>post</strong></span> <span class='ocrx_word' id='word_1_655' title='bbox 695 5153 966 5223; x_wconf 90' lang='lat' dir='ltr'><strong>synodum</strong></span> <span class='ocrx_word' id='word_1_656' title='bbox 1023 5153 1336 5224; x_wconf 89' lang='lat' dir='ltr'><strong>patriarcha</strong></span> <span class='ocrx_word' id='word_1_657' title='bbox 1371 5166 1622 5210; x_wconf 79' lang='lat' dir='ltr'><strong>manente</strong></span> <span class='ocrx_word' id='word_1_658' title='bbox 1654 5156 1814 5210; x_wconf 88' lang='lat' dir='ltr'><strong>annis</strong></span> <span class='ocrx_word' id='word_1_659' title='bbox 1859 5157 1981 5212; x_wconf 88' lang='lat' dir='ltr'><strong>aliis</strong></span> 
     </span>
    </p>
   </div>
   <div class='ocr_carea' id='block_1_98' title="bbox 415 5243 1982 5312">
    <p class='ocr_par' dir='ltr' id='par_1_98' title="bbox 415 5243 1982 5312">
     <span class='ocr_line' id='line_1_98' title="bbox 415 5243 1982 5312; baseline 0.006 -19"><span class='ocrx_word' id='word_1_660' title='bbox 415 5245 612 5300; x_wconf 84' lang='lat' dir='ltr'><strong>tribus.</strong></span> <span class='ocrx_word' id='word_1_661' title='bbox 678 5243 811 5301; x_wconf 71' lang='lat' dir='ltr'><strong>Pos‘.</strong></span> <span class='ocrx_word' id='word_1_662' title='bbox 859 5246 1006 5300; x_wconf 89' lang='lat' dir='ltr'><strong>hunc</strong></span> <span class='ocrx_word' id='word_1_663' title='bbox 1071 5260 1202 5300; x_wconf 89' lang='lat' dir='ltr'><strong>vero</strong></span> <span class='ocrx_word' id='word_1_664' title='bbox 1267 5247 1420 5301; x_wconf 83' lang='lat' dir='ltr'><strong>fuere</strong></span> <span class='ocrx_word' id='word_1_665' title='bbox 1474 5246 1744 5304; x_wconf 87' lang='lat' dir='ltr'><strong>Theodori</strong></span> <span class='ocrx_word' id='word_1_666' title='bbox 1800 5249 1868 5312; x_wconf 74' lang='grc' dir='ltr'>ὅ,</span> <span class='ocrx_word' id='word_1_667' title='bbox 1927 5258 1982 5302; x_wconf 86' lang='lat' dir='ltr'><strong>et</strong></span> 
     </span>
    </p>
   </div>
   <div class='ocr_carea' id='block_1_99' title="bbox 414 5335 1982 5412">
    <p class='ocr_par' dir='ltr' id='par_1_99' title="bbox 414 5335 1982 5412">
     <span class='ocr_line' id='line_1_99' title="bbox 414 5335 1982 5412; baseline 0.004 -24"><span class='ocrx_word' id='word_1_668' title='bbox 414 5335 572 5391; x_wconf 81' lang='lat' dir='ltr'><strong>I’auli</strong></span> <span class='ocrx_word' id='word_1_669' title='bbox 617 5337 689 5401; x_wconf 85' lang='lat'><strong>7,</strong></span> <span class='ocrx_word' id='word_1_670' title='bbox 741 5346 796 5393; x_wconf 90' lang='lat' dir='ltr'><strong>et</strong></span> <span class='ocrx_word' id='word_1_671' title='bbox 843 5337 1099 5392; x_wconf 86' lang='lat' dir='ltr'><strong>Callinici</strong></span> <span class='ocrx_word' id='word_1_672' title='bbox 1161 5337 1258 5404; x_wconf 72' lang='grc' dir='ltr'><strong>η,</strong></span> <span class='ocrx_word' id='word_1_673' title='bbox 1308 5346 1362 5392; x_wconf 87' lang='lat' dir='ltr'><strong>et</strong></span> <span class='ocrx_word' id='word_1_674' title='bbox 1421 5338 1548 5412; x_wconf 85' lang='lat' dir='ltr'><strong>Cyri</strong></span> <span class='ocrx_word' id='word_1_675' title='bbox 1607 5341 1735 5396; x_wconf 85' lang='lat' dir='ltr'><strong>anni</strong></span> <span class='ocrx_word' id='word_1_676' title='bbox 1777 5343 1852 5408; x_wconf 80' lang='lat'><strong>2&#39;,</strong></span> <span class='ocrx_word' id='word_1_677' title='bbox 1907 5343 1982 5396; x_wconf 87' lang='lat' dir='ltr'><strong>ita</strong></span> 
     </span>
    </p>
   </div>
   <div class='ocr_carea' id='block_1_100' title="bbox 417 5427 1979 5501">
    <p class='ocr_par' dir='ltr' id='par_1_100' title="bbox 417 5427 1979 5501">
     <span class='ocr_line' id='line_1_100' title="bbox 417 5427 1979 5501; baseline 0.004 -20"><span class='ocrx_word' id='word_1_678' title='bbox 417 5436 475 5481; x_wconf 91' lang='lat' dir='ltr'><strong>ut</strong></span> <span class='ocrx_word' id='word_1_679' title='bbox 505 5427 856 5498; x_wconf 78' lang='lat' dir='ltr'><strong>colligantur&#39;</strong></span> <span class='ocrx_word' id='word_1_680' title='bbox 885 5427 1048 5483; x_wconf 88' lang='lat' dir='ltr'><strong>etiam</strong></span> <span class='ocrx_word' id='word_1_681' title='bbox 1093 5443 1159 5482; x_wconf 77' lang='lat' dir='ltr'><strong>ex</strong></span> <span class='ocrx_word' id='word_1_682' title='bbox 1218 5427 1351 5497; x_wconf 85' lang='lat' dir='ltr'><strong>ipsis</strong></span> <span class='ocrx_word' id='word_1_683' title='bbox 1379 5431 1703 5499; x_wconf 87' lang='lat' dir='ltr'><strong>patriarchis</strong></span> <span class='ocrx_word' id='word_1_684' title='bbox 1726 5433 1853 5488; x_wconf 84' lang='lat' dir='ltr'><strong>anni</strong></span> <span class='ocrx_word' id='word_1_685' title='bbox 1889 5433 1979 5501; x_wconf 82' lang='lat'><strong>27,</strong></span> 
     </span>
    </p>
   </div>
   <div class='ocr_carea' id='block_1_101' title="bbox 415 5519 1982 5592">
    <p class='ocr_par' dir='ltr' id='par_1_101' title="bbox 415 5519 1982 5592">
     <span class='ocr_line' id='line_1_101' title="bbox 415 5519 1982 5592; baseline 0.006 -20"><span class='ocrx_word' id='word_1_686' title='bbox 415 5519 486 5573; x_wconf 79' lang='lat' dir='ltr'><strong>ab</strong></span> <span class='ocrx_word' id='word_1_687' title='bbox 515 5520 679 5574; x_wconf 84' lang='lat' dir='ltr'><strong>editis</strong></span> <span class='ocrx_word' id='word_1_688' title='bbox 705 5531 885 5576; x_wconf 86' lang='lat' dir='ltr'><strong>autem</strong></span> <span class='ocrx_word' id='word_1_689' title='bbox 938 5519 1125 5575; x_wconf 88' lang='lat' dir='ltr'><strong>formis</strong></span> <span class='ocrx_word' id='word_1_690' title='bbox 1153 5535 1326 5592; x_wconf 88' lang='lat' dir='ltr'><strong>usque</strong></span> <span class='ocrx_word' id='word_1_691' title='bbox 1363 5521 1430 5577; x_wconf 89' lang='lat' dir='ltr'><strong>ad</strong></span> <span class='ocrx_word' id='word_1_692' title='bbox 1491 5533 1743 5592; x_wconf 87' lang='lat' dir='ltr'><strong>quartum</strong></span> <span class='ocrx_word' id='word_1_693' title='bbox 1779 5541 1982 5582; x_wconf 90' lang='lat' dir='ltr'><strong>annum</strong></span> 
     </span>
    </p>
   </div>
   <div class='ocr_carea' id='block_1_102' title="bbox 2047 4596 3652 4674">
    <p class='ocr_par' dir='ltr' id='par_1_102' title="bbox 2047 4596 3652 4674">
     <span class='ocr_line' id='line_1_102' title="bbox 2047 4596 3652 4674; baseline -0.006 -14"><span class='ocrx_word' id='word_1_694' title='bbox 2047 4604 2429 4674; x_wconf 87' lang='lat' dir='ltr'><strong>&#39;potamiam,</strong></span> <span class='ocrx_word' id='word_1_695' title='bbox 2504 4612 2561 4657; x_wconf 92' lang='lat' dir='ltr'><strong>et</strong></span> <span class='ocrx_word' id='word_1_696' title='bbox 2643 4601 2991 4674; x_wconf 80' lang='lat' dir='ltr'><strong>tyrannidem</strong></span> <span class='ocrx_word' id='word_1_697' title='bbox 3057 4607 3264 4671; x_wconf 77' lang='lat' dir='ltr'><strong>patitur</strong></span> <span class='ocrx_word' id='word_1_698' title='bbox 3340 4614 3371 4653; x_wconf 89' lang='lat' dir='ltr'><strong>a</strong></span> <span class='ocrx_word' id='word_1_699' title='bbox 3447 4596 3652 4661; x_wconf 84' lang='lat' dir='ltr'><strong>Saido,</strong></span> 
     </span>
    </p>
   </div>
   <div class='ocr_carea' id='block_1_103' title="bbox 2087 4688 3658 4767">
    <p class='ocr_par' dir='ltr' id='par_1_103' title="bbox 2087 4688 3658 4767">
     <span class='ocr_line' id='line_1_103' title="bbox 2087 4688 3658 4767; baseline -0.004 -18"><span class='ocrx_word' id='word_1_700' title='bbox 2087 4711 2252 4767; x_wconf 87' lang='lat' dir='ltr'><strong>quem</strong></span> <span class='ocrx_word' id='word_1_701' title='bbox 2324 4709 2718 4766; x_wconf 87' lang='lat' dir='ltr'><strong>supergressus</strong></span> <span class='ocrx_word' id='word_1_702' title='bbox 2785 4692 2955 4749; x_wconf 91' lang='lat' dir='ltr'><strong>verbo</strong></span> <span class='ocrx_word' id='word_1_703' title='bbox 3031 4689 3358 4746; x_wconf 87' lang='lat' dir='ltr'><strong>Damascum</strong></span> <span class='ocrx_word' id='word_1_704' title='bbox 3444 4688 3658 4759; x_wconf 87' lang='lat' dir='ltr'><strong>aperire</strong></span> 
     </span>
    </p>
   </div>
   <div class='ocr_carea' id='block_1_104' title="bbox 2090 4782 3653 4857">
    <p class='ocr_par' dir='ltr' id='par_1_104' title="bbox 2090 4782 3653 4857">
     <span class='ocr_line' id='line_1_104' title="bbox 2090 4782 3653 4857; baseline -0.004 -14"><span class='ocrx_word' id='word_1_705' title='bbox 2090 4787 2219 4843; x_wconf 89' lang='lat' dir='ltr'><strong>fecit</strong></span> <span class='ocrx_word' id='word_1_706' title='bbox 2271 4803 2304 4843; x_wconf 86' lang='lat' dir='ltr'><strong>a</strong></span> <span class='ocrx_word' id='word_1_707' title='bbox 2359 4803 2420 4842; x_wconf 89' lang='lat' dir='ltr'><strong>se</strong></span> <span class='ocrx_word' id='word_1_708' title='bbox 2469 4799 2825 4857; x_wconf 59' lang='lat' dir='ltr'><strong>praeventam,</strong></span> <span class='ocrx_word' id='word_1_709' title='bbox 2863 4793 2917 4841; x_wconf 87' lang='lat' dir='ltr'><strong>et</strong></span> <span class='ocrx_word' id='word_1_710' title='bbox 2964 4792 3087 4856; x_wconf 90' lang='lat' dir='ltr'><strong>post</strong></span> <span class='ocrx_word' id='word_1_711' title='bbox 3116 4784 3229 4838; x_wconf 68' lang='lat' dir='ltr'><strong>haee</strong></span> <span class='ocrx_word' id='word_1_712' title='bbox 3270 4782 3653 4838; x_wconf 82' lang='lat' dir='ltr'><strong>fraudulenter</strong></span> 
     </span>
    </p>
   </div>
   <div class='ocr_carea' id='block_1_105' title="bbox 2087 4881 2475 4936">
    <p class='ocr_par' dir='ltr' id='par_1_105' title="bbox 2087 4881 2475 4936">
     <span class='ocr_line' id='line_1_105' title="bbox 2087 4881 2475 4936; baseline -0.008 0"><span class='ocrx_word' id='word_1_713' title='bbox 2087 4881 2289 4936; x_wconf 89' lang='lat' dir='ltr'><strong>occidit</strong></span> <span class='ocrx_word' id='word_1_714' title='bbox 2327 4895 2475 4934; x_wconf 90' lang='lat' dir='ltr'><strong>eum.</strong></span> 
     </span>
    </p>
   </div>
   <div class='ocr_carea' id='block_1_106' title="bbox 2158 4971 3660 5042">
    <p class='ocr_par' dir='ltr' id='par_1_106' title="bbox 2158 4971 3660 5042">
     <span class='ocr_line' id='line_1_106' title="bbox 2158 4971 3660 5042; baseline -0.003 -14"><span class='ocrx_word' id='word_1_715' title='bbox 2158 4973 2506 5030; x_wconf 81' lang='lat' dir='ltr'><strong>Justinianus</strong></span> <span class='ocrx_word' id='word_1_716' title='bbox 2545 4980 2724 5028; x_wconf 88' lang='lat' dir='ltr'><strong>autem</strong></span> <span class='ocrx_word' id='word_1_717' title='bbox 2758 4989 2882 5028; x_wconf 92' lang='lat' dir='ltr'><strong>cum</strong></span> <span class='ocrx_word' id='word_1_718' title='bbox 2922 4981 3070 5028; x_wconf 90' lang='lat' dir='ltr'><strong>esset</strong></span> <span class='ocrx_word' id='word_1_719' title='bbox 3100 4971 3304 5042; x_wconf 85' lang='lat' dir='ltr'><strong>iunior,</strong></span> <span class='ocrx_word' id='word_1_720' title='bbox 3355 4971 3510 5040; x_wconf 84' lang='lat' dir='ltr'><strong>quasi</strong></span> <span class='ocrx_word' id='word_1_721' title='bbox 3561 4984 3660 5024; x_wconf 86' lang='lat' dir='ltr'><strong>an-</strong></span> 
     </span>
    </p>
   </div>
   <div class='ocr_carea' id='block_1_107' title="bbox 2089 5062 3659 5135">
    <p class='ocr_par' dir='ltr' id='par_1_107' title="bbox 2089 5062 3659 5135">
     <span class='ocr_line' id='line_1_107' title="bbox 2089 5062 3659 5135; baseline -0.004 -15"><span class='ocrx_word' id='word_1_722' title='bbox 2089 5080 2283 5120; x_wconf 90' lang='lat' dir='ltr'><strong>norum</strong></span> <span class='ocrx_word' id='word_1_723' title='bbox 2321 5064 2408 5130; x_wconf 70' lang='grc'><strong>16,</strong></span> <span class='ocrx_word' id='word_1_724' title='bbox 2452 5073 2505 5119; x_wconf 91' lang='lat' dir='ltr'><strong>et</strong></span> <span class='ocrx_word' id='word_1_725' title='bbox 2542 5080 2638 5118; x_wconf 87' lang='lat' dir='ltr'><strong>sua</strong></span> <span class='ocrx_word' id='word_1_726' title='bbox 2673 5079 2904 5135; x_wconf 71' lang='lat' dir='ltr'><strong>qua:tu</strong></span> <span class='ocrx_word' id='word_1_727' title='bbox 2953 5065 3261 5119; x_wconf 84' lang='lat' dir='ltr'><strong>inconsulte</strong></span> <span class='ocrx_word' id='word_1_728' title='bbox 3322 5062 3659 5132; x_wconf 81' lang='lat' dir='ltr'><strong>disponeret,</strong></span> 
     </span>
    </p>
   </div>
   <div class='ocr_carea' id='block_1_108' title="bbox 2091 5151 3664 5228">
    <p class='ocr_par' dir='ltr' id='par_1_108' title="bbox 2091 5151 3664 5228">
     <span class='ocr_line' id='line_1_108' title="bbox 2091 5151 3664 5228; baseline -0.004 -14"><span class='ocrx_word' id='word_1_729' title='bbox 2091 5159 2243 5215; x_wconf 88' lang='lat' dir='ltr'><strong>misit</strong></span> <span class='ocrx_word' id='word_1_730' title='bbox 2271 5155 2560 5213; x_wconf 90' lang='lat' dir='ltr'><strong>Leontium</strong></span> <span class='ocrx_word' id='word_1_731' title='bbox 2598 5166 2882 5228; x_wconf 62' lang='lat' dir='ltr'><strong>praetorem</strong></span> <span class='ocrx_word' id='word_1_732' title='bbox 2914 5156 2967 5211; x_wconf 93' lang='lat' dir='ltr'><strong>in</strong></span> <span class='ocrx_word' id='word_1_733' title='bbox 3005 5155 3322 5210; x_wconf 79' lang='lat' dir='ltr'><strong>Armeniam</strong></span> <span class='ocrx_word' id='word_1_734' title='bbox 3376 5170 3502 5209; x_wconf 90' lang='lat' dir='ltr'><strong>cum</strong></span> <span class='ocrx_word' id='word_1_735' title='bbox 3549 5151 3664 5207; x_wconf 49' lang='lat' dir='ltr'><strong>lto;</strong></span> 
     </span>
    </p>
   </div>
   <div class='ocr_carea' id='block_1_109' title="bbox 2091 5245 3663 5321">
    <p class='ocr_par' dir='ltr' id='par_1_109' title="bbox 2091 5245 3663 5321">
     <span class='ocr_line' id='line_1_109' title="bbox 2091 5245 3663 5321; baseline -0.004 -15"><span class='ocrx_word' id='word_1_736' title='bbox 2091 5250 2271 5306; x_wconf 76' lang='lat' dir='ltr'><strong>muico</strong></span> <span class='ocrx_word' id='word_1_737' title='bbox 2300 5256 2601 5321; x_wconf 86' lang='lat' dir='ltr'><strong>potentatu,</strong></span> <span class='ocrx_word' id='word_1_738' title='bbox 2662 5259 2719 5304; x_wconf 89' lang='lat' dir='ltr'><strong>et</strong></span> <span class='ocrx_word' id='word_1_739' title='bbox 2773 5248 3064 5305; x_wconf 81' lang='lat' dir='ltr'><strong>Saracenis</strong></span> <span class='ocrx_word' id='word_1_740' title='bbox 3115 5248 3228 5304; x_wconf 90' lang='lat' dir='ltr'><strong>illic</strong></span> <span class='ocrx_word' id='word_1_741' title='bbox 3271 5245 3663 5304; x_wconf 80' lang='lat' dir='ltr'><strong>exsistentibus</strong></span> 
     </span>
    </p>
   </div>
   <div class='ocr_carea' id='block_1_110' title="bbox 2093 5340 3665 5416">
    <p class='ocr_par' dir='ltr' id='par_1_110' title="bbox 2093 5340 3665 5416">
     <span class='ocr_line' id='line_1_110' title="bbox 2093 5340 3665 5416; baseline -0.003 -18"><span class='ocrx_word' id='word_1_742' title='bbox 2093 5345 2436 5416; x_wconf 86' lang='lat' dir='ltr'><strong>interemptis</strong></span> <span class='ocrx_word' id='word_1_743' title='bbox 2485 5343 2701 5412; x_wconf 87' lang='lat' dir='ltr'><strong>subegit</strong></span> <span class='ocrx_word' id='word_1_744' title='bbox 2751 5343 2891 5398; x_wconf 88' lang='lat' dir='ltr'><strong>hanc</strong></span> <span class='ocrx_word' id='word_1_745' title='bbox 2967 5340 3255 5407; x_wconf 81' lang='lat' dir='ltr'><strong>Romanis,</strong></span> <span class='ocrx_word' id='word_1_746' title='bbox 3305 5341 3563 5395; x_wconf 87' lang='lat' dir='ltr'><strong>similiter</strong></span> <span class='ocrx_word' id='word_1_747' title='bbox 3610 5347 3665 5393; x_wconf 80' lang='lat' dir='ltr'><strong>et</strong></span> 
     </span>
    </p>
   </div>
   <div class='ocr_carea' id='block_1_111' title="bbox 2094 5434 3668 5504">
    <p class='ocr_par' dir='ltr' id='par_1_111' title="bbox 2094 5434 3668 5504">
     <span class='ocr_line' id='line_1_111' title="bbox 2094 5434 3668 5504; baseline -0.003 -13"><span class='ocrx_word' id='word_1_748' title='bbox 2094 5436 2372 5493; x_wconf 84' lang='lat' dir='ltr'><strong>Hiberiam</strong></span> <span class='ocrx_word' id='word_1_749' title='bbox 2407 5447 2462 5493; x_wconf 91' lang='lat' dir='ltr'><strong>et</strong></span> <span class='ocrx_word' id='word_1_750' title='bbox 2515 5435 2830 5498; x_wconf 77' lang='lat' dir='ltr'><strong>Albaniam,</strong></span> <span class='ocrx_word' id='word_1_751' title='bbox 2881 5434 3197 5490; x_wconf 86' lang='lat' dir='ltr'><strong>Bucandam</strong></span> <span class='ocrx_word' id='word_1_752' title='bbox 3238 5447 3458 5504; x_wconf 88' lang='lat' dir='ltr'><strong>quoque</strong></span> <span class='ocrx_word' id='word_1_753' title='bbox 3501 5439 3668 5501; x_wconf 85' lang='lat' dir='ltr'><strong>atque</strong></span> 
     </span>
    </p>
   </div>
   <div class='ocr_carea' id='block_1_112' title="bbox 2095 5524 3668 5601">
    <p class='ocr_par' dir='ltr' id='par_1_112' title="bbox 2095 5524 3668 5601">
     <span class='ocr_line' id='line_1_112' title="bbox 2095 5524 3668 5601; baseline -0.003 -17"><span class='ocrx_word' id='word_1_754' title='bbox 2095 5530 2350 5596; x_wconf 76' lang='lat' dir='ltr'><strong>Mediam,</strong></span> <span class='ocrx_word' id='word_1_755' title='bbox 2397 5538 2452 5592; x_wconf 88' lang='lat' dir='ltr'><strong>et</strong></span> <span class='ocrx_word' id='word_1_756' title='bbox 2510 5529 2613 5586; x_wconf 91' lang='lat' dir='ltr'><strong>sub</strong></span> <span class='ocrx_word' id='word_1_757' title='bbox 2644 5530 2854 5586; x_wconf 90' lang='lat' dir='ltr'><strong>tributo</strong></span> <span class='ocrx_word' id='word_1_758' title='bbox 2883 5529 3202 5601; x_wconf 85' lang='lat' dir='ltr'><strong>regionibus</strong></span> <span class='ocrx_word' id='word_1_759' title='bbox 3233 5526 3369 5582; x_wconf 87' lang='lat' dir='ltr'><strong>actis</strong></span> <span class='ocrx_word' id='word_1_760' title='bbox 3400 5524 3668 5596; x_wconf 83' lang='lat' dir='ltr'><strong>plurimas</strong></span> 
     </span>
    </p>
   </div>
   <div class='ocr_carea' id='block_1_113' title="bbox 1948 5643 2182 5703">
    <p class='ocr_par' dir='ltr' id='par_1_113' title="bbox 1948 5643 2182 5703">
     <span class='ocr_line' id='line_1_113' title="bbox 1948 5643 2182 5703; baseline 0.013 -3"><span class='ocrx_word' id='word_1_761' title='bbox 1948 5643 2182 5703; x_wconf 66' lang='grc' dir='ltr'><strong>ΝΟΤᾸΞ.</strong></span> 
     </span>
    </p>
   </div>
   <div class='ocr_carea' id='block_1_114' title="bbox 484 5725 1922 5811">
    <p class='ocr_par' dir='ltr' id='par_1_114' title="bbox 484 5725 1922 5811">
     <span class='ocr_line' id='line_1_114' title="bbox 484 5725 1922 5811; baseline 0.009 -33"><span class='ocrx_word' id='word_1_762' title='bbox 639 5725 850 5811; x_wconf 23' lang='grc' dir='ltr'><strong>ρειὶιςςι.⁸</strong></span> <span class='ocrx_word' id='word_1_763' title='bbox 874 5725 1144 5811; x_wconf 69' lang='lat' dir='ltr'><strong>Fabrptus</strong></span> <span class='ocrx_word' id='word_1_764' title='bbox 1183 5744 1280 5798; x_wconf 89' lang='lat' dir='ltr'><strong>pro</strong></span> <span class='ocrx_word' id='word_1_765' title='bbox 1277 5743 1368 5811; x_wconf 74' lang='lat' dir='ltr'><strong>_eo</strong></span> <span class='ocrx_word' id='word_1_766' title='bbox 1399 5729 1544 5811; x_wconf 77' lang='lat' dir='ltr'><strong>quod</strong></span> <span class='ocrx_word' id='word_1_767' title='bbox 1576 5743 1695 5811; x_wconf 73' lang='lat' dir='ltr'><strong>erat</strong></span> <span class='ocrx_word' id='word_1_768' title='bbox 1717 5734 1922 5792; x_wconf 66' lang='lat' dir='ltr'><strong>laedere.</strong></span> 
     </span>
    </p>
   </div>
   <div class='ocr_carea' id='block_1_115' title="bbox 483 5796 2914 5879">
    <p class='ocr_par' dir='ltr' id='par_1_115' title="bbox 483 5796 2914 5879">
     <span class='ocr_line' id='line_1_115' title="bbox 483 5796 2914 5879; baseline 0.006 -32"><span class='ocrx_word' id='word_1_769' title='bbox 483 5796 597 5866; x_wconf 67' lang='lat' dir='ltr'><strong>(7t);</strong></span> <span class='ocrx_word' id='word_1_770' title='bbox 635 5796 969 5854; x_wconf 70' lang='lat' dir='ltr'><strong>conditione.</strong></span> <span class='ocrx_word' id='word_1_771' title='bbox 999 5796 1222 5869; x_wconf 78' lang='lat' dir='ltr'><strong>Gregor.</strong></span> <span class='ocrx_word' id='word_1_772' title='bbox 1277 5796 1581 5858; x_wconf 48' lang='lat' dir='ltr'><strong>Turfhist.</strong></span> <span class='ocrx_word' id='word_1_773' title='bbox 1626 5806 1648 5860; x_wconf 80' lang='grc'><strong>1</strong></span> <span class='ocrx_word' id='word_1_774' title='bbox 1680 5823 1694 5859; x_wconf 88' lang='lat'><strong>:</strong></span> <span class='ocrx_word' id='word_1_775' title='bbox 1725 5825 1743 5858; x_wconf 73' lang='grc' dir='ltr'>ι</span> <span class='ocrx_word' id='word_1_776' title='bbox 1787 5821 1815 5860; x_wconf 89' lang='lat' dir='ltr'><strong>a</strong></span> <span class='ocrx_word' id='word_1_777' title='bbox 1860 5808 2017 5879; x_wconf 88' lang='lat' dir='ltr'><strong>primi</strong></span> <span class='ocrx_word' id='word_1_778' title='bbox 2059 5806 2298 5865; x_wconf 89' lang='lat' dir='ltr'><strong>hominis</strong></span> <span class='ocrx_word' id='word_1_779' title='bbox 2327 5806 2658 5864; x_wconf 87' lang='lat' dir='ltr'><strong>conditione.</strong></span> <span class='ocrx_word' id='word_1_780' title='bbox 2685 5827 2703 5860; x_wconf 72' lang='grc' dir='ltr'><strong><em>ι</em></strong></span> <span class='ocrx_word' id='word_1_781' title='bbox 2749 5805 2914 5863; x_wconf 68' lang='lat' dir='ltr'><strong>Fusa.</strong></span> 
     </span>
    </p>
   </div>
  </div>
