4070 6304
226 320 363 389 1337
1002 324 1368 389 HISTORIA
1411 330 1992 398 ECCLESlASTICA
2037 337 2136 398 EX
2170 338 2653 403 THEOPHANE.
3351 343 3491 415 1338

225 434 492 536 pecunias
541 432 1229 536 imperatori-transmisit.
1296 438 1366 494 At
1413 453 1549 536 ver—ti
1582 439 1808 496 Abimc-
1837 452 1883 507 Α
1913 445 2200 516 perpendit
2233 447 2376 516 quod
2408 449 2649 504 studium
2681 463 2873 504 eorum
2903 458 3053 504 esset
3085 457 3142 504 ut
3194 448 3489 507 Mardaita-

226 522 347 576 lech
385 520 472 576 his
519 521 759 592 cognitis
821 522 939 579 adit
969 523 1328 591 Cerceaiurn,
1378 538 1437 584 et
1488 528 1810 600 TthpOlim

1946 554 2034 592 itm
2071 539 2250 593 solum
2297 549 2674 610 compesceret
2705 541 2944 612 primum
2998 542 3277 609 incursus,
3325 547 3492 612 elgitu

228 613 571 717 subjugavpt.
665 703 698 719 ﬂ
863 706 880 722 ο
925 708 938 720 ι
1019 707 1033 720 .
1701 691 1704 694 1
1915 647 2013 701 per
2043 631 2307 703 putativm
2332 633 2566 688 rationis
2596 635 2884 690 obtentum
2916 650 3105 704 pacem
3141 637 3490 694 dissolveret.

301 705 463 757 Auno
485 720 701 757 tument
733 703 1034 757 Justtmam
1072 709 1316 757 secundat
1344 709 1549 757 Paulus
1580 713 1813 757 balmlnr
1911 723 2068 757 numt
2093 732 2143 757 ..ι
2193 723 2393 757 tum...“
2421 734 2502 757 οι..
2570 735 2620 757 ,ιι
2656 725 2804 757 ...κατι
2859 725 3167 757 Αιάηηιιηηι.
3210 728 3275 757 ..Α
3323 730 3464 757 ..υκαι

355 719 463 760 uno
485 703 701 776 imperii
733 703 1034 764 Justiniani
1072 709 1316 766 secundo
1343 709 1549 767 Paulus
1580 713 1813 768 habetur
1911 723 2068 790 Quod
2093 732 2146 777 et
2191 723 2394 778 factum
2421 734 2530 788 est,
2569 735 2625 780 el.
2656 725 2807 782 misit
2849 703 3167 782 Abimelech
3209 728 3275 784 ad
3322 730 3495 785 rediit-

228 797 486 860 ³¹¹ιί⁵ί⁸³ο
532 797 626 868 (ιιιί
659 810 865 869 seriem
902 801 1064 856 θηηίδ
1095 803 1300 858 ιδ”οηο
1339 801 1810 875 (ἶοιιειθηιίιιορο-
1910 817 2148 873 cautium
2181 817 2442 887 templum
2471 816 2723 878 Machan.
2747 826 2802 874 et
2834 818 3008 875 voluit
3042 820 3264 877 auferre
3285 823 3495 877 colum-

229 888 408 944 ¹ί¹³¹¹⁰
434 890 719 959 Prw-sedili
754 888 1009 963 ιεειειίιηε
1035 903 1118 948 εει
1149 892 1324 950 fames
1359 896 1414 951 in
1454 895 1613 968 81³⁵³³
1637 935 1656 961 ν
1702 911 1811 966 'an
1912 924 2016 966 nas
2068 917 2274 966 sanctae
2303 909 2670 967 Getsomauis.
2723 909 2791 964 Et
2826 919 3162 966 rowaverunt
3209 929 3332 966 eum
3362 911 3492 969 Ser-

228 979 301 1035 de
331 996 393 1035 re
422 980 580 1035 multi
611 979 939 1035 Romaniam
983 992 1116 1035 sunt
1149 985 1412 1035 itmressi-
1479 983 1544 1035 Et
1583 987 1813 1035 veniens
1914 1002 2033 1035 -i...
2073 1003 2296 1035 -..:.t.....
2331 954 2945 1035 ..:.m...:..:....:..:...:.
2994 1005 3083 1035 ....:
3111 1015 3224 1035 η...
3261 1023 3457 1035 ........-..

269 995 301 1036 e
331 996 393 1037 re
422 979 939 1078 multiRotnaniam
983 992 1116 1040 sunt
1149 985 1412 1056 ingressi.
1479 983 1544 1042 Et
1583 987 1813 1044 veniens

1951 1002 2038 1059 lus
2072 1003 2297 1073 quidam
2331 1003 2413 1056 vir
2431 979 2968 1069 Christianissimus,
2991 1005 3084 1077 qui
3110 1015 3230 1060 erat
3258 1023 3492 1078 genera-

229 1072 533 1178 ῂιψῗηξίξτ
577 1068 637 1127 δ”
668 1071 986 1178 ξτφθυὶέω
1034 1073 1145 1130 “ne
1199 1077 1443 1178 sume?“
1491 1075 1810 1178 κθτδθίξξην
1911 1068 1981 1152 lis
2028 1068 2254 1152 Mansur
2305 1096 2584 1167 logotheta
2646 1106 2702 1152 et
2754 1098 2913 1152 valde
2955 1068 3287 1155 familiari;
3314 1100 3493 1158 eidem

229 1161 327 1232 qui
359 1163 413 1260 iu
444 1161 655 1256 Libano
692 1162 930 1229 fuerant,
963 1180 1117 1223 teneo
1147 1182 1307 1260 muro
1337 1167 1642 1224 destructo.
1707 1167 1812 1226 Βο-
1912 1187 2275 1252 Αυίευοιοειι,
2336 1161 2503 1258 δίψη
2557 1189 2820 1259 pauidus
2875 1189 3064 1247 socius
3116 1192 3238 1260 eius
3271 1232 3286 1254 ι
3332 1190 3497 1246 CM.

229 1258 438 1311 struxit
489 1262 675 1314 autem
727 1265 783 1313 et
835 1272 1024 1328 pacem
1075 1273 1202 1315 cum
1258 1258 1586 1332 Vulgaribus
1623 1261 1808 1328 fixam,

228 1347 565 1416 perturbans
614 1358 776 1422 typos
823 1351 920 1422 qui
975 1366 1005 1406 a
1054 1362 1212 1424 patre
1257 1357 1482 1425 proprio
1524 1357 1812 1412 ordinabi-

1946 1281 2112 1338 tianis
2169 1281 2262 1350 qui
2311 1291 2471 1338 erant
2530 1282 2585 1336 iit
2651 1281 2940 1337 Palaestina
2999 1286 3342 1353 lirmjiositiis,
3400 1286 3494 1355 qui

1946 1372 2403 1425 onuominaltatur
2466 1373 2699 1425 Clausus
2734 1415 2749 1425 .
2817 1378 3158 1425 postulantes
3214 1393 3280 1425 ne
3342 1377 3494 1425 fleret

229 1372 565 1454 ’f‘"“”"""
614 1372 776 1422 ³Ῐν⁰⁵
823 1372 945 1458 (ιω,
975 1372 1005 1406 ³
1054 1372 1212 1424 ν³¹¹θ
1257 1372 1482 1425 Ρτθρηο
1524 1372 1812 1412 mmmam"
1910 1372 2403 1446 cognominabatur
2466 1373 2699 1430 Clausus
2734 1415 2749 1437 .
2817 1378 3158 1446 postulantes
3214 1393 3280 1430 ne
3342 1377 3498 1432 fleret

225 1436 362 1497 liter
416 1441 549 1499 facti
607 1451 776 1510 sunt,
818 1453 875 1500 et
922 1446 1082 1515 jubet
1142 1448 1380 1518 transire
1425 1450 1482 1505 in
1542 1449 1811 1507 Thracem
1913 1460 2063 1530 hoc,
2121 1464 2218 1520 sed
2277 1479 2378 1530 per
2441 1465 2880 1530 supplicationes
2944 1481 3075 1520 suas
3145 1467 3496 1530 persuaderet

230 1467 362 1497 mer
416 1467 549 1499 lacu
607 1467 776 1549 νξιξιιι
818 1467 875 1500 ει
922 1467 1082 1515 timet
1142 1467 1380 1518 mansne
1427 1467 1482 1505 ιη
1545 1467 1811 1507 “lucem
1913 1467 2063 1530 hoc,
2121 1467 2218 1520 sed
2277 1479 2378 1535 per
2441 1467 2880 1535 supplicationes
2944 1481 3075 1520 suas
3145 1467 3496 1535 persuaderet

227 1543 522 1642 equestres
579 1535 855 1641 υιιιιιι-ξο·
906 1538 1095 1593 τοίυηε
1152 1547 1262 1593 limi
1326 1538 1588 1612 "limares
1642 1558 1812 1614 quam
1911 1553 2227 1612 Justiniano
2257 1555 2507 1612 mittendi
2542 1555 2647 1612 sibi
2691 1557 2828 1612 alias
2867 1572 2966 1627 pro
2997 1558 3110 1610 cis-
3143 1539 3287 1628 qqu
3313 1565 3368 1613 et
3395 1557 3484 1612 fa-

231 1627 539 1684 St-lavtutas
571 1627 823 1700 praedari.
1915 1664 2068 1700 dum
3097 1598 3112 1623 ,

725 1661 773 1681 '"
792 1661 823 1682 "
1915 1664 2068 1712 ctum
2094 1661 2198 1710 est.

309 1733 470 1787 Anno
499 1731 712 1801 imperii
747 1731 831 1786 sui
866 1730 1033 1785 tertio
1074 1730 1239 1784 movit
1282 1730 1586 1786 exercitum
1639 1727 1817 1787 Justi-

1986 1747 2145 1811 Auno
2174 1745 2386 1817 imperii
2418 1744 2506 1802 sui
2551 1747 2788 1816 septimo
2831 1743 3180 1800 Justinianus
3223 1744 3388 1814 elegit
3431 1761 3495 1798 ex

241 1827 668 1930 "ial'usffm‘ra
704 1823 1039 1930 ξυίινίιῆδηδ
1066 1819 1483 1930 ξεξννυιεεπῑοιιι.
1521 1831 1577 1878 ει
1609 1821 1818 1893 νυ¹8²¹⁶
1849 1810 1891 1866 Β
1923 1840 2160 1906 Sclavis,
2212 1810 2308 1910 qui
2354 1855 2415 1895 se
2441 1810 2676 1909 jubente
2712 1840 3085 1908 migravernnt
3107 1877 3122 1900 ,
3170 1810 3367 1892 milites
3401 1837 3500 1891 tri-

235 1933 334 1974 res
386 1918 608 1994 quidem
657 1917 725 1972 ad
771 1932 1014 1988 praesens
1042 1915 1146 1970 sibi
1191 1925 1549 1971 occurrentes
1582 1916 1818 1984 impulit.

1946 1934 2074 2003 ginta
2123 1933 2318 1997 millia,
2387 1941 2443 1987 et
2502 1931 2733 1988 armatis
2772 1931 2855 1987 eis
2914 1929 3318 2000 cognominavit
3378 1929 3502 1983 illos

237 2009 562 2084 Evsurgens
609 2018 791 2065 autem
863 2025 1040 2082 usque
1084 2006 1516 2064 Thessalonicen
1563 2009 1825 2080 copiosas

1946 2026 2186 2098 iopulutn
2221 2024 2640 2094 acceptabilem,
2673 2021 3090 2094 principemque
3123 2023 3176 2075 in
3206 2019 3290 2075 eis
3319 2016 3503 2074 Nebuo

241 2105 630 2161 multitudines
675 2103 1060 2159 Sclavinorum
1121 2101 1323 2174 partim
1363 2101 1508 2159 bello
1555 2102 1825 2172 percepit,

1950 2134 2037 2172 nm
2065 2115 2288 2171 nomine
2322 2112 2541 2170 statuit.
2588 2111 2751 2168 Fisus
2795 2120 2978 2167 autem
3021 2112 3074 2164 in
3127 2107 3235 2166 illis
3283 2108 3504 2178 scripsit

188 2247 193 2251 .
237 2197 440 2268 partim
480 2211 603 2252 cum
655 2195 722 2253 ad
774 2210 834 2251 se
868 2194 1204 2249 conﬂuerent
1263 2193 1319 2248 in
1369 2192 1619 2264 partibus
1652 2191 1827 2248 Obse-

239 2291 383 2361 quii,
429 2305 554 2344 cum
591 2305 688 2359 per
727 2286 973 2359 Abydum
1015 2286 1468 2351 transfretasset,
1515 2285 1822 2341 constituit.

240 2381 384 2438 Dum
433 2390 614 2436 autem
678 2388 1072 2451 reverteretur,
1103 2380 1157 2434 in
1194 2379 1391 2435 itinere
1434 2367 1766 2450 praepeditus
1793 2395 1827 2436 a

239 2473 580 2545 Vulgaribus
619 2473 672 2527 in
714 2482 834 2525 arto
864 2471 1136 2526 clausura:
1159 2485 1284 2526 cum
1311 2470 1461 2526 caede
1501 2469 1706 2540 proprii
1734 2483 1831 2538 po—

239 2567 360 2640 puli
397 2577 452 2623 et
486 2567 866 2621 vulneratione
902 2564 1073 2618 multa
1105 2563 1196 2618 vix
1236 2578 1484 2619 remeare
1521 2561 1826 2632 praevaluit.

241 2658 453 2716 Eodem
519 2671 666 2712 anno
725 2667 780 2712 et
839 2654 1210 2709 Adelatzuber
1266 2652 1549 2708 Musabnm
1603 2651 1829 2708 fratrem

240 2767 409 2810 suum
459 2750 628 2806 mittit
661 2757 857 2805 contra
906 2736 1144 2809 Muctar,
1173 2754 1225 2801 et
1256 2746 1390 2802 inito
1414 2745 1584 2801 Marte
1608 2761 1733 2801 cum
1764 2761 1832 2800 eo

242 2842 482 2902 vertitur
514 2842 743 2906 Muctar,
781 2851 836 2898 et
877 2839 1016 2913 fugit
1049 2840 1104 2894 in
1135 2838 1392 2912 Syriam;
1425 2854 1588 2910 quem
1615 2852 1852 2910 prime--

241 2957 458 3013 cupans
482 2937 773 2994 interfecit.
837 2936 1011 2992 Porro
1052 2933 1369 2990 Abimelecb
1414 2932 1614 2988 militat
1640 2941 1830 2988 contra

245 3034 560 3108 Hnsabum,
609 3041 663 3088 et
696 3032 903 3085 victum
938 3028 1164 3095 occidit,
1209 3037 1264 3084 et
1299 3025 1619 3100 subjugavit
1646 3023 1835 3081 Persi-

243 3128 373 3185 detn
404 3121 598 3181 totam.

320 3217 507 3274 Mundi
533 3229 679 3270 anno
703 3212 834 3268 618!
851 3254 866 3278 ,
895 3210 1095 3265 divina:
1120 3208 1518 3265 incarnationis
1538 3222 1686 3262 anno
1707 3204 1836 3272 68f,

247 3331 402 3372 anno
441 3327 574 3367 vero
627 3308 839 3378 imperii
868 3304 1165 3362 Justiniani
1195 3312 1396 3374 quarto
1424 3302 1571 3358 misit
1601 3300 1838 3355 Abime-

248 3408 376 3465 lcclt
408 3413 602 3462 contra
631 3401 872 3458 Zubehir
902 3399 1115 3470 chagan
1149 3398 1204 3453 in
1256 3395 1439 3450 Macca
1460 3437 1477 3461 ,
1528 3401 1584 3449 et
1633 3390 1837 3448 occidit

248 3517 380 3560 eum
431 3499 632 3555 ibidem
687 3496 938 3565 t-ltagan,
980 3499 1036 3547 et
1080 3489 1300 3547 subdita
1364 3490 1588 3558 regione
1627 3487 1836 3556 cbagau

250 3595 583 3650 adversante
606 3588 709 3644 sibi
741 3583 1117 3642 concremavit
1147 3565 1373 3637 demum
1416 3579 1544 3634 idoli
1573 3577 1694 3648 ejus
1730 3591 1838 3631 una

253 3702 380 3743 cum
413 3685 559 3740 idolo
586 3683 820 3737 culturae
848 3679 1116 3749 ipsorum.
1183 3675 1358 3741 Quam
1394 3673 1462 3727 ob
1491 3686 1714 3726 causam
1751 3669 1842 3724 ille

250 3779 466 3849 chagan
502 3785 791 3848 praetorem
826 3770 1065 3825 Persidis
1097 3762 1464 3839 promovit,et
1497 3763 1726 3820 subacta
1759 3768 1842 3816 est

253 3866 571 3925 Abimelech
639 3873 749 3919 tam
815 3861 1063 3918 Persidis
1121 3859 1272 3929 regio
1330 3865 1386 3912 et
1437 3854 1843 3923 Mesopotamia:

262 3975 432 4033 quam
460 3958 718 4013 Armenia
753 3969 948 4024 magna
986 3950 1251 4017 Ethribi,
1282 3957 1338 4004 et
1366 3964 1460 4016 per
1496 3948 1548 4003 id
1587 3947 1843 4001 intestina

255 4068 453 4112 eorum
495 4052 636 4107 bella
672 4049 1030 4120 quieverunt.

333 4145 492 4198 Anno
545 4138 760 4210 imperii
805 4133 1110 4191 Justiniani
1169 4130 1365 4200 quinto
1439 4128 1601 4184 finem
1656 4124 1847 4180 habuit

258 4252 317 4298 et
355 4239 624 4295 liberatus
677 4242 763 4290 est
813 4232 885 4286 ab
928 4229 1080 4286 omni
1142 4227 1286 4282 bello
1338 4224 1581 4308 Arabum
1638 4219 1850 4292 princi-

261 4345 449 4408 patus,
492 4339 548 4387 et
583 4343 719 4400 pace
763 4325 974 4397 potitus
1002 4331 1088 4378 est
1108 4317 1446 4384 Ahimclcch,
1481 4315 1704 4371 cunctis
1743 4313 1847 4368 sibi

264 4428 541 4487 subactis.

1925 2206 2204 2262 Arabibus
2255 2211 2363 2260 n'on
2428 2220 2490 2259 se
2557 2218 2976 2272 permansurum
3031 2203 3086 2255 in
3140 2215 3317 2270 pace,
3385 2213 3504 2266 qua

1932 2296 2147 2368 scripto
2177 2303 2544 2365 ,convenerat.
2614 2290 2680 2347 Et
2703 2303 2988 2363 assumpto
3023 2292 3223 2362 populo
3258 2299 3509 2360 accepta-

1929 2390 2022 2446 bili
2050 2398 2102 2444 et
2129 2387 2347 2447 cunctis
2378 2383 2731 2458 equestribus
2762 2385 2976 2439 militiis
3015 2384 3150 2437 abiit
3173 2381 3506 2451 Sebastopo-

1931 2485 2024 2539 lim
2055 2483 2410 2538 maritimam.
2480 2480 2690 2536 Arabes
2734 2487 2916 2534 autem
2971 2477 3410 2537 dissimulantes,
3458 2483 3512 2528 ct

1929 2589 2119 2646 pacem
2171 2571 2384 2628 solvere.
2416 2571 2642 2626 minime
2697 2577 3086 2642 proponentes,
3141 2567 3233 2624 sed
3273 2567 3513 2636 impera—

1932 2666 2078 2722 torio
2099 2676 2331 2720 exeessu
2368 2673 2532 2733 atque
2558 2661 2810 2732 procacia
2841 2662 2946 2716 hoc
2972 2661 3164 2731 agendi
3198 2658 3511 2713 violentiam

1933 2761 2228 2833 patientes,
2287 2757 2486 2812 armati
2536 2764 2591 2812 et
2652 2756 2756 2826 ipsi
2799 2755 3028 2812 veniunt
3082 2749 3513 2820 Sebastopolitn,

1936 2858 2301 2922 prmestantes
2334 2863 2401 2902 ne
2437 2848 2762 2916 imperator,
2792 2860 2915 2915 quae
2940 2843 3172 2922 invicem
3206 2857 3327 2897 cum
3361 2838 3516 2912 jura-

1937 2945 2137 3000 mentis
2187 2956 2432 2997 consono
2469 2949 2632 3010 pacto
2680 2939 2880 3009 placita
2939 2936 3176 3002 fuerant,
3232 2932 3515 2998 solveret;

1938 3034 2182 3105 alioquin
2234 3016 2377 3088 Deus
2420 3031 2614 3084 vindex
2677 3037 2732 3083 et
2784 3026 2952 3098 judex
3014 3025 3301 3097 culparum
3354 3021 3514 3097 foret.

1861 3150 1905 3209 ο
1944 3128 2088 3184 Sane
2124 3143 2248 3182 cum
2273 3127 2573 3194 imperator
2605 3137 2706 3177 nec
2738 3118 2928 3174 auditu
2974 3119 3094 3189 ipso
3136 3113 3518 3189 hujuscemodi

1937 3224 2104 3278 verba
2140 3219 2422 3290 percipere
2456 3223 2755 3285 pateretur,
2810 3212 2888 3267 illi
2925 3212 3080 3282 pacis
3110 3216 3165 3264 et
3187 3207 3340 3262 verbi
3381 3207 3520 3261 scri-

1939 3323 2091 3385 ptum
2120 3312 2398 3375 solventes
2423 3317 2476 3364 et
2518 3309 2574 3362 in
2604 3305 2821 3361 excelsa
2851 3305 3002 3358 hasta
3026 3317 3123 3373 pro
3154 3299 3350 3355 vexillo
3394 3312 3520 3373 pro-

1942 3404 2170 3462 cedendi
2233 3402 2409 3473 gratia
2471 3397 2905 3473 suspendentes,
2974 3401 3169 3449 contra
3239 3391 3522 3467 Romanos

1942 3497 2146 3567 impetu
2171 3463 2412 3558 irrvuunt,
2439 3463 2694 3544 Muained
2743 3471 2938 3541 ducem
2975 3463 3262 3545 habentes,
3289 3479 3522 3535 bellum-

1943 3605 2049 3662 que
2073 3589 2251 3642 taliter
2282 3585 2544 3641 inierunt.
2582 3583 2648 3636 Et
2681 3581 2833 3650 prius
2858 3576 3080 3648 quidem
3110 3571 3353 3650 superati
3396 3581 3526 3645 sunt

1941 3682 2169 3738 Arabes.
2250 3675 2563 3748 Snggerens
2631 3674 2841 3727 interea
2918 3667 3169 3723 Muametl
3237 3663 3526 3734 auxilianti

1943 3760 2222 3830 Romanis.
2259 3771 2580 3826 Sclavorum
2605 3766 2728 3822 duci
2765 3762 2931 3816 mittit
2957 3762 3007 3816 ei
3049 3757 3391 3831 marsupium
3419 3763 3528 3812 [lit-

1946 3865 2294 3924 tuismatibus
2339 3864 2588 3932 plenum,
2652 3857 2950 3923 multisque
3007 3846 3530 3922 repromitsiombus

1949 3961 2094 4016 hunc
2127 3957 2398 4031 seducens
2431 3950 2722 4024 persuadet
2757 3948 2825 4004 ad
2852 3965 2912 4003 se
2951 3945 3140 4015 fugere
3170 3957 3295 3997 cum
3331 3937 3531 4009 viginti

1948 4051 2190 4108 millibus
2218 4029 2566 4110 Sclavorum,
2596 4054 2649 4099 et
2674 4042 2754 4098 sic
2786 4040 2966 4110 fugam
3001 4033 3311 4102 Quiritibus
3344 4029 3534 4099 acqui-

1949 4144 2097 4200 sivit.
2149 4141 2304 4196 Tunc
2336 4140 2634 4208 imperator
2659 4133 2861 4189 occidit
2891 4112 3087 4184 horum
3133 4123 3382 4179 residuos
3427 4135 3532 4174 una

1950 4252 2075 4290 cum
2127 4233 2317 4289 liberis
2359 4240 2414 4285 et
2480 4227 2747 4283 uxoribus
2799 4234 2953 4278 trans
3015 4214 3300 4290 prazclpitii
3350 4213 3532 4266 locum

1951 4325 2272 4381 Leucatium
2298 4321 2527 4385 dictum,
2560 4317 2653 4388 qui
2698 4315 3010 4370 maritimus
3037 4316 3155 4365 erat
3181 4306 3336 4377 juxta
3377 4301 3535 4357 Nico-

1954 4419 2286 4474 mediensent
2317 4415 2499 4471 sinum
2536 4410 2769 4482 positus.

338 4519 496 4574 Anno
529 4514 744 4588 imperii
771 4513 855 4568 sui
895 4510 928 4566 6
959 4505 1333 4564 Ἰυειὶηῑιιηυδ
1357 4518 1570 4574 pacem,
1593 4515 1756 4570 quam
1785 4497 1846 4553 ab

2025 4511 2186 4580 Anno
2217 4505 2434 4590 imperii
2469 4503 2765 4560 Iustiniani
2804 4509 3001 4558 octavo
3030 4497 3243 4551 Sabbas
3277 4489 3540 4562 patiicius

263 4609 583 4670 Abimelech
636 4605 852 4668 habuit,
904 4616 973 4657 ex
1025 4598 1265 4653 amentia
1319 4593 1596 4649 dissolvit.
1638 4590 1853 4645 Etenim

268 4707 600 4780 Cypriorum
650 4698 830 4756 insula
861 4693 1125 4768 populum
1187 4687 1645 4746 irrationabiliter
1685 4671 1859 4740 voluit

268 4778 693 4867 transmigrare,
730 4799 786 4847 et
819 4790 1222 4848 characterem,
1253 4783 1345 4854 qui
1380 4782 1588 4837 missus
1621 4779 1692 4834 ab
1722 4778 1858 4834 Abi-

267 4890 485 4951 melech
510 4889 710 4952 fuerat,
740 4899 863 4940 cum
891 4881 1110 4937 noviter
1138 4878 1296 4932 visus
1319 4885 1468 4952 esset
1494 4880 1550 4928 et
1576 4884 1858 4941 nunquam

269 4950 434 5041 antea
461 4981 666 5042 factus,
690 4950 798 5030 non
828 4972 1072 5029 admisit.
1132 4966 1426 5024 Multitudo
1448 4950 1594 5035 ergo
1627 4961 1857 5034 Cyprio-

272 5094 400 5136 rum
439 5074 569 5130 dum
606 5080 950 5126 transmeare
990 5065 1282 5127 niteretur,
1341 5059 1631 5116 submersa
1658 5061 1768 5119 est,
1807 5059 1863 5108 et

273 5188 344 5226 ex
378 5171 646 5239 languore
684 5161 918 5234 peribat,
961 5157 1161 5228 reliqui
1195 5169 1328 5210 vero
1386 5151 1442 5208 in
1483 5150 1723 5223 Cyprum
1768 5160 1862 5201 re-

274 5263 426 5321 versi
474 5236 624 5317 sunt.
679 5256 745 5311 Et
780 5251 987 5309 auditis
1023 5250 1111 5305 his
1155 5245 1473 5304 Abimelech
1501 5241 1750 5299 satauice
1781 5236 1862 5294 si-

276 5355 524 5434 mulatus
554 5350 784 5418 rogabat
822 5362 889 5401 ne
919 5360 1021 5415 pax
1064 5345 1394 5402 solveretur,
1427 5336 1524 5391 sed
1554 5332 1865 5403 susciperet

278 5427 561 5507 monetam
597 5460 779 5508 suam,
811 5455 936 5496 cum
974 5435 1185 5491 Arabes
1222 5448 1328 5489 non
1378 5430 1724 5495 snsciperent
1756 5423 1865 5481 Ro-

276 5556 576 5600 manorum
640 5537 968 5593 incisionem
1038 5531 1092 5585 in
1151 5527 1270 5583 suis
1324 5524 1585 5598 nummis.
1661 5519 1864 5576 Verum

281 5637 410 5692 dato
436 5633 672 5704 pondere
709 5629 830 5684 auri
879 5628 997 5682 ait:
1043 5623 1287 5696 Nullum.
1315 5618 1569 5675 Romanis
1607 5610 1863 5670 damnum

282 5727 568 5796 efﬁcietur,
612 5739 676 5780 ex
705 5738 770 5777 eo
809 5721 955 5792 quod
1011 5718 1219 5784 Arabes
1270 5729 1410 5770 nova
1461 5710 1747 5766 caderent.
1799 5707 1870 5761 At

289 5821 382 5879 ille
439 5832 658 5890 precem
706 5833 771 5873 ex
819 5816 1013 5871 timore
1066 5811 1368 5867 arbitratus
1418 5804 1694 5871 eﬂ'ectam,
1755 5815 1868 5856 non

1963 4604 2257 4670 Armeniae,
2289 4587 2565 4671 comperta
2597 4596 2956 4669 superatione
2990 4592 3390 4651 Ronuanornm,
3438 4587 3539 4638 Ar-

1966 4699 2202 4754 meniam
2263 4694 2539 4749 Arabibus
2596 4689 2868 4753 tradidit,
2928 4696 2982 4741 et
3034 4683 3281 4750 subjecta
3332 4686 3418 4733 est
3463 4674 3544 4731 eis

1964 4793 2224 4849 interior-
2248 4787 2458 4851 Persis,
2513 4802 2635 4854 qua:
2676 4782 2882 4836 dicitur
2927 4777 3190 4834 Cherasa.
3254 4773 3320 4827 Et
3368 4769 3545 4824 oritur

1963 4885 2166 4941 ibidem
2218 4880 2508 4936 insidiator
2565 4877 2786 4931 nomine
2832 4871 3114 4932 Sabinus,
3179 4865 3272 4936 qui
3339 4863 3545 4917 multos

1961 4977 2205 5032 Arabum
2239 4970 2538 5032 interfecit,
2591 4967 2686 5023 sed
2723 4974 2778 5020 et
2820 4964 2998 5033 ipsum
3038 4958 3346 5026 chaganum
3376 4964 3548 5022 prope

1963 5069 2140 5127 modis
2195 5064 2453 5121 omnibus
2509 5063 2562 5116 in
2619 5073 2778 5113 amne
2817 5053 3054 5109 necavit.
3121 5047 3201 5102 Ex
3245 5054 3548 5115 tunc;ergo

1963 5176 2063 5232 per
2115 5156 2355 5226 amplius
2418 5150 2653 5225 Agareni
2712 5143 2992 5203 temerarii
3047 5139 3176 5196 facti
3222 5133 3547 5190 Romaniam

1963 5248 2458 5321 depopulabantur.

2039 5317 2221 5399 blandi
2252 5354 2397 5394 anno
2421 5335 2583 5403 6186,
2607 5333 2810 5389 divinae
2839 5322 3237 5386 incarnationis
3260 5333 3404 5375 anno
3420 5317 3548 5376 686.

1971 5450 2116 5491 anno
2146 5449 2276 5489 vero
2322 5429 2535 5503 imperii
2567 5423 2860 5482 Iustiniani
2888 5421 2924 5478 9
2971 5415 3279 5487 Callinicus
3319 5409 3553 5465 habetur

1969 5501 2617 5592 ConstantinOpolitanus
2654 5515 2911 5580 antistes,
2967 5509 3063 5582 qui
3100 5507 3169 5562 12
3204 5501 3421 5576 praefuit
3451 5514 3549 5592 att-

1970 5615 2059 5671 nis
2113 5590 2396 5669 Ecclesiae.
2449 5609 2566 5665 Hoc
2615 5608 2779 5663 etiam
2815 5617 2964 5658 anno
3009 5597 3248 5654 defectio
3288 5603 3372 5650 est
3417 5590 3552 5647 solis

1971 5708 2165 5765 ell‘ecta
2195 5707 2328 5762 hora
2355 5703 2460 5760 diei
2489 5702 2671 5767 tertia,
2704 5701 2782 5755 ita
2819 5709 2877 5752 ut
2907 5693 3158 5765 quaedam
3189 5689 3353 5743 clara:
3377 5682 3549 5742 stellae

1973 5808 2249 5874 parerent.
2275 5795 2341 5854 Et
2371 5794 2674 5853 exercitum
2720 5790 2892 5846 movit
2929 5781 3177 5842 Moamcd
3207 5786 3400 5837 contra
3432 5778 3541 5833 Bo-
