4050 6308
465 395 610 468 1343

1534 405 1936 466 ANASTASII
1989 403 2624 466 BIBLIOTHECARII

3615 406 3752 470 13η

472 525 592 570 tora
622 517 768 571 venit
808 533 983 588 usque
1013 519 1086 573 ad
1126 519 1442 592 Symbolum
1477 520 1632 590 juxta
1675 519 2010 575 Chersouam
2033 560 2049 585 ,
2081 520 2127 576 Α
2153 519 2310 587 ejus;
2339 537 2574 590 quorum
2611 521 2703 576 ille
2740 522 2878 577 colla
2915 537 3089 591 usque
3123 523 3551 578 ad‘solutionem
3587 521 3747 593 primi

472 607 538 660 ad
562 614 724 677 t‘juatn
761 611 985 667 mittens
1008 614 1221 667 occulte
1255 613 1379 667 tulit
1420 612 1810 668 Basbacurium
1846 623 1898 669 et
1939 613 2052 668 l'ra-

433 707 438 713 ’
473 711 613 757 trem
641 703 784 774 ejus,
817 703 1041 760 Saliban
1075 723 1291 777 quoque
1321 723 1386 762 ac
1413 705 1756 777 Stephanum
1790 717 1845 763 et
1867 707 2053 762 Moro-

470 797 693 866 paulum
744 813 851 852 una
885 815 1008 853 cum
1041 799 1375 869 TheOpbilo.
1423 800 1526 867 Qui
1575 817 1698 856 cum
1745 801 2051 871 navigasset

469 904 596 944 cum
622 888 726 955 eis,
775 891 1079 949 Cbersonis
1135 894 1366 963 pharum
1419 893 1697 955 transivit,
1741 894 1929 962 sicque
1959 895 2051 948 de-

473 998 621 1037 mum
665 983 1089 1040 translretantes
1135 985 1438 1057 Necropyla
1485 1003 1580 1042 seu
1636 987 1775 1041 ostia
1817 985 2048 1056 Danapri

466 1083 516 1129 ei
554 1073 817 1144 Danistri,
845 1084 1168 1146 tempestate
1209 1077 1377 1145 facta,
1415 1095 1582 1148 super
1609 1079 1786 1134 salute
1827 1093 1924 1133 sua
1956 1080 2052 1133 de-

467 1168 672 1237 sperati
707 1179 838 1223 sunt
873 1185 1088 1225 omnes.
1128 1171 1346 1241 Myaces
1375 1187 1529 1232 vero.
1565 1170 1854 1225 latniiiaris
1888 1171 2051 1224 homo

467 1257 662 1327 ipsius,
695 1259 829 1315 dixit
849 1261 897 1317 ei
935 1281 949 1316 :
983 1260 1114 1318 Ecce
1156 1264 1438 1328 morimur,
1467 1263 1704 1318 domine.
1765 1262 1899 1318 Vove
1934 1263 2039 1317 Deo

466 1365 564 1418 pro
599 1353 774 1407 salute
803 1363 915 1417 tua,
945 1364 1004 1407 ut
1038 1355 1087 1408 si
1133 1354 1278 1410 Deus
1311 1356 1588 1426 imperium
1627 1357 1720 1410 tibi
1755 1367 1903 1410 tuum
1939 1357 2052 1411 red-

456 1428 687 1511 id'iderit,
711 1446 768 1499 in
791 1446 997 1500 nullum
1030 1458 1240 1502 tuorum
1266 1448 1545 1503 ulciscaris
1578 1450 1945 1504 inimicorum.
1979 1451 2049 1504 At

469 1533 563 1591 ille
593 1538 936 1607 respondens
987 1537 1043 1592 in
1093 1537 1279 1595 furore
1323 1540 1460 1594 dixit
1495 1560 1509 1595 :
1545 1539 1605 1594 Si
1633 1557 1906 1611 pepercere
1933 1542 2049 1598 cui-

469 1645 628 1698 quam
662 1631 924 1694 ipsorum,
971 1631 1070 1686 Itoc
1104 1633 1159 1686 in
1202 1631 1319 1688 loco
1356 1632 1498 1687 Deus
1538 1650 1618 1687 me
1661 1633 1950 1705 demergat.
1981 1633 2047 1690 Et

456 1722 590 1775 sine
625 1723 870 1790 periculo
923 1725 992 1780 ab
1040 1733 1180 1782 testu
1239 1727 1335 1782 illo
1373 1727 1564 1793 exivit,
1605 1737 1660 1782 et
1708 1729 1953 1783 introivit
1992 1730 2043 1784 in

468 1812 780 1872 Danubium
835 1834 1079 1876 amnem.
1129 1819 1266 1877 Cum
1306 1828 1487 1875 autem
1530 1821 1772 1877 misisset
1812 1821 2052 1893 Stepha-

467 1923 598 1962 num
631 1909 701 1964 ad
732 1909 1008 1967 Terbeliin
1037 1911 1323 1968 dominum
1347 1911 1650 1984 Vulgarias,
1673 1923 1731 1968 ut
1756 1914 1861 1969 sibi
1894 1915 2048 1968 auxi-

466 1998 599 2056 lium
637 2011 922 2073 praestaret
955 2003 1023 2060 ad
1054 2006 1411 2061 obtinendum
1444 2006 1722 2075 parentaie
1754 2007 2044 2077 imperium

469 2108 653 2159 suum,
682 2096 1001 2166 repromisit
1055 2100 1104 2154 ei
1159 2099 1394 2167 plurima
1428 2116 1488 2156 se
1525 2101 1666 2156 dona
1702 2100 1956 2155 daturum
1994 2112 2048 2157 et

470 2182 634 2239 ﬁliam
658 2185 775 2254 ejus
807 2189 858 2242 in
890 2190 1172 2245 mulierem
1202 2202 1554 2261 accepturum
1589 2193 1804 2263 ipsique
1835 2193 1888 2246 in
1914 2207 2049 2250 cun-

465 2277 574 2333 etis
605 2280 956 2336 obediturum
991 2292 1044 2337 et
1084 2298 1512 2347 concursurum,
1546 2285 1905 2354 jurejurando
1933 2286 2048 2358 poi-

467 2370 679 2427 licitus.
714 2371 834 2440 Quo
859 2373 951 2430 ille
978 2390 1102 2429 cum
1135 2375 1342 2445 ingenti
1373 2377 1581 2432 honore
1599 2389 1874 2447 suscepto,
1897 2394 2054 2434 com-

467 2473 652 2520 m0vct
685 2466 1002 2522 universum
1039 2469 1145 2524 sibi
1203 2469 1550 2539 suppositum
1609 2472 1888 2541 populum,
1913 2471 2050 2527 Vul-

467 2569 660 2625 garum
689 2560 924 2625 scilicet,
957 2569 1122 2632 atque
1165 2563 1418 2632 proximo
1445 2577 1591 2618 anno
1617 2562 1685 2616 ad
1728 2571 2045 2634 regnantem

467 2647 657 2703 urbem
687 2662 980 2706 venerunt.

535 2737 696 2792 Auno
751 2741 964 2810 imperii
1020 2743 1298 2800 Absimari
1360 2745 1597 2816 septimo
1657 2755 1911 2802 mortuus
1965 2756 2049 2803 est

465 2830 780 2888 Abimelech
801 2837 1041 2894 Arabum
1069 2838 1346 2909 princeps,
1373 2847 1428 2893 et
1462 2841 1638 2894 tenuit
1666 2838 1872 2895 Vhaied
1907 2841 2049 2897 illius

464 2923 591 2993 ejus
620 2928 989 2998 principatum
1022 2931 1252 2986 :eodem
1286 2947 1505 3004 quoque
1530 2947 1677 2988 anuo
1709 2950 1836 2988 cum
1879 2933 2049 2989 Justi-

465 3014 666 3072 nianus
724 3019 789 3073 ad
856 3021 1060 3092 regiam
1115 3024 1395 3079 civitatem
1452 3027 1700 3081 venisset
1755 3043 1862 3080 una
1923 3042 2048 3082 cum

466 3105 702 3166 Tarbelli
737 3123 791 3168 et
818 3113 1083 3186 subjectis
1114 3117 1468 3188 Vulgaribus,
1497 3127 1679 3174 castra
1707 3127 1945 3175 metatus
1967 3128 2051 3176 est

2155 610 2327 666 bravii
2359 610 2473 681 (73)
2495 612 2748 675 calcavit,
2789 614 3045 668 universa
3095 612 3257 682 plebe
3283 613 3593 668 clamante:
3639 612 3740 669 Su.-

2152 719 2243 770 per
2274 705 2509 775 aspidem
2547 716 2596 759 et
2633 705 2938 758 basiliscum
2975 704 3284 767 ascendisti,
3321 714 3371 759 et
3417 705 3746 759 conculcasti

2157 796 2354 851 leonem
2395 805 2446 850 et
2487 796 2790 850 draconem.
2833 795 2898 849 Et
2949 797 3020 849 ita
3058 797 3160 852 bos
3210 797 3516 853 destinatos
3565 799 3620 852 in
3663 799 3760 853 vié-

2157 890 2307 944 vario
2339 889 2702 943 animantium
2751 889 2946 956 capitis
2988 888 3470 946 animadversione
3505 893 3741 960 punivit.

2153 978 2480 1032 Callinicum
2524 992 2654 1032 vero
2701 979 3074 1047 patriarcbam
3121 979 3319 1033 ablatis
3367 981 3549 1036 oculis
3595 982 3758 1051 apud~

2153 1067 2380 1122 Romam
2412 1069 2610 1124 exsilio
2649 1069 2931 1140 relegavit,
2964 1079 3017 1125 et
3055 1085 3152 1138 pro
3188 1087 3254 1126 eo
3289 1070 3519 1143 Cyrum,
3559 1074 3652 1141 qui
3688 1075 3755 1127 in-

2119 1163 2331 1217 ‘insuia
2383 1161 2562 1217 fuerat
2613 1163 2862 1218 inclusus
2895 1163 3260 1228 Amastridis,
3309 1171 3573 1236 tanquam
3615 1183 3738 1221 eum

2152 1254 2246 1322 qui
2295 1255 2759 1325 praenuntiaverat
2810 1255 2916 1310 sibi
2958 1257 3159 1324 prioris
3190 1258 3600 1314 restitutionem
3637 1259 3756 1313 im~

2153 1351 2312 1420 perii,
2337 1361 2687 1421 surrogatum
2721 1351 2991 1420 provexit.
3027 1351 3488 1408 innumerabilem
3521 1369 3741 1423 quoque

2154 1443 2597 1510 multitudinem,
2628 1451 2735 1496 tam
2771 1458 2836 1496 ex
2871 1443 3020 1498 civili
3065 1459 3230 1512 quam
3267 1459 3335 1498 ex
3385 1444 3607 1498 militari
3647 1460 3762 1499 ους.

2152 1536 2353 1600 taiogo,
2405 1535 2666 1604 perdidit.
2721 1533 2922 1592 Multos
2975 1537 3143 1590 etiam
3193 1537 3249 1592 in
3301 1551 3492 1591 saccos
3540 1537 3760 1592 missos.

2150 1643 2338 1682 amara
2389 1629 2520 1684 fecit
2570 1637 2745 1682 morte
2792 1627 2999 1684 necari.
3044 1631 3197 1684 Alios
3241 1639 3455 1694 autem,
3502 1645 3627 1684 cum
3670 1630 3739 1684 ad

2152 1721 2441 1791 prandium
2483 1721 2565 1777 vel
2616 1736 2830 1776 ctenam
2866 1721 3226 1789 accubitaret,
3278 1738 3408 1778 mox
3455 1723 3740 1793 surgebat;

2150 1815 2347 1886 partim
2397 1815 2731 1886 suspendio,
2773 1817 2972 1894 partim
3016 1816 3296 1873 occisione
3337 1817 3758 1894 perdebataoEtz

2151 1908 2281 1964 hinc
2309 1924 2540 1981 magnus
2573 1911 2738 1964 timor
2765 1892 3078 1965 Obtinuerat
3106 1925 3320 1967 omnes.
3351 1909 3497 1966 Misit
3528 1892 3760 1972 interea.

2149 1999 2382 2055 classem
2432 1999 2502 2056 ad
2543 1999 2850 2055 ducendam
2887 2015 2919 2056 a
2953 2000 3224 2056 Chazaria
3274 2018 3498 2058 uxorem
3545 2018 3744 2070 suam,

2148 2103 2205 2148 et
2251 2093 2437 2148 multae.
2487 2109 2610 2148 cum
2658 2095 2775 2150 suis
2820 2095 2953 2149 viris
3001 2095 3220 2165 scapha:
3263 2096 3527 2150 demersa
3582 2105 3734 2164 sunt;

2150 2184 2268 2251 Ouo
2293 2187 2480 2240 audito
2511 2187 2793 2256 chaganus
2838 2187 3115 2257 signiﬁcat
3148 2188 3198 2241 ei
3231 2188 3459 2250 dicens:
3499 2207 3520 2240 ς
3567 2188 3611 2244 ο
3649 2189 3736 2242 in-

2150 2287 2376 2341 sensate,
2411 2293 2581 2331 nonne
2611 2278 2884 2346 oportebat
2922 2287 2970 2331 te
3003 2280 3057 2332 in
3079 2277 3287 2333 duabus
3323 2281 3402 2335 vel
3423 2281 3590 2340 tribus
3616 2297 3737 2334 sca-

2148 2370 2264 2438 phis
2290 2370 2526 2438 accipere
2556 2369 2830 2424 mulierent
2855 2378 3027 2432 tuam,
3053 2379 3103 2424 et
3138 2387 3242 2425 non
3270 2381 3474 2425 tantam
3503 2374 3741 2427 occidere

2152 2461 2586 2515 multitudinem?
2625 2469 2705 2516 An
2747 2473 2904 2532 putas
2939 2462 3077 2532 quod
3105 2471 3155 2517 et
3190 2463 3325 2516 hanc
3366 2462 3541 2517 Marte
3566 2466 3739 2532 perci-

2149 2557 2311 2625 pias?
2341 2554 2473 2609 Ecce
2497 2556 2696 2626 peperit
2732 2556 2827 2608 tibi
2857 2565 2905 2609 et
2931 2556 3126 2624 ﬁlium.
3161 2554 3315 2610 Mitte
3343 2574 3464 2627 ergo
3487 2568 3533 2610 et
3566 2561 3758 2625 accipe

2150 2649 2292 2702 illos.
2350 2668 2368 2700 ι
2423 2650 2489 2700 At
2546 2649 2636 2702 ille
2691 2648 2865 2701 misso
2923 2648 3338 2721 Theopbyiacm
3394 2651 3762 2705 cubiculario-

2151 2743 2309 2798 duxit
2344 2741 2690 2797 Theodoram
2723 2752 2776 2797 et
2808 2742 2977 2796 lilium
3010 2741 3132 2812 ejus
3163 2742 3467 2808 Tiberium,
3495 2753 3546 2799 et
3580 2759 3754 2798 σοι-ον.

2152 2836 2303 2890 navit
2335 2849 2450 2897 eos,
2479 2843 2532 2888 et
2565 2834 2909 2904 imperavere
2938 2834 3102 2889 simul
3139 2849 3261 2888 cum
3292 2835 3429 2904 ipso.

2220 2932 2380 2985 Anno
2427 2929 2640 2999 imperii
2691 2927 2993 2982 Justiniani
3041 2928 3284 2982 secundo
3322 2926 3563 2982 Joannes
3613 2925 3763 2981 Hie--

2151 3025 2612 3095 rosoiymitnnus,
2663 3025 2760 3092 qui
2818 3037 2913 3092 per
2969 3021 3194 3090 triginta
3252 3036 3428 3076 annos
3485 3019 3744 3074 Ecclesia:

2154 3115 2411 3187 praefuit,
2467 3115 2704 3168 habetur
2750 3114 2977 3167 antistes
3006 3129 3032 3178 ;
3071 3113 3375 3181 eodemque
3419 3127 3565 3165 anno
3599 3109 3762 3164 Vlia--

465 3199 537 3255 ad
592 3215 805 3272 portam
849 3204 1062 3262 Charsii
1104 3217 1160 3265 et
1211 3225 1388 3279 usque
1442 3211 1793 3267 Blachernas.
1856 3213 1919 3267 Et
1950 3229 2044 3282 per
2071 3217 2114 3274 ο
2147 3211 2222 3265 lid
2268 3210 2531 3281 surripuit
2574 3208 2862 3263 ecclesiam
2908 3209 3232 3262 catholicam
3277 3209 3524 3263 Damasci
3570 3208 3762 3264 livore-

465 3302 583 3348 tres
621 3297 741 3354 dies
781 3299 1125 3369 aiioquentes
1163 3317 1259 3357 eos
1292 3303 1386 3372 qui
1427 3312 1586 3358 erant
1629 3304 1684 3358 iu
1737 3305 1892 3367 urbe,
1929 3320 2060 3360 con-

465 3387 629 3444 viciis
657 3390 1166 3449 dehonestabantur
1211 3395 1279 3449 ab
1321 3396 1454 3460 illis,
1502 3398 1596 3466 qui
1637 3412 1827 3452 eorum
1860 3398 2055 3452 saltem

465 3495 570 3535 nec
609 3483 834 3538 verbum
867 3486 1253 3541 admittebant.
1283 3486 1352 3541 At
1379 3503 1512 3542 vero
1543 3486 1899 3545 Justinianus
1928 3505 2053 3545 cum

464 3570 660 3639 paucis
716 3575 1155 3638 contribulibus,
1214 3576 1357 3630 bello
1407 3587 1670 3646 excepto,
1725 3593 1822 3647 per
1870 3593 2056 3648 aquae-

466 3663 695 3719 ductum
740 3669 1027 3732 ingressus
1065 3677 1120 3725 et
1161 3671 1454 3724 tumultum
1501 3672 1752 3726 excitans
1798 3670 2062 3727 fodiendo

465 3759 659 3814 urbem
689 3761 951 3824 obtinuit,
988 3771 1044 3816 et
1079 3770 1206 3832 post
1251 3763 1535 3833 paululum
1589 3765 1947 3821 tabernacula
1999 3765 2054 3818 in

464 3852 669 3922 palatio
693 3851 1122 3909 Blachernarum
1155 3855 1409 3912 tetendit.

538 3943 773 4015 imperat
817 3946 1003 4016 itaque
1045 3947 1226 4003 denuo
1268 3935 1531 4003 Romanis
1572 3948 1922 4006 Justinianus
1960 3967 2057 4006 an—

468 4037 560 4092 nis
607 4054 699 4093 sex
732 4054 749 4093 :
784 4039 1031 4094 Arabum
1084 4055 1216 4095 vero
1256 4041 1514 4112 princeps
1571 4041 1813 4096 efﬁcitur
1860 4042 2056 4099 Vhalid

469 4127 632 4182 annis
672 4144 887 4183 novem.
916 4129 1568 4201 Constantinopolitanus
1615 4136 1911 4205 episcOpus
1962 4137 2058 4190 ha-

466 4214 625 4271 betur
649 4215 849 4287 Cyrus,
893 4219 988 4287 qui
1031 4233 1124 4274 sex
1177 4220 1434 4290 praesedit
1470 4222 1631 4277 annis
1677 4220 1953 4292 Ecclesiae;
1990 4223 2058 4279 de

465 4321 577 4376 quo
604 4307 822 4363 dicetur
851 4308 1107 4366 inferius.

539 4400 711 4470 Igitur
743 4415 890 4456 anno
923 4403 1137 4471 imperii
1189 4405 1272 4458 sui
1324 4405 1504 4475 primo
1539 4406 1706 4473 idem,
1750 4425 1859 4479 quo
1891 4411 2060 4480 impe-

469 4494 610 4550 rium
632 4510 792 4550 suum
823 4496 1030 4566 recepit
1058 4495 1432 4562 Justinianus,
1458 4505 1631 4552 umlta
1651 4501 1792 4555 dona
1821 4500 2055 4557 Terbelli

2158 3305 2422 3377 pestifero
2453 3304 2510 3356 in
2543 3301 2890 3356 Christianos
2923 3299 3132 3366 habito,
3167 3300 3484 3355 stimulatus
3518 3307 3748 3368 promer-

2159 3396 2494 3452 eminentem
2532 3393 2670 3446 tanti
2718 3390 3163 3461 puchritudinem
3207 3391 3416 3461 templi,
3455 3398 3509 3445 et
3552 3390 3750 3458 prohi-

2158 3488 2279 3542 buit
2340 3485 2504 3541 scribi
2567 3483 2755 3538 Graece
2818 3483 3067 3552 pnhlicos
3135 3482 3420 3551 iogothesii
3475 3481 3735 3543 codices,

2158 3581 2262 3636 sed
2310 3580 2364 3634 in
2413 3578 2668 3633 Arabicis
2709 3575 2964 3629 annotari
3000 3575 3120 3629 sine
3164 3581 3444 3642 computo,
3477 3574 3754 3644 quoniam;

2160 3672 2502 3745 impossibile
2545 3680 2630 3725 est
2672 3669 2893 3724 illorum
2938 3669 3121 3739 lingua
3167 3666 3454 3722 monadem
3486 3667 3567 3720 vel
3600 3667 3741 3720 dua-

2158 3766 2364 3819 litatem
2401 3773 2493 3818 aut
2525 3762 2824 3816 trinitatem
2854 3766 2943 3812 aut
2969 3768 3093 3812 octo
3115 3766 3169 3811 et
3199 3758 3484 3812 dimidium
3517 3767 3609 3810 aut
3639 3757 3739 3811 tria

2158 3857 2351 3922 scribi,
2385 3862 2610 3926 propter
2645 3852 2792 3922 quod
2827 3860 2881 3907 et
2915 3865 3091 3924 usque
3123 3850 3284 3904 hodie
3325 3861 3456 3905 sunt
3488 3864 3613 3904 cum
3657 3849 3744 3904 eis

2159 3950 2355 4007 notarii
2387 3947 2707 4004 Christiani.

2232 4041 2416 4096 Mundi
2437 4055 2581 4094 anno
2599 4035 2763 4102 6200,
2787 4036 2988 4092 divina:
3012 4033 3416 4090 incarnationis
3445 4049 3588 4088 anno
3612 4033 3736 4098 700,

2161 4150 2307 4189 anno
2351 4132 2563 4203 imperii
2615 4130 2704 4186 sui
2760 4129 2924 4185 tertio
2971 4127 3316 4183 Justinianus
3362 4141 3548 4196 pacem
3599 4128 3742 4180 inter

2161 4228 2439 4282 Romanos
2465 4232 2517 4278 et
2551 4222 2819 4294 Vulgares
2850 4222 3069 4285 evertit,
3101 4226 3156 4274 ct
3183 4226 3467 4288 equestres
3509 4217 3739 4272 militias

2160 4324 2216 4377 in
2268 4321 2534 4374 Thracem
2567 4317 2804 4372 transire
2845 4314 3053 4370 faciens
3093 4313 3367 4368 classibus
3406 4312 3757 4367 constructis.

2160 4424 2357 4469 contra
2412 4411 2679 4482 Vulgares
2737 4419 2792 4464 et
2857 4407 3134 4463 Terbelii'n
3197 4404 3530 4476 properavit.
3599 4404 3738 4458 Cum

2162 4516 2342 4562 autem
2387 4505 2630 4560 venisset
2681 4502 2746 4557 ad
2795 4502 3006 4571 ripam,
3039 4500 3315 4569 navigium
3353 4500 3574 4568 quidem
3615 4507 3744 4554 ante

464 4587 741 4651 tribuens,
787 4588 951 4643 simul
1004 4595 1058 4642 ct
1103 4591 1305 4659 regalia
1362 4605 1518 4654 vasa,
1567 4590 1778 4647 dimisit
1823 4611 1948 4648 eum
1999 4595 2051 4649 in
2089 4569 2130 4621 υ
2161 4611 2403 4669 ρθειτιωι
2456 4597 2737 4667 applicare
2770 4569 2930 4658 fecit,
2962 4593 3176 4659 equites
3214 4606 3344 4647 vero
3387 4593 3442 4646 in
3489 4591 3740 4660 superie-

466 4696 620 4750 pace.
679 4680 950 4736 Caeterum
987 4681 1313 4737 Absimarus
1352 4684 1485 4738 urbe
1525 4685 1710 4738 relicta
1740 4687 2052 4756 Apollonia-

461 4773 587 4828 dem
625 4772 849 4844 fugiens
878 4775 994 4830 adit
1026 4792 1039 4829 :
1088 4775 1487 4830 insecutionem
1533 4784 1715 4832 tamen
1757 4794 2050 4849 perpessus

463 4866 893 4935 apprehenditur
931 4874 988 4922 et
1019 4867 1086 4922 ad
1125 4865 1496 4922 Iustinianum
1546 4868 1856 4924 deducitur.
1886 4869 2060 4928 Porro

463 4957 754 5017 iieraclius
783 4976 808 5014 a
837 4959 1053 5016 Thrace
1087 4964 1303 5017 vinctus
1337 4961 1609 5038 adductus
1648 4970 1734 5018 est
1774 4978 1898 5019 cum
1931 4981 2052 5019 om-

464 5055 629 5109 nibus
666 5052 761 5122 qui
795 5055 846 5108 ei
876 5053 1326 5123 opitulabantur;
1369 5069 1513 5123 quos
1551 5054 1625 5114 in,
1652 5071 1809 5110 muro
1855 5072 2047 5114 omnes

464 5144 767 5217 suspendio
797 5143 1092 5200 interiecit.
1111 5144 1245 5200 Cum
1272 5154 1451 5200 autem
1479 5156 1533 5198 et
1559 5145 1626 5200 ad
1652 5146 2042 5204 Mediterranea

465 5240 822 5302 destinasset,
867 5239 1139 5308 plurimos
1168 5253 1237 5294 ex
1262 5239 1344 5294 eis
1385 5237 1659 5302 inventos,
1693 5249 1801 5294 tam
1829 5251 2045 5298 actores

461 5349 630 5405 quam
660 5334 926 5405 privatos,
969 5333 1224 5388 similiter
1261 5332 1559 5388 interemit.
1597 5333 1770 5388 Porro
1796 5335 2051 5390 Absima-

456 5444 589 5486 sum
642 5438 808 5498 atque
857 5425 1144 5481 Leontium
1192 5427 1412 5481 vinctos
1469 5425 1684 5482 catenis
1733 5443 1830 5496 per
1881 5434 2050 5482 totam

468 5519 659 5576 urbem
722 5519 940 5591 pompis
993 5518 1123 5574 fecit
1157 5519 1556 5576 dehonestari.
1615 5518 1869 5590 Cumque
1943 5521 2056 5576 ludi

464 5621 756 5686 equestres
809 5623 1106 5686 agerentur
1157 5616 1383 5684 ipseque
1450 5615 1504 5668 in
1567 5613 1706 5668 solio
1757 5613 2046 5679 resideret,

465 5703 619 5764 ducti
649 5718 780 5766 sunt
809 5709 1028 5779 publice
1053 5709 1214 5765 tracti
1245 5719 1298 5763 ct
1324 5705 1551 5778 projecti
1591 5706 1747 5778 proni
1784 5707 1852 5761 ad
1883 5708 2048 5779 pedes

2160 4693 2312 4747 ribus
2375 4691 2588 4760 campis
2641 4689 2761 4744 sine
2819 4688 3070 4743 custodia
3121 4694 3176 4740 et
3227 4686 3376 4739 omni
3428 4685 3743 4754 suspicione

2158 4793 2339 4840 castra
2388 4783 2592 4838 metari,
2634 4781 2909 4852 pra’cepit.
2955 4778 3164 4850 Populo
3211 4790 3391 4834 autem
3431 4780 3570 4854 sicut
3624 4777 3746 4831 ovi-

2159 4879 2259 4932 bus
2307 4893 2402 4947 per
2453 4890 2678 4943 campos
2732 4874 2798 4928 ad
2861 4870 3149 4943 legendum
3215 4870 3400 4925 fenum
3454 4871 3742 4940 disperso,

2154 4972 2414 5026 viderunt
2462 4970 2842 5038 exploratores
2888 4963 3400 5036 Vulgaritevanam
3459 4962 3744 5031 Romano-

2156 5080 2275 5118 rum
2316 5063 2776 5134 dispositionem,
2813 5067 2866 5114 et
2913 5059 3225 5114 coacervati
3272 5066 3333 5113 ut
3379 5057 3519 5113 ferte
3554 5057 3742 5114 subito

2145 5161 2469 5220 inruerunt,
2517 5166 2568 5209 et
2609 5155 2961 5208 vehementer
3003 5159 3469 5221 cosumpserunt
3517 5149 3743 5204 Romai-

2150 5267 2274 5307 cum
2307 5251 2470 5314 ovile,
2502 5247 2727 5303 multam
2761 5245 3020 5316 praedam,
3055 5241 3111 5298 et
3146 5258 3319 5313 equos
3350 5251 3404 5297 et
3435 5258 3610 5307 artua,
3640 5255 3743 5296 ex‘

2149 5343 2323 5411 ceptis
2358 5341 2445 5395 his
2489 5339 2587 5409 qui
2632 5337 2896 5408 perempti
2952 5343 3112 5401 sunt,
3157 5334 3514 5402 accipientes.
3565 5332 3740 5387 Porro

2151 5433 2502 5490 Justinianus
2531 5447 2654 5486 cum
2689 5431 2755 5484 ad
2791 5437 3032 5484 castrum
3087 5429 3318 5499 fugisset
3353 5443 3478 5482 cum
3527 5427 3610 5480 his
3641 5427 3738 5496 qui

2153 5506 2472 5589 evaserant,
2509 5540 2602 5594 per
2625 5531 2738 5578 tres
2768 5520 2888 5575 dies
2921 5529 3104 5591 portas
3141 5518 3342 5572 clausit
3363 5527 3418 5572 et
3455 5518 3744 5571 obseratas

2159 5618 2370 5683 tenuit,
2423 5616 2721 5682 vidensque
2749 5611 3048 5682 Vulgarum
3088 5609 3573 5681 perseverantiam,
3626 5609 3743 5677 ipse

2157 5709 2365 5779 primus
2403 5705 2530 5777 equi
2566 5705 2651 5759 sui
2698 5716 2894 5757 nervos
2929 5699 3179 5755 incidens
3213 5713 3406 5754 omnes
3451 5695 3504 5754 id
3559 5697 3740 5769 ipsum

1979 5791 2222 5855 NOTAE.

542 5904 658 5980 (75)
711 5907 917 5974 Bravii,
965 5906 1139 5979 βαῖου.
1189 5904 1444 5963 Fortasse
1474 5903 1681 5976 legerat
1726 5900 2051 5958 Anastasius

2154 5897 2368 5953 ναϐείον.
2394 5898 2488 5954 Est
2518 5904 2699 5952 autem
2730 5892 2980 5965 βραϐεῖον
3008 5889 3210 5962 palma.
