4070 6304
369 368 507 432 1345

1198 368 1572 432 HISTORIA
1615 365 2193 430 EGCLESIASTICA
2214 368 2317 427 EX
2352 363 2835 449 ΞῊΕΟΡΗΑΝΕ.

3515 362 3654 432 1316

370 482 556 538 facere
602 482 789 552 jussit.
851 483 1034 539 Armis
1105 492 1284 539 autem
1349 483 1560 539 bellicis
1627 486 1790 554 supra
1849 497 1969 535 mu-
2001 487 2047 544 Α
2075 481 2270 535 horum
2317 479 2558 536 brachiis
2590 479 2789 534 vinetis
2823 477 2888 533 ad
2921 476 3035 532 lora
3067 457 3230 534 navis
3252 479 3570 548 alligantes,
3600 488 3654 535 et

369 591 490 629 rum
547 577 778 646 positis,
858 584 1022 630 noctu
1085 576 1146 630 in
1223 578 1456 647 scaphas
1527 577 1833 632 ascendens
1883 576 1964 629 la-

369 678 549 731 tenter
608 668 950 734 enavigavit,
1014 675 1068 722 et
1121 683 1247 722 cum
1292 667 1632 722 confusione
1685 666 1834 722 venit
1893 665 1960 720 ad

369 760 586 812 urbem.

436 851 597 904 Anno
638 850 853 920 imperii
884 847 1184 904 Justiniani
1236 857 1433 919 quarto
1459 848 1758 903 exercitum
1793 845 1962 901 movit

366 941 663 997 Masalmas
734 943 1000 996 adversus
1059 953 1354 1013 tyrannum
1423 951 1648 1010 propter
1704 941 1960 1010 indigna-

359 1036 572 1100 tionem
625 1035 900 1086 exercitus
950 1046 1057 1084 una
1099 1047 1224 1084 cum
1288 1030 1545 1084 Ma-uliina
1604 1044 1702 1101 per
1755 1029 1960 1084 Mauri-

363 1125 591 1179 nianum
641 1125 860 1190 occisi;
911 1132 964 1178 et
1017 1123 1158 1177 hanc
1219 1122 1534 1179 obsidentes
1577 1123 1961 1178 biemaveru-nt

364 1220 597 1274 ibidem.
669 1218 749 1275 Ad
819 1231 962 1287 quos
1006 1209 1202 1270 'mittit
1263 1215 1564 1285 imperator
1619 1215 1762 1271 duos
1820 1231 1960 1284 prae-

365 1325 555 1375 tores,
615 1311 965 1365 Theodorum
1031 1306 1389 1362 Car-terucam
1440 1315 1496 1361 et
1534 1307 1955 1377 Theophilatnm

356 1405 626 1469 Saliban,
683 1419 808 1458 cum
853 1401 1099 1457 exercitu
1153 1408 1207 1455 et
1267 1400 1473 1470 agresti
1537 1401 1738 1470 pOpulo
1786 1399 1958 1455 rusti-

362 1517 487 1557 eam
563 1514 787 1569 operam
855 1496 1054 1552 daturo
1127 1492 1195 1546 ad
1266 1492 1655 1547 debellandum
1725 1507 1822 1548 eos
1902 1499 1958 1546 et

352 1592 793 1662 insequendum.
851 1588 959 1656 Ipsi
1006 1601 1137 1640 vero
1185 1583 1252 1639 ad
1304 1585 1716 1638 contentionem
1767 1583 1822 1635 in
1877 1581 1957 1634 al-

347 1697 636 1741 terutrum
668 1682 967 1744 venientes,
1009 1690 1062 1733 et
1093 1676 1404 1731 inordinate
1434 1677 1487 1728 in
1521 1691 1617 1730 eos
1642 1673 1954 1746 congressi,

360 1785 674 1838 vertuntur,
739 1781 792 1826 et
847 1771 1014 1823 multa
1048 1769 1214 1823 millia
1279 1767 1586 1838 perierunt,
1645 1776 1699 1821 ct
1756 1765 1953 1834 captivi

347 1868 518 1922 -multi
571 1868 719 1919 ducti
772 1870 921 1918 sunt.
974 1863 1040 1914 At
1099 1861 1174 1915 illi
1227 1860 1450 1914 sarcina
1499 1874 1689 1914 eorum
1722 1865 1778 1914 et
1810 1859 1952 1914 escis

344 1958 604 2028 abreptis
666 1956 1040 2019 obsederunt,
1108 1966 1401 2022 quousque
1456 1950 1735 2005 civitatem
1792 1963 1952 2017 cepe-

349 2058 494 2104 runt
560 2066 576 2102 :
631 2049 946 2104 deiecerant
999 2047 1146 2101 enim
1203 2045 1313 2100 illis
1370 2059 1534 2107 escae,
1595 2057 1660 2097 ac
1712 2057 1806 2111 per
1847 2041 1951 2095 hoc

361 2142 635 2197 recesseri
682 2149 861 2196 erant.
933 2138 1106 2194 Porro
1168 2137 1267 2192 viri
1332 2134 1650 2207 Tyanenses
1696 2134 1784 2189 bis
1817 2133 1950 2188 visis

344 2232 638 2302 desperati
680 2240 1013 2303 acceperunt
1041 2230 1268 2286 verbum
1301 2227 1679 2283 indemnitatis
1715 2239 1848 2290 suae,
1897 2231 1952 2278 et

341 2328 613 2380 exierunt
663 2325 740 2379 ad
807 2340 934 2388 eos,
1003 2331 1058 2379 et
1119 2321 1384 2377 derelicta
1455 2331 1540 2375 est
1601 2319 1800 2373 civitas
1855 2317 1951 2372 de-

356 2426 508 2473 serta
577 2431 752 2488 usque
822 2417 875 2470 in
950 2427 1275 2486 praesentem
1341 2413 1509 2468 diem.
1583 2411 1786 2466 Verum
1869 2408 1948 2464 illi

357 2523 471 2563 non
518 2519 803 2563 servantes
852 2506 1079 2560 verbum
1149 2505 1250 2560 hos
1314 2502 1369 2557 in
1436 2517 1681 2557 eremum
1731 2499 1950 2555 exsules

341 2601 828 2664 “transmiserunt,
893 2611 951 2657 et
1020 2592 1226 2653 multos
1290 2613 1357 2652 ex
1417 2597 1503 2652 bis
1564 2610 1756 2652 servos
1809 2593 1949 2650 reti-

343 2701 619 2747 nuerunt.

429 2783 617 2839 Mundi
670 2799 816 2838 anno
857 2782 1040 2848 6202,
1097 2782 1296 2837 divina:
1350 2779 1749 2836 incarnationis
1800 2793 1949 2831 almo

341 2877 496 2944 τμη,
545 2893 691 2933 anno
741 2893 870 2932 vero
916 2876 1128 2948 imper-ii
1180 2874 1478 2931 Iustiniani
1535 2875 1732 2944 quinto
1776 2872 1950 2926 movit

343 2971 660 3027 exercitum
701 2970 850 3027 Abas
890 2980 1085 3024 contra
1131 2969 1494 3032 Romaniam,
1544 2977 1600 3023 et
1650 2967 1840 3021 multis
1891 2967 1946 3020 in

352 3067 728 3137 captivitatem
760 3065 944 3120 ductis
985 3062 1168 3128 rediit,
1196 3070 1253 3117 et
1288 3063 1456 3134 cmpit
1486 3061 1761 3117 aediﬁcare
1786 3057 1947 3114 Garis

353 3159 412 3216 in
450 3159 671 3229 regione
695 3159 988 3228 Ettpoleos.

413 3251 585 3306 .Anno
627 3251 844 3320 imperii
878 3247 1180 3307 Justiniani
1223 3255 1379 3306 sexto
1417 3244 1588 3301 movit
1637 3244 1940 3300 exercitum

353 3340 596 3398 Utliman
643 3349 835 3395 contra
885 3339 1175 3408 Ciliciam,
1228 3350 1285 3396 et
1329 3341 1503 3394 multa
1544 3347 1728 3392 castra
1774 3337 1943 3392 verbo

353 3433 587 3503 accepit.
624 3431 906 3488 Proditum
947 3443 1131 3488 autent
1162 3439 1248 3488 est
1280 3431 1329 3487 ei
1364 3439 1419 3486 et
1447 3429 1784 3486 Camaclium
1813 3443 1941 3485 cum

353 3526 739 3596 adiacentibus
783 3524 890 3582 sibi
936 3525 1102 3582 locis.
1152 3525 1366 3580 interea
1410 3521 1760 3595 Justinianus
1801 3520 1943 3576 stolo

349 3620 578 3688 copioso
603 3626 817 3672 armato
844 3617 1091 3672 Maurum
1117 3615 1408 3687 patricium
1435 3613 1942 3669 misithersonem

354 3727 464 3766 una
498 3726 623 3765 cum
671 3711 952 3780 Stephano
995 3708 1227 3780 patricio
1271 3715 1638 3779 cognomento
1670 3705 1940 3770 Asmicto,

303 3827 308 3834 ·
349 3802 622 3857 malorum
677 3801 940 3855 memoria
993 3813 1298 3856 succensus
1366 3796 1802 3866 insidiarumque
1853 3808 1943 3849 re-

350 3894 615 3951 cordatus
663 3885 854 3948 contra
903 3908 961 3948 se
1008 3905 1039 3945 a
1077 3887 1602 3947 Cbersonitensibus
1650 3897 1706 3942 et
1747 3905 1778 3941 a
1829 3887 1938 3940 Bo-

353 3986 850 4060 sphorianensibus
878 4001 944 4041 ac
973 3984 1200 4056 reliquis
1239 3984 1558 4040 climatibus
1596 3981 1940 4046 eﬂectarum,

352 4097 546 4137 omnes
589 4096 758 4136 naves
782 4121 798 4147 ,
838 4081 1136 4136 dromones
1173 4078 1454 4142 videlicet,
1498 4080 1696 4132 trieres
1726 4083 1780 4131 et
1819 4091 1944 4132 sca-

350 4177 524 4248 phas,
578 4176 856 4229 chimeras
912 4189 976 4228 ac
1036 4175 1226 4228 lintres
1274 4187 1449 4243 usque
1502 4171 1570 4225 ad
1617 4170 1938 4236 chelandia,

351 4284 450 4339 per
503 4267 851 4321 collationem
908 4266 976 4319 ab
1031 4279 1363 4336 unoquoque
1420 4264 1788 4319 habitantium
1843 4279 1944 4322 ,ur-

351 4366 514 4426 bern,
565 4372 884 4416 senatorum
947 4359 1162 4414 scilicet
1223 4365 1278 4413 et
1324 4357 1825 4428 ergasteriacorum
1885 4362 1942 4411 et

351 4457 687 4527 plebeiorum
711 4469 775 4508 ac
805 4454 986 4508 omnis
1010 4452 1196 4515 cilicii,
1237 4452 1484 4522 collegit.
1512 4449 1724 4518 Quibus
1753 4450 1945 4505 missis

2066 573 2346 645 lapidibus
2373 575 2515 628 hanc
2550 571 2862 641 implentes,
2896 569 2949 623 in
2984 570 3317 640 profundum
3359 571 3649 627 miserunt.

2063 666 2160 722 His
2199 673 2383 721 autem
2412 664 2759 719 Justinianns
2787 661 3107 732 compertis,
3155 677 3252 731 pro
3295 663 3473 737 salute
3517 654 3654 734 pue-

2063 775 2248 814 rorum
2291 760 2544 822 saeviens,
2581 756 2750 826 jussit
2785 770 2880 810 eos
2911 754 2978 809 ad
3017 770 3078 811 se
3122 756 3452 824 quantocius
3492 756 3657 810 adve-

2063 853 2200 906 nire.
2256 851 2390 906 Cum
2430 860 2621 904 autem
2677 849 2856 903 stolns
2913 863 3100 902 mense
3159 830 3423 902 Oe-tobri‘o
3470 862 3652 902 mouzs

2052 959 2115 1002 et
2171 947 2224 999 in
2281 945 2471 1014 pelago
2526 955 2943 1014 praeoccupatus
2996 947 3144 996 esset
3211 941 3264 994 in
3329 941 3465 996 astri
3525 951 3652 996 ortu

2056 1038 2206 1110 quod
2257 1037 2457 1091 Artura
2509 1035 2744 1101 dicitur,
2803 1049 2944 1104 pene
3003 1042 3152 1090 totus
3202 1031 3492 1089 demersus
3541 1043 3646 1089 est.

2061 1131 2206 1186 Sane
2246 1138 2540 1184 numerata
2582 1137 2712 1184 sunt
2742 1143 2935 1183 eorum
2969 1127 3061 1196 qtti
3092 1125 3391 1197 naufragio
3436 1127 3651 1196 periere

2060 1223 2232 1277 millia
2287 1222 2637 1292 septuaginta
2686 1221 2814 1275 tria.
2872 1221 2942 1274 At
3003 1234 3132 1274 vero
3161 1217 3512 1274 Justinianus
3563 1218 3651 1273 his

2058 1315 2262 1386 agnitis
2305 1330 2416 1369 non
2464 1321 2549 1369 est
2600 1314 2883 1378 tristatus,
2918 1311 3049 1382 quin
3093 1312 3274 1381 potius
3315 1311 3516 1380 gaudio
3561 1325 3652 1365 re-

2053 1408 2257 1476 pletus.
2304 1406 2370 1460 Et
2396 1405 2712 1475 huiusmodi
2766 1405 2946 1459 adhuc
2987 1405 3228 1460 vesaniae
3270 1402 3654 1469 dedituspcla-

2057 1517 2210 1556 more
2254 1515 2452 1571 magno
2482 1499 2747 1553 minitans
2783 1500 2978 1553 iterum
3007 1499 3176 1551 alium
3219 1502 3420 1553 stolum
3456 1497 3647 1561 mittit,

2056 1602 2109 1646 et
2170 1594 2315 1647 arari
2385 1603 2549 1662 atque
2599 1593 2674 1646 ad
2737 1588 3113 1661 pavimentum
3165 1590 3649 1658 illidi.,universos

2057 1703 2230 1758 usque
2249 1688 2318 1741 ad
2349 1687 2685 1755 mingentem
2723 1685 2791 1740 ad
2826 1686 3088 1755 parietem
3113 1684 3303 1754 jussit.
3336 1683 3647 1740 Audier'unt

2056 1780 2172 1834 hmc
2204 1780 2296 1848 qui
2329 1790 2487 1834 erant
2527 1795 2592 1834 ex
2637 1779 2836 1833 castris
2879 1777 3009 1844 illis,
3046 1785 3101 1831 et
3141 1792 3265 1832 sese
3303 1777 3660 1843 munierunt;

2055 1875 2344 1942 coactique
2387 1882 2583 1925 contra
2621 1872 3008 1940 imperatorem
3047 1884 3240 1938 sapere
3275 1867 3548 1924 miserunt
3575 1869 3645 1924 ad

2053 1965 2362 2035 chaganum
2421 1963 2473 2018 in
2529 1962 2884 2027 Chazariam,
2949 1968 3197 2030 petentes
3259 1962 3534 2031 populum
3576 1963 3666 2017 ad-

2050 2056 2360 2113 custodiam
2403 2055 2512 2110 sui.
2553 2052 2757 2110 Verum
2808 2053 2953 2108 inter
2999 2052 3115 2108 ba‘c
3163 2052 3396 2122 erigitur
3441 2061 3496 2108 et
3535 2050 3647 2107 lle-

2051 2150 2152 2205 iias
2195 2148 2515 2220 spatharius
2562 2158 2615 2201 et
2657 2145 2934 2200 Bardanes
2976 2145 3158 2208 exsul,
3224 2145 3318 2215 qui
3357 2152 3495 2200 tunc
3520 2143 3645 2201 fue-

2053 2253 2137 2298 rat
2184 2258 2214 2297 a
2264 2241 2613 2312 Cephallenia
2670 2253 2958 2294 revocatus
3009 2246 3239 2305 eratque
3291 2252 3414 2292 cum
3461 2237 3654 2291 classe

2051 2338 2196 2406 apud
2263 2333 2622 2389 Cliersonem.
2676 2330 2851 2385 Porro
2910 2331 3213 2398 imperator
3266 2328 3352 2384 his
3405 2329 3642 2400 cognitis

2051 2429 2203 2483 misit
2257 2441 2382 2481 cum
2446 2423 2635 2494 paucis
2696 2422 3060 2479 dromonibus
3115 2419 3408 2491 Georgium
3468 2421 3642 2490 patri-

2051 2520 2196 2573 cium
2221 2527 2586 2586 cognomento
2609 2511 2836 2584 Syrum,
2856 2523 2915 2567 et
2941 2512 3252 2584 generalem
3281 2511 3643 2583 logothetam,

2048 2618 2102 2664 et
2131 2607 2397 2663 Joannem
2445 2606 2782 2675 praefectum,
2827 2612 2995 2674 atque
3025 2601 3490 2674 Cbristophornm
3524 2613 3647 2661 tur-

2051 2700 2312 2754 marchen
2368 2698 2766 2752 Tln-acensium
2815 2711 2944 2751 cum
3001 2703 3310 2753 tercentum
3371 2698 3665 2765 armatis,-

2050 2794 2275 2848 tradens
2315 2792 2398 2846 eis
2445 2789 2743 2845 Tudunum
2793 2804 2858 2844 ac
2900 2773 3207 2861 Zohelum,
3253 2790 3346 2861 qui
3379 2771 3645 2848 deberent

2049 2881 2318 2939 Chersoni
2359 2880 2604 2946 restitui,
2647 2879 2953 2935 secundum
2995 2879 3145 2952 quod
3189 2889 3350 2935 antea
3395 2867 3666 2952 fuerant,

2049 2976 2119 3031 ad
2172 2975 2439 3029 rationem
2492 2971 2828 3028 reddendam
2877 2972 3128 3042 cbagano
3184 2987 3282 3043 per
3333 2973 3640 3043 apocrisia-

2049 3071 2229 3133 rium,
2281 3065 2678 3136 ducendosque
2726 3064 2794 3120 ad
2842 3079 2904 3120 se
2955 3063 3164 3119 Heliam
3221 3074 3387 3136 atque
3434 3063 3644 3121 Barda-

1972 3182 2015 3238 ο
2049 3164 2224 3217 nium.
2269 3158 2484 3226 Quibus
2528 3157 3003 3213 transmeantibus
3042 3158 3099 3213 iu
3146 3157 3506 3228 Chersonem,
3552 3160 3642 3216 his

2042 3255 2385 3312 Cbersonita:
2446 3253 2713 3307 rationem
2771 3250 3000 3307 reddere
3044 3249 3326 3320 dedignati
3373 3262 3524 3308 sunt.
3581 3251 3640 3309 in

2043 3347 2350 3403 crastinum
2393 3359 2524 3400 vero
2565 3344 2716 3400 solos
2757 3343 2863 3399 bos
2902 3344 3054 3400 cives
3098 3344 3310 3416 ingredi
3358 3345 3639 3401 exhortati

2044 3448 2233 3511 portas
2292 3437 2649 3501 clauserunt,
2710 3443 2765 3491 et
2829 3436 3148 3512 generalem,
3203 3437 3424 3507 quidem
3485 3439 3643 3512 logo-

2043 3533 2256 3587 thetam
2325 3545 2435 3584 una
2481 3545 2609 3584 cum
2674 3527 2935 3600 praefecto
3001 3529 3182 3600 gladio
3255 3529 3659 3600 trucidarunt,

2043 3623 2338 3680 Tudunum
2366 3638 2496 3678 vero
2517 3635 2642 3676 cum
2675 3620 2885 3676 "Zohelo
2907 3629 2962 3676 et
2994 3621 3109 3690 jam
3141 3621 3292 3676 dicto
3321 3621 3639 3680 turmarcha

2045 3732 2155 3773 una
2207 3731 2332 3771 cum
2379 3714 2643 3770 trecentis
2681 3711 2950 3768 militibus
2996 3711 3264 3768 Chazaris
3298 3713 3652 3770 tradiderunt»

2043 3816 2100 3864 et
2145 3805 2215 3863 ad
2251 3806 2561 3877 chagauum
2605 3804 2825 3860 mittere
2870 3813 3226 3862 curaverunt.
3272 3804 3508 3861 Tuduno
3537 3822 3647 3862 att-

2044 3907 2154 3955 tem
2195 3901 2251 3954 in
2295 3900 2490 3954 itinere
2537 3905 2779 3963 mortuo,
2833 3897 3066 3952 Chazari
3120 3899 3175 3952 in
3225 3899 3634 3969 susceptionem

2040 4007 2166 4048 eum
2189 3990 2511 4048 occiderunt
2538 3989 2880 4044 turmachem
2916 4004 3024 4043 una
3057 4005 3182 4046 cum
3208 3989 3314 4046 500
3346 3991 3634 4049 militibus.

2043 4083 2200 4139 Tunc
2259 4083 2316 4140 hi
2359 4082 2455 4154 qui
2501 4083 2799 4138 Chersonis
2849 4091 3014 4139 erant
3064 4091 3500 4156 caeterorumque
3543 4101 3638 4142 ca-

2045 4185 2314 4242 strorum,
2364 4172 2679 4231 Iustiniano
2709 4174 2929 4245 quidem
2964 4177 3108 4230 mala
3157 4176 3444 4248 imprecati
3480 4187 3633 4248 sunt,

2042 4269 2375 4323 Bardaninm
2433 4283 2565 4323 vero
2629 4266 3027 4337 Philippicum,
3097 4270 3193 4340 qui
3266 4269 3385 4326 illic
3455 4270 3635 4328 fuerat

2040 4363 2238 4417 exsilio
2289 4361 2582 4430 relegatus,
2628 4360 2791 4414 etiam
2837 4367 2894 4412 ut
2939 4357 3330 4428 imperatorem
3376 4360 3633 4418 laudibus

2043 4456 2382 4509 extulerunt.
2435 4452 2529 4508 llis
2570 4452 2868 4522 compertis
2907 4449 3288 4516 Justinianus,
3327 4461 3384 4508 et
3422 4467 3635 4524 peram-

350 4549 611 4620 pra~cepit
654 4562 846 4601 omnes
891 4546 1201 4601 habitantes
1248 4544 1302 4599 in
1351 4546 1549 4600 castris
1601 4545 1710 4600 illis
1754 4543 1936 4614 gladio
1970 4534 2014 4591 Β
2044 4547 2188 4617 plius
2245 4545 2558 4606 insaniens,
2609 4543 2750 4599 ﬁlios
2781 4543 3000 4613 quidem
3056 4541 3222 4599 Heliae
3266 4545 3534 4614 spatllarii
3573 4546 3632 4603 in

348 4640 661 4697 interﬁcere
703 4650 757 4696 et
802 4640 1076 4694 neminem
1126 4638 1436 4702 vivilicare,
1497 4637 1720 4692 tradens
1756 4637 1840 4692 eis
1877 4644 1929 4692 et

347 4735 561 4790 lleliant
620 4735 988 4804 spatbariutn,‘
1033 4735 1124 4805 qui
1180 4733 1406 4789 deberet
1459 4733 1718 4802 princeps
1755 4729 1932 4786 Cher-

345 4827 500 4881 sonis
570 4827 854 4880 constitui.
924 4824 1030 4891 Qui
1103 4824 1441 4880 Chersonem
1511 4823 1928 4894 pervenientes,

345 4917 567 4972 nemine
614 4916 718 4973 sibi
754 4917 1068 4984 resistente,
1111 4902 1294 4970 castra
1333 4925 1596 4986 ceperunt
1640 4925 1697 4969 et
1738 4929 1932 4969 omnes

344 5009 526 5082 gladio
579 5009 1018 5076 interfecerunt,
1070 5009 1318 5080 exceptis
1363 5008 1699 5073 infantibus,
1745 5013 1933 5077 utpote

346 5102 592 5174 parvulis
637 5103 724 5157 bis
772 5110 1062 5173 parcentes
1118 5111 1171 5156 et
1222 5102 1325 5157 sibi
1379 5101 1480 5156 hos
1531 5101 1586 5155 in
1641 5100 1928 5155 servitium

347 5208 715 5253 reservantes.
759 5196 1051 5252 Tudunum
1097 5205 1280 5251 autem
1327 5194 1631 5265 principem
1684 5191 1929 5248 Cherso-

345 5291 464 5358 nis,
509 5291 601 5361 qui
636 5299 694 5344 ut
738 5305 806 5344 ex
855 5304 1091 5361 persona
1128 5287 1362 5358 cbagani
1401 5296 1545 5352 erat,
1581 5294 1637 5342 et
1679 5283 1929 5349 Zoelum,

343 5385 437 5454 qui
471 5397 538 5437 cx
586 5381 730 5436 linea
765 5389 822 5437 et
863 5396 1064 5452 genere
1101 5381 1313 5453 primus
1344 5379 1545 5436 civium
1597 5378 1929 5443 habebatur,

344 5489 508 5546 atque
567 5477 704 5530 alios
761 5474 1128 5546 quadraginta
1190 5472 1436 5528 illustres
1496 5487 1594 5528 seu
1656 5472 1930 5541 primores

340 5569 644 5626 Cltersonis
699 5584 807 5623 una
859 5584 984 5622 cum
1036 5566 1241 5622 familia
1278 5569 1542 5637 ipsorum
1598 5566 1814 5620 vinetos
1863 5564 1930 5618 ad

343 5663 731 5731 imperatorem
777 5660 1072 5714 miserunt.
1118 5658 1274 5715 Alios
1307 5673 1440 5713 vero
1469 5663 1678 5727 septem
1712 5672 1777 5712 ex
1818 5656 1931 5726 pri-

340 5754 588 5809 moribus
618 5751 919 5808 Chersonis
961 5753 1018 5807 in
1064 5752 1304 5808 verubus
1345 5751 1538 5822 ligneis
1586 5749 1699 5819 igni
1752 5747 1931 5818 appli-

342 5852 531 5900 cantes
565 5849 926 5911 assavcrunt;
965 5842 1102 5898 alios
1138 5842 1302 5898 etiam
1339 5839 1525 5912 viginti
1559 5846 1682 5910 post
1714 5847 1927 5909 tergum

2041 4637 2233 4692 matris
2302 4639 2426 4691 sinu
2482 4635 2957 4706 peremit,~hanc
3020 4643 3201 4689 autem
3248 4636 3429 4705 coegit
3487 4651 3631 4692 con-

2030 4726 2185 4796 jungi
2216 4727 2442 4796 proprio
2467 4741 2668 4796 coquo,
2704 4724 2797 4796 qui
2826 4733 2945 4778 erat
2977 4713 3178 4794 genere
3208 4722 3397 4780 lndus.
3427 4725 3631 4797 Sicque

2038 4819 2147 4872 alio
2195 4818 2412 4890 navigio
2455 4825 2780 4872 constructo
2824 4815 3072 4870 Maurum
3104 4817 3396 4888 patricium
3432 4817 3627 4874 Besum

2035 4911 2257 4981 dirigit,
2337 4912 2557 4965 traditis
2609 4912 2660 4966 ei
2709 4910 2777 4964 ad
2828 4912 3113 4965 civitatum
3166 4913 3628 4982 expugnationem

2039 5007 2310 5060 machinis
2346 5015 2401 5060 et
2431 5006 2604 5060 ariete
2633 5005 2896 5076 omnique
2940 5004 3008 5059 ad
3053 5005 3202 5060 urbis
3237 5006 3625 5062 exterminium

2035 5098 2425 5162 inStrtnnento,
2457 5097 2728 5152 mandans
2754 5098 2830 5151 illi
2864 5112 3049 5152 muros
3079 5098 3296 5167 quidem
3327 5097 3628 5154 ChersonFS

2034 5205 2363 5260 omnemque
2403 5189 2594 5245 urbem
2645 5190 2712 5244 ad
2760 5197 2962 5244 terram
3001 5199 3368 5259 prosternere,
3418 5191 3625 5246 nullam

2034 5299 2164 5339 vero
2205 5284 2441 5337 animam
2490 5298 2558 5336 ex
2600 5283 2721 5353 ipsa
2760 5282 3060 5346 viviﬁcare,
3110 5281 3472 5354 crebriusque
3501 5299 3625 5353 qua:

2034 5392 2065 5431 a
2121 5391 2183 5430 se
2241 5383 2539 5445 agerentur
2607 5374 3060 5445 suggestionibus
3145 5374 3422 5428 intimare.
3508 5371 3625 5429 Hoc

2034 5477 2220 5522 autem
2265 5477 2676 5540 transmeante,
2730 5481 2935 5536 perque
2985 5466 3210 5520 arietem
3261 5473 3468 5520 turrem
3501 5481 3624 5536 quae

2033 5561 2326 5616 dicebatur
2379 5544 2785 5623 Centinarisia,
2839 5559 3005 5614 simul
3055 5567 3110 5613 et
3155 5559 3457 5629 proximam
3500 5557 3623 5629 eius

2031 5634 2333 5724 Syagrium.
2362 5644 2612 5730 vocatam
2673 5650 3004 5730 deponente,
3063 5647 3434 5720 Cbazarisque
3493 5666 3623 5721 per-

2035 5745 2386 5801 vcnientibus
2435 5727 2597 5800 facta:
2639 5752 2769 5800 sunt
2816 5727 3052 5799 inducite
3102 5742 3252 5798 belli.
3313 5741 3620 5799 Bardanius

2035 5848 2215 5895 autem
2267 5836 2501 5912 fugiens
2535 5839 2601 5895 :ul
2655 5840 2959 5910 chaganum
3011 5836 3290 5912 pergebat.
3320 5835 3455 5894 Cum
3488 5849 3619 5893 vero
