4050 6308
477 363 608 429 i347

1572 361 1972 422 ANAS’PASII
2024 361 2655 424 BIBLIOTHECARII

3629 360 3766 426 1348

471 482 727 540 inefﬁcax
772 480 949 538 stolus
993 479 1229 535 en‘ectus
1269 477 1342 532 ad
1381 479 1770 548 imperatorem
1825 491 2150 541 remeareA
2181 487 2246 534 tu
2291 479 2371 533 ait
2422 479 2745 533 inclausus:
2800 472 2860 532 Si
2917 474 3060 530 Deus
3103 476 3277 545 jubet,
3327 488 3383 530 tu
3418 476 3762 547 quamobrem

472 578 655 633 minus
685 574 941 639 auderet,
960 571 1340 627 Iustinianum
1362 571 1586 641 quidem
1618 573 1891 626 exsecrati
1917 580 2069 642 sunt,

471 668 807 722 Itardaniutu
865 675 1048 719 autem
1114 671 1173 717 ut
1223 663 1619 734 imperatorem
1675 674 1729 719 et
1788 663 1895 734 ipsi
1953 664 2074 717 lau-

2179 571 2505 626 contradici‘s
2533 572 2558 625 .’
2593 573 2713 626 Hoc
2740 579 2918 623 autem
2949 566 3071 624 dico
3102 568 3220 635 tibi,
3250 570 3380 640 quia
3421 577 3574 624 sexta
3610 584 3764 640 syno-

2177 663 2277 717 dus
2305 663 2445 719 male
2473 663 2621 732 facta
2650 672 2750 716 est.
2808 660 2875 716 Si
2895 676 3020 732 ergo
3048 661 3416 732 imperaverit,
3452 661 3590 716 hanc
3637 675 3765 731 pro-

470 762 635 816 dibus
697 758 1042 814 extulerunt.
1095 755 1366 812 Praeterea
1423 756 1706 826 petierunt
1750 769 1782 808 a
1824 759 2075 827 chagano
2169 757 2301 829 jice,
2356 766 2406 812 et
2456 757 2723 826 efﬁcietur
2753 757 3034 826 imperium
3067 756 3164 811 tibi
3198 756 3338 826 [orte
3371 765 3531 826 atque
3567 755 3765 826 longe-

474 853 560 907 uti
612 853 774 907 daret
816 850 924 906 sibi
977 848 1373 923 Philippicum.
1422 847 1600 902 Porro
1647 847 1900 920 chagano
1938 864 2067 905 ver-

474 949 602 1001 bum
653 945 726 999 ab
785 944 896 999 illis
945 944 1223 1015 exigente,
1283 958 1350 996 ne
1401 942 1733 1012 proderetur
1777 942 1848 996 ab
1888 941 1972 996 eis
2019 947 2075 995 et

471 1039 782 1094 deferretur
826 1038 879 1093 ei
926 1054 1026 1108 per
1073 1052 1523 1108 unumquemque
1567 1037 1744 1091 virum
1796 1037 2073 1090 numisma

475 1147 684 1194 unum,
725 1131 807 1186 illi
862 1130 1120 1199 protinus
1159 1129 1247 1184 bis
1287 1129 1435 1184 datis
1471 1119 1809 1199 acceperunt
1858 1125 2074 1195 Philip-

473 1231 660 1293 picum
719 1227 1137 1295 imperatorem.
1189 1222 1326 1280 Cum
1391 1234 1575 1278 autem
1632 1221 1832 1278 classis
1888 1235 2072 1276 mora-

475 1328 631 1374 retur
675 1328 730 1374 et
786 1318 1076 1389 suggestio
1135 1317 1286 1372 nulla
1349 1318 1600 1382 veniret,
1662 1317 1838 1371 sensit
1898 1313 2074 1369 Justi-

477 1416 676 1465 nianus
727 1427 978 1477 causam,
1030 1413 1381 1482 sumptisque
1427 1426 1616 1466 secum
1655 1411 1740 1465 his
1782 1412 1875 1479 qui
1915 1418 2074 1464 erant

469 1502 710 1570 Obsicii,
770 1514 826 1559 et
885 1515 1040 1574 parte
1085 1504 1610 1570 Thracesiensium,
1668 1505 1923 1558 ascendit
1976 1519 2072 1557 ns-

469 1612 581 1666 que
642 1595 901 1666 Sinopem
959 1597 1029 1651 ad
1087 1596 1353 1652 discenda
1413 1611 1537 1666 qua:
1595 1594 1894 1650 Cliersona:
1956 1593 2076 1649 i'ue-

471 1699 598 1742 rant
655 1697 831 1760 gesta.
874 1686 1124 1759 Cumque
1169 1689 1479 1742 intueretur
1524 1687 1822 1740 interiores
1861 1695 2071 1757 partes,

471 1782 622 1838 videt
680 1784 917 1837 classem
979 1784 1045 1836 ad
1096 1783 1285 1836 urbem
1339 1782 1458 1835 vela
1517 1787 1874 1842 moventem,
1928 1778 2076 1832 fren-

2178 867 2320 906 uum.
2374 851 2481 919 Qui
2536 866 2662 905 cum
2716 850 3035 921 iuramento
3099 849 3396 920 spopondit
3446 851 3493 905 ei
3546 861 3607 904 se
3661 846 3763 904 hoc

2178 944 2469 999 facturum.
2515 945 2655 998 Cum
2689 956 2874 999 autem
2905 942 3172 999 Leontius
3205 941 3518 998 Justiniano
3546 956 3765 998 sucus-

2177 1037 2379 1102 sisset.
2432 1035 2684 1092 ascendit
2741 1034 3084 1106 Philippicus
3136 1034 3205 1089 ad
3274 1034 3623 1099 inclausum,
3671 1033 3764 1103 qui

2177 1131 2310 1185 dicit
2347 1130 2404 1185 ei
2435 1147 2449 1185 :
2487 1129 2572 1196 Ne
2600 1129 2819 1200 festines
2845 1144 2865 1184 :
2910 1129 3002 1198 ﬁet
3035 1128 3149 1182 tibi.
3191 1127 3441 1200 Cumque
3486 1135 3546 1183 et
3580 1127 3768 1184 -Absi-

2177 1240 2365 1280 marus
2421 1225 2770 1293 imperasset,
2827 1237 3022 1277 rursus
3076 1218 3324 1276 ascendit
3370 1220 3442 1276 ad
3479 1234 3633 1287 cum,
3674 1219 3767 1276 cui

2177 1318 2268 1371 ille
2308 1318 2507 1373 iterum
2538 1316 2618 1371 ait
2647 1331 2660 1368 :
2718 1313 2803 1371 Ne
2829 1315 3118 1370 aceeteres:
3146 1313 3280 1368 illud
3310 1315 3448 1368 enim
3481 1310 3770 1385 pratulu-

2179 1426 2266 1468 tur
2318 1424 2386 1470 te.
2463 1413 2638 1470 Porro
2685 1429 2810 1468 cum
2868 1412 3210 1483 Piiiiippicus
3266 1411 3372 1467 hoc
3427 1411 3766 1482 quibusdam

2178 1511 2374 1564 amicis
2433 1509 2551 1564 suis
2622 1509 2857 1563 tidenter
2904 1507 3108 1564 fuisset
3160 1506 3496 1568 confessus.
3564 1507 3633 1559 ab
3687 1506 3768 1561 eis

2177 1605 2472 1659 Absimaru
2505 1606 2814 1659 nuntiatum
2846 1611 2953 1668 est,
2986 1603 3079 1673 qui
3113 1616 3317 1658 caesum
3354 1615 3420 1656 ac
3448 1608 3674 1654 tonsum
3703 1613 3770 1655 ac

2179 1700 2376 1756 ferreis
2418 1701 2655 1758 vinculis
2703 1699 2986 1770 alligatum
3040 1698 3184 1753 hunc
3236 1697 3290 1750 in
3349 1695 3766 1767 Cephalleniam

2179 1796 2422 1850 exsulem
2480 1795 2646 1848 misit.
2678 1792 2815 1847 Cum
2865 1802 3044 1846 autem
3089 1789 3433 1846 Justinianus
3474 1789 3768 1861 imperium

472 1880 722 1946 deusque
779 1886 836 1930 ut
883 1876 1002 1941 leo,
1053 1885 1108 1929 et
1161 1876 1278 1945 ipse
1327 1874 1394 1929 ad
1449 1874 1641 1928 urbem
1702 1887 2071 1936 reversurus,

2180 1890 2531 1959 suscepisset,
2570 1887 2846 1942 revocavit
2887 1901 3033 1949 eum,
3073 1893 3126 1939 et
3159 1900 3284 1938 cum
3319 1893 3596 1955 regnaret,
3641 1881 3770 1937 fecit

472 1968 742 2035 impetum
790 1968 1214 2023 demonstravit.
1273 1965 1475 2020 Verum
1531 1966 1833 2036 Philippico
1878 1981 2071 2035 perve-

472 2061 660 2116 niente
705 2061 822 2130 ipse
876 2061 943 2115 ad
1000 2059 1335 2114 Damastrim
1383 2062 1614 2115 veniens
1664 2071 1850 2116 castra
1898 2069 2072 2114 meta-

471 2165 564 2209 tus
599 2165 703 2210 est.
745 2159 816 2209 At
841 2169 976 2210 vero
1002 2153 1344 2225 Philippices
1374 2155 1640 2210 continuo
1674 2155 1841 2209 mittit
1874 2163 2070 2210 contra

473 2247 755 2306 Tiberium
802 2247 1025 2321 quidem
1058 2249 1310 2306 Maurum
1350 2251 1646 2321 patricium
1691 2265 1818 2306 cum
1858 2248 2073 2305 Joanne

474 2344 760 2418 spathario
817 2355 1189 2416 cognomento
1245 2345 1499 2408 Strutho,
1550 2344 1765 2400 Heliam
1803 2357 1934 2399 vero
1992 2344 2070 2399 si-

475 2438 683 2494 militer
732 2451 862 2494 cum
915 2438 1235 2494 incursione
1283 2438 1510 2493 militari
1563 2448 1757 2494 contra
1806 2437 2073 2494 Justinia-

475 2545 608 2585 num
679 2532 735 2586 in
809 2530 1181 2596 Damastrim,
1257 2532 1565 2603 iterumque
1637 2533 1805 2586 alium
1879 2540 2070 2594 contra

475 2608 952 2688 Barisbacurium,
997 2626 1092 2694 qui
1135 2624 1265 2696 luga
1321 2624 1502 2680 fuerat
1551 2641 1710 2680 usus.
1744 2623 1812 2679 Et
1849 2624 2072 2680 Maurus

475 2708 698 2788 quidem
739 2733 846 2772 una
884 2734 1009 2774 cum
1052 2720 1165 2794 jam
1207 2721 1356 2782 dicto
1397 2721 1627 2774 Strutho
1665 2735 1789 2774 cum
1831 2719 1899 2774 ad
1943 2719 2070 2774 Bla-

477 2812 716 2878 clientas
768 2812 1019 2878 abiisset,
1075 2815 1285 2875 invenit
1324 2813 1607 2873 Tiberium
1659 2813 1831 2867 altera
1873 2822 2073 2867 tenen-

479 2915 588 2960 tem
649 2916 810 2959 manu
862 2906 1214 2960 columeiiani
1266 2917 1471 2962 saneta:
1520 2921 1724 2965 mensae
1775 2904 1867 2960 Dei
1906 2903 2073 2963 Geni-

480 2999 640 3054 tricis
687 2997 881 3053 altaris
931 3007 986 3052 et
1035 2999 1204 3065 altera
1251 2998 1491 3068 pretiosa
1531 2998 1698 3068 tigna,
1737 3006 1792 3051 et
1831 2997 1886 3051 in
1923 2997 2070 3052 collo

481 3092 756 3168 phylaeta,
793 3098 948 3144 extra
976 3091 1224 3155 tribunal
1253 3097 1435 3145 autem
1477 3090 1808 3150 residentem
1834 3091 2076 3146 Anasta-

478 3185 654 3247 siam',
712 3181 886 3251 patris
929 3180 1055 3252 ejus
1102 3191 1375 3246 matrem,
1436 3198 1559 3253 qua:
1612 3182 1789 3236 Mauri
1839 3182 2072 3253 pedibus

2179 1977 2669 2050 pscudosynodum
2729 1977 3117 2047 episcoporum
3147 1975 3302 2046 juxta
3346 1976 3769 2050 pseudo-mona-

2178 2073 2268 2126 chi
2316 2082 2370 2126 et
2428 2070 2665 2125 inclausi
2708 2084 3042 2131 sermonem,
3097 2077 3151 2124 et
3181 2067 3384 2134 abjecit
3418 2072 3667 2119 sanctam
3715 2073 3769 2117 et

2181 2165 2545 2220 universalem
2603 2169 2814 2218 sextam
2876 2159 3171 2234 synodum.
3253 2158 3567 2227 Eodemque
3620 2169 3769 2210 anno

2177 2273 2356 2313 vanus
2386 2256 2675 2313 oculorum
2715 2257 3021 2312 crecitatcni
3057 2253 3333 2317 incurrit;
3391 2251 3597 2323 quique
3641 2263 3764 2309 cum

2180 2349 2234 2405 in
2294 2349 2466 2404 multa
2523 2346 2739 2419 positus
2782 2347 3082 2402 securitate
3123 2345 3176 2399 in
3209 2345 3489 2414 regalibus
3518 2343 3765 2413 degeret,

2181 2434 2702 2514 multitudinemque
2723 2441 3082 2512 pecuniarum
3109 2449 3161 2494 et
3191 2436 3766 2509 splendidissimarum

2179 2535 2614 2592 substantiarum
2656 2534 2795 2607 illic,
2845 2549 2910 2588 ex
2969 2531 3157 2597 multis
3213 2540 3362 2586 retro
3423 2515 3769 2600 temporibus

2179 2628 2250 2685 ab
2275 2628 2365 2684 his
2393 2629 2486 2698 qui
2523 2637 2680 2684 antea
2732 2629 3142 2699 imperaverant
3171 2664 3187 2693 ,
3233 2639 3300 2680 ex
3347 2621 3771 2698 proscriptioni.

2181 2723 2284 2778 bus
2315 2732 2371 2777 et
2416 2721 2654 2786 diversis
2710 2720 3125 2788 occasionibus,
3185 2719 3535 2790 maximeque
3573 2731 3603 2770 a
3630 2731 3775 2788 pre-

2179 2814 2328 2874 dicto
2355 2810 2672 2870 Iustiniano
2703 2814 3063 2870 collectarum
3121 2810 3451 2876 invenisset,
3493 2810 3604 2864 haec
3647 2807 3772 2866 i’ru-

2180 2909 2292 2961 Stra
2335 2914 2390 2966 et
2436 2906 2716 2959 incassum
2758 2921 2822 2960 ac
2863 2906 2988 2962 sine
3029 2905 3221 2969 dolore
3253 2901 3538 2974 dispersit.
3601 2900 3666 2956 Et
3711 2903 3767 2959 in

2180 2993 2651 3065 disputationibus
2695 2995 2917 3064 quidem
2976 2995 3094 3054 suis
3147 2993 3494 3053 rationabilis
3534 3002 3586 3047 et
3641 3008 3771 3059 pru-

2180 3085 2316 3139 dens
2347 3082 2788 3149 existimabatur,
2821 3085 2874 3138 in
2915 3085 3134 3139 actibus
3166 3091 3349 3136 autem
3391 3082 3685 3135 inhoneste
3706 3095 3770 3133 ac

2183 3176 2402 3246 indigne
2462 3175 2631 3237 vitam
2684 3190 3076 3230 consummatis
3127 3171 3508 3243 improbabilis
3561 3170 3773 3242 ubique

480 3275 771 3344 provoluta
805 3274 1109 3346 ﬂagitabat
1170 3290 1239 3329 ne
1301 3289 1436 3340 suus
1491 3276 1842 3330 occideretur
1897 3290 2073 3345 nepos
2101 3254 2145 3312 ο
2187 3268 2675 3323 demonstrabatur
2708 3286 2723 3324 :
2761 3276 2881 3324 erat
2914 3278 3098 3323 autem
3126 3267 3422 3329 haereticus
3450 3276 3504 3322 et
3534 3265 3771 3322 adulter.

481 3367 760 3432 Tiberius,
807 3376 997 3438 utpote
1038 3367 1133 3437 qui
1178 3367 1316 3421 nihil
1351 3376 1595 3444 gesserat
1633 3383 1883 3439 pravum.
1915 3369 2082 3424 Cum-

478 3476 586 3530 que
621 3460 711 3514 illa
749 3461 918 3531 pedes
972 3461 1094 3534 ejus
1136 3468 1348 3516 teneret
1378 3470 1438 3517 et
1483 3477 1607 3516 cum
1653 3463 1911 3536 lacrymis
1946 3481 2080 3536 sup-

481 3554 745 3624 plicaret,
797 3554 1084 3624 ingressus
1138 3565 1224 3610 est
1280 3552 1550 3610 Struthus
1605 3537 1780 3609 intra.
1813 3557 2080 3624 tribunal,

480 3655 534 3699 et
582 3646 633 3699 vi
683 3647 918 3723 arripuit
987 3646 1166 3714 illum,
1229 3656 1282 3710 et
1356 3647 1598 3720 pretiosa
1650 3647 1870 3715 quidem
1920 3647 2069 3720 ligna

481 3739 551 3791 ab
599 3753 667 3791 eo
725 3737 943 3792 sublata
999 3751 1170 3808 supra
1235 3752 1485 3792 mensam
1545 3739 1763 3808 posuit,
1824 3739 2077 3811 phylacta

483 3848 616 3887 vero
663 3833 721 3886 in
776 3831 918 3884 collo
960 3844 1063 3885 suo
1112 3830 1423 3900 suSpendit.
1477 3829 1652 3886 Puero
1699 3844 1880 3886 autem
1934 3833 2081 3889 foras

479 3926 682 3981 educto
728 3932 894 3994 atque
939 3924 1235 3993 dispoliato
1283 3937 1560 3994 supraque
1610 3924 1778 3978 limen
1807 3938 2077 3994 expanso,

485 4026 676 4088 guttur
733 4013 856 4086 ejus
925 4016 1100 4071 instar
1165 4015 1284 4070 ovis
1340 4024 1629 4083 secarunt,
1696 4020 1752 4069 et
1811 4014 1956 4081 hunc
2023 4015 2081 4079 in

484 4109 692 4182 templo
731 4106 834 4163 SS.
881 4108 1321 4178 Anargyrorum,
1364 4106 1510 4177 quod
1558 4107 1801 4162 Paulinae
1830 4115 2078 4174 vocatur,

485 4203 706 4276 sepeliri
751 4196 1107 4257 mandarunt.
1153 4200 1602 4271 Compreheusus
1646 4215 1777 4255 vero
1820 4209 2080 4270 praeterea

481 4307 540 4354 et
588 4297 1034 4359 Barisbacurius,
1083 4297 1294 4367 primus
1336 4294 1604 4364 patricius
1651 4304 1706 4348 et
1753 4311 1938 4351 comes
1984 4300 2082 4349 ob-

484 4392 687 4464 sequii,
742 4392 1106 4460 interemptus
1185 4400 1288 4454 est.
1343 4387 1515 4442 Porro
1570 4387 1724 4442 Helia
1784 4402 1893 4441 una
1950 4401 2076 4441 cum

483 4499 552 4539 eo
603 4484 718 4553 [qui
790 4497 977 4540 secum
1041 4491 1160 4537 erat
1216 4482 1550 4538 ascendente
1617 4481 1671 4536 in
1739 4482 2074 4548 Damastrin,

483 4589 540 4632 et
593 4579 663 4632 ad
707 4583 993 4632 sermones
1036 4591 1162 4631 cum
1225 4590 1292 4630 co
1347 4576 1442 4646 qui
1489 4575 1603 4631 illic
1659 4584 1777 4630 erat
1826 4575 2069 4630 exercitu
2107 4613 2148 4667 ο

486 4670 766 4734 veniente,
807 4669 1146 4740 verbumque
1186 4667 1532 4739 impunitatis
1581 4667 1786 4739 populo
1827 4668 2073 4738 quierat

482 4780 608 4819 cum
659 4763 974 4826 JuStiniano
1022 4763 1334 4836 praebente.
1390 4761 1722 4834 sequestrati
1776 4770 1906 4816 sunt
1954 4761 2078 4815 uni-

484 4857 628 4911 versi
685 4866 740 4911 et
778 4856 1158 4912 discesserunt
1209 4870 1240 4909 a
1288 4852 1641 4919 Iustiniano,
1693 4853 1875 4910 solum
1930 4851 2077 4909 hunc

482 4949 803 5006 deserentes
862 4957 917 5005 et
980 4951 1047 5005 ad
1109 4957 1294 5021 partes
1353 4947 1642 5021 Philippici
1707 4947 2074 5003 conﬂuentes.

483 5044 642 5100 Tunc
698 5042 995 5120 praedictus
1059 5043 1246 5098 Helias
1315 5043 1634 5117 spatharius
1695 5040 1884 5098 furore
1948 5056 2077 5096 cur-

482 5148 633 5203 retis,
693 5136 835 5192 collo
886 5135 1011 5210 ejus
1061 5138 1430 5206 apprehenso,
1485 5136 1752 5206 pugione,
1799 5150 1911 5205 quo
1955 5144 2076 5188 erat

480 5232 793 5295 accinctus,
825 5232 1130 5301 amputavit
1153 5239 1317 5298 caput
1347 5230 1543 5301 ipsius,
1573 5239 1626 5283 et
1651 5243 1746 5298 per
1765 5227 2072 5282 Romanum

481 5325 821 5396 spathariutn
877 5324 946 5384 ad
1001 5323 1369 5398 Philippicum
1421 5323 1591 5379 misit.
1646 5325 1714 5376 At
1766 5338 1895 5378 vero
1950 5321 2076 5376 Plii-

483 5417 722 5494 iippicus
776 5432 874 5492 per
927 5417 1179 5473 eumdem
1234 5415 1573 5486 spatharium
1633 5413 1738 5468 hoc.
1792 5412 1859 5468 ad
1909 5410 2072 5468 Occi-

481 5507 730 5566 dentales
762 5515 944 5579 partes
963 5523 1152 5581 cusque
1178 5507 1408 5562 Romam
1433 5505 1766 5561 transmisit.

554 5599 826 5656 Prmterea
860 5601 1181 5672 priusquam
1229 5600 1529 5669 imperaret
1572 5607 1692 5653 erat
1721 5597 1946 5669 quidam
1983 5597 2072 5651 in-

483 5686 709 5753 ciausus
757 5693 814 5750 in
849 5694 1183 5749 monasterio
1229 5691 1534 5749 Callisti-ali
1576 5692 1845 5760 praevisor
1875 5697 1931 5744 et
1964 5693 2074 5744 ha:-

482 5797 722 5850 reucus,
769 5793 864 5857 qui
914 5786 1228 5842 ascendenti
1291 5785 1358 5840 ad
1407 5799 1468 5841 se
1524 5782 1833 5854 Philippico
1883 5782 2069 5837 dixit:

484 5883 773 5960 Imperium
802 5891 876 5936 est
913 5881 1009 5935 tibi
1044 5880 1354 5952 repositum.
1418 5879 1486 5933 At
1539 5879 1629 5936 ille
1669 5873 1923 5934 turbatus
1963 5886 2065 5932 est.

2187 3360 2358 3416 Porro
2397 3362 2543 3434 Cyro
2585 3362 2897 3431 patriarcha
2938 3345 3100 3433 pulso
3133 3360 3401 3419 Joannem
3458 3363 3773 3424 communi-

2183 3462 2427 3508 catorem
2478 3469 2640 3509 suum
2693 3463 2862 3534 atque
2910 3455 3228 3522 luereticutn
3286 3455 3343 3516 in
3399 3457 3771 3528 patriarcham

2187 3559 2480 3619 promovit.

2262 3639 2447 3696 Mundi
2493 3655 2638 3695 anno
2682 3640 2847 3704 δῖοι.
2906 3638 3109 3700 divinat
3159 3638 3566 3698 incarnationis
3624 3653 3773 3695 anno

2182 3731 2310 3798 704,
2353 3734 2586 3803 imperat
2634 3733 2903 3788 Romanis
2941 3733 3315 3813 Philippicas,
3348 3734 3443 3807 qui
3478 3733 3776 3808 imperavit

2183 3829 2344 3885 annis
2393 3827 2630 3884 duobus.
2678 3826 2952 3882 Arabibus
2986 3835 3185 3898 prmest
3221 3824 3440 3892 Hualid,
3466 3827 3560 3899 qui
3594 3825 3776 3884 duca-.

2181 3929 2296 3974 tum
2347 3937 2540 3976 novem
2592 3924 2768 3974 tenuit
2825 3921 3008 3979 annis.
3059 3919 3301 3978 Joannes
3357 3935 3580 3992 quoque
3617 3917 3769 3979 Con-

2181 4014 2712 4090 stantinopolitauus
2759 4025 2923 4084 atque
2963 4012 3207 4069 Joannes
3238 4011 3773 4091 llierosolyntitanus

2183 4107 2456 4164 habentur
2483 4109 2781 4170 antistites.
2819 4123 3053 4177 quorum
3087 4109 3225 4164 alter
3253 4109 3455 4175 tribus,
3489 4109 3626 4168 alter
3647 4124 3773 4163 vero

2179 4198 2406 4268 triginta
2457 4197 2675 4267 przefuit
2731 4198 2893 4253 annis
2924 4196 3204 4252 Ecclesiae.

2255 4295 2413 4346 Anno
2465 4292 2634 4362 igitur
2687 4291 2905 4361 imperii
2945 4290 3030 4346 sui
3072 4289 3410 4361 Philippicus
3446 4293 3624 4363 primo
3667 4294 3773 4350 Ar-

2181 4386 2394 4442 menios
2435 4386 2502 4440 de
2554 4399 2701 4441 terra
2738 4401 2836 4440 sua
2869 4386 3078 4457 pellens
3103 4386 3154 4440 in
3199 4387 3461 4442 Armenia
3495 4401 3687 4459 quarta
3717 4398 3774 4444 ct

2179 4478 2435 4535 Meliteue
2463 4479 2717 4533 habitare
2749 4480 2951 4548 coegit.
2991 4478 3163 4532 Porro
3199 4493 3308 4533 non
3351 4482 3634 4549 praevaluit
3670 4497 3775 4536 sat-

2181 4572 2302 4626 vius
2334 4572 2544 4626 moveri
2579 4581 2770 4626 contra
2802 4579 3053 4626 sanctam
3083 4579 3138 4626 et
3165 4572 3532 4628 universaiem
3559 4588 3772 4628 sextam

2179 4666 2475 4736 synodum,
2513 4662 2836 4720 subvertere
2884 4658 3117 4718 studens
3176 4663 3387 4731 divina,
3424 4682 3545 4736 «tua:
3595 4668 3664 4719 ah
3706 4681 3772 4722 ea

2181 4756 2444 4810 roborata
2485 4761 2638 4819 sunt,
2673 4753 2953 4825 dogmata.
2989 4755 3210 4826 Reperit
3235 4764 3417 4811 autem
3463 4759 3550 4813 sui
3575 4773 3773 4816 sensus

2176 4847 2468 4915 Joannem,
2493 4864 2654 4920 quem
2681 4847 3001 4918 episcopum
3030 4848 3590 4920 Constantinopoleos
3618 4851 3771 4918 fecit,

2179 4944 2433 5016 deposito
2484 4943 2632 5014 Cyro
2670 4941 2904 5013 praesule
2960 4941 3146 5011 hujus,
3203 4958 3364 5013 quem
3405 4945 3600 5003 exsilio
3635 4947 3775 5000 rele-

2177 5037 2324 5108 gavit
2376 5036 2430 5089 in
2472 5035 2815 5089 monasterio
2842 5029 3075 5100 Choras,
3118 5034 3519 5106 Nicolaumque
3569 5053 3601 5092 a
3650 5036 3774 5093 dia-

2177 5143 2319 5183 cono
2355 5142 2589 5182 caucum
2643 5124 2926 5190 eductum,
2961 5128 3058 5196 qui
3095 5143 3222 5181 cum
3264 5128 3577 5183 medicinaii
3628 5138 3774 5184 esset

2175 5222 2470 5296 disciplina
2537 5221 2808 5290 sophista,
2861 5226 2994 5275 tunc
3053 5231 3300 5292 qmestor
3355 5230 3496 5286 erat,
3554 5223 3772 5295 Agelpi—

2177 5316 2440 5387 diumque
2481 5314 2776 5370 diaconum
2809 5315 3013 5385 Magna
3053 5317 3341 5383 ecclesiae,
3380 5326 3546 5388 atque
3574 5319 3772 5374 Antio-

2175 5411 2340 5464 chum
2381 5409 2883 5480 charIOphylacem,
2916 5421 2972 5464 et
2996 5412 3133 5465 alios
3169 5427 3382 5466 morum
3425 5401 3770 5479 earumdem,

2177 5505 2272 5574 qui
2340 5502 2508 5557 etiam
2587 5504 2801 5574 scripto
2857 5504 3467 5562 anatltetnatizaverunt
3523 5519 3772 5565 sanctam

2175 5605 2385 5652 sextam
2423 5601 2718 5670 synodum.
2750 5598 2960 5655 Interea
3002 5598 3266 5672 Vulgares
3289 5617 3385 5671 per
3414 5600 3599 5658 Philea
3631 5603 3770 5657 clam

2177 5690 2231 5746 in
2256 5701 2548 5764 angustum
2579 5691 2906 5753 incidentes.
2939 5701 2992 5748 et
3020 5710 3216 5766 magna
3253 5694 3401 5751 caede
3429 5695 3572 5755 facta
3597 5713 3772 5765 usque

2177 5784 2244 5838 ad
2286 5783 2483 5838 urbem
2531 5783 2942 5848 discurrentes.
2973 5795 3028 5840 et
3062 5788 3268 5842 multos
3318 5788 3766 5851 transvehentes,

2177 5875 2497 5949 nuptiisquc
2550 5878 2830 5948 Opulentis
2886 5888 2939 5935 ct
2975 5880 3285 5952 dapsilibus
3342 5882 3588 5952 prandia
3646 5896 3770 5937 cum
