4050 6308
247 366 391 435 ιδιθ
1061 362 1429 425 HISTORIA
1465 356 2049 423 ECCLESIAS'I‘ICA
2083 356 2187 420 EX
2214 355 2707 424 THEOPHANE.
3402 352 3540 422 I350

252 476 409 534 vario
452 481 683 547 argenta
708 480 1026 542 cretei-eque
1071 478 1341 542 apparatu
1398 469 1634 541 repertis
1672 482 1849 538 usque
1878 468 1931 529 Δ
2028 471 2195 526 Anno.
2230 470 2444 542 imperii
2490 470 2751 538 Artemii,
2777 469 2872 541 qui
2907 478 2962 527 et
2996 471 3324 530 Anastasius
3359 471 3542 534 dictus

253 570 328 627 ad
382 583 610 625 auream
650 577 874 640 portam
919 564 1325 632 discurrentes,
1374 571 1600 635 totaque
1640 561 1855 619 Thrace
1961 572 2068 628 est,
2110 564 2360 621 secundo
2401 569 2653 621 mortuus
2689 572 2776 620 est
2810 561 3013 622 iVbalid
3050 565 3301 623 Arabum
3323 565 3462 632 dua,
3490 577 3546 623 et

250 665 438 737 prada
472 674 765 731 evacua-ta,
808 661 966 723 illtesi
1014 677 1140 719 cum
1188 661 1500 718 innumeris
1560 659 1857 733 pecoribus
1959 652 2207 709 Sulitnan
2241 653 2295 707 in
2348 652 2659 723 principatu
2705 655 2972 722 succedit,
3006 656 3098 726 qui
3129 656 3308 713 tribus
3328 658 3549 728 praefuit

255 762 325 817 ad
377 758 603 831 propria
659 766 794 814 sunt
822 754 1060 813 reversi.
1094 754 1371 811 Similiter
1398 764 1455 811 et
1486 754 1699 810 Arabes
1723 751 1857 809 Mis-
1963 747 2148 803 annis.
2240 745 2551 803 Germanus
2614 763 2838 819 quoque
2894 746 3548 821 Constantinopolitauus

252 852 428 909 titiam
469 860 743 922 ceperunt
786 856 841 908 et
866 848 973 905 alia
1009 857 1215 912 castra,
1247 848 1422 903 multa
1467 847 1653 920 praeda
1700 846 1861 903 lami-
1964 840 2198 897 [labetur
2225 841 2480 904 antistes,
2498 840 2594 912 qui
2628 841 2807 898 eidem
2838 842 3039 900 throno
3066 842 3388 914 quindecim
3407 860 3547 916 pra;-

252 948 460 1002 iiarum
511 946 877 1017 plurimarum
931 952 988 1000 et
1034 955 1300 1015 pecorum
1357 940 1850 998 innumerabilium
1963 932 2109 991 sedit
2143 934 2328 992 annis.
2398 934 2602 993 Eodem
2629 952 2851 1009 quoque
2882 952 3027 994 anno
3058 938 3365 996 translatus
3395 945 3483 996 est
3514 955 3548 995 a

260 1042 433 1097 tacta.
1962 1027 2167 1101 Cyzico
2193 1027 2334 1086 urbe
2352 1029 2647 1100 metropoli
2668 1027 3233 1102 Constantinopolim,
3269 1032 3325 1088 in
3356 1047 3471 1104 quo
3495 1042 3552 1089 et

331 1133 499 1189 Anno
522 1130 741 1203 imperii
784 1129 1081 1201 Philippici
1132 1127 1377 1186 secundo
1417 1126 1593 1186 movit
1641 1125 1859 1182 exerci-
1966 1122 2455 1180 commonitorium
2506 1123 2915 1193 translationis,
2964 1124 3128 1196 quod
3176 1124 3549 1192 subinfertur,

258 1234 385 1282 tum
409 1225 595 1283 Habas
632 1236 827 1285 mntra
861 1223 1213 1291 Rotnaniam,
1249 1230 1305 1279 et
1327 1221 1477 1294 cepit
1508 1218 1862 1276 Anttocbiam
1968 1217 2389 1286 pronuntiatum
2418 1225 2504 1273 est
2540 1219 2832 1275 continens
2856 1219 2936 1275 ita
2961 1236 2975 1275 :
3002 1219 3339 1278 Electioneet
3363 1238 3552 1294 appro-

261 1318 484 1377 Pisitlise
513 1334 638 1374 curn
691 1317 870 1373 multa
890 1314 1095 1389 prada,
1124 1324 1183 1373 et
1229 1328 1490 1370 reversus
1518 1321 1624 1369 est.
1664 1310 1868 1368 Factus
1967 1309 2182 1367 batisne
2218 1310 2755 1380 religiosissimon
2798 1312 3227 1385 presbyterorum
3284 1327 3334 1370 st
3367 1315 3552 1372 dia.»-

263 1427 454 1475 autent
488 1426 574 1473 est
623 1423 680 1470 et
722 1422 884 1470 terra:
930 1420 1120 1467 motus
1153 1410 1213 1465 in
1239 1408 1424 1482 Syria.
1475 1406 1708 1463 Biennio
1736 1421 1869 1461 vero
1972 1418 2161 1457 norum
2187 1411 2238 1455 et
2274 1402 2440 1461 totius
2468 1404 2786 1458 venerabilis
2820 1404 2958 1460 cieri
2987 1408 3235 1477 sacrique
3258 1421 3475 1465 senatus
3500 1420 3552 1465 et

261 1509 485 1582 imperii
540 1508 832 1580 Philippici
876 1509 932 1564 in
952 1505 1054 1563 bis
1102 1512 1443 1569 transeunte,
1475 1502 1745 1573 circoque
1767 1513 1871 1555 na—

1982 1494 2134 1549 umici
2166 1493 2369 1550 Christi
2404 1494 2591 1565 populi
2624 1493 2737 1550 Deo
2773 1498 3146 1553 conseruandae
3190 1498 3352 1568 hujus
3393 1503 3552 1573 regis:

278 1604 465 1660 talicio
494 1609 903 1667 consummato,
937 1613 1071 1655 cum
1097 1595 1315 1653 Prasini
1357 1595 1645 1658 vicissent,
1687 1591 1867 1648 visum
1972 1586 2142 1652 urbis,
2165 1586 2353 1643 divina.
2376 1589 2577 1660 gratia,
2604 1604 2722 1660 qua
2748 1604 2951 1660 semper
2988 1591 3204 1660 inﬁrma
3236 1603 3389 1647 curat
3415 1606 3464 1651 et
3489 1613 3554 1652 ea

267 1704 355 1751 est
407 1693 729 1766 imperatori
770 1692 999 1750 sabbato
1061 1688 1425 1746 Pentecostes
1457 1685 1707 1758 equitem
1741 1698 1868 1741 cum

1982 1694 2088 1749 qua
2123 1688 2257 1735 sunt
2292 1679 2571 1748 adimplet,
2617 1682 2898 1736 transtulit
2931 1679 3249 1744 Germaniam
3273 1690 3555 1746 sanctissi-

266 1788 629 1859 susceptione
674 1801 741 1843 ac
796 1785 1026 1856 organis
1060 1780 1303 1854 ingredi,
1351 1788 1407 1837 et
1462 1778 1642 1836 lavari
1682 1778 1737 1832 in
1768 1793 1870 1846 pu-
1897 1828 1942 1859 η
1975 1787 2120 1829 usus
2152 1772 2437 1842 prwsulem
2481 1771 2851 1845 Cyziccnsiunt
2890 1778 3238 1847 mtropoloos
3269 1781 3326 1837 in
3347 1783 3553 1851 Opino.

274 1886 417 1939 Nico
476 1883 678 1938 bulum
736 1879 1027 1951 lem-imi,
1060 1888 1116 1934 ει
1148 1892 1276 1934 cum
1333 1874 1552 1930 civibus
1599 1871 1870 1943 prosapia
1898 1866 1945 1889 "
1972 1883 2094 1931 pum
2128 1868 2292 1938 hujus
2332 1866 2442 1923 Deo
2478 1869 2859 1925 conservandae
2885 1887 2949 1925 as
2978 1872 3334 1940 inperatoris:
3365 1876 3556 1932 civita-

266 1975 510 2046 antiquze
538 1973 827 2044 prandere.
870 1971 1009 2027 Cum
1054 1978 1240 2026 autem
1272 1967 1506 2024 meridie
1537 1965 1869 2034 quiesceret,

270 2079 499 2139 repente
532 2080 627 2136 per
657 2079 882 2120 auream
914 2072 1132 2135 portam
1160 2060 1415 2117 introivit
1450 2053 1630 2113 Rufus
1661 2058 1872 2129 primus

271 2171 573 2215 stratorqu
647 2154 935 2227 Obsequii,
957 2196 973 2211 .
995 2195 1009 2210 .
1033 2193 1049 2209 .
1071 2194 1087 2211 .
1139 2160 1516 2225 cognomento
1574 2149 1756 2207 Burall
1817 2159 1873 2207 et

278 2251 551 2306 Theodori
580 2248 799 2321 patricii
832 2246 1053 2318 Myacii,
1076 2259 1203 2301 cum
1235 2242 1440 2298 taxatis
1472 2255 1616 2312 quos
1637 2239 1872 2295 habebat

278 2349 333 2401 in
384 2344 600 2399 Thrace
647 2341 916 2401 thematis
962 2340 1075 2404 sui,
1104 2348 1159 2392 et
1193 2335 1467 2395 festinans
1512 2337 1569 2390 in
1604 2333 1872 2405 palatium

282 2442 493 2495 invenit
530 2436 902 2508 Pbilippicum
939 2431 1175 2489 meridie
1210 2430 1613 2503 quiescentem,
1642 2436 1696 2482 et
1718 2440 1873 2481 com-

272 2534 611 2603 prehensum
660 2532 792 2587 eum
824 2527 981 2585 duxit
1010 2540 1243 2582 sursum
1293 2523 1351 2579 in
1399 2520 1710 2578 oratorium
1734 2518 1873 2574 Pra-

270 2624 550 2689 sinorum,
580 2631 636 2677 et
676 2620 793 2677 illic
823 2618 950 2690 ejus
978 2617 1173 2674 oculos
1217 2614 1388 2678 eruit,
1433 2613 1588 2669 nullo
1640 2611 1872 2670 sciente.

278 2716 345 2773 in
375 2714 683 2772 crastinum
720 2722 927 2777 autem,
958 2708 1015 2765 id
1051 2716 1139 2766 est
1166 2707 1515 2771 Pentecoste,
1546 2710 1876 2763 coacervare

281 2810 337 2866 in
381 2804 583 2880 lngua
617 2803 855 2862 ecclesia
890 2800 1098 2874 popqu
1131 2806 1436 2856 coronatus
1457 2803 1547 2855 est
1591 2792 1876 2851 Artemius

278 2902 489 2970 primas
542 2913 576 2955 a
633 2897 896 2961 secretis,
944 2901 1167 2951 mutato
1234 2891 1463 2949 nomine
1522 2885 1873 2944 Anastasius.

275 2992 521 3052 Sabbato
589 3004 723 3047 vero
783 2995 909 3061 post
969 2984 1336 3042 Pentecosten
1402 2980 1601 3042 oculis
1630 2980 1877 3051 privatus

274 3090 336 3139 et
355 3080 681 3138 Theodorus
706 3077 948 3154 Myaces,
982 3085 1039 3134 et
1071 3074 1317 3134 secundo
1353 3073 1586 3129 sabbato
1612 3072 1671 3127 id
1693 3073 1878 3140 ipsum

1974 1961 2065 2015 tis.
2105 1958 2278 2019 Facta
2308 1970 2487 2015 autem
2518 1969 2598 2015 est
2624 1977 2866 2031 pauens
2892 1965 3177 2021 translatio
3193 1967 3246 2021 in
3269 1972 3555 2037 praesentia

1977 2051 2249 2111 Michaelis
2282 2053 2615 2108 sanctissimi
2639 2053 2931 2125 presbyteri
2964 2066 3019 2113 et
3050 2061 3389 2127 apecrisiarii
3421 2078 3555 2131 apo-

1974 2149 2178 2204 stolica:
2204 2148 2370 2215 sedis,
2394 2136 2444 2205 ἐι
2467 2150 2793 2218 reliquorum
2812 2153 3152 2208 sacerdotum
3174 2169 3241 2208 ac
3261 2156 3554 2224 pressatum

1975 2242 2075 2297 sub
2130 2242 2371 2297 Artemis
2419 2241 2757 2310 imperatore.
2844 2243 3020 2300 Porro
3083 2261 3210 2302 cum
3273 2247 3555 2305 Artemius

1976 2336 2257 2393 didicisset
2278 2334 2427 2407 quod
2451 2337 2653 2393 classis
2685 2337 3084 2394 Saracenorum
3119 2340 3189 2395 ab
3220 2340 3554 2396 Alexandria

1979 2430 2033 2485 in
2075 2428 2374 2486 Pbmnicen
2412 2439 2769 2501 properasset
2801 2429 2868 2485 ad
2902 2431 3253 2487 incidendum
3279 2434 3555 2505 lignamen

1977 2523 2383 2595 cypressiuum,
2442 2523 2637 2578 electis
2682 2537 2748 2578 ex
2805 2524 3032 2595 proprio
3080 2526 3224 2580 stola
3278 2527 3557 2583 velocibus

1978 2616 2201 2687 scaphis
2233 2616 2382 2671 misit
2415 2623 2635 2673 taxatos
2657 2631 2723 2671 ex
2754 2615 2994 2673 themate
3024 2616 3274 2684 Obslcio,
3326 2626 3381 2675 et
3408 2620 3553 2689 apud

1978 2710 2233 2768 Rhodum
2266 2724 2463 2766 omnes
2491 2710 2675 2780 colligi
2701 2708 2886 2781 jussit.
2923 2711 3324 2783 praeposuitque
3359 2721 3557 2785 pru'to-

1982 2818 2097 2859 rem
2134 2802 2220 2858 eis
2262 2812 2318 2858 et
2354 2809 2522 2870 caput
2543 2799 2819 2857 Joannem
2864 2800 3071 2873 Magna
3103 2804 3350 2862 ecclesias
3394 2805 3558 2859 mini-

1980 2907 2206 2960 strum,
2259 2896 2354 2967 qui
2407 2894 2696 2952 dicebatur
2753 2911 2893 2968 papa
2943 2895 3284 2962 Joannacls,
3346 2898 3557 2970 quique

1979 2988 2257 3062 generalis
2282 2998 2403 3044 erat
2429 2998 2559 3043 tunc
2589 2987 2880 3061 logotlteta.
2912 2988 2964 3044 Is
2984 3004 3118 3062 ergo
3145 3004 3272 3046 cum
3298 2986 3554 3048 Rhodum

1982 3085 2213 3141 adiisset
2268 3091 2326 3138 et
2394 3082 2613 3155 navigia
2672 3084 3065 3141 convenissent
3095 3124 3112 3149 ,
3174 3084 3560 3156 alloquebatur

277 3176 507 3248 pertulit
536 3174 809 3247 Georgius
839 3170 1215 3242 Buramphus,
1251 3176 1312 3225 ct
1330 3168 1387 3224 in
1430 3166 1688 3223 exsilium
1720 3162 1878 3221 missi
1906 3186 1949 3247 ς
1981 3176 2258 3248 principes
2297 3189 2465 3244 super
2499 3174 2745 3230 motione
2804 3190 2870 3231 ac
2934 3176 3134 3233 itinere
3190 3176 3437 3250 ipsorum
3501 3180 3557 3235 in

277 3279 412 3329 sunt
469 3267 620 3341 apud
669 3265 1138 3323 Thessalonicen.

348 3359 537 3417 Mundi
586 3372 735 3415 anno
790 3356 974 3421 6206,
1024 3354 1231 3411 divinat
1282 3348 1687 3412 incarnationis
1735 3363 1882 3407 anno

278 3453 408 3523 706,
439 3468 587 3512 anno
624 3465 759 3509 vero
783 3448 1002 3522 imperil
1038 3446 1275 3506 Artemii
1314 3445 1495 3516 primo
1524 3443 1881 3503 incursiones

280 3547 575 3607 lasalutas
601 3544 875 3604 adversus
892 3542 1225 3601 Romaniarn
1255 3538 1450 3605 movit,
1494 3546 1550 3598 et
1580 3536 1883 3609 di’spolista

283 3640 496 3698 Galatia
559 3638 723 3695 rediit
779 3650 907 3695 cum
960 3634 1142 3706 praeda
1181 3642 1239 3689 et
1270 3630 1467 3703 spoliis
1516 3629 1731 3686 stultis.
1780 3626 1884 3687 Ast

286 3739 561 3799 Artemius
589 3733 1008 3807 magistratibus
1034 3732 1088 3786 in
1119 3729 1478 3801 equestribus
1504 3725 1721 3782 militiis
1755 3723 1882 3780 ido-

283 3831 431 3899 neis,
453 3838 511 3888 et
554 3823 976 3886 rationabilibus
1004 3823 1061 3879 in
1095 3824 1262 3878 rebus
1291 3819 1562 3878 civilibus
1587 3816 1885 3881 ordinatis,

282 3927 399 3996 iam
463 3921 711 3992 requiem
757 3918 998 3995 degebat
1050 3914 1306 3987 adeptus.
1364 3913 1618 3983 Cumque
1674 3910 1888 3967 Arabes

285 4024 483 4071 contra
514 4011 838 4068 Romaniam
871 4019 1017 4062 terra
1049 4008 1304 4076 marique
1336 4009 1710 4069 armarentur,
1736 4000 1889 4059 misit

291 4110 592 4180 imperator
634 4102 915 4176 principes
966 4100 1023 4155 in
1074 4097 1293 4172 Syriam
1332 4095 1404 4153 ad
1453 4094 1674 4161 Vbalid,
1726 4097 1890 4165 quasi

292 4217 393 4274 pro
444 4200 532 4257 bis
557 4214 681 4271 quat
715 4199 781 4253 ad
815 4211 1008 4268 pacem
1035 4195 1314 4268 pertinent
1352 4192 1664 4259 locuturos,
1694 4189 1889 4246 Danie-

294 4299 399 4351 Iern
448 4292 707 4349 videlicet
758 4290 907 4346 inter
948 4287 1110 4353 alios,
1158 4286 1472 4356 Sinopiten,
1512 4284 1806 4354 patricium
1835 4288 1892 4338 et

1982 3267 2281 3325 Pbanieen
2333 3266 2403 3323 ad
2446 3266 2801 3324 incidendum
2854 3267 3132 3340 lignamen
3188 3278 3243 3326 et
3286 3286 3560 3344 praepara-

1983 3364 2211 3426 tionem,
2270 3375 2393 3432 qua
2456 3361 2797 3419 inveniretur
2847 3361 3246 3434 Agarenorum.
3313 3365 3567 3436 Cumque

1983 3467 2178 3511 omnes
2206 3453 2467 3509 alacriter
2502 3453 2884 3520 obaudisseut,
2938 3455 2993 3510 bi
3033 3456 3127 3528 qui
3170 3464 3328 3513 erant
3354 3455 3564 3515 Obsicii

1984 3546 2092 3601 boe
2120 3546 2436 3602 nullatenus
2464 3546 2828 3614 admiserunt,
2855 3558 2908 3602 et
2936 3547 3561 3620 imperatoremquidem

1986 3638 2241 3697 detestati
2288 3636 2468 3700 sunt.’
2500 3635 2795 3693 diaconum
2837 3652 2967 3693 vero
3019 3636 3285 3695 Joannem
3341 3639 3579 3696 frameis

1986 3742 2357 3802 peremerunt.
2420 3727 2564 3786 Hine
2592 3745 2728 3803 ergo
2758 3732 2889 3787 stoli
2923 3730 3086 3789 divisi
3117 3731 3184 3786 ad
3214 3747 3314 3788 sua
3339 3734 3568 3804 naviga-

1987 3831 2187 3878 verunt
2228 3822 2371 3880 loca.
2432 3820 2519 3878 illi
2568 3838 2701 3880 vero
2755 3840 2989 3897 nequam
3021 3836 3341 3897 operatores
3371 3835 3567 3882 contra

1988 3912 2191 3986 regiam
2226 3912 2598 3974 ascenderunt
2633 3915 2849 3972 urbem.
2897 3916 3036 3973 Cum
3082 3927 3265 3974 autem
3301 3916 3569 3991 Adramy-

1988 4010 2127 4063 tinm
2182 4008 2450 4065 aluissent
2508 4018 2808 4081 essentque
2855 4011 2975 4067 sine
2999 4009 3200 4081 capite,
3240 4007 3572 4067 invenerunt

1990 4100 2105 4155 illic
2136 4100 2416 4157 hominem
2446 4101 2762 4175 indigenam
2803 4100 3177 4177 Theodosium
3204 4104 3451 4169 nomine,
3472 4105 3572 4177 qui

1990 4193 2341 4266 publicorum
2386 4204 2507 4253 erat
2560 4197 2895 4254 tributorum
2956 4209 3239 4273 exceptor,
3295 4200 3446 4257 iners
3506 4216 3573 4257 ac

1992 4289 2181 4352 idiota,
2213 4296 2266 4343 et
2304 4288 2505 4345 hortati
2542 4300 2673 4347 sunt
2705 4307 2833 4348 eum
2878 4293 3172 4365 imperare.
3216 4295 3285 4351 At
3323 4294 3415 4351 ille
3446 4293 3573 4368 luga

294 4386 612 4460 pmlectum
639 4383 818 4451 urbis,
849 4380 1121 4438 mandans
1158 4381 1208 4436 ei
1242 4379 1537 4452 diligenter
1562 4377 1893 4449 investigare
1994 4396 2130 4438 usus
2174 4380 2230 4437 in
2260 4392 2447 4437 monte
2483 4383 2727 4454 latebat;
2782 4400 2944 4458 quem
2990 4387 3271 4444 inventum
3312 4398 3373 4443 ut
3404 4389 3577 4459 impe-

293 4483 363 4538 de
385 4488 542 4537 motu
569 4494 760 4536 eorum
808 4485 865 4533 et
888 4477 1097 4532 virtute
1144 4484 1340 4530 contra
1377 4472 1707 4529 Romaniam
1758 4486 1957 4553 conv_
1996 4483 2234 4531 ratorem
2290 4476 2547 4534 laudibus
2614 4479 2970 4545 extulerunt,
3032 4481 3084 4536 vi
3136 4490 3397 4553 cogentes
3447 4498 3573 4537 eum

294 4573 581 4631 struenda.
612 4570 720 4639 Qui
753 4586 879 4627 cum
920 4570 1155 4626 abiisset
1193 4575 1250 4624 et
1296 4573 1621 4629 remeasset,
1656 4564 1885 4621 nnutia—
1906 4540 1963 4604 D
1992 4571 2281 4639 imperare.
2313 4570 2528 4636 Quibus
2556 4571 2835 4629 Artemius
2867 4540 3129 4644 cognitis,
3177 4540 3422 4646 praefecit
3453 4575 3573 4631 urbi

294 4672 375 4725 vit
406 4666 727 4740 imperatori
774 4680 1034 4737 magnum
1086 4672 1281 4719 contra
1308 4661 1515 4730 regiam
1569 4659 1759 4715 urbem
1791 4673 1888 4729 per
1988 4662 2326 4720 domesticos
2360 4663 2616 4721 homines
2648 4680 2782 4723 suos
2817 4668 3101 4738 principes
3125 4684 3229 4728 una
3258 4683 3380 4724 cum
3406 4669 3574 4732 stolo,

296 4771 506 4819 terram
554 4765 611 4815 et
658 4772 810 4814 mare
867 4758 1300 4814 instrumentum
1351 4768 1565 4810 eorum.
1599 4750 1756 4806 Tunc
1796 4751 1888 4806 ille
1990 4769 2154 4825 quem
2193 4756 2314 4826 ipse
2351 4765 2763 4821 construxerat,
2816 4768 2871 4813 et
2919 4759 3146 4816 armatis
3198 4763 3281 4816 eis
3333 4761 3452 4831 ipse
3485 4758 3580 4815 Ni-

300 4852 566 4929 pmcepit
633 4866 745 4923 quo
817 4850 1205 4922 unusquisque
1263 4854 1517 4918 sumptus
1575 4860 1753 4915 usque
1819 4842 1887 4897 ad
1992 4863 2158 4904 catam
2219 4849 2505 4920 ingressus
2565 4850 2679 4905 abit
2735 4851 2792 4905 in
2850 4852 3089 4918 urbem,
3140 4850 3452 4923 ibidemque
3519 4867 3579 4907 se

298 4946 526 5006 triennii
582 4955 802 5017 tempus
858 4943 1096 5001 sollicite
1158 4947 1520 5011 praepararet,
1561 4937 1654 5009 qui
1703 4942 1887 4991 autem
1992 4940 2189 4996 munit.
2235 4941 2488 4999 Rebelles
2516 4950 2701 4998 autem
2748 4942 3148 5011 ascendentes,
3202 4952 3259 5000 et
3299 4952 3579 5001 commoto

300 5040 407 5096 hoc
470 5052 581 5093 non
641 5035 971 5107 possederit,
1025 5035 1095 5089 ab
1148 5032 1311 5099 urbe,
1356 5030 1559 5101 inquit,
1596 5026 1866 5082 discedat.
1995 5038 2112 5087 toto
2139 5033 2378 5088 themate
2413 5031 2621 5089 Obsicli
2666 5042 2721 5090 et
2754 5031 3156 5106 Gotltogrrecis,
3210 5035 3579 5109 comprehen-

298 5131 605 5190 Constituit
630 5137 816 5186 autem
852 5127 1181 5201 pratpositos
1225 5121 1668 5181 construentium
1697 5131 1893 5185 naves.
1997 5125 2189 5195 sisque
2211 5127 2399 5183 multis
2435 5127 2652 5197 pusillis
2682 5136 2737 5184 et
2767 5128 2999 5203 magnis
3030 5127 3410 5205 negotiatoriis
3449 5142 3584 5184 sea-

298 5234 365 5294 et,
387 5224 561 5296 erepit
588 5222 860 5279 aediﬁcare
890 5220 1191 5277 dromones
1230 5225 1286 5273 et
1315 5215 1496 5272 dieres
1541 5212 1804 5286 igniferas
1839 5217 1895 5266 et
1996 5220 2144 5290 phis,
2201 5234 2302 5290 ρετ
2345 5229 2548 5275 genam
2606 5235 2813 5293 perque
2843 5238 2997 5279 mam
3025 5221 3412 5300 Chrysopolim
3448 5236 3581 5278 ουν-

300 5316 578 5373 maximas
632 5315 859 5382 trieres,
886 5321 942 5370 et
994 5311 1306 5368 maritimos
1350 5307 1573 5375 quidem
1610 5303 1898 5361 renovavit
1999 5322 2147 5368 runt.
2195 5312 2332 5369 Cum
2374 5325 2555 5369 autem
2588 5314 2742 5372 urbis
2770 5315 2970 5372 classis
3006 5315 3060 5371 in
3094 5324 3254 5386 portu
3291 5311 3350 5371 S.
3391 5311 3583 5369 Marnas

301 5424 516 5475 murus,
567 5406 824 5467 similiter
864 5412 1048 5463 autem
1078 5414 1135 5462 et
1168 5412 1443 5467 terrenos.
1497 5400 1703 5456 sistens
1738 5411 1897 5452 θηοο
2001 5405 2296 5460 stationem
2338 5405 2568 5469 ﬁxisset,
2603 5406 2840 5478 singulis
2890 5407 3205 5478 quibusque
3245 5406 3444 5462 diebus
3486 5420 3586 5476 per

300 5502 536 5560 balistae
564 5513 619 5563 et
672 5514 948 5573 mangana
975 5499 1029 5554 in
1085 5497 1332 5554 turribus
1377 5505 1433 5550 et
1477 5501 1898 5564 argumentosa!
2001 5512 2095 5553 sex
2128 5511 2348 5552 menses
2382 5497 2617 5553 invicem
2648 5508 3059 5572 expugnarunt.
3105 5495 3240 5552 Cum
3266 5514 3400 5553 vero
3432 5498 3586 5556 urbis

303 5597 445 5654 alia!
495 5595 822 5663 machinas;
862 5602 919 5651 et
958 5592 1267 5651 secundum
1293 5590 1438 5660 quod
1487 5585 1753 5659 possibile
1789 5583 1899 5642 Bibl
2002 5590 2179 5647 stolus
2220 5589 2289 5645 ad
2320 5587 2506 5645 Ncorii
2552 5590 2706 5647 urbis
2739 5602 2961 5663 portum
2998 5587 3278 5663 profectus
3319 5592 3583 5657 stetisset,

301 5698 426 5744 erat
478 5689 672 5745 urbem
718 5685 979 5753 munivit,
1028 5683 1323 5755 frugesque
1348 5680 1615 5753 plurimas
1658 5679 1713 5733 in
1741 5690 1902 5748 rega-
2002 5684 2284 5739 transiens
2313 5682 2661 5741 Theodosius
2718 5681 3068 5743 Tirracenses
3111 5685 3349 5742 obtinuit
3377 5696 3584 5759 partes.

304 5782 454 5841 libus
511 5781 729 5842 horreis
776 5783 985 5856 posuit,
1030 5789 1198 5861 atque
1247 5777 1493 5836 munitas
1540 5774 1764 5832 sibimet
1808 5786 1899 5829 re-
2004 5775 2327 5835 Proditione
2360 5792 2493 5834 vero
2532 5777 2677 5833 facta
2710 5778 2807 5847 per
2839 5787 3051 5849 portam
3091 5778 3390 5851 singularis
3439 5775 3587 5834 muri

305 5877 570 5936 servavit.
2011 5870 2439 5927 Blacberuarum
2515 5870 2704 5928 urbem
2767 5875 2930 5943 cepit.
2997 5872 3093 5931 Ast
3144 5872 3317 5946 iniqui
3383 5870 3588 5932 Obsicii
