4050 6308
533 317 669 409 test

1695 339 2098 401 ANASTASII
2123 305 2762 400 stsLtomseAnit

3669 350 3692 426 l
3702 349 3807 413 352

471 498 474 500 ,
533 454 715 524 pupula
755 443 859 507 ιιηξι
897 465 1020 506 cum
1050 446 1428 519 Gothogrmcis
1469 457 1637 501 noclu
1681 463 1778 518 per
1808 450 2000 504 domos
2028 449 2107 503 ci-
2137 457 2178 510 Α
2213 446 2433 501 nomine
2459 444 2658 511 Zuber,
2693 447 2746 501 in
2782 447 3076 517 praesentia
3125 450 3279 507 stetit
3325 451 3551 526 dicens:
3605 451 3806 511 Seruus

536 543 682 596 vium
720 540 1119 604 discurrentes,
1171 539 1465 592 maximum
1517 538 1654 592 nulli
1698 547 1988 608 parcentes
2015 555 2112 592 cx-

531 635 737 688 cidium
783 622 1013 701 operati
1044 639 1191 685 sunt.
1255 628 1536 699 Principes
1567 643 1771 694 autem,
1819 633 1911 699 qui
1949 632 2002 682 in
2049 646 2113 692 ea

530 725 1019 789 erant,'ArIemii.
1076 739 1181 776 una
1244 738 1368 776 cum
1433 722 1708 776 Germano
1761 724 2115 777 sanctissimo

532 821 844 890 patriarcha
877 815 1489 886 Constantinopolitano
1539 819 1979 885 comprehensos
2009 817 2113 869 du-

534 919 746 963 seruut‘
777 910 827 962 iu
877 924 1062 963 casam
1103 908 1332 961 Artemii
1391 916 1443 960 et
1479 923 1668 961 eorum
1700 908 1793 978 qui
1829 924 1952 962 cum
1993 909 2114 976 ipso

529 1011 725 1053 eranl.’
768 1000 939 1053 Porro
977 997 1258 1053 Artemius
1297 999 1383 1052 his
1419 998 1576 1062 visis,
1611 999 1995 1066 desperatione
2028 1001 2113 1055 sui

524 1091 749 1157 fessus,
779 1103 952 1148 semet
993 1094 1172 1162 ipsum
1229 1091 1499 1155 tradidit,
1546 1093 1825 1160 verboque
1871 1092 2115 1162 impuni-

524 1185 663 1247 tatis
700 1185 936 1254 expetito
968 1184 1276 1238 mouastieo
1313 1184 1538 1237 indutus
1565 1191 1652 1238 est
1680 1181 1891 1238 habitu.
1938 1185 2112 1249 Quem

530 1275 873 1331 Theodosius
927 1277 1156 1330 illmsum
1182 1292 1470 1330 reservans
1497 1278 1640 1346 apud
1660 1275 2111 1331 Thessalonicam

527 1371 724 1425 exsilio
753 1371 1033 1440 relegavit.
1082 1367 1255 1422 Porro
1286 1370 1627 1439 Philippicus
1668 1371 1956 1439 imperavit
1987 1371 2113 1440 qui-

527 1459 649 1514 dem
684 1461 844 1515 annis
888 1461 1104 1515 duobus
1137 1469 1191 1514 et
1243 1460 1528 1515 mensibus
1575 1476 1795 1524 novem,
1831 1463 2112 1519 Artemius

527 1564 657 1601 vero
695 1565 839 1603 anno
874 1567 982 1603 uno
1032 1559 1085 1604 et
1137 1551 1419 1606 mensibus
1460 1553 1656 1606 tribus.
1710 1551 1819 1607 Leo
1851 1565 2112 1620 praeterea

529 1655 650 1694 cum
685 1650 828 1696 esset
864 1649 1065 1712 praetor
1094 1641 1482 1712 Orientalium,
1519 1645 1779 1713 quoniam
1810 1649 2114 1702 auxiliaba-

529 1741 616 1783 tur
645 1733 908 1793 Artemio,
944 1748 1048 1786 non
1075 1742 1158 1787 est
1188 1733 1443 1788 subditus
1475 1733 1808 1790 Theodosio.
1866 1734 2113 1792 liabebat

2163 599 2169 605 ι
2219 535 2354 603 fugit
2400 535 2610 601 furatus
2660 537 2938 604 pecuniam
2991 537 3235 605 multam,
3284 551 3334 593 et
3385 552 3600 610 propter
3640 545 3800 597 illum

2217 626 2360 693 equis
2389 625 2698 680 insedimus.
2749 624 2920 683 Porro
2952 628 3196 698 ipsorum
3232 633 3413 703 agnita
3457 647 3660 704 praetor
3709 627 3822 689 de?

2217 719 2487 784 cuptione,
2520 718 2660 773 dixit
2685 720 2751 774 ad
2793 735 2927 775 eos:
2982 720 3066 776 Ne
3116 727 3396 778 turbemini
3427 741 3446 780 :
3496 744 3623 781 nam
3673 745 3802 797 quo-

2216 825 2418 880 cunque
2474 814 2760 879 perrexerit
2789 854 2804 878 ,
2858 815 2915 869 in
2970 819 3164 870 castris
3217 821 3414 872 nostris
3481 822 3801 887 reperiemus

2216 889 2356 958 cum.
2414 906 2693 963 Tristatus
2728 918 2909 965 autem
2947 913 3124 981 pctuit
3155 916 3367 970 occulte
3399 932 3496 986 per
3522 917 3802 975 hominem

2218 1014 2378 1051 suum
2422 1000 2767 1056 innotescere
2821 1002 2906 1057 his
2950 1005 3043 1073 qui
3090 1007 3296 1061 Amorii
3326 1017 3518 1074 erant,
3564 1009 3801 1066 dicens:

2221 1088 2421 1145 Timete
2448 1091 2640 1159 Deum,
2683 1110 2746 1148 ne
2781 1098 3122 1163 vosmetipsos
3169 1102 3435 1168 prodatis.
3497 1101 3637 1157 Ecce
3664 1103 3803 1156 enim

2213 1192 2265 1236 et
2301 1182 2600 1239 Masalmas
2637 1190 3046 1260 appropinquat.
3103 1189 3170 1244 Et
3214 1193 3349 1246 exiit
3374 1193 3544 1247 etiam
3581 1195 3806 1265 episeo-

2217 1289 2320 1344 pus
2355 1276 2422 1330 ad
2483 1293 2632 1338 cuni,
2676 1287 2729 1332 et
2779 1281 2967 1335 eadem
3019 1282 3136 1350 ipsa
3194 1283 3326 1337 dicit
3376 1284 3447 1338 ei.
3499 1283 3638 1340 Cum
3675 1301 3807 1343 vero

2218 1365 2532 1422 Suheliman
2585 1370 2872 1427 didicisset
2921 1373 3066 1442 quod
3122 1374 3328 1429 exisset
3373 1377 3438 1429 ad
3503 1392 3630 1430 eum
3688 1378 3809 1446 epi-

2217 1476 2458 1529 scopus,
2517 1464 2676 1517 mittit
2720 1464 2787 1518 ad
2838 1475 3168 1532 praztorem:
3223 1466 3302 1520 Dn
3353 1467 3534 1531 nobis,
3582 1469 3822 1534 dicens,

2213 1555 2540 1622 episcopum.
2601 1556 2706 1622 Qui
2775 1571 3007 1614 mmstus
3059 1559 3238 1617 iactus
3302 1561 3592 1617 abscondit
3649 1578 3802 1628 eum,

2215 1646 2432 1700 cuidam
2469 1647 2748 1702 hominum
2788 1665 3012 1704 suorum
3052 1653 3420 1721 praecipiens:
3465 1652 3665 1719 Nobis,
3711 1657 3803 1709 in-

2214 1738 2355 1806 quit,
2392 1738 2817 1810 colloquentibus
2851 1741 3012 1796 indue
3044 1759 3163 1797 eum
3200 1747 3322 1799 aiiis
3354 1748 3529 1809 stolis,
3564 1756 3616 1800 et
3645 1747 3802 1818 quasi

523 1833 704 1878 autem
742 1825 1144 1894 conspirantem
1180 1827 1283 1880 sibi
1317 1835 1370 1897 et
1395 1841 1814 1908 concurrentem
1842 1828 2101 1885 Artabas-
2137 1823 2180 1880 Β
2207 1839 2422 1899 propter
2451 1831 2595 1898 ligna
2641 1831 2718 1884 rel
2764 1848 2958 1902 aquam
3010 1836 3231 1889 missum
3286 1837 3401 1891 sine
3442 1842 3516 1890 ut
3551 1839 3709 1891 cadat
3732 1840 3796 1908 _iu

525 1914 655 1969 dum
695 1917 1032 1981 Armenium,
1068 1928 1355 1985 praetorem
1400 1921 1878 1988 Armeniacorum,
1933 1924 2021 1977 cui
2053 1931 2107 1977 et

527 2010 818 2076 spopondit
851 2009 1014 2062 tiliam
1044 2025 1103 2063 se
1134 2025 1285 2071 suam
1321 2012 1373 2064 in
1412 2026 1634 2065 uxorem
1672 2012 1786 2068 fore
1825 2014 2105 2084 daturum;

523 2099 670 2167 quod
697 2108 750 2152 et
783 2098 904 2153 fecit
920 2139 935 2154 .
1243 2107 1245 2110 ‘

596 2190 779 2245 Mundi
829 2206 973 2244 anno
1037 2191 1195 2254 6208,
1250 2193 1448 2246 divinze
1502 2193 1903 2250 incarnationis
1957 2211 2104 2252 anno

525 2282 651 2344 708.
682 2281 990 2338 Germanus
1033 2283 1680 2354 Constantinopolitanus
1724 2288 1956 2342 habetur
2006 2306 2106 2344 an-

522 2372 678 2426 tistes
702 2410 717 2434 ,
760 2373 852 2441 qui
889 2372 1146 2428 Ecclesia:
1179 2390 1370 2428 novem
1397 2374 1615 2444 prmiuit
1640 2375 1819 2430 annis.
1853 2375 2106 2432 Theodo-

522 2462 639 2517 sius
669 2477 800 2516 vero
830 2464 1058 2532 imperat
1087 2480 1232 2518 anno
1267 2481 1412 2532 uno;
1443 2465 1605 2534 cujus
1628 2475 1877 2536 tempore
1907 2466 2106 2523 Masal-

526 2567 646 2610 mas
686 2557 949 2611 adversus
992 2555 1530 2627 Constantinopolim
1582 2562 1754 2616 aciem
1789 2561 1998 2632 dirigit,
2051 2571 2106 2617 et

523 2649 784 2714 praemisit
842 2647 1182 2703 Suhelimam
1244 2666 1367 2704 cum
1425 2653 1672 2706 exercitu
1736 2669 1831 2723 per
1870 2657 2102 2720 siccam,

522 2741 819 2796 liuinarum
852 2757 980 2796 vero
1013 2757 1105 2811 per
1135 2758 1303 2797 mare.
1335 2743 1505 2798 Porro
1537 2745 1653 2814 ipse
1692 2756 1815 2815 post
1852 2760 1948 2802 eos
1977 2762 2104 2801 cum

520 2834 690 2888 multo
744 2844 1005 2905 apparatu
1059 2836 1241 2890 hostili
1297 2840 1464 2892 venit.
1533 2839 1867 2893 Suhelimam
1920 2849 2102 2896 autem

516 2937 571 2981 et
609 2927 914 2983 Barbarum
960 2931 1241 2986 Amorium
1292 2933 1668 3002 pervenientes
1723 2935 1977 2989 scribunt
2029 2934 2098 2990 ad

522 3016 757 3074 Leonem
807 3032 1098 3090 piatorem
1124 3021 1477 3077 Orientalium
1509 3024 1584 3078 ita
1617 3045 1631 3078 :
1680 3023 1938 3080 Nouimus
1976 3027 2104 3098 quia

516 3113 798 3182 imperium
831 3115 1190 3170 Romanarum
1219 3126 1268 3170 te
1302 3122 1467 3172 decet.
1541 3118 1666 3172 Veni
1703 3136 1824 3190 ergo
1877 3123 1948 3174 ad
1983 3137 2100 3187 nos,

2211 1933 2432 1974 montes.
2492 1921 2876 1978 lusistcutihus
2929 1936 3112 1980 autem
3160 1943 3258 1997 pro
3321 1931 3582 2001 episcopo
3633 1919 3820 1986 Sara;

2206 2021 2363 2075 cenis
2411 2021 2545 2074 dicit
2603 2031 2853 2090 praetor:
2925 2022 3050 2078 Non
3109 2035 3186 2079 est
3234 2025 3341 2080 hic.
3420 2027 3794 2085 Verumtamen

2205 2111 2406 2182 pergite
2425 2115 2492 2163 ad
2519 2128 2775 2171 emeram.
2807 2125 2855 2167 et
2884 2117 3033 2189 uenio
3062 2118 3224 2169 etiam
3260 2119 3390 2184 ipse,
3429 2129 3478 2172 et
3503 2121 3566 2173 de
3591 2121 3792 2178 cunctis

2206 2201 2499 2272 loquemur.
2541 2202 2645 2273 Ipsi
2689 2214 2872 2260 autem
2909 2205 3213 2277 cogitantes
3239 2211 3385 2280 quod
3432 2227 3559 2265 cum
3601 2215 3795 2271 introi-

2207 2301 2290 2369 ret
2324 2297 2387 2347 ad
2419 2309 2684 2357 ameram,
2722 2298 2774 2350 in
2817 2297 2998 2352 medio
3034 2299 3276 2369 ipsorum
3311 2302 3614 2358 retinerent
3642 2322 3790 2374 eum,

2208 2383 2354 2438 hunc
2406 2385 2756 2440 dimiserunt.
2828 2389 2896 2441 At
2949 2389 3041 2444 ille
3095 2406 3219 2444 cum
3273 2408 3416 2462 equo
3473 2396 3791 2468 insedisset,

2206 2475 2487 2546 profectus
2521 2493 2644 2531 cum
2703 2479 2785 2533 bis
2830 2489 3048 2536 centum
3103 2482 3420 2539 hominibus
3449 2488 3605 2554 quasi
3637 2503 3798 2542 vena-

2208 2579 2388 2635 turus,
2414 2569 2566 2623 dedit
2614 2570 2666 2623 iu
2715 2582 2924 2640 partem
2981 2573 3284 2631 sinistram.
3337 2577 3599 2631 Saraceni
3639 2593 3791 2649 ergo,

2206 2666 2299 2736 qui
2354 2673 2512 2718 erant
2555 2679 2681 2720 cum
2724 2680 2812 2726 eo.
2867 2665 3059 2721 dicunt
3114 2668 3231 2722 illi:
3294 2669 3411 2735 Quo
3462 2671 3666 2726 vadis?
3723 2669 3793 2726 [tt

2204 2759 2398 2823 pratis,
2423 2758 2517 2821 ait,
2552 2760 2666 2811 uolo
2692 2775 2923 2813 manere.
2951 2759 3021 2813 At
3051 2760 3129 2815 illi
3161 2761 3416 2816 dixerunt
3444 2777 3456 2814 :
3490 2761 3790 2818 Consilium

2207 2862 2355 2910 tuum
2389 2867 2491 2904 non
2518 2863 2593 2905 est
2632 2853 2845 2915 bonum,
2873 2862 2923 2905 et
2953 2870 3055 2906 non
3096 2855 3358 2909 veniemus
3390 2867 3583 2911 tecum.
3638 2857 3796 2912 Tunc

2203 2945 2338 3002 dicit
2370 2961 2570 3018 praetor
2601 2950 2716 3004 suis
2750 2966 2762 3002 :
2815 2949 2979 3005 Verbo
3021 2951 3168 3004 nobis
3201 2958 3328 3004 dato
3373 2962 3545 3006 tenere
3588 2970 3684 3007 nos
3713 2970 3795 3008 uo-

2206 3039 2438 3107 luerunt,
2471 3052 2521 3095 et
2554 3055 2771 3112 propter
2801 3060 2894 3097 nos
2931 3042 3265 3098 Christianos
3299 3047 3536 3113 perdere.
3599 3045 3791 3100 Verum

2205 3148 2270 3186 ea:
2304 3134 2601 3188 hominibus
2640 3138 2840 3190 nostris
2889 3135 2970 3189 uel
3008 3137 3392 3202 animantibus,
3425 3153 3543 3206 qua
3575 3124 3820 3206 remau-f

516 3216 565 3259 et
615 3208 896 3278 loquamur
949 3227 1067 3280 qua:
1111 3212 1179 3262 ad
1239 3227 1419 3280 pacem
1474 3221 1620 3267 sunt.
1663 3215 1891 3268 intuens
1919 3224 2101 3269 autem
2132 3187 2176 3245 ϐ
2209 3237 2431 3292 serunt,
2483 3228 2688 3282 nullum
2748 3230 2995 3283 retinent.
3068 3229 3132 3282 lit
3181 3247 3306 3283 eum
3364 3232 3496 3286 isset
3548 3204 3818 3289 millibus;

516 3297 851 3354 Suhelunam
901 3301 1187 3354 Amorittm
1250 3303 1552 3356 exercitum
1595 3320 1705 3358 non
1762 3305 1999 3371 habere,
2053 3291 2141 3360 et-

516 3390 861 3447 inimicitiam
893 3410 1059 3462 penes
1087 3395 1471 3462 magistratum
1502 3399 1686 3468 jacere
1718 3400 1789 3454 ob
1839 3399 2104 3454 auxilium

519 3481 671 3552 quod
713 3485 958 3539 Artemio
1011 3487 1366 3555 conferebat,
1422 3487 1639 3544 obsedit
1698 3490 1864 3554 illud,
1916 3491 2106 3548 volens

515 3574 627 3628 iilic
655 3584 709 3630 et
739 3574 1055 3631 Masalmam
1084 3589 1426 3650 exspectare.
1457 3581 1576 3635 Mos
1611 3589 1788 3636 autem
1821 3589 1880 3636 ut
1912 3598 2104 3653 appro-

517 3666 799 3735 pinquavit
849 3669 1057 3722 civitati
1099 3711 1113 3731 .

512 3753 794 3811 diiiamare
826 3767 1113 3827 praetorem
1163 3758 1399 3817 Leonem
1443 3763 1858 3834 imperatorem,
1893 3781 2100 3836 rogem

513 3854 598 3904 tes
659 3858 712 3903 et
755 3849 854 3906 hos
908 3851 1003 3922 qui
1073 3853 1221 3909 intus
1265 3864 1466 3923 erant,
1522 3857 1575 3911 id
1637 3858 1814 3926 ipsum
1863 3856 2098 3914 edicere.

514 3936 776 3993 Videntes
831 3956 1013 3996 autem
1058 3952 1112 3997 et
1169 3944 1223 3999 hi
1273 3947 1367 4015 qui
1422 3958 1603 4001 erant‘
1635 3948 1884 4016 Amorii,
1946 3950 2097 4022 quod

514 4028 774 4084 Saraceni
835 4031 982 4086 hunc
1031 4048 1221 4090 amore
1272 4037 2002 4101 laudarent,‘laudaverunt
2037 4051 2096 4097 et

513 4116 640 4184 ipsi.
677 4117 1025 4183 Cognoscens
1057 4137 1188 4176 vero
1223 4131 1424 4192 praetor
1446 4126 1592 4196 quod
1617 4129 1820 4185 taxatis
1849 4145 1913 4184 ac
1943 4129 2125 4212 prin?

508 4209 726 4279 cipibus
745 4227 851 4266 non
874 4202 1270 4272 exsistentibus
1299 4219 1602 4289 periturum
1623 4221 1764 4278 foret
1784 4202 2094 4293 Amoriu’in,

507 4303 781 4373 signiﬁcat
828 4304 1186 4365 Subeliman:
1237 4310 1300 4365 Si
1344 4317 1441 4376 vis,
1473 4315 1753 4386 inquiens,
1791 4328 1848 4372 ut
1889 4321 2093 4376 veniam

506 4396 576 4446 ad
603 4403 649 4448 te
673 4406 722 4448 et
747 4413 864 4466 qua:
892 4399 1040 4465 pacis
1073 4411 1195 4454 sunt
1230 4404 1533 4474 loquamur,
1581 4424 1678 4461 cur
1708 4411 1918 4467 obsides
1961 4414 2085 4469 ciri-

1176 3682 1466 3741 cceperunt
1519 3674 1784 3729 Saraceni
1843 3674 2103 3730 laudibus
2165 3691 2172 3697 ·

2208 3316 2419 3380 decem,
2474 3319 2694 3372 mansit.
2738 3318 2964 3374 Postera
2997 3308 3122 3375 rero
3163 3320 3252 3375 die
3284 3322 3446 3376 mittit
3487 3333 3790 3377 stratorum

2209 3423 2435 3462 suorum
2480 3411 2865 3473 domesticum.
2906 3420 2959 3466 et
2992 3409 3263 3482 signiticet
3301 3414 3426 3469 eis:
3483 3414 3626 3480 Quia
3675 3431 3790 3470 per-

2207 3498 2328 3553 itum
2366 3501 2494 3554 mihi
2535 3501 2758 3558 dedistis
2786 3513 2838 3557 et
2865 3503 2989 3558 dolo
3018 3521 3098 3558 me
3140 3507 3367 3559 retinere
3398 3508 3663 3572 voluistis,
3697 3509 3786 3564 id.

2204 3594 2345 3645 circa
2395 3594 2604 3646 recessi.
2657 3594 2727 3646 At
2786 3609 2913 3649 vero
2942 3594 3232 3651 Masalmas
3275 3598 3552 3654 claustras
3601 3607 3787 3658 trans-

2205 3685 2366 3750 ierat,
2451 3683 3008 3742 Suheliman.autem
3069 3689 3173 3742 hoc
3229 3688 3537 3760 ignorabat.
3614 3690 3788 3748 Porro

2202 3777 2518 3832 tuntultuati
2555 3788 2685 3832 sunt
2725 3781 2927 3835 amerei
2969 3790 3023 3834 et
3059 3783 3292 3850 populus
3341 3794 3532 3839 contra
3578 3776 3820 3840 Sit-ltelii

2202 3885 2353 3935 man,
2377 3871 2729 3939 perhibentes
2760 3891 2773 3926 :
2809 3870 2878 3926 Ut
2911 3872 3038 3942 quid
3065 3873 3364 3928 obsidemus
3388 3891 3590 3939 muros,
3628 3887 3680 3932 et
3709 3879 3787 3932 itt-

2201 3962 2469 4016 cursiones
2510 3977 2611 4016 non
2660 3964 2933 4030 facimus?
2980 3964 3367 4036 Repositisque
3411 3969 3786 4026 tabernaculis

2197 4055 2594 4128 discesserunt.
2643 4055 2859 4112 Praetor
2902 4069 3084 4113 autem
3136 4058 3374 4113 Niemam
3403 4065 3780 4120 turmam-bam

2198 4160 2321 4200 eum
2346 4133 2681 4217 octingentis
2714 4148 2977 4203 militibus
3008 4151 3062 4204 in
3095 4149 3415 4206 Armorium
3451 4155 3781 4226 introduxit,

2195 4241 2413 4295 emissis
2445 4256 2508 4294 ex
2541 4257 2606 4296 eo
2651 4243 2838 4297 multis
2887 4245 3212 4300 mulieribus
3249 4257 3302 4301 et
3342 4246 3681 4315 infantibus,
3725 4262 3781 4307 et

2197 4333 2567 4402 proﬁciscitur
2600 4335 2719 4406 ipse
2763 4337 2819 4390 in
2852 4336 3134 4393 Pisidiam.
3189 4339 3325 4394 Cum
3351 4352 3532 4397 autem
3575 4344 3778 4400 Massi-

2196 4441 2316 4482 mas
2357 4429 2600 4484 venisset
2632 4430 2685 4484 iu
2726 4429 3150 4501 Cappadociam,
3192 4435 3468 4505 desperati
3511 4453 3681 4509 super
3718 4455 3780 4496 se

509 4495 670 4606 latera
697 4489 724 4541 .9
761 4489 828 4606 Alt
859 4490 984 4544 ille:
1017 4490 1168 4606 lieni,
1213 4494 1414 4566 inquit,
1441 4507 1493 4553 et
1527 4502 1731 4602 recedo.
1764 4502 1830 4558 Ει
1863 4515 2090 4576 accepto
2121 4532 2166 4587 ι)
2194 4517 2550 4589 Cappadoces
2577 4523 2831 4577 exierunt
2866 4526 2931 4579 ad
2959 4540 3110 4586 eum,
3145 4535 3203 4580 ut
3233 4489 3776 4606 scrreciperetrﬂagi.

442 4652 447 4656 '
507 4585 708 4645 pra:tur
750 4579 817 4632 ab
850 4595 913 4634 eo
951 4582 1118 4637 verbo
1158 4601 1282 4639 cum
1337 4590 1601 4644 trecentis
1637 4595 1914 4662 equitibus
1939 4598 2090 4653 venit

505 4669 570 4720 ad
629 4669 803 4722 illum.
876 4671 1134 4729 Videntes
1191 4685 1371 4730 autem
1423 4694 1546 4734 eum
1605 4682 1843 4752 Agareni
1901 4688 2086 4742 vestiti

507 4757 695 4813 loricis
733 4761 848 4816 suis
891 4778 1156 4820 venerunt
1188 4768 1236 4820 ei
1271 4769 1510 4837 obviam,
1565 4775 1659 4844 qui
1702 4780 1960 4833 manebat
2006 4781 2088 4835 di-

504 4846 673 4899 midio
720 4851 910 4917 procul
959 4867 990 4905 a
1037 4855 1233 4911 castris
1263 4873 1452 4913 eorum
1505 4864 1785 4921 milliaria.
1842 4867 1944 4923 Per
1973 4879 2087 4928 tres

504 4950 636 4989 sane
659 4940 777 4993 dies
825 4955 891 4995 eo
922 4946 1256 5011 procedente
1287 4950 1351 5003 ad
1388 4951 1592 5021 ipsum,
1644 4972 1765 5026 quae
1794 4958 1859 5012 ad
1897 4976 2083 5030 pacem

505 5038 656 5095 sunt,
713 5033 1105 5105 loquebantur,
1160 5049 1210 5094 et
1244 5051 1356 5096 uta
1385 5045 1607 5102 civitate
1642 5051 2002 5108 recederent:
2031 5064 2088 5111 at

502 5116 580 5174 illi
628 5125 947 5179 asserebant
973 5143 986 5179 :
1024 5126 1232 5198 Sponde
1257 5125 1460 5200 pacem,
1492 5146 1544 5188 et
1574 5142 1881 5197 recedimus.
1915 5144 2084 5199 Com-

500 5223 657 5280 perto
717 5232 845 5271 vero
916 5232 1118 5290 praetor
1178 5227 1321 5294 quod
1379 5244 1503 5284 eum
1560 5233 1760 5288 velient
1822 5238 2081 5304 retinere,

500 5310 713 5362 vocavit
758 5314 958 5368 multos
990 5333 1053 5368 ex
1093 5318 1397 5375 illustribus
1428 5320 1717 5382 Saracenis
1745 5329 1810 5383 ad
1840 5345 2078 5398 coenam,
2112 5349 2120 5355 '

496 5411 553 5455 et
599 5407 952 5461 vescentibus
1011 5411 1094 5464 eis
1163 5412 1313 5467 misit
1380 5413 1699 5474 Suheliman
1757 5422 1860 5475 tria
1910 5424 2079 5479 millia

490 5495 852 5552 loricatorutn
884 5502 949 5555 ad
978 5503 1426 5583 circumdandum
1465 5526 1590 5581 eum
1629 5531 1696 5569 ne
1743 5515 1975 5588 fugeret,
2022 5530 2078 5575 et

495 5593 846 5679 servandum.
896 5595 1013 5662 Quo
1037 5601 1257 5671 cognito
1289 5606 1540 5664 custodia
1581 5610 1855 5663 nuntiavit
1878 5611 1926 5665 ei
1950 5613 2076 5682 quia

496 5683 875 5758 multitudines
922 5694 1258 5760 equestrium
1300 5694 1697 5755 Saracenorum
1741 5701 1795 5756 in
1838 5703 2075 5760 circuitu

493 5768 894 5837 nostrotstant.
957 5782 1196 5846 Veniens
1246 5799 1425 5845 autem
1474 5808 1615 5852 unus
1660 5810 1725 5851 ex
1774 5798 1854 5853 eis
1884 5814 2073 5868 eques.

2193 4619 2392 4665 tantes.
2470 4610 2671 4666 Audita
2730 4628 2865 4669 vero
2925 4614 3212 4670 Masalmas
3268 4619 3552 4676 inimicitia
3609 4639 3773 4694 quam

2191 4698 2428 4753 habebat
2478 4698 2821 4755 Theodosius
2869 4702 2924 4756 iu
2988 4712 3325 4772 praetorem,
3395 4710 3583 4765 volens
3632 4714 3775 4769 hunc

2189 4789 2444 4861 decipere
2487 4800 2544 4846 et
2593 4793 2797 4861 pacisci
2843 4810 2968 4850 cum
3015 4812 3081 4850 eo
3115 4812 3176 4850 ac
3225 4813 3323 4868 per
3356 4801 3535 4870 ipsum
3568 4801 3774 4862 Roma-

2191 4881 2331 4936 niatu
2368 4883 2470 4937 sibi
2502 4884 2802 4952 subjicere,
2833 4887 2967 4941 dicit
2999 4889 3122 4944 eis:
3164 4888 3288 4945 Non
3325 4897 3455 4948 estis
3492 4903 3775 4964 pra-toris!

2188 4976 2283 5044 qui
2329 4975 2630 5032 dixerunt:
2667 4976 2868 5035 Etiam.
2923 4979 3133 5036 Facitis
3174 4987 3430 5056 quidquid
3476 4990 3657 5060 facit!
3705 4994 3773 5048 At

2188 5067 2311 5122 illi:
2360 5066 2565 5122 Etiam.
2609 5067 2761 5126 Tune
2785 5073 2919 5128 dicit
2945 5078 3065 5130 eis:
3117 5075 3200 5130 lle
3231 5080 3298 5131 ad
3344 5092 3526 5137 castra
3572 5095 3767 5147 vestra.

2185 5169 2234 5214 et
2261 5176 2569 5233 quemquam
2602 5163 2765 5217 nolite
2793 5166 2994 5232 timere,
3023 5169 3297 5240 jussitque
3330 5176 3530 5243 populo
3569 5195 3671 5233 suo
3705 5194 3770 5234 ne
3798 5159 3804 5162 ξ

2189 5243 2567 5321 praedarentur
2618 5256 2671 5308 in
2734 5261 2950 5312 cunctis
2992 5263 3244 5327 primoris
3291 5267 3610 5332 provinciis.
3669 5269 3766 5325 His

2185 5347 2386 5408 praetor
2415 5345 2746 5412 compertis,
2789 5355 2841 5399 et
2897 5348 3209 5421 intelligens
3249 5355 3394 5424 quod
3441 5356 3765 5414 Suheliman

2183 5433 2467 5488 nuntiaret
2504 5435 2779 5492 Masaltnze
2813 5440 2956 5508 quod
2997 5456 3055 5494 se
3098 5441 3370 5501 dimiserit
3399 5459 3452 5501 et
3485 5449 3762 5507 discesse-

2185 5523 2278 5587 rit,
2330 5525 2482 5580 misit
2528 5527 2747 5582 litteras
2809 5530 2874 5582 ad
2927 5529 3249 5600 Masalman,
3303 5535 3670 5595 dicens:.Ad
3719 5553 3766 5595 te

2180 5615 2416 5671 volebam
2437 5620 2629 5685 venire,
2677 5621 2770 5676 sed
2806 5620 3141 5692 Suheliman,
3175 5643 3294 5680 cum
3331 5631 3487 5685 issent
3528 5634 3599 5686 ad
3621 5650 3763 5701 eun',

2182 5721 2354 5765 tenere
2382 5728 2461 5766 me
2488 5712 2673 5779 voluit,
2702 5724 2752 5767 et
2781 5714 2978 5770 idcirco
3007 5728 3180 5773 metuo
3219 5725 3391 5779 uenire
3415 5727 3486 5778 ad
3513 5735 3583 5782 te.
3626 5727 3762 5783 Dicit

2178 5819 2309 5875 ergo
2341 5804 2634 5863 Masalmas
2669 5809 2874 5864 homini
2910 5813 3162 5880 praetoris
3194 5831 3207 5867 :
3267 5815 3408 5871 Novi
3461 5820 3602 5890 quod
3632 5822 3760 5876 illu-
