4050 6308
334 371 468 439 i353

1147 364 1516 430 HISTORIA
1557 365 2133 428 ECCLESIASTICA
2176 366 2279 427 EX
2317 367 2797 430 THEOPHANE.

3455 363 3594 431 135$

323 491 416 544 dat
469 487 598 542 mihi
647 496 864 558 praetor,
908 501 970 539 ne
1016 485 1224 553 penitus
1266 483 1551 552 deperdam
1599 481 1897 549 provincias
1932 486 1971 542 Α
2005 481 2133 536 vulo
2165 483 2218 536 in
2256 483 2462 537 cacabo
2493 481 2636 535 hunc
2666 487 2957 544 coxerunt,
2991 477 3240 551 atquein
3269 477 3590 550 hujusmodi

323 585 460 654 ejus.
489 582 629 637 Dicit
670 583 717 636 ei
747 579 908 634 homo
940 578 1231 648 praetoris:
1273 574 1397 630 Non
1446 584 1523 629 est
1567 576 1645 628 ita
1669 615 1684 638 ,
1713 574 1800 627 sed
1850 575 1905 628 in

323 678 546 733 reritate
604 674 785 729 scribit
834 673 949 726 tibi.
1025 669 1183 725 Tunc
1232 670 1578 739 interrogat:
1632 665 1907 732 Quomodo

323 777 400 822 est
462 765 742 822 Amorium
785 780 911 836 erga
958 762 1163 818 illum?
1209 761 1341 815 Ait:
1387 759 1526 815 Bene
1561 770 1612 814 et
1653 761 1705 814 in
1733 759 1908 830 subje-

324 860 497 913 ctione
526 857 660 925 ejus.
700 853 875 910 Iratus
915 864 1097 908 autem
1131 852 1348 922 injuriis
1399 851 1578 906 affecit
1607 866 1731 906 eum
1756 891 1771 916 ,
1822 851 1911 905 di—

324 965 501 1007 cens:
561 949 673 1004 Cur
726 947 1018 1003 mentiris?
1066 945 1138 1000 At
1176 945 1305 1001 ille:
1343 945 1431 1000 Ita
1457 953 1536 999 est
1577 953 1633 997 ut
1661 944 1797 1000 dixi.
1844 943 1913 997 Et

325 1052 547 1099 taxatos
577 1042 746 1096 mittit
804 1055 911 1095 una
954 1053 1079 1095 cum
1124 1039 1438 1093 turmarcha
1490 1038 1544 1092 in
1588 1036 1766 1108 ipsum
1797 1077 1810 1100 ,
1857 1042 1912 1089 et

325 1135 518 1192 eduxit
555 1132 989 1190 abundantiores
1022 1129 1282 1186 familias.
1313 1129 1694 1186 Tribulatione
1728 1129 1914 1199 itaque

328 1230 539 1302 ingenti
571 1228 863 1285 Masalmas
883 1218 1179 1297 super‘hoc
1212 1233 1460 1295 accepta,
1500 1224 1688 1278 furore
1718 1222 1913 1293 plenus

328 1323 544 1395 expulit
573 1336 720 1378 eum.
748 1319 1050 1376 Consilium
1092 1315 1294 1389 quippe
1327 1316 1562 1372 habebat
1600 1324 1788 1372 aestate
1818 1329 1914 1370 ca-

328 1430 459 1487 pere
496 1414 652 1478 illud,
683 1421 736 1465 et
771 1409 1125 1481 exspectandi
1149 1400 1406 1474 classem,
1446 1416 1501 1461 et
1531 1408 1612 1463 sic
1646 1408 1700 1462 in
1729 1405 1913 1461 Asiam

331 1505 706 1566 descendendi
741 1513 904 1574 atque
929 1502 1224 1559 hiemandi.
1281 1500 1482 1557 lterum
1514 1513 1643 1571 ergo
1681 1499 1915 1570 quaesito

330 1600 586 1675 praetoris
621 1598 846 1654 homine
881 1596 1198 1653 sciscitatur
1226 1595 1293 1649 ab
1325 1609 1410 1649 eo.
1466 1593 1558 1650 llle
1598 1581 1730 1648 vero
1763 1592 1916 1662 jure-

325 1692 564 1763 iurando
594 1690 733 1746 dixit
767 1690 833 1745 ad
877 1704 1002 1744 eum
1037 1706 1050 1743 :
1087 1686 1281 1744 Omnia
1319 1702 1437 1758 qua:
1477 1686 1567 1740 aio
1613 1684 1743 1749 tibi,
1786 1701 1909 1740 cera

331 1795 478 1842 sunt.
549 1783 653 1839 Sed
679 1791 728 1838 et
767 1781 914 1836 mille
942 1781 996 1836 in
1023 1780 1076 1834 id
1109 1781 1283 1833 laxati
1333 1795 1450 1832 cum
1487 1776 1794 1831 turmarcha
1827 1777 1916 1830 in-

2016 571 2126 629 Deo
2149 571 2472 628 detestabile
2495 572 2831 629 sacrilicium
2855 584 3068 637 omnes,
3087 570 3181 641 qui
3209 569 3416 627 bellare
3443 571 3592 628 vole-

2014 665 2170 730 bant,
2222 664 2464 720 desteraa
2513 680 2710 721 manus
2751 679 2868 720 suae
2911 662 3165 718 manicas
3205 661 3593 733 intingebant;

2013 763 2067 812 et
2103 757 2308 813 idcirco
2340 757 2582 813 inimicis
2611 766 2742 812 sunt
2769 756 2976 811 traditi.

2085 845 2271 903 Mundi
2295 862 2440 903 anno
2463 847 2623 917 6:209,
2649 847 2850 902 divinae
2874 846 3272 902 incarnationis
3295 862 3441 902 anno
3459 845 3590 913 709,

2015 939 2125 996 Leo
2155 940 2458 1011 imperator
2489 941 2863 995 Romanorum
2892 939 3235 1012 provehitur,
3268 942 3361 1012 qui
3389 937 3459 996 24
3484 935 3592 996 itii-

2015 1033 2226 1102 peravit
2253 1032 2437 1088 annis.
2465 1033 2784 1088 Suheliman
2815 1048 2945 1088 vero
2990 1033 3098 1088 dux
3131 1033 3371 1089 Arabum
3409 1035 3592 1089 nosci-

2015 1135 2126 1191 tur,
2163 1127 2255 1197 qui
2308 1127 2489 1182 tribus
2539 1125 2760 1196 praefuit
2812 1127 2995 1181 annis.
3045 1125 3159 1181 Hoc
3208 1127 3394 1197 itaque
3443 1129 3594 1182 anno

2016 1220 2126 1277 Leo
2169 1221 2442 1291 imperare
2481 1221 2651 1290 coepit
2681 1236 2742 1274 ex
2800 1219 3328 1276 Gcrmaniccnsibus
3373 1203 3602 1275 derivali

2019 1324 2125 1378 tus,
2159 1329 2360 1384 genere
2407 1312 2604 1383 Syrus,
2655 1314 2749 1383 qui
2797 1329 2826 1368 a
2875 1312 3188 1369 Justiniauo
3238 1313 3591 1384 imperatore;

2015 1422 2138 1461 cum
2204 1408 2358 1477 prius
2412 1417 2690 1478 regnaret,
2735 1407 3069 1461 transfertur
3116 1405 3170 1460 in
3213 1404 3592 1462 Mesembriam

2017 1499 2269 1556 Thracae.
2329 1499 2503 1556 Porro
2555 1501 2882 1571 posterioris
2939 1497 3154 1570 imperii
3209 1497 3297 1553 sui
3349 1509 3594 1570 tempore

2015 1609 2140 1650 cum
2173 1593 2386 1648 veniret
2428 1609 2535 1648 una
2571 1608 2696 1648 cum
2738 1591 3091 1661 Vulgaribus,
3124 1591 3321 1647 obvius
3367 1591 3416 1647 ei
3466 1607 3590 1647 cum

2018 1687 2344 1742 muneribus
2406 1685 2511 1740 fuit
2585 1686 2767 1740 ovium
2832 1686 3278 1755 quingentarum.
3340 1683 3597 1738 Placatus

2019 1785 2202 1832 autem
2223 1775 2578 1831 Iustinianus
2607 1775 2947 1846 spatharium
2974 1774 3227 1844 protinus
3259 1773 3409 1828 illum
3439 1772 3591 1840 fecit,

332 1877 498 1950 gressi
536 1883 683 1939 sunt,
726 1880 1076 1942 cunctamque
1109 1871 1474 1926 substantiam
1522 1869 1718 1923 ibidem
1757 1869 1912 1922 habi-
1943 1843 1990 1903 Β
2019 1876 2072 1923 et
2098 1869 2287 1923 habuit
2317 1868 2466 1924 hunc
2493 1843 2655 1922 sicuti
2682 1843 3004 1938 germanum
3033 1866 3293 1920 amicum.
3325 1864 3593 1922 Prarterea

336 1968 571 2023 tantium
600 1974 649 2020 et
679 1965 860 2033 inopes
892 1962 1135 2034 familias
1162 1961 1347 2017 eduxit
1382 1961 1552 2015 illinc.
1586 1959 1682 2016 His
1715 1960 1914 2015 auditis

334 2060 532 2118 scribit
583 2056 808 2129 praetori
844 2072 859 2110 :
904 2054 1036 2109 Veni
1086 2059 1154 2108 ad
1206 2069 1307 2120 me,
1346 2054 1626 2124 inquiens,
1657 2062 1708 2107 et
1745 2061 1916 2107 tecum

332 2154 598 2222 paciscor,
635 2159 686 2204 et
721 2151 967 2204 universa
1003 2158 1060 2202 ut
1106 2148 1182 2203 vis
1221 2147 1470 2216 patrabo.
1498 2146 1916 2225 Contemplatus

335 2245 505 2317 igitur
534 2251 733 2315 praetor
755 2242 903 2313 quod
933 2239 1205 2296 Massaleo
1226 2241 1657 2311 propinquasset
1685 2250 1742 2294 et
1769 2240 1916 2310 quod

336 2336 391 2392 in
425 2333 550 2389 aliis
575 2333 820 2404 quinque
847 2330 1040 2387 diebus
1072 2329 1385 2401 provincias
1415 2343 1546 2386 suas
1577 2331 1916 2385 transiturus

335 2431 508 2491 esset,
541 2422 728 2479 missis
762 2421 830 2477 ad
865 2436 990 2477 eum
1022 2421 1237 2476 duobus
1266 2421 1590 2478 consulibus
1641 2421 1916 2493 signiﬁcat

337 2516 384 2569 ei
416 2514 608 2569 dicens
635 2531 650 2568 :
685 2511 927 2567 Litteras
966 2520 1086 2566 tuas
1115 2513 1292 2582 accepi
1321 2521 1369 2568 et
1399 2514 1724 2568 uoluntatem
1769 2523 1917 2567 tuam

338 2603 562 2672 suscepi,
595 2613 644 2657 et
669 2619 732 2656 en
763 2603 829 2656 ad
855 2614 904 2656 te
932 2601 1100 2656 venio.
1128 2599 1258 2668 Sed,
1281 2613 1336 2656 ut
1363 2604 1522 2668 nosti,
1555 2612 1753 2672 prtetor
1774 2619 1914 2668 sum,

337 2703 384 2749 et
418 2694 654 2764 pecunia:
703 2701 754 2747 et
811 2702 1090 2763 argentum
1138 2703 1192 2748 et
1231 2693 1457 2763 populus
1509 2710 1589 2748 me
1639 2704 1916 2749 secuturus

335 2795 437 2853 est,
469 2803 531 2841 ac
569 2800 663 2856 per
705 2785 801 2840 hoc
848 2801 928 2840 me
976 2786 1218 2855 permitte
1250 2787 1376 2841 mihi
1423 2803 1584 2857 super
1608 2803 1919 2859 unoquoque

337 2879 574 2949 ipsorum
612 2877 848 2932 uerbum.
883 2875 953 2931 Et
996 2879 1044 2932 si
1088 2878 1300 2950 quidem
1336 2879 1784 2949 quemadmodum
1830 2896 1919 2935 re-

336 2972 488 3042 quiro
538 2987 602 3027 es;
654 2970 796 3027 vobis
844 2987 1010 3026 causa
1053 2988 1170 3026 mea
1209 2972 1372 3043 fuerit
1433 2972 1615 3041 facta,
1676 2973 1803 3028 bene
1865 2983 1916 3029 et

337 3065 534 3130 optime
561 3078 580 3117 :
621 3063 708 3119 sin
748 3073 948 3130 autem,
983 3063 1244 3118 indemnis
1273 3065 1463 3118 saltem
1493 3075 1542 3118 et
1575 3065 1921 3121 tribulatione

338 3155 656 3226 proﬁciscar
682 3164 918 3224 excepta.
955 3154 1282 3212 Consulibus
1320 3171 1451 3229 ergo
1471 3157 1919 3226 pervenientibus

342 3247 410 3301 ad
464 3261 589 3300 eum
646 3246 701 3300 in
759 3245 1194 3312 Theodosianis,
1234 3247 1369 3304 dicit
1422 3250 1530 3306 illis
1576 3249 1917 3306 Masalmas:

341 3338 590 3394 Sciebam
627 3340 767 3409 quod
800 3338 1049 3395 illuderet
1081 3341 1210 3395 mihi
1237 3350 1437 3411 praetor
1461 3353 1649 3397 uester.
1693 3343 1761 3398 At
1798 3343 1915 3411 illi,

341 3431 513 3498 Absit,
543 3431 818 3500 inquiunt.
855 3430 1011 3487 Tunc
1043 3431 1187 3488 facto
1218 3432 1363 3504 quod
1392 3435 1721 3505 quasierant
1756 3436 1920 3492 verbo

339 3526 549 3583 dimisit
584 3541 706 3583 eos.
760 3525 946 3583 Donec
977 3527 1164 3597 itaque
1185 3529 1446 3585 consules
1482 3543 1607 3584 cum
1647 3531 1922 3609 suscripto

341 3619 510 3675 verbo
562 3618 631 3674 ad
688 3627 979 3691 praetorem
1037 3620 1278 3677 fuissent
1315 3623 1568 3689 reversi,
1628 3622 1921 3680 Masalmas

341 3710 597 3780 copiosas
651 3711 1031 3769 multitudines
1078 3713 1328 3780 habens,
1386 3723 1440 3772 et
1484 3731 1718 3787 usquam
1773 3728 1922 3774 stare

342 3816 451 3856 non
488 3804 701 3870 valens,
741 3805 1135 3862 Achroheuum
1190 3807 1327 3864 adit.
1378 3808 1651 3867 Praeterea
1686 3827 1812 3866 cum
1841 3812 1923 3868 vi-

344 3895 522 3950 disset
556 3902 759 3964 praetor
796 3897 940 3967 quod
974 3914 1106 3957 suas
1140 3900 1545 3958 transmisisset
1572 3903 1663 3959 ille
1695 3904 1924 3976 provin-

341 3985 481 4048 cias.
522 3982 898 4043 Nicomediam
948 3989 1120 4056 vadit,
1167 4000 1222 4046 et
1251 3989 1550 4049 Theodosii
1592 3992 1765 4050 filium
1792 4010 1926 4050 con-

341 4086 571 4133 secutus
591 4080 736 4148 capit
755 4079 902 4135 hunc
931 4097 1058 4138 cum
1075 4083 1228 4140 omni
1256 4093 1521 4156 apparatu
1539 4087 1689 4158 regio
1716 4094 1773 4143 et
1795 4086 1927 4143 viris

343 4173 540 4243 primis
574 4174 785 4244 palatii.
845 4175 916 4231 At
959 4192 1089 4233 vero
1140 4176 1434 4236 Masalmas
1483 4179 1826 4238 descendens
1871 4181 1926 4236 in

342 4265 529 4320 Asiam
579 4265 842 4324 hiemavit
883 4268 1020 4334 illic,
1073 4277 1130 4326 et
1158 4269 1437 4328 Humarus
1467 4273 1523 4328 in
1563 4272 1776 4328 Cilicia.
1829 4275 1927 4328 Ast

343 4370 546 4432 praetor
586 4367 872 4431 assumpto
905 4360 1014 4417 filio
1043 4362 1415 4434 imperatoris,
1441 4373 1497 4422 et
1524 4365 1663 4422 inito
1696 4366 1929 4422 consilio

345 4465 472 4506 cum
541 4450 628 4508 his
678 4453 774 4522 qui
823 4466 1006 4508 secum
1067 4465 1258 4523 erant,
1323 4457 1473 4512 venit
1519 4456 1927 4530 Chrysopolim.

2015 1958 2224 2024 invidia
2256 1960 2409 2016 ducti
2443 1960 2668 2032 quidam
2704 1961 3063 2014 detraxerunt
3109 1959 3158 2013 ei
3191 1966 3453 2029 tanquam
3489 1959 3596 2014 im—

2015 2051 2229 2122 perium
2280 2053 2583 2123 appetenti.
2632 2053 2766 2107 Cum
2817 2065 2951 2108 vero
3001 2066 3164 2122 super
3219 2050 3324 2106 hoc
3362 2052 3595 2122 qumstio

2020 2143 2212 2207 fieret,
2265 2142 2436 2197 veluti
2492 2142 2908 2197 inslmulatores
2963 2140 3180 2196 contusi
3249 2149 3398 2194 sunt.
3452 2139 3596 2194 Sane

2021 2235 2404 2306 hujuscemodi
2452 2250 2635 2292 sermo
2685 2250 2752 2291 ex
2784 2242 2916 2289 tunc
2957 2233 3067 2292 dici
3105 2235 3273 2306 coepit
3318 2249 3349 2290 a
3383 2231 3592 2290 multis.

2015 2326 2367 2384 Justinianus
2396 2341 2528 2399 ergo
2560 2327 2690 2382 licet
2735 2326 3029 2384 manifeste
3063 2328 3261 2384 laedere
3301 2328 3452 2386 hunc
3489 2321 3595 2385 uo:

2018 2423 2238 2487 luisset,
2267 2421 2486 2477 taedium
2517 2422 2738 2492 quidem
2776 2421 2880 2477 sibi
2921 2431 3118 2476 contra
3152 2436 3277 2477 eum
3318 2415 3593 2493 injicitur,

2019 2525 2075 2574 et
2122 2516 2293 2571 mittit
2334 2531 2458 2571 eum
2496 2519 2548 2571 in
2599 2517 2848 2572 Alaniam
2884 2532 3009 2572 cum
3046 2518 3297 2589 pecuniis
3336 2517 3403 2574 ad
3447 2533 3596 2573 com-

2022 2611 2321 2666 movendos
2365 2612 2572 2666 Alanos
2617 2613 2884 2668 adversus
2933 2614 3250 2684 Abasgiam,
3304 2611 3597 2668 Saracenis

2021 2703 2390 2760 retinentibus
2425 2713 2535 2758 tam
2570 2705 2862 2776 Abasgiam
2902 2719 3063 2773 quam
3114 2704 3348 2761 Lazicen
3400 2715 3456 2764 et
3505 2705 3598 2760 Hi-

2020 2796 2252 2853 beriam.
2279 2798 2348 2852 At
2376 2797 2467 2854 ille
2493 2811 2619 2853 cum
2650 2808 2901 2869 pergeret
2934 2797 2988 2852 in
3022 2795 3300 2862 Lazicam,
3333 2797 3597 2868 pecunias

2020 2889 2245 2960 quidem
2299 2890 2551 2960 reposuit
2602 2889 2744 2960 apud
2803 2889 3140 2957 Phasidem,
3189 2890 3598 2961 perpaucisque

2021 2982 2324 3052 assumptis
2355 2982 2632 3053 indigenis
2665 2981 2804 3036 adiit
2831 2981 3122 3052 Apsiliam,
3158 2990 3212 3037 et
3242 2997 3369 3037 cum
3405 2987 3594 3038 trans-

2024 3073 2216 3131 ivisset
2244 3072 2555 3129 Caucaseos
2588 3082 2802 3130 montes
2826 3073 2976 3128 venit
3021 3072 3077 3128 in
3124 3073 3396 3128 Alaniam.
3425 3072 3600 3131 Justi-

2027 3168 2228 3223 nianus
2259 3176 2442 3223 autem
2469 3166 2665 3223 volens
2703 3180 2828 3222 eum
2880 3154 3142 3237 perdere,
3182 3167 3355 3232 misit,
3389 3174 3445 3222 ct
3477 3169 3602 3223 tulit

2026 3262 2288 3335 pecunias
2312 3276 2381 3317 ex
2408 3259 2665 3317 Phaside.
2697 3259 2854 3315 Alani
2887 3268 3069 3316 autem
3099 3261 3441 3332 spatharium
3472 3274 3596 3316 cum

2026 3355 2173 3410 omni
2233 3355 2445 3410 honore
2513 3353 2926 3425 suscipientes,
2982 3361 3149 3423 atque
3199 3352 3368 3410 verba
3425 3353 3600 3426 ipsius

2025 3446 2339 3510 audientes,
2389 3445 2725 3500 introierunt
2761 3452 2817 3500 et
2843 3445 3072 3520 praedati
3122 3453 3253 3500 sunt
3279 3444 3598 3515 Abasgiam.

2026 3538 2093 3590 At
2129 3551 2258 3591 vero
2308 3536 2567 3590 dominus
2613 3521 2960 3606 Abasgorum
3011 3535 3232 3590 intimat
3278 3534 3475 3590 Alanis
3520 3536 3602 3591 di-

2025 3644 2156 3685 cens
2183 3644 2198 3683 :
2234 3625 2302 3683 Ut
2343 3629 2572 3696 invenio,
2606 3629 2773 3683 alium
2803 3628 2965 3684 talem
2986 3629 3396 3685 mentionarium
3419 3628 3598 3686 Justi-

2012 3719 2221 3776 nianus
2254 3736 2358 3775 non
2389 3720 2596 3788 habuit,
2639 3737 2788 3792 quem
2831 3723 3041 3776 mittere
3077 3721 3340 3779 debuisset
3368 3733 3417 3778 et
3457 3741 3603 3778 com-

2028 3823 2253 3869 moveret
2295 3831 2383 3868 vos
2427 3823 2616 3868 contra
2659 3831 2754 3868 nos
2785 3815 2982 3869 uicinos
3016 3825 3236 3878 vestros.
3287 3815 3392 3871 nisi
3427 3815 3603 3871 Itami-

2027 3924 2141 3962 nem
2165 3908 2326 3961 istum
2346 3922 2364 3960 :
2385 3905 2577 3976 fefellit
2605 3907 2746 3962 enim
2767 3924 2854 3962 vos
2886 3916 2938 3962 et
2959 3908 3101 3962 circa
3137 3909 3602 3976 repromissione»:

2026 4015 2234 4070 quoque
2274 4001 2620 4081 pecuniarum
2651 4015 2671 4053 :
2698 4001 2913 4055 mittens
2944 4000 3086 4056 enim
3117 3997 3462 4056 Justinianus
3506 3999 3602 4055 fias

2028 4092 2272 4147 abstulit.
2327 4090 2433 4147 Sed
2471 4093 2592 4146 date
2629 4092 2779 4146 nobis
2825 4107 2968 4156 eum,
3014 4103 3061 4146 et
3106 4093 3402 4163 prcebemus
3457 4093 3602 4148 vobis

2031 4185 2413 4240 numismatum
2466 4184 2572 4237 tria
2607 4182 2798 4250 millia,
2825 4191 2876 4238 et
2912 4183 3087 4251 prisca
3123 4182 3361 4238 charitas
3416 4196 3604 4240 nostra

2030 4295 2136 4333 non
2191 4278 2443 4334 solvetur.
2514 4276 2714 4333 Verum
2768 4279 2925 4333 Alani
2993 4276 3445 4335 dixeruntzNos
3496 4297 3603 4335 non

2030 4380 2243 4441 propter
2273 4371 2551 4441 pecuniam
2591 4369 2915 4426 obedivimus
2964 4374 3035 4434 ei,
3073 4373 3165 4426 sed
3202 4381 3416 4443 propter
3440 4374 3603 4444 impe-

2034 4464 2231 4519 ratoris
2273 4462 2633 4518 dilectionem.
2673 4460 2988 4532 iterumque
3019 4462 3222 4533 Abasgi
3265 4462 3490 4518 mittunt
3531 4463 3600 4520 ad

343 4543 518 4600 Porro
548 4541 894 4603 Theodosius
934 4550 1232 4619 compertis
1263 4565 1388 4621 qua:
1413 4557 1564 4621 gesta
1592 4561 1747 4617 sunt,
1787 4567 1921 4610 con-
1954 4547 1998 4602 Β
2027 4570 2125 4612 eos
2147 4554 2394 4612 dicentes
2427 4571 2441 4608 :
2480 4554 2615 4610 Date
2645 4554 2794 4608 nobis
2834 4571 2978 4619 eum,
3007 4564 3059 4609 et
3091 4554 3384 4610 tribuemus
3425 4558 3603 4611 numi—

343 4634 470 4689 silio
513 4649 544 4686 a
596 4632 874 4691 Germano
934 4637 1248 4708 patriarcha
1302 4646 1358 4694 et
1409 4647 1602 4695 senatu
1637 4652 1917 4713 percepto,

344 4742 442 4798 per
478 4726 733 4782 eumdem
795 4729 1168 4799 patriarcham
1226 4733 1442 4802 accepit
1479 4746 1509 4786 a
1558 4731 1743 4790 Leone
1770 4734 1925 4790 inde-

342 4819 598 4875 mnitatis
646 4820 875 4875 verbum
931 4830 987 4877 et
1038 4821 1296 4878 Ecclesiae
1337 4824 1458 4880 sine
1507 4811 1922 4896 perturbatitme

342 4911 647 4976 servandae,
681 4919 737 4966 et
767 4912 849 4966 sic
889 4911 940 4967 ei
986 4915 1340 4969 committunt
1389 4915 1702 4986 imperium.
1750 4916 1925 4973 Porro

343 5004 691 5059 Theodosius
722 5020 827 5059 una
853 5013 977 5060 cum
1011 5006 1120 5062 filio
1139 5020 1241 5062 suo
1271 5008 1460 5064 clerici
1486 5008 1615 5064 facti
1643 5010 1926 5067 residuum

346 5098 470 5150 vita:
499 5111 614 5151 sua:
665 5105 885 5166 tempus
931 5105 1321 5169 transegerunt
1370 5098 1424 5155 in
1471 5115 1627 5171 pace.
1689 5101 1926 5160 Veniens

346 5185 557 5242 interea
592 5185 879 5242 Masaimns
917 5187 1238 5258 Pergamum
1283 5189 1427 5244 hanc
1474 5191 1715 5260 obsedit,
1757 5203 1812 5248 et
1845 5194 1926 5248 in-

350 5279 631 5350 dulgentia
660 5277 754 5335 Dei
789 5295 885 5349 per
915 5280 1245 5337 diabolicam
1289 5285 1662 5354 operationem
1693 5287 1922 5356 accepit.

350 5370 429 5425 Ex
486 5371 806 5441 magisterio
855 5373 1056 5442 quippe
1104 5372 1248 5442 magi
1297 5373 1584 5444 cujusdam
1629 5375 1922 5432 adductam

351 5463 454 5517 viri
503 5463 745 5518 civitatis
783 5463 931 5520 illius
980 5466 1266 5521 mulierem
1311 5467 1608 5522 incinctam
1657 5468 1767 5541 (74)
1809 5469 1922 5540 jam

348 5555 572 5626 jamque
621 5555 924 5624 parituram
961 5557 1317 5627 inciderunt,
1364 5567 1419 5615 et
1474 5570 1757 5632 assumpto
1796 5577 1926 5634 par-

2028 4657 2207 4704 smata
2259 4663 2353 4703 sea:
2403 4647 2599 4703 millia.
2657 4647 2828 4703 Porro
2874 4648 3035 4704 Alani
3092 4649 3339 4706 volentes
3387 4649 3604 4705 discere

2031 4741 2310 4811 regionem
2347 4739 2715 4811 Abasgorum,
2768 4740 3206 4811 repromiserunt
3250 4756 3310 4797 se
3354 4740 3604 4810 accipere

2032 4833 2122 4887 illa
2159 4832 2556 4889 numismatum
2607 4848 2705 4888 sex
2761 4833 2934 4888 millia
2968 4844 3024 4889 et
3063 4833 3196 4888 dare
3239 4833 3601 4906 spatharium;

2032 4921 2184 4977 Alani
2238 4937 2372 4978 vero
2423 4922 2665 4978 confessi
2731 4932 2863 4978 sunt
2925 4921 3208 4992 Spathario
3269 4931 3498 4991 cuncta,
3550 4935 3604 4978 et

2032 5014 2223 5070 dicunt
2251 5014 2302 5070 ei
2333 5031 2349 5070 :
2377 5014 2837 5080 Quemadmodum
2869 5015 3038 5076 uides,
3071 5016 3156 5069 uia
3179 5031 3296 5086 qum
3333 5016 3386 5070 in
3410 5013 3605 5070 Roma-

2031 5106 2178 5159 niam
2223 5105 2370 5159 ducit
2417 5107 2609 5162 clausa
2651 5116 2749 5172 est,
2804 5115 2855 5162 et
2890 5107 3151 5176 quomodo
3208 5102 3450 5162 transeas
3497 5125 3604 5162 non

2031 5198 2211 5252 habes.
2240 5196 2346 5253 Sed
2369 5199 2546 5269 potius
2569 5198 2764 5254 callide
2789 5213 3031 5270 agamus,
3064 5207 3114 5252 et
3148 5198 3496 5270 polliceantur
3521 5201 3601 5256 eis

2030 5289 2169 5359 quod
2225 5292 2504 5345 tradamus
2555 5299 2626 5353 te.
2684 5305 2736 5346 et
2787 5291 3047 5344 mittimus
3103 5291 3338 5346 homines
3393 5300 3603 5346 nostros

2033 5401 2152 5439 cum
2183 5383 2281 5449 eis,
2309 5395 2360 5439 et
2395 5385 2647 5440 discimus
2679 5385 2964 5440 clausurus
2993 5400 3194 5450 eorum,
3229 5395 3279 5440 et
3317 5387 3600 5449 iri-nemus,

2031 5484 2082 5532 et
2109 5478 2580 5532 ealerminabimus
2629 5479 2892 5548 regionem
2935 5478 3193 5547 ipsorum.
3239 5477 3602 5548 Apocrisiarii

2034 5583 2166 5624 vero
2205 5569 2506 5625 Alanorum
2559 5569 2826 5628 abeuntes
2879 5570 2934 5625 in
2966 5568 3281 5640 Abasgiam,
3319 5578 3375 5624 et
3415 5582 3606 5638 repro-

1863 5679 2105 5740 ΝΟΤιΕ.

428 5772 543 5851 (7ft)
600 5770 929 5851 Incinctam.
997 5773 1397 5844 Prangnantem.
1459 5776 1655 5832 Festus
1710 5776 2075 5849 propinquam
2157 5779 2341 5851 partui
2422 5778 2706 5835 mulierem
2762 5778 3056 5837 iacientem
3110 5779 3298 5836 vocari
3355 5777 3466 5843 ait,
3550 5778 3605 5834 in

348 5843 597 5916 gravida.
639 5843 803 5900 Fies.

671 5938 944 6000 Parnm.
985 5940 1100 6000 Gu.
1122 5939 1340 6001 CVIII.

3181 5933 3258 5994 b3
