4070 6304
397 327 546 396 -1355

1508 316 1910 378 ANASTASII
1948 316 2573 379 BIBLIOTHECARII

3542 319 3682 389 1356

400 452 682 505 mittentes
749 437 1088 514 spatharium
1160 436 1434 507 prodere,
1507 431 1740 506 plurima
1810 436 1971 490 xenia
2009 437 2346 502 AArmeniis
2403 436 2588 500 habes,
2633 435 2900 506 pacisccre
2951 443 3000 490 et
3046 452 3270 501 mecum,
3327 445 3377 493 et
3414 448 3526 494 esto
3585 439 3684 496 sub

401 548 767 613 perceperunt
809 536 878 589 ab
912 534 1014 590 eis.
1063 530 1130 586 Et
1161 532 1348 599 plures
1378 529 1580 584 missos
1617 529 1801 583 denuo
1850 529 1981 582 mit-

403 644 549 700 tunt,
589 631 753 688 simul
797 629 960 684 etiam
1017 639 1140 681 cum
1195 623 1503 693 quantitate
1551 622 1671 676 auri
1721 621 1788 676 ad
1843 621 1986 677 reci-

405 727 667 800 piendum
712 723 1079 794 spatharium.
1114 718 1273 773 Alani
1303 733 1434 774 vero
1471 716 1756 786 spathario
1784 715 1937 769 aiunt
1972 733 1982 768 :

408 818 662 876 Homines
693 819 805 883 isti,
842 827 892 871 et
934 811 1378 886 quemadmodum
1420 809 1790 877 prwdixt'mus,
1833 809 1901 862 ad
1940 818 1987 862 te

403 910 759 984 recipiendum
790 915 1058 972 venerunt,
1085 915 1134 962 et
1165 905 1400 975 Abasgia
1438 912 1486 957 te
1514 902 1885 972 pra’stolatur.
1920 901 1986 956 Et

404 1006 655 1078 quoniam
682 1004 913 1076 proximi
941 1017 1123 1056 sumus
1160 1000 1258 1063 eis,
1304 999 1659 1069 negotiatores
1709 1008 1890 1052 euntes
1921 995 1989 1050 ad

405 1099 532 1154 illos
585 1115 688 1152 non
737 1096 1010 1166 deﬁciunt.
1051 1092 1192 1163 Ergo
1235 1107 1297 1146 ne
1336 1092 1531 1160 prodas
1580 1093 1654 1145 eis
1706 1092 1987 1146 consilium

409 1201 672 1248 nostrum.
725 1190 1018 1245 Trademus
1044 1197 1090 1242 te
1125 1187 1430 1257 manifeste,
1476 1194 1524 1240 et
1567 1202 1687 1238 cum
1723 1202 1817 1239 nos
1861 1186 1992 1238 moti

407 1283 806 1344 recesserimus,
840 1281 1106 1334 mittemus
1133 1277 1335 1332 occulte
1375 1284 1491 1346 post
1527 1284 1750 1346 tergum,
1789 1284 1835 1329 et
1867 1274 1991 1328 illos

397 1378 620 1449 quidem
673 1373 993 1438 occidentus,
1045 1381 1093 1426 te
1146 1380 1320 1424 autent
1381 1370 1767 1423 occultabimus
1829 1368 1994 1422 donec

409 1477 745 1524 coaceruetur
775 1465 998 1537 populus
1035 1473 1218 1518 noster
1257 1471 1306 1517 et
1336 1461 1672 1516 concorditer
1719 1460 1992 1531 ingredia-

411 1579 535 1618 mur
563 1572 762 1617 terram
814 1561 1074 1630 ipsorum.
1131 1556 1287 1624 Quod
1335 1566 1390 1612 et
1443 1555 1646 1610 factum
1693 1563 1797 1611 est.
1828 1555 1996 1611 Com-

412 1655 689 1727 prehensa
719 1652 957 1722 denique
983 1649 1139 1704 missi
1169 1648 1514 1718 Abasgorum
1547 1648 1829 1717 spathario
1867 1662 1993 1702 cum

416 1742 738 1803 hominibus
801 1745 922 1815 ejus
981 1743 1292 1799 vincientes
1351 1755 1478 1796 eum
1551 1739 1798 1795 abibant.
1862 1739 1994 1795 Dein

414 1841 854 1896 retrovenientes
893 1836 1055 1900 Alani
1088 1851 1214 1890 cum
1247 1833 1465 1890 Hictaxi
1497 1834 1724 1890 domino
1771 1849 1875 1890 suo
1905 1849 1998 1890 oc-

414 1934 607 1989 cidunt
635 1933 909 2002 Abasgos,
947 1929 1294 2000 spatharium
1345 1929 1734 1995 occultantes;
1789 1936 1842 1982 et
1887 1927 1998 1982 ele-

414 2029 524 2084 etis
562 2025 832 2081 militibus
867 2033 1051 2078 minus
1080 2031 1163 2077 est
1195 2021 1246 2076 in
1287 2020 1607 2091 Abasgiam,
1637 2027 1692 2074 et
1718 2019 2000 2090 inaperate

416 2122 708 2177 clausurus
768 2132 962 2174 eorum
1011 2117 1303 2186 ingressus
1353 2114 1584 2168 multam
1633 2113 1689 2167 in
1745 2114 1998 2184 Abasgos

416 2214 654 2286 praedam
683 2221 738 2268 et
774 2209 1166 2267 exterminium
1209 2217 1477 2278 operatus
1511 2214 1616 2262 est.
1651 2206 1866 2274 Quibus
1895 2222 1998 2262 au-

419 2306 550 2361 ditis
592 2301 965 2369 Justiniauus,
1024 2309 1081 2356 et
1126 2307 1413 2371 comperto
1463 2299 1613 2370 quod
1659 2302 1822 2354 etiam
1879 2301 1999 2357 sine

419 2399 670 2469 pecuniis
697 2405 969 2469 praecepta
1003 2409 1102 2451 sua
1131 2402 1262 2450 sunt
1298 2404 1444 2456 aeta,
1487 2393 1655 2447 mittit
1688 2394 1900 2448 litteras
1929 2395 1996 2448 ad

418 2491 690 2560 Abasgos,
748 2488 877 2559 quia
930 2485 987 2542 Si
1039 2486 1273 2550 salvum,
1327 2484 1603 2553 inquiens,
1657 2483 1996 2554 spatharium

420 2593 672 2639 nostrum
705 2581 1085 2638 custodieritis
1128 2586 1186 2633 et
1219 2591 1314 2648 per
1341 2592 1438 2633 vos
1482 2577 1713 2633 illaisum
1758 2578 2001 2633 transire

411 2673 812 2746 permiseritis,
859 2687 1055 2729 omnes
1095 2685 1359 2727 excessus
1396 2679 1615 2726 vestros
1647 2670 1807 2726 vobis
1839 2670 1998 2742 igno-

421 2768 652 2825 scimus.
687 2766 758 2822 At
798 2766 880 2821 illi
911 2781 1039 2820 cum
1083 2766 1284 2836 gaudio
1321 2763 1408 2820 his
1460 2763 1697 2834 receptis
1729 2763 2000 2820 miserunt

418 2863 603 2919 denuo
634 2862 688 2916 in
720 2860 972 2916 Alaniam
1018 2860 1372 2931 perhibentes
1399 2874 1414 2913 :
1441 2856 1706 2913 Dabimus
1729 2860 1874 2915 vobis
1904 2862 1999 2913 ob-

419 2957 558 3010 sides
601 2955 745 3026 ﬁlios
779 2964 1017 3017 nostros,
1064 2962 1114 3008 et
1165 2953 1289 3008 date
1342 2953 1486 3006 nobis
1539 2951 1894 3021 spatharium,
1942 2962 1999 3006 ut

420 3048 692 3102 mittdmus
721 3062 840 3101 sum
881 3044 952 3098 ad
992 3044 1387 3100 Iustinianum.
1437 3041 1638 3097 Verum
1683 3043 1999 3112 spatharius

2094 544 2253 603 regno
2297 547 2432 594 meo,
2482 541 2530 585 et
2582 531 2651 584 da
2702 531 2853 584 nobis
2913 529 3180 584 auxilium
3221 531 3574 589 descendendi
3618 537 3687 588 at!

2095 641 2242 678 mare
2288 633 2338 678 et
2390 623 2703 678 transeundi
2735 625 2807 677 ad
2873 622 3380 691 Trapezuntensium
3430 626 3572 683 loca.
3610 623 3717 683 Eo'

2095 731 2226 770 vero
2255 724 2478 786 patrare
2523 714 2628 769 hoc
2674 730 2784 770 non
2837 726 3205 784 proponente,
3256 717 3430 772 mittit
3459 719 3686 788 spatha-

2097 811 2214 865 rius
2257 825 2424 864 unum
2469 825 2536 864 ex
2585 809 2905 866 hominibus
2954 810 3070 864 suis
3109 821 3160 865 et
3197 809 3511 881 Armenios,
3545 828 3686 885 prte-

2093 902 2312 973 cipiens
2370 902 2452 958 eis
2505 908 2564 956 ut
2621 901 2869 958 lacerent
2927 900 3383 960 occultationem.
3429 903 3499 960 Et
3563 923 3686 962 cum

2095 996 2347 1062 exierint,
2379 995 2585 1066 inquit,-
2617 1007 2648 1050 e
2675 1007 2856 1050 castro
2887 993 2957 1050 ad
2999 995 3260 1062 laborem,
3311 998 3483 1068 capite
3510 1014 3578 1055 επ
3608 1000 3683 1056 eis

2094 1098 2349 1161 quotquot
2378 1090 2645 1159 poteritis,
2667 1099 2952 1160 portasque
2984 1100 3151 1146 tenete
3186 1091 3252 1145 ab
3280 1093 3365 1146 his
3414 1093 3508 1164 qui
3547 1092 3682 1162 [oris

2096 1193 2242 1249 sunt,
2270 1182 2434 1236 donec
2465 1193 2514 1238 et
2553 1199 2648 1237 nos
2675 1183 3066 1251 perveniamus.
3101 1182 3315 1250 Quibtls
3346 1184 3683 1241 abbdntibus

2094 1288 2151 1332 et
2183 1263 2522 1332 facientibus
2569 1276 3027 1339 occultationem,
3075 1287 3200 1333 cum
3254 1278 3497 1350 populus
3536 1289 3685 1337 esset

2096 1372 2164 1426 ad
2200 1371 2441 1426 laborem
2488 1386 2770 1441 egressus,
2818 1372 3004 1428 subito
3037 1371 3313 1429 irruentes
3363 1382 3419 1427 et
3468 1380 3682 1443 portam

2097 1470 2398 1519 tenuerunt
2429 1470 2484 1517 et
2520 1463 2722 1518 multos
2760 1462 3046 1533 c'ep‘erunt.
3081 1463 3218 1518 Cum
3247 1474 3430 1519 autem
3472 1465 3683 1519 Phara-

2098 1557 2348 1612 smanius
2378 1555 2434 1609 in
2481 1563 2670 1611 castro
2702 1571 2828 1610 cum
2858 1557 3051 1626 paucis
3086 1557 3410 1623 mansisset,
3439 1557 3687 1628 pervenit

2099 1650 2264 1704 etiam
2297 1649 2640 1719 spatbarius,
2668 1657 2722 1704 et
2745 1650 3080 1719 praelocutus
3126 1659 3252 1704 cu‘m
3288 1648 3686 1706 Pharasmanio

2101 1751 2160 1797 ut
2221 1742 2462 1812 aperiret
2509 1756 2636 1796 cum
2686 1755 2858 1813 pace,
2908 1744 3119 1809 noluit,
3177 1744 3272 1798 sed
3335 1745 3687 1798 coacervavit

2103 1836 2328 1893 bellum.
2364 1833 2572 1890 Verum
2617 1851 2742 1890 cum
2783 1844 3026 1891 castrum
3082 1835 3356 1889 munitum
3406 1844 3555 1891 esset
3599 1851 3688 1891 ca-

2073 1945 2231 2000 rpere
2264 1928 2319 1983 id
2358 1927 2586 1982 minime
2636 1936 2960 1997 potuerunt.
3013 1925 3261 1983 Marinus
3303 1943 3434 1982 vero
3477 1929 3688 1998 primus

2100 2021 2498 2076 Absiliensium
2541 2034 2666 2074 cum
2701 2019 2996 2075 didicisset
3034 2019 3182 2089 quod
3216 2027 3465 2074 castrum
3513 2036 3687 2090 eapu-

2101 2123 2388 2186 gnaretur,
2420 2114 2618 2168 timore
2649 2113 2908 2168 detentus
2952 2123 3057 2179 est,
3092 2114 3421 2169 existimans
3453 2114 3685 2169 multum

2102 2222 2224 2263 esse
2269 2218 2397 2262 cum
2449 2205 2738 2276 spathario
2785 2206 3075 2276 pepulum,
3131 2215 3183 2260 et
3215 2205 3449 2276 sumptis
3499 2221 3686 2261 secum

2101 2301 2363 2356 trecentis
2412 2299 2528 2354 abit
2567 2298 2635 2354 ad
2661 2300 3023 2370 'spatbarium
3078 2301 3270 2357 dicens
3305 2317 3318 2353 :
3353 2299 3463 2370 Ego
3497 2309 3545 2354 te
3582 2303 3692 2356 sal-

2103 2409 2222 2446 vum
2256 2392 2452 2447 ducam
2482 2408 2644 2461 usque
2673 2391 2745 2445 ad
2770 2394 3069 2447 maritima.
3097 2393 3165 2446 At
3191 2409 3322 2447 vero
3363 2393 3688 2448 Pharasma~

2102 2487 2229 2542 nius
2271 2486 2392 2541 visa
2446 2486 2776 2541 necessitate
2827 2487 2895 2542 ad
2932 2486 3279 2555 spatbarium
3309 2486 3450 2540 dixit
3481 2505 3494 2542 :
3531 2486 3691 2543 Sume

2103 2579 2278 2649 ﬁlium
2326 2590 2500 2632 meum
2536 2578 2794 2643 obsidem,
2846 2588 2897 2632 et
2948 2580 3204 2649 proﬁteor
3240 2581 3461 2648 imperio
3507 2580 3689 2636 deser-

2102 2672 2230 2726 uire.
2266 2669 2371 2738 Qui
2418 2679 2639 2741 recepto
2683 2679 2813 2725 nato
2847 2670 2968 2741 ejus
3001 2672 3138 2726 dicit
3185 2672 3234 2727 ei
3263 2689 3276 2726 :
3304 2672 3533 2740 Qialem
3579 2689 3690 2729 ser-

2104 2779 2226 2819 vum
2269 2772 2317 2817 te
2359 2764 2534 2833 ipsum
2575 2753 2836 2832 perhibes,
2871 2763 3000 2834 quia
3043 2763 3281 2817 inclusus
3331 2773 3450 2818 cum
3489 2767 3564 2820 sis
3605 2763 3691 2822 ιο-

2104 2857 2278 2928 queris
2321 2857 2516 2914 nobis?
2543 2856 2875 2926 impossibile
2902 2857 3052 2911 nobis
3082 2867 3159 2912 est
3201 2857 3494 2925 discedere,
3524 2858 3691 2914 donec

2104 2961 2342 3005 castrum
2374 2951 2672 3019 capiamus.
2720 2938 2893 3006 Tunc’
2914 2950 3056 3005 dixit
3098 2949 3533 3008 Pharasmanius
3563 2969 3578 3006 :
3611 2953 3692 3006 Da

2106 3043 2234 3099 mihi
2260 3042 2494 3098 verbum.
2531 3046 2600 3097 At
2631 3059 2764 3100 vero
2806 3037 3124 3114 spatharius
3173 3045 3326 3099 dedit
3368 3045 3417 3100 ei
3461 3045 3689 3102 verbum

420 3141 527 3196 hoc
572 3139 864 3211 admittere
911 3137 1112 3200 noluit,
1147 3149 1408 3192 asserens
1441 3150 1455 3189 :
1491 3132 1643 3189 Valet
1694 3134 1823 3188 mihi
1861 3133 1998 3189 Deus
2029 3153 2074 3219 ρ
2107 3137 2244 3192 nihil
2268 3137 2318 3192 ei
2355 3136 2614 3203 nocendi,
2657 3137 2755 3194 sed
2791 3152 2914 3193 cum
2951 3138 3199 3208 triginta,
3227 3139 3318 3206 qui
3346 3152 3458 3193 una
3494 3149 3686 3194 secum

419 3235 627 3304 aperire
683 3231 879 3286 ostium
930 3229 1198 3284 exeundi:
1228 3235 1353 3282 nam
1406 3243 1500 3299 per
1557 3226 1844 3297 Abasgiam
1896 3244 2001 3284 non

414 3340 565 3382 exeo.
617 3323 748 3380 PoSt
807 3322 1030 3394 aliquod
1089 3335 1219 3377 vero
1274 3328 1495 3392 tempus
1542 3336 1670 3377 cum
1720 3319 2001 3377 exercitus

419 3417 802 3474 Romanorum
849 3424 908 3473 et
962 3415 1352 3471 Armeniorum
1413 3415 1647 3485 ingressi
1701 3423 1890 3470 essent
1943 3417 1998 3470 in

420 3511 674 3567 Lazicam
713 3517 787 3566 et.
813 3507 1197 3579 Artbeopolim
1247 3510 1655 3578 expugnarent,
1688 3507 2000 3562 Saraceno-

425 3618 544 3661 rum
576 3601 771 3659 audito
800 3602 1036 3657 adventu
1072 3605 1448 3658 recesserunt.
1477 3599 1733 3671 Separati
1762 3614 1896 3656 vero
1933 3617 2000 3657 ex

420 3697 503 3753 eis
557 3710 734 3764 usque
781 3695 875 3766 ad
937 3693 1210 3749 ducentos
1267 3693 1642 3748 ascenderunt
1706 3691 1763 3748 in
1819 3702 2004 3764 partes

420 3791 644 3863 Apsilia:
669 3800 837 3862 atque
858 3789 1268 3847 Caucaseorum
1292 3788 1565 3843 montium
1593 3787 1999 3858 depraedantcs.

422 3885 714 3941 Saracenis
746 3897 880 3940 sane
916 3883 996 3939 ad
1054 3882 1308 3938 Lazicam
1341 3881 1697 3938 venientibus
1743 3880 1872 3953 fuga
1923 3883 2003 3936 la-

421 3993 557 4050 psus
589 3975 963 4041 Romanorum
1001 3975 1499 4045 Armeniorumque
1529 3975 1768 4046 populus
1799 3973 2002 4031 Phasin

422 4085 678 4130 remeans
721 4069 879 4126 adiit.
934 4067 1168 4126 Ducenti
1221 4083 1353 4124 vero
1413 4068 1496 4124 illi
1547 4077 1897 4124 rcmanentes
1946 4069 2000 4124 in

421 4163 708 4220 mncasiis
763 4166 969 4220 stetere
1017 4160 1321 4227 montibus,
1368 4160 1767 4218 latrocinantes
1812 4171 1869 4217 et
1917 4163 2001 4218 sui

421 4256 866 4328 desperationem
908 4255 1203 4327 patientes.
1240 4252 1361 4321 Quo
1402 4263 1689 4325 comperte
1715 4254 1875 4311 Alani
1915 4271 2003 4311 ar-

423 4349 611 4403 bitrati
631 4357 766 4404 sunt
785 4347 1198 4403 multitudinem
1222 4345 1597 4402 Romanorum
1622 4347 1676 4402 in
1700 4346 2001 4406 Caucaseis

423 4442 703 4499 ruentibus
761 4456 928 4509 esse,
977 4439 1392 4511 gaudentesque
1459 4441 1616 4495 aiunt
1663 4441 1996 4512 spathario:

2107 3230 2588 3301 ingrediebantur,
2637 3232 2828 3287 dicens
2860 3228 3027 3286 :Moa:
3063 3239 3120 3284 ut
3156 3232 3382 3302 ingressi
3405 3231 3687 3302 fuerimus,

2109 3330 2274 3377 tenete
2318 3333 2529 3388 portas,
2588 3331 2639 3377 et
2681 3324 2949 3377 introeant
3004 3337 3208 3376 omnes.
3269 3321 3336 3378 Et
3385 3322 3493 3377 hoc
3545 3322 3691 3378 facto

2107 3417 2269 3473 rediit
2313 3419 2588 3473 missurus
2617 3419 2799 3487 ignem
2847 3416 2900 3472 in
2955 3423 3165 3471 castro.
3204 3416 3341 3472 Cum
3389 3425 3572 3472 autem
3609 3417 3690 3472 l‘a-

2106 3515 2256 3566 ctum
2308 3510 2510 3567 fuisset
2559 3511 2877 3566 incendium
2929 3518 3171 3576 vastum,
3222 3509 3412 3566 exiere
3441 3509 3686 3577 familia,

2108 3602 2374 3676 quidquid
2409 3611 2665 3674 poterant
2698 3612 2914 3672 gestare
2947 3603 3231 3673 rapientes
3262 3617 3326 3658 ex
3360 3603 3523 3660 bonis
3548 3605 3686 3661 suis.

2107 3694 2174 3751 Et
2208 3695 2508 3751 transactis
2548 3696 2674 3751 aliis
2701 3696 2929 3766 triginta
2962 3695 3160 3751 diebus
3195 3696 3469 3752 destruxit
3501 3707 3688 3753 muros

2105 3802 2284 3860 usque
2309 3789 2380 3844 ad
2410 3797 2637 3852 terram,
2669 3793 2726 3845 et
2758 3796 2943 3844 motus
2975 3787 3267 3844 descendit
3298 3789 3354 3843 in
3386 3788 3686 3860 DapSiliatn

2105 3897 2229 3937 cum
2259 3879 2472 3936 Marino
2508 3881 2689 3951 primo
2714 3895 2932 3947 eorum,
2978 3889 3239 3953 suscepto
3269 3896 3299 3934 a
3333 3877 3688 3953 Dapsiliensi-

2107 3977 2209 4032 bus
2238 3987 2362 4032 cum
2395 3975 2604 4046 ingenti
2641 3976 2876 4032 honore.
2914 3973 3158 4046 indeque
3196 3975 3390 4032 abiens
3420 3976 3490 4032 ad
3523 3977 3689 4032 mari-

2105 4070 2239 4125 tima
2270 4070 2556 4136 remeavit,
2588 4076 2643 4125 et
2684 4068 2837 4125 venit
2874 4068 2943 4123 ad
2977 4065 3372 4124 Justinianum.
3417 4066 3683 4124 Praeterea

2105 4160 2423 4218 Iustiniano
2475 4163 2805 4233 interempto
2858 4171 2913 4218 et
2967 4161 3275 4232 Philippica
3321 4163 3442 4218 visu
3490 4163 3684 4220 oeulo-

2105 4272 2226 4312 rum
2257 4257 2456 4312 erbato
2491 4259 2724 4327 imperat
2748 4256 3052 4322 Artemius,
3077 4256 3172 4326 qui
3205 4264 3532 4325 provexerat
3559 4273 3681 4312 eum

2106 4357 2394 4420 praetorem
2435 4348 2827 4404 Orientalium.
2859 4349 2997 4403 Cum
3028 4362 3163 4403 vero
3189 4344 3539 4406 Theodosius
3582 4348 3683 4404 im-

2109 4448 2373 4509 perasset,
2403 4450 2456 4494 et
2477 4441 2669 4510 pulsus
2703 4441 2987 4495 Artemius
3019 4440 3352 4506 exstitisset,
3401 4441 3681 4497 liomano—

424 4532 650 4590 Romani
694 4534 1162 4606 appropinquant:
1192 4549 1346 4604 perge
1399 4532 1471 4586 ad
1528 4548 1635 4589 eos.
1685 4533 1999 4604 Assumptis
2032 4542 2075 4596 ι)
2104 4547 2338 4602 rumque
2374 4547 2463 4589 res
2506 4532 2726 4604 publica
2766 4542 2915 4589 esset
2966 4533 3201 4589 confusa
3234 4543 3345 4588 tarn
3377 4549 3443 4590 ex
3479 4533 3681 4590 Barba-

422 4643 558 4700 ergo
598 4628 916 4698 spatharius
967 4626 1160 4682 Alanis
1196 4626 1266 4700 50¹
1289 4624 1547 4682 transivit
1576 4641 1700 4681 cum
1747 4628 2000 4700 cyclope-

423 4721 587 4776 dibus
638 4718 784 4775 Maio
814 4733 1004 4776 mense
1051 4718 1368 4774 Caucaseos
1419 4727 1657 4782 montes,
1703 4726 1759 4775 et
1792 4720 2003 4775 invenit

419 4827 552 4874 eos:
586 4812 735 4875 unde
777 4812 1013 4866 multum
1061 4810 1286 4882 gavisus
1315 4811 1727 4867 .sciscitabatur
1774 4812 1999 4867 ubinam

420 4915 570 4965 esset
595 4905 854 4977 populus.
885 4904 990 4971 Qui
1021 4904 1277 4959 dixerunt
1307 4919 1322 4956 :
1357 4901 1646 4960 Saracenis
1676 4906 1998 4961 irruentibus

420 4999 478 5053 in
507 4996 824 5051 Romaniam
860 4997 1058 5051 reversi
1085 5004 1231 5050 sunt.
1271 4995 1383 5050 Nos
1413 5006 1592 5050 autem
1631 5012 1735 5052 non
1768 4996 1997 5052 valentes

420 5092 478 5144 in
511 5087 826 5143 Romaniam
855 5089 950 5152 ire,
986 5089 1054 5143 ad
1101 5089 1351 5143 Alaniam
1383 5090 1637 5143 venimus.
1663 5085 1730 5143 Et
1760 5089 1898 5144 dixit
1930 5088 1998 5144 ad

419 5197 560 5238 eos:
607 5180 750 5247 Quid
805 5181 1061 5252 faciemus
1117 5182 1311 5238 modo?
1361 5179 1465 5249 Qui
1525 5183 1779 5238 dixerunt
1830 5202 1843 5239 :
1893 5182 1997 5238 Per

420 5275 683 5346 regionem
709 5275 870 5328 istam
908 5273 1233 5342 impossibile
1261 5283 1338 5329 est
1370 5276 1603 5330 transire
1632 5291 1746 5329 nos.
1771 5276 1840 5329 At
1872 5288 1996 5331 vero

423 5368 740 5436 apatharius
778 5367 855 5421 ait
887 5383 902 5421 :
935 5365 1060 5422 Non
1099 5377 1175 5421 est
1205 5367 1453 5438 possibile
1478 5385 1571 5438 per
1605 5367 1771 5423 aliam
1811 5369 1998 5423 exire?

419 5458 674 5515 CaStrum
709 5474 840 5530 ergo
869 5469 989 5516 erat
1040 5461 1152 5516 illic
1191 5462 1639 5531 cognominatum
1689 5461 1990 5529 Sindirum,

421 5554 477 5609 in
504 5566 616 5623 quo
649 5553 753 5608 loci
783 5563 1035 5609 servator
1069 5553 1374 5608 habebatur
1404 5555 1625 5624 quidam
1669 5553 1995 5611 Pharasma-

421 5643 548 5698 nius
576 5645 822 5710 nomine,
859 5644 964 5700 sub
996 5643 1201 5699 ditione
1244 5643 1647 5700 Saracenorum
1682 5647 1993 5704 consistens

420 5737 475 5789 'ct
495 5748 684 5804 pacem
701 5750 825 5791 cum
845 5734 1119 5791 Armeniis
1147 5734 1377 5791 habens.
1413 5735 1632 5792 Mittens
1655 5735 1841 5807 itaque
1867 5753 1992 5807 spa-

423 5825 640 5883 tbarius
683 5826 954 5899 signiﬁcat
1001 5827 1049 5884 ei
1092 5826 1318 5885 dicens:
1356 5828 1604 5894 Quandiu
1639 5815 1989 5889 pacemlcum

2107 4637 2291 4681 rerum
2335 4627 2563 4682 incursu
2595 4641 2760 4698 quam
2809 4643 2874 4682 ex
2913 4625 3214 4682 Justiniani
3265 4626 3580 4684 homicidiis
3627 4638 3680 4684 et

2101 4716 2400 4790 Philippici
2445 4720 2699 4776 scelestis
2748 4719 2987 4784 actibus,
3033 4718 3126 4773 hic
3168 4718 3281 4774 Leo
3313 4719 3679 4776 simulabatur

2101 4818 2155 4865 et
2184 4825 2286 4881 pro
2303 4810 2552 4867 Artemio
2585 4817 2957 4882 expugnabat,
2993 4809 3306 4867 Theodosio
3334 4811 3676 4879 adversatus,

2101 4901 2237 4973 quin
2295 4909 2356 4957 ut
2401 4918 2594 4959 verum
2642 4903 2862 4958 dicatur
2917 4903 2985 4957 ad
3033 4916 3094 4957 se
3157 4903 3336 4973 ipsum
3391 4905 3676 4974 imperium

2101 4993 2410 5051 transferre
2479 4996 2817 5061 decertans;
2895 4993 3044 5063 quod
3099 5001 3154 5048 et
3219 4995 3370 5050 fecit.
3435 4995 3677 5053 Habebat

2103 5099 2284 5143 autem
2332 5089 2762 5144 coheerdantem
2798 5096 2854 5143 ct
2893 5099 3320 5144 concurrentem
3371 5089 3473 5145 sibi
3517 5092 3680 5146 Arta-

2100 5181 2356 5247 basdum,
2383 5181 2837 5236 Armeniacorum
2866 5195 3179 5252 praetorem,
3219 5195 3382 5250 quem
3423 5189 3477 5236 et
3509 5197 3676 5254 gene-

2099 5289 2219 5328 rum
2275 5274 2401 5340 sibi,
2468 5281 2761 5345 postquam
2820 5275 3093 5345 regnavit,
3148 5274 3322 5329 Auna:
3388 5273 3510 5330 filiae
3564 5291 3676 5331 suae

2097 5366 2456 5437 conjunctum
2506 5366 2721 5433 eﬂ‘ccit,
2782 5381 3114 5439 promoveus
3166 5367 3322 5423 illum
3370 5376 3426 5424 et
3467 5375 3674 5425 consti-

2100 5467 2258 5514 tuens
2296 5460 2674 5530 curopalaten.

2171 5552 2378 5609 Interea
2410 5554 2710 5610 Masalmas
2743 5569 2869 5608 cum
2916 5555 2969 5608 in
3001 5553 3128 5611 Asia
3181 5553 3502 5622 hiemasset,
3535 5569 3672 5626 pra:-

2096 5647 2407 5701 stolabatur
2460 5645 2661 5701 Leonis
2685 5647 2988 5716 promissa.
3036 5647 3280 5717 Cumque
3309 5647 3441 5701 nila
3489 5647 3671 5703 Leone

2096 5738 2420 5811 recepisset,
2458 5747 2512 5794 et
2543 5749 2826 5809 comperto
2851 5739 2999 5809 quod
3013 5739 3224 5816 _illusus
3258 5748 3409 5795 esset
3432 5740 3499 5794 ab
3528 5740 3664 5808 ipso,

2095 5831 2285 5890 adiens
2312 5831 2559 5904 Abydum
2609 5848 2805 5891 rursus
2835 5834 3140 5889 transvexit
3175 5834 3436 5902 pepulum
3481 5833 3665 5905 copio-
