4050 6308
281 353 416 421 1357

1087 354 1458 421 HISTORIA
1487 350 2068 422 ECCLESIASTICA
2098 359 2204 421 EX-
2241 345 2724 420 TIIEOPHANE.

3406 345 3542 412 i358

262 491 378 531 Suttt
409 487 466 526 in
504 470 799 540 Thracem,
833 484 884 530 et
908 480 1099 530 contra
1130 477 1335 543 regiam
1377 475 1570 531 urbem
1598 484 1842 530 commo-
1867 480 1920 540 Α
1946 475 2152 530 habens
2188 483 2242 529 et
2272 476 2389 545 ipse
2421 487 2588 529 naves
2617 469 2724 527 560
2767 476 2828 524 et
2852 474 3254 524 armamentum
3278 472 3342 522 et
3370 479 3528 521 sum-

261 575 346 620 tus
373 571 480 629 est,
509 565 764 623 scribens
802 573 856 622 et
899 565 965 622 ad
1023 566 1342 623 Sulehiman
1371 569 1846 640 protosymbolum

260 672 365 726 quo
392 659 613 714 veniret
643 675 748 714 una
797 676 921 716 cum
955 660 1276 732 praeparatis
1332 661 1631 717 classibus.
1678 659 1850 715 Porro

264 746 331 802 i9
357 745 473 802 kal.
502 747 881 820 Septembrias
911 748 1166 808 obsidere
1192 744 1363 820 coepit
1416 749 1611 804 urbem
1644 747 1848 805 Masal—

262 857 407 908 tuas,
447 840 813 914 depopulatus
841 834 1090 899 Thracoa
1146 855 1369 914 quoque
1430 844 1674 899 castella.
1733 842 1852 898 Cir-

262 933 600 989 cumvallato
624 950 755 990 vero
786 944 1005 992 terreno
1036 951 1196 991 mttro
1225 923 1486 991 foderunt
1518 937 1573 990 in
1606 934 1847 989 circuitu

266 1026 482 1084 foveam
509 1028 779 1100 prolixam
826 1036 882 1085 et
937 1043 1217 1100 magnam,
1251 1038 1308 1084 et
1342 1043 1509 1098 super
1531 1034 1653 1084 eam
1713 1020 1848 1082 sicci

263 1118 465 1189 lapidis
491 1115 781 1175 materiam
813 1127 1067 1189 posuere.
1103 1118 1362 1175 Kalendis
1388 1125 1569 1173 autem
1599 1114 1848 1187 Septem-

263 1204 403 1268 briis
428 1212 621 1283 primae
646 1209 967 1268 indictionis
996 1211 1246 1268 ascendit
1268 1212 1616 1282 impugnator
1642 1208 1847 1265 Chririti

265 1296 586 1360 Suiehiman
619 1320 742 1360 cum
776 1305 920 1361 stolo
949 1315 1003 1361 et
1033 1305 1270 1360 amereis
1300 1306 1439 1372 suis,
1469 1305 1678 1360 habens
1694 1305 1850 1360 mira“.

265 1399 672 1471 magnitudinis
699 1414 891 1464 naves,
921 1407 976 1454 et
1028 1399 1262 1470 scaphas
1301 1405 1556 1470 sumptus
1585 1396 1845 1463 ferentes,

261 1501 316 1548 et
347 1493 647 1548 dromones
680 1505 911 1548 numero
954 1492 1104 1548 mille
1128 1501 1183 1547 et
1223 1492 1593 1562 netingentos,
1650 1499 1704 1547 et
1733 1490 1850 1546 ﬁxit

264 1585 561 1641 stationem
619 1600 648 1639 a
676 1583 976 1653 Magnaura
1016 1593 1194 1655 usque
1243 1584 1311 1640 ad
1340 1581 1684 1655 Cyclobium.
1717 1577 1848 1639 Post

262 1679 404 1734 duos
436 1694 572 1735 sane
601 1678 722 1736 dies
763 1688 954 1735 austro
1000 1676 1167 1735 ﬂante
1201 1678 1328 1735 inde
1359 1674 1592 1752 proﬂicti
1629 1679 1848 1748 navigio

261 1781 530 1831 venerunt
573 1773 639 1828 ad
671 1773 888 1839 urbem,
914 1781 971 1828 et
1010 1773 1231 1843 quidam
1264 1788 1452 1828 eorum
1488 1788 1550 1829 ea
1583 1766 1700 1830 loca
1725 1787 1847 1844 quae

1951 575 2104 638 ptus.
2129 566 2394 622 Similiter
2421 573 2475 623 et
2498 566 2618 636 ipse
2656 570 2781 618 cum
2817 560 3008 617 eadem
3045 559 3114 614 de
3142 557 3374 613 humido
3407 557 3533 628 igne

1953 657 2261 724 didicisset,
2282 659 2542 729 applicuit
2569 663 2738 728 penes
2765 653 3004 710 Saturon
3024 661 3080 707 et
3102 649 3266 705 Briau
3291 656 3539 718 etusque

1954 752 2020 806 ad
2050 750 2271 805 Cartam
2305 758 2546 822 portum".
2583 747 2826 820 Egyptii
2886 749 3015 800 vero
3055 745 3252 799 harum
3297 743 3535 798 duarum

1952 843 2214 900 classium
2237 843 2380 914 apud
2407 859 2468 898 se
2499 849 2662 896 noctu
2695 839 2992 904 Consiliati,
3017 839 3242 893 navium
3261 837 3540 892 frumenta

1952 933 2242 990 ferentium
2306 934 2540 991 sublatis
2585 933 2847 987 lintribus
2880 931 2946 985 ad
3010 930 3201 985 urbem
3253 928 3536 1000 fugerunt,

1951 1028 2344 1100 imperatorem
2380 1028 2692 1094 laudantes,
2732 1028 2807 1081 ita
2838 1033 2896 1080 ut
2926 1024 2994 1080 ab
3033 1023 3218 1080 iiieria
3246 1039 3421 1094 usque
3467 1021 3537 1078 ad

1952 1121 2143 1177 ttrbem
2179 1119 2422 1193 ligneum
2457 1121 2740 1176 videretur
2766 1133 2936 1174 mare.
2966 1117 3322 1188 Comperiens
3353 1125 3536 1171 autem

1950 1229 2048 1288 per
2094 1231 2189 1274 eos
2241 1217 2547 1286 imperator
2585 1214 2652 1269 de
2688 1212 3026 1269 absconditis
3052 1212 3104 1266 in
3144 1213 3267 1268 sinu
3317 1211 3537 1278 duabus

1950 1308 2246 1378 classibus,
2280 1308 2609 1380 siphonibus
2639 1305 2896 1378 igniferis
2934 1304 3273 1361 constructis
3311 1305 3364 1359 in
3400 1304 3534 1359 dro-

1953 1416 2146 1458 mones
2199 1408 2369 1472 atque
2423 1401 2616 1457 dieres-
2670 1400 2773 1455 bos
2829 1398 3136 1454 immittens
3176 1405 3370 1453 contra
3400 1395 3540 1450 duas

1951 1491 2162 1552 classes
2197 1496 2419 1551 direxit.
2460 1493 2577 1552 Deo
2607 1495 2791 1549 autem
2851 1500 3189 1563 cooperante
3223 1505 3322 1563 per
3365 1491 3540 1548 inter-

1951 1588 2265 1644 cessionem
2308 1587 2651 1642 intemerattc
2688 1585 2786 1643 Dei-
2830 1584 3127 1641 Genitrieis
3154 1585 3414 1655 protinus
3437 1583 3538 1640 de-

1950 1678 2117 1736 mersi
2143 1688 2272 1736 sunt
2301 1679 2528 1746 inimici,
2567 1684 2622 1736 et
2646 1679 2950 1749 assumptis
2980 1675 3172 1748 spoliis
3203 1688 3256 1734 et
3281 1675 3539 1748 expensis

1952 1783 2144 1826 eorum
2177 1771 2355 1828 nostri
2378 1786 2502 1827 cum
2534 1772 2736 1844 gaudio
2762 1779 2816 1826 et
2849 1770 3130 1841 triumpho
3161 1771 3366 1825 reversi
3385 1777 3537 1825 sunt.

261 1865 525 1922 dicuntur
555 1866 807 1938 Eutropii
859 1875 913 1922 et
943 1865 1222 1921 Anthemii
1252 1874 1689 1932 tr‘ansmearunt,
1723 1866 1849 1938 qui-
1881 1855 1924 1910 Β
1955 1858 2150 1916 Adhuc
2180 1862 2362 1916 alitem
2387 1859 2687 1915 Ματὼιεειη
2719 1859 2920 1914 item"?
2946 1871 2976 1912 ³
3007 1858 3182 1927 Portis
3214 1872 3341 1912 cum
3371 1867 3540 1913 επεν·

262 1957 386 2013 dam
417 1967 600 2014 autem
629 1959 695 2015 ad
740 1967 928 2031 partes
953 1951 1184 2015 Thracae
1214 1973 1246 2015 a
1297 1961 1524 2015 castello
1556 1957 1733 2015 Galati
1792 1967 1847 2016 et

265 2065 444 2121 usque
473 2053 540 2106 ad
569 2051 787 2106 Didium
838 2052 1247 2122 applicuerunt.
1288 2049 1492 2107 Verum
1543 2044 1845 2124 grandibus

263 2136 376 2198 illis
412 2142 643 2198 navibus
673 2155 740 2199 ex
780 2159 949 2200 onere
995 2143 1306 2216 aggravatis
1337 2154 1501 2213 atque
1527 2143 1841 2211 retardatis,

260 2233 411 2291 dorsi
441 2237 701 2292 custodes
726 2244 907 2306 usque
931 2235 999 2290 ad
1036 2228 1229 2306 viginti
1266 2235 1502 2307 scaphas
1557 2250 1851 2292 remanse--

261 2331 412 2391 runt,
442 2329 710 2386 habentes
728 2335 992 2386 centenos
1018 2320 1281 2385 loricatos
1315 2329 1382 2385 ad
1407 2332 1504 2385 bas
1527 2327 1850 2385 custodiens

261 2421 383 2478 das.
415 2419 689 2478 Praeterea
731 2422 1051 2488 serenitate,
1077 2429 1201 2491 quae
1227 2417 1327 2477 has
1350 2421 1406 2474 in
1426 2427 1672 2475 reumate
1689 2427 1846 2476 com-

263 2514 574 2585 prehendit,
615 2503 838 2581 effecta,
871 2520 924 2569 et
953 2524 1189 2585 augusto
1218 2512 1332 2586 (75)
1373 2513 1651 2570 modicum
1679 2510 1846 2569 ﬂante

263 2607 329 2663 ad
355 2607 632 2663 exteriora
663 2607 911 2678 impulsae
928 2613 1078 2663 sunt.
1105 2603 1408 2678 imperatur
1434 2615 1562 2664 vero
1589 2607 1843 2677 protinus

264 2695 517 2767 igniferis
563 2697 801 2754 navibus
840 2705 1033 2758 contra
1069 2710 1165 2752 eas
1214 2697 1445 2754 directis
1476 2697 1546 2752 ab
1583 2697 1842 2768 Acmpoli

266 2784 365 2841 has
392 2787 581 2841 divina
626 2794 730 2857 ope
763 2788 888 2858 igne
917 2774 1265 2855 consumpsit
1305 2803 1321 2842 :
1356 2792 1411 2841 et
1467 2778 1588 2842 alia;
1615 2784 1844 2856 quidem

264 2885 331 2930 ex
361 2873 449 2930 his
467 2877 532 2930 ad
556 2877 686 2945 ripae
707 2886 896 2932 muros
931 2874 1191 2946 proiectae
1228 2881 1379 2942 sunt,
1419 2875 1542 2932 alite
1571 2889 1699 2932 vero
1733 2882 1844 2931 una

265 2979 386 3022 cum
420 2965 740 3023 hominibus
766 2967 822 3021 in
846 2966 1177 3037 profundum
1202 2965 1466 3023 demersae
1496 2977 1646 3032 sunt,
1676 2974 1847 3032 porro

266 3058 386 3113 aliae
423 3068 597 3130 usque
619 3056 686 3113 ad
722 3063 942 3115 acutam
967 3063 1024 3115 et
1050 3057 1217 3113 latam
1245 3056 1476 3114 insulam
1500 3065 1844 3132 consumptas

1955 1949 2070 2005 citu
2119 1951 2361 2006 Arabum
2427 1965 2604 2021 usque
2652 1950 2720 2004 ad
2765 1949 3003 2005 Nicaeam
3061 1959 3117 2004 et
3160 1949 3535 2005 Nicomediam

1954 2040 2324 2106 discurrente,
2351 2041 2632 2112 principes
2649 2040 2825 2112 regni,
2849 2040 2943 2111 qui
2968 2039 3023 2094 in
3049 2037 3183 2095 Libo
3204 2049 3258 2095 et
3275 2037 3538 2110 Sopbone

1956 2143 2109 2189 more
2139 2128 2533 2189 Mardaitarum
2569 2132 2881 2188 absconditi
2920 2141 3104 2200 erant,
3140 2132 3310 2188 simul
3337 2138 3389 2188 et
3440 2146 3538 2203 pe-

1952 2225 2116 2290 dites,
2165 2225 2222 2281 in
2257 2224 2360 2281 hos
2394 2224 2561 2281 simul
2611 2224 2887 2281 irruentes
2942 2232 2998 2279 et
3032 2223 3270 2281 diversis
3317 2223 3537 2282 damnis

1954 2317 2254 2375 efficientes
2287 2317 2444 2373 illinc
2471 2316 2660 2388 fugere
2702 2317 3119 2388 compulerunt,
3148 2324 3203 2372 et
3226 2316 3295 2374 de
3339 2325 3538 2375 caetero

1921 2404 2174 2477 .modice
2201 2405 2460 2468 meabilis
2489 2410 2616 2467 freti
2652 2410 2804 2467 aditu
2839 2409 3070 2466 invento
3118 2410 3187 2466 ab
3235 2410 3374 2469 urbe
3410 2411 3540 2466 che-

1952 2503 2138 2559 iatrdia‘
2163 2503 2422 2560 exeuntia
2456 2503 2725 2574 plurimas
2756 2518 3032 2573 expensas
3064 2500 3340 2560 ferebant.
3375 2502 3539 2562 Simi-

1952 2595 2080 2652 liter
2117 2603 2299 2651 autem
2329 2599 2384 2651 et
2418 2594 2735 2666 piscatoriae
2763 2595 3057 2662 naviculae,
3095 2603 3209 2651 tam
3250 2595 3305 2651 in
3338 2594 3540 2650 insulis

1951 2702 2117 2759 quam
2151 2687 2208 2743 in
2240 2687 2380 2744 locis
2417 2688 2632 2744 circum
2675 2703 2866 2744 muros
2919 2687 3166 2743 civitatis
3193 2687 3411 2758 positis,
3442 2701 3540 2744 ca-

1949 2791 2079 2852 pere
2110 2782 2290 2852 pisces
2313 2794 2423 2838 non
2450 2782 2909 2854 prohibebantur.
2941 2782 3214 2839 Praeterea
3243 2781 3392 2838 fame
3421 2788 3540 2838 ma-

1948 2886 2059 2946 gna
2078 2874 2352 2933 Arabibus
2379 2875 2572 2931 innixa
2599 2877 2789 2932 omnia
2805 2876 3204 2942 moriebantur,
3251 2881 3307 2931 et
3329 2876 3540 2930 anima-

1951 2969 2022 3024 lia
2081 2980 2181 3025 sua
2251 2968 2640 3037 eomedebant,
2698 2984 2877 3040 equos
2921 2969 3196 3036 videlicet,
3245 2969 3433 3027 asinos
3485 2979 3542 3025 et

1950 3063 2212 3120 camelos.
2251 3064 2422 3119 Aiunt
2463 3075 2643 3120 autem
2699 3064 2926 3135 quidam
2983 3063 3130 3134 quod
3171 3071 3225 3119 et
3274 3063 3532 3120 homines

267 3159 497 3224 portata:
527 3160 680 3208 sunt.
704 3143 846 3208 Hinc
870 3161 1004 3221 ergo
1032 3149 1125 3221 qui
1147 3155 1306 3205 erant
1330 3161 1396 3205 ex
1427 3151 1562 3206 urbe
1587 3151 1842 3208 ﬁduciam
1907 3221 1915 3227 _
1951 3164 2223 3218 mortuos.
2248 3156 2382 3227 quin
2413 3163 2468 3212 et
2491 3164 2713 3212 stercus
2737 3164 2897 3212 suum
2924 3155 2978 3210 iu
3005 3156 3284 3210 oiibanum
3304 3155 3537 3212 missum

266 3221 647 3320 perceperunt.
686 3240 785 3302 Ast
833 3242 1019 3300 hostes
1068 3251 1271 3312 magno
1328 3248 1530 3313 pavore
1580 3245 1842 3302 concussi
1868 3221 1915 3288 α
1943 3256 2109 3318 atque
2137 3221 2499 3320 conspersum
2514 3250 2763 3306 ederent.
2785 3248 3036 3305 incubuit
3057 3256 3238 3305 autem
3261 3247 3323 3304 in
3346 3247 3451 3305 hos
3475 3256 3534 3304 et

267 3345 421 3405 sunt,
467 3335 678 3393 humidi
735 3337 1140 3405 co'gnuwentes
1194 3331 1637 3390 efﬁcacissimam
1701 3336 1845 3407 ignis

264 3431 666 3504 operationem.
705 3419 980 3484 leebant
1043 3425 1192 3481 enim
1251 3426 1444 3483 eadem
1494 3426 1586 3482 die
1631 3421 1846 3499 vesperi

267 3525 332 3581 ad
357 3525 492 3596 ripa:
519 3530 708 3579 moros
740 3521 1022 3592 applicare
1062 3519 1363 3576 stationem
1391 3528 1447 3576 et
1482 3529 1727 3578 temones
1751 3532 1849 3578 nu-

267 3627 358 3690 pra‘
380 3615 793 3689 propugnacula
835 3612 1138 3684 imponere.
1178 3611 1287 3670 Sed
1318 3612 1616 3670 consilium
1656 3626 1846 3670 eorum

267 3708 558 3778 dissipavit
615 3705 974 3776 omnipotens
1025 3702 1170 3761 Deus
1233 3716 1334 3775 per
1393 3704 1849 3763 intercessionem

267 3790 594 3858 caStissimte
617 3792 710 3853 Dei
739 3795 1057 3854 Genitricis.
1097 3793 1300 3853 Eadem
1329 3811 1464 3853 vero
1497 3804 1657 3854 nocte
1686 3798 1854 3868 impe-

267 3902 415 3951 rator
443 3899 696 3950 catenam
727 3907 757 3946 a
777 3888 914 3947 locis
943 3889 1129 3946 Galati
1183 3898 1402 3946 secreto
1451 3889 1564 3962 (76)
1595 3891 1852 3946 removit.

271 3988 480 4044 Inimici
511 3994 694 4042 autem
715 3986 1054 4042 aestimantes
1082 3984 1230 4056 quod
1259 3983 1452 4040 volens
1475 4000 1571 4040 eos
1596 3982 1854 4056 decipere

269 4081 410 4137 hanc
440 4077 740 4136 removerit
797 4078 1120 4149 imperator,
1156 4091 1266 4131 non
1306 4077 1429 4133 ausi
1459 4085 1590 4133 sunt
1639 4079 1852 4136 intrare

269 4191 444 4249 usque
497 4173 565 4230 ad
601 4185 665 4230 ea
710 4182 834 4242 qua:
867 4171 1130 4226 dicuntur
1154 4168 1354 4237 Galati,
1391 4171 1480 4225 vel
1537 4173 1848 4242 applicare,

269 4269 362 4326 sed
393 4268 722 4339 navigantes
748 4264 814 4318 ad
843 4263 1024 4319 sinum
1061 4260 1340 4318 Sostbenii
1380 4263 1495 4318 illic
1532 4265 1855 4322 munierant

269 4358 549 4430 navigium
579 4371 760 4414 suum.
794 4353 945 4410 Sane
979 4361 1177 4410 octavo
1199 4352 1324 4410 idus
1363 4352 1661 4410 Octobrias
1683 4357 1856 4411 mori-

272 4460 358 4505 tur
380 4446 704 4506 Sulehiman
725 4447 836 4501 dux
869 4453 1084 4509 earum,
1115 4450 1169 4500 et
1197 4458 1395 4498 amerae
1417 4443 1589 4498 sumit
1615 4443 1851 4500 ofﬁcium

269 4541 500 4618 Humar.
527 4540 665 4598 Cum
696 4545 881 4595 autem
915 4537 1093 4593 hiems
1125 4536 1180 4591 in
1216 4535 1431 4591 Thrace
1463 4537 1620 4592 valde
1667 4540 1852 4609 gravis

270 4635 628 4704 accessisset,
665 4630 805 4687 adeo
831 4637 894 4685 ut
923 4635 1069 4684 terra
1094 4641 1203 4683 non
1237 4635 1455 4695 pareret
1491 4641 1519 4680 a
1553 4629 1701 4693 nive,
1732 4644 1854 4699 quae

269 4725 323 4782 in
346 4725 666 4797 crystallum
684 4736 844 4778 versa
867 4735 995 4776 esse
1020 4717 1334 4785 videbatur,
1365 4716 1663 4773 multitudo
1688 4733 1856 4789 equo-

267 4827 390 4872 rum
421 4824 475 4873 et
499 4815 836 4870 camelorum
868 4821 1303 4881 czeterorutnque
1346 4809 1709 4866 animantium
1743 4811 1852 4865 ini-

271 4909 540 4963 micorum
577 4916 795 4962 mortua
843 4912 949 4962 est.
979 4903 1155 4959 Porro
1183 4902 1395 4959 vernali
1425 4911 1674 4974 tempore
1698 4905 1852 4960 venit

272 4997 539 5069 Suphiam
565 5011 690 5053 cum
723 4996 887 5060 stolo,
909 4995 1002 5065 qui
1023 4993 1200 5051 fuerat
1226 4990 1449 5064 Egypti
1474 5003 1849 5060 constructus,

273 5092 481 5147 habens
505 5107 672 5145 naves
696 5089 1030 5144 frumentum
1062 5086 1300 5143 ferentes
1327 5085 1432 5141 400
1450 5094 1503 5142 et
1531 5082 1850 5144 dromones.

273 5179 575 5251 Comperta
630 5179 881 5234 Romaici
928 5176 1168 5232 efﬁcacia
1209 5177 1356 5248 ignis
1394 5180 1733 5236 transcurrit
1760 5179 1854 5234 Bi-

276 5274 544 5345 thyniam,
600 5283 655 5328 et
715 5273 769 5327 in
804 5277 1003 5327 contra
1039 5270 1323 5326 transiens
1351 5269 1418 5326 ad
1471 5282 1691 5340 portum
1728 5271 1852 5326 beni

280 5366 406 5436 Agri
433 5365 718 5436 applicuit.
745 5361 879 5419 Post
909 5363 1194 5434 paululum
1226 5371 1406 5418 autem
1439 5363 1587 5418 venit
1614 5371 1669 5418 et
1699 5362 1854 5418 liizid

278 5474 402 5515 cum
435 5460 546 5514 alio
577 5458 741 5521 stole,
781 5459 876 5528 qui
919 5457 1098 5513 fuerat
1126 5463 1484 5512 constructus
1532 5457 1588 5511 in
1649 5456 1854 5524 Africa,

1951 3340 2215 3412 pestilens
2233 3340 2488 3413 languor,
2506 3350 2561 3398 et
2589 3334 3024 3398 innumerabiles
3047 3355 3110 3397 ex
3132 3341 3214 3397 eis
3228 3342 3532 3411 perierunt.

1949 3431 2129 3489 Porro
2165 3438 2512 3490 coacervavit
2540 3434 2595 3489 in
2626 3449 2724 3491 eos
2768 3434 2973 3491 bellum
3017 3435 3183 3490 etiam
3224 3432 3531 3505 Vulgarum

1949 3538 2106 3595 gens,
2170 3532 2226 3582 et
2257 3534 2316 3580 ut
2343 3525 2497 3580 aiunt
2525 3525 2618 3597 qui
2660 3526 2767 3582 hoc
2811 3527 3018 3582 certius
3062 3533 3286 3590 norunt,
3331 3525 3529 3597 viginti

1951 3615 2062 3672 duo
2096 3617 2267 3672 millia
2301 3632 2367 3674 ex
2422 3617 2700 3674 Arabibus
2727 3618 3074 3685 occiderunt,
3106 3627 3161 3691 et
3190 3618 3358 3674 multa
3392 3626 3537 3676 tem-

1952 3722 2088 3778 pore
2115 3709 2212 3765 illo
2233 3709 2319 3765 eis
2343 3709 2670 3766 acciderunt
2700 3712 2934 3777 atrocia,
2967 3711 3039 3764 ita
3072 3717 3132 3766 ut
3169 3712 3545 3781 experimento

1953 3801 2239 3858 discerent
2281 3803 2408 3874 quia
2452 3801 2598 3860 Deus
2644 3811 2702 3859 et
2743 3805 3095 3860 sanctissima
3136 3802 3302 3873 Virgo
3339 3803 3546 3876 Deique

1957 3892 2134 3949 Mater
2161 3893 2305 3950 hanc
2335 3893 2595 3950 muniunt
2645 3895 2837 3952 urbem
2872 3903 2929 3951 et
2955 3896 3401 3952 Christianorum
3438 3897 3545 3952 int-

1952 3993 2289 4057 peratorem,
2330 3991 2387 4044 et
2423 4001 2538 4044 non
2591 3995 2680 4044 est
2729 3988 3046 4045 omnimoda
3080 3987 3331 4045 dimissio
3359 3987 3456 4044 Dei
3489 3988 3543 4044 in

1953 4080 2041 4137 bis
2066 4081 2161 4150 qui
2189 4080 2450 4137 invocant
2478 4095 2604 4136 eum
2636 4081 2691 4136 in
2723 4079 2974 4146 veritate,
3000 4081 3129 4137 licet
3171 4081 3240 4136 ad
3269 4079 3544 4136 modicum

1954 4173 2087 4244 quid
2123 4173 2461 4243 castigemur
2487 4181 2713 4244 prepter
2751 4180 2979 4244 peccata
3006 4183 3219 4230 nostra.

2027 4265 2217 4322 Mundi
2241 4281 2389 4322 anno
2411 4266 2575 4331 62H),
2604 4265 3224 4323 divinarincarnationis
3250 4279 3396 4320 anno
3417 4266 3544 4332 710,

1956 4375 2109 4417 anno
2139 4375 2274 4416 vero
2313 4360 2530 4431 imperii
2580 4358 2781 4417 Leonis
2835 4360 3104 4431 secundo,
3133 4360 3246 4416 dux
3276 4358 3544 4416 Arabum

1961 4451 2198 4508 habetur
2237 4450 2465 4514 ﬂumar,
2491 4450 2582 4520 qui
2605 4449 2686 4506 eis
2727 4449 2942 4505 duobus
2974 4448 3194 4520 praefuit
3222 4449 3403 4505 annis.
3435 4448 3546 4503 Eo-

1960 4543 2082 4598 dem
2116 4557 2341 4616 quoque
2364 4557 2510 4597 anno
2537 4540 2765 4612 Sergius
2791 4539 3282 4612 protospatharins
3312 4547 3368 4595 et
3403 4553 3545 4609 prte-

1959 4642 2043 4690 tor
2077 4634 2302 4700 Sicilia,
2347 4635 2539 4690 audito
2575 4634 2724 4706 quod
2770 4632 3035 4690 Saraceni
3097 4632 3420 4689 obsiderent
3457 4647 3545 4688 re-

1960 4726 2104 4794 giam
2131 4725 2345 4791 urbem,
2379 4724 2667 4780 coronavit
2694 4723 2807 4779 illic
2838 4724 3123 4795 proprium
3157 4724 3544 4792 imperatorem

1959 4819 2136 4873 virum
2187 4817 2896 4888 Coustantinopoiitanum,
2929 4827 2997 4871 ex
3046 4813 3368 4871 hominibus
3402 4813 3543 4880 suis,

1963 4911 2131 4965 filium
2181 4908 2431 4981 Gregorii
2481 4908 2834 4979 Onomaguli,
2863 4902 3147 4965 Tiberium
3178 4913 3390 4962 mutato
3441 4921 3546 4962 no-

1953 5003 2102 5058 mine
2167 5003 2491 5067 vocitatum,
2531 5003 2626 5073 qui
2669 5001 2802 5058 fecit
2859 5001 3243 5072 promotiones
3298 5007 3354 5055 et
3410 5012 3544 5056 suos

1954 5097 2235 5169 principes
2270 5096 2514 5168 praedicti
2562 5096 2797 5151 consilio
2829 5094 3032 5166 Sergii.
3086 5094 3189 5151 Ast
3241 5095 3546 5164 imperator

1953 5189 2043 5244 his
2069 5187 2273 5245 auditis
2302 5187 2451 5244 misit
2483 5179 2714 5244 Paulum
2752 5188 3035 5257 proprium
3059 5201 3220 5243 suum
3252 5185 3543 5241 chartula-

1952 5281 2124 5346 rium,
2158 5281 2307 5334 hunc
2347 5281 2643 5351 patricium
2677 5274 2992 5334 ordinatum
3025 5285 3080 5334 et
3114 5285 3403 5349 praterem
3453 5275 3545 5331 Si-

1965 5372 2129 5436 ciliae,
2175 5371 2317 5427 dalis
2375 5370 2432 5426 in
2470 5370 2736 5425 anxillum
2782 5370 2832 5426 ei
2884 5370 3182 5441 spathariis
3221 5368 3438 5424 duobus
3487 5373 3544 5418 et

1966 5468 2023 5523 in
2073 5465 2356 5522 servitium
2401 5466 2522 5540 ejus
2581 5463 2871 5537 perpaucis
2938 5462 3273 5528 hominibus,
3333 5458 3544 5530 iussio-

1737 5687 1740 5689 ,
1797 5599 2031 5660 nom.

352 5693 466 5768 ('15)
494 5693 648 5768 Diae.
687 5705 900 5768 austro.

352 5758 468 5838 (76}
495 5763 730 5822 Secreto.
753 5761 1065 5838 Μυστικῶς.
1106 5758 1198 5820 Sic
1236 5761 1409 5838 Graeci
1442 5763 1527 5820 lC.
1563 5769 1862 5821 testamen-

282 5837 396 5893 tum
432 5838 580 5909 quod
606 5848 671 5892 ex
700 5837 906 5910 scripto
929 5845 1146 5892 constat
1175 5837 1464 5908 mysticum
1499 5843 1552 5892 et
1585 5843 1859 5893 secretum

1970 5702 2275 5772 appellant,
2312 5701 2448 5773 πρὸς
2501 5695 2908 5766 ἀντιδιαστολὴν
2964 5692 3342 5773 ntlncupativi,
3395 5691 3551 5765 quod

1970 5761 2204 5831 testibus
2233 5761 2587 5832 audientibus
2620 5761 2986 5839 nuncupatur.
3015 5761 3182 5820 FABR}
