4070 6304
551 355 692 427 1359

1660 359 2068 423 ANASTASII
2108 359 2740 423 BIBLIOTHECARII

3681 354 3816 422 1360

553 485 828 552 tribusque
872 480 940 535 ad
989 478 1267 552 principes
1307 475 1629 533 Occidentis
1654 518 1671 541 ,
1722 484 1775 530 et
1833 491 1989 531 sacra
2033 490 2133 545 po-
2164 479 2209 535 Α
2240 473 2295 530 in
2320 475 2856 546 triclinioAugusta,
2891 479 2944 530 et
2975 472 3247 544 processit
3286 472 3401 529 sola
3432 488 3558 529 cum
3585 474 3815 531 solemni

549 573 681 646 pulo
726 573 1031 629 recitanda.
1082 571 1188 639 Qui
1234 586 1360 626 cum
1408 579 1573 625 noctu
1625 569 1861 640 ingressi
1902 568 2134 624 fuissent

547 667 606 722 in
637 668 957 723 dromonem
996 667 1264 731 velocem,
1310 665 1568 721 exierunt
1605 665 1660 719 in
1699 673 1884 736 partes
1919 659 2129 734 Cyzici.

547 759 591 812 Α
621 761 743 817 loco
772 768 953 816 autem
999 759 1066 813 ad
1107 759 1288 814 locum
1329 773 1425 826 per
1455 765 1661 811 terram
1716 770 1925 826 perque
1977 766 2131 806 mare

546 852 745 907 itinere
768 853 911 907 facto
935 858 1161 922 repente
1184 850 1239 904 in
1259 849 1501 904 Siciliam
1533 856 1922 918 pervenerunt.
1953 845 2124 900 Cum-

545 957 652 1014 que
687 941 1018 1016 Syracusam
1053 940 1405 1006 introissent,
1435 939 1646 994 audivit
1678 937 1903 1008 Sergius
1942 945 1999 992 et
2029 935 2128 1010 01b-

544 1035 778 1104 stupuit,
818 1044 873 1090 et
929 1035 1154 1106 proprio
1187 1048 1418 1089 excessu
1456 1045 1730 1102 perpenso
1775 1028 2025 1100 confugit
2057 1027 2124 1082 ad

541 1129 888 1205 prepinquos
915 1126 1182 1182 Calabrize
1230 1123 1650 1196 Longobardos.
1704 1122 1950 1193 Populus
1997 1135 2126 1175 vero

540 1229 932 1293 congregatus,
956 1230 1013 1277 et
1052 1234 1210 1276 sacra
1242 1219 1444 1274 relecm
1471 1233 1568 1287 per
1595 1230 1713 1272 eam
1739 1225 1924 1270 certus
1946 1212 2124 1268 factus

544 1318 692 1386 quod
729 1326 781 1371 et
839 1316 1130 1385 imperium
1167 1321 1339 1368 staret
1368 1319 1423 1367 et
1451 1311 1582 1366 urbs
1621 1310 1933 1380 promptior
1975 1315 2124 1362 esset

541 1412 803 1467 adversus
822 1417 1032 1480 gentes,
1067 1421 1280 1462 necnon
1305 1413 1358 1461 et
1378 1403 1769 1460 enarrantibus
1792 1401 1900 1457 illis
1922 1416 1984 1457 ea
2001 1415 2122 1470 qua}

540 1517 706 1573 super
737 1502 954 1558 duobus
982 1501 1138 1556 stolis
1170 1499 1391 1555 fuerant
1422 1507 1597 1570 gesta,
1626 1497 1862 1552 Leonem
1897 1495 2116 1565 quidem

539 1594 925 1664 imperatorem
959 1593 1225 1647 continuo
1275 1590 1662 1652 laudavcrunt,
1723 1587 1984 1643 Basiliam
2021 1602 2120 1641 au-

536 1690 646 1739 tem
681 1681 1080 1754 Onomagulum
1112 1691 1168 1736 et
1199 1682 1502 1752 principes,
1534 1680 1626 1749 qui
1663 1681 1731 1735 ab
1757 1681 1850 1733 illo
1872 1678 2116 1748 provecti

535 1777 783 1842 fuerant,
835 1775 1052 1831 vinctos
1103 1775 1322 1846 praetori
1383 1772 1755 1826 tradiderunt.
1818 1771 1940 1840 Ipse
1989 1785 2116 1824 vero

2241 569 2507 638 obsequio
2537 573 2654 624 sine
2696 568 2814 623 viro
2844 568 2909 622 ad
2943 566 3192 636 Magnam
3221 566 3547 631 Ecclesiam,
3600 575 3656 621 et
3688 581 3813 621 ora-

2238 662 2388 716 tione
2416 671 2543 716 ante
2573 662 2886 729 ingressum
2918 659 3107 715 altaris
3156 659 3330 716 elIusa
3365 658 3587 714 transiit
3628 659 3702 714 ad
3725 660 3814 714 ba-

2238 754 2552 824 ptisterium
2600 769 2880 824 magnum,
2931 753 3051 808 viro
3079 751 3334 822 ejusjam
3363 768 3484 808 cum
3517 753 3714 824 paucis
3741 751 3816 806 fa-

2238 845 2542 901 miliaribus
2572 846 2688 902 suis
2717 847 2987 916 ingresso.
3021 844 3123 900 Ubi
3155 861 3278 899 cum
3306 844 3615 901 Germanus
3662 860 3812 898 sum-

2235 953 2358 991 mus
2394 938 2653 994 sacerdos
2682 938 3125 1002 Constantinum,
3162 938 3416 1007 nequitia:
3465 939 3713 1009 ipsorum
3761 946 3812 992 et

2235 1029 2447 1100 imperii
2489 1046 2893 1096 successorem,
2943 1031 3272 1101 baptizaret,
3317 1030 3498 1085 dirum
3549 1031 3808 1101 quiddam

2230 1133 2280 1179 et
2310 1125 2558 1180 foetidum
2590 1141 2620 1179 a
2641 1126 3034 1198 parvulofidem
3055 1123 3454 1181 Constantinus
3470 1127 3809 1195 praesignans

2230 1220 2478 1274 exhibuit
2525 1230 2934 1288 argumentum,
2964 1233 3167 1274 cacans
3216 1220 3267 1272 in
3311 1228 3504 1273 sancto
3562 1218 3805 1284 lavacro,

2230 1315 2289 1359 ut
2318 1307 2474 1362 aiunt
2524 1307 2618 1379 qui
2665 1308 2959 1378 diligenter
2988 1307 3153 1378 hujus
3183 1308 3261 1364 rei
3308 1308 3434 1362 facti
3467 1319 3597 1364 sunt
3627 1309 3812 1379 inspe-

2227 1409 2427 1465 ctores,
2486 1400 2559 1454 ita
2597 1408 2656 1455 ut
2681 1399 2992 1457 Germanus
3042 1403 3429 1458 sanctissimus
3491 1402 3811 1472 prophetico

2226 1492 2472 1547 diceret:
2511 1492 2734 1547 Constat
2784 1494 3014 1548 maximi
3065 1494 3391 1549 Christianis
3444 1504 3493 1549 et
3550 1494 3807 1549 Ecclesia

2225 1583 2356 1638 mali
2400 1599 2491 1651 per
2523 1601 2642 1638 eum
2677 1585 2932 1655 efﬁciendi
2966 1586 3065 1639 hoc
3127 1587 3338 1656 signum
3382 1603 3495 1641 esse
3537 1587 3802 1650 futurum.

2225 1675 2383 1732 Hunc
2416 1679 2598 1748 itaque
2630 1678 2970 1749 baptizatum
3011 1680 3418 1749 provinciarum
3443 1690 3611 1750 atque
3646 1696 3806 1735 sena-

2224 1779 2315 1827 tus
2344 1751 2620 1842 principes
2648 1782 3035 1844 susceperunt.
3068 1773 3197 1829 Post
3232 1774 3415 1828 divina
3462 1789 3599 1830 sane
3627 1773 3805 1829 oliicia

533 1867 800 1923 Basilium
861 1866 1088 1938 quidem
1148 1879 1273 1920 cum
1329 1865 1601 1934 singulari
1644 1873 1878 1934 praetore
1937 1862 2112 1944 ipsius
2145 1849 2337 1921 Bcum
2380 1867 2616 1922 solemni
2644 1882 2841 1923 rursus
2891 1867 3161 1937 obsequio
3191 1868 3436 1937 Augusta
3484 1867 3663 1922 Maria
3697 1884 3803 1923 una

534 1959 848 2026 decollavit,
876 1966 933 2015 et
959 1958 1139 2027 capita
1175 1971 1366 2012 eorum
1409 1956 1560 2011 fusca
1593 1956 1811 2010 condita
1862 1971 1957 2024 per
1989 1971 2115 2024 spa-

529 2051 747 2107 tharios
797 2049 1120 2122 imperatori
1170 2050 1501 2113 transmisit,
1533 2049 1875 2118 reliquorum
1928 2055 2110 2101 autem

532 2140 804 2212 quosdam
835 2143 1154 2200 verberatos
1209 2149 1262 2196 et
1309 2149 1524 2206 tonsos,
1557 2142 1825 2212 quosdam
1862 2157 1993 2196 vero
2022 2140 2111 2195 ab-

521 2236 725 2293 ‘scissis
749 2236 978 2292 naribu
995 2237 1051 2291 in
1072 2236 1328 2292 exsilium
1345 2237 1661 2292 destinavit.
1685 2233 1885 2304 Sicque
1906 2235 2109 2289 factum

531 2339 619 2386 est
641 2337 712 2384 'ut
740 2328 871 2385 hinc
898 2330 956 2384 in
1013 2328 1464 2385 Occidentalibus
1494 2342 1693 2399 magna
1743 2327 2110 2398 correptionis

533 2420 856 2476 constitutio
881 2419 1056 2476 iieret.
1097 2419 1269 2474 Porro
1301 2419 1527 2490 Sergius
1563 2419 1731 2475 verbo
1762 2419 2138 2489 impunitatis-

521 2527 563 2566 'a
588 2518 823 2584 praetore
849 2511 1021 2582 petito
1049 2512 1255 2582 pariter
1286 2519 1340 2566 et
1401 2519 1624 2578 accepto
1651 2510 1819 2564 exivit
1868 2509 1934 2563 ad
1959 2526 2104 2578 eum,

530 2614 587 2662 et
635 2600 719 2661 ita
777 2616 970 2663 omnes
1024 2619 1159 2677 pace
1214 2604 1407 2676 potita:
1465 2613 1597 2660 sunt
1648 2601 1926 2675 Hesperiae
1981 2617 2109 2674 par-

531 2704 638 2753 tes.

600 2788 810 2845 Interea
839 2790 1116 2847 Humerus
1135 2806 1261 2847 cum
1295 2791 1634 2849 obtinuisset
1670 2790 1904 2858 Arabes,
1963 2805 2101 2861 prae-

525 2881 674 2951 cepit
703 2880 1004 2939 Masalman
1029 2883 1229 2940 redire.
1264 2885 1526 2941 Saraceni
1562 2899 1693 2956 ergo
1722 2886 1856 2939 moti
1891 2885 2106 2939 decimo

525 2984 718 3032 octavo
745 2975 1022 3034 Kalendas
1050 2979 1329 3051 Augustas
1377 2995 1502 3036 cum
1558 2981 1732 3035 multa
1760 2978 2106 3035 confusione

526 3071 733 3126 reversi
763 3081 926 3141 sunt;
956 3087 1081 3127 cum
1112 3073 1260 3129 enim
1286 3074 1393 3129 iter
1425 3083 1613 3143 ageret
1651 3072 1850 3127 classis
1887 3082 2101 3139 eorum,

2215 1975 2339 2015 cum
2370 1960 2648 2030 baptizato
2691 1960 2802 2016 (ilio
2839 1975 3062 2016 reversa
3097 1970 3181 2016 est
3223 1962 3500 2017 donativis
3540 1961 3805 2032 ‘erogatis

2213 2052 2281 2106 ab
2309 2053 2541 2106 ecclesia
2570 2067 2745 2122 usque
2771 2052 2836 2107 ad
2859 2051 3090 2109 Aﬁneam
3126 2061 3361 2124 portam.
3397 2052 3599 2108 Eodem
3633 2055 3802 2109 etiam

2212 2157 2354 2197 anno
2382 2140 2604 2199 Nicetas
2635 2143 2909 2213 Xylinites
2931 2143 3128 2199 scribit
3178 2143 3245 2199 ad
3295 2145 3599 2201 Artemium
3625 2144 3803 2201 Thes:

2210 2238 2468 2293 salonicaa
2525 2248 2851 2304 morantem,
2914 2253 3026 2309 quo
3090 2249 3343 2310 pergeret
3385 2240 3450 2292 ad
3510 2237 3797 2306 Terbelin,

2209 2339 2484 2402 quatenus
2503 2345 2626 2385 cum
2656 2328 2861 2385 auxilio
2886 2328 3184 2400 Vulgarico
3213 2341 3407 2386 contra
3432 2329 3677 2387 Leonem
3704 2346 3795 2386 ve-

2208 2423 2372 2478 niret.
2419 2421 2524 2490 Qui
2559 2422 2862 2478 obaudiens
2894 2422 2962 2478 ad
3015 2420 3269 2478 Terbelin
3304 2421 3463 2486 abiit,
3520 2429 3578 2477 et
3620 2422 3716 2476 dat
3747 2420 3796 2478 ei

2206 2513 2531 2579 exercitum,
2567 2521 2621 2568 et
2650 2513 2743 2567 dat
2772 2513 2820 2566 ei
2851 2511 3255 2584 quinquaginta
3287 2512 3406 2566 auri
3435 2513 3794 2577 centenaria;

2205 2611 2259 2660 et
2284 2603 2367 2658 his
2395 2603 2631 2672 receptis
2657 2600 3198 2673 Constantinopolim
3240 2602 3394 2656 venit
3417 2602 3554 2658 urbe
3576 2617 3716 2657 sane
3741 2601 3795 2656 id

2206 2695 2427 2749 minime
2461 2693 2808 2749 admittente.
2843 2691 3114 2765 Vulgares
3166 2693 3313 2748 hunc
3353 2692 3520 2748 Leoni
3550 2691 3794 2748 tradide-

2206 2797 2358 2852 runt,
2393 2796 2447 2844 et
2470 2787 2681 2843 liberali
2712 2787 2971 2842 honorati
3003 2786 3074 2841 ab
3103 2800 3169 2843 eo
3203 2785 3548 2854 benignitate
3582 2785 3790 2841 reversi

2205 2890 2359 2938 snnt.
2409 2880 2509 2936 Ast
2564 2881 2866 2949 imperator
2902 2879 3049 2943 hunc
3081 2893 3208 2933 cum
3244 2877 3496 2951 Xylinite
3528 2876 3786 2948 peremit,

2206 2972 2426 3044 publico
2456 2986 2676 3042 quoque
2707 2969 2840 3027 ﬁsco
2877 2969 3244 3025 substantiam
3304 2969 3591 3039 applicans
3640 2967 3790 3041 Xyli-

2205 3066 2352 3132 nitis,
2385 3065 2478 3136 qui
2510 3080 2635 3119 eum
2661 3063 2922 3136 magister
2949 3069 3118 3127 esset,
3148 3061 3520 3118 substantiam
3552 3063 3784 3118 multam

510 3167 822 3233 'ttempestas
849 3179 878 3218 a
913 3164 1026 3220 Deo
1063 3179 1159 3234 per
1192 3165 1621 3222 intercessiones
1656 3165 1748 3221 Dei
1784 3164 1975 3221 Matris
2017 3165 2102 3220 in-
2133 3202 2175 3260 ο
2208 3157 2552 3228 possederat.
2591 3157 2896 3212 Sisinnium
2935 3156 3228 3227 patricium
3273 3164 3657 3226 cognomento
3684 3154 3789 3210 Re-

518 3254 792 3311 cumbens
817 3256 873 3311 in
908 3257 1033 3312 illos
1061 3256 1470 3329 hos‘dispersit,
1491 3266 1546 3313 et
1569 3258 1706 3313 alios
1752 3258 1972 3328 quidem
2004 3258 2104 3313 ho-

2207 3248 2447 3314 dacium,
2503 3262 2570 3302 eo
2609 3245 2757 3318 quod
2813 3246 2980 3301 fuerit
3024 3261 3150 3300 cum
3199 3245 3468 3310 Artemio,
3516 3245 3787 3316 Vulgare:

524 3363 647 3402 rum
663 3362 846 3418 .penes
873 3347 1248 3405 Proconesum
1282 3356 1344 3404 et
1379 3349 1625 3419 reliquas
1670 3347 1907 3415 insulas,
1963 3349 2104 3404 alios

520 3451 652 3496 vero
700 3441 756 3497 in
780 3443 1089 3513 “vertigines
1123 3448 1179 3497 et
1228 3449 1426 3497 caetera
1462 3442 1729 3497 demersit
1765 3441 1819 3496 in
1855 3456 2099 3512 aequora.

520 3533 747 3592 Residui
789 3550 1014 3606 quoque
1047 3549 1169 3590 cum
1224 3534 1529 3590 transirent
1558 3533 1806 3604 [Egaaum
1849 3535 2100 3604 pelagus,

518 3627 794 3698 extemplo
818 3627 1138 3697 supervenit
1161 3627 1214 3680 in
1246 3626 1325 3682 eis
1353 3625 1614 3681 terribilis
1638 3625 1942 3696 indignatio
1964 3625 2057 3683 Dei
2081 3643 2098 3682 :

507 3718 727 3789 grando
753 3733 988 3788 namque
1018 3717 1177 3789 ignea
1202 3717 1548 3774 descendens
1582 3733 1750 3788 super
1805 3732 1902 3774 eos
1927 3733 2100 3789 aquas

504 3810 689 3866 ‘maris
714 3812 943 3866 ebullire
972 3808 1125 3875 iecit,
1176 3819 1232 3866 et
1271 3811 1395 3882 pice
1425 3810 1723 3881 liquefacta
1756 3811 1923 3868 simul
1956 3827 2097 3868 cum

510 3903 836 3960 hominibus
867 3919 1033 3961 naves
1069 3899 1131 3958 in
1173 3903 1506 3974 profundum
1543 3903 1787 3959 inducta:
1815 3912 1969 3970 sunt,
2000 3905 2097 3960 de-

507 4008 632 4053 cent
661 3997 796 4053 solis
825 4013 893 4052 ex
920 3999 1002 4053 eis
1033 4005 1088 4052 et
1120 3997 1257 4066 ipsis
1291 3996 1634 4066 providentia
1661 3995 1756 4051 Dei
1792 3996 2096 4052 Salvatoris

508 4089 877 4147 evadentibus
915 4091 983 4143 ad
1035 4089 1479 4144 annuntiandum
1533 4088 1715 4156 nobis,
1775 4103 1998 4144 necnon
2041 4099 2096 4146 et

513 4182 813 4248 Arabibus,
841 4182 1114 4252 magnalia
1147 4179 1264 4247 Dei,
1297 4197 1421 4252 quae
1464 4181 1524 4236 in
1566 4182 1676 4238 illis
1713 4181 2093 4251 eii‘ectalsunt.

509 4273 661 4342 Quas
688 4275 853 4329 etiam
885 4281 1168 4328 nostrates
1206 4274 1574 4341 invenientes,
1607 4275 1853 4345 quinque
1897 4275 2091 4330 harum

503 4363 978 4433 comprehendere
1002 4371 1303 4432 potuerunt
1327 4381 1341 4417 :
1368 4364 1489 4419 aliae
1510 4380 1639 4420 vero
1663 4366 1908 4437 quinque
1930 4367 2094 4422 salva:

510 4457 568 4510 in
591 4455 816 4528 Syriam
854 4455 1033 4512 ductae
1071 4463 1238 4522 sunt,
1285 4456 1385 4512 Dei
1427 4457 1844 4514 annuntiaturat
1878 4465 2090 4531 poten-

506 4549 665 4604 tiam.

583 4619 950 4677 Eodem'vere
1007 4635 1155 4677 anno
1194 4628 1356 4676 terrae
1385 4629 1535 4677 motu
1571 4637 1769 4693 magno
1822 4623 1878 4678 in
1931 4623 2089 4694 Syria

509 4711 656 4768 facto
689 4711 898 4768 Humar
926 4728 956 4768 a
991 4714 1313 4770 civitatibus
1338 4715 1524 4770 vinum
1560 4715 1819 4781 inhibuit,
1845 4726 1899 4771 et
1923 4715 2087 4771 Chri-

509 4805 722 4861 stianos
750 4811 1062 4876 apostatare
1088 4807 1291 4874 coegit,
1343 4815 1399 4861 et
1433 4814 1811 4877 apostatantes
1863 4807 2088 4877 quidem

509 4896 630 4951 sine
649 4895 855 4953 tributo
883 4911 1006 4952 esse
1050 4896 1306 4965 faciebat,
1347 4912 1459 4953 non
1494 4899 1911 4955 consentientes
1954 4890 2087 4956 vero

505 4989 882 5072 interimeba-t,
932 5005 997 5046 ac
1039 5006 1137 5061 per
1161 4976 1232 5046 'id
1277 4993 1482 5048 multos
1515 5001 1792 5065 martyres
1826 5004 2088 5062 operatus

501 5092 616 5138 est.
653 5081 849 5140 Sanxit
882 5084 1047 5140 etiam
1085 5085 1468 5141 testimonium
1497 5085 1794 5142 Christiani
1821 5086 2088 5143 adversus

509 5168 846 5229 Saracenum
887 5174 1116 5230 minime
1143 5173 1544 5245 recipiendum.
1578 5176 1729 5232 Fecit
1754 5187 1936 5234 autem
1967 5177 2088 5247 epi-

509 5267 703 5322 stolam
740 5267 1105 5338 dogmaticam
1143 5269 1220 5324 ad
1256 5267 1494 5324 Leonem
1547 5270 1959 5340 imperatorem,
1999 5285 2091 5325 ra-

501 5367 600 5415 tus
626 5360 826 5431 impius
859 5361 908 5416 ei
946 5360 1279 5430 persuadere
1301 5377 1423 5433 quo
1483 5377 1514 5417 a
1578 5362 1682 5420 [ide
1711 5380 1812 5419 sua
1862 5365 2088 5421 recede-

507 5456 616 5506 ret.

579 5544 738 5598 Anno
766 5542 980 5614 imperii
1013 5545 1098 5614 sui
1133 5545 1298 5601 tertio
1336 5553 1502 5602 natus
1528 5555 1610 5602 est
1639 5546 1804 5602 Leoni
1854 5546 2087 5618 principi

504 5634 655 5690 ﬁlius
685 5636 908 5692 nomine
937 5635 1360 5704 Constantinus,
1413 5639 1508 5709 qui
1552 5641 1727 5710 magis
1757 5640 1853 5695 illo
1885 5641 2087 5712 impius

493 5726 617 5782 fuit
641 5735 695 5782 et
724 5728 1044 5786 Antichristi
1073 5730 1403 5801 praecursor.
1442 5732 1712 5788 Caeterum
1751 5733 2088 5790 octavo'Ka-

508 5819 700 5876 lendas
733 5819 1026 5880 Januarias
1064 5821 1236 5879 Maria
1286 5839 1422 5881 uxor
1476 5825 1675 5885 Leonis
1716 5838 1976 5886 coronata
2001 5839 2085 5886 est

2190 3340 2383 3410 capite
2415 3340 2755 3409 punierunt;
2787 3347 2842 3394 et
2876 3337 3352 3410 archiepiscopum
3382 3338 3788 3393 Thessalonice

2203 3431 2373 3488 Leoni
2403 3432 2636 3503 principi
2657 3430 3026 3499 tradiderunt,
3061 3433 3150 3500 qui
3187 3430 3495 3487 decollatus
3533 3437 3619 3485 est
3659 3445 3786 3484 cum

2201 3525 2468 3580 Artemio.
2503 3523 2774 3578 Similiter
2797 3531 2850 3577 et
2874 3521 3079 3578 Hisoen
3101 3521 3414 3594 patricium
3447 3532 3501 3576 et
3525 3523 3784 3577 comitem

2201 3615 2431 3681 Obsicii,
2456 3623 2510 3670 et
2543 3614 2926 3670 Theoctistum
2959 3614 3200 3684 primum
3257 3629 3286 3668 a
3323 3615 3570 3677 secretis,
3607 3621 3662 3668 et
3692 3612 3784 3667 Νί-

2202 3718 2378 3763 cetam
2434 3707 2766 3762 Anthracem
2799 3715 2854 3760 et
2889 3708 3150 3762 comitem
3181 3705 3435 3774 Titichei,
3485 3716 3544 3761 ut
3574 3706 3786 3763 amicos

2201 3807 2255 3855 et
2287 3800 2592 3856 concordes
2635 3799 2759 3868 eius
2803 3798 3008 3854 occidit
3045 3817 3060 3855 :
3093 3798 3336 3870 reliquos
3395 3808 3579 3854 autem
3614 3801 3787 3853 muti-

2200 3894 2325 3948 latis
2352 3894 2578 3948 naribus
2639 3891 3046 3964 proscriptione
3086 3891 3383 3946 damnatos
3411 3890 3467 3945 in
3520 3891 3784 3947 exsilium

2200 3986 2372 4041 misit.

2269 4077 2455 4131 Mundi
2476 4091 2621 4131 anno
2641 4075 2806 4143 6212,
2828 4075 3030 4132 divinae
3053 4076 3456 4133 incarnationis
3478 4091 3626 4132 anno
3655 4075 3782 4137 712.

2197 4185 2344 4225 anno
2370 4186 2499 4226 vero
2532 4170 2753 4240 imperii
2771 4168 2975 4225 Leonis
3005 4178 3206 4239 quarto
3234 4169 3391 4224 Hizid
3409 4168 3652 4224 Arabum
3671 4169 3785 4223 dux

2198 4265 2448 4330 habetur,
2505 4263 2600 4334 qui
2653 4265 2736 4319 eis
2789 4273 3027 4334 quatuor
3076 4263 3294 4334 praefuit
3339 4263 3520 4318 annis.
3577 4261 3779 4317 Eodem

2194 4368 2412 4423 quoque
2452 4368 2597 4407 anno
2645 4352 2947 4408 indictione
2979 4355 3162 4417 tertia,
3202 4354 3291 4407 die
3336 4351 3585 4416 Pascha,
3620 4367 3781 4407 coro-

2195 4457 2359 4503 natus
2403 4454 2490 4502 est
2524 4446 2928 4503 Constantinus
2981 4461 3011 4511 a
3042 4446 3225 4500 Leone
3265 4454 3419 4514 patre
3466 4461 3569 4499 suo
3601 4445 3656 4500 in
3680 4446 3780 4500 tri-

2123 4553 2168 4610 ι)
2198 4536 2424 4591 bunalio
2457 4536 2644 4590 decem
2677 4544 2732 4590 et
2757 4551 2952 4590 novem
2983 4537 3360 4598 accuhitunm,
3381 4533 3660 4590 Germano
3683 4551 3780 4606 pa-

2195 4628 2437 4683 triarcha
2470 4627 2705 4681 faciente
2745 4627 3026 4681 orationes
3061 4626 3363 4682 secundum
3404 4640 3636 4681 morem.
3664 4624 3776 4682 Hoc

2193 4721 2354 4774 etiam
2394 4733 2538 4775 anno
2563 4727 2814 4774 mortuus
2837 4727 2922 4773 est
2955 4718 3229 4774 Humarus
3264 4719 3372 4772 dux
3421 4718 3692 4784 Arabum,
3719 4728 3774 4774 et

2192 4813 2369 4866 oritur
2399 4812 2455 4866 in
2485 4811 2712 4868 Perside
2764 4820 3037 4882 tyrannus
3090 4821 3145 4866 et
3197 4813 3314 4881 ipse
3349 4813 3573 4866 nomine
3617 4810 3772 4867 Hizid

2192 4905 2460 4971 Moalabe,
2527 4914 2583 4960 et
2631 4905 2888 4959 abierunt
2915 4920 3040 4960 curn
3085 4919 3154 4960 eo
3198 4919 3264 4958 ex
3315 4903 3536 4959 Perside
3591 4906 3771 4962 multi.

2194 4998 2363 5055 Misso
2389 5005 2572 5052 autem
2617 4998 2778 5053 Hizid
2811 4996 3074 5053 Masalma
3105 4995 3310 5051 occidit
3338 5011 3462 5051 eum
3495 5005 3551 5053 et
3601 4997 3774 5055 Persi-

2193 5093 2316 5149 dem
2345 5091 2613 5149 subdidit.

2188 5186 2227 5244 Ι
2262 5186 2421 5238 Anno
2453 5183 2663 5254 imperii
2704 5182 2905 5239 Leonis
2966 5183 3164 5254 quinto
3222 5183 3482 5253 apparuit
3541 5184 3768 5255 quidam

2193 5275 2388 5346 Syrius
2417 5274 2877 5344 pseudochristus
2909 5283 2965 5330 et
2993 5275 3210 5330 seduxit
3235 5274 3496 5330 Hebraeos
3521 5315 3537 5343 ,
3580 5276 3771 5332 dicens

2191 5386 2249 5425 se
2276 5369 2581 5424 Christum.

2262 5462 2423 5518 Anno
2455 5460 2673 5532 imperii
2705 5461 2791 5515 sui
2824 5467 2982 5516 sexto
3007 5458 3123 5514 Leo
3185 5460 3363 5529 coegit
3412 5457 3683 5516 Hebrzos
3715 5470 3769 5516 et

2190 5552 2478 5610 Montanos
2509 5553 2801 5622 baptizari.
2833 5553 2904 5607 At
2939 5567 3068 5608 vero
3115 5549 3288 5606 Judaei
3323 5559 3515 5606 contra
3562 5568 3767 5623 propo-

2189 5645 2355 5701 situm
2376 5644 2639 5716 haptizati
2669 5644 2958 5699 diluebant
2982 5643 3338 5712 baptismum,
3387 5651 3441 5697 et
3472 5644 3767 5699 comeden-

2189 5745 2271 5793 tes
2302 5736 2476 5792 sancti
2503 5738 2748 5792 muneris
2774 5736 3272 5807 participabantur,
3332 5743 3387 5790 et
3420 5735 3765 5790 contamina-

2188 5830 2320 5887 bant
2347 5827 2532 5886 iidem.
2562 5828 2730 5886 Porro
2764 5828 3004 5885 Montani
3034 5828 3346 5885 divinantes
3377 5828 3506 5894 sibi,
3537 5833 3594 5884 et
3631 5825 3766 5887 ditii-
