4050 6308
305 367 436 435 1361

1082 371 1454 433 HISTORIA
1491 372 2066 437 ECCLESIASTICA
2105 376 2210 439 EX
2247 375 2746 440 THEOPHANE.

3414 377 3556 444 I362

301 480 512 536 nientes
550 476 720 548 diem,
749 479 942 536 domos
968 477 1297 536 introierunt
1323 482 1498 538 errori
1527 497 1629 538 suo
1657 481 1888 556 deputa-
1915 486 1962 547 Α
1990 493 2159 542 aestus
2187 484 2468 554 incendio,
2499 496 2650 545 totus
2680 487 2867 544 fumus
2902 486 3096 560 lgneus
3126 491 3560 551 monstrabatur.

301 582 407 642 tas,
439 583 495 629 et
523 571 889 629 incenderunt
917 581 1089 630 semet
1120 572 1289 642 ipsos.

366 667 532 722 Anno
579 667 791 737 imperii
840 663 1042 730 Leonis
1094 667 1326 739 septimo
1354 665 1578 724 Judaeus
1622 663 1878 738 quidam,

296 758 571 815 oriundus
604 775 668 815 ex
705 758 974 815 Laodicea
1027 759 1316 816 maritimae
1345 758 1666 826 Phoenicia,
1707 761 1876 832 mple-

299 852 460 919 ﬁcus,
513 850 743 908 veniens
782 849 850 906 ad
887 849 1045 906 Hizid
1091 852 1425 920 repromittit
1468 869 1593 908 eum
1638 851 1879 924 quadra-

294 945 448 1016 ginta
501 944 664 1002 annis
715 949 1060 1001 retenturum
1099 943 1341 999 Arabum
1379 944 1778 1017 principatum,
1827 945 1874 1001 si

298 1037 667 1102 venerabiles,
690 1052 813 1109 qua:
853 1038 909 1092 in
939 1036 1191 1093 ecclesiis
1212 1036 1656 1093 Christianorum
1683 1037 1735 1092 in
1762 1045 1876 1094 toto

294 1130 611 1203 principatu
644 1145 745 1187 suo
777 1129 1047 1200 imagines
1078 1130 1519 1195 honorabantur,
1552 1131 1872 1200 deponeret.

297 1221 438 1278 lluic
476 1223 660 1292 itaque
696 1220 930 1276 stolidus
969 1219 1201 1275 credens
1231 1217 1387 1274 Hizid
1437 1219 1677 1274 edictum
1710 1233 1876 1291 gene-

292 1311 412 1366 rale
465 1319 656 1366 ccutra
710 1316 935 1365 sanctas
991 1309 1260 1379 imagines
1310 1308 1700 1384 promulgavit.
1768 1308 1874 1363 Sed

295 1404 472 1475 gratia
507 1402 725 1459 Domini
763 1403 939 1458 nostri
982 1399 1113 1459 .lesu
1149 1401 1380 1470 Christi,
1429 1410 1484 1458 et
1513 1402 1874 1459 intercessio-

294 1498 462 1552 nibus
503 1496 833 1566 incorruptte
858 1494 1052 1551 Matris
1084 1495 1205 1564 ejus
1243 1495 1605 1565 omniumque
1653 1504 1875 1550 sancto-

295 1604 442 1652 rum.
493 1588 686 1644 eodem
750 1601 893 1644 anno
946 1596 1195 1643 mortuus
1245 1598 1331 1644 est
1389 1586 1566 1653 Hizid,
1623 1588 1873 1658 pluribus

294 1684 476 1739 adhuc
528 1698 629 1738 nec
693 1681 886 1737 audire
937 1682 1251 1738 valentibus
1309 1682 1629 1739 Satanicum
1697 1683 1873 1754 ipsius

292 1775 556 1830 edictum.
591 1773 851 1844 Percepta
883 1789 1015 1830 vero
1062 1787 1251 1828 amara
1293 1778 1397 1829 ista
1439 1781 1494 1829 et
1537 1772 1731 1830 illicita
1777 1789 1873 1828 ne-

292 1882 460 1938 quam
523 1866 776 1923 doctrina
833 1865 943 1922 Leo
1000 1867 1303 1938 imperator
1349 1867 1644 1921 multorum
1711 1867 1871 1922 nobis

291 1963 766 2019 cansa'malorum
801 1961 1030 2020 effectus
1061 1968 1168 2018 est.
1200 1960 1370 2016 Porro
1396 1976 1522 2016 cum
1569 1958 1870 2017 invenisset

294 2055 824 2127 indisciplinationis
877 2055 1041 2126 hujus
1095 2061 1528 2111 consentaneum
1579 2055 1870 2126 quemdam

298 2150 439 2207 Bisir
486 2149 735 2214 nomine,
790 2149 884 2219 qui
935 2158 1100 2204 natus
1143 2147 1364 2219 quidem
1417 2165 1483 2204 ex
1531 2147 1870 2204 Christianis

293 2245 498 2309 fuerat,
529 2242 626 2298 sed
666 2242 916 2311 captivus
949 2241 1003 2298 in
1047 2241 1262 2313 Syriam
1305 2241 1504 2299 ductus
1535 2241 1726 2312 refuga
1757 2241 1868 2312 (77)

293 2339 441 2410 ﬁdei,
477 2354 599 2412 quae
629 2346 714 2395 est
745 2337 803 2393 in
835 2336 1138 2403 Christum,
1170 2345 1422 2408 repertus
1454 2343 1558 2401 est,
1593 2337 1870 2393 Arabum-

284 2447 400 2503 que
435 2431 700 2502 degmata
747 2430 952 2486 sectari
993 2430 1268 2500 apparuit.
1305 2432 1446 2486 Ante
1484 2438 1698 2502 tempus
1743 2446 1875 2488 vero

293 2538 402 2579 non
443 2522 676 2577 multum
726 2521 794 2577 ab
850 2522 1068 2577 illorum
1125 2523 1392 2580 servitute
1436 2523 1577 2578 liber
1621 2522 1871 2588 eﬂectus.

291 2632 419 2672 cum
467 2617 712 2673 venisset
760 2615 828 2671 ad
878 2630 994 2670 rem
1035 2615 1312 2684 publicam
1363 2615 1761 2681 Romanorum,
1803 2618 1874 2672 ob

294 2711 464 2766 robur
495 2709 750 2782 corporis
795 2716 851 2767 et
883 2723 1214 2765 consensum
1247 2724 1429 2780 pravae
1463 2710 1745 2781 opinionis
1771 2710 1874 2766 ho-

296 2809 524 2860 noratus
569 2810 655 2860 est
687 2801 756 2858 ab
802 2802 997 2857 eodem
1050 2801 1272 2869 Leone;
1310 2802 1402 2873 qui
1451 2811 1506 2856 et
1555 2803 1873 2874 imperatori

297 2895 485 2951 fautor
541 2895 598 2951 in
644 2910 848 2968 magno
898 2894 1214 2964 huiusmodi
1268 2895 1486 2965 piaculo
1528 2895 1710 2953 factus
1765 2905 1870 2952 est.

293 2987 683 3046 Concordabat
728 2996 914 3044 autem
947 2987 996 3044 ei
1047 2997 1102 3043 et
1146 2987 1441 3058 episcopus
1486 2985 1745 3055 Nacoliae,
1778 2991 1873 3061 qui

295 3082 792 3152 indisciplinationi
837 3081 963 3153 ejus
1016 3097 1238 3155 operam
1274 3081 1414 3140 dans
1442 3084 1716 3140 consimili
1759 3087 1872 3140 vita

281 3176 515 3233 Vivebat
537 3193 658 3233 cum
681 3178 824 3248 ipso.

363 3268 551 3326 Mundi
571 3285 716 3326 anno
732 3268 892 3348 62l6,
912 3268 1107 3326 divinae
1133 3269 1534 3326 incarnationis
1555 3286 1700 3328 anno
1746 3271 1869 3337 716,

290 3378 440 3419 anno
491 3378 628 3420 vero
683 3363 900 3435 imperii
955 3362 1156 3420 Leonis
1217 3371 1414 3418 octavo
1478 3372 1731 3419 mortuus
1788 3373 1875 3420 est

293 3455 455 3512 Hizid
494 3456 732 3512 Arabum
769 3455 905 3522 dux,
942 3455 1034 3510 cui
1069 3453 1320 3511 succedit
1363 3452 1534 3510 Nisan
1568 3453 1734 3524 hujus
1764 3453 1875 3508 iraa

283 3557 400 3613 'Ier,
448 3554 506 3602 et
549 3545 718 3618 coepit
748 3544 1036 3600 .mditicare
1077 3560 1173 3615 per
1217 3543 1470 3600 civitates
1513 3552 1568 3600 et
1620 3545 1874 3615 regiones

291 3638 520 3710 palatia,
562 3646 619 3695 et
673 3639 901 3693 novales
956 3637 1138 3694 facere
1167 3645 1221 3691 et
1245 3638 1561 3708 paradisos,
1610 3646 1666 3694 et
1697 3653 1871 3709 aquas

294 3732 581 3787 reducere.
628 3729 797 3797 Movit
840 3730 1006 3786 etiam
1058 3729 1230 3786 aciem
1277 3738 1470 3784 contra
1522 3729 1868 3799 Romaniam,

293 3825 595 3895 multisque
640 3839 853 3891 eorum,
905 3825 1002 3895 qui
1057 3839 1247 3881 secum
1282 3835 1460 3890 erant,
1503 3824 1728 3882 amissis
1784 3842 1872 3881 re-

291 3931 489 3973 versus
516 3927 621 3972 Cll.

365 4011 523 4066 Anno
557 4010 772 4081 imperii
815 4008 1018 4067 Leonis
1062 4025 1209 4066 nono
1238 4009 1544 4080 Gregorius
1583 4026 1720 4082 papa
1757 4010 1871 4067 Ro.

291 4117 470 4158 mana
504 4110 703 4173 praeest
743 4100 1023 4157 Ecclesiae.
1059 4100 1177 4168 Quo
1218 4100 1480 4157 videlicet
1524 4116 1672 4156 anno
1707 4102 1873 4172 coepit

290 4195 491 4266 impius
535 4196 838 4266 imperator
873 4193 982 4252 Leo
1017 4194 1382 4265 depositionis
1409 4205 1598 4252 contra
1646 4206 1873 4253 sanctas

295 4292 345 4342 et
386 4283 729 4340 universales
765 4283 1034 4354 imagines
1062 4281 1243 4339 facere
1271 4284 1523 4340 verbum.
1553 4284 1711 4351 Quod
1745 4299 1872 4340 cum

289 4379 582 4436 didicisset
638 4377 940 4450 Gregorius
992 4394 1130 4448 papa
1183 4377 1469 4435 Romanus
1520 4379 1725 4435 tributa
1763 4379 1873 4436 Ro—

289 4484 468 4526 mana
513 4467 662 4525 urbis
698 4468 982 4540 prohibuit
1015 4478 1071 4524 ct
1115 4469 1302 4537 italiae,
1338 4469 1592 4526 scribens
1632 4471 1698 4525 ad
1733 4468 1872 4527 Leo-

1979 578 2156 637 Porro
2213 581 2586 637 crassitudine
2637 589 2865 637 terrenae
2920 582 3247 639 substantiae
3311 585 3559 654 petrinas

1978 678 2225 748 pumices
2261 677 2498 749 grandes
2543 686 2602 733 ut
2634 677 2890 735 cumulos
2937 679 3206 747 quosdam
3249 681 3561 737 transmisit

1979 786 2076 841 per
2103 779 2271 825 totam
2303 768 2572 825 minorem
2601 770 2790 825 Asiam
2831 779 2886 825 et
2920 769 3185 834 Lesbum,
3225 771 3474 844 Abydum
3506 781 3563 829 et

1980 862 2257 918 maritima
2292 859 2646 924 Macedoniae,
2683 862 2760 917 ita
2792 870 2852 917 ut
2889 869 3004 918 tota
3033 861 3356 932 superﬁcies
3390 865 3560 921 maris

1977 955 2146 1024 hujus
2176 955 2491 1025 pumicibus
2518 955 3015 1024 supernatantibus
3044 965 3192 1011 esset
3227 958 3457 1027 repleta.
3488 957 3548 1014 In

1976 1049 2160 1104 medio
2195 1057 2379 1103 autem
2417 1049 2552 1103 tanti
2583 1049 2727 1121 ignis
2761 1048 2939 1104 insula
2987 1065 3056 1106 ex
3107 1058 3268 1105 term
3303 1052 3561 1123 congerie

1976 1138 2120 1196 facta
2178 1140 2410 1203 insulze.
2455 1156 2578 1212 quae
2635 1156 2794 1197 sacra
2849 1142 3075 1208 dicitur,
3126 1143 3380 1214 copulata
3437 1151 3557 1206 est,

1976 1233 2222 1288 nondum
2269 1233 2426 1304 prius
2477 1233 2793 1300 exsistens,
2840 1249 3031 1291 verum
3085 1234 3232 1290 sicut
3283 1234 3560 1304 praedictae

1976 1325 2169 1382 Therae
2189 1324 2447 1381 videlicet
2479 1333 2533 1379 et
2558 1325 2839 1382 Therasiae
2869 1326 3065 1382 insulae
3094 1326 3371 1396 quondam
3397 1325 3560 1381 ebul-

1976 1418 2200 1483 lierunt,
2267 1418 2347 1472 ita
2391 1426 2446 1473 et
2503 1416 2624 1486 ipsa
2686 1433 2860 1488 nunc,
2914 1418 3260 1490 temporibus
3306 1417 3559 1474 videlicet

1977 1510 2388 1582 impngnatoris
2437 1509 2534 1566 Dei
2565 1508 2791 1578 Leonis,
2829 1511 2924 1582 qui
2961 1511 3204 1568 divinam
3256 1511 3394 1566 iram
3433 1525 3559 1567 con-

1975 1613 2060 1662 tra
2110 1621 2170 1662 se
2201 1620 2302 1676 pro
2348 1619 2410 1662 se
2443 1602 2559 1660 fore
2609 1605 2893 1675 opinatus,
2941 1604 3318 1675 impudentius
3363 1611 3556 1661 contra

1973 1709 2196 1754 sanctas
2223 1705 2279 1754 et
2304 1696 2654 1754 venerabiles
2683 1697 2954 1768 imagines
2984 1697 3232 1767 praelium
3271 1696 3554 1764 excitavit,

1974 1794 2241 1866 collegam
2270 1801 2326 1848 et
2377 1793 2764 1850 auxiliatorem
2807 1793 3016 1849 habens
3048 1792 3212 1849 Beser
3246 1793 3339 1849 Dei
3381 1793 3554 1850 abne-

1973 1894 2220 1960 gatorem
2248 1895 2305 1942 et
2330 1886 2812 1942 irrationabilitate
2842 1885 2948 1942 sibi
2979 1885 3316 1942 simillimum
3344 1904 3358 1940 :
3395 1886 3558 1942 ambo

1976 1979 2181 2050 quippe
2212 1978 2584 2038 ineruditione
2631 1988 2791 2037 erant
2831 1988 2888 2036 et
2930 1979 3440 2052 indisciplinatione
3469 1993 3558 2034 re-

1976 2072 2146 2138 ferti,
2203 2087 2274 2129 ex
2331 2087 2440 2144 qua
2493 2074 2668 2129 multa
2728 2072 3000 2128 malorum
3054 2087 3256 2144 genera
3303 2072 3554 2127 veniunt.

1975 2165 2175 2222 Turba:
2203 2176 2412 2232 autem,
2446 2181 2572 2236 quae
2614 2170 2667 2220 in
2710 2167 2857 2236 regia
2905 2166 3042 2221 urbe
3079 2174 3235 2220 erant
3265 2164 3421 2220 valde
3453 2165 3557 2220 tri-

1977 2267 2090 2315 stes
2130 2273 2296 2330 super
2327 2260 2485 2314 novis
2515 2257 2788 2316 doctrinis
2810 2258 3040 2325 ell‘ectze,
3067 2257 3478 2318 meditabantur
3499 2257 3559 2314 in

1975 2369 2099 2409 eum
2132 2353 2447 2422 insurgere,
2471 2360 2526 2407 et
2551 2352 2823 2423 quosdam
2853 2352 3038 2422 regios
3069 2349 3324 2408 homines
3345 2348 3561 2406 occide-

1973 2452 2128 2508 runt,
2157 2440 2368 2499 domini
2415 2443 2755 2513 deponentes
2789 2442 3006 2498 iconam
3059 2456 3181 2512 qua
3214 2456 3382 2514 super
3434 2455 3558 2496 ma-

1973 2552 2135 2610 gnam
2164 2535 2395 2593 [Eneam
2428 2545 2643 2606 portam
2681 2535 2863 2606 posita
2914 2535 3266 2596 cernebatur,
3313 2532 3450 2589 adeo
3497 2546 3559 2589 ut

1976 2627 2134 2683 multi
2165 2641 2357 2683 eorum
2390 2642 2492 2698 pro
2527 2627 2763 2683 veritate
2803 2627 3134 2699 punirentur
3178 2626 3558 2683 membrorum

1975 2722 2490 2780 detruncationibus
2520 2722 2816 2794 ﬂagrisque
2844 2729 2901 2778 et
2924 2720 3142 2778 exsiliis
3160 2734 3458 2790 rerumque
3467 2717 3558 2796 ja-

1975 2816 2174 2882 cturis,
2193 2816 2540 2888 maximeque
2567 2816 2644 2871 illi
2677 2817 2772 2888 qui
2803 2815 3092 2871 nobilitate
3130 2829 3194 2870 ac
3218 2813 3384 2870 verbo
3414 2810 3559 2868 clari

1975 2921 2098 2963 esse
2124 2905 2475 2973 videbantur,
2507 2907 2580 2961 ita
2612 2914 2674 2961 ut
2731 2913 2786 2962 et
2827 2903 3203 2962 eruditionum
3245 2901 3470 2959 scholas
3501 2908 3560 2957 ct

1975 3000 2119 3070 piam
2171 3001 2538 3056 eruditionem
2598 3014 2628 3054 a
2681 3005 2889 3055 sancta
2947 2995 3232 3054 memoriae
3281 2994 3560 3051 Constan-

1975 3092 2095 3145 tino
2127 3105 2325 3160 magno
2352 3091 2641 3160 hucusque
2663 3096 2939 3146 servatam
2971 3089 3363 3159 exstingueret.
3384 3084 3559 3154 Cujus

1899 3214 1942 3272 ε
1979 3179 2230 3238 videlicet
2258 3197 2382 3237 cum
2415 3180 2542 3237 aliis
2569 3194 2794 3252 quoque
2821 3179 3009 3235 multis
3035 3179 3197 3236 bonis
3243 3179 3561 3272 destructor

1976 3273 2088 3330 Leo
2119 3275 2295 3330 lactus
2324 3283 2428 3343 est,
2452 3274 2597 3345 ejus,
2616 3273 2776 3345 cujus
2804 3281 2860 3328 et
2882 3271 3164 3341 Saraceni,
3193 3288 3390 3329 sensus
3413 3270 3560 3326 exsi-

1977 3376 2151 3423 stens.
2181 3365 2240 3424 In
2273 3367 2359 3423 his
2393 3381 2527 3439 ergo
2561 3367 2682 3423 zelo
2741 3367 2932 3423 divino
2967 3366 3099 3422 moti
3151 3365 3560 3422 tumultuantur

1975 3467 2168 3515 contra
2195 3475 2321 3514 eum
2356 3474 2553 3529 magna
2584 3459 2978 3529 congressione
3003 3458 3218 3514 navalis
3274 3456 3558 3513 exercitus

1975 3551 2326 3617 concinnata,
2359 3559 2471 3606 tam
2497 3549 2761 3606 Helladici
2811 3565 2977 3621 quam
3007 3549 3064 3605 hi
3110 3547 3207 3619 qui
3256 3547 3558 3622 Cycladum

1976 3643 2196 3699 fuerant
2264 3643 2595 3700 insularum.
2642 3643 2964 3714 Agallianus
2993 3648 3177 3698 autem
3231 3640 3556 3696 turmarcha

1976 3735 2383 3792 llclladicorum
2413 3744 2531 3791 erat
2554 3735 2762 3792 militia:
2787 3734 2923 3799 dux,
2946 3733 3115 3791 simul
3139 3741 3192 3789 et
3218 3731 3557 3804 Stephanus.

1973 3826 2156 3895 quiet
2196 3826 2360 3899 regite
2405 3827 2854 3900 approximantes
2913 3826 3036 3882 urbi
3089 3825 3307 3882 decimo
3357 3833 3561 3896 quarto

1973 3920 2246 3977 Kalendas
2296 3919 2487 3976 Maias
2550 3920 2778 3976 decimae
2856 3917 3174 3974 indictionis
3230 3925 3561 3988 superantur

1973 4011 2256 4083 congressi
2281 4027 2407 4068 cum
2437 4012 2741 4085 Byzantiis,
2770 4010 2876 4067 sibi
2901 4008 3160 4066 confecto
3184 4008 3306 4081 igne
3326 4005 3563 4064 navibus

1977 4104 2369 4162 concrematis.
2407 4103 2470 4161 Et
2499 4104 2594 4159 alii
2625 4103 2849 4175 quidem
2896 4103 3093 4158 horum
3133 4102 3557 4172 demerguntur,

1975 4196 2119 4252 inter
2134 4210 2276 4269 quos
2310 4204 2364 4252 et
2390 4195 2707 4269 Agallianus
2747 4203 2996 4251 armatus
3052 4209 3114 4250 se
3144 4193 3327 4264 ipsum
3361 4193 3559 4263 praeci—

1973 4289 2166 4359 pitavit
2205 4309 2218 4346 :
2251 4305 2419 4360 porro
2452 4289 2844 4360 superstitibus
2878 4288 2947 4343 ad
2987 4288 3376 4357 imperatorem
3411 4271 3564 4340 ’ροη-

1974 4378 2270 4436 ﬂuentibus
2299 4379 2531 4435 Cosmas
2557 4389 2611 4435 et
2642 4376 2957 4449 Stephanus
2993 4376 3259 4434 abscissis
3290 4374 3564 4446 capitibus

1975 4471 2303 4544 puniuntur.
2340 4469 2552 4525 Crescit
2592 4468 2779 4538 itaque
2832 4467 3042 4522 malitia
3097 4465 3301 4536 impius
3359 4461 3472 4516 Leo
3507 4469 3567 4514 ct

291 4580 416 4621 nem
446 4563 736 4635 epistolam
766 4561 1153 4632 dogmaticam,
1193 4580 1302 4618 non
1333 4573 1590 4634 oportere
1632 4563 1869 4633 impera—
1901 4561 1943 4615 D
1973 4560 2328 4618 consentanei
2359 4559 2525 4631 hujus
2559 4569 2756 4616 contra
2789 4559 3044 4630 pietatem
3071 4554 3415 4612 extendendo
3437 4568 3576 4622 pcr~.

288 4667 465 4714 torem
521 4655 587 4712 dc
636 4656 741 4711 lide
780 4654 966 4711 facere
1011 4656 1240 4710 verbum
1282 4665 1337 4711 et
1378 4655 1622 4712 novitate
1667 4655 1874 4712 violare

291 4752 516 4822 antiqua
546 4750 798 4821 dogmata
827 4749 1085 4806 Ecclesiae
1114 4748 1421 4817 catholicae,
1455 4765 1576 4822 quae
1602 4766 1629 4805 a
1666 4751 1874 4808 sanctis

291 4843 546 4900 Palribus
577 4852 661 4899 est
691 4842 1003 4914 praedicata.

360 4934 524 4990 Anno
562 4932 780 5004 imperii
827 4931 1030 4988 Leonis
1079 4933 1296 4988 decimo
1347 4933 1516 4987 movit
1568 4933 1874 4989 exercitum

288 5029 593 5086 Masalmas
625 5035 818 5083 contra
859 5025 1168 5096 Cmsaream
1222 5026 1605 5096 Cappadociae,
1643 5032 1696 5080 et
1729 5025 1874 5096 cepit

289 5139 434 5180 eam.
468 5121 717 5178 Mauhias
745 5136 874 5177 vero
909 5119 1051 5175 lilius
1088 5119 1295 5174 iiisami
1330 5118 1502 5174 aciem
1539 5120 1706 5175 movit
1734 5136 1873 5175 con-

290 5229 376 5275 tra
431 5216 795 5279 Romaniam,
850 5223 905 5271 et
952 5230 1078 5268 cum
1126 5212 1568 5277 deambulasset,
1618 5209 1872 5270 reversus

290 5320 398 5370 est.
449 5311 508 5366 In
560 5309 681 5380 ipso
732 5323 878 5364 anno
925 5307 1113 5362 aestivo
1159 5315 1405 5376 tempore
1453 5320 1646 5376 vapor,
1698 5313 1761 5360 ut
1806 5321 1871 5361 ex

292 5401 515 5456 camino
561 5402 728 5473 ignis,
779 5400 934 5455 visus
983 5407 1069 5454 est
1111 5396 1348 5453 ebullire
1384 5397 1530 5451 inter
1575 5394 1786 5452 Theras
1820 5404 1875 5452 et

295 5492 592 5550 Thcrasias
628 5493 842 5550 insulas
889 5507 955 5547 ex
996 5489 1274 5562 profundo
1302 5489 1493 5545 maris
1528 5504 1625 5558 per
1665 5489 1876 5558 aliquot

296 5585 439 5643 dies.
486 5585 606 5652 Quo
653 5585 915 5656 paulatim
969 5585 1282 5640 incrassato
1327 5591 1380 5637 et
1437 5581 1667 5636 dilatato
1714 5580 1869 5651 igniti

1975 4655 2350 4713 secutioncm.
2366 4652 2468 4710 Per
2492 4653 2742 4709 aestivum
2759 4666 2889 4707 vero
2912 4649 3206 4707 solstitium
3231 4645 3397 4715 hujus
3413 4645 3568 4701 deci-

1977 4763 2078 4803 mae
2108 4746 2450 4811 indictionis,
2486 4753 2617 4817 post
2663 4759 2901 4814 nequam
2932 4743 3001 4798 de
3027 4739 3436 4797 contribulibus
3462 4751 3559 4791 ac-

1975 4850 2189 4911 ceptam
2226 4838 2543 4903 victoriam,
2588 4846 2782 4892 contra
2841 4831 3262 4905 Bithynensium
3320 4828 3558 4885 Nicmam

1976 4933 2224 5006 praelium
2245 4937 2580 4986 construunt
2595 4927 2998 4985 Saracenorum
3017 4923 3229 4985 amerei
3243 4923 3374 4989 duo,
3397 4920 3563 4976 Amer

1977 5027 2188 5084 scilicet
2213 5024 2268 5080 in
2294 5024 2536 5080 millibus
2559 5021 2873 5093 quindecim
2908 5017 3291 5088 expeditorum
3323 5028 3564 5087 praecur-

1977 5135 2107 5175 rens
2149 5125 2204 5171 et
2245 5118 2570 5188 imparatam
2598 5109 2948 5168 circumdans
2977 5108 3274 5168 civitatem,
3325 5113 3380 5161 et
3417 5101 3567 5157 Mau-

1981 5211 2105 5268 hias
2138 5209 2483 5278 subsequens
2516 5206 2567 5260 in
2603 5204 2724 5262 aliis
2764 5201 3087 5272 octuaginta
3119 5197 3362 5268 quinque
3396 5194 3563 5250 milli-

1976 5301 2116 5367 bus;
2149 5314 2272 5371 quae
2302 5308 2428 5370 post
2459 5298 2683 5351 multam
2710 5293 3074 5360 obsidionem,
3101 5288 3586 5360 et'particularem.

1978 5411 2264 5451 murorum
2299 5392 2644 5450 eversionem
2677 5390 2821 5443 hanc
2885 5386 3108 5459 quidem
3146 5401 3256 5439 non
3304 5381 3563 5439 obtinuen

1977 5498 2126 5556 runt,
2168 5483 2572 5555 bene'acceplis
2599 5491 2915 5539 sanctorum
2947 5479 3170 5534 Patrum
3202 5476 3461 5548 precibus
3494 5473 3570 5530 ad

1976 5584 2148 5639 Deum
2179 5580 2421 5645 directis,
2448 5587 2502 5634 et
2532 5575 2969 5635 sanctificatione
3001 5574 3233 5629 faciente
3269 5567 3570 5625 venerabi-

1804 5693 2038 5751 NOTAE.

371 5793 484 5865 (7η
548 5790 772 5865 Refugg.
841 5792 1182 5848 Glossarium
1219 5809 1242 5865 εν
1277 5789 1593 5857 ἀποστάτης
1657 5786 1869 5865 refuga.

302 5859 642 5924 Gldssarium
687 5859 944 5921 'Dosithci
1004 5864 1248 5936 magistri
1288 5879 1302 5916 ;
1340 5870 1585 5933 apos'ata
1648 5859 1858 5928 refuga.

1982 5787 2324 5842 Flodoardus
2351 5785 2404 5849 ’5,
2432 5785 2495 5839 l8
2523 5800 2534 5834 :
2570 5801 2588 5833 r
2625 5797 2722 5852 pro
2753 5779 2988 5852 quodam
3011 5779 3220 5851 refuga,
3244 5777 3335 5903 ἓωὰ
3361 5791 3562 5846 quam‘

1982 5859 2099 5903 dam
2131 5855 2605 5903 sanctimonialem
2646 5854 2748 5903 sibi
2786 5854 3161 5903 copulaverat.
3197 5869 3214 5901 )
3273 5848 3409 5903 ἈΒΙ.

1972 5859 2099 5915 dam
2131 5855 2605 5916 sanctimonialem
2646 5854 2749 5910 sibi
2786 5854 3161 5923 copulaverat.
3197 5869 3214 5901 ›
3249 5854 3409 5903 ιιἈβν..
