4050 6308
463 409 602 477 1353

1566 410 1970 478 ANASTASII
2001 411 2637 476 BIBLIOTHECARTI

3597 405 3740 470 1864

456 520 524 576 lis
558 519 767 592 templi,
803 521 896 575 ubi
957 521 1007 573 in
1046 519 1293 578 colendis
1330 519 1448 576 suis
1482 520 1896 579 characteribus
1929 523 2039 577 eri-
2069 530 2115 586 Α
2142 540 2507 596 summusque
2564 525 2823 582 sacerdos
2866 525 3004 580 dixit
3039 526 3104 581 ad
3139 540 3261 581 eum
3293 541 3309 580 :
3343 522 3740 592 Depositionem

463 621 691 685 guntur,
724 621 777 670 et
811 628 984 682 usque
1017 628 1158 667 nunc
1186 612 1255 668 ab
1305 612 1392 668 bis
1428 613 1522 683 qui
1547 613 1631 675 eis
1663 614 1874 672 similes
1916 625 2049 670 sunt

467 709 837 763 honorantur.
869 705 1140 761 Praeterea
1164 706 1567 762 Constantinus
1591 706 1818 777 quidam
1846 713 2050 765 strator

462 797 756 854 Artabasdi
789 797 984 853 videns
1020 797 1310 867 imaginem
1337 795 1432 851 Dei
1461 796 1758 854 Genitricis
1783 806 2044 866 stantem,

464 892 868 962 apprehensum
905 890 1140 962 lapidem
1176 890 1466 945 adversum
1508 906 1626 948 eam
1683 893 1944 963 proiecit,
1996 901 2051 947 ct

465 985 746 1050 contrivit,
778 991 830 1038 et
865 999 987 1038 cum
1052 983 1345 1038 cecidisset
1371 983 1604 1038 calcavit
1635 999 1649 1049 ;
1719 993 1773 1038 et
1814 983 1961 1046 videt
1997 984 2050 1038 in

465 1078 677 1139 somnis
710 1083 978 1134 astantem
1021 1075 1124 1131 sibi
1151 1073 1463 1142 Dominam,
1489 1084 1545 1130 et
1575 1076 1846 1133 dicentem
1891 1099 1904 1132 :
1937 1077 2054 1132 No-

467 1172 538 1226 sti
565 1186 728 1242 quam
769 1179 971 1226 sontem
1010 1169 1064 1222 in
1090 1183 1169 1222 me
1187 1184 1405 1222 causam
1429 1169 1593 1238 fueris
1618 1181 1870 1238 operatus
1897 1187 2054 1226 :vere

466 1277 655 1326 contra
707 1277 863 1335 caput
918 1276 1066 1326 tuum
1125 1265 1222 1326 hoc
1264 1264 1455 1334 fecisti.
1499 1265 1724 1323 Postera
1800 1283 1930 1324 vero
1968 1268 2055 1324 die

469 1376 596 1438 eum
631 1359 892 1416 Saraceni
935 1359 1201 1425 adversus
1233 1375 1450 1417 murum
1505 1359 1878 1418 incursionem
1910 1360 2056 1418 face-

470 1461 594 1510 rent
643 1461 698 1510 et
735 1461 992 1528 ageretur
1033 1453 1257 1518 bellum,
1324 1468 1554 1512 currens
1593 1453 1662 1509 ad
1719 1469 1935 1510 murum
1998 1463 2057 1510 ut

469 1545 637 1604 fortis
670 1546 829 1614 miles
859 1545 1050 1613 infelix
1073 1545 1166 1602 ille
1194 1545 1414 1616 eiicitur
1455 1562 1483 1601 a
1510 1545 1690 1617 lapide
1722 1547 2054 1604 transmisso

470 1654 538 1696 ex
577 1653 870 1710 mangano,
913 1646 969 1694 et
992 1639 1290 1703 contritum
1322 1648 1410 1697 est
1439 1648 1605 1710 caput
1638 1639 1760 1711 ejus
1788 1648 1843 1696 et
1864 1639 2053 1705 facies.

473 1733 693 1805 dignam
727 1732 1022 1804 impietatis
1073 1747 1191 1800 suae
1228 1732 1651 1799 retributionem
1705 1732 2054 1804 percipiens;

472 1826 766 1896 praedaque
785 1825 958 1882 multa
977 1832 1031 1879 et
1051 1824 1264 1881 exuviis
1284 1823 1550 1886 Saraceni
1577 1825 1828 1882 collectis
1844 1827 2056 1884 reversi

475 1926 624 1983 sunt,
647 1918 972 1980 ostendente
1002 1919 1113 1972 Deo
1142 1918 1200 1971 in
1240 1917 1345 1980 hoc
1378 1918 1544 1972 etiam
1569 1917 1742 1989 impio
1771 1917 1873 1982 illi,
1909 1919 2052 1990 quod
2091 1896 2130 1950 θ

473 2027 582 2067 non
624 2019 846 2084 propter
877 2011 1160 2080 pietatem,
1182 2021 1242 2073 ut
1268 2010 1359 2069 ille
1383 2010 1728 2081 didamabat,
1755 2011 1822 2068 de
1847 2012 2058 2074 contri-

475 2102 700 2160 bulibus
727 2101 1172 2176 triumphaverit,
1195 2103 1293 2158 sed
1314 2111 1537 2172 propter
1566 2100 1815 2170 divinum
1839 2111 1890 2158 et
1918 2101 2058 2158 inef—

477 2194 641 2254 fabile
675 2193 947 2264 quoddam
983 2192 1280 2264 judicium,
1316 2193 1616 2256 retundens
1651 2209 1715 2250 ac
1769 2209 2058 2252 removens

479 2287 800 2357 huiusmodi
847 2285 1146 2349 Arabicatn
1203 2285 1583 2354 fortitudinem
1650 2301 1681 2352 a
1736 2296 2058 2346 sanctorum

475 2379 702 2440 Patrum
730 2377 955 2435 civitate
1005 2377 1501 2438 intercessionibus
1546 2377 1792 2444 illorum,
1839 2387 2061 2448 propter

475 2470 932 2541 diligentissimus
971 2471 1321 2532 characteres
1348 2469 1620 2540 ipsorum.
1654 2470 1747 2542 qui
1778 2469 2062 2526 honoran—

476 2572 570 2625 tur
597 2564 653 2624 in
685 2576 769 2630 ea,
805 2562 861 2620 in
888 2563 1336 2634 redargutionem
1360 2579 1582 2635 quoque
1611 2578 1678 2620 ac
1727 2566 2061 2640 inexpugna-

475 2655 587 2719 bile
614 2655 830 2725 tyranni
861 2656 1128 2727 judicium
1154 2655 1314 2727 etpie
1337 2655 1612 2730 agentium
1651 2658 2057 2714 certitudinem.

476 2747 595 2815 Non
615 2748 760 2811 enim
795 2747 971 2813 solum
998 2748 1148 2812 circa
1168 2748 1564 2806 venerabilium
1591 2747 1898 2811 aﬂ'ectivam
1925 2750 2063 2805 ima-

475 2838 663 2912 ginum
707 2838 1086 2895 adorationem
1137 2838 1358 2898 errabat
1397 2839 1624 2910 impius,
1659 2840 1758 2896 sed
1797 2850 1852 2906 et
1913 2839 2061 2898 circa

478 2934 908 3001 intercessiones
931 2933 1260 2994 castissima
1293 2934 1385 2998 Dei
1444 2934 1744 2997 Genitricis
1783 2937 2062 2994 omnium-

478 3041 587 3097 que
608 3035 951 3094 sanctorum,
982 3043 1218 3098 quorum
1242 3035 1296 3083 et
1318 3028 2059 3097 reliquiasscelestissimus,

479 3129 542 3174 ut
598 3119 848 3191 magistri
896 3119 1015 3192 eius
1042 3122 1275 3193 Arabes,
1329 3122 1778 3187 abominabatur.
1834 3122 1915 3187 Ex
1944 3123 2062 3195 hoc

2152 629 2461 676 sanctarum
2481 621 2775 691 imaginum
2798 619 3097 674 audiuimus
3127 620 3334 692 quidem
3358 619 3624 688 futuram,
3650 618 3742 672 sed

2153 730 2258 769 non
2308 723 2539 784 tempore
2590 713 2799 784 imperii
2831 713 2930 768 tui.
2969 712 3105 768 Cum
3142 720 3330 768 autem
3395 710 3486 767 ille
3518 718 3743 781 cogeret

2153 821 2277 871 eum
2319 805 2502 861 dicere
2549 806 2652 860 sub
2701 805 2861 876 cujus
2899 805 3150 875 imperio,
3186 805 3263 858 ait
3319 803 3424 859 sub
3460 803 3733 858 Cononis.

2153 901 2221 954 At
2255 899 2390 955 ille:
2431 900 2521 966 Re,
2574 901 2778 971 inquit,
2808 916 2932 954 vera
2967 915 3032 954 ea:
3072 899 3337 968 baptismo
3388 896 3535 954 Cano
3607 896 3743 950 mihi

2157 1009 2342 1048 nomen
2369 1002 2467 1047 est.
2495 995 2564 1048 At
2588 992 2677 1048 ille
2694 991 2831 1046 dixit
2876 1008 2889 1045 :
2931 990 3108 1055 Absit,
3152 991 3382 1056 domine,
3419 1001 3475 1044 ut
3505 1005 3599 1060 per
3643 990 3744 1044 im-

2154 1083 2357 1151 perium
2414 1091 2560 1135 tuum
2605 1081 2809 1135 malum
2839 1080 2982 1135 istud
3035 1081 3346 1151 perﬁciatur
3373 1097 3390 1135 :
3422 1079 3744 1136 Antichristi

2155 1175 2291 1228 enim
2333 1190 2634 1245 prteeursor
2659 1183 2757 1239 est,
2785 1173 2877 1244 qui
2909 1172 3004 1226 hoc
3039 1171 3424 1243 adimpletums
3460 1181 3560 1237 est,
3581 1181 3632 1226 et
3659 1173 3746 1226 in-

2157 1280 2399 1324 carnata:
2447 1268 2640 1323 divina:
2675 1266 3094 1337 dispensationis
3131 1281 3362 1320 eversor.
3411 1263 3473 1320 In
3501 1264 3587 1320 his
3611 1279 3745 1335 ergo

2159 1379 2338 1420 stevus
2401 1371 2672 1435 tyrannus
2730 1360 3015 1416 insaniens
3054 1360 3215 1414 beato
3249 1357 3526 1414 Germano
3568 1359 3749 1413 minas

2159 1455 2532 1526 praetendebat
2557 1454 2733 1508 instar
2775 1452 3004 1509 Herodis
3054 1453 3332 1522 quondam
3390 1452 3746 1522 praeeursori.

2161 1546 2479 1602 Reducebat
2514 1556 2693 1601 autem
2727 1545 2794 1600 ad
2827 1544 3144 1600 memoriam
3193 1543 3313 1612 ejus
3348 1542 3661 1613 patriarcha
3695 1550 3750 1596 ct

2160 1641 2491 1711 sponsiones
2513 1641 2633 1710 ejus
2669 1647 2796 1694 ante
2825 1638 3116 1708 imperium
3151 1634 3352 1703 factas,
3391 1635 3750 1707 qualitersibi

2162 1734 2330 1788 Deum
2359 1732 2571 1788 dederit
2609 1731 2827 1797 vadem,
2854 1732 2908 1784 in
2941 1731 3090 1786 nullo
3117 1746 3176 1786 se
3207 1737 3615 1784 commoturum
3651 1730 3753 1784 Ec-

2161 1827 2390 1882 clesiam
2420 1824 2511 1880 Dei
2569 1839 2601 1879 a
2636 1824 2753 1880 suis
2787 1823 3106 1894 apostolicis
3139 1832 3190 1876 et
3221 1821 3493 1877 divinitus
3521 1821 3746 1877 traditis

2162 1917 2388 1972 ritibus.
2425 1913 2533 1970 Sed
2566 1929 2665 1970 nec
2691 1915 2771 1970 sic
2803 1914 3068 1969 confusus
3093 1923 3177 1968 est
3209 1916 3399 1970 miser.
3431 1912 3752 1969 Observans

2163 2021 2346 2067 autem
2390 2020 2554 2082 atque
2594 2009 2924 2064 submittens
2958 2007 3225 2077 quosdam
3258 2021 3563 2073 sermones,
3595 2015 3749 2061 sata-

2163 2104 2324 2175 gebat
2357 2102 2535 2158 sicubi
2565 2102 2710 2155 hunc
2742 2100 3014 2156 inveniret
3040 2110 3229 2154 contra
3258 2099 3551 2169 imperium
3583 2115 3749 2156 suum

2163 2203 2440 2267 agentem,
2469 2200 2744 2265 quatenus
2779 2200 2840 2246 ut
2892 2191 3297 2262 conjuratorem
3327 2201 3380 2246 et
3415 2206 3524 2245 non
3580 2191 3754 2246 velutt

2162 2287 2535 2347 confessorem
2588 2303 2615 2341 a
2669 2287 2868 2343 throno
2902 2285 3224 2357 deponeret,
3283 2285 3493 2343 habens
3540 2285 3594 2340 in
3641 2285 3752 2342 hoc

2161 2383 2607 2453 compartieipem
2631 2380 2980 2438 Anastasium
3021 2378 3351 2450 discipulum
3373 2385 3426 2433 et
3447 2376 3753 2449 syucellum

2161 2474 2300 2545 ejus,
2328 2475 2419 2532 eui
2462 2473 2761 2544 spopondit
2794 2480 2981 2543 utpote
3010 2472 3307 2543 impietatis
3335 2484 3453 2527 suae
3510 2486 3754 2528 consen-

2162 2575 2324 2629 taneo
2351 2565 2539 2623 throni
2574 2580 2698 2621 eum
2722 2565 3030 2621 adulterum
3074 2577 3454 2622 successorem
3481 2561 3751 2620 futurum.

2161 2654 2334 2722 Quem
2354 2654 2548 2716 beatus
2568 2671 2678 2712 non
2701 2656 2962 2727 ignorans
2984 2656 3065 2712 sic
3089 2671 3345 2728 perverse
3372 2655 3751 2722 aﬂ'ectantem,

2162 2750 2410 2811 imitatus
2454 2750 2625 2807 Deum
2674 2765 2863 2816 suum,
2893 2763 2957 2804 ac
2995 2751 3042 2805 si
3077 2748 3142 2804 ad
3175 2748 3342 2803 alium
3398 2747 3746 2815 lscariotem,

2163 2842 2441 2916 sapienter
2473 2850 2529 2899 et
2553 2850 2840 2901 mansuete
2873 2856 3067 2898 eorum
3095 2856 3218 2913 quze
3259 2840 3593 2913 proditionis
3624 2849 3757 2898 sunt.

2171 2935 2493 2997 memoriam
2513 2935 2771 3000 faciebat,
2797 2934 2937 3002 Quia
2956 2949 3084 2990 vero
3110 2933 3608 2990 inconvertibiliter
3627 2948 3754 2988 eum

2163 3029 2384 3088 videbat
2420 3046 2636 3094 errare.
2679 3045 2984 3087 conversus
3014 3029 3082 3085 ad
3131 3043 3255 3084 eum
3295 3029 3602 3084 calcantem
3651 3025 3757 3079 alia

2162 3124 2386 3196 quando
2411 3124 2718 3195 posteriora
2749 3125 2903 3179 stolae
2925 3138 3062 3186 sure,
3084 3136 3210 3176 cum
3252 3121 3319 3175 ad
3347 3121 3744 3191 imperatorem

476 3211 646 3284 igitur
682 3220 926 3281 tempore
958 3213 1310 3285 impudenter
1331 3216 1494 3271 beato
1521 3213 1799 3272 Germano
1827 3217 2061 3288 patriar.
2088 3245 2132 3304 ο
2167 3215 2568 3288 ingrederetur,
2616 3215 2693 3270 ait
2730 3231 2745 3270 :
2783 3215 2866 3270 Ne
2925 3215 3140 3284 festines
3177 3230 3195 3269 :
3232 3229 3356 3268 nam
3405 3228 3510 3267 non
3540 3211 3754 3282 eﬂugiet

477 3304 598 3358 cba:
613 3302 1224 3377 Constantinopolitano
1239 3305 1560 3377 derogabat,
1585 3321 1852 3365 accusans
1871 3323 2061 3364 omnes

477 3403 856 3454 antecessores
883 3413 1015 3454 suos
1042 3398 1319 3469 principes
1354 3408 1409 3462 et
1435 3398 1722 3471 pontiﬁces
1766 3409 1932 3472 atque
1962 3417 2062 3471 po-

477 3487 640 3556 pulos
690 3486 1059 3557 Christianos,
1097 3489 1256 3567 quasi
1304 3487 1611 3546 idololatraa
1660 3489 1869 3547 fuerint
1899 3507 2066 3563 super

479 3577 800 3637 adoratione
834 3593 1151 3646 sanctarum
1188 3595 1252 3640 ac
1297 3582 1702 3647 venerabilium
1745 3584 2061 3648 ieonarum,

480 3686 587 3726 non
622 3673 848 3743 capiens
884 3674 1054 3738 idiota
1084 3674 1411 3742 inﬁdelitate
1455 3683 1653 3748 captus
1681 3677 1750 3733 de
1781 3676 2061 3743 adectuali

480 3763 798 3820 adoratione
816 3779 1156 3826 sermonem.

549 3854 736 3912 Mundi
756 3872 902 3914 anno
923 3857 1086 3922 62l9.
1117 3859 1315 3918 divina:
1345 3859 1747 3923 incarnationis
1766 3876 1912 3923 anno
1936 3860 2063 3927 7l9,

483 3962 628 4006 anno
656 3948 1015 4019 verojmperii
1035 3948 1235 4006 Leonis
1255 3950 1574 4022 undecimo,
1601 3952 1901 4025 Gregorius
1922 3967 2066 4026 papa

483 4039 768 4095 Romanus
826 4040 1078 4096 habetur.
1111 4043 1316 4104 Eodem
1353 4059 1573 4116 quoque
1622 4059 1770 4101 anno
1819 4043 2066 4102 Mauhias

482 4140 647 4205 capto
684 4135 855 4193 Ateus
887 4143 1072 4201 castro
1100 4151 1359 4200 reversus
1385 4145 1489 4202 est,

552 4228 714 4299 Anno
744 4227 958 4299 imperii
995 4228 1193 4286 Leonis
1211 4230 1538 4288 duodecimo
1563 4231 1734 4288 movit
1763 4230 2067 4286 exercitum

485 4317 632 4375 ﬁlius
667 4319 913 4391 Chagani
956 4320 1224 4394 principis
1261 4320 1547 4380 Cbazaria:
1606 4332 1798 4380 contra
1834 4322 2067 4386 Mediam

483 4418 535 4462 et
563 4409 904 4478 Armeniam,
935 4411 1331 4482 inventumque
1385 4411 1441 4467 in
1474 4412 1673 4469 Arabia
1721 4412 2066 4472 Gardacbum

483 4502 722 4558 Arabum
749 4512 1035 4574 praetorem
1070 4504 1393 4571 trucidavit,
1428 4504 1913 4566 etmultitudinent
1946 4521 2070 4577 qua:

2165 3327 2197 3364 a
2232 3319 2281 3364 te
2329 3319 2528 3380 tempus
2559 3308 2892 3380 ingrediendi
2917 3308 3158 3378 Diippin.
3192 3306 3262 3360 At
3295 3306 3388 3362 ille
3437 3319 3604 3377 super
3633 3319 3755 3360 ser-

2166 3416 2384 3460 manem
2430 3401 2690 3460 tristatus
2742 3416 2868 3456 cum
2914 3400 3040 3456 aliis
3092 3401 3186 3471 qui
3229 3399 3378 3454 hunc
3442 3397 3754 3464 audierant,

2166 3495 2496 3566 praesagium
2526 3493 2837 3564 ignorabat.
2871 3491 3027 3560 Quod
3069 3507 3194 3555 cum
3221 3491 3384 3547 tinem
3409 3499 3533 3562 post
3591 3491 3756 3560 quin-

2165 3583 2344 3640 decim
2410 3597 2584 3644 annos
2619 3585 2975 3654 percepisset,
3033 3582 3200 3638 tertio
3241 3580 3496 3639 videlicet
3541 3581 3758 3652 imperii

2169 3676 2517 3736 Constantini
2545 3676 2919 3747 persecutoris
2946 3689 3112 3742 anno,
3136 3673 3456 3731 indictionis
3483 3673 3753 3736 duodeci-

2167 3783 2290 3833 mae,
2306 3769 2562 3824 omnibus
2579 3768 2803 3824 credere
2821 3767 3097 3838 persuasit
3123 3781 3189 3821 ex
3210 3765 3396 3822 divina
3429 3765 3605 3837 gratia
3622 3765 3762 3822 tuis-

2168 3878 2228 3918 se
2274 3863 2491 3933 ingrato
2538 3862 2859 3934 prephctice
2907 3861 3138 3920 dictum.
3172 3859 3576 3917 Constantinus
3605 3859 3755 3918 enim

2169 3964 2295 4026 post
2327 3953 2516 4027 generi
2551 3953 2638 4010 sui
2689 3953 2983 4009 Artabasdi
3013 3952 3367 4008 rebellionem
3420 3966 3547 4010 cum
3583 3951 3763 4023 impe-

2171 4049 2312 4103 rium
2343 4047 2702 4111 obtinuisset,
2728 4046 2878 4101 hunc
2931 4045 3289 4104 Anastasium
3318 4060 3520 4103 cassum
3549 4053 3757 4104 etcum

2169 4141 2291 4202 aliis
2333 4139 2574 4195 inimicis
2603 4137 2660 4193 in
2718 4137 3176 4210 Hippodromium
3229 4154 3327 4208 per
3358 4136 3634 4208 Diippium
3673 4137 3764 4193 in-

2169 4247 2450 4304 gressum,
2484 4231 2692 4288 nudum
2728 4247 2896 4302 super
2924 4231 3140 4287 asinum
3182 4245 3343 4288 verso
3372 4230 3527 4291 Vultu
3561 4229 3765 4290 seden-

2173 4338 2280 4384 tem
2322 4325 2628 4398 pompavit,
2659 4326 2892 4396 ecquod
2926 4326 3031 4381 sibi
3064 4341 3171 4381 una
3207 4340 3333 4379 cum
3363 4324 3488 4380 aliis
3518 4323 3764 4382 inimicis

2172 4420 2315 4474 mala
2352 4420 2520 4474 fuerit
2548 4420 2887 4489 imprecatus
2939 4429 2993 4473 et
3041 4417 3413 4472 Artahasdum
3452 4431 3760 4474 mronnve-

2171 4513 2265 4578 rit,
2303 4513 2449 4573 sicut
2485 4511 2540 4569 in
2567 4526 2668 4573 suo
2703 4511 3038 4569 indicabitur
3065 4511 3207 4565 loco.
3242 4510 3311 4567 Et
3364 4508 3614 4580 Byzantii
3642 4509 3766 4580 qui-

482 4595 799 4694 simul-cum
835 4611 902 4651 eo
927 4604 1066 4662 erat,
1101 4603 1155 4652 ct
1187 4597 1553 4668 depOpulatus
1569 4599 1955 4660 Armeniorum
1982 4607 2066 4654 at-
2094 4632 2148 4694 Β
2175 4605 2300 4661 dem
2335 4615 2715 4677 propugnator
2744 4620 2843 4675 pro
2869 4603 3224 4676 dogmatibus
3243 4603 3465 4674 pietatis
3492 4618 3650 4660 sacer
3671 4603 3762 4661 hic

482 4702 588 4757 que
644 4686 925 4743 Medorum
982 4689 1237 4760 regiones
1291 4690 1477 4755 rediit,
1529 4702 1734 4748 metum
1790 4693 2067 4752 incutiens

480 4780 758 4838 Arabibus
783 4784 1037 4838 multum.

551 4877 710 4932 Anno
751 4877 964 4947 imperii
989 4878 1186 4934 Leonis
1213 4879 1429 4935 decimo
1477 4880 1643 4935 tertio
1686 4887 1867 4936 castra
1899 4879 2069 4935 movit

481 4971 771 5030 Masalmas
804 4971 1070 5028 adversus
1108 4973 1339 5032 humum
1367 4974 1701 5041 Turcorum,
1749 4983 1803 5032 ct
1832 4973 2064 5030 invicem

483 5065 790 5135 congressi,
823 5081 887 5120 ex
918 5076 1152 5138 utraque
1181 5076 1336 5138 parte
1362 5069 1565 5124 cadunt
1617 5069 1673 5123 in
1703 5068 1910 5139 praelia,
1947 5083 2064 5122 me-

483 5166 653 5227 tuque
697 5161 1028 5229 perterritus
1088 5160 1382 5218 Masalmas
1435 5161 1654 5234 fugiens
1701 5178 1796 5233 per
1851 5169 2065 5216 montes

480 5249 767 5307 Chazarim
788 5268 1043 5318 reversus
1072 5261 1176 5311 est.

555 5343 758 5400 Eodem
791 5362 921 5400 vero
957 5363 1100 5402 alnio
1140 5347 1332 5404 furens
1366 5348 1480 5405 Leo
1504 5349 1802 5419 imperator
1848 5351 2073 5422 iniquus

485 5450 675 5496 contra
709 5449 911 5495 rectam
952 5441 1138 5506 fidem,
1182 5443 1423 5499 adducto
1448 5443 1609 5498 beato
1632 5444 1928 5510 Germano,
1961 5461 2072 5501 coe-

487 5531 562 5601 pit
595 5546 716 5588 eum
744 5532 961 5595 blandis
994 5536 1338 5593 sermonibus
1356 5536 1602 5593 delinire.
1625 5537 1691 5590 At
1721 5540 1846 5593 vero
1869 5539 2062 5593 beatus

2173 4706 2231 4754 et
2259 4699 2512 4770 egregius
2558 4697 2800 4768 pollebat
2826 4697 3161 4762 Germanus,
3196 4710 3294 4751 ceu
3337 4703 3528 4749 contra
3561 4695 3764 4753 bestias

2175 4806 2427 4864 pugnans
2461 4791 2729 4853 adversus
2762 4789 3110 4860 feronymum
3147 4787 3261 4860 (78)
3314 4787 3464 4844 hune
3523 4786 3764 4842 Leonem

2173 4894 2230 4942 et
2255 4885 2502 4940 fautores
2530 4887 2674 4952 ejus.
2711 4881 2773 4937 ln
2825 4881 3039 4937 Seniori
3065 4897 3198 4938 vero
3225 4879 3398 4936 Roma
3442 4879 3761 4950 Gregorius,

2175 4977 2590 5041 sacratissimus
2645 4976 2732 5031 vir
2775 4975 3156 5047 apostolicus,
3221 4983 3274 5031 et
3326 4973 3474 5030 Petri
3537 4973 3764 5028 verticis

2176 5071 2554 5144 apostolorum
2595 5084 2893 5126 conscssor
2930 5070 3102 5123 verbo
3147 5077 3201 5124 et
3259 5074 3383 5127 actu
3435 5082 3762 5128 coruscans,

2174 5165 2268 5237 qui
2299 5165 2532 5221 removit
2575 5163 2804 5222 Romam
2847 5170 2902 5219 et
2949 5160 3185 5227 Italiam,
3219 5177 3433 5218 necnon
3469 5171 3523 5217 et
3577 5160 3763 5215 omnia

2178 5267 2293 5312 tam
2327 5259 2403 5312 rei
2436 5257 2671 5328 publica:
2704 5273 2869 5329 quam
2905 5256 3172 5314 Ecclesiae
3195 5254 3321 5326 jura
3371 5256 3424 5310 in
3455 5252 3762 5325 Hesperiis,

2176 5353 2244 5408 ah
2270 5352 2585 5408 obcdicntia
2607 5350 2809 5407 Leonis
2839 5358 2893 5406 et
2920 5349 3134 5420 imperii
3161 5351 3405 5420 Slllt.ip50
3439 5348 3758 5405 constituti.

2170 5446 2342 5502 Porro
2375 5447 2429 5501 in
2485 5445 2643 5519 Syria
2676 5461 2844 5517 penes
2875 5444 3204 5500 Damascum
3245 5443 3486 5502 Joannes
3536 5444 3763 5499 Mausur

2177 5539 2473 5609 presbyter
2505 5545 2560 5593 et
2591 5539 2917 5602 monachus,
2950 5544 3315 5608 cognomento
3362 5533 3760 5607 Chrysorroas.

1996 5673 2230 5732 ῘίΟΤιΕ.

556 5764 670 5831 (78)
719 5762 1093 5836 Feronymum.
1137 5767 1323 5820 Virum
1365 5769 1604 5822 nominis
1657 5770 1761 5823 sui.
1818 5768 2069 5827 Rumnus

489 5835 763 5902 interpres
782 5835 1000 5894 Eusebii
1033 5838 1095 5892 ll.
1126 5839 1183 5893 Ε.
1209 5840 1264 5902 6,
1289 5841 1353 5895 3!
1383 5859 1394 5893 :
1431 5860 1447 5890 ι
1473 5840 1696 5902 quidam
1725 5843 1805 5896 vir
1826 5843 2068 5899 nominis

494 5906 580 5962 sui
621 5905 914 5964 Macarius.
959 5913 1328 5969 i.\itastasitts
1381 5912 1431 5966 in
1481 5909 1748 5983 llypomn.
1779 5913 1844 5970 dc
1875 5916 2068 5971 Anast.

2177 5787 2399 5839 apocr.:
2427 5790 2445 5821 ‹
2483 5769 2575 5839 qui
2601 5778 2658 5822 ut
2683 5785 2808 5824 vere
2832 5769 2882 5842 ig)
2904 5768 3118 5826 cunctis
3139 5769 3532 5842 plteronymus,
3555 5769 3760 5836 Euprc;

2177 5825 2274 5912 pes
2305 5825 2622 5898 nominatus
2655 5851 2758 5898 (κει.
2788 5862 2804 5892 1
2843 5825 3010 5895 “an.
