4070 6304
365 379 510 458 196,5

1149 383 1519 448 HISTORIA
1557 383 2000 451 ECCLESIAS‘I
2015 387 2137 439 ΗΑΛ
2173 386 2276 444 LX
2313 386 2791 449 ΤΗΕΟΡΗΑΝΕ.

3498 387 3640 450 1366

361 502 559 565 (lector
593 498 831 570 optimus
862 496 969 552 vita
998 504 1052 552 et
1077 497 1242 552 verbo
1268 495 1554 568 praefulsit.
1576 494 1776 552 Verum
1811 493 1951 549 Gcr-
1983 493 2025 544 A
2055 498 2228 556 retur,
2286 495 2489 550 tributa
2523 494 2782 566 capitalia
2841 495 3015 552 tertia:
3067 496 3208 576 parti
3273 495 3478 555 Sicilia:
3536 515 3635 557 seu

340 602 588 650 'uianum
647 600 836 661 utpote
868 590 971 646 sub
998 604 1058 645 se
1087 589 1450 647 constitutum
1477 603 1508 643 a
1537 589 1737 646 throno
1768 586 1939 657 pellit.

361 683 662 755 Gregorius
691 691 872 739 autem
927 699 1028 754 per
1059 681 1327 752 epistolas
1360 696 1506 744 eum,
1571 695 1692 752 quire
1755 680 1945 734 multis

359 785 489 833 sunt
519 784 684 842 notae,
736 773 1031 853 manifeste
1083 771 1382 844 redarguit.
1439 771 1544 826 Sed
1596 779 1652 826 et
1703 768 1946 828 Joannes

363 870 513 925 hunc
541 885 664 923 cum
691 866 936 923 Orientis
972 864 1250 935 episcopis
1276 861 1725 918 anathematibus
1754 859 1945 916 subdi-

365 957 466 1013 dit.
499 956 672 1013 Porro
725 956 958 1025 septimo
1013 954 1138 1010 ldus
1173 952 1464 1008 Ianuarias
1490 952 1718 1007 decimae
1771 950 1947 1006 tertiae

362 1049 708 1114 indictionis,
735 1047 894 1104 tertia
934 1046 1092 1112 feria,
1130 1045 1331 1116 impius
1359 1044 1468 1100 Leo
1501 1043 1782 1099 silentium
1813 1058 1950 1097 con-

361 1154 444 1198 tra
479 1159 670 1199 sacras
700 1151 753 1203 et
779 1142 1122 1199 venerabiles
1171 1141 1471 1197 celebravit
1509 1141 1699 1196 iconas
1756 1139 1813 1194 in
1844 1137 1938 1193 tri-

360 1239 588 1296 bunalio
638 1238 834 1295 decem
884 1249 938 1292 et
997 1252 1190 1293 novem
1241 1235 1619 1300 aceubituum,
1685 1232 1948 1288 advocato

361 1348 582 1403 quoque
615 1340 667 1388 et
700 1331 1058 1387 sanctissimo
1093 1329 1406 1402 patriarcha
1445 1327 1745 1391 Germano,
1772 1331 1949 1386 ratus

365 1443 425 1483 se
454 1440 617 1498 posse
648 1425 728 1482 illi
781 1423 1120 1495 persuadere
1160 1439 1270 1493 quo
1322 1421 1702 1478 subscriberet
1750 1429 1946 1476 contra

361 1529 586 1578 sanctas
616 1518 830 1574 iconas.
889 1515 995 1573 Sed
1030 1525 1086 1573 et
1111 1515 1273 1570 t‘ortis
1305 1516 1508 1571 Christi
1540 1529 1733 1570 servus
1768 1513 1946 1569 nulla-

359 1623 526 1670 tenus
578 1610 945 1682 acquiescens
1006 1608 1316 1665 detestabili
1370 1607 1688 1664 cacodoxia:
1746 1607 1944 1677 ipsius,

361 1720 491 1759 cum
514 1703 744 1761 verbum
779 1701 1028 1758 veritatis
1065 1709 1215 1755 recte
1240 1698 1553 1764 direxisset,
1588 1698 1946 1755 abrenuntia-

357 1797 442 1850 .vit
475 1810 751 1854 summum
776 1793 1171 1859 sacerdotium,
1211 1792 1434 1850 tradens
1461 1792 1711 1862 pallium,
1739 1799 1794 1847 et
1820 1799 1948 1863 post

2051 585 2321 642 Calabria:
2373 587 2556 658 populi
2610 585 3067 667 superimposuit.
3126 591 3198 644 Ea
3235 606 3363 645 vero
3395 609 3518 664 quis
3555 595 3639 649 di-

2051 690 2255 740 cuntur
2287 681 2620 751 patrimonia
2652 691 2969 739 sanctorum
3008 685 3318 760 principum
3361 688 3638 759 apostolo-

2053 787 2193 838 rum,
2232 788 2354 842 qua:
2384 773 2454 828 ab
2486 774 2616 828 olim
2650 774 2900 830 ecclesiis
2932 776 3053 835 auri
3089 776 3380 836 dimidium
3435 789 3489 835 et
3527 782 3634 838 tria

2053 865 2412 944 conferebant
2446 867 2672 933 talenta,
2699 869 2929 947 publicae
2955 871 3156 926 rationi
3181 873 3391 932 exsolvi
3428 889 3637 945 praece-

2054 957 2158 1034 pit,
2187 959 2540 1014 considerare
2565 960 2728 1014 etiam
2748 969 2912 1032 atque
2933 961 3249 1020 describere
3271 975 3429 1022 natos
3454 983 3638 1026 mares

2050 1052 2271 1122 iubens,
2306 1061 2364 1107 ut
2398 1052 2609 1108 Pharao
2645 1053 2920 1124 quondam
2961 1070 3056 1111 eos
3088 1057 3178 1126 qui
3215 1067 3375 1113 erant
3424 1076 3491 1114 ex
3527 1063 3637 1118 He-

2055 1142 2255 1208 braeis;
2288 1143 2434 1212 quod
2460 1159 2560 1197 nec
2595 1143 2979 1215 ipsi-magistri
3005 1145 3125 1216 ejus
3156 1148 3362 1205 Arabes
3390 1150 3443 1204 in
3476 1149 3639 1206 Chri-

2057 1236 2288 1302 stianos,
2324 1237 2418 1306 qui
2452 1238 2503 1290 in
2531 1237 2647 1291 cois
2673 1244 2802 1292 sunt
2832 1238 2968 1298 oris.
3004 1237 3203 1298 fecisse
3233 1255 3566 1298 noscuntur.

2129 1328 2286 1382 Anno
2316 1328 2527 1398 imperii
2561 1327 2762 1384 Leonis
2809 1329 2876 1383 17
2926 1330 3069 1390 facta
3111 1341 3198 1389 est
3230 1336 3540 1393 mortalitas
3582 1337 3636 1395 in

2061 1418 2240 1492 Syria,
2274 1422 2542 1492 multique
2570 1423 2875 1492 perierunt.

2130 1516 2288 1575 Anno
2313 1515 2527 1586 imperii
2553 1516 2752 1574 Leonis
2786 1516 2851 1571 18
2885 1511 3183 1576 Zacharias
3223 1522 3410 1576 Romae
3435 1523 3637 1594 praesul

2061 1610 2324 1676 habetur;
2378 1610 2681 1682 eodemque
2743 1626 2888 1665 anno
2948 1609 3269 1670 Theodorus
3317 1612 3542 1671 Mansur
3580 1617 3636 1672 in

2062 1702 2315 1759 exsilium
2352 1703 2557 1758 missus
2586 1711 2667 1757 est
2694 1703 2834 1773 apud
2862 1702 3082 1758 climata
3111 1704 3317 1772 eremi,
3342 1716 3396 1761 et
3435 1707 3635 1763 factum

2063 1801 2150 1848 est
2181 1787 2396 1866 signum
2422 1794 2476 1850 in
2497 1796 2638 1850 coelo
2663 1797 2882 1866 igneum
2915 1796 3367 1866 reSplendens,ct
3388 1798 3638 1858 Mauhias

360 1887 564 1945 multos
606 1899 892 1944 sermones
925 1886 1287 1942 didascalicos
1345 1885 1536 1946 dicens
1563 1900 1576 1936 :
1607 1882 1667 1939 Si
1693 1900 1786 1954 ego
1821 1900 1940 1938 sum
1991 1876 2033 1930 Β
2062 1886 2247 1941 Asiam
2271 1887 2633 1958 depopulatus
2663 1897 2768 1946 est.

358 1980 558 2049 Jonas,
585 1981 742 2034 mitte
764 1995 844 2040 me
899 1979 954 2033 in
985 1994 1151 2037 mare.
1193 1978 1403 2049 Absque
1429 1977 1720 2034 universali
1748 1979 1940 2048 quippe

359 2073 563 2146 synodo
583 2074 845 2136 innovare
864 2070 1022 2143 [idem
1048 2069 1373 2140 impossibile
1394 2069 1524 2128 mihi
1546 2079 1620 2124 est
1653 2070 1942 2123 secundum

362 2167 711 2238 apostolicam
767 2175 814 2220 et
844 2179 1124 2235 paternam
1169 2164 1508 2224 traditionem
1529 2202 1544 2226 ,
1578 2180 1606 2216 ο
1631 2163 1938 2230 imperator.

362 2262 433 2329 Et
467 2261 661 2326 abiens
692 2261 757 2316 ad
798 2261 975 2316 locum
1004 2259 1102 2334 qui
1141 2258 1350 2318 dicitur
1374 2255 1713 2322 Platanium,
1745 2257 1798 2319 in
1847 2271 1946 2332 pa-_

361 2356 559 2413 rentali
590 2356 755 2411 domo
783 2369 884 2416 sua
917 2354 1092 2424 quieti
1121 2367 1346 2423 operam
1391 2351 1567 2415 dedit.
1603 2365 1818 2410 summo
1857 2364 1946 2405 sa-

364 2449 614 2504 cerdotio
669 2448 898 2509 [unctus
937 2444 1102 2504 annis
1147 2441 1602 2513 quatuordecim,
1662 2441 1946 2503 mensibus

365 2540 632 2611 quinque,
660 2537 856 2593 diebus
883 2545 1118 2606 septem.
1149 2533 1324 2590 Porro
1371 2533 1664 2590 undecimo
1694 2532 1814 2587 Kal.
1848 2532 1950 2590 Fe-

365 2633 619 2699 bruarias
647 2639 838 2690 creant
874 2629 994 2690 falsi
1022 2629 1265 2685 nominis
1286 2629 1668 2694 Anastasium,
1703 2627 1950 2698 discipu-

367 2728 480 2785 lum
515 2741 583 2783 ac
633 2725 934 2799 syncellum
983 2722 1238 2794 ejusdem
1297 2721 1443 2781 beati
1476 2721 1760 2789 Germani,
1811 2735 1948 2776 con-

367 2820 694 2891 sentientem
728 2817 929 2873 Leonis
965 2815 1239 2886 impietati
1271 2821 1500 2886 propter
1527 2828 1769 2868 amorem
1795 2813 1950 2883 prin-

367 2911 586 2981 cipatus
615 2909 913 2974 mundani,
960 2907 1113 2964 hunc
1164 2906 1220 2960 in
1269 2905 1766 2976 pseudepiscOpum
1803 2903 1951 2966 Con-

368 3001 806 3076 stantinopoleos
871 2999 1256 3071 provehentes.
1299 2995 1445 3051 Sane
1483 2995 1781 3066 Gregorius
1823 3010 1951 3050 san-

370 3094 661 3154 ctissimus
710 3091 909 3162 praeswl
943 3088 1248 3152 Romanus,
1303 3085 1765 3157 quemadmodum
1809 3100 1951 3154 prae-

370 3187 508 3254 dixi,
539 3187 897 3244 Anastasium
935 3201 1041 3247 uua
1079 3197 1203 3238 cum
1237 3180 1436 3236 libellis
1459 3180 1678 3249 abjecit,
1713 3177 1949 3234 Leonem

371 3296 472 3351 per
509 3279 773 3349 epistolas
806 3288 1066 3348 tanquam
1113 3275 1279 3345 impie
1307 3279 1561 3344 agentem
1593 3271 1949 3343 redarguens.

369 3381 426 3429 et
459 3371 686 3440 Romam
716 3387 841 3427 cum
885 3379 997 3424 tota
1026 3367 1179 3422 Italia
1223 3368 1289 3421 ab
1313 3366 1463 3421 illius
1521 3365 1752 3435 imperio
1799 3379 1953 3422 rece-

370 3461 502 3520 dere
526 3462 759 3519 faciens.
785 3460 1074 3518 lnsaniens
1108 3474 1241 3524 ergo
1269 3465 1540 3530 tyrannus
1563 3466 1764 3527 contra,
1783 3472 1951 3512 vene-

371 3555 576 3612 rabiles
623 3555 888 3627 imagines
941 3549 1391 3624 persecutionem
1443 3538 1712 3604 extendit.
1784 3547 1953 3604 Porro

373 3647 531 3703 multi
567 3646 754 3703 clerici
788 3654 842 3702 et
867 3644 1122 3700 monachi
1153 3652 1208 3700 ct
1241 3641 1484 3713 religiosi
1514 3641 1638 3697 laici
1669 3657 1771 3714 pro
1803 3651 1954 3700 recto

371 3741 668 3814 periclitati
699 3749 831 3797 sunt
860 3741 1051 3796 verbo.

441 3833 630 3889 Mundi
657 3848 799 3888 anno
823 3832 981 3898 69.22,
1007 3832 1203 3887 divinae
1229 3830 1628 3887 incarnationis
1653 3845 1798 3886 anno
1821 3829 1950 3897 7-22,

373 3939 520 3979 anno
549 3915 678 3980 vero
707 3923 924 3994 imperii
972 3920 1175 3979 Leonis
1210 3923 1297 3989 H,
1323 3923 1654 3979 Anastasius
1681 3922 1958 3978 Constan-

373 4016 682 4087 tinopoleos
721 4015 956 4072 habetur
991 4016 1224 4071 antistes
1261 4015 1576 4078 haereticus,
1619 4015 1712 4086 qui
1756 4015 1826 4069 24
1857 4030 1959 4069 an-

372 4110 464 4164 nis
492 4109 710 4181 praefuit
747 4091 1031 4164 Ecclesiae.
1071 4107 1186 4163 Hoc
1210 4124 1428 4180 quoque
1462 4123 1609 4164 anno
1640 4109 1809 4164 movit
1839 4107 1956 4165 Ma-

375 4203 582 4261 salmas
600 4202 904 4257 exercitum
927 4212 1121 4257 contra
1155 4202 1503 4266 Romaniam,
1538 4211 1733 4277 etcum
1769 4203 1954 4258 venis-

377 4304 462 4352 set
494 4297 546 4352 in
592 4294 1020 4367 Cappadociam,
1071 4295 1202 4350 dolo
1257 4295 1401 4366 cepit
1438 4290 1806 4351 Charsianum
1863 4311 1958 4351 ca-

376 4404 575 4446 ειτιιιιι.

448 4487 611 4540 Anno
641 4482 858 4555 imperii
910 4482 1111 4540 Leonis
1145 4480 1214 4536 l5
1252 4479 1546 4537 Masalmas
1593 4489 1780 4542 castra
1842 4493 1961 4536 mo-

2125 1981 2283 2034 Anno
2318 1980 2528 2059 imperii
2558 1981 2846 2041 Leonile
2871 1985 3044 2040 movit
3074 1986 3379 2044 exercitum
3411 1986 3638 2044 Sulehi-

2055 2087 2180 2128 man
2211 2073 2355 2128 ﬁlius
2400 2074 2582 2129 llisam
2618 2076 2882 2134 adversus
2908 2079 3296 2136 Armeniorum
3331 2081 3637 2153 regionem,

2055 2175 2108 2222 ct
2137 2167 2275 2222 nihil
2303 2169 2557 2238 profecit.

2125 2261 2282 2316 Anno
2318 2261 2534 2334 imperii
2596 2259 2797 2322 Leonis
2847 2263 2912 2317 21
2969 2261 3292 2319 Sulehiman
3345 2264 3537 2323 multis
3584 2267 3640 2320 in

2055 2355 2428 2422 captivitatem
2475 2369 2542 2410 ex
2596 2353 2726 2410 Asia
2786 2355 3008 2423 ductis,
3067 2359 3357 2427 quemdam
3421 2372 3642 2429 quoque

2061 2446 2455 2516 Pergamenum
2492 2447 2703 2518 pariter
2754 2446 2909 2502 duxit
2963 2449 3265 2519 captivum,
3299 2449 3394 2521 qui
3419 2450 3638 2506 dicebat

2055 2555 2117 2598 se
2143 2538 2424 2596 Tiberium
2456 2541 2630 2599 ﬁlium
2662 2557 2784 2598 esse
2807 2540 3130 2597 Iustiniani.
3189 2540 3347 2598 Hunc
3380 2543 3548 2606 llison
3583 2544 3640 2601 in

2059 2630 2322 2686 honorem
2366 2631 2463 2687 ﬁlii
2515 2630 2599 2687 sui
2634 2639 2798 2701 atque
2839 2633 2892 2685 in
2927 2631 3324 2701 imperatorum
3369 2640 3640 2691 terrorem

2057 2739 2183 2779 cum
2217 2725 2581 2796 imperatorio
2611 2741 2676 2780 ac
2709 2725 2927 2781 decenti
2974 2724 3182 2781 honore
3217 2724 3542 2795 militiisque
3576 2739 3641 2783 ac

2063 2818 2258 2874 bandis
2309 2826 2363 2875 et
2411 2820 2649 2890 sceptris
2706 2817 2761 2873 in
2811 2815 3113 2874 Jerusalem
3155 2817 3341 2882 mittit,
3379 2825 3432 2872 et
3473 2825 3640 2872 totam

2058 2911 2271 2983 Syriam
2297 2913 2640 2975 circumduci
2668 2927 2793 2976 cuti)
2832 2913 3006 2976 multo
3028 2912 3189 2984 jubet
3210 2911 3423 2975 honore
3450 2909 3520 2970 ad
3559 2909 3643 2968 vi-

2060 3006 2274 3066 sionem
2306 3015 2659 3072 cunctorum.

2129 3095 2290 3149 Anno
2318 3094 2528 3164 imperii
2560 3092 2755 3152 Leuis
2787 3091 2858 3145 22
2885 3099 3066 3147 movet
3094 3093 3394 3147 exercitum
3417 3089 3641 3146 Sulehi-

2063 3200 2188 3242 man
2222 3197 2412 3241 contra
2440 3184 2788 3258 Romanam,
2814 3192 2872 3239 .et
2900 3184 3265 3254 depopulatus
3289 3191 3374 3238 est
3396 3189 3641 3237 castrum

2059 3276 2204 3347 quod
2255 3276 2460 3334 dicitur
2485 3277 2764 3342 Siderum,
2799 3285 2855 3332 et
2892 3274 3252 3338 Eustachium
3303 3275 3471 3329 ﬁlium
3530 3273 3643 3328 Ma-

2058 3369 2198 3423 riani
2226 3369 2442 3440 patricii
2474 3364 2754 3442 cap‘tivum
2792 3368 2972 3423 duxit.

2127 3463 2287 3518 Anno
2314 3463 2530 3537 imperii
2566 3461 2766 3522 Leonis
2794 3463 2887 3534 2'5,
2929 3475 3119 3516 mense
3180 3457 3342 3519 Maio.
3385 3459 3643 3515 indictio-

2061 3555 2150 3611 nis
2181 3555 2236 3621 8,
2265 3564 2438 3611 movit
2492 3556 2796 3616 exercitum
2842 3555 3167 3612 Sulehiman
3201 3545 3393 3608 contra
3450 3552 3646 3607 Roma-

2061 3646 2206 3702 niam
2231 3661 2356 3704 cum
2378 3648 2671 3718 nonaginta
2699 3646 2944 3702 millibus
2981 3654 3035 3702 et
3072 3644 3486 3715 magistratibus
3508 3659 3642 3715 qua.

2061 3750 2216 3809 tuor,
2260 3755 2493 3810 quorum
2534 3739 2736 3801 Gamer
2764 3739 2875 3794 dux
2910 3746 3031 3795 erat
3078 3738 3348 3794 insidians
3385 3737 3440 3792 in
3488 3736 3645 3792 denis

2063 3831 2305 3888 millibus
2333 3832 2662 3889 latrunculis
2707 3831 2926 3888 Asiana:
2973 3839 3135 3887 terrae
3161 3829 3434 3901 partibus,
3485 3828 3645 3899 cujus

2062 3925 2198 3981 socii
2253 3935 2410 3981 erant
2465 3925 2657 3982 Mellcli
2697 3935 2755 3980 ct
2798 3923 2948 3981 Batal
2994 3939 3121 3979 cum
3177 3923 3367 3994 viginti
3405 3921 3646 3977 millibus

2062 4017 2308 4087 equitum
2340 4020 2486 4074 circa
2513 4018 2893 4074 Achrobinum
2930 4017 3343 4073 debacchantes
3366 4057 3383 4079 ,
3417 4023 3472 4070 et
3521 4022 3647 4086 post

2063 4109 2165 4166 hos
2192 4109 2516 4166 Sulehiman
2557 4112 2611 4166 in
2658 4108 2942 4181 sexaginta
2976 4108 3224 4165 millibus
3255 4109 3399 4164 circa
3433 4106 3646 4179 Cappa-

2062 4202 2260 4257 docum
2284 4201 2538 4275 Tyanim-
2561 4217 2911 4273 progressus,
2940 4215 3176 4272 quorum
3215 4200 3308 4254 alii
3340 4215 3438 4270 per
3454 4199 3646 4255 Asiam

2062 4309 2115 4353 et
2135 4297 2562 4368 Cappadociam,
2592 4297 2767 4351 multo
2806 4295 3023 4352 excidio
3049 4294 3290 4349 virorum
3337 4308 3402 4347 ac
3453 4292 3644 4348 mulie-

2067 4406 2186 4445 rum
2242 4401 2410 4460 atque
2459 4390 2838 4460 iumentorum
2879 4396 3214 4461 perpetrato,
3257 4386 3410 4442 illaesi
3442 4386 3647 4441 reversi

2065 4495 2212 4540 sunt.
2247 4483 2312 4539 lli
2357 4499 2488 4539 vero
2525 4484 2619 4555 qui
2646 4499 2770 4540 eum
2808 4482 3005 4541 Mclich
3027 4490 3083 4538 et
3109 4481 3263 4536 Batal
3295 4480 3440 4551 apud
3484 4480 3653 4534 Chra-
3739 4529 3746 4534 _

376 4578 456 4632 vit
488 4586 676 4633 contra
714 4577 1030 4644 Thraciam,
1085 4584 1138 4632 et
1202 4590 1324 4630 cum
1393 4573 1733 4645 pervenisset
1789 4589 1963 4645 usque
1996 4605 2042 4660 Β
2069 4578 2255 4630 himon
2290 4583 2469 4643 erant,
2506 4576 2804 4648 expugnati
2836 4592 2866 4631 a
2897 4575 3079 4631 Leone
3123 4589 3220 4630 seu
3278 4571 3648 4628 Constantino

378 4669 444 4724 ad
479 4667 704 4738 Caspias
739 4675 948 4739 portas,
981 4674 1231 4720 metuens
1261 4661 1388 4718 inde
1425 4675 1678 4717 reversus
1710 4669 1815 4717 est.

453 4764 612 4816 Anno
647 4760 865 4832 imperii
892 4759 976 4814 sui
1035 4757 1099 4812 l6
1134 4755 1242 4811 Leo
1275 4755 1572 4824 imperator
1623 4753 1789 4808 ﬁliam
1821 4752 1962 4809 Cha-

381 4855 506 4929 gani
540 4853 873 4927 Scytharum
905 4851 1098 4906 arbitri
1134 4849 1245 4904 ﬁlio
1285 4864 1388 4904 suo
1416 4846 1806 4914 Constantino,
1837 4862 1961 4902 cum

385 4953 527 5005 hanc
574 4948 948 5021 Christianam
979 4943 1225 5005 fecisset,
1297 4941 1650 4996 matrimonio
1709 4941 1960 5003 sociavit,

381 5041 678 5098 nominans
715 5055 833 5095 eam
889 5035 1182 5091 Heirenen.
1238 5033 1372 5099 Quae
1400 5048 1523 5087 cum
1554 5048 1744 5087 sacras
1799 5033 1967 5088 Litte-

384 5151 478 5190 ras
517 5134 822 5197 didicisset,
882 5128 1078 5202 pietati
1130 5127 1272 5184 dans
1319 5142 1542 5198 operam
1603 5125 1830 5193 claruit,
1866 5126 1966 5181 hos

384 5229 685 5300 impietatis
709 5227 1073 5296 redarguens.
1106 5222 1352 5277 Mauhias
1377 5237 1510 5276 vero
1557 5220 1704 5274 ﬁlius
1754 5218 1967 5274 Hisami

388 5327 560 5380 aciem
588 5331 787 5378 contra
830 5319 1152 5374 Romaniam
1189 5317 1420 5380 direxit,
1454 5323 1508 5370 et
1543 5316 1764 5370 veniens
1797 5330 1971 5385 usque

389 5420 445 5473 in
478 5414 906 5487 Paphlagoniam
945 5414 1122 5484 praeda
1155 5425 1280 5465 cum
1314 5410 1484 5465 multa
1513 5409 1696 5464 rediit.
1748 5410 1848 5464 Ast
1875 5408 1970 5462 im-

390 5520 614 5583 perator
646 5518 837 5564 contra
893 5520 1090 5576 papam
1149 5511 1309 5575 atque
1357 5517 1632 5559 recessum
1666 5500 1853 5558 Roma
1907 5516 1971 5557 ac

390 5603 564 5660 Italiae
614 5603 892 5667 sreviebat,
944 5606 1432 5669 constructumqne
1462 5599 1663 5654 stolum
1715 5612 1970 5667 magnum

393 5698 595 5754 direxit
640 5697 905 5751 adversus
961 5709 1074 5761 eos,
1107 5691 1316 5749 Martem
1372 5701 1656 5763 prartorem
1700 5690 1974 5763 Cibyram-

395 5793 633 5847 tensiutn
665 5799 832 5859 caput
866 5789 918 5843 in
943 5789 1022 5844 cis
1049 5788 1415 5843 constituens.
1445 5786 1600 5840 Tunc
1629 5784 1976 5856 impugnator

399 5885 493 5942 Dei
526 5889 862 5959 perunplius
902 5885 1153 5950 saeviens,
1192 5897 1317 5938 cum
1349 5882 1581 5938 Arabico
1610 5896 1777 5938 sensu
1833 5889 1976 5936 tene-

2073 4671 2315 4741 superati
2363 4678 2532 4738 sunt;
2562 4677 2616 4726 et
2665 4669 2852 4742 plures
2875 4685 2940 4724 ex
2987 4669 3074 4724 his
3126 4667 3295 4722 armis
3335 4665 3470 4738 ipsis
3526 4679 3650 4720 cum

2073 4763 2287 4819 duobus
2316 4761 2660 4836 principibus
2701 4762 3001 4832 perierunt,
3022 4759 3318 4829 octingenti
3374 4773 3503 4812 vero
3551 4772 3653 4827 pu-

2075 4866 2353 4933 gnatures,
2388 4857 2479 4929 qui
2517 4871 2578 4910 ex
2604 4856 2712 4918 illis
2730 4853 2802 4920 ad
2831 4868 2926 4908 sex
2958 4851 3124 4906 millia
3163 4849 3503 4912 institerant,
3545 4847 3636 4919 Sy-

2077 4952 2269 5006 nadem
2307 4949 2658 5021 confugiunt,
2683 4956 2737 5008 et
2776 4947 2912 5004 salvi
2941 4951 3294 5000 remanentes
3329 4940 3652 4998 Sulehiman

2078 5043 2276 5101 sociati
2314 5053 2465 5111 sunt,
2498 5041 2633 5096 etin
2668 5040 2883 5111 Syriam
2920 5034 3518 5109 repedaruntinglurii.
3553 5032 3657 5087 Eo—

2077 5137 2200 5192 dem
2228 5137 2395 5190 etiam
2425 5149 2571 5188 anno
2603 5140 2656 5189 et
2687 5133 2741 5188 in
2779 5131 2964 5197 Africa
3029 5129 3187 5185 multi
3241 5128 3311 5183 ab
3342 5127 3423 5182 eis
3469 5125 3654 5197 perdi-

2081 5234 2212 5288 tioni
2250 5248 2378 5287 cum
2405 5240 2634 5302 praetore
2668 5229 3008 5291 Damasccno
3063 5228 3283 5282 nomine
3335 5231 3650 5296 patuerunt.

2151 5328 2308 5380 Anno
2339 5324 2553 5395 imperii
2574 5323 2800 5388 Leonis,
2826 5320 3148 5392 nequissimi
3171 5318 3316 5393 Syri,
3344 5317 3415 5371 Ἡ
3442 5315 3651 5370 incensi

2082 5427 2209 5475 sunt
2243 5419 2344 5472 t'ori
2401 5416 2543 5487 apud
2574 5417 2905 5477 Damascum
2955 5415 3022 5468 ab
3058 5409 3505 5471 Hieracensibus,
3561 5405 3654 5474 qui

2081 5512 2326 5582 patibulo
2357 5522 2488 5565 sunt
2520 5509 2684 5564 atlixi.
2717 5508 3033 5578 Eodemque
3086 5521 3232 5560 anno
3263 5513 3423 5558 terrae
3470 5507 3656 5554 motus

2086 5605 2259 5660 factus
2287 5613 2371 5659 est
2401 5620 2634 5674 magnus
2668 5611 2830 5673 atque
2869 5601 3130 5656 terribilis
3151 5591 3655 5662 Constantinopoli,

2085 5698 2315 5768 septimo
2377 5696 2498 5753 Kal.
2530 5695 2908 5761 Novembrias,
2947 5693 3267 5750 indictionis
3305 5704 3484 5751 nonae,
3524 5687 3656 5742 feria

2085 5799 2306 5863 quarta,
2343 5792 2475 5846 hora
2508 5801 2724 5855 octava,
2770 5800 2824 5844 et
2867 5797 3194 5845 corruerunt
3223 5784 3470 5842 ecclesia!
3495 5791 3658 5852 atque

2086 5885 2442 5953 monasteria,
2477 5884 2821 5956 populusque
2856 5884 3059 5939 multus
3091 5881 3393 5938 exstinctus
3425 5886 3526 5932 cst.
3562 5873 3652 5930 Ce-
