4050 6308
462 409 591 472 1361

1575 395 1979 461 ANASTASII
2019 389 2649 455 BIBLIOTHECABII

3573 341 3714 448 1368

392 539 408 555 '
453 530 587 585 cidit
619 534 800 582 autem
833 534 886 580 et
917 523 1297 587 sinmlacrum,
1323 518 1468 590 quod
1489 519 1673 574 stabat
1697 533 1863 588 super
1885 515 2030 572 Atali
2061 520 2107 577 Α
2135 523 2189 570 et
2219 512 2404 570 comiti
2434 508 2718 582 Obsequii,
2749 505 2846 579 qui
2877 502 3090 560 Annam
3131 515 3377 559 sororem
3407 497 3530 571 ejus
3582 514 3721 554 uxo-

455 630 689 691 portatn,
738 619 917 689 magni
961 605 1334 681 Constantini,
1365 627 1474 667 una
1513 625 1639 667 cum
1674 611 1798 682 ipso
1844 608 2028 676 Atalo,

451 727 505 770 et
537 715 730 769 titulus
759 711 1001 776 Arcadii,
1033 709 1127 780 qui
1161 721 1327 779 supra
1369 702 1667 776 Xerolopbi
1706 703 2026 759 columnam

454 808 657 873 stabat,
712 813 768 860 et
817 802 1172 859 simulacrum
1224 798 1452 868 majoris
1503 793 1829 860 Theodosii,
1880 791 2029 865 quod

455 913 620 965 supra
659 904 873 967 portam
911 894 1148 949 Auream
1201 890 1514 955 videbatur,
1567 901 1782 945 necnon
1827 895 1882 944 et
1919 893 2034 941 ter-

454 991 571 1046 reni
599 989 754 1046 urbis
789 986 954 1049 muri,
985 993 1041 1041 et
1071 983 1323 1041 civitates
1349 997 1415 1038 ac
1443 979 1590 1037 villa
1613 980 1669 1036 in
1703 978 1940 1044 Thrace,
1976 985 2033 1034 et

453 1081 772 1138 Nicomedia
828 1079 885 1134 in
928 1077 1187 1150 Bithynia
1233 1085 1289 1134 et
1320 1073 1604 1132 Pranetus
1659 1082 1715 1131 et
1743 1072 1944 1138 Nicaa,
1979 1072 2032 1127 in

454 1189 561 1244 qua
611 1186 721 1227 una
747 1168 901 1229 salva
954 1167 1222 1225 remansit
1258 1166 1514 1224 ecclesia.
1546 1163 1708 1237 Fugit
1767 1173 1947 1219 autem
1980 1169 2035 1218 et

458 1282 608 1322 mare
641 1265 905 1320 terminos
935 1278 1067 1319 suos
1097 1262 1151 1316 in
1177 1259 1509 1332 quibusdam
1558 1259 1714 1324 locis,
1751 1267 1804 1313 et
1840 1256 2034 1328 perdu-

457 1359 597 1413 ravit
619 1365 782 1413 terra
803 1366 990 1412 motus
1020 1354 1307 1410 mensibus
1354 1350 1665 1408 duodecim.
1696 1352 1796 1406 Ast
1855 1350 1926 1404 im
1938 1365 2033 1421 pe-

457 1458 608 1506 rator
636 1451 919 1503 allocutus
944 1453 1031 1504 est
1067 1445 1330 1518 populum
1361 1445 1556 1501 dicens
1596 1461 1611 1498 :
1657 1442 1760 1498 Vos
1809 1459 1910 1496 non
1943 1459 2034 1497 va-

459 1546 576 1599 letis
606 1542 874 1612 aediﬁcare
912 1556 1113 1604 muros,
1146 1539 1238 1594 sed
1282 1554 1379 1594 nos
1428 1537 1762 1608 pracipimus
1798 1535 2032 1588 admini-

457 1633 803 1699 stratoribus,
836 1639 887 1686 et
916 1630 1018 1700 ipsi
1045 1630 1252 1700 exigerat
1295 1630 1351 1684 in
1389 1627 1627 1698 regulam
1660 1642 1752 1696 per
1795 1624 2034 1694 singulos

459 1741 645 1781 aureos
676 1737 948 1777 nummum
997 1728 1301 1792 argenteum
1360 1734 1546 1775 unum.
1588 1717 1708 1784 Quo
1744 1715 2035 1786 imperium

459 1823 686 1888 accepto
713 1813 1005 1870 adiﬁcavit
1031 1826 1245 1876 muros,
1294 1820 1350 1867 et
1404 1810 1478 1866 ita
1505 1809 1650 1864 facta
1679 1815 1765 1862 est
1805 1821 2040 1861 consue-

459 1909 593 1966 tudo
615 1907 783 1965 dandi
815 1906 977 1963 binas
1036 1904 1268 1975 siliquas
1304 1900 1876 1967 administratoribns,
1909 1915 2035 1955 cum
2074 1890 2116 1946 Β

459 2015 639 2057 annus
662 2006 808 2055 esset
841 2013 888 2053 a.
905 1996 1221 2053 conditione
1261 1995 1478 2066 quidem
1510 1993 1698 2049 mundi
1740 1993 1894 2064 juxta
1937 1990 2038 2047 Ro-

461 2107 653 2147 manos
683 2092 753 2146 ab
786 2091 957 2145 Adam
989 2088 1149 2153 6248,
1183 2086 1488 2142 secundum
1544 2075 1837 2158 {Egyptios
1897 2100 2032 2141 vero

460 2199 557 2240 seu
584 2180 987 2238 Alexandrinos
1009 2180 1171 2244 ϐεδε,
1193 2194 1222 2234 a
1249 2180 1501 2258 Philippo
1521 2178 1826 2235 secundum
1857 2177 2039 2233 Mace-

459 2278 631 2331 dones
674 2261 836 2330 i06'5.
876 2264 1148 2345 Regnavit
1189 2271 1339 2327 enim
1389 2271 1500 2330 Leo
1549 2273 1618 2328 ab
1672 2282 1868 2328 octavo
1917 2269 2036 2325 Kal.

459 2368 794 2439 Apriliarum
836 2366 1064 2422 decima:
1127 2364 1337 2435 quinta
1379 2365 1699 2422 indictionis
1753 2378 1930 2434 usque
1971 2361 2040 2418 ad

459 2457 736 2514 decimum
794 2466 1049 2528 quartum
1098 2453 1220 2510 Kal.
1269 2455 1444 2511 Julias
1493 2470 1657 2512 nona
1699 2454 2038 2518 indictionis,

457 2566 585 2608 cum
645 2555 928 2621 regnasset
1009 2549 1172 2606 annis
1238 2547 1332 2616 24,
1383 2546 1668 2604 mensibus
1729 2545 1801 2610 2.
1847 2544 2041 2602 diebus

457 2643 551 2700 25.
623 2641 886 2699 Similiter
952 2639 1353 2698 Constantinus
1405 2640 1554 2697 ﬁlius
1611 2639 1756 2710 ejus,
1823 2637 2041 2710 imperii

457 2746 516 2794 et
567 2735 870 2808 impietatis
931 2733 1105 2804 ipsius
1137 2734 1456 2804 [successor
1488 2773 1508 2802 ,
1570 2732 1883 2802 ab,.eodem
1943 2732 2043 2788 de-

459 2831 605 2885 cimo
638 2836 838 2899 quarto
893 2823 1218 2883 KalJulias
1273 2841 1434 2882 nona
1482 2825 1806 2882 indldtionis
1863 2840 2043 2897 usque

461 2922 531 2978 ad
570 2920 843 2976 decimum
872 2906 1129 2976 octavum
1163 2918 1290 2974 Kal.
1309 2917 1600 2976 Octobrias
1623 2918 1852 2974 decima
1873 2933 2043 2990 quar-

463 3025 530 3070 ta
576 3011 920 3077 indictionis,
960 3026 1087 3066 cum
1134 3018 1420 3082 regnasset
1475 3017 1530 3066 et
1560 3010 1685 3082 ipse
1735 3011 1898 3068 annis
1950 3010 2043 3077 54,

463 3104 749 3161 mensibus
775 3105 832 3171 3,
856 3103 1055 3161 diebus
1082 3102 1138 3158 2.

2140 619 2255 662 rem
2287 603 2542 668 duxerat,
2568 600 2653 657 vis
2679 614 2776 672 pro
2805 594 3145 666 capessendo
3197 591 3428 663 imperio
3468 591 3720 662 impone-

2137 705 2308 755 retur.
2341 696 2544 753 Eodem
2578 707 2798 765 quoque
2836 704 2981 746 anno
3025 686 3212 744 ﬂisam
3244 684 3521 740 interfecit
3554 682 3719 739 Chri-

2139 791 2355 849 stianos
2406 790 2655 861 captivos
2705 785 2945 841 inomni
2993 783 3243 844 civitate,
3297 780 3444 834 inter
3475 792 3618 850 quos
3662 784 3720 832 et

2143 883 2470 940 Eustachius
2528 881 2677 936 filius
2730 875 2960 933 Mariani
3026 870 3243 945 patricii
3300 876 3511 942 martyr
3556 880 3720 922 verus

2139 987 2398 1034 ostensus
2430 981 2516 1029 est
2543 975 2595 1028 in
2623 969 2850 1026 Carram
2881 961 3311 1036 Mesopotamia,
3361 958 3454 1014 ubi
3502 966 3559 1013 et
3590 957 3723 1014 reli-
3756 998 3760 1002 ί

2139 1071 2282 1142 quia
2309 1069 2480 1140 ipsius
2514 1067 2779 1123 sanitates
2805 1077 2907 1136 per
2937 1059 3030 1116 Dei
3061 1056 3292 1130 gratiam
3321 1062 3646 1126 operantur,
3666 1057 3723 1106 et

2142 1165 2296 1220 multi
2322 1163 2417 1218 alii
2448 1177 2545 1234 per
2579 1158 2904 1230 sanguinem
2933 1148 3302 1212 consummati
3331 1155 3486 1205 sunt.

2214 1258 2398 1313 Mundi
2431 1272 2574 1311 anno
2601 1254 2762 1319 6255,
2780 1249 2980 1306 divina
3005 1242 3408 1304 incarnationis
3429 1255 3576 1296 anno
3591 1237 3720 1303 7'55,

2141 1350 2557 1414 Constantinus,
2601 1351 2926 1416 persecutor
2953 1341 3136 1412 legum
3179 1353 3208 1392 a
3239 1335 3499 1392 Patribus
3549 1331 3716 1388 tradi-

2144 1451 2350 1509 tarum,
2378 1442 2611 1512 imperat
2641 1437 2844 1494 divinis
2869 1433 3096 1506 judiciis
3121 1438 3175 1487 et
3207 1425 3564 1485 multitudine
3601 1424 3726 1479 cul-

2143 1550 2338 1608 parum
2367 1534 2619 1604 exigente
2649 1537 2986 1587 nostrarum.
3030 1524 3136 1594 Qui
3188 1536 3314 1578 cum
3358 1519 3556 1592 quinto
3597 1515 3719 1572 Kal.

2141 1627 2319 1684 Julias
2351 1626 2418 1682 ad
2465 1633 2648 1697 partes
2679 1625 2943 1694 egressus
2965 1616 3172 1675 Obsicii
3208 1614 3472 1670 adversus
3508 1610 3723 1666 Arabes

2142 1731 2312 1789 esset,
2352 1721 2501 1775 venit
2534 1716 2601 1772 ad
2654 1717 2931 1772 civitatem
2964 1726 3085 1784 qua
3111 1708 3315 1764 dicitur
3345 1704 3542 1796 Craso:
3575 1703 3717 1758 Cum

2145 1802 2325 1872 autem
2372 1812 2668 1886 pradictus
2710 1808 2989 1866 Artahuas
3037 1803 3252 1860 Dorilai
3305 1816 3432 1858 cum
3484 1797 3722 1855 Obsiaco

2142 1907 2342 1980 populo
2371 1916 2540 1969 esset,
2565 1902 3010 1975 suspiciebantur
3061 1897 3131 1953 ad
3185 1897 3445 1952 invicem.
3496 1893 3718 1950 Mittens

2141 2010 2323 2056 autem
2357 1996 2756 2054 Constantinus
2800 1995 2866 2049 ad
2897 2007 3022 2049 eum
3053 1990 3275 2063 petebat
3314 1988 3421 2045 sibi
3454 1985 3616 2056 dirigi
3659 1982 3717 2038 ﬁ-

2141 2094 2243 2150 lios
2275 2093 2419 2164 ejus,
2472 2104 2612 2162 quos
2642 2086 2803 2159 quasi
2844 2083 3197 2142 desiderabat
3257 2087 3451 2153 utpote
3492 2085 3722 2149 nepotes

2142 2199 2272 2240 suos
2301 2183 2505 2239 videre.
2540 2178 2777 2251 intentio
2803 2185 2993 2248 autem,
3017 2174 3140 2247 ejus
3177 2181 3300 2230 erat
3347 2173 3716 2259 comprehen—

2143 2277 2307 2335 dendi
2331 2292 2428 2334 eos
2460 2284 2515 2332 et
2547 2272 2888 2331 retrudendi.
2943 2270 3144 2327 Atille
3184 2283 3311 2326 cum
3359 2266 3722 2324 intellexisset

2144 2370 2415 2437 fraudem,
2470 2364 2975 2423 lmmensurabilem
3026 2361 3294 2418 malitiam
3346 2358 3468 2431 ejus
3515 2358 3722 2422 sciens,

2144 2463 2230 2520 sui
2265 2461 2704 2533 desperationem
2743 2457 3001 2522 incurrit,
3033 2456 3408 2528 populumque
3436 2453 3725 2521 alloquens

2143 2563 2198 2611 et
2257 2551 2596 2625 persuadens
2626 2550 2837 2621 impetu
2884 2547 3149 2604 adversus
3199 2545 3352 2601 illum
3393 2559 3520 2600 eum
3570 2542 3723 2598 omni

2146 2646 2495 2704 multitudine
2518 2642 2857 2717 properavit.
2878 2641 2947 2697 Et
2975 2641 3142 2699 Beser
3162 2639 3385 2712 quidem
3407 2635 3727 2708 patricium,

2144 2742 2241 2814 qui
2270 2755 2469 2798 sensus
2498 2745 2616 2794 erat
2647 2735 3053 2792 Saracenorum
3090 2742 3334 2791 sectator
3354 2731 3559 2804 quique
3585 2744 3728 2801 pra-

2145 2841 2412 2900 cesserat,
2462 2830 2762 2902 rompbais
2815 2828 3237 2885 interfecerunt.
3292 2826 3362 2882 At
3400 2839 3534 2882 vero
3579 2822 3729 2879 Con-

2145 2929 2424 2986 stantinus
2457 2926 2659 2982 misere
2703 2941 2847 2997 equo
2901 2922 3046 2980 forte
3094 2929 3269 2978 strato
3317 2927 3561 2991 reperto,
3601 2932 3727 2974 cum

2146 3019 2492 3077 ascendisset
2550 3018 2607 3073 in
2636 3032 2784 3085 eum,
2842 3014 3058 3086 fugiens
3107 3013 3256 3068 venit
3294 3011 3599 3066 Amorium.
3666 3007 3733 3064 Et

2147 3128 2272 3170 cum
2306 3112 2374 3167 ad
2428 3110 2794 3166 Orientalium
2842 3109 3066 3170 thema,
3110 3106 3272 3176 cujus
3335 3111 3538 3175 prator
3599 3113 3730 3159 tunc
3793 3173 3799 3179 _

535 3194 745 3252 Taliter
780 3210 936 3267 ergo,
972 3203 1032 3250 ut
1063 3194 1442 3267 pradiximus,
1463 3194 1653 3252 eodem
1699 3209 1844 3250 anno
1889 3211 2047 3252 nona

2150 3205 2423 3262 Lancinus
2450 3214 2600 3272 erat,
2632 3203 3000 3264 cucurrisset,
3035 3199 3471 3255 circumvenitur
3498 3197 3566 3252 ab
3596 3197 3731 3266 illis,

463 3271 785 3345 indicti‘onis
819 3255 1180 3344 mortuus-est
1214 3287 1325 3344 Leo
1361 3303 1468 3342 una
1495 3303 1620 3342 cum
1651 3288 1850 3344 anima
1880 3289 2044 3344 simul
2072 3255 2115 3314 δ

462 3388 517 3435 et
562 3380 812 3450 corporis
854 3389 1053 3445 morte,
1094 3389 1149 3436 et
1194 3379 1428 3452 imperat
1460 3377 1862 3436 Constantinus
1903 3380 2048 3436 ﬁlius

463 3471 608 3543 ejus.
630 3469 708 3549 Et
729 3470 950 3543 quidem
984 3468 1324 3544 quacunque
1351 3470 1459 3527 sub
1487 3471 1672 3528 Leone
1700 3472 1869 3543 impio
1890 3473 2050 3528 Chri-

463 3564 660 3620 stianis
701 3572 1024 3630 evenerunt,
1075 3564 1193 3620 sive
1235 3565 1386 3620 circa
1436 3563 1597 3619 [idem
1649 3564 2048 3632 orthodoxam,

466 3659 584 3712 sive
643 3670 814 3728 super
867 3655 1124 3712 civilibus
1169 3655 1674 3726 dispositionibus,
1718 3657 1840 3714 sive
1886 3673 2052 3727 super

469 3747 646 3820 turpis
683 3749 822 3803 lucri
851 3757 1067 3818 quastn
1105 3755 1160 3804 et
1194 3748 1427 3803 avaritia
1475 3764 1571 3819 per
1597 3748 1865 3816 Siciliam,
1891 3748 2051 3804 Cala-

471 3840 648 3897 briam
670 3850 727 3896 et
749 3840 967 3896 Cretam
996 3839 1288 3896 adinventa
1322 3841 1533 3911 pariter
1546 3849 1600 3896 et
1630 3841 1909 3912 imposita,
1933 3842 2052 3898 sive

468 3933 527 3988 in
559 3932 726 3989 Italia
760 3932 1038 4004 apostasia
1068 3942 1292 4003 propter
1323 3933 1499 4003 hujus.
1519 3931 1899 3999 cacodoxiam,
1934 3934 2051 3991 sive

471 4026 529 4080 in
586 4024 729 4079 fame
781 4040 846 4080 ac
897 4025 1209 4095 pestilentia
1256 4024 1614 4096 gentiumque
1655 4024 1954 4095 pressaris,
1993 4032 2054 4080 ut

475 4119 828 4191 particularia
861 4127 1090 4187 taceam,
1125 4119 1180 4174 in
1219 4119 1660 4191 praecedentibus
1690 4119 2056 4175 ostenduntur

472 4212 744 4282 capitulis.
778 4211 1008 4283 Dignum
1036 4221 1217 4267 autem
1237 4220 1323 4267 est
1361 4210 1429 4267 de
1453 4220 1651 4267 catero
1679 4222 1733 4266 et
1778 4211 1929 4283 impii
1959 4209 2056 4266 ﬁlii

471 4303 617 4372 ejus,
656 4312 912 4374 tanquam
947 4304 1081 4371 Deo,
1128 4304 1221 4376 qui
1257 4304 1444 4359 omnia
1484 4304 1769 4375 perspicit,
1811 4313 2057 4360 contem-

474 4396 681 4464 plante,
741 4396 1015 4452 veraciter
1068 4403 1125 4451 et
1182 4412 1290 4451 non
1341 4395 1617 4468 superﬂue
1654 4396 1722 4452 ad
1765 4395 2055 4452 utilitatem

474 4487 737 4559 posteris,
787 4496 843 4544 et
873 4489 1113 4555 miseris,
1149 4489 1243 4561 qui
1292 4505 1437 4544 nunc
1470 4491 1524 4545 in
1572 4490 1871 4547 cacodoxia
1911 4490 2059 4547 illius

469 4580 851 4651 decipiuntur,
883 4580 1122 4637 ludibria
1147 4582 1397 4652 exsequi.
1435 4597 1558 4654 qua
1588 4583 1658 4638 ab
1687 4582 1791 4639 hac
1815 4584 1880 4639 l0
1913 4581 2060 4640 indi-

463 4675 659 4742 ,ctione
690 4675 868 4746 ipsius
898 4675 1108 4746 imperii
1144 4678 1270 4732 anni
1303 4676 1467 4747 primi
1509 4692 1688 4748 usque
1719 4677 1787 4733 ad
1819 4677 1884 4733 14
1909 4677 2056 4734 iudi-

479 4766 715 4821 ctionem
755 4767 948 4822 mortis
975 4766 1122 4821 illius
1147 4766 1315 4838 impie
1346 4767 1538 4838 gessit.
1569 4767 1669 4824 ilic
1692 4769 1837 4824 enim
1871 4771 2060 4839 perni-

479 4858 827 4914 ciosissimus
875 4867 930 4913 et
978 4859 1214 4930 agrestis
1240 4859 1430 4926 ferus,
1485 4870 1540 4916 et
1606 4860 1890 4934 tyrannice
1962 4874 2064 4916 nec

479 4950 721 5021 legitime
762 4949 966 5007 abusus
1009 4952 1262 5021 imperio,
1319 4951 1498 5023 primo
1536 4952 1760 5024 quidem
1791 4969 1820 5006 a
1864 4951 1974 5008 Deo
2010 4961 2065 5008 et

483 5043 806 5096 intemerata
835 5039 1003 5096 Matre
1023 5042 1196 5112 ipsius
1217 5056 1280 5098 ac
1298 5039 1553 5099 omnibus
1571 5043 1778 5100 sanctis
1795 5043 2063 5111 abscedit,

484 5131 711 5204 magicis
729 5133 1012 5189 maleﬁciis
1037 5141 1090 5189 et
1114 5135 1350 5191 luxuriis
1388 5136 1744 5207 cruentisque
1773 5135 2065 5192 sacrificiis

485 5233 540 5281 et
599 5225 890 5281 caballinis
946 5228 1287 5285 stercoribus
1339 5238 1502 5298 atque
1555 5230 1690 5284 lotio
1733 5229 2064 5294 delectatus,

488 5317 1092 5400 mollitiebnsquoque
1141 5335 1206 5375 ac
1259 5321 1568 5376 damonum
1618 5320 2067 5378 invocationibus

490 5412 758 5484 gaudens,
814 5419 980 5483 atque
1026 5414 1288 5470 omnibus
1332 5415 1546 5470 animas
1588 5417 2068 5489 corrumpentibus

492 5505 976 5563 adinventionibus
1030 5522 1062 5560 a
1115 5513 1306 5563 tenera
1349 5516 1512 5564 atate
1562 5508 2068 5582 convivens..Qnia

490 5613 625 5653 vero
655 5610 943 5668 paternum
985 5600 1350 5672 principatum
1387 5617 1512 5657 cum
1567 5601 1775 5658 malitia
1806 5605 2067 5675 suscepit,

493 5708 602 5748 non
635 5692 903 5746 modicam
944 5693 999 5747 in
1025 5693 1174 5748 brevi
1207 5700 1452 5765 tempore
1491 5694 1839 5749 demonstrat
1877 5695 2069 5766 nequi-

495 5784 647 5860 tiam,
713 5785 787 5860 ita
845 5794 901 5838 ut
934 5785 1018 5838 "ab
1063 5786 1333 5868 omnibus
1373 5786 1443 5840 ob
1493 5786 1886 5856 impudentiam
1939 5801 2070 5841 con-

493 5870 675 5927 festim
715 5873 840 5928 odio
875 5873 1190 5940 haberetur,
1249 5884 1300 5931 et
1337 5875 1695 5932 ‘Artahuasdo
1756 5877 2064 5949 curopalali

2148 3315 2287 3371 quos
2310 3300 2485 3370 magis
2517 3297 2811 3352 sublevans
2854 3293 3342 3366 pollicitationibus
3373 3290 3440 3346 ad
3480 3290 3733 3346 Sisinna-

2149 3394 2286 3449 tium
2315 3393 2478 3448 mittit
2508 3390 2822 3453 ctmi‘estim,
2875 3388 2968 3458 qui
2999 3395 3131 3441 tunc
3177 3393 3383 3456 prator
3411 3393 3528 3440 erat
3554 3380 3732 3439 Thra-

2097 3533 2101 3536 .
2150 3486 2396 3543 censium
2429 3484 2710 3550 thematis,
2741 3491 2795 3539 et
2828 3480 3120 3552 persuadet
3161 3479 3271 3534 illis
3318 3477 3569 3532 auxiliari
3605 3475 3730 3533 sibi.

2151 3578 2291 3633 llinc
2320 3591 2451 3648 ergo
2475 3575 2838 3630 atrocissima
2867 3586 3060 3644 pugna
3088 3578 3140 3625 et
3174 3568 3466 3625 conﬂictus
3497 3566 3735 3622 subditis

2151 3677 2505 3744 generantur,
2548 3682 2671 3722 cum
2722 3665 3025 3736 imperator
3052 3662 3427 3735 appellaretur
3478 3670 3731 3732 uterque.

2153 3765 2422 3820 Praterea
2447 3761 2639 3818 scribit
2684 3759 3069 3815 Artahuasdus
3099 3756 3167 3812 ad
3200 3755 3592 3827 Theophanem
3633 3768 3734 3826 pa-

2153 3856 2373 3912 tricium
2396 3863 2451 3911 et
2501 3855 2850 3926 magistrum,
2877 3852 2973 3925 qui
3004 3868 3070 3908 ex
3102 3865 3338 3924 persona
3372 3850 3638 3924 principis
3679 3849 3736 3906 in

2157 3948 2293 4004 urbe
2345 3954 2709 4010 remanserat,
2761 3959 2860 4017 per
2910 3942 3274 3999 Athanasium
3336 3942 3734 4009 silentiarium,

2155 4056 2276 4112 qua
2300 4035 2454 4112 gesta
2481 4046 2632 4095 sunt.
2670 4037 2925 4106 Quicum
2965 4034 3315 4098 Artahuasdo
3362 4035 3591 4104 faveret,
3637 4049 3737 4091 co-

2155 4142 2409 4190 acervato
2447 4133 2650 4204 papulo
2678 4130 2820 4202 apud
2852 4128 3269 4186 catechumenia
3302 4127 3510 4199 Magna
3552 4127 3737 4183 eccle-

2157 4227 2272 4291 sia,
2300 4232 2354 4282 et
2386 4239 2483 4296 per
2517 4225 2728 4279 litteras
2752 4232 2806 4278 et
2851 4237 2949 4293 per
2987 4223 3102 4293 jam
3137 4221 3344 4278 dictum
3375 4218 3738 4274 Athanasium

2158 4297 2430 4390 persuasit
2452 4316 2706 4371 omnibus
2736 4313 2961 4370 credere
2989 4313 3132 4385 quod
3157 4314 3456 4385 imperator
3483 4321 3740 4369 mortuus

2159 4409 2346 4478 fuerit,
2380 4407 2764 4462 Artahuasdus
2794 4413 2978 4462 autem
3029 4420 3062 4461 a
3110 4405 3446 4463 t‘nematibus
3493 4420 3740 4476 pronun-

2160 4502 2331 4556 tiatus
2387 4500 2461 4555 sit
2517 4500 2838 4568 imperator.
2900 4497 3056 4554 Tunc
3103 4499 3283 4555 omnis
3334 4499 3568 4572 populus
3613 4514 3741 4555 cum

2091 4604 2136 4661 υ
2164 4593 2465 4649 Anastasio
2495 4592 2617 4648 falsi
2650 4593 2893 4648 nominis
2944 4591 3256 4664 patriarcha
3312 4591 3649 4647 anathemati
3686 4597 3745 4647 et

2164 4683 2512 4741 deteStationi
2567 4683 2949 4740 submiserunt
2998 4683 3422 4740 Constantinum
3474 4692 3536 4738 ut
3586 4697 3744 4740 arro-

2165 4781 2381 4845 gantem
2412 4782 2464 4830 et
2494 4773 2870 4830 adversarium
2921 4773 3036 4837 Dei,
3087 4783 3252 4844 atque
3307 4774 3486 4847 ipsius
3541 4773 3746 4831 eadem

2167 4867 2627 4939 amplectabiliter
2661 4865 3005 4922 admiserunt
3051 4875 3310 4938 tanquam
3358 4883 3388 4922 a
3429 4867 3575 4923 malo
3628 4881 3748 4923 ma-

2166 4960 2316 5015 ximo
2371 4959 2649 5016 liberati:
2712 4958 3119 5016 Artahuasdum
3182 4975 3312 5016 vero
3337 4960 3746 5032 .impcratorem

2169 5050 2611 5120 pradicaverunt
2670 5057 2729 5104 ut
2784 5050 3150 5106 orthodoxum
3198 5059 3251 5106 et
3288 5050 3601 5107 divinorum
3652 5052 3748 5104 do-

2167 5148 2407 5212 gmatum
2443 5150 2929 5216 propugnatorem.
2966 5143 3087 5198 Mox
3121 5159 3252 5214 ergo
3297 5144 3546 5200 Monotes
3580 5144 3747 5198 mittit

2171 5236 2224 5288 in
2254 5242 2438 5305 partes
2465 5233 2811 5291 Thracenses
2843 5234 2911 5290 ad
2945 5234 3316 5308 Nicephorum
3363 5236 3532 5291 lilium
3563 5251 3745 5303 suum,

2170 5333 2461 5398 praetorem
2516 5326 2938 5399 Thracensium,
2991 5345 3102 5400 quo
3137 5329 3205 5384 ad
3252 5329 3558 5384 custodiam
3592 5328 3747 5384 urbis

2169 5419 2406 5475 tninaret
2433 5418 2547 5473 illic
2575 5420 2875 5476 exercitum
2898 5422 3285 5490 constitutum.
3316 5420 3595 5477 Obseratis
3616 5435 3748 5491 ergo

2172 5511 2346 5583 portis
2377 5526 2663 5566 murorum
2696 5520 2750 5568 et
2780 5513 2981 5584 vigiliis
3007 5514 3218 5586 positis,
3241 5515 3382 5570 ﬁlios
3404 5514 3746 5571 Constantini

2171 5603 2598 5674 comprehensos
2638 5620 2810 5663 caesos
2840 5623 2905 5661 ac
2935 5615 3128 5665 tonsos
3152 5607 3206 5662 in
3239 5607 3489 5663 custodia
3541 5608 3745 5677 posuit.

2171 5697 2305 5751 Cum
2340 5706 2522 5752 autem
2569 5699 2955 5757 Arlahuasdus
3002 5717 3124 5757 cum
3162 5701 3452 5772 Obseqniis
3477 5709 3622 5757 esset
3653 5716 3745 5754 nr-

2172 5790 2291 5844 bem
2322 5789 2631 5860 ingressus,
2689 5793 2937 5861 pervenit
2984 5803 3039 5847 et
3067 5793 3473 5850 Constantinus
3509 5793 3748 5849 Cbrvso-

2175 5881 2337 5952 polim
2368 5896 2490 5938 cum
2523 5882 2739 5941 duobus
2766 5885 3103 5944 themalibns
3126 5929 3141 5956 ,
3175 5886 3567 5946 Thracensium
3598 5883 3744 5945 scili-
