4070 6304
310 391 450 457 1369

1113 391 1482 468 HISTORIA
1511 391 2088 454 ECCLESIASTICA
2135 390 2241 452 EX
2269 391 2749 456 THEOPHANE.

3407 396 3546 465 1370

303 517 389 565 cet
417 515 470 562 et
498 504 893 568 Orientalium;
927 508 973 556 et
1008 515 1136 556 eum
1178 504 1317 559 nihil
1367 518 1531 574 agere
1588 501 1876 569 valuisset,
1908 507 1950 564 Α
1981 496 2222 570 inﬁdeles
2260 501 2416 556 amici
2447 502 2564 556 sitis
2591 517 2612 556 :
2649 503 2950 556 testamenti
2981 519 3102 558 vero
3135 503 3237 558 mei
3275 513 3428 560 testes
3462 523 3550 562 eos

303 594 563 657 rev'ersus
612 600 754 671 apud
810 598 1098 654 Amorium
1150 597 1434 654 hiemavit.
1490 594 1879 650 Artahuasdus

303 699 486 746 autem
517 698 826 762 per.totam
887 692 1077 747 urbem
1132 705 1322 747 sacras
1369 690 1545 744 erexit
1589 687 1876 758 imagines.

303 783 517 838 Interea
543 781 770 837 Barbari
804 783 1106 837 sentientes
1135 781 1328 834 horutn
1353 779 1586 834 invicem
1606 777 1873 848 jurgium,

304 879 533 933 multam
560 879 798 948 praedam
860 876 914 929 in
963 874 1284 929 Romaniam
1327 879 1735 944 perpetrarunt.
1778 871 1877 929 hos

305 969 626 1026 Sulehitnau
692 977 927 1040 praetore
997 967 1250 1022 ducente.
1318 963 1492 1020 Porro
1551 963 1881 1020 Anastasius

303 1061 825 1134 pseudopatriareha
878 1069 1070 1116 tenens
1095 1057 1415 1114 honoranda
1453 1066 1508 1113 et
1565 1055 1778 1112 vivifica
1817 1056 1882 1108 li-

304 1170 429 1228 gna,
457 1155 664 1226 juravit
705 1154 908 1225 populo
941 1153 1128 1208 dicens
1162 1167 1176 1205 :
1212 1150 1317 1207 Per
1359 1167 1479 1205 eum
1522 1151 1615 1221 qui
1656 1149 1710 1204 in
1751 1149 1879 1209 ipsis

306 1248 493 1318 afﬁxus
536 1256 637 1312 est,
683 1247 760 1301 sic
795 1245 924 1299 mihi
971 1244 1110 1298 dixit
1167 1241 1548 1297 Constantinus
1592 1242 1882 1310 imperator

306 1357 637 1405 asseverans,
670 1337 754 1394 Ne
799 1339 1026 1394 aestimes
1081 1334 1279 1390 Filium
1319 1335 1417 1389 Dei
1446 1352 1557 1390 esse
1582 1351 1699 1388 eum
1728 1349 1882 1405 quem

304 1433 504 1502 peperit
539 1430 737 1497 Maria,
765 1431 954 1501 quique
999 1428 1198 1482 dicitur
1251 1427 1517 1489 Christus,
1549 1426 1640 1481 sed
1690 1442 1880 1496 purum

304 1525 589 1580 hominem.
618 1521 796 1577 Maria
841 1521 980 1575 enim
1011 1536 1130 1576 eum
1173 1519 1369 1590 peperit
1406 1519 1542 1573 sicut
1572 1535 1651 1572 me
1683 1522 1883 1588 peperit

305 1626 477 1668 mater
523 1628 640 1667 mea
688 1609 890 1668 Maria.
938 1609 1002 1664 Et
1047 1619 1176 1665 tunc
1203 1609 1384 1666 omnis
1434 1610 1667 1680 populus
1712 1609 1883 1664 male-

306 1707 448 1762 dixit
487 1707 560 1760 ci.

378 1797 569 1855 Mundi
622 1813 768 1853 anno
819 1795 978 1862 6254,
1033 1794 1236 1852 divinae
1292 1793 1690 1850 incarnationis
1739 1807 1884 1848 anno

307 1887 436 1953 734,
490 1903 637 1944 anno
678 1903 810 1943 vero
845 1886 1065 1958 imperii
1092 1885 1438 1942 Constantini
1486 1884 1754 1950 secundo,
1788 1884 1882 1955 qui

307 1982 685 2038 Romanorum
717 1981 1011 2052 imperium
1057 1981 1254 2048 tenuit,
1303 1987 1560 2035 mortuus
1589 1989 1672 2034 est
1699 1978 1886 2034 Hisam

305 2072 552 2130 Arabum
584 2073 718 2128 dux.
751 2073 851 2127 Hic
881 2073 1229 2128 sanctissima
1264 2071 1608 2128 Antiochena
1655 2071 1887 2150 ecclesia

307 2182 410 2238 per
442 2181 620 2223 annos
642 2164 1005 2236 quadraginta
1024 2163 1244 2220 viduata
1276 2175 1553 2230 manente,
1586 2163 1888 2234 prohiben-

309 2258 462 2314 tibus
493 2257 614 2315 fieri
643 2258 1017 2336 patriarcham
1049 2255 1346 2322 Arabibus,
1375 2256 1434 2311 in
1457 2254 1650 2311 eadem
1680 2255 1890 2312 habens

307 2352 605 2424 quemdam
653 2350 1095 2408 amantissimum
1147 2350 1481 2406 monachum
1536 2350 1734 2424 Syrum
1785 2367 1890 2408 no-

309 2443 460 2498 mine
501 2442 868 2513 Stephanum,
899 2441 1260 2513 agrestiorem
1285 2441 1512 2513 quidem
1539 2441 1640 2498 sed
1669 2443 1892 2515 religio-

309 2549 457 2600 sum,
492 2534 651 2606 jubet
686 2533 742 2590 in
771 2533 999 2590 Oriente
1046 2533 1243 2604 positis
1293 2533 1652 2601 Christianis,
1683 2535 1732 2592 si
1777 2536 1891 2592 vel-

309 2626 429 2682 Ient
472 2627 718 2698 permitti
771 2625 879 2682 sibi
930 2627 1298 2698 patriarcham
1349 2627 1894 2701 habere,.eligerent

311 2719 694 2791 Stephanum;
756 2720 852 2793 qui
902 2719 1171 2776 divinitus
1230 2719 1337 2776 hoc
1387 2719 1509 2777 ﬁeri
1553 2719 1892 2776 arbitrantes

311 2825 641 2871 consecrant
655 2831 781 2872 eum
805 2815 860 2870 in
887 2813 1018 2870 sede
1044 2814 1416 2886 Theupoleos,
1449 2825 1506 2870 et
1525 2830 1592 2871 ex
1613 2822 1746 2870 tunc
1783 2815 1895 2871 huc

314 2923 488 2980 usque
509 2907 772 2967 discurrit
800 2910 922 2964 sine
941 2907 1313 2980 prohibitione
1343 2907 1661 2980 hujusmodi
1681 2908 1820 2964 fieri.

387 3001 591 3057 Eodem
619 3018 766 3057 anno
797 3000 1252 3058 obtinuichalid
1280 3000 1426 3056 ﬁlius
1447 3000 1615 3056 [iisan
1649 2999 1896 3055 Arabum

313 3095 706 3166 principatum,
758 3095 826 3150 ad
877 3111 1041 3167 quem
1074 3093 1471 3151 Constantinus
1519 3093 1742 3165 quidem
1781 3091 1894 3147 An-

1911 1853 1958 1912 B

1982 610 2091 648 esse
2109 593 2246 660 volo,
2271 611 2388 648 cum
2414 595 2482 648 sit
2505 593 2633 648 tate.
2679 593 2860 652 Omnis
2889 597 2978 666 qui
3017 612 3121 650 non
3160 597 3323 651 credit
3359 600 3415 652 in
3437 597 3555 662 ,Ρα-

1982 696 2115 742 trem
2146 695 2193 740 et
2219 685 2411 741 Filium
2437 696 2484 741 et
2514 685 2774 758 Spiritum
2810 697 3074 754 sanctum,
3131 690 3557 746 consubstantia-

1984 782 2084 837 lcm
2112 792 2160 838 et
2193 784 2426 838 diuinam
2467 785 2520 838 in
2569 787 2794 838 monade
2831 783 3162 847 Trinitatem.
3197 797 3438 841 mortuus
3475 778 3562 841 est

1983 877 2187 939 anima,
2223 887 2273 930 et
2304 885 2502 930 wterno
2536 876 2724 948 dignus
2759 886 2834 931 est
2877 885 3160 933 tormento.
3211 878 3353 934 Talis
3394 889 3467 934 est
3505 888 3557 935 et

1980 968 2228 1023 Maumed
2262 969 2712 1040 pseudopropheta
2748 977 2920 1024 vester
2971 979 3021 1024 et
3053 971 3361 1026 Antichristi
3420 989 3557 1042 prte-

1983 1076 2186 1114 cursor.
2218 1059 2476 1114 Discedite
2510 1076 2655 1130 ergo,
2692 1061 2737 1114 si
2769 1060 2894 1115 mihi
2927 1061 3141 1115 creditis
3176 1063 3390 1116 testanti
3419 1061 3558 1116 vobis

1982 1153 2134 1206 hodie
2162 1151 2348 1206 castum
2381 1161 2428 1205 et
2460 1163 2680 1219 terram,
2725 1153 2790 1208 ab
2837 1151 3000 1207 illius'
3024 1152 3351 1223 fabulatione
3377 1170 3396 1209 :
3430 1170 3559 1207 con-

1981 1241 2098 1296 sulo
2136 1244 2276 1297 enim
2308 1244 2469 1305 vobis,
2508 1261 2572 1298 ne
2612 1245 2921 1300 'cruciemini
2945 1244 3106 1300 simul
3131 1261 3250 1299 cum
3276 1244 3387 1300 illo.
3419 1243 3558 1300 Cum

1982 1343 2167 1390 autem
2197 1334 2315 1391 hac
2348 1345 2404 1390 et
2426 1335 2514 1391 his
2555 1336 2710 1406 plura
2745 1352 2870 1391 cum
2899 1336 2982 1392 eis
3019 1335 3088 1392 de
3111 1336 3224 1392 Deo
3257 1337 3556 1394 ratiocina-

1986 1436 2076 1483 tus
2128 1427 2449 1494 dissereret,
2478 1428 2771 1485 audientes
2823 1427 2903 1484 illi
2946 1438 3170 1500 stupore
3202 1445 3300 1486 seu
3334 1431 3561 1486 vesania

1984 1519 2199 1575 detenti
2238 1514 2630 1592 longanimiter
2681 1520 2785 1576 visi
2815 1527 2946 1575 sunt
2996 1519 3165 1587 ferre,
3194 1536 3261 1575 ex
3294 1514 3561 1592 languore

1985 1611 2134 1667 hunc
2155 1621 2356 1682 praeter
2378 1626 2599 1667 sensum
2632 1627 2754 1668 esse
2795 1620 3070 1683 putantes.
3105 1613 3240 1668 Cum
3277 1621 3458 1670 autem
3493 1631 3562 1671 ex

1986 1704 2307 1763 infirmitate
2360 1704 2752 1770 convaluisset,
2802 1706 2996 1777 majori
3038 1706 3204 1777 coepit
3260 1721 3394 1763 voce
3446 1707 3562 1764 cla-

1988 1809 2178 1850 mare:
2217 1793 2518 1850 Anathema
2546 1793 2794 1848 Haumed
2834 1804 2882 1848 et
2930 1796 3168 1866 fabuloso
3203 1798 3396 1869 scripto
3426 1800 3563 1870 ejus,

1987 1899 2037 1944 et
2069 1891 2271 1944 cunctis
2303 1889 2392 1960 qui
2422 1891 2642 1943 credunt
2675 1890 2741 1944 ei.
2800 1889 2957 1946 Tune
2999 1907 3098 1962 per
3152 1891 3394 1962 gladium
3446 1892 3566 1948 ani-

1989 1981 2428 2037 madversionem
2451 1996 2745 2051 perpessus
2776 1991 2985 2054 martyr
3003 1991 3260 2038 ostensus
3277 1993 3382 2040 est.
3408 1983 3568 2039 Hune

1988 2073 2480 2130 declamationibus
2509 2089 2828 2131 sermonum
2877 2074 3168 2131 honoravit
3195 2087 3420 2133 sanctus
3466 2077 3571 2133 Pa-

1991 2176 2077 2224 ter
2121 2175 2312 2222 noster
2362 2167 2637 2232 Joannes,
2688 2166 2783 2236 qui
2835 2166 2975 2222 bene
3028 2167 3449 2238 cognominatus
3485 2175 3571 2223 est

1989 2257 2358 2330 Cbrysorroas
2404 2266 2632 2328 propter
2673 2271 2895 2311 auream
2949 2264 3006 2311 et
3057 2255 3320 2328 fulgidam
3391 2257 3569 2312 sancti

1992 2349 2233 2420 Spiritus
2255 2349 2511 2422 gratiam,
2543 2363 2666 2419 quae
2709 2348 2764 2403 in
2799 2348 2918 2418 ipso
2964 2355 3073 2402 tam
3107 2347 3163 2402 in
3193 2347 3366 2403 verbo
3403 2363 3569 2419 qualn

1993 2442 2049 2497 in
2071 2442 2196 2498 vitae
2222 2451 2348 2496 actu
2373 2440 2637 2496 etiloruit.
2669 2440 2843 2508 Quem
2891 2439 3150 2496 videlicet
3178 2439 3575 2497 Constantinus

1995 2533 2197 2604 impius
2235 2533 2537 2605 imperator
2581 2547 2767 2588 annuo
2808 2541 3039 2603 propter
3084 2531 3421 2588 eminentem
3477 2548 3574 2587 or-

1996 2626 2314 2683 thodoxiam
2360 2627 2481 2698 ejus
2531 2625 2868 2681 anathemati
2919 2624 3304 2690 submittebat,
3352 2633 3408 2680 et
3467 2638 3570 2694 pro

1995 2722 2240 2790 Mansur,
2265 2723 2414 2795 quod
2445 2731 2531 2779 est
2558 2724 2766 2779 avitum
2810 2739 3010 2779 nomen
3038 2724 3159 2796 ejus
3192 2723 3451 2794 quodque
3486 2737 3576 2778 τε-

1994 2814 2254 2886 demptus
2273 2816 2671 2888 interpretatur
2690 2831 2852 2872 sensu
2882 2816 3132 2880 Iudaico,
3161 2830 3365 2871 novum
3383 2815 3575 2885 Eccle-

1996 2909 2092 2965 sia:
2119 2908 2441 2982 magistrum
2460 2908 2751 2967 Manzeron
2774 2920 2985 2966 mutato
3024 2912 3246 2966 nomine
3274 2911 3569 2969 vocitabat.

2066 2999 2273 3055 Eodem
2304 3016 2524 3072 quoque
2583 3017 2729 3058 anno
2760 3002 2956 3058 Vhalid
2985 3000 3216 3074 Cyprios
3253 3002 3309 3058 in
3359 3001 3570 3074 Syriam

1999 3091 2299 3156 transtulit,
2331 3091 2713 3150 Artabuasdus
2738 3104 2919 3150 autem
2957 3093 3207 3151 Nicetaln
3252 3094 3426 3150 ﬁlium
3450 3112 3565 3151 mo;

313 3190 503 3247 dream
533 3191 899 3262 spatharium.
927 3191 1309 3247 Artahuasdus
1356 3199 1540 3245 autem
1569 3188 1894 3261 Gregorium
1922 3203 1964 3259 ε
1997 3193 2373 3257 nostrategum
2404 3195 2714 3256 promotum
2735 3186 2802 3242 ad
2828 3187 3011 3242 thema
3044 3188 3245 3245 direxit
3269 3189 3568 3246 Armenia-

313 3286 650 3357 logothetam
720 3284 1196 3350 transmiserunt,
1251 3283 1518 3338 auxilium
1586 3290 1898 3352 quaerentes

317 3376 561 3445 utrique.
591 3375 763 3430 Porro
791 3375 989 3445 pluvia:
1015 3373 1269 3429 defectus
1298 3380 1354 3427 et
1387 3381 1549 3428 terra;
1583 3380 1767 3425 motus
1799 3385 1900 3439 per

314 3467 435 3525 loca
466 3466 592 3522 facti
627 3475 778 3532 sunt,
806 3466 881 3520 ita
910 3473 972 3520 ut
997 3471 1213 3520 montes
1239 3463 1529 3517 unirentur
1562 3460 1632 3515 ad
1659 3459 1896 3515 invicem

315 3577 418 3632 per
452 3575 701 3616 eremum
732 3558 929 3614 Sabbaa
970 3566 1028 3613 et
1058 3556 1279 3614 castella
1306 3554 1408 3612 sub
1446 3563 1646 3610 terram
1674 3552 1898 3608 immer—

315 3661 580 3723 gerentur
625 3649 904 3720 absorpta.

387 3742 594 3799 Eodem
620 3758 752 3797 vero
783 3757 928 3796 anno
955 3739 1182 3797 Cosmas
1208 3736 1554 3795 Alexandriae
1583 3735 1896 3809 patriarcha

318 3853 425 3892 una
455 3851 582 3892 cum
619 3845 731 3890 tota
764 3835 985 3890 civitate
1013 3849 1044 3888 a
1079 3831 1568 3888 monothelitarum
1600 3828 1894 3885 cacodoxia

317 3930 486 3986 rediit
511 3928 580 3985 ad
611 3927 1018 3993 orthodoxiam,
1046 3941 1169 3983 cum
1196 3925 1468 3981 tenuisset
1515 3939 1546 3979 a
1598 3921 1763 3995 Cyro,
1798 3922 1894 3993 qui

317 4023 423 4079 sub
477 4021 731 4078 Heraclio
787 4019 1130 4076 Alexandriae
1181 4017 1494 4090 patriarcha
1540 4014 1666 4071 fuit.
1721 4015 1894 4070 Porro

316 4117 622 4173 exercitum
661 4114 832 4170 movit
868 4113 1066 4170 Camer
1095 4127 1220 4167 cum
1267 4109 1508 4166 Arabum
1539 4108 1894 4164 multitudine

317 4220 512 4267 contra
545 4207 892 4274 Romaniam,
922 4214 979 4263 et
1019 4205 1207 4261 multis
1233 4205 1288 4259 in
1313 4203 1686 4274 captivitatem
1715 4200 1892 4255 abduo

316 4303 425 4359 etis
463 4315 722 4357 reversus
773 4308 880 4366 est,
910 4308 966 4354 et
999 4296 1255 4368 apparuit
1285 4297 1503 4367 signum
1556 4294 1612 4349 in
1642 4293 1785 4348 emlo
1822 4292 1892 4348 ad

315 4394 632 4466 aquilonem
681 4406 874 4449 mense
934 4389 1122 4446 Iunio.
1180 4387 1378 4444 Vbalid
1431 4395 1616 4442 autem
1667 4387 1892 4442 Petrum

314 4486 729 4545 sanctissimum
781 4482 1187 4554 metropolitam
1223 4480 1471 4537 Damasci
1502 4480 1688 4550 lingua
1726 4477 1894 4534 muti-

1999 3291 2210 3344 eorum,
2243 3295 2411 3350 porro
2432 3279 2810 3350 Nicephorum
2839 3295 2994 3350 aeque
3025 3279 3195 3336 filium
3228 3297 3388 3336 suum
3413 3298 3562 3339 coro-

1998 3371 2152 3424 navit
2193 3385 2293 3440 per
2349 3370 2701 3426 Anastasium
2757 3371 3149 3443 patriarcham.
3205 3373 3391 3430 Mense
3443 3371 3576 3430 vero

1996 3460 2138 3516 Maio
2167 3476 2295 3517 cum
2335 3462 2714 3518 Artahuasdus
2741 3463 2810 3518 ad
2858 3472 3047 3534 partes
3083 3463 3287 3520 Obsicii
3318 3481 3576 3537 egressus

1995 3553 2193 3609 fuisset
2226 3563 2282 3610 et
2315 3555 2521 3611 milites
2549 3556 2826 3626 elegisset.
2853 3563 3024 3611 totam
3053 3556 3237 3612 Asiam
3280 3557 3448 3628 cepit,
3479 3557 3572 3614 de-

1996 3649 2267 3719 populans
2301 3664 2447 3706 eam.
2475 3649 2594 3716 Quo
2624 3648 3019 3705 Constantinus
3066 3660 3350 3720 comperto
3393 3657 3576 3705 motus

1996 3748 2082 3794 est
2112 3750 2303 3796 contra
2360 3740 2560 3812 ipsum.
2622 3741 2758 3798 Cum
2809 3758 2943 3798 vero
2993 3741 3062 3798 ad
3124 3758 3252 3798 eum
3299 3743 3354 3798 in
3390 3751 3577 3814 partes

1999 3830 2333 3889 Sardeorum
2365 3851 2394 3890 a
2420 3833 2684 3891 Celbiano
2714 3835 3041 3893 redeuntem
3075 3836 3320 3892 venisset
3359 3844 3416 3892 et
3448 3851 3574 3892 cum

1997 3926 2094 3983 illo
2138 3926 2346 3982 bellum
2404 3927 2644 3993 iniisset,
2706 3927 2877 3982 vertit
2936 3944 3065 3983 eum
3132 3944 3200 3985 ac
3265 3928 3577 3999 insequitur

1996 4017 2280 4090 Cyzicum.
2309 4017 2379 4072 At
2403 4017 2494 4076 ille
2523 4035 2648 4074 cum
2677 4019 2939 4090 Cyzicum
2967 4021 3329 4091 pervenisset,
3361 4011 3578 4077 dromo-

1995 4125 2122 4167 nem
2146 4110 2428 4183 ingressus
2455 4111 2512 4168 in
2541 4112 2763 4168 civitate
2789 4112 3058 4168 salvatur.
3084 4114 3356 4169 Praeterea
3384 4129 3576 4170 mense

1993 4206 2242 4279 Augusto
2298 4207 2546 4278 ejusdem
2613 4207 2926 4263 undecima:
2983 4207 3303 4264 indictionis
3353 4208 3576 4264 Nicetes

1997 4305 2443 4368 monostrategus
2495 4297 2639 4354 ﬁlius
2683 4297 3058 4365 Artahuasdi,
3119 4313 3246 4352 cum
3297 4298 3577 4354 intulisset

1996 4388 2362 4446 Constantino
2416 4390 2562 4460 apud
2615 4389 2920 4446 Modrinem
2970 4401 3025 4445 et
3061 4390 3310 4446 Cisseum
3341 4390 3573 4454 bellum,

2000 4489 2151 4554 terga
2185 4483 2409 4538 vertens
2453 4482 2684 4554 aufugit.
2737 4483 2807 4537 Et
2835 4481 3058 4554 quidem
3092 4482 3381 4554 patricium
3410 4481 3570 4536 Teri-

312 4583 415 4639 lari
462 4579 722 4652 praecepit
754 4587 1012 4648 tanquam
1048 4584 1370 4648 arguentem
1419 4573 1598 4645 palam
1645 4572 1891 4628 Arabum
1922 4560 1966 4614 Ῑ)
1995 4573 2179 4629 datem
2218 4575 2567 4640 Armenium,
2599 4576 2831 4631 militem
2884 4575 3245 4632 fortissimum
3276 4581 3332 4629 et
3370 4576 3574 4629 conso-

311 4683 370 4731 et
411 4671 837 4729 Manichaeorum
884 4667 1290 4740 cognationem,
1323 4676 1379 4722 et
1425 4665 1672 4722 exsulem
1723 4678 1894 4734 penes

315 4765 533 4823 felicem
565 4764 823 4819 Arabiam
857 4762 1010 4826 fecit,
1051 4760 1148 4816 ubi
1188 4770 1246 4816 et
1283 4757 1520 4813 moritur
1549 4773 1646 4828 pro
1670 4755 1892 4811 Christo

315 4856 576 4931 martyrio
609 4865 893 4928 percepto,
922 4869 1048 4910 cum
1072 4851 1389 4924 expressius
1433 4849 1649 4905 divinas
1696 4847 1893 4903 missas

313 4950 747 5031 pronuntiasset,
794 4948 939 5005 sicut
989 4947 1156 5019 hujus
1220 4946 1299 5001 rei
1341 4955 1655 5000 narratores
1711 4943 1890 5009 aiunt,

311 5045 407 5116 qui
438 5057 498 5099 se
521 5041 760 5114 propriis
793 5039 1077 5096 auditibus
1111 5053 1277 5109 super
1309 5037 1414 5092 hoc
1437 5036 1748 5092 satisfactos
1766 5050 1890 5092 esse

309 5138 573 5195 fatentur.
635 5135 810 5205 IIujus
875 5134 1163 5190 aemulator
1207 5141 1264 5187 et
1314 5131 1632 5202 aequivocus
1689 5130 1888 5186 Petrus

307 5229 454 5303 apud
507 5229 798 5299 Majumam
847 5226 1055 5282 eisdem
1112 5225 1454 5295 temporibus
1500 5232 1758 5279 ostensus
1799 5231 1885 5278 est

307 5343 411 5400 pro
453 5323 675 5380 Christo
725 5329 932 5394 martyr
959 5321 1269 5384 ultroneus,
1305 5320 1570 5391 languore
1605 5318 1880 5389 siquidem

308 5418 566 5475 detentus
591 5416 862 5486 primores
885 5413 1128 5468 Arabum
1153 5411 1462 5477 advocavit,
1487 5418 1675 5481 utpote
1699 5424 1888 5465 assue-

306 5511 482 5568 factus
534 5509 641 5565 sibi
690 5523 814 5563 cum
852 5505 1226 5563 chartularius
1264 5514 1412 5561 esset
1443 5512 1500 5559 et
1544 5504 1761 5574 publica
1791 5503 1888 5559 tri-

307 5606 440 5662 buta
466 5604 608 5658 facta
635 5602 848 5656 ratione
880 5599 1175 5664 conferret,
1199 5609 1255 5654 et
1279 5599 1355 5653 ait
1382 5600 1448 5653 ad
1482 5598 1606 5654 illos
1633 5616 1647 5652 :
1686 5595 1888 5652 Merce-

306 5699 424 5754 dem
445 5698 654 5770 quidem
683 5712 776 5766 pro
801 5696 899 5749 mei
931 5695 1230 5749 visitatione
1253 5710 1285 5747 a
1314 5691 1420 5746 Deo
1449 5693 1748 5763 recipiatis,
1767 5692 1884 5746 licet

1992 4666 2216 4722 brinutn
2251 4667 2607 4734 Artahuasdi,
2647 4685 2772 4725 cum
2815 4670 2939 4724 aliis
2971 4667 3160 4723 multis
3192 4667 3382 4724 electis
3413 4667 3564 4738 prin-

1991 4757 2211 4828 cipibus
2247 4759 2536 4816 interfecit
2579 4778 2594 4814 :
2643 4759 2932 4832 utriusque
2994 4775 3130 4815 vero
3183 4760 3355 4830 partis
3408 4775 3573 4818 casus

1993 4851 2142 4906 haud
2199 4852 2453 4908 modicus
2497 4851 2675 4909 factus
2722 4862 2828 4918 est,
2868 4853 3254 4908 Armeniorum
3278 4853 3484 4908 scilicet
3518 4861 3574 4908 et

1993 4944 2446 5001 Armeniacorum
2495 4945 2938 5017 impugnantium
2973 4944 3236 5001 adversus
3261 4944 3570 5004 Orientales

1996 5049 2163 5110 atque
2194 5039 2542 5106 Thracesios,
2570 5039 2922 5096 Constantini
2973 5049 3430 5111 propngnetores.
3455 5039 3573 5097 Cali-

1996 5141 2178 5189 terum
2208 5134 2474 5204 antiquus
2507 5135 2683 5190 hostis
2716 5134 2968 5190 diabolus
3000 5144 3190 5190 contra
3222 5133 3572 5189 Christianos

1995 5228 2342 5298 temporibus
2397 5227 2519 5284 istis
2590 5229 2752 5283 talem
2819 5227 3078 5284 excitavit
3150 5228 3451 5283 saevitatem
3515 5239 3574 5284 et

1989 5321 2377 5378 mactationem
2405 5322 2694 5388 alternam,
2722 5329 2786 5376 ut
2822 5321 2921 5377 ﬁlii
2951 5323 3116 5378 etiam
3156 5329 3348 5376 contra
3371 5314 3570 5392 paren‘é

1991 5424 2076 5471 tes
2098 5423 2156 5471 et
2189 5413 2391 5470 fratres
2437 5424 2629 5469 contra
2679 5415 2877 5470 fratres
2917 5423 3420 5479 commoverentur,
3458 5430 3570 5470 non

1991 5519 2284 5580 parcentes
2310 5509 2377 5564 ad
2436 5507 2661 5573 caedem,
2695 5517 2751 5563 et
2791 5509 3304 5565 immisericorditer
3347 5505 3574 5563 alternat

1994 5603 2260 5657 stationes
2296 5617 2360 5656 ac
2389 5601 2586 5656 domus
2616 5601 3064 5656 incenderentur.

2065 5694 2214 5751 Inter
2256 5694 2367 5765 (79)
2409 5694 2525 5748 haec
2555 5703 2738 5749 autem
2781 5705 2839 5750 et
2901 5693 3215 5766 hujusmodi
3257 5686 3572 5762 Stephanus

1856 5818 2087 5884 NOTAE.

385 5981 498 6056 (79)
520 5980 648 6050 Quae
673 5979 738 6035 de
770 5977 963 6050 Pipino
985 5976 1073 6034 hic
1103 5982 1423 6043 narrantur,
1452 5989 1563 6030 non
1587 5978 1800 6030 exstant
1826 5970 1972 6044 apud
1995 5966 2413 6041 Theophanem,
2449 5967 2544 6026 sed
2573 5967 2720 6038 apud
2745 5965 3056 6023 Cedrenutn
3089 5983 3140 6032 o.
3180 5967 3303 6025 455.
3344 5965 3503 6022 ΡΑιιιι.
