4050 6308
502 364 629 430 1371

1650 370 2050 433 ANASTASII
2085 372 2716 438 BIBLIOTHECARII

3626 379 3768 443 13η

497 494 636 551 papa
694 478 976 533 Romanus
1039 475 1213 532 multa
1273 477 1416 532 mala
1481 479 1554 533 ab
1608 480 1880 554 Astulpho
1957 500 2084 557 rege
2117 494 2156 548 Α
2187 488 2424 545 tensium
2475 497 2528 544 et
2557 490 2749 545 ciassis
2777 489 2973 563 Abydi,
3009 490 3198 548 ethos
3238 488 3667 561 comprehensos
3692 490 3767 546 ad

500 572 993 644 Longobardorum
1053 585 1350 641 perpessus
1403 573 1467 627 ad
1528 573 1772 631 Francos
1828 576 2077 648 confugit

499 666 606 723 sub
632 664 848 735 Pipino,
904 664 997 733 qui
1055 662 1229 734 major
1279 663 1477 720 domus
1535 675 1655 721 erat
1696 676 1753 721 et
1785 668 1991 737 primas
2018 669 2076 723 in

502 757 751 814 omnium
807 756 1171 827 dispositione
1229 772 1414 811 rerum
1471 757 1813 813 Francorum
1865 762 2075 831 gentis,

502 850 710 921 quibus
742 847 999 903 videlicet
1030 847 1160 902 olim
1191 848 1363 903 moris
1399 849 1872 916 .erat'dominum,
1906 852 1959 906 id
1994 861 2081 907 est

502 957 691 1014 regem
717 939 901 1005 suuni,
956 941 1259 996 secundum
1311 956 1484 1009 genus
1534 942 1859 1013 principari,
1904 955 1961 1000 et
2003 944 2079 1000 nil

501 1051 663 1108 agere
695 1036 779 1091 vel
814 1035 1108 1105 disponere
1141 1049 1304 1106 quam
1343 1034 1798 1091 irrationabiliter
1834 1038 1999 1093 edere
2024 1047 2081 1095 ct

501 1127 719 1195 bibere,
744 1127 1003 1197 domique
1032 1127 1257 1191 morari,
1280 1135 1337 1182 et
1359 1125 1607 1183 kalendis
1634 1126 1759 1183 Maii
1785 1129 2081 1200 prresidere

501 1237 688 1285 coram
702 1230 824 1277 tota
840 1228 1024 1293 gente,
1040 1228 1096 1277 et
1113 1220 1349 1276 salutare
1376 1219 1521 1287 illos,
1540 1221 1836 1278 etsalutari
1855 1223 1923 1279 ab
1940 1224 2071 1291 illis,

500 1323 558 1371 et
585 1315 849 1385 obsequia
877 1312 1039 1369 solita
1085 1313 1331 1385 impensa
1354 1315 1660 1385 percipere,
1696 1324 1755 1371 et
1784 1315 1893 1371 illis
1934 1315 2080 1372 dona

501 1406 826 1480 rependere,
850 1415 905 1462 et
933 1407 1015 1462 sic
1041 1422 1227 1462 secum
1257 1400 1505 1477 usquead
1520 1408 1687 1466 alium
1706 1408 1906 1466 Maium
1922 1408 2082 1464 habi-

503 1511 640 1567 tare,
670 1500 873 1559 habcre
901 1508 1084 1555 autem
1110 1502 1372 1572 majorem
1416 1502 1615 1561 domus
1642 1503 1875 1559 consilio
1900 1519 2002 1558 suo
2024 1512 2083 1559 et

500 1595 679 1665 gentis
691 1594 875 1651 omnia
891 1594 1235 1655 ordinantem
1256 1595 1473 1667 negotia
1488 1596 2001 1665 :dicebanturenim
2014 1613 2081 1656 ex

499 1702 702 1758 genere
750 1687 845 1744 illo
883 1688 1286 1745 descendentes
1313 1689 1575 1755 cristatae,
1608 1689 1756 1761 quod
1800 1689 2079 1763 interpre-

501 1787 650 1836 tatur
682 1779 1075 1839 trichoracbati
1107 1801 1119 1835 :
1159 1780 1301 1851 pilos
1349 1781 1497 1838 enim
1529 1780 1809 1839 habebant
1833 1793 1994 1838 natos
2025 1782 2079 1838 in

501 1874 657 1944 spina
684 1873 852 1929 veluti
888 1875 1064 1944 porci.
1098 1850 1407 1931 Praedictus
1464 1875 1649 1946 itaque
1678 1891 1817 1947 papa
1846 1876 2080 1949 Stepha-
2112 1850 2153 1907 Β

501 1984 609 2024 nus
641 1967 715 2023 ‘vi
761 1984 987 2040 pressus
1030 1978 1088 2026 et
1145 1970 1474 2028 crudelitate
1532 1970 1786 2049 Astulphi
1829 1984 2075 2043 coactus,

499 2061 667 2117 simul
703 2061 868 2120 etiam
896 2060 963 2118 ab
990 2062 1112 2134 ipso
1147 2064 1474 2121 adhortatus
1499 2064 1580 2122 ire
1607 2065 1663 2120 in
1694 2066 1978 2121 Franciam
2021 2077 2079 2124 et

498 2155 681 2212 facere
710 2155 1081 2227 quodcunque
1105 2164 1313 2227 posset,
1340 2159 1572 2214 veniens
1601 2158 1854 2229 Pipinum
1882 2175 2079 2230 prove-

499 2247 603 2315 hit,
639 2248 817 2304 virum
849 2248 906 2305 in
932 2249 1190 2306 omnibus
1222 2249 1694 2321 probatissimum,
1720 2252 1814 2323 qui
1842 2263 2078 2323 praeerat

500 2348 635 2397 tunc
672 2357 895 2414 quoque
922 2343 1091 2399 rebus
1119 2351 1243 2414 post
1260 2358 1450 2416 regem
1474 2351 1530 2401 et
1551 2343 1924 2402 debellaverat
1941 2346 2077 2403 Ara-

497 2435 621 2503 bes,
651 2436 853 2507 quivab
891 2436 1076 2493 Africa
1102 2437 1179 2492 in
1210 2436 1529 2508 Hispaniam
1576 2446 2074 2510 trausmeaverant,

496 2530 706 2603 quique
726 2540 1223 2602 tenaci-nutusque
1247 2546 1400 2593 nunc
1442 2532 1693 2589 eamdem
1731 2532 2072 2606 Hispaniam,

498 2634 557 2681 et
582 2625 950 2696 probaverant
986 2625 1223 2697 praeiiari
1261 2623 1623 2683 nihilominus
1680 2638 1872 2685 contra
1901 2629 2077 2705 Fran-

501 2734 615 2776 cos.
643 2717 855 2787 Quibus
877 2735 908 2775 e
929 2729 1123 2777 contra
1152 2720 1299 2777 idem
1318 2722 1548 2793 Pipinus
1563 2737 1689 2778 cum
1717 2723 2075 2781 multitudine

502 2813 785 2880 resistens,
836 2814 1041 2870 occidit
1096 2816 1387 2885 quemdam
1444 2816 1612 2872 etiam
1642 2817 1950 2888 principem
1974 2833 2077 2873 eo-

501 2922 624 2962 rum
657 2924 671 2961 :
704 2907 1122 2964 Abderachmau
1156 2910 1303 2966 enim
1358 2910 1505 2966 (iiius
1556 2909 1776 2966 Mahuhi
1798 2911 2077 2983 principa-

502 3009 619 3055 tum
643 3001 807 3073 hujus
838 3001 1058 3084 tenebat
1076 3004 1273 3075 gentis.
1305 3003 1793 3062 lnteﬂccitautem
1819 3005 1988 3061 simul
2019 3016 2078 3063 et

501 3094 914 3152 multitudinem
942 3095 1090 3153 haud
1127 3097 1286 3154 facile
1315 3098 1710 3155 numerabilem
1735 3098 1889 3171 juxta
1922 3100 2075 3155 Rho-

500 3188 704 3244 dannm
743 3187 992 3255 fluvium,
1016 3198 1074 3246 et
1100 3190 1450 3247 admirationi
1478 3191 1735 3255 habetur,
1777 3199 1835 3247 et
1860 3201 2075 3247 amatur

499 3295 531 3335 a
554 3290 737 3352 gente,
758 3296 869 3336 non
889 3281 1067 3337 solum
1096 3291 1326 3351 propter
1352 3281 1477 3349 hoc,
1510 3281 1605 3336 sed
1635 3292 1692 3337 et
1724 3290 1951 3353 propter
1969 3283 2077 3338 alia

500 3373 780 3444 praecipua
809 3380 982 3444 gesta,
1013 3382 1069 3429 et
1112 3372 1410 3444 praeﬁcitur
1436 3374 1586 3445 genti
1621 3389 1732 3429 non
1762 3373 2078 3446 ignobiliter

500 3465 734 3536 primus,
763 3466 1011 3522 solvente
1042 3465 1254 3522 scilicet
1305 3481 1438 3523 cum
1467 3482 1496 3521 a
1529 3467 1772 3540 periurio
1802 3468 1858 3523 in
1893 3485 2076 3540 regem

499 3558 794 3615 commisso
827 3558 1021 3614 eodem
1046 3558 1364 3630 Stephano;
1394 3558 1488 3631 qui
1518 3568 1575 3614 et
1613 3561 1855 3617 attendit
1880 3562 2079 3619 deces-

499 3665 683 3707 sorem
707 3652 827 3725 ejus
854 3668 1058 3723 regem,
1087 3662 1145 3709 et
1176 3652 1232 3709 in
1264 3656 1602 3712 monasterio
1629 3672 1754 3711 cum
1780 3656 1991 3713 honore
2021 3664 2079 3715 et

498 3743 693 3814 requie
726 3744 1180 3816 circumscripsit.
1234 3746 1334 3803 Hic
1384 3749 1616 3821 Pipinus
1640 3750 1779 3809 duos
1809 3751 1953 3807 ﬁlios
1975 3753 2077 3808 ha-

500 3836 644 3903 buit,
678 3834 936 3894 Caroium
986 3838 1200 3894 scilicet
1228 3846 1285 3894 et
1338 3840 1804 3898 Carolomannum
1848 3842 2078 3899 fratrem

497 3928 638 4001 ejus.

569 4021 758 4078 Mundi
786 4038 932 4080 anno
950 4024 1113 4092 6235,
1131 4026 1338 4083 divinas
1354 4026 1762 4085 incarnationis
1775 4045 1921 4085 anno
1950 4029 2075 4098 755,

494 4129 646 4170 anno
677 4130 811 4171 vero
864 4116 1082 4187 imperii
1135 4115 1484 4174 Constantini
1544 4121 1710 4176 tertio
1766 4120 2077 4193 Stephanus

496 4207 876 4265 Autiochenus
917 4209 1154 4265 habetur
1197 4212 1445 4268 antistes.
1481 4208 1751 4284 A'pparuit
1794 4223 1975 4270 autem
2004 4214 2080 4270 si-

500 4316 666 4371 gnum
692 4298 760 4355 ad
792 4299 1129 4371 aquilonem,
1158 4309 1216 4357 et
1258 4303 1401 4358 cinis
1454 4303 1744 4360 descendit
1784 4320 1886 4376 per
1930 4306 2073 4374 loca,

500 4393 788 4464 factusque
823 4404 908 4451 est
963 4402 1121 4450 terrae
1145 4403 1330 4450 motus
1359 4397 1413 4449 in
1450 4394 1663 4467 Caspiis
1684 4396 1883 4467 portis.
1913 4396 2076 4454 Occi-

499 4500 595 4540 sus
618 4484 784 4541 etiam
809 4480 896 4541 est
916 4485 1109 4541 Vhalid
1139 4485 1207 4541 ab
1226 4485 1525 4552 Arabibus,
1554 4487 1649 4556 qui
1682 4488 1901 4557 praefuit
1931 4504 2076 4543 anno

2182 581 2572 651 imperatorem
2600 583 2779 647 duxit,
2813 583 2907 653 qui
2951 581 3290 638 frumentum
3320 581 3547 653 quidem
3587 597 3771 661 popu-

2180 673 2251 729 lis
2279 674 2397 730 suis
2415 674 2662 743 donavit,
2686 675 3049 731 Athanasium
3067 684 3251 732 autem
3272 684 3327 731 et
3346 674 3766 732 Artahuasdum

2181 769 2357 824 oculis
2389 769 2680 829 confestim
2724 769 2983 840 privavit.
3019 769 3151 825 Post
3203 768 3319 825 haec
3344 785 3478 824 vero
3506 768 3767 839 probavit

2184 860 2566 917 Artahuasdus
2612 877 2643 917 a
2693 870 2841 917 terra
2885 871 3073 933 portas
3133 861 3352 933 aperire
3400 870 3460 919 et
3510 863 3765 932 praelium
3849 901 3855 905 η

2182 969 2308 1010 eum
2330 953 2693 1010 Constantino
2727 955 2888 1011 inire.
2936 956 3141 1011 Verum
3178 954 3319 1011 facta
3367 956 3764 1027 congressione

2180 1047 2354 1121 fugati
2387 1056 2516 1103 sunt
2566 1048 2771 1105 milites
2827 1049 3183 1117 Artahuasdi,
3237 1057 3295 1105 et
3346 1049 3504 1105 multi
3554 1049 3762 1105 mortui

2181 1150 2332 1205 sunt,
2386 1140 2532 1197 inter
2580 1155 2719 1211 quos
2763 1150 2821 1196 et
2868 1141 3140 1197 Monutes.
3198 1142 3543 1199 Constructis
3573 1152 3760 1199 autem

2183 1232 2560 1290 Artahuasdus
2592 1232 2841 1290 dieribus
2862 1234 3063 1290 cacabo
3090 1234 3394 1291 ferentibus
3424 1235 3629 1307 ignem,
3662 1235 3763 1290 mi-

2183 1323 2255 1379 sit
2276 1322 2345 1378 ad
2379 1323 2437 1379 S.
2458 1323 2703 1379 Mamam
2756 1325 3055 1380 nonnullos
3085 1333 3279 1381 contra
3308 1314 3539 1383 classem
3593 1325 3763 1398 Ciby-

2184 1418 2567 1472 raeotensium.
2594 1416 2732 1474 Cum
2780 1427 2962 1473 autem
3003 1418 3246 1475 venisset
3297 1418 3365 1475 ad
3391 1419 3448 1475 S.
3504 1418 3761 1485 Mamam,

2182 1522 2450 1568 exeuntes
2478 1510 2915 1584 Cibyraeotenses
2938 1512 3274 1583 pepulerunt
3304 1512 3447 1569 illos.
3479 1510 3647 1569 Facta
3677 1520 3764 1568 est

2183 1614 2369 1661 autem
2401 1605 2454 1660 in
2485 1606 2619 1661 urbe
2656 1606 2835 1661 valida
2887 1605 3081 1672 fames,
3119 1604 3194 1661 ita
3228 1615 3289 1663 ut
3343 1605 3765 1662 venundaretur

2185 1699 2405 1756 modius
2432 1693 2625 1756 hordei
2660 1699 2953 1756 duodecim
2983 1698 3433 1764 numismatibus,
3468 1698 3765 1770 leguminis

2184 1806 2318 1849 vero
2345 1791 2688 1862 quindecim,
2714 1791 2849 1846 milii
2874 1806 2938 1847 ac
2965 1790 3146 1861 lupini
3162 1786 3587 1849 numismatibus
3609 1794 3760 1853 octo,

2181 1884 2289 1940 olei
2324 1893 2508 1940 autem
2538 1884 2694 1940 librae
2717 1884 2964 1955 quinque
3021 1884 3355 1939 numismate
3398 1899 3529 1949 uno,
3578 1890 3764 1939 sexta—

2182 1980 2301 2035 rius
2327 1978 2445 2033 vini
2466 1977 2717 2033 dimidio.
2750 1975 2999 2049 Cumque
3028 1982 3267 2049 populus
3289 1987 3605 2043 necaretur,
3637 1990 3765 2032 coa-
3792 2036 3797 2041 ,

2181 2084 2305 2127 ctus
2334 2080 2417 2127 est
2442 2070 2822 2127 Artahuasdus
2850 2070 3135 2126 dimittere
3163 2070 3287 2125 illos
3308 2085 3340 2125 e
3370 2068 3593 2125 civitate
3614 2067 3765 2125 foras

2179 2163 2441 2220 exeundi.
2459 2164 2661 2219 Verum
2674 2152 2989 2220 observatis
3001 2163 3253 2219 faciebas
3272 2162 3541 2236 quosdam
3565 2176 3762 2219 eorum
3829 2228 3835 2232 _

2180 2255 2531 2328 prohibebat.
2569 2256 2727 2314 Unde
2776 2257 3005 2328 quidam
3071 2272 3264 2313 eorum
3319 2255 3767 2313 emundaverunt

2178 2347 2367 2403 vultus
2386 2362 2538 2413 suos,
2572 2356 2627 2402 et
2672 2347 2929 2403 muliebri
2961 2347 3360 2403 circumamicti
3392 2356 3524 2403 sunt
3557 2357 3712 2404 veste
3746 2389 3759 2400 .

2179 2447 2265 2495 ast
2294 2438 2384 2494 alii
2421 2439 2748 2495 monachico
2796 2438 3075 2495 schemate
3105 2447 3272 2509 atque
3318 2438 3541 2495 cilicino
3588 2438 3757 2495 vesti-

2179 2540 2369 2586 mento
2415 2530 2873 2603 contegebantur,
2927 2537 2984 2585 et
3036 2530 3111 2585 ita
3166 2530 3340 2586 latere
3396 2538 3653 2600 poterant
3703 2539 3761 2586 et

2179 2624 2350 2680 exire.
2383 2622 2601 2680 Nicetas
2623 2634 2807 2680 autem
2833 2632 3279 2694 monostrategus
3299 2633 3626 2679 coacervato
3653 2638 3759 2695 po-

2178 2717 2310 2788 pulo
2348 2733 2450 2773 suo
2477 2733 2507 2772 a
2536 2718 2785 2774 Morlrina
2828 2718 3084 2789 disperso
3111 2718 3263 2773 venit
3297 2733 3472 2789 usque
3521 2715 3762 2790 Chryso-

2177 2811 2378 2882 polim;
2411 2819 2618 2867 etcum
2665 2816 3060 2877 reverteretur,
3090 2821 3436 2869 transmeans
3462 2812 3763 2882 imperator

2177 2914 2500 2977 persecutus
2526 2918 2613 2963 est
2638 2916 2763 2979 post
2800 2917 2949 2979 terga
2976 2907 3243 2978 ipsorum.
3273 2907 3487 2964 Etcum
3517 2905 3763 2963 venisset

2176 2996 2242 3053 ad
2278 3013 2409 3053 eum
2439 3000 2586 3071 apud
2641 3000 3046 3065 Nicomediam,
3096 3014 3261 3055 manu
3290 3001 3439 3069 cepit
3467 3013 3596 3055 eum
3628 3013 3755 3054 cum

2177 3100 2459 3159 curatore,
2493 3093 2588 3167 qui
2622 3091 2801 3149 fuerat
2841 3094 3049 3148 dudum
3086 3092 3493 3150 Marcelliortlm
3548 3091 3762 3163 episco-

2179 3200 2318 3255 pus;
2378 3202 2548 3256 quem
2595 3198 2653 3244 et
2699 3185 2957 3245 decollari
3016 3186 3283 3245 continuo
3332 3186 3761 3258 jussitzmouo-

2181 3284 2480 3347 strategum
2517 3292 2649 3334 vero
2680 3278 2926 3333 vinctum
2960 3278 3103 3348 patri
3127 3293 3226 3348 per
3246 3288 3468 3335 morum
3499 3284 3764 3333 monstra-

2179 3367 2297 3425 bat.
2373 3370 2550 3427 Porro
2605 3383 2803 3441 quarto
2863 3386 3039 3426 nonas
3096 3370 3460 3426 Novembrias
3534 3381 3763 3442 repente

2179 3464 2463 3535 praeliatus
2490 3473 2618 3535 post
2637 3464 2923 3519 meridiem
2952 3479 3050 3535 per
3076 3472 3363 3520 terrenum
3394 3478 3613 3519 murum
3663 3480 3757 3518 ur-

2179 3556 2306 3613 bem
2329 3556 2590 3628 captavit.
2627 3557 2697 3612 At
2744 3572 2875 3612 vero
2911 3556 3297 3615 Artahuasdus
3323 3572 3434 3612 una
3483 3571 3609 3612 cum
3660 3556 3763 3611 Ba-

2180 3650 2439 3722 gatangio
2464 3650 2704 3721 patricio
2760 3650 3040 3721 ingressus
3076 3650 3258 3705 navim
3280 3649 3349 3706 ad
3376 3664 3621 3721 praesens
3648 3649 3763 3704 exi-

2180 3744 2293 3799 isse
2319 3744 2473 3800 visus
2506 3752 2591 3799 est
2629 3743 2685 3798 in
2722 3742 2978 3810 Obsiciis,
3042 3752 3098 3799 et
3148 3742 3346 3798 abiens
3399 3740 3469 3798 ad
3514 3750 3761 3797 castrum

2180 3838 2419 3895 Puzana:
2472 3845 2646 3894 semet
2680 3837 2925 3893 inclusit.
2980 3836 3194 3904 Quibus
3245 3837 3548 3906 imperator
3595 3851 3762 3891 manu

2182 3933 2361 4003 captis
2393 3931 2806 3995 Artahuasdum
2834 3946 2958 3985 cum
2982 3930 3205 3986 duobus
3232 3930 3360 3985 ﬁliis
3382 3930 3498 3985 suis
3526 3929 3765 4000 privavit

2183 4023 2379 4090 oculis,
2413 4023 2766 4095 Bagatangim
2800 4023 3077 4078 autem'in
3103 4021 3319 4077 vivario
3351 4020 3670 4087 decollavit,
3706 4030 3768 4078 et

2181 4118 2348 4189 hujus
2370 4125 2537 4189 caput
2569 4118 2626 4172 in
2664 4116 2815 4172 Milio
2844 4115 3132 4186 suspendit
3165 4114 3364 4173 diebus
3399 4114 3597 4170 tribus.
3633 4115 3765 4185 Rost

2183 4209 2405 4281 triginta
2442 4224 2575 4265 vero
2618 4224 2795 4263 annos
2844 4208 2972 4263 mali
3006 4222 3215 4263 memor
3265 4217 3321 4263 et
3370 4206 3765 4263 immisericors

2183 4304 2489 4374 imperator
2510 4301 2770 4373 praecepit
2799 4301 2967 4373 hujus
3019 4312 3247 4357 uxorem
3280 4301 3337 4356 in
3363 4300 3761 4358 monasterium

2181 4393 2390 4450 Choras
2416 4408 2651 4465 pergere
2680 4393 2816 4464 (illic
2847 4394 2995 4449 enim
3026 4393 3280 4464 sepultus
3324 4394 3467 4462 erat)
3499 4401 3559 4449 ct
3592 4392 3763 4463 hujus

2181 4502 2305 4543 ossa
2326 4487 2571 4544 effodere
2600 4494 2656 4541 et
2684 4486 2742 4542 in
2772 4487 2940 4557 pallio
2971 4501 3073 4541 suo
3103 4494 3325 4557 portare
3354 4495 3521 4556 atque
3566 4484 3621 4543 in
3672 4501 3759 4541 se-

496 4593 633 4646 uno,
662 4585 922 4648 tenetque
983 4577 1353 4648 principatum
1380 4577 1537 4633 Hizid
1582 4580 1802 4650 Lipsos.
1828 4580 1878 4636 Is
1901 4596 2072 4651 pecu-
2099 4591 2152 4651 ο
2181 4578 2392 4649 pulcra,
2428 4593 2551 4650 quae
2576 4578 2841 4634 dicuntur
2868 4577 3093 4649 Pelagii,
3120 4593 3225 4633 una
3251 4592 3379 4633 cum
3417 4576 3762 4633 Biothanatis

498 4671 610 4727 niis
634 4671 824 4727 multis
854 4670 1095 4742 erogatis
1126 4670 1365 4726 obtinuit
1393 4670 1740 4739 Damascum,
1764 4682 1821 4727 et
1853 4671 2074 4728 dextras

494 4766 709 4837 accepit
741 4772 803 4819 ut
829 4764 1253 4836 principaretur.

571 4855 747 4912 Porro
790 4854 1188 4913 Constantinus
1238 4856 1583 4928 Septembrio
1645 4873 1833 4913 mense
1863 4856 2075 4914 duode-

493 4946 660 5004 cimae
713 4947 1033 5005 indictionis
1078 4949 1419 5006 descendens
1452 4950 1519 5005 ad
1551 4964 1735 5021 partes
1769 4951 2074 5007 Chalcedo~

498 5042 589 5097 nis
613 5042 880 5098 remeavit
911 5042 979 5097 ad
1031 5043 1313 5103 Thracoas
1352 5053 1557 5116 partes,
1624 5060 1749 5101 cum
1800 5044 2075 5101 Sisinnius

497 5141 707 5207 praeter
754 5132 1181 5193 Thracesiorum
1224 5144 1385 5194 antea
1421 5153 1519 5207 per
1544 5134 1796 5208 Abydum
1828 5151 2068 5193 remeas-

496 5233 585 5283 set
617 5233 1012 5297 terrenumque
1056 5242 1276 5285 murum
1308 5228 1463 5289 urbis
1502 5228 1805 5287 obsideret.
1835 5228 1906 5287 At
1930 5245 2064 5285 vero

496 5318 731 5380 veniens
758 5320 1057 5391 imperator
1082 5320 1150 5379 ad
1184 5321 1399 5381 Charsii
1428 5333 1645 5393 portam
1679 5321 1943 5383 discurrit
1972 5338 2067 5383 us-

495 5428 608 5483 que
634 5413 702 5473 ad
730 5428 951 5471 auream
981 5422 1218 5486 portam,
1254 5415 1615 5486 semetipsum
1675 5415 1853 5476 turbis
1885 5424 2075 5479 osten‘

495 5516 645 5571 tans,
677 5515 735 5562 et
762 5505 965 5562 iterum
1013 5522 1273 5563 reversus
1301 5518 1479 5565 castra
1505 5518 1747 5565 metatus
1793 5517 1881 5565 est
1927 5509 2073 5582 apud

497 5595 558 5654 S.
586 5597 841 5657 Mamam.
866 5599 1028 5656 Cives
1070 5610 1254 5656 autem
1280 5602 1560 5673 anguStari
1584 5612 1872 5673 coeperunt
1896 5620 2072 5661 anno-

496 5688 587 5749 nis
614 5690 1026 5750 deﬁcientibus.
1074 5693 1342 5761 Quocirca
1394 5694 1565 5753 misso
1602 5695 1902 5753 Athanasio
1928 5713 1959 5752 a
1989 5714 2075 5753 se-

498 5785 669 5840 cretis
693 5792 749 5840 et
775 5786 1122 5843 Artahuasdo
1150 5787 1457 5843 domestico
1501 5804 1604 5843 suo
1630 5789 1696 5843 ad
1741 5789 2072 5846 deferendos

499 5883 754 5952 sumptus
786 5877 841 5936 in
873 5879 1112 5953 scaphis,
1150 5879 1363 5937 invenit
1398 5880 1501 5937 hos
1543 5880 1735 5939 classis
1792 5882 2069 5955 Cibyraeo-

2177 4673 2382 4745 jacere.
2415 4670 2461 4728 Ο
2487 4670 2979 4727 inhumanitateml
3005 4670 3205 4725 Multos
3227 4677 3411 4724 autem
3437 4675 3493 4723 et
3523 4666 3665 4722 alios
3692 4682 3761 4723 ex

2178 4755 2542 4836 primoribus,
2567 4763 2936 4836 quigauxiliati
2974 4762 3196 4820 fuerant
3222 4758 3591 4827 Artahuasdo,
3627 4775 3758 4830 per-

2176 4858 2332 4927 emit,
2383 4858 2925 4928 innumerabilesque
2969 4854 3148 4912 oculis
3203 4865 3261 4910 et
3305 4855 3444 4909 alios
3498 4853 3759 4909 manibus

2175 4968 2275 5008 seu
2308 4950 2545 5023 pedibus
2568 4950 2767 5009 ablatis
2792 4947 3122 5008 debilitavit.
3157 4947 3425 5016 Praecepit
3448 4956 3633 5000 autem
3660 4960 3755 5001 ex-

2176 5043 2353 5099 ternis
2381 5042 2676 5107 militibus,
2707 5041 2802 5111 qui
2841 5055 3032 5097 secum
3071 5037 3306 5111 ingressi
3336 5046 3486 5105 sunt,
3523 5038 3754 5094 introire

2175 5139 2373 5195 domos
2398 5144 2454 5193 et
2481 5150 2675 5208 rapere
2706 5134 3009 5195 familiares
3038 5133 3241 5188 civium
3274 5147 3385 5187 res.
3415 5131 3585 5187 Multa
3616 5146 3755 5202 quo-

2176 5248 2285 5303 que
2309 5241 2367 5287 et
2392 5230 2519 5295 alia,
2556 5215 2691 5299 quin
2713 5237 2772 5283 et
2815 5227 3106 5283 innumera
3144 5226 3283 5281 mala
3316 5224 3440 5281 urbi
3476 5234 3751 5280 monstra-

2175 5326 2275 5381 vit.
2308 5325 2559 5395 Cumque
2590 5320 3037 5392 hippodromium
3071 5320 3399 5381 celebraret,
3445 5316 3753 5374 introduxit

2174 5416 2586 5475 Artalmasdum
2613 5430 2720 5471 una
2750 5429 2873 5469 cum
2904 5412 3033 5472 ﬁliis
3075 5414 3194 5484 ejus
3218 5420 3275 5468 et
3305 5412 3497 5467 amicis
3524 5411 3749 5482 ligatum

2174 5527 2277 5584 per
2315 5509 2638 5580 Dibippium
2664 5507 2719 5563 in
2773 5508 3001 5571 circum,
3059 5506 3225 5567 simul
3283 5522 3407 5560 cum
3465 5505 3750 5561 Anastasio

2174 5604 2300 5663 falsi
2349 5602 2591 5658 nominis
2636 5600 2969 5671 patriarcha,
3012 5612 3275 5671 percusso
3322 5596 3543 5668 publice
3593 5606 3651 5652 et
3697 5597 3761 5652 in-

2174 5696 2331 5753 asino
2353 5710 2519 5752 verso
2548 5694 2705 5749 vultu
2754 5692 3003 5759 sedente,
3037 5706 3177 5762 quos
3205 5706 3397 5747 omnes
3437 5706 3536 5760 per
3563 5690 3751 5760 Dibip.

2176 5790 2327 5861 pium
2354 5788 2705 5843 intromissos
2728 5786 2783 5842 in
2806 5786 3016 5841 circum
3045 5784 3342 5855 pompavit.
3374 5783 3580 5839 Verum
3611 5784 3754 5837 Ana-

2176 5882 2403 5939 stasium
2433 5891 2626 5953 utpote
2666 5870 3101 5937 consentaneum
3131 5894 3290 5936 suum
3323 5880 3374 5933 in
3428 5879 3631 5935 throno
3664 5894 3751 5935 sa-
