4070 6304
293 365 435 428 1373

1081 369 1452 434 HISTORIA
1484 366 2060 429 ECCLESIASTICA
2095 370 2196 429 EX
2232 338 2721 436 THEOPHANE.

3403 376 3539 440 1374

284 478 522 535 eerdotii
594 496 790 536 rursus
845 482 1068 550 locavit,
1141 484 1434 540 deterrens
1485 490 1540 536 et
1611 478 1864 535 servituti
1891 477 1943 536 Α
1964 493 2161 549 gnatos
2187 492 2238 536 et
2269 483 2500 540 libertos
2522 482 2731 550 llisam,
2768 492 3155 558 expugnatque
3206 504 3394 544 muros
3443 491 3547 546 lle-

283 571 605 643 subjiciens.
638 575 942 632 Sisinnium
971 594 1101 632 vero
1131 575 1426 649 patricium
1469 583 1527 630 et
1571 581 1864 644 praetorem

283 666 733 735 Thraccsiorum,
777 671 872 742 qui
914 672 1148 726 multum
1185 686 1310 725 cum
1341 684 1409 724 eo
1440 677 1766 724 cucurrerat
1812 674 1867 721 et

283 775 385 830 pro
420 760 538 831 ipso
563 771 874 819 certaverat
914 766 1146 836 ejusque
1193 762 1567 820 consobrinus
1617 775 1740 816 esse
1770 774 1869 813 no-

283 851 564 918 scebatur,
592 863 715 926 post
747 856 819 910 40
855 856 975 912 dies
1005 858 1249 920 ca:cavit,
1277 856 1374 911 Dei
1427 855 1690 909 nimirum
1717 853 1868 925 judi-

283 944 394 1000 cio.
428 945 533 1012 Qui
562 949 714 1004 enim
755 951 1056 1005 auxiliatur
1108 950 1298 1020 impio,
1356 949 1561 1004 incidet
1589 949 1644 1004 in
1675 962 1869 1002 manus

282 1037 424 1107 ejus,
457 1041 760 1098 secundum
786 1043 933 1113 quod
967 1043 1237 1113 scriptum
1262 1050 1392 1104 est..

258 1130 263 1134 ’
356 1130 546 1189 Mundi
596 1150 741 1190 anno
799 1136 959 1202 6256,
1009 1136 1211 1191 divinae
1259 1133 1657 1192 incarnationis
1724 1147 1868 1188 anno

284 1221 409 1289 736,
454 1240 602 1282 anno
627 1242 762 1282 vero
810 1226 1029 1298 imperii
1075 1226 1426 1284 Constantini
1455 1234 1653 1297 quarto
1685 1224 1869 1280 Theo-

283 1317 575 1390 phylactus
603 1320 985 1377 Antiochenus
1012 1321 1249 1377 habetur
1270 1321 1525 1388 antistes,
1558 1320 1652 1391 qui
1684 1319 1868 1375 Eccle-

279 1412 378 1473 sia
405 1420 615 1482 septem
640 1414 859 1484 praefuit
888 1415 1077 1471 annis.
1108 1414 1453 1483 Maruhaque
1481 1413 1592 1469 dux
1620 1412 1866 1469 Arabum

281 1507 558 1574 noscitur,
591 1509 685 1578 qui
734 1507 1076 1578 principatus
1115 1516 1200 1563 est
1232 1508 1315 1564 eis
1369 1507 1533 1565 annis
1589 1521 1706 1562 sex.
1752 1505 1868 1560 Hoc

281 1611 509 1668 quoque
535 1613 680 1652 anno
711 1608 959 1660 cometes
987 1613 1220 1668 magnus
1247 1598 1301 1653 in
1350 1596 1508 1670 Syria
1556 1596 1707 1656 visus
1759 1605 1864 1662 est,

279 1698 336 1745 et
355 1689 686 1745 seditionem
718 1691 1021 1750 concitavit
1074 1691 1281 1746 Thebit
1314 1700 1506 1752 contra
1556 1690 1865 1758 Maruham,

278 1783 335 1831 et
367 1776 612 1832 Dachata
643 1779 1044 1844 Ruritensium,
1085 1795 1226 1858 quos
1261 1780 1488 1836 Maruha
1537 1791 1728 1851 captos
1772 1797 1866 1836 oc-

279 1869 419 1931 cidit
455 1871 510 1926 in
538 1873 791 1934 terminis
819 1872 1069 1931 IIemesae
1107 1889 1232 1931 cum
1283 1873 1642 1930 multitudine
1696 1873 1866 1929 bella—

282 1973 490 2029 torum.
529 1966 585 2020 id
613 1974 698 2026 est
725 1967 958 2025 millium
981 1967 1193 2025 decem.
1248 1966 1456 2022 Eodem
1508 1967 1678 2029 etiam
1719 1982 1867 2022 anno

282 2071 450 2124 prece
483 2058 924 2118 Christianorum
955 2058 1202 2115 Orientis
1250 2057 1500 2130 permisit
1546 2060 1866 2119 consecrari

280 2147 756 2222 TheOphylactum
788 2151 1177 2224 presbyterum
1201 2151 1572 2208 Hedessinum
1613 2153 1869 2224 patriar~

282 2241 443 2297 cham
489 2244 814 2311 Antiochiae,
873 2244 1157 2316 Stephano
1210 2245 1550 2309 dormiente.
1603 2254 1662 2308 et
1718 2247 1869 2303 hunc

281 2335 490 2397 litteris
535 2339 825 2400 catholicis
855 2341 1117 2400 honorari
1146 2339 1409 2411 praecepit
1437 2340 1508 2398 ab
1527 2341 1865 2414 Arabibus:

279 2426 445 2491 donis
465 2429 628 2482 enim.
647 2437 767 2485 erat
788 2417 1177 2501 spiritualibus
1203 2430 1526 2496 adornatus,
1552 2439 1608 2494 et
1631 2433 1869 2489 maxime

280 2518 572 2588 pudicitia.
593 2523 750 2594 Apud
782 2522 899 2585 Etzi
929 2531 1114 2583 autem
1148 2533 1368 2582 centum
1388 2523 1686 2590 etvicenos
1711 2523 1872 2590 Chal-

279 2610 458 2672 benos
489 2612 543 2668 in
575 2614 724 2685 ligno
767 2616 1074 2688 suspendit.
1109 2616 1283 2677 Porro
1329 2615 1534 2688 Habas,
1580 2619 1678 2688 qui
1723 2619 1871 2674 mul-

284 2712 400 2768 tum
432 2704 874 2772 Christianorum
907 2710 1230 2787 sanguinem
1258 2708 1477 2772 {aditet
1502 2710 1675 2766 multa
1704 2709 1875 2781 depo-

283 2799 508 2868 pulatus
542 2809 596 2856 et
621 2802 972 2873 depraedatus
1000 2812 1086 2860 est
1123 2805 1266 2875 loca,
1295 2803 1507 2864 occidit
1531 2803 1588 2859 in
1624 2819 1871 2861 carcere.

283 2892 422 2948 Cum
456 2895 604 2950 enim
637 2897 860 2967 quidam
889 2915 920 2954 a
949 2899 1234 2954 Maruham
1278 2897 1347 2954 ad
1373 2899 1481 2954 hoc
1499 2899 1704 2955 missus
1727 2909 1875 2955 esset

289 2982 568 3056 Ethiops,
598 2987 767 3055 venit,
799 3000 853 3044 et
875 2989 1102 3060 impleto
1128 3005 1288 3049 sacco
1311 2988 1435 3046 viva
1457 2991 1609 3047 calce
1622 2991 1874 3048 introivit

288 3076 354 3129 ad
387 3092 537 3143 eum,
564 3079 802 3151 folleque
828 3082 895 3136 ad
923 3090 1096 3137 totum
1131 3094 1299 3154 caput
1324 3092 1381 3138 et
1417 3099 1582 3139 nares
1606 3085 1727 3157 ejus
1775 3085 1875 3138 im-

1968 575 2233 644 liopolcos
2259 586 2312 633 et
2343 578 2593 634 Damasci
2616 590 2671 634 et
2703 579 3228 652 Hierosolymorum,
3262 584 3547 643 trucidans

1969 669 2172 726 multos
2198 681 2453 741 potentes
2487 681 2542 725 et
2578 672 2914 730 detruncatus
2950 675 3227 733 residuos.

2039 761 2225 817 Mundi
2250 777 2395 817 anno
2425 762 2585 827 6258,
2606 763 2808 819 divinae
2837 765 3235 822 incarnationis
3256 783 3399 827 anno
3421 770 3545 837 738,

1969 868 2114 908 anno
2166 870 2298 910 vero
2359 857 2577 928 imperii
2634 856 2979 913 ConSlantini
3041 865 3198 913 sexto
3251 857 3427 915 factus
3463 870 3550 917 est

1970 950 2128 996 terra:
2168 953 2352 1000 motus
2387 961 2617 1018 magnus
2653 946 2710 1002 in
2756 946 3044 1002 Palaestina
3089 955 3146 1002 et
3180 948 3326 1003 circa
3356 948 3549 1006 Iorda-

1970 1050 2093 1091 nem
2124 1044 2179 1091 et
2206 1044 2374 1092 totam
2409 1038 2619 1111 Syriam
2652 1055 2840 1095 mense
2858 1037 3143 1104 Januario,
3178 1040 3311 1095 hora
3329 1051 3545 1110 quarta,

1969 1129 2214 1185 ctmulta
2245 1131 2439 1198 millia,
2466 1131 2602 1203 quin
2631 1140 2686 1188 et
2709 1132 3135 1190 innumerabilia
3163 1143 3379 1190 mortua
3395 1146 3545 1199 sunt,

1969 1223 2326 1296 ecclesizeque
2361 1242 2425 1282 ac
2450 1229 2781 1284 monasteria
2828 1239 3185 1297 corruerunt,
3219 1239 3276 1287 et
3310 1230 3546 1295 maxime

1969 1328 2138 1385 penes
2161 1331 2410 1372 eremum
2441 1330 2643 1375 sancta:
2679 1320 2940 1378 civitatis.

2039 1407 2246 1463 Eodem
2277 1426 2409 1465 vero
2432 1427 2578 1467 anno
2606 1415 2870 1482 pestilens
2905 1432 3055 1477 mors
3094 1434 3125 1474 a
3151 1417 3339 1474 Sicilia
3361 1426 3418 1474 et
3447 1417 3549 1474 Ca-

1968 1493 2144 1549 labria
2184 1495 2479 1565 incipiens,
2514 1499 2686 1554 veluti
2711 1499 2934 1572 quidam
2959 1502 3102 1573 ignis
3126 1504 3451 1574 depascens,
3478 1503 3544 1557 ad

1970 1587 2365 1654 Monobasiam,
2397 1589 2678 1647 llelladem
2711 1601 2875 1664 atque
2918 1594 3304 1665 interiacentes
3339 1597 3550 1651 insulas

1969 1678 2123 1750 venit
2168 1696 2267 1751 per
2315 1689 2486 1737 totam
2523 1683 2795 1740 decimam
2854 1695 3106 1757 quartam
3163 1687 3546 1753 indictionem,

1969 1771 2251 1844 ﬂagellans
2301 1774 2482 1845 ipsum
2535 1775 3001 1843 Constantinum,
3065 1790 3121 1836 et
3177 1780 3445 1838 cohibens
3478 1782 3548 1837 ab

1971 1865 2205 1930 insania,
2237 1881 2345 1937 qua
2377 1867 2643 1926 adversus
2670 1882 2890 1930 sanctas
2912 1873 3175 1930 ecclesias
3214 1883 3272 1929 et
3318 1891 3551 1932 venera-

1967 1959 2110 2015 biles
2140 1959 2408 2032 imagines
2439 1961 2785 2023 irritabatur.
2811 1965 3016 2030 Verum
3072 1966 3187 2036 ille,
3224 1976 3288 2026 ut
3336 1968 3550 2028 Pharao

1969 2051 2270 2122 quondam,
2305 2054 2651 2113 incorrectus
2681 2060 3007 2129 permansit.
3041 2059 3183 2120 Sane
3235 2063 3549 2132 pestilentia

1969 2145 2087 2202 hzec
2119 2145 2359 2203 bubonis
2391 2148 2713 2207 discurrens
2758 2152 2975 2211 decima
3019 2157 3213 2226 quinta
3247 2157 3551 2219 indictione

1971 2238 2177 2309 regiam
2210 2240 2465 2310 pervenit
2496 2241 2565 2298 ad
2627 2244 2846 2303 urbem.
2878 2246 3181 2318 Cceperunt
3228 2258 3410 2307 autem
3463 2267 3554 2310 su-

1970 2332 2086 2387 bito
2103 2331 2453 2390 invisibiliter
2475 2334 2614 2404 ﬁeri,
2635 2347 2742 2402 tam
2763 2338 2817 2395 in
2835 2341 3122 2398 hominum
3139 2344 3482 2407 vestimentis
3496 2355 3554 2403 et

1973 2424 2027 2480 in
2043 2426 2274 2490 sacratis
2294 2429 2654 2485 ecclesiarum
2670 2432 3007 2498 indumentis
3042 2451 3206 2506 quam
3227 2446 3282 2494 et
3315 2437 3371 2498 in
3393 2439 3551 2507 velis,

1973 2522 2266 2578 cruciculae
2280 2523 2530 2597 plurimae
2545 2525 2716 2582 veluti
2734 2528 2938 2589 exules
2955 2528 3273 2601 designatae.
3286 2532 3451 2591 Facta
3470 2544 3556 2590 est

1971 2628 2106 2689 ergo
2134 2614 2266 2670 hinc
2287 2615 2506 2674 tristitia
2534 2627 2590 2672 et
2611 2617 2850 2677 defectio
2883 2621 3054 2682 animi
3101 2625 3270 2685 multa
3322 2637 3553 2697 prepter

1977 2705 2211 2762 dubium
2249 2709 2635 2780 hujuscemodi
2661 2711 2822 2785 signi.
2856 2715 3021 2774 Venit
3078 2717 3442 2778 nihilominus
3500 2731 3557 2777 et

1975 2798 2245 2855 divinitus
2270 2797 2595 2872 indignatio,
2624 2803 2900 2876 dissipans
2953 2806 3298 2868 incessanter
3323 2825 3433 2869 non
3460 2827 3554 2866 so-

1974 2891 2087 2947 lum
2120 2893 2272 2948 urbis
2300 2893 2449 2949 cives
2481 2895 2574 2949 sed
2623 2904 2677 2951 et
2710 2897 2766 2954 in
2793 2899 3054 2958 omnibus
3078 2901 3416 2961 suburbanis
3435 2907 3558 2976 ejus

1975 2983 2256 3055 degentes.
2294 2985 2473 3042 Factae
2498 2989 2646 3043 enim
2696 3000 2825 3047 sunt
2864 2999 2920 3048 et
2974 2991 3222 3052 fantasia:
3266 2995 3322 3052 in
3354 2999 3559 3054 multos

1977 3077 2284 3144 hominum,
2317 3081 2412 3150 qui
2441 3081 2496 3134 in
2525 3082 2730 3140 ecstasi
2771 3083 2904 3140 facti
2933 3086 3327 3145 existimabant
3353 3105 3557 3146 secum

289 3168 467 3234 posito
488 3171 779 3228 suﬂ‘ocavit
806 3173 982 3238 illum,
1022 3174 1225 3245 justam
1258 3174 1630 3231 adinveniens
1671 3176 1872 3237 maleﬁ-
1902 3188 1948 3250 ρ
1978 3172 2284 3242 peregrinis
2309 3173 2663 3242 quibusdam,
2693 3184 2752 3230 ut
2777 3176 3066 3246 putabant.
3113 3189 3168 3241 et
3198 3182 3448 3239 trucibus
3475 3183 3557 3238 fa-

287 3261 374 3316 cio
404 3261 818 3336 llabae-poenam
851 3283 863 3320 :
900 3268 1129 3339 magicis
1153 3269 1303 3323 enim
1348 3268 1778 3340 deceptionibus
1812 3285 1878 3324 ac

291 3359 606 3414 daemonum
641 3359 1088 3416 invocationibus
1117 3361 1291 3417 multa
1315 3371 1509 3418 contra
1530 3361 1879 3418 Christianos

293 3450 594 3508 fabricatus
616 3462 702 3508 est
721 3454 881 3509 mala.
923 3452 1023 3508 Hic
1050 3455 1220 3510 etiam
1261 3453 1519 3526 sanguini
1569 3454 1880 3511 communi-

290 3546 435 3602 cavit
467 3546 682 3602 Vhalid.

358 3640 520 3694 Anno
551 3639 765 3708 imperii
789 3639 1136 3697 Constantini
1169 3640 1365 3711 quinto
1403 3639 1729 3702 Sulehiman
1756 3657 1882 3699 coa—

295 3729 534 3784 cervatis
565 3729 781 3786 militiis
803 3747 996 3787 rursus
1025 3731 1081 3787 in
1121 3731 1404 3787 Maruham
1433 3731 1640 3790 bellqu
1685 3749 1879 3806 aggre-

291 3821 465 3887 ditur.
490 3823 779 3879 etamissis
805 3826 992 3898 populi
1017 3834 1226 3898 septem
1260 3825 1509 3882 millibus
1564 3835 1877 3898 superatur,

293 3926 349 3972 et
378 3915 542 3988 fugax
562 3932 736 3987 penes
770 3917 1077 3992 Palmyram
1108 3918 1372 3984 salvatur,
1401 3927 1458 3976 et
1509 3919 1776 3992 deinceps
1821 3921 1880 3976 in

293 4007 542 4064 Perside.
577 4009 920 4070 Seditionem
941 4025 1167 4086 .quoque
1205 4009 1631 4067 concitaverunt
1656 4011 1878 4067 Metsini

292 4110 350 4156 et
414 4102 758 4172 Heliopolitae
807 4119 874 4159 ac
926 4101 1250 4160 Damasceni
1297 4103 1551 4160 civitates
1593 4104 1878 4160 Maruham

295 4195 640 4262 obserantes,
691 4197 787 4267 qui
819 4196 931 4259 ﬁlio
984 4211 1087 4252 suo
1136 4197 1363 4267 quidem
1419 4205 1614 4252 contra
1667 4199 1882 4256 Dacbac

294 4303 423 4343 cum
454 4289 659 4345 virtute
696 4290 886 4359 misso,
919 4289 1036 4363 ipse
1083 4291 1238 4346 venit
1289 4290 1564 4355 Emesam,
1620 4307 1783 4361 quam
1817 4294 1878 4349 in

295 4390 536 4453 quatuor
590 4383 876 4438 mensibus
925 4383 1090 4454 cepit.
1125 4383 1341 4438 Dachac
1370 4393 1553 4438 autem
1593 4400 1622 4439 a
1650 4384 1878 4442 Perside

299 4488 425 4527 cum
455 4473 694 4544 plurimo
725 4482 1008 4544 potentatu
1040 4473 1320 4529 veniebat.
1344 4473 1416 4528 At
1439 4490 1570 4530 vero
1592 4475 1878 4531 Marubam

1979 3263 2174 3325 ciebus
2228 3266 2507 3332 comitari,
2553 3277 2623 3328 .et
2655 3283 2754 3325 eos
2801 3269 2897 3340 qui
2956 3271 3009 3329 in
3044 3272 3244 3330 itinere
3277 3274 3381 3332 sibi
3407 3275 3559 3331 obvii

1981 3355 2188 3413 flebant
2217 3373 2276 3413 se
2306 3360 2464 3429 quasi
2489 3360 2695 3417 amicos
2749 3363 2990 3421 salutare
3010 3381 3075 3428 ac
3101 3366 3360 3438 colloqui.
3394 3368 3564 3427 Nota-

1981 3447 2053 3505 tis
2089 3464 2223 3506 vero
2262 3450 2350 3506 his
2367 3468 2490 3522 quae
2520 3453 2852 3510 dicebantur
2880 3455 2952 3516 ab
2986 3457 3090 3524 eis,
3111 3458 3229 3516 haec
3247 3467 3440 3530 postea
3475 3477 3562 3516 re-

1977 3540 2252 3598 ferebant.
2309 3543 2842 3616 Contemplabantur
2885 3557 3068 3608 autem
3119 3552 3343 3609 eosdem
3370 3563 3426 3609 et
3459 3554 3560 3610 do-

1981 3649 2102 3690 mos
2147 3635 2382 3707 ingredi,
2436 3647 2491 3693 et
2535 3640 2673 3695 alios
2733 3642 3084 3712 quidemex
3131 3646 3296 3702 domo
3348 3647 3560 3718 egredi,

1980 3744 2147 3798 porro
2196 3730 2334 3789 alios
2390 3733 2704 3793 vulnerare.
2757 3734 2999 3807 Contigit
3023 3747 3207 3795 autem
3262 3747 3319 3794 et
3366 3754 3562 3797 eorum

1980 3836 2102 3891 qua;
2138 3821 2287 3879 dicta
2329 3831 2461 3882 sunt
2513 3825 2584 3880 ab
2619 3826 2724 3890 eis,
2747 3826 2992 3897 plurima
3026 3839 3086 3884 ut
3125 3829 3382 3886 viderant
3415 3832 3559 3891 ﬁeri.

1981 3911 2253 3969 Prmterea
2285 3915 2496 3973 vernali
2521 3925 2767 3988 tempore
2804 3918 2999 3988 prima:
3043 3920 3370 3978 indictionis
3392 3925 3565 3996 magis

1981 4013 2208 4065 extensa
2242 4016 2347 4063 est.
2378 4006 2596 4067 IEstivo
2628 4023 2811 4067 autem
2845 4027 3074 4082 prorsus
3100 4014 3366 4082 incendit,
3409 4016 3481 4073 ita
3506 4026 3567 4073 ut

1981 4097 2212 4168 integrae
2258 4112 2481 4170 quoque
2511 4101 2708 4158 domus
2743 4103 2965 4173 penitus
2995 4104 3411 4173 clauderentur,
3459 4124 3566 4165 nec

1982 4200 2168 4245 essent
2196 4192 2288 4261 qui
2321 4192 2587 4247 deberent
2621 4203 2872 4250 mortuos
2927 4195 3185 4266 sepelire.
3217 4195 3568 4253 Exnecessi-

1985 4292 2094 4339 tate
2128 4283 2314 4354 itaque
2374 4285 2545 4340 multa
2597 4286 2968 4358 excogitatum
3013 4295 3097 4342 est
3127 4303 3236 4358 quo
3259 4303 3425 4358 super
3450 4290 3569 4351 ani-

1989 4377 2153 4433 malia
2188 4377 2386 4434 tabulae
2415 4387 2822 4446 sternerentur,
2868 4387 2926 4434 et
2955 4381 3029 4436 ita
3063 4396 3231 4453 super
3259 4380 3358 4436 has
3391 4380 3566 4452 impo-

1987 4469 2078 4525 siti
2115 4470 2319 4525 mortui
2357 4471 2730 4528 del‘errentur.
2757 4471 2881 4528 Pari
2916 4473 3079 4529 modo
3111 4481 3166 4529 et
3197 4473 3254 4528 in
3307 4472 3570 4544 plaustris

300 4579 590 4636 aggressus
664 4581 791 4622 eum
867 4565 924 4620 in
1009 4567 1404 4636 Mesopotamia
1477 4583 1602 4623 cum
1676 4570 1882 4624 multos
1915 4573 1960 4630 ι)
1989 4564 2080 4626 alii
2113 4566 2446 4638 suprapositi
2483 4565 2608 4622 aliis
2633 4569 3080 4639 asportaban-tur.
3109 4569 3245 4626 Cum
3270 4579 3454 4629 autem
3478 4587 3569 4625 re-

301 4658 637 4729 collegarum
669 4657 1058 4725 interfecisset,
1100 4659 1250 4716 hunc
1294 4661 1759 4732 comprehensum
1801 4662 1886 4717 in-

302 4749 539 4808 terfecit.

375 4848 436 4903 ln
467 4846 557 4905 his
599 4846 998 4907 Constantinus
1028 4847 1437 4908 Gormaniciam
1486 4848 1655 4920 cepit,
1706 4850 1887 4908 aciem

306 4939 552 5012 dirigens
580 4949 774 4996 contra
794 4940 1007 5014 Syriam
1032 4949 1090 4998 et
1112 4940 1456 5010 Dulechiam,
1485 4941 1638 4997 aditu
1669 4953 1889 5014 reperto

305 5042 535 5105 propter
588 5034 830 5091 Arabum
883 5045 1134 5091 mutuam
1201 5051 1461 5107 pugnam,
1526 5037 1703 5093 verbo
1751 5052 1891 5095 sane

303 5127 517 5184 Arabes
550 5129 791 5182 inermes
827 5127 1131 5193 dimittens,
1162 5127 1258 5198 qui
1312 5138 1471 5188 erant
1517 5128 1573 5184 in
1603 5129 1758 5200 ipsis.
1787 5130 1892 5188 As-

305 5221 544 5292 sumpsit
576 5230 759 5276 autem
807 5231 864 5278 et
893 5228 1158 5292 cognatos
1195 5236 1326 5276 suos
1354 5238 1422 5276 ex
1454 5231 1702 5279 materna
1745 5223 1892 5280 linea

307 5313 733 5380 descendentes,
766 5322 823 5368 et
853 5312 1098 5385 Byzantii
1130 5313 1424 5368 collocavit
1448 5331 1556 5369 una
1592 5331 1716 5371 cum
1747 5316 1891 5370 mul-

310 5410 382 5466 tis
423 5407 576 5482 Syris
607 5409 1009 5480 monophysitis
1061 5410 1360 5475 haereticis,
1388 5425 1454 5464 ex
1485 5409 1689 5479 quibus
1708 5411 1897 5480 plures

311 5511 366 5563 in
419 5506 635 5563 Thrace
672 5522 845 5576 usque
895 5522 1042 5561 nunc
1101 5505 1349 5559 habitant
1392 5513 1446 5558 ct
1483 5505 1632 5574 juxta
1670 5505 1894 5559 Petrum

309 5601 568 5672 Cnaphea
595 5598 922 5655 Trinitatem
947 5600 1000 5654 in
1029 5599 1256 5669 trisagio
1279 5596 1630 5667 crucifigunt.
1663 5597 1835 5651 Porri.
1866 5611 1897 5650 a

313 5706 512 5769 quarto
539 5695 665 5751 idus
695 5694 969 5766 Augustas
1005 5707 1179 5762 usque
1229 5689 1296 5745 ad
1342 5699 1595 5745 octavum
1624 5689 1898 5745 Kalendas

314 5788 658 5862 Septembris
716 5787 957 5843 tenebrae
1005 5785 1160 5841 factae
1222 5790 1352 5837 sunt
1401 5781 1701 5840 nebulosae.
1740 5780 1898 5837 Tunc

315 5885 599 5943 Meruliam
625 5882 803 5941 victor
839 5882 1034 5939 Emesa
1070 5891 1230 5952 capta
1275 5878 1554 5939 interfecit
1595 5892 1785 5939 onmes
1810 5893 1897 5933 co-

1991 4659 2138 4730 pleta
2169 4659 2406 4717 fuissent
2433 4660 2716 4725 universa,
2749 4673 2858 4718 tam
2900 4663 3114 4720 scilicet
3157 4663 3370 4722 urbana
3404 4678 3570 4733 quam

1992 4752 2336 4828 suburbana,
2393 4764 2772 4820 monumenta,
2813 4764 2872 4811 et
2897 4755 3152 4812 cisternae
3176 4771 3398 4826 quoque
3451 4756 3573 4812 sine

1990 4859 2132 4915 aqua
2159 4854 2216 4900 et
2248 4845 2402 4902 lacus
2444 4852 2506 4900 et
2549 4845 2804 4915 plurimae
2861 4846 3060 4914 vinem,
3093 4862 3310 4904 necnon
3343 4856 3401 4904 et
3427 4846 3574 4902 inte-

1992 4937 2168 4992 riores
2198 4936 2367 5007 horti,
2405 4937 2499 5007 qui
2529 4936 2671 4996 intra
2693 4946 2910 4993 veteres
2933 4953 3121 4993 muros
3146 4947 3327 5003 erant,
3363 4937 3432 4993 ad
3469 4936 3574 4992 hu-

1987 5029 2230 5102 jusmodi
2255 5029 2649 5100 capessendam
2710 5031 3050 5101 sepulturam
3095 5016 3282 5088 effossi
3308 5040 3468 5094 sunt.
3519 5039 3579 5088 et

1996 5123 2072 5184 ita
2091 5123 2183 5178 vix
2203 5123 2389 5177 omnia
2419 5123 2536 5179 haec
2564 5121 2631 5176 ad
2667 5130 2873 5179 tantam
2904 5122 3294 5177 necessitatem
3326 5120 3577 5178 sufficere

1997 5217 2310 5272 valuerunt.
2343 5213 2503 5272 Omni
2533 5223 2714 5268 autem
2739 5213 2904 5268 domo
2955 5213 3051 5270 tali
3107 5213 3418 5269 calamitate
3451 5229 3566 5268 cor-.

1999 5320 2159 5382 rupta
2182 5318 2406 5381 propter
2431 5307 2856 5378 depositionem,
2879 5322 3002 5376 quae
3030 5305 3196 5375 impie
3234 5305 3376 5360 facta
3410 5313 3495 5359 est
3511 5302 3590 5358 ab

2001 5403 2408 5476 imperantibus
2437 5402 2492 5457 in
2523 5415 2708 5456 sacras
2767 5399 3052 5469 imagines,
3092 5398 3383 5453 confestim
3415 5396 3553 5453 nimi

1999 5513 2122 5554 rum
2143 5497 2518 5568 Agarenorum
2547 5491 2736 5548 classis
2774 5490 2842 5546 ab
2870 5488 3198 5544 Alexandria
3218 5487 3369 5542 venit
3400 5486 3456 5542 in
3477 5483 3573 5558 Cy-

2001 5608 2186 5664 prum,
2221 5590 2311 5644 ubi
2348 5598 2466 5644 erat
2489 5597 2545 5643 et
2572 5585 2864 5642 Romaicus
2902 5583 3098 5637 stolus.
3137 5582 3205 5638 At
3231 5597 3365 5637 vero
3386 5587 3580 5652 prator

2002 5686 2439 5758 Cibyrmotorum
2490 5681 2708 5736 irruens
2745 5679 2800 5734 in
2839 5694 2939 5734 eos
2990 5675 3266 5748 extemplo
3310 5675 3367 5729 in
3419 5683 3590 5745 portu

2001 5780 2287 5843 Ceramea,
2313 5786 2371 5832 et
2410 5783 2622 5831 retenta
2651 5782 2846 5846 portus
2880 5772 3059 5836 fauce,
3112 5784 3239 5825 cum
3275 5778 3460 5824 essent
3490 5765 3574 5827 ti“.

1996 5875 2155 5947 .qiuta
2187 5871 2503 5938 dromones,
2539 5878 2649 5926 tres
2675 5869 2821 5925 solos
2852 5866 3123 5924 exsiliisse
3157 5863 3420 5923 fatentur.
