  <div class='ocr_page' id='page_1' title='image "/cluster/home/n/w/nwhite01/storage/ocr_20150623/108/mdp.39015037042556/695.png"; bbox 0 0 4070 6304; ppageno 0'>
   <div class='ocr_carea' id='block_1_1' title="bbox 499 381 634 448">
    <p class='ocr_par' dir='ltr' id='par_1_1' title="bbox 499 381 634 448">
     <span class='ocr_line' id='line_1_1' title="bbox 499 381 634 448; baseline 0.03 -4"><span class='ocrx_word' id='word_1_1' title='bbox 499 381 634 448; x_wconf 80' lang='grc'><strong>1375</strong></span> 
     </span>
    </p>
   </div>
   <div class='ocr_carea' id='block_1_2' title="bbox 1557 366 2628 453">
    <p class='ocr_par' dir='ltr' id='par_1_2' title="bbox 1557 366 2628 453">
     <span class='ocr_line' id='line_1_2' title="bbox 1557 366 2628 453; baseline 0.004 -5"><span class='ocrx_word' id='word_1_2' title='bbox 1557 366 1956 451; x_wconf 65' lang='lat' dir='ltr'><strong>&#39;ANASTASII</strong></span> <span class='ocrx_word' id='word_1_3' title='bbox 1999 376 2628 453; x_wconf 81' lang='lat' dir='ltr'><strong>BIBLIOTHECARII</strong></span> 
     </span>
    </p>
   </div>
   <div class='ocr_carea' id='block_1_3' title="bbox 3617 381 3756 454">
    <p class='ocr_par' dir='ltr' id='par_1_3' title="bbox 3617 381 3756 454">
     <span class='ocr_line' id='line_1_3' title="bbox 3617 381 3756 454; baseline 0 -2"><span class='ocrx_word' id='word_1_4' title='bbox 3617 381 3756 454; x_wconf 78' lang='lat'><strong>1316</strong></span> 
     </span>
    </p>
   </div>
   <div class='ocr_carea' id='block_1_4' title="bbox 566 499 3755 578">
    <p class='ocr_par' dir='ltr' id='par_1_4' title="bbox 566 499 3755 578">
     <span class='ocr_line' id='line_1_4' title="bbox 566 499 3755 578; baseline 0.003 -24"><span class='ocrx_word' id='word_1_5' title='bbox 566 499 754 555; x_wconf 84' lang='lat' dir='ltr'><strong>Mundi</strong></span> <span class='ocrx_word' id='word_1_6' title='bbox 780 515 924 555; x_wconf 91' lang='lat' dir='ltr'><strong>anno</strong></span> <span class='ocrx_word' id='word_1_7' title='bbox 949 499 1111 565; x_wconf 73' lang='lat'><strong>6259,</strong></span> <span class='ocrx_word' id='word_1_8' title='bbox 1139 500 1337 557; x_wconf 74' lang='lat' dir='ltr'><strong>divina:</strong></span> <span class='ocrx_word' id='word_1_9' title='bbox 1366 501 1763 559; x_wconf 80' lang='lat' dir='ltr'><strong>incarnationis</strong></span> <span class='ocrx_word' id='word_1_10' title='bbox 1780 519 1927 559; x_wconf 91' lang='lat' dir='ltr'><strong>anno</strong></span> <span class='ocrx_word' id='word_1_11' title='bbox 1944 504 2068 568; x_wconf 79' lang='lat'><strong>739,</strong></span> <span class='ocrx_word' id='word_1_12' title='bbox 2100 510 2143 568; x_wconf 78' lang='grc' dir='ltr'><strong>Α</strong></span> <span class='ocrx_word' id='word_1_13' title='bbox 2176 507 2394 571; x_wconf 89' lang='lat' dir='ltr'><strong>rubam,</strong></span> <span class='ocrx_word' id='word_1_14' title='bbox 2431 505 2717 562; x_wconf 86' lang='lat' dir='ltr'><strong>venientes</strong></span> <span class='ocrx_word' id='word_1_15' title='bbox 2751 507 2819 562; x_wconf 88' lang='lat' dir='ltr'><strong>ab</strong></span> <span class='ocrx_word' id='word_1_16' title='bbox 2848 505 3082 578; x_wconf 69' lang='lat' dir='ltr'><strong>Egypto</strong></span> <span class='ocrx_word' id='word_1_17' title='bbox 3134 505 3189 561; x_wconf 88' lang='lat' dir='ltr'><strong>in</strong></span> <span class='ocrx_word' id='word_1_18' title='bbox 3221 505 3458 562; x_wconf 79' lang='lat' dir='ltr'><strong>Africam</strong></span> <span class='ocrx_word' id='word_1_19' title='bbox 3509 506 3755 577; x_wconf 84' lang='lat' dir='ltr'><strong>indeque</strong></span> 
     </span>
    </p>
   </div>
   <div class='ocr_carea' id='block_1_5' title="bbox 493 593 3755 669">
    <p class='ocr_par' dir='ltr' id='par_1_5' title="bbox 493 593 3755 669">
     <span class='ocr_line' id='line_1_5' title="bbox 493 593 3755 669; baseline 0.001 -19"><span class='ocrx_word' id='word_1_20' title='bbox 493 609 638 650; x_wconf 87' lang='lat' dir='ltr'><strong>anno</strong></span> <span class='ocrx_word' id='word_1_21' title='bbox 683 609 819 648; x_wconf 89' lang='lat' dir='ltr'><strong>vero</strong></span> <span class='ocrx_word' id='word_1_22' title='bbox 875 593 1090 662; x_wconf 91' lang='lat' dir='ltr'><strong>imperii</strong></span> <span class='ocrx_word' id='word_1_23' title='bbox 1135 593 1483 649; x_wconf 72' lang='lat' dir='ltr'><strong>Constantini</strong></span> <span class='ocrx_word' id='word_1_24' title='bbox 1515 595 1770 664; x_wconf 86' lang='lat' dir='ltr'><strong>septimo,</strong></span> <span class='ocrx_word' id='word_1_25' title='bbox 1799 596 2075 652; x_wconf 81' lang='lat' dir='ltr'><strong>occiditur</strong></span> <span class='ocrx_word' id='word_1_26' title='bbox 2179 605 2586 652; x_wconf 87' lang='lat' dir='ltr'><strong>transmeantes</strong></span> <span class='ocrx_word' id='word_1_27' title='bbox 2634 598 2834 652; x_wconf 86' lang='lat' dir='ltr'><strong>fretum</strong></span> <span class='ocrx_word' id='word_1_28' title='bbox 2891 599 3106 669; x_wconf 85' lang='lat' dir='ltr'><strong>angusti</strong></span> <span class='ocrx_word' id='word_1_29' title='bbox 3140 599 3306 653; x_wconf 84' lang='lat' dir='ltr'><strong>maris</strong></span> <span class='ocrx_word' id='word_1_30' title='bbox 3354 597 3424 652; x_wconf 92' lang='lat' dir='ltr'><strong>ad</strong></span> <span class='ocrx_word' id='word_1_31' title='bbox 3469 597 3755 654; x_wconf 83' lang='lat' dir='ltr'><strong>Oceanum</strong></span> 
     </span>
    </p>
   </div>
   <div class='ocr_carea' id='block_1_6' title="bbox 493 685 2074 755">
    <p class='ocr_par' dir='ltr' id='par_1_6' title="bbox 493 685 2074 755">
     <span class='ocr_line' id='line_1_6' title="bbox 493 685 2074 755; baseline 0.001 -14"><span class='ocrx_word' id='word_1_32' title='bbox 493 685 791 755; x_wconf 76' lang='lat' dir='ltr'><strong>Gregorius</strong></span> <span class='ocrx_word' id='word_1_33' title='bbox 824 685 892 740; x_wconf 89' lang='lat' dir='ltr'><strong>ab</strong></span> <span class='ocrx_word' id='word_1_34' title='bbox 919 686 1365 752; x_wconf 78' lang='lat' dir='ltr'><strong>Arirutensibus,</strong></span> <span class='ocrx_word' id='word_1_35' title='bbox 1395 695 1452 742; x_wconf 91' lang='lat' dir='ltr'><strong>et</strong></span> <span class='ocrx_word' id='word_1_36' title='bbox 1484 687 1650 743; x_wconf 88' lang='lat' dir='ltr'><strong>evicit</strong></span> <span class='ocrx_word' id='word_1_37' title='bbox 1680 687 1982 754; x_wconf 86' lang='lat' dir='ltr'><strong>Marubam,</strong></span> <span class='ocrx_word' id='word_1_38' title='bbox 2011 697 2074 744; x_wconf 89' lang='lat' dir='ltr'><strong>ut</strong></span> 
     </span>
    </p>
   </div>
   <div class='ocr_carea' id='block_1_7' title="bbox 492 780 732 851">
    <p class='ocr_par' dir='ltr' id='par_1_7' title="bbox 492 780 732 851">
     <span class='ocr_line' id='line_1_7' title="bbox 492 780 732 851; baseline 0.013 -19"><span class='ocrx_word' id='word_1_39' title='bbox 492 780 732 851; x_wconf 68' lang='lat' dir='ltr'><strong>praetuli.</strong></span> 
     </span>
    </p>
   </div>
   <div class='ocr_carea' id='block_1_8' title="bbox 564 873 2069 942">
    <p class='ocr_par' dir='ltr' id='par_1_8' title="bbox 564 873 2069 942">
     <span class='ocr_line' id='line_1_8' title="bbox 564 873 2069 942; baseline -0.001 -12"><span class='ocrx_word' id='word_1_40' title='bbox 564 875 723 930; x_wconf 82' lang='lat' dir='ltr'><strong>Anno</strong></span> <span class='ocrx_word' id='word_1_41' title='bbox 775 874 990 942; x_wconf 89' lang='lat' dir='ltr'><strong>imperii</strong></span> <span class='ocrx_word' id='word_1_42' title='bbox 1031 873 1383 930; x_wconf 85' lang='lat' dir='ltr'><strong>Constantini</strong></span> <span class='ocrx_word' id='word_1_43' title='bbox 1443 883 1639 929; x_wconf 86' lang='lat' dir='ltr'><strong>octavo</strong></span> <span class='ocrx_word' id='word_1_44' title='bbox 1684 882 1868 929; x_wconf 89' lang='lat' dir='ltr'><strong>motus</strong></span> <span class='ocrx_word' id='word_1_45' title='bbox 1906 873 2069 929; x_wconf 83' lang='lat' dir='ltr'><strong>estin</strong></span> 
     </span>
    </p>
   </div>
   <div class='ocr_carea' id='block_1_9' title="bbox 491 965 2069 1038">
    <p class='ocr_par' dir='ltr' id='par_1_9' title="bbox 491 965 2069 1038">
     <span class='ocr_line' id='line_1_9' title="bbox 491 965 2069 1038; baseline 0.001 -18"><span class='ocrx_word' id='word_1_46' title='bbox 491 966 863 1022; x_wconf 79' lang='lat' dir='ltr'><strong>exterioribus</strong></span> <span class='ocrx_word' id='word_1_47' title='bbox 889 966 1131 1022; x_wconf 87' lang='lat' dir='ltr'><strong>Orientis</strong></span> <span class='ocrx_word' id='word_1_48' title='bbox 1160 966 1412 1038; x_wconf 89' lang='lat' dir='ltr'><strong>partibus</strong></span> <span class='ocrx_word' id='word_1_49' title='bbox 1433 966 1675 1021; x_wconf 84' lang='lat' dir='ltr'><strong>Persidis</strong></span> <span class='ocrx_word' id='word_1_50' title='bbox 1692 965 1951 1037; x_wconf 85' lang='lat' dir='ltr'><strong>pepnius,</strong></span> <span class='ocrx_word' id='word_1_51' title='bbox 1973 966 2069 1036; x_wconf 88' lang='lat' dir='ltr'><strong>qui</strong></span> 
     </span>
    </p>
   </div>
   <div class='ocr_carea' id='block_1_10' title="bbox 492 1057 2069 1128">
    <p class='ocr_par' dir='ltr' id='par_1_10' title="bbox 492 1057 2069 1128">
     <span class='ocr_line' id='line_1_10' title="bbox 492 1057 2069 1128; baseline -0.001 -16"><span class='ocrx_word' id='word_1_52' title='bbox 492 1059 758 1114; x_wconf 92' lang='lat' dir='ltr'><strong>dicuntur</strong></span> <span class='ocrx_word' id='word_1_53' title='bbox 775 1058 1151 1116; x_wconf 65' lang='lat' dir='ltr'><strong>Chorosanitas</strong></span> <span class='ocrx_word' id='word_1_54' title='bbox 1176 1057 1550 1128; x_wconf 78' lang='lat' dir='ltr'><strong>Maurophori,</strong></span> <span class='ocrx_word' id='word_1_55' title='bbox 1572 1066 1760 1113; x_wconf 88' lang='lat' dir='ltr'><strong>contra</strong></span> <span class='ocrx_word' id='word_1_56' title='bbox 1787 1057 2069 1112; x_wconf 82' lang='lat' dir='ltr'><strong>Maruham</strong></span> 
     </span>
    </p>
   </div>
   <div class='ocr_carea' id='block_1_11' title="bbox 491 1151 2072 1225">
    <p class='ocr_par' dir='ltr' id='par_1_11' title="bbox 491 1151 2072 1225">
     <span class='ocr_line' id='line_1_11' title="bbox 491 1151 2072 1225; baseline 0.002 -21"><span class='ocrx_word' id='word_1_57' title='bbox 491 1161 548 1205; x_wconf 75' lang='lat' dir='ltr'><strong>et</strong></span> <span class='ocrx_word' id='word_1_58' title='bbox 584 1167 802 1208; x_wconf 91' lang='lat' dir='ltr'><strong>omnem</strong></span> <span class='ocrx_word' id='word_1_59' title='bbox 833 1153 1220 1225; x_wconf 74' lang='lat' dir='ltr'><strong>cognationem</strong></span> <span class='ocrx_word' id='word_1_60' title='bbox 1248 1153 1391 1222; x_wconf 90' lang='lat' dir='ltr'><strong>ejus,</strong></span> <span class='ocrx_word' id='word_1_61' title='bbox 1411 1152 1504 1222; x_wconf 91' lang='lat' dir='ltr'><strong>qui</strong></span> <span class='ocrx_word' id='word_1_62' title='bbox 1531 1151 1824 1221; x_wconf 89' lang='lat' dir='ltr'><strong>principati</strong></span> <span class='ocrx_word' id='word_1_63' title='bbox 1855 1160 1982 1206; x_wconf 91' lang='lat' dir='ltr'><strong>sunt</strong></span> <span class='ocrx_word' id='word_1_64' title='bbox 2002 1151 2072 1208; x_wconf 88' lang='lat' dir='ltr'><strong>ab</strong></span> 
     </span>
    </p>
   </div>
   <div class='ocr_carea' id='block_1_12' title="bbox 491 1243 2069 1316">
    <p class='ocr_par' dir='ltr' id='par_1_12' title="bbox 491 1243 2069 1316">
     <span class='ocr_line' id='line_1_12' title="bbox 491 1243 2069 1316; baseline 0.001 -17"><span class='ocrx_word' id='word_1_65' title='bbox 491 1245 612 1314; x_wconf 82' lang='lat' dir='ltr'><strong>ipso</strong></span> <span class='ocrx_word' id='word_1_66' title='bbox 653 1245 903 1302; x_wconf 82' lang='lat' dir='ltr'><strong>Maumed</strong></span> <span class='ocrx_word' id='word_1_67' title='bbox 955 1245 1437 1316; x_wconf 84' lang='lat' dir='ltr'><strong>pseudoprOpheta</strong></span> <span class='ocrx_word' id='word_1_68' title='bbox 1489 1261 1663 1314; x_wconf 89' lang='lat' dir='ltr'><strong>usque</strong></span> <span class='ocrx_word' id='word_1_69' title='bbox 1711 1243 1778 1298; x_wconf 91' lang='lat' dir='ltr'><strong>ad</strong></span> <span class='ocrx_word' id='word_1_70' title='bbox 1811 1243 2069 1300; x_wconf 90' lang='lat' dir='ltr'><strong>eumdem</strong></span> 
     </span>
    </p>
   </div>
   <div class='ocr_carea' id='block_1_13' title="bbox 491 1337 2071 1408">
    <p class='ocr_par' dir='ltr' id='par_1_13' title="bbox 491 1337 2071 1408">
     <span class='ocr_line' id='line_1_13' title="bbox 491 1337 2071 1408; baseline 0 -16"><span class='ocrx_word' id='word_1_71' title='bbox 491 1337 795 1403; x_wconf 84' lang='lat' dir='ltr'><strong>Maruham,</strong></span> <span class='ocrx_word' id='word_1_72' title='bbox 839 1338 894 1394; x_wconf 92' lang='lat' dir='ltr'><strong>id</strong></span> <span class='ocrx_word' id='word_1_73' title='bbox 945 1347 1030 1394; x_wconf 88' lang='lat' dir='ltr'><strong>est</strong></span> <span class='ocrx_word' id='word_1_74' title='bbox 1065 1349 1258 1394; x_wconf 91' lang='lat' dir='ltr'><strong>contra</strong></span> <span class='ocrx_word' id='word_1_75' title='bbox 1293 1353 1390 1394; x_wconf 86' lang='lat' dir='ltr'><strong>eos</strong></span> <span class='ocrx_word' id='word_1_76' title='bbox 1410 1339 1504 1408; x_wconf 91' lang='lat' dir='ltr'><strong>qui</strong></span> <span class='ocrx_word' id='word_1_77' title='bbox 1532 1338 1795 1393; x_wconf 89' lang='lat' dir='ltr'><strong>dicuntur</strong></span> <span class='ocrx_word' id='word_1_78' title='bbox 1825 1337 1922 1391; x_wconf 88' lang='lat' dir='ltr'><strong>ﬂlii</strong></span> <span class='ocrx_word' id='word_1_79' title='bbox 1954 1337 2071 1392; x_wconf 79' lang='lat' dir='ltr'><strong>ilu-</strong></span> 
     </span>
    </p>
   </div>
   <div class='ocr_carea' id='block_1_14' title="bbox 491 1425 2072 1500">
    <p class='ocr_par' dir='ltr' id='par_1_14' title="bbox 491 1425 2072 1500">
     <span class='ocr_line' id='line_1_14' title="bbox 491 1425 2072 1500; baseline 0.001 -19"><span class='ocrx_word' id='word_1_80' title='bbox 491 1431 658 1484; x_wconf 88' lang='lat' dir='ltr'><strong>maia.</strong></span> <span class='ocrx_word' id='word_1_81' title='bbox 689 1430 786 1486; x_wconf 82' lang='lat' dir='ltr'><strong>His</strong></span> <span class='ocrx_word' id='word_1_82' title='bbox 802 1431 948 1486; x_wconf 92' lang='lat' dir='ltr'><strong>enim</strong></span> <span class='ocrx_word' id='word_1_83' title='bbox 973 1438 1097 1497; x_wconf 87' lang='lat' dir='ltr'><strong>post</strong></span> <span class='ocrx_word' id='word_1_84' title='bbox 1141 1429 1626 1500; x_wconf 88' lang='lat' dir='ltr'><strong>interemptionem</strong></span> <span class='ocrx_word' id='word_1_85' title='bbox 1654 1426 1851 1483; x_wconf 79' lang='lat' dir='ltr'><strong>Vhalid</strong></span> <span class='ocrx_word' id='word_1_86' title='bbox 1881 1425 2072 1482; x_wconf 89' lang='lat' dir='ltr'><strong>debel-</strong></span> 
     </span>
    </p>
   </div>
   <div class='ocr_carea' id='block_1_15' title="bbox 491 1517 2062 1590">
    <p class='ocr_par' dir='ltr' id='par_1_15' title="bbox 491 1517 2062 1590">
     <span class='ocr_line' id='line_1_15' title="bbox 491 1517 2062 1590; baseline 0.001 -18"><span class='ocrx_word' id='word_1_87' title='bbox 491 1518 732 1574; x_wconf 90' lang='lat' dir='ltr'><strong>lantibus</strong></span> <span class='ocrx_word' id='word_1_88' title='bbox 759 1528 814 1574; x_wconf 91' lang='lat' dir='ltr'><strong>et</strong></span> <span class='ocrx_word' id='word_1_89' title='bbox 839 1520 1346 1590; x_wconf 88' lang='lat' dir='ltr'><strong>constringentibus</strong></span> <span class='ocrx_word' id='word_1_90' title='bbox 1380 1519 1638 1581; x_wconf 89' lang='lat' dir='ltr'><strong>invicem,</strong></span> <span class='ocrx_word' id='word_1_91' title='bbox 1671 1517 1728 1572; x_wconf 88' lang='lat' dir='ltr'><strong>hi</strong></span> <span class='ocrx_word' id='word_1_92' title='bbox 1776 1517 1871 1589; x_wconf 91' lang='lat' dir='ltr'><strong>qui</strong></span> <span class='ocrx_word' id='word_1_93' title='bbox 1909 1517 2062 1573; x_wconf 86' lang='lat' dir='ltr'><strong>dice-</strong></span> 
     </span>
    </p>
   </div>
   <div class='ocr_carea' id='block_1_16' title="bbox 491 1609 2072 1684">
    <p class='ocr_par' dir='ltr' id='par_1_16' title="bbox 491 1609 2072 1684">
     <span class='ocr_line' id='line_1_16' title="bbox 491 1609 2072 1684; baseline 0 -20"><span class='ocrx_word' id='word_1_94' title='bbox 491 1610 694 1684; x_wconf 85' lang='lat' dir='ltr'><strong>bantur</strong></span> <span class='ocrx_word' id='word_1_95' title='bbox 729 1610 826 1665; x_wconf 82' lang='lat' dir='ltr'><strong>lilii</strong></span> <span class='ocrx_word' id='word_1_96' title='bbox 857 1609 1048 1666; x_wconf 87' lang='lat' dir='ltr'><strong>Echim</strong></span> <span class='ocrx_word' id='word_1_97' title='bbox 1078 1620 1133 1666; x_wconf 90' lang='lat' dir='ltr'><strong>et</strong></span> <span class='ocrx_word' id='word_1_98' title='bbox 1176 1611 1377 1676; x_wconf 84' lang='lat' dir='ltr'><strong>Halim,</strong></span> <span class='ocrx_word' id='word_1_99' title='bbox 1420 1611 1635 1681; x_wconf 77' lang='lat' dir='ltr'><strong>cognati</strong></span> <span class='ocrx_word' id='word_1_100' title='bbox 1669 1619 1726 1665; x_wconf 90' lang='lat' dir='ltr'><strong>et</strong></span> <span class='ocrx_word' id='word_1_101' title='bbox 1772 1609 1874 1679; x_wconf 88' lang='lat' dir='ltr'><strong>ipsi</strong></span> <span class='ocrx_word' id='word_1_102' title='bbox 1909 1625 2072 1679; x_wconf 86' lang='lat' dir='ltr'><strong>pseu-</strong></span> 
     </span>
    </p>
   </div>
   <div class='ocr_carea' id='block_1_17' title="bbox 490 1701 2072 1774">
    <p class='ocr_par' dir='ltr' id='par_1_17' title="bbox 490 1701 2072 1774">
     <span class='ocr_line' id='line_1_17' title="bbox 490 1701 2072 1774; baseline 0 -18"><span class='ocrx_word' id='word_1_103' title='bbox 490 1703 866 1773; x_wconf 71' lang='lat' dir='ltr'><strong>doprophetaa,</strong></span> <span class='ocrx_word' id='word_1_104' title='bbox 900 1703 996 1758; x_wconf 91' lang='lat' dir='ltr'><strong>sed</strong></span> <span class='ocrx_word' id='word_1_105' title='bbox 1022 1703 1330 1759; x_wconf 87' lang='lat' dir='ltr'><strong>absconditi</strong></span> <span class='ocrx_word' id='word_1_106' title='bbox 1360 1710 1526 1774; x_wconf 91' lang='lat' dir='ltr'><strong>atque</strong></span> <span class='ocrx_word' id='word_1_107' title='bbox 1551 1703 1773 1773; x_wconf 77' lang='lat' dir='ltr'><strong>fugaces</strong></span> <span class='ocrx_word' id='word_1_108' title='bbox 1799 1701 2072 1757; x_wconf 85' lang='lat' dir='ltr'><strong>exsisten-</strong></span> 
     </span>
    </p>
   </div>
   <div class='ocr_carea' id='block_1_18' title="bbox 491 1795 2070 1868">
    <p class='ocr_par' dir='ltr' id='par_1_18' title="bbox 491 1795 2070 1868">
     <span class='ocr_line' id='line_1_18' title="bbox 491 1795 2070 1868; baseline 0.001 -20"><span class='ocrx_word' id='word_1_109' title='bbox 491 1803 572 1851; x_wconf 85' lang='lat' dir='ltr'><strong>tes</strong></span> <span class='ocrx_word' id='word_1_110' title='bbox 594 1797 647 1850; x_wconf 93' lang='lat' dir='ltr'><strong>in</strong></span> <span class='ocrx_word' id='word_1_111' title='bbox 672 1796 871 1851; x_wconf 88' lang='lat' dir='ltr'><strong>minori</strong></span> <span class='ocrx_word' id='word_1_112' title='bbox 904 1796 1123 1862; x_wconf 78' lang='lat' dir='ltr'><strong>Arabia,</strong></span> <span class='ocrx_word' id='word_1_113' title='bbox 1155 1797 1502 1868; x_wconf 74' lang='lat' dir='ltr'><strong>congregati,</strong></span> <span class='ocrx_word' id='word_1_114' title='bbox 1529 1805 1752 1852; x_wconf 90' lang='lat' dir='ltr'><strong>tenente</strong></span> <span class='ocrx_word' id='word_1_115' title='bbox 1775 1795 1828 1850; x_wconf 91' lang='lat' dir='ltr'><strong>in</strong></span> <span class='ocrx_word' id='word_1_116' title='bbox 1856 1796 1937 1851; x_wconf 90' lang='lat' dir='ltr'><strong>eis</strong></span> <span class='ocrx_word' id='word_1_117' title='bbox 1955 1795 2070 1866; x_wconf 90' lang='lat' dir='ltr'><strong>pri-</strong></span> 
     </span>
    </p>
   </div>
   <div class='ocr_carea' id='block_1_19' title="bbox 2175 669 3756 759">
    <p class='ocr_par' dir='ltr' id='par_1_19' title="bbox 2175 669 3756 759">
     <span class='ocr_line' id='line_1_19' title="bbox 2175 669 3756 759; baseline 0.001 -18"><span class='ocrx_word' id='word_1_118' title='bbox 2175 689 2364 757; x_wconf 87' lang='lat' dir='ltr'><strong>positi,</strong></span> <span class='ocrx_word' id='word_1_119' title='bbox 2403 669 2811 759; x_wconf 40' lang='lat' dir='ltr'><strong>quod.dicitur</strong></span> <span class='ocrx_word' id='word_1_120' title='bbox 2848 689 3012 759; x_wconf 91' lang='lat' dir='ltr'><strong>Septe</strong></span> <span class='ocrx_word' id='word_1_121' title='bbox 3038 689 3296 759; x_wconf 87' lang='lat' dir='ltr'><strong>quodque</strong></span> <span class='ocrx_word' id='word_1_122' title='bbox 3352 687 3553 744; x_wconf 87' lang='lat' dir='ltr'><strong>diﬂinit</strong></span> <span class='ocrx_word' id='word_1_123' title='bbox 3607 689 3756 744; x_wconf 90' lang='lat' dir='ltr'><strong>inter</strong></span> 
     </span>
    </p>
   </div>
   <div class='ocr_carea' id='block_1_20' title="bbox 2173 777 3728 857">
    <p class='ocr_par' dir='ltr' id='par_1_20' title="bbox 2173 777 3728 857">
     <span class='ocr_line' id='line_1_20' title="bbox 2173 777 3728 857; baseline 0.001 -25"><span class='ocrx_word' id='word_1_124' title='bbox 2173 777 2400 850; x_wconf 71' lang='lat' dir='ltr'><strong>Libyam</strong></span> <span class='ocrx_word' id='word_1_125' title='bbox 2455 792 2514 835; x_wconf 85' lang='lat' dir='ltr'><strong>et</strong></span> <span class='ocrx_word' id='word_1_126' title='bbox 2562 781 2854 850; x_wconf 86' lang='lat' dir='ltr'><strong>Europam,</strong></span> <span class='ocrx_word' id='word_1_127' title='bbox 2908 781 3143 850; x_wconf 70' lang='lat' dir='ltr'><strong>Europa:</strong></span> <span class='ocrx_word' id='word_1_128' title='bbox 3189 779 3502 857; x_wconf 83' lang='lat' dir='ltr'><strong>Hispaniam</strong></span> <span class='ocrx_word' id='word_1_129' title='bbox 3537 780 3728 834; x_wconf 87' lang='lat' dir='ltr'><strong>habita</strong></span> 
     </span>
    </p>
   </div>
   <div class='ocr_carea' id='block_1_21' title="bbox 2174 871 3754 945">
    <p class='ocr_par' dir='ltr' id='par_1_21' title="bbox 2174 871 3754 945">
     <span class='ocr_line' id='line_1_21' title="bbox 2174 871 3754 945; baseline 0.003 -21"><span class='ocrx_word' id='word_1_130' title='bbox 2174 881 2303 926; x_wconf 89' lang='lat' dir='ltr'><strong>runt</strong></span> <span class='ocrx_word' id='word_1_131' title='bbox 2326 889 2500 944; x_wconf 90' lang='lat' dir='ltr'><strong>usque</strong></span> <span class='ocrx_word' id='word_1_132' title='bbox 2537 873 2605 929; x_wconf 88' lang='lat' dir='ltr'><strong>ad</strong></span> <span class='ocrx_word' id='word_1_133' title='bbox 2655 890 2898 945; x_wconf 65' lang='lat' dir='ltr'><strong>praesens</strong></span> <span class='ocrx_word' id='word_1_134' title='bbox 2922 883 3158 945; x_wconf 87' lang='lat' dir='ltr'><strong>tempus,</strong></span> <span class='ocrx_word' id='word_1_135' title='bbox 3193 873 3463 930; x_wconf 85' lang='lat' dir='ltr'><strong>habentes</strong></span> <span class='ocrx_word' id='word_1_136' title='bbox 3479 871 3754 943; x_wconf 86' lang='lat' dir='ltr'><strong>quosdam</strong></span> 
     </span>
    </p>
   </div>
   <div class='ocr_carea' id='block_1_22' title="bbox 2172 964 3754 1036">
    <p class='ocr_par' dir='ltr' id='par_1_22' title="bbox 2172 964 3754 1036">
     <span class='ocr_line' id='line_1_22' title="bbox 2172 964 3754 1036; baseline 0.001 -18"><span class='ocrx_word' id='word_1_137' title='bbox 2172 966 2267 1036; x_wconf 91' lang='lat' dir='ltr'><strong>qui</strong></span> <span class='ocrx_word' id='word_1_138' title='bbox 2301 966 2503 1021; x_wconf 89' lang='lat' dir='ltr'><strong>ibidem</strong></span> <span class='ocrx_word' id='word_1_139' title='bbox 2535 966 2848 1022; x_wconf 90' lang='lat' dir='ltr'><strong>habitantes</strong></span> <span class='ocrx_word' id='word_1_140' title='bbox 2873 975 3032 1022; x_wconf 85' lang='lat' dir='ltr'><strong>antea</strong></span> <span class='ocrx_word' id='word_1_141' title='bbox 3063 967 3451 1032; x_wconf 89' lang='lat' dir='ltr'><strong>noscebantur,</strong></span> <span class='ocrx_word' id='word_1_142' title='bbox 3477 982 3506 1021; x_wconf 91' lang='lat' dir='ltr'><strong>a</strong></span> <span class='ocrx_word' id='word_1_143' title='bbox 3531 964 3754 1020; x_wconf 76' lang='lat' dir='ltr'><strong>Mauhia</strong></span> 
     </span>
    </p>
   </div>
   <div class='ocr_carea' id='block_1_23' title="bbox 2173 1055 3754 1131">
    <p class='ocr_par' dir='ltr' id='par_1_23' title="bbox 2173 1055 3754 1131">
     <span class='ocr_line' id='line_1_23' title="bbox 2173 1055 3754 1131; baseline 0.001 -20"><span class='ocrx_word' id='word_1_144' title='bbox 2173 1055 2306 1112; x_wconf 90' lang='lat' dir='ltr'><strong>illuc</strong></span> <span class='ocrx_word' id='word_1_145' title='bbox 2353 1059 2569 1130; x_wconf 87' lang='lat' dir='ltr'><strong>trajecti</strong></span> <span class='ocrx_word' id='word_1_146' title='bbox 2597 1059 2838 1131; x_wconf 85' lang='lat' dir='ltr'><strong>navigio,</strong></span> <span class='ocrx_word' id='word_1_147' title='bbox 2891 1075 3014 1115; x_wconf 90' lang='lat' dir='ltr'><strong>cum</strong></span> <span class='ocrx_word' id='word_1_148' title='bbox 3053 1067 3241 1116; x_wconf 85' lang='lat' dir='ltr'><strong>essent</strong></span> <span class='ocrx_word' id='word_1_149' title='bbox 3286 1061 3407 1131; x_wconf 87' lang='lat' dir='ltr'><strong>ejus</strong></span> <span class='ocrx_word' id='word_1_150' title='bbox 3436 1058 3657 1130; x_wconf 80' lang='lat' dir='ltr'><strong>cognati</strong></span> <span class='ocrx_word' id='word_1_151' title='bbox 3695 1065 3754 1112; x_wconf 87' lang='lat' dir='ltr'><strong>et</strong></span> 
     </span>
    </p>
   </div>
   <div class='ocr_carea' id='block_1_24' title="bbox 2175 1147 3751 1221">
    <p class='ocr_par' dir='ltr' id='par_1_24' title="bbox 2175 1147 3751 1221">
     <span class='ocr_line' id='line_1_24' title="bbox 2175 1147 3751 1221; baseline 0.004 -19"><span class='ocrx_word' id='word_1_152' title='bbox 2175 1147 2347 1217; x_wconf 86' lang='lat' dir='ltr'><strong>ipsius</strong></span> <span class='ocrx_word' id='word_1_153' title='bbox 2379 1149 2688 1221; x_wconf 86' lang='lat' dir='ltr'><strong>religionis.</strong></span> <span class='ocrx_word' id='word_1_154' title='bbox 2720 1150 3048 1207; x_wconf 90' lang='lat' dir='ltr'><strong>Perduravit</strong></span> <span class='ocrx_word' id='word_1_155' title='bbox 3085 1161 3269 1208; x_wconf 88' lang='lat' dir='ltr'><strong>autem</strong></span> <span class='ocrx_word' id='word_1_156' title='bbox 3304 1152 3585 1209; x_wconf 82' lang='lat' dir='ltr'><strong>excidium</strong></span> <span class='ocrx_word' id='word_1_157' title='bbox 3649 1153 3751 1209; x_wconf 89' lang='lat' dir='ltr'><strong>sub</strong></span> 
     </span>
    </p>
   </div>
   <div class='ocr_carea' id='block_1_25' title="bbox 2174 1239 3752 1314">
    <p class='ocr_par' dir='ltr' id='par_1_25' title="bbox 2174 1239 3752 1314">
     <span class='ocr_line' id='line_1_25' title="bbox 2174 1239 3752 1314; baseline 0.005 -20"><span class='ocrx_word' id='word_1_158' title='bbox 2174 1239 2389 1296; x_wconf 78' lang='lat' dir='ltr'><strong>Ilauhia</strong></span> <span class='ocrx_word' id='word_1_159' title='bbox 2441 1259 2539 1298; x_wconf 91' lang='lat' dir='ltr'><strong>sex</strong></span> <span class='ocrx_word' id='word_1_160' title='bbox 2585 1243 2764 1309; x_wconf 87' lang='lat' dir='ltr'><strong>annis,</strong></span> <span class='ocrx_word' id='word_1_161' title='bbox 2805 1260 2916 1314; x_wconf 91' lang='lat' dir='ltr'><strong>quo</strong></span> <span class='ocrx_word' id='word_1_162' title='bbox 2956 1244 3127 1301; x_wconf 88' lang='lat' dir='ltr'><strong>diruti</strong></span> <span class='ocrx_word' id='word_1_163' title='bbox 3154 1255 3282 1302; x_wconf 89' lang='lat' dir='ltr'><strong>sunt</strong></span> <span class='ocrx_word' id='word_1_164' title='bbox 3317 1246 3568 1301; x_wconf 90' lang='lat' dir='ltr'><strong>omnium</strong></span> <span class='ocrx_word' id='word_1_165' title='bbox 3617 1246 3752 1302; x_wconf 86' lang='lat' dir='ltr'><strong>illu-</strong></span> 
     </span>
    </p>
   </div>
   <div class='ocr_carea' id='block_1_26' title="bbox 2172 1332 3752 1408">
    <p class='ocr_par' dir='ltr' id='par_1_26' title="bbox 2172 1332 3752 1408">
     <span class='ocr_line' id='line_1_26' title="bbox 2172 1332 3752 1408; baseline 0.004 -22"><span class='ocrx_word' id='word_1_166' title='bbox 2172 1332 2369 1388; x_wconf 88' lang='lat' dir='ltr'><strong>strium</strong></span> <span class='ocrx_word' id='word_1_167' title='bbox 2399 1334 2683 1390; x_wconf 85' lang='lat' dir='ltr'><strong>civitatum</strong></span> <span class='ocrx_word' id='word_1_168' title='bbox 2744 1336 2799 1391; x_wconf 89' lang='lat' dir='ltr'><strong>in</strong></span> <span class='ocrx_word' id='word_1_169' title='bbox 2845 1337 3000 1408; x_wconf 82' lang='lat' dir='ltr'><strong>Syria</strong></span> <span class='ocrx_word' id='word_1_170' title='bbox 3054 1353 3230 1408; x_wconf 91' lang='lat' dir='ltr'><strong>usque</strong></span> <span class='ocrx_word' id='word_1_171' title='bbox 3283 1338 3350 1392; x_wconf 90' lang='lat' dir='ltr'><strong>ad</strong></span> <span class='ocrx_word' id='word_1_172' title='bbox 3402 1334 3752 1394; x_wconf 79' lang='lat' dir='ltr'><strong>Antiochiam</strong></span> 
     </span>
    </p>
   </div>
   <div class='ocr_carea' id='block_1_27' title="bbox 2171 1422 3756 1500">
    <p class='ocr_par' dir='ltr' id='par_1_27' title="bbox 2171 1422 3756 1500">
     <span class='ocr_line' id='line_1_27' title="bbox 2171 1422 3756 1500; baseline 0.004 -22"><span class='ocrx_word' id='word_1_173' title='bbox 2171 1424 2338 1492; x_wconf 88' lang='lat' dir='ltr'><strong>muri,</strong></span> <span class='ocrx_word' id='word_1_174' title='bbox 2382 1441 2450 1482; x_wconf 93' lang='lat' dir='ltr'><strong>eo</strong></span> <span class='ocrx_word' id='word_1_175' title='bbox 2484 1423 2632 1497; x_wconf 59' lang='lat' dir='ltr'><strong>Quod</strong></span> <span class='ocrx_word' id='word_1_176' title='bbox 2690 1426 2832 1483; x_wconf 90' lang='lat' dir='ltr'><strong>hanc</strong></span> <span class='ocrx_word' id='word_1_177' title='bbox 2877 1428 2930 1483; x_wconf 92' lang='lat' dir='ltr'><strong>in</strong></span> <span class='ocrx_word' id='word_1_178' title='bbox 2964 1428 3237 1500; x_wconf 80' lang='lat' dir='ltr'><strong>refugium</strong></span> <span class='ocrx_word' id='word_1_179' title='bbox 3271 1430 3477 1486; x_wconf 85' lang='lat' dir='ltr'><strong>habere</strong></span> <span class='ocrx_word' id='word_1_180' title='bbox 3523 1422 3756 1485; x_wconf 80' lang='lat' dir='ltr'><strong>medita-</strong></span> 
     </span>
    </p>
   </div>
   <div class='ocr_carea' id='block_1_28' title="bbox 2172 1518 3752 1593">
    <p class='ocr_par' dir='ltr' id='par_1_28' title="bbox 2172 1518 3752 1593">
     <span class='ocr_line' id='line_1_28' title="bbox 2172 1518 3752 1593; baseline 0.005 -23"><span class='ocrx_word' id='word_1_181' title='bbox 2172 1525 2385 1583; x_wconf 88' lang='lat' dir='ltr'><strong>rentur,</strong></span> <span class='ocrx_word' id='word_1_182' title='bbox 2414 1518 2806 1591; x_wconf 88' lang='lat' dir='ltr'><strong>innumerique</strong></span> <span class='ocrx_word' id='word_1_183' title='bbox 2831 1520 3072 1575; x_wconf 82' lang='lat' dir='ltr'><strong>Arabum</strong></span> <span class='ocrx_word' id='word_1_184' title='bbox 3103 1522 3172 1577; x_wconf 92' lang='lat' dir='ltr'><strong>ab</strong></span> <span class='ocrx_word' id='word_1_185' title='bbox 3195 1537 3263 1577; x_wconf 91' lang='lat' dir='ltr'><strong>eo</strong></span> <span class='ocrx_word' id='word_1_186' title='bbox 3298 1522 3605 1593; x_wconf 88' lang='lat' dir='ltr'><strong>perierunt.</strong></span> <span class='ocrx_word' id='word_1_187' title='bbox 3639 1521 3752 1593; x_wconf 89' lang='lat' dir='ltr'><strong>Op-</strong></span> 
     </span>
    </p>
   </div>
   <div class='ocr_carea' id='block_1_29' title="bbox 2132 1610 3754 1683">
    <p class='ocr_par' dir='ltr' id='par_1_29' title="bbox 2132 1610 3754 1683">
     <span class='ocr_line' id='line_1_29' title="bbox 2132 1610 3754 1683; baseline 0.003 -19"><span class='ocrx_word' id='word_1_188' title='bbox 2132 1610 2302 1680; x_wconf 83' lang='lat' dir='ltr'><strong>~pido</strong></span> <span class='ocrx_word' id='word_1_189' title='bbox 2363 1612 2512 1666; x_wconf 91' lang='lat' dir='ltr'><strong>enim</strong></span> <span class='ocrx_word' id='word_1_190' title='bbox 2555 1613 3139 1683; x_wconf 89' lang='lat' dir='ltr'><strong>eratcircumspectus</strong></span> <span class='ocrx_word' id='word_1_191' title='bbox 3173 1613 3321 1670; x_wconf 87' lang='lat' dir='ltr'><strong>circa</strong></span> <span class='ocrx_word' id='word_1_192' title='bbox 3369 1615 3576 1669; x_wconf 85' lang='lat' dir='ltr'><strong>civilia.</strong></span> <span class='ocrx_word' id='word_1_193' title='bbox 3623 1615 3754 1669; x_wconf 83' lang='lat' dir='ltr'><strong>Erat</strong></span> 
     </span>
    </p>
   </div>
   <div class='ocr_carea' id='block_1_30' title="bbox 2171 1705 3751 1778">
    <p class='ocr_par' dir='ltr' id='par_1_30' title="bbox 2171 1705 3751 1778">
     <span class='ocr_line' id='line_1_30' title="bbox 2171 1705 3751 1778; baseline 0.004 -20"><span class='ocrx_word' id='word_1_194' title='bbox 2171 1712 2353 1759; x_wconf 90' lang='lat' dir='ltr'><strong>autem</strong></span> <span class='ocrx_word' id='word_1_195' title='bbox 2380 1705 2885 1770; x_wconf 87' lang='lat' dir='ltr'><strong>automatistarum,</strong></span> <span class='ocrx_word' id='word_1_196' title='bbox 2915 1707 2967 1762; x_wconf 93' lang='lat' dir='ltr'><strong>id</strong></span> <span class='ocrx_word' id='word_1_197' title='bbox 2998 1716 3082 1762; x_wconf 91' lang='lat' dir='ltr'><strong>est</strong></span> <span class='ocrx_word' id='word_1_198' title='bbox 3107 1707 3536 1778; x_wconf 85' lang='lat' dir='ltr'><strong>Epicureorum.</strong></span> <span class='ocrx_word' id='word_1_199' title='bbox 3568 1708 3751 1765; x_wconf 69' lang='lat' dir='ltr'><strong>haare-</strong></span> 
     </span>
    </p>
   </div>
   <div class='ocr_carea' id='block_1_31' title="bbox 2171 1793 3751 1867">
    <p class='ocr_par' dir='ltr' id='par_1_31' title="bbox 2171 1793 3751 1867">
     <span class='ocr_line' id='line_1_31' title="bbox 2171 1793 3751 1867; baseline 0.004 -20"><span class='ocrx_word' id='word_1_200' title='bbox 2171 1807 2318 1857; x_wconf 89' lang='lat' dir='ltr'><strong>seos,</strong></span> <span class='ocrx_word' id='word_1_201' title='bbox 2375 1807 2443 1847; x_wconf 83' lang='lat' dir='ltr'><strong>ex</strong></span> <span class='ocrx_word' id='word_1_202' title='bbox 2474 1793 2738 1864; x_wconf 89' lang='lat' dir='ltr'><strong>gentibus</strong></span> <span class='ocrx_word' id='word_1_203' title='bbox 2765 1795 2858 1864; x_wconf 92' lang='lat' dir='ltr'><strong>qui</strong></span> <span class='ocrx_word' id='word_1_204' title='bbox 2887 1795 3212 1850; x_wconf 85' lang='lat' dir='ltr'><strong>habitabant</strong></span> <span class='ocrx_word' id='word_1_205' title='bbox 3249 1795 3457 1852; x_wconf 89' lang='lat' dir='ltr'><strong>Carran</strong></span> <span class='ocrx_word' id='word_1_206' title='bbox 3491 1793 3751 1867; x_wconf 84' lang='lat' dir='ltr'><strong>impieta-</strong></span> 
     </span>
    </p>
   </div>
   <div class='ocr_carea' id='block_1_32' title="bbox 491 1876 3751 1959">
    <p class='ocr_par' dir='ltr' id='par_1_32' title="bbox 491 1876 3751 1959">
     <span class='ocr_line' id='line_1_32' title="bbox 491 1876 3751 1959; baseline 0.002 -18"><span class='ocrx_word' id='word_1_207' title='bbox 491 1895 697 1942; x_wconf 91' lang='lat' dir='ltr'><strong>matum</strong></span> <span class='ocrx_word' id='word_1_208' title='bbox 720 1886 1006 1952; x_wconf 81' lang='lat' dir='ltr'><strong>Abrabim,</strong></span> <span class='ocrx_word' id='word_1_209' title='bbox 1031 1889 1258 1944; x_wconf 87' lang='lat' dir='ltr'><strong>mittunt</strong></span> <span class='ocrx_word' id='word_1_210' title='bbox 1280 1887 1539 1943; x_wconf 90' lang='lat' dir='ltr'><strong>libertum</strong></span> <span class='ocrx_word' id='word_1_211' title='bbox 1573 1903 1736 1943; x_wconf 84' lang='lat' dir='ltr'><strong>suum</strong></span> <span class='ocrx_word' id='word_1_212' title='bbox 1763 1888 2062 1959; x_wconf 87' lang='lat' dir='ltr'><strong>quendam.</strong></span> <span class='ocrx_word' id='word_1_213' title='bbox 2100 1876 2138 1932; x_wconf 74' lang='grc' dir='ltr'><strong>Β</strong></span> <span class='ocrx_word' id='word_1_214' title='bbox 2171 1891 2278 1940; x_wconf 89' lang='lat' dir='ltr'><strong>tem</strong></span> <span class='ocrx_word' id='word_1_215' title='bbox 2308 1901 2614 1942; x_wconf 85' lang='lat' dir='ltr'><strong>assumens.</strong></span> <span class='ocrx_word' id='word_1_216' title='bbox 2650 1886 2820 1941; x_wconf 91' lang='lat' dir='ltr'><strong>Porro</strong></span> <span class='ocrx_word' id='word_1_217' title='bbox 2852 1899 3047 1944; x_wconf 85' lang='lat' dir='ltr'><strong>octavo</strong></span> <span class='ocrx_word' id='word_1_218' title='bbox 3093 1887 3450 1945; x_wconf 82' lang='lat' dir='ltr'><strong>kalendarum</strong></span> <span class='ocrx_word' id='word_1_219' title='bbox 3505 1890 3751 1946; x_wconf 83' lang='lat' dir='ltr'><strong>Februa-</strong></span> 
     </span>
    </p>
   </div>
   <div class='ocr_carea' id='block_1_33' title="bbox 490 1978 2064 2051">
    <p class='ocr_par' dir='ltr' id='par_1_33' title="bbox 490 1978 2064 2051">
     <span class='ocr_line' id='line_1_33' title="bbox 490 1978 2064 2051; baseline 0.002 -21"><span class='ocrx_word' id='word_1_220' title='bbox 490 1979 758 2034; x_wconf 80' lang='lat' dir='ltr'><strong>Amuslim</strong></span> <span class='ocrx_word' id='word_1_221' title='bbox 791 1978 1022 2046; x_wconf 89' lang='lat' dir='ltr'><strong>dictum,</strong></span> <span class='ocrx_word' id='word_1_222' title='bbox 1049 1979 1105 2036; x_wconf 87' lang='lat' dir='ltr'><strong>in</strong></span> <span class='ocrx_word' id='word_1_223' title='bbox 1139 1979 1440 2036; x_wconf 88' lang='lat' dir='ltr'><strong>Cborosam</strong></span> <span class='ocrx_word' id='word_1_224' title='bbox 1464 1980 1533 2036; x_wconf 89' lang='lat' dir='ltr'><strong>ad</strong></span> <span class='ocrx_word' id='word_1_225' title='bbox 1565 1981 1829 2051; x_wconf 88' lang='lat' dir='ltr'><strong>quosdam</strong></span> <span class='ocrx_word' id='word_1_226' title='bbox 1859 1980 2064 2035; x_wconf 86' lang='lat' dir='ltr'><strong>ibidem</strong></span> 
     </span>
    </p>
   </div>
   <div class='ocr_carea' id='block_1_34' title="bbox 489 2070 2065 2143">
    <p class='ocr_par' dir='ltr' id='par_1_34' title="bbox 489 2070 2065 2143">
     <span class='ocr_line' id='line_1_34' title="bbox 489 2070 2065 2143; baseline 0.002 -19"><span class='ocrx_word' id='word_1_227' title='bbox 489 2070 933 2141; x_wconf 76' lang='lat' dir='ltr'><strong>p-aeemiuentes,</strong></span> <span class='ocrx_word' id='word_1_228' title='bbox 964 2079 1155 2128; x_wconf 86' lang='lat' dir='ltr'><strong>contra</strong></span> <span class='ocrx_word' id='word_1_229' title='bbox 1183 2071 1472 2127; x_wconf 80' lang='lat' dir='ltr'><strong>Maruham</strong></span> <span class='ocrx_word' id='word_1_230' title='bbox 1499 2071 1604 2128; x_wconf 89' lang='lat' dir='ltr'><strong>sibi</strong></span> <span class='ocrx_word' id='word_1_231' title='bbox 1647 2073 1934 2143; x_wconf 69' lang='lat' dir='ltr'><strong>suffragari</strong></span> <span class='ocrx_word' id='word_1_232' title='bbox 1967 2087 2065 2142; x_wconf 84' lang='lat' dir='ltr'><strong>pe-</strong></span> 
     </span>
    </p>
   </div>
   <div class='ocr_carea' id='block_1_35' title="bbox 491 2164 2066 2237">
    <p class='ocr_par' dir='ltr' id='par_1_35' title="bbox 491 2164 2066 2237">
     <span class='ocr_line' id='line_1_35' title="bbox 491 2164 2066 2237; baseline 0.003 -20"><span class='ocrx_word' id='word_1_233' title='bbox 491 2173 687 2220; x_wconf 89' lang='lat' dir='ltr'><strong>tentes.</strong></span> <span class='ocrx_word' id='word_1_234' title='bbox 723 2164 828 2232; x_wconf 84' lang='lat' dir='ltr'><strong>Qui</strong></span> <span class='ocrx_word' id='word_1_235' title='bbox 854 2165 1070 2221; x_wconf 89' lang='lat' dir='ltr'><strong>collecti</strong></span> <span class='ocrx_word' id='word_1_236' title='bbox 1102 2165 1247 2237; x_wconf 81' lang='lat' dir='ltr'><strong>apud</strong></span> <span class='ocrx_word' id='word_1_237' title='bbox 1293 2165 1577 2222; x_wconf 86' lang='lat' dir='ltr'><strong>Caecaban</strong></span> <span class='ocrx_word' id='word_1_238' title='bbox 1600 2165 1893 2237; x_wconf 90' lang='lat' dir='ltr'><strong>quemdam</strong></span> <span class='ocrx_word' id='word_1_239' title='bbox 1929 2181 2066 2222; x_wconf 86' lang='lat' dir='ltr'><strong>con-</strong></span> 
     </span>
    </p>
   </div>
   <div class='ocr_carea' id='block_1_36' title="bbox 489 2251 2063 2330">
    <p class='ocr_par' dir='ltr' id='par_1_36' title="bbox 489 2251 2063 2330">
     <span class='ocr_line' id='line_1_36' title="bbox 489 2251 2063 2330; baseline 0.001 -18"><span class='ocrx_word' id='word_1_240' title='bbox 489 2251 772 2322; x_wconf 85' lang='lat' dir='ltr'><strong>ciliantur,</strong></span> <span class='ocrx_word' id='word_1_241' title='bbox 802 2266 858 2314; x_wconf 90' lang='lat' dir='ltr'><strong>et</strong></span> <span class='ocrx_word' id='word_1_242' title='bbox 887 2259 1171 2315; x_wconf 86' lang='lat' dir='ltr'><strong>concitant</strong></span> <span class='ocrx_word' id='word_1_243' title='bbox 1205 2275 1398 2315; x_wconf 89' lang='lat' dir='ltr'><strong>servos</strong></span> <span class='ocrx_word' id='word_1_244' title='bbox 1425 2259 1482 2314; x_wconf 90' lang='lat' dir='ltr'><strong>in</strong></span> <span class='ocrx_word' id='word_1_245' title='bbox 1512 2259 1768 2315; x_wconf 89' lang='lat' dir='ltr'><strong>dominos</strong></span> <span class='ocrx_word' id='word_1_246' title='bbox 1785 2259 2063 2330; x_wconf 86' lang='lat' dir='ltr'><strong>proprios,</strong></span> 
     </span>
    </p>
   </div>
   <div class='ocr_carea' id='block_1_37' title="bbox 490 2348 2068 2419">
    <p class='ocr_par' dir='ltr' id='par_1_37' title="bbox 490 2348 2068 2419">
     <span class='ocr_line' id='line_1_37' title="bbox 490 2348 2068 2419; baseline 0.001 -17"><span class='ocrx_word' id='word_1_247' title='bbox 490 2357 548 2402; x_wconf 94' lang='lat' dir='ltr'><strong>et</strong></span> <span class='ocrx_word' id='word_1_248' title='bbox 576 2348 831 2404; x_wconf 85' lang='lat' dir='ltr'><strong>occidunt</strong></span> <span class='ocrx_word' id='word_1_249' title='bbox 855 2350 1058 2405; x_wconf 88' lang='lat' dir='ltr'><strong>multos</strong></span> <span class='ocrx_word' id='word_1_250' title='bbox 1081 2359 1243 2406; x_wconf 88' lang='lat' dir='ltr'><strong>nocte</strong></span> <span class='ocrx_word' id='word_1_251' title='bbox 1271 2365 1402 2413; x_wconf 85' lang='lat' dir='ltr'><strong>una,</strong></span> <span class='ocrx_word' id='word_1_252' title='bbox 1427 2363 1664 2419; x_wconf 88' lang='lat' dir='ltr'><strong>quorum</strong></span> <span class='ocrx_word' id='word_1_253' title='bbox 1689 2349 1884 2412; x_wconf 91' lang='lat' dir='ltr'><strong>armis,</strong></span> <span class='ocrx_word' id='word_1_254' title='bbox 1908 2348 2068 2417; x_wconf 90' lang='lat' dir='ltr'><strong>equis</strong></span> 
     </span>
    </p>
   </div>
   <div class='ocr_carea' id='block_1_38' title="bbox 491 2439 2061 2511">
    <p class='ocr_par' dir='ltr' id='par_1_38' title="bbox 491 2439 2061 2511">
     <span class='ocr_line' id='line_1_38' title="bbox 491 2439 2061 2511; baseline -0.002 -16"><span class='ocrx_word' id='word_1_255' title='bbox 491 2449 551 2495; x_wconf 91' lang='lat' dir='ltr'><strong>et</strong></span> <span class='ocrx_word' id='word_1_256' title='bbox 575 2441 824 2510; x_wconf 88' lang='lat' dir='ltr'><strong>pecuniis</strong></span> <span class='ocrx_word' id='word_1_257' title='bbox 847 2440 1167 2511; x_wconf 88' lang='lat' dir='ltr'><strong>locupletati</strong></span> <span class='ocrx_word' id='word_1_258' title='bbox 1194 2440 1325 2496; x_wconf 87' lang='lat' dir='ltr'><strong>facti</strong></span> <span class='ocrx_word' id='word_1_259' title='bbox 1353 2451 1482 2496; x_wconf 88' lang='lat' dir='ltr'><strong>sunt</strong></span> <span class='ocrx_word' id='word_1_260' title='bbox 1505 2439 1870 2510; x_wconf 86' lang='lat' dir='ltr'><strong>potentiores.</strong></span> <span class='ocrx_word' id='word_1_261' title='bbox 1906 2439 2061 2494; x_wconf 92' lang='lat' dir='ltr'><strong>Divi-</strong></span> 
     </span>
    </p>
   </div>
   <div class='ocr_carea' id='block_1_39' title="bbox 491 2531 2066 2599">
    <p class='ocr_par' dir='ltr' id='par_1_39' title="bbox 491 2531 2066 2599">
     <span class='ocr_line' id='line_1_39' title="bbox 491 2531 2066 2599; baseline -0.001 -13"><span class='ocrx_word' id='word_1_262' title='bbox 491 2532 700 2586; x_wconf 89' lang='lat' dir='ltr'><strong>duntur</strong></span> <span class='ocrx_word' id='word_1_263' title='bbox 725 2541 908 2590; x_wconf 89' lang='lat' dir='ltr'><strong>autem</strong></span> <span class='ocrx_word' id='word_1_264' title='bbox 932 2532 987 2588; x_wconf 91' lang='lat' dir='ltr'><strong>in</strong></span> <span class='ocrx_word' id='word_1_265' title='bbox 1021 2533 1202 2590; x_wconf 89' lang='lat' dir='ltr'><strong>tribus</strong></span> <span class='ocrx_word' id='word_1_266' title='bbox 1249 2533 1408 2599; x_wconf 90' lang='lat' dir='ltr'><strong>duas,</strong></span> <span class='ocrx_word' id='word_1_267' title='bbox 1448 2532 1738 2589; x_wconf 88' lang='lat' dir='ltr'><strong>Chaisinos</strong></span> <span class='ocrx_word' id='word_1_268' title='bbox 1764 2531 1977 2588; x_wconf 86' lang='lat' dir='ltr'><strong>scilicet</strong></span> <span class='ocrx_word' id='word_1_269' title='bbox 2009 2538 2066 2587; x_wconf 89' lang='lat' dir='ltr'><strong>et</strong></span> 
     </span>
    </p>
   </div>
   <div class='ocr_carea' id='block_1_40' title="bbox 492 2623 2067 2696">
    <p class='ocr_par' dir='ltr' id='par_1_40' title="bbox 492 2623 2067 2696">
     <span class='ocr_line' id='line_1_40' title="bbox 492 2623 2067 2696; baseline 0.001 -18"><span class='ocrx_word' id='word_1_270' title='bbox 492 2623 854 2679; x_wconf 83' lang='lat' dir='ltr'><strong>Hiamanitas.</strong></span> <span class='ocrx_word' id='word_1_271' title='bbox 887 2624 1133 2692; x_wconf 86' lang='lat' dir='ltr'><strong>Quorum</strong></span> <span class='ocrx_word' id='word_1_272' title='bbox 1167 2625 1510 2696; x_wconf 88' lang='lat' dir='ltr'><strong>potentiores</strong></span> <span class='ocrx_word' id='word_1_273' title='bbox 1543 2627 1764 2680; x_wconf 90' lang='lat' dir='ltr'><strong>intuens</strong></span> <span class='ocrx_word' id='word_1_274' title='bbox 1791 2624 2067 2680; x_wconf 84' lang='lat' dir='ltr'><strong>Abumus-</strong></span> 
     </span>
    </p>
   </div>
   <div class='ocr_carea' id='block_1_41' title="bbox 496 2707 2068 2782">
    <p class='ocr_par' dir='ltr' id='par_1_41' title="bbox 496 2707 2068 2782">
     <span class='ocr_line' id='line_1_41' title="bbox 496 2707 2068 2782; baseline 0.001 -13"><span class='ocrx_word' id='word_1_275' title='bbox 496 2715 593 2770; x_wconf 93' lang='lat' dir='ltr'><strong>lim</strong></span> <span class='ocrx_word' id='word_1_276' title='bbox 616 2731 736 2772; x_wconf 88' lang='lat' dir='ltr'><strong>esse</strong></span> <span class='ocrx_word' id='word_1_277' title='bbox 764 2715 1125 2779; x_wconf 80' lang='lat' dir='ltr'><strong>Hiamanitas,</strong></span> <span class='ocrx_word' id='word_1_278' title='bbox 1168 2717 1411 2773; x_wconf 89' lang='lat' dir='ltr'><strong>concitat</strong></span> <span class='ocrx_word' id='word_1_279' title='bbox 1444 2726 1638 2772; x_wconf 90' lang='lat' dir='ltr'><strong>contra</strong></span> <span class='ocrx_word' id='word_1_280' title='bbox 1670 2714 1980 2782; x_wconf 89' lang='lat' dir='ltr'><strong>Chaisinos,</strong></span> <span class='ocrx_word' id='word_1_281' title='bbox 2011 2707 2068 2771; x_wconf 87' lang='lat' dir='ltr'><strong>et</strong></span> 
     </span>
    </p>
   </div>
   <div class='ocr_carea' id='block_1_42' title="bbox 492 2807 2068 2872">
    <p class='ocr_par' dir='ltr' id='par_1_42' title="bbox 492 2807 2068 2872">
     <span class='ocr_line' id='line_1_42' title="bbox 492 2807 2068 2872; baseline 0 -10"><span class='ocrx_word' id='word_1_282' title='bbox 492 2808 801 2865; x_wconf 83' lang='lat' dir='ltr'><strong>interfectis</strong></span> <span class='ocrx_word' id='word_1_283' title='bbox 822 2808 903 2864; x_wconf 90' lang='lat' dir='ltr'><strong>eis</strong></span> <span class='ocrx_word' id='word_1_284' title='bbox 922 2809 1074 2863; x_wconf 88' lang='lat' dir='ltr'><strong>venit</strong></span> <span class='ocrx_word' id='word_1_285' title='bbox 1105 2808 1160 2863; x_wconf 92' lang='lat' dir='ltr'><strong>in</strong></span> <span class='ocrx_word' id='word_1_286' title='bbox 1194 2808 1481 2865; x_wconf 86' lang='lat' dir='ltr'><strong>Persidem</strong></span> <span class='ocrx_word' id='word_1_287' title='bbox 1507 2825 1635 2864; x_wconf 92' lang='lat' dir='ltr'><strong>cum</strong></span> <span class='ocrx_word' id='word_1_288' title='bbox 1659 2807 1966 2872; x_wconf 86' lang='lat' dir='ltr'><strong>Caccaban,</strong></span> <span class='ocrx_word' id='word_1_289' title='bbox 2009 2818 2068 2863; x_wconf 86' lang='lat' dir='ltr'><strong>et</strong></span> 
     </span>
    </p>
   </div>
   <div class='ocr_carea' id='block_1_43' title="bbox 490 2900 2066 2972">
    <p class='ocr_par' dir='ltr' id='par_1_43' title="bbox 490 2900 2066 2972">
     <span class='ocr_line' id='line_1_43' title="bbox 490 2900 2066 2972; baseline 0 -18"><span class='ocrx_word' id='word_1_290' title='bbox 490 2915 818 2972; x_wconf 77' lang='lat' dir='ltr'><strong>expugnans</strong></span> <span class='ocrx_word' id='word_1_291' title='bbox 850 2900 1282 2956; x_wconf 81' lang='lat' dir='ltr'><strong>Hibindabarem</strong></span> <span class='ocrx_word' id='word_1_292' title='bbox 1324 2902 1474 2972; x_wconf 92' lang='lat' dir='ltr'><strong>capit</strong></span> <span class='ocrx_word' id='word_1_293' title='bbox 1503 2916 1630 2956; x_wconf 92' lang='lat' dir='ltr'><strong>cum</strong></span> <span class='ocrx_word' id='word_1_294' title='bbox 1660 2900 1893 2956; x_wconf 85' lang='lat' dir='ltr'><strong>victoria</strong></span> <span class='ocrx_word' id='word_1_295' title='bbox 1926 2915 2066 2956; x_wconf 86' lang='lat' dir='ltr'><strong>cun-</strong></span> 
     </span>
    </p>
   </div>
   <div class='ocr_carea' id='block_1_44' title="bbox 489 2992 2066 3058">
    <p class='ocr_par' dir='ltr' id='par_1_44' title="bbox 489 2992 2066 3058">
     <span class='ocr_line' id='line_1_44' title="bbox 489 2992 2066 3058; baseline 0 -11"><span class='ocrx_word' id='word_1_296' title='bbox 489 3002 634 3058; x_wconf 87' lang='lat' dir='ltr'><strong>ctos,</strong></span> <span class='ocrx_word' id='word_1_297' title='bbox 670 2993 916 3048; x_wconf 91' lang='lat' dir='ltr'><strong>virorum</strong></span> <span class='ocrx_word' id='word_1_298' title='bbox 952 2994 1162 3049; x_wconf 84' lang='lat' dir='ltr'><strong>scilicet</strong></span> <span class='ocrx_word' id='word_1_299' title='bbox 1181 2993 1355 3049; x_wconf 80' lang='lat' dir='ltr'><strong>ferme</strong></span> <span class='ocrx_word' id='word_1_300' title='bbox 1384 3003 1604 3048; x_wconf 89' lang='lat' dir='ltr'><strong>centum</strong></span> <span class='ocrx_word' id='word_1_301' title='bbox 1648 2992 1840 3049; x_wconf 89' lang='lat' dir='ltr'><strong>millia.</strong></span> <span class='ocrx_word' id='word_1_302' title='bbox 1868 2993 1938 3047; x_wconf 87' lang='lat' dir='ltr'><strong>Et</strong></span> <span class='ocrx_word' id='word_1_303' title='bbox 1969 3006 2066 3047; x_wconf 76' lang='lat' dir='ltr'><strong>ve-</strong></span> 
     </span>
    </p>
   </div>
   <div class='ocr_carea' id='block_1_45' title="bbox 491 3084 2068 3142">
    <p class='ocr_par' dir='ltr' id='par_1_45' title="bbox 491 3084 2068 3142">
     <span class='ocr_line' id='line_1_45' title="bbox 491 3084 2068 3142; baseline -0.001 -3"><span class='ocrx_word' id='word_1_304' title='bbox 491 3085 652 3140; x_wconf 81' lang='lat' dir='ltr'><strong>niens</strong></span> <span class='ocrx_word' id='word_1_305' title='bbox 671 3085 738 3140; x_wconf 88' lang='lat' dir='ltr'><strong>ad</strong></span> <span class='ocrx_word' id='word_1_306' title='bbox 767 3085 1106 3142; x_wconf 89' lang='lat' dir='ltr'><strong>ilibinubera</strong></span> <span class='ocrx_word' id='word_1_307' title='bbox 1156 3086 1433 3141; x_wconf 87' lang='lat' dir='ltr'><strong>hostiliter</strong></span> <span class='ocrx_word' id='word_1_308' title='bbox 1461 3101 1587 3142; x_wconf 91' lang='lat' dir='ltr'><strong>cum</strong></span> <span class='ocrx_word' id='word_1_309' title='bbox 1618 3085 1871 3140; x_wconf 90' lang='lat' dir='ltr'><strong>ducentis</strong></span> <span class='ocrx_word' id='word_1_310' title='bbox 1898 3084 2068 3139; x_wconf 91' lang='lat' dir='ltr'><strong>milli-</strong></span> 
     </span>
    </p>
   </div>
   <div class='ocr_carea' id='block_1_46' title="bbox 492 3177 2069 3248">
    <p class='ocr_par' dir='ltr' id='par_1_46' title="bbox 492 3177 2069 3248">
     <span class='ocr_line' id='line_1_46' title="bbox 492 3177 2069 3248; baseline -0.001 -16"><span class='ocrx_word' id='word_1_311' title='bbox 492 3177 597 3233; x_wconf 89' lang='lat' dir='ltr'><strong>bus</strong></span> <span class='ocrx_word' id='word_1_312' title='bbox 625 3177 1085 3248; x_wconf 75' lang='lat' dir='ltr'><strong>proficiscentem,</strong></span> <span class='ocrx_word' id='word_1_313' title='bbox 1113 3178 1207 3234; x_wconf 88' lang='lat' dir='ltr'><strong>sed</strong></span> <span class='ocrx_word' id='word_1_314' title='bbox 1234 3186 1289 3233; x_wconf 94' lang='lat' dir='ltr'><strong>et</strong></span> <span class='ocrx_word' id='word_1_315' title='bbox 1315 3178 1466 3232; x_wconf 91' lang='lat' dir='ltr'><strong>illum</strong></span> <span class='ocrx_word' id='word_1_316' title='bbox 1493 3177 1763 3232; x_wconf 88' lang='lat' dir='ltr'><strong>dissolvit.</strong></span> <span class='ocrx_word' id='word_1_317' title='bbox 1797 3177 2069 3232; x_wconf 81' lang='lat' dir='ltr'><strong>Veniens-</strong></span> 
     </span>
    </p>
   </div>
   <div class='ocr_carea' id='block_1_47' title="bbox 490 3267 2100 3340">
    <p class='ocr_par' dir='ltr' id='par_1_47' title="bbox 490 3267 2100 3340">
     <span class='ocr_line' id='line_1_47' title="bbox 490 3267 2100 3340; baseline 0.001 -17"><span class='ocrx_word' id='word_1_318' title='bbox 490 3285 599 3338; x_wconf 86' lang='lat' dir='ltr'><strong>que</strong></span> <span class='ocrx_word' id='word_1_319' title='bbox 659 3269 726 3324; x_wconf 91' lang='lat' dir='ltr'><strong>ad</strong></span> <span class='ocrx_word' id='word_1_320' title='bbox 769 3270 1052 3325; x_wconf 86' lang='lat' dir='ltr'><strong>Maruham</strong></span> <span class='ocrx_word' id='word_1_321' title='bbox 1088 3270 1230 3340; x_wconf 89' lang='lat' dir='ltr'><strong>apud</strong></span> <span class='ocrx_word' id='word_1_322' title='bbox 1268 3269 1464 3324; x_wconf 86' lang='lat' dir='ltr'><strong>Zabari</strong></span> <span class='ocrx_word' id='word_1_323' title='bbox 1511 3268 1735 3323; x_wconf 88' lang='lat' dir='ltr'><strong>ﬂuvium</strong></span> <span class='ocrx_word' id='word_1_324' title='bbox 1769 3267 2100 3324; x_wconf 52' lang='lat' dir='ltr'><strong>habentem?</strong></span> 
     </span>
    </p>
   </div>
   <div class='ocr_carea' id='block_1_48' title="bbox 494 3361 2066 3428">
    <p class='ocr_par' dir='ltr' id='par_1_48' title="bbox 494 3361 2066 3428">
     <span class='ocr_line' id='line_1_48' title="bbox 494 3361 2066 3428; baseline 0 -12"><span class='ocrx_word' id='word_1_325' title='bbox 494 3363 962 3428; x_wconf 66' lang='lat' dir='ltr'><strong>trecenta&#39;millia,</strong></span> <span class='ocrx_word' id='word_1_326' title='bbox 997 3362 1236 3418; x_wconf 87' lang='lat' dir='ltr'><strong>debellat</strong></span> <span class='ocrx_word' id='word_1_327' title='bbox 1259 3377 1384 3417; x_wconf 89' lang='lat' dir='ltr'><strong>eum</strong></span> <span class='ocrx_word' id='word_1_328' title='bbox 1420 3371 1476 3416; x_wconf 93' lang='lat' dir='ltr'><strong>et</strong></span> <span class='ocrx_word' id='word_1_329' title='bbox 1503 3361 1909 3416; x_wconf 88' lang='lat' dir='ltr'><strong>multitudinem</strong></span> <span class='ocrx_word' id='word_1_330' title='bbox 1939 3363 2066 3416; x_wconf 81' lang='lat' dir='ltr'><strong>inli-</strong></span> 
     </span>
    </p>
   </div>
   <div class='ocr_carea' id='block_1_49' title="bbox 493 3453 2065 3524">
    <p class='ocr_par' dir='ltr' id='par_1_49' title="bbox 493 3453 2065 3524">
     <span class='ocr_line' id='line_1_49' title="bbox 493 3453 2065 3524; baseline -0.001 -14"><span class='ocrx_word' id='word_1_331' title='bbox 493 3455 664 3510; x_wconf 90' lang='lat' dir='ltr'><strong>nitam</strong></span> <span class='ocrx_word' id='word_1_332' title='bbox 718 3455 922 3511; x_wconf 91' lang='lat' dir='ltr'><strong>occidit</strong></span> <span class='ocrx_word' id='word_1_333' title='bbox 973 3471 1043 3510; x_wconf 88' lang='lat' dir='ltr'><strong>ex</strong></span> <span class='ocrx_word' id='word_1_334' title='bbox 1071 3455 1172 3510; x_wconf 91' lang='lat' dir='ltr'><strong>eis.</strong></span> <span class='ocrx_word' id='word_1_335' title='bbox 1213 3454 1451 3524; x_wconf 90' lang='lat' dir='ltr'><strong>Eratque</strong></span> <span class='ocrx_word' id='word_1_336' title='bbox 1483 3454 1601 3508; x_wconf 87' lang='lat' dir='ltr'><strong>visu</strong></span> <span class='ocrx_word' id='word_1_337' title='bbox 1628 3453 1898 3518; x_wconf 90' lang='lat' dir='ltr'><strong>mirabile,</strong></span> <span class='ocrx_word' id='word_1_338' title='bbox 1939 3467 2065 3509; x_wconf 88' lang='lat' dir='ltr'><strong>cum</strong></span> 
     </span>
    </p>
   </div>
   <div class='ocr_carea' id='block_1_50' title="bbox 491 3545 2066 3616">
    <p class='ocr_par' dir='ltr' id='par_1_50' title="bbox 491 3545 2066 3616">
     <span class='ocr_line' id='line_1_50' title="bbox 491 3545 2066 3616; baseline 0.001 -15"><span class='ocrx_word' id='word_1_339' title='bbox 491 3545 796 3601; x_wconf 84' lang='lat' dir='ltr'><strong>secundum</strong></span> <span class='ocrx_word' id='word_1_340' title='bbox 841 3546 1183 3616; x_wconf 81' lang='lat' dir='ltr'><strong>Scripturam</strong></span> <span class='ocrx_word' id='word_1_341' title='bbox 1243 3553 1374 3600; x_wconf 90' lang='lat' dir='ltr'><strong>tunc</strong></span> <span class='ocrx_word' id='word_1_342' title='bbox 1433 3561 1578 3601; x_wconf 86' lang='lat' dir='ltr'><strong>unus</strong></span> <span class='ocrx_word' id='word_1_343' title='bbox 1631 3556 2066 3616; x_wconf 87' lang='lat' dir='ltr'><strong>persequeretur</strong></span> 
     </span>
    </p>
   </div>
   <div class='ocr_carea' id='block_1_51' title="bbox 491 3637 2064 3706">
    <p class='ocr_par' dir='ltr' id='par_1_51' title="bbox 491 3637 2064 3706">
     <span class='ocr_line' id='line_1_51' title="bbox 491 3637 2064 3706; baseline 0.002 -14"><span class='ocrx_word' id='word_1_344' title='bbox 491 3639 662 3706; x_wconf 87' lang='lat' dir='ltr'><strong>mille,</strong></span> <span class='ocrx_word' id='word_1_345' title='bbox 692 3647 749 3693; x_wconf 90' lang='lat' dir='ltr'><strong>et</strong></span> <span class='ocrx_word' id='word_1_346' title='bbox 782 3637 893 3694; x_wconf 87' lang='lat' dir='ltr'><strong>duo</strong></span> <span class='ocrx_word' id='word_1_347' title='bbox 927 3646 1372 3696; x_wconf 83' lang='lat' dir='ltr'><strong>transmoverent</strong></span> <span class='ocrx_word' id='word_1_348' title='bbox 1394 3637 1534 3693; x_wconf 90' lang='lat' dir='ltr'><strong>dena</strong></span> <span class='ocrx_word' id='word_1_349' title='bbox 1561 3639 1751 3694; x_wconf 85' lang='lat' dir='ltr'><strong>millia.</strong></span> <span class='ocrx_word' id='word_1_350' title='bbox 1773 3639 1923 3706; x_wconf 87' lang='lat' dir='ltr'><strong>Quos</strong></span> <span class='ocrx_word' id='word_1_351' title='bbox 1937 3657 2064 3697; x_wconf 90' lang='lat' dir='ltr'><strong>cum</strong></span> 
     </span>
    </p>
   </div>
   <div class='ocr_carea' id='block_1_52' title="bbox 493 3732 2065 3803">
    <p class='ocr_par' dir='ltr' id='par_1_52' title="bbox 493 3732 2065 3803">
     <span class='ocr_line' id='line_1_52' title="bbox 493 3732 2065 3803; baseline 0.004 -17"><span class='ocrx_word' id='word_1_352' title='bbox 493 3733 567 3787; x_wconf 91' lang='lat' dir='ltr'><strong>ita</strong></span> <span class='ocrx_word' id='word_1_353' title='bbox 595 3732 974 3803; x_wconf 90' lang='lat' dir='ltr'><strong>potentialiter</strong></span> <span class='ocrx_word' id='word_1_354' title='bbox 1015 3732 1300 3788; x_wconf 86' lang='lat' dir='ltr'><strong>vincentes</strong></span> <span class='ocrx_word' id='word_1_355' title='bbox 1324 3732 1606 3788; x_wconf 79' lang='lat' dir='ltr'><strong>Maruham</strong></span> <span class='ocrx_word' id='word_1_356' title='bbox 1639 3734 1872 3791; x_wconf 92' lang='lat' dir='ltr'><strong>intuitus</strong></span> <span class='ocrx_word' id='word_1_357' title='bbox 1892 3737 2065 3792; x_wconf 81' lang='lat' dir='ltr'><strong>exsti-</strong></span> 
     </span>
    </p>
   </div>
   <div class='ocr_carea' id='block_1_53' title="bbox 494 3821 2063 3891">
    <p class='ocr_par' dir='ltr' id='par_1_53' title="bbox 494 3821 2063 3891">
     <span class='ocr_line' id='line_1_53' title="bbox 494 3821 2063 3891; baseline 0.003 -13"><span class='ocrx_word' id='word_1_358' title='bbox 494 3821 1066 3888; x_wconf 86' lang='lat' dir='ltr'><strong>tisset,aditCarran,</strong></span> <span class='ocrx_word' id='word_1_359' title='bbox 1102 3830 1161 3876; x_wconf 89' lang='lat' dir='ltr'><strong>et</strong></span> <span class='ocrx_word' id='word_1_360' title='bbox 1207 3837 1335 3876; x_wconf 95' lang='lat' dir='ltr'><strong>cum</strong></span> <span class='ocrx_word' id='word_1_361' title='bbox 1378 3821 1606 3878; x_wconf 90' lang='lat' dir='ltr'><strong>ﬂuvium</strong></span> <span class='ocrx_word' id='word_1_362' title='bbox 1657 3833 2063 3891; x_wconf 84' lang='lat' dir='ltr'><strong>transmeasset,</strong></span> 
     </span>
    </p>
   </div>
   <div class='ocr_carea' id='block_1_54' title="bbox 491 3915 2066 3991">
    <p class='ocr_par' dir='ltr' id='par_1_54' title="bbox 491 3915 2066 3991">
     <span class='ocr_line' id='line_1_54' title="bbox 491 3915 2066 3991; baseline 0.002 -18"><span class='ocrx_word' id='word_1_363' title='bbox 491 3916 688 3973; x_wconf 87' lang='lat' dir='ltr'><strong>incidit</strong></span> <span class='ocrx_word' id='word_1_364' title='bbox 739 3924 959 3986; x_wconf 90' lang='lat' dir='ltr'><strong>pontem</strong></span> <span class='ocrx_word' id='word_1_365' title='bbox 1023 3931 1093 3971; x_wconf 90' lang='lat' dir='ltr'><strong>ex</strong></span> <span class='ocrx_word' id='word_1_366' title='bbox 1149 3915 1388 3972; x_wconf 87' lang='lat' dir='ltr'><strong>navibus</strong></span> <span class='ocrx_word' id='word_1_367' title='bbox 1432 3916 1661 3983; x_wconf 87' lang='lat' dir='ltr'><strong>factum,</strong></span> <span class='ocrx_word' id='word_1_368' title='bbox 1689 3925 1745 3974; x_wconf 91' lang='lat' dir='ltr'><strong>et</strong></span> <span class='ocrx_word' id='word_1_369' title='bbox 1767 3919 2066 3991; x_wconf 87' lang='lat' dir='ltr'><strong>assumptis</strong></span> 
     </span>
    </p>
   </div>
   <div class='ocr_carea' id='block_1_55' title="bbox 491 4007 2066 4083">
    <p class='ocr_par' dir='ltr' id='par_1_55' title="bbox 491 4007 2066 4083">
     <span class='ocr_line' id='line_1_55' title="bbox 491 4007 2066 4083; baseline 0.003 -19"><span class='ocrx_word' id='word_1_370' title='bbox 491 4023 676 4064; x_wconf 85' lang='lat' dir='ltr'><strong>secum</strong></span> <span class='ocrx_word' id='word_1_371' title='bbox 710 4008 970 4063; x_wconf 88' lang='lat' dir='ltr'><strong>omnibus</strong></span> <span class='ocrx_word' id='word_1_372' title='bbox 1016 4007 1267 4079; x_wconf 91' lang='lat' dir='ltr'><strong>pecuniis</strong></span> <span class='ocrx_word' id='word_1_373' title='bbox 1297 4023 1362 4064; x_wconf 91' lang='lat' dir='ltr'><strong>ac</strong></span> <span class='ocrx_word' id='word_1_374' title='bbox 1409 4008 1574 4064; x_wconf 91' lang='lat' dir='ltr'><strong>domo</strong></span> <span class='ocrx_word' id='word_1_375' title='bbox 1617 4024 1740 4076; x_wconf 89' lang='lat' dir='ltr'><strong>sua,</strong></span> <span class='ocrx_word' id='word_1_376' title='bbox 1769 4027 1895 4066; x_wconf 92' lang='lat' dir='ltr'><strong>eum</strong></span> <span class='ocrx_word' id='word_1_377' title='bbox 1925 4028 2066 4083; x_wconf 89' lang='lat' dir='ltr'><strong>qua-</strong></span> 
     </span>
    </p>
   </div>
   <div class='ocr_carea' id='block_1_56' title="bbox 491 4102 2067 4177">
    <p class='ocr_par' dir='ltr' id='par_1_56' title="bbox 491 4102 2067 4177">
     <span class='ocr_line' id='line_1_56' title="bbox 491 4102 2067 4177; baseline 0.004 -21"><span class='ocrx_word' id='word_1_378' title='bbox 491 4114 621 4157; x_wconf 85' lang='lat' dir='ltr'><strong>tuor</strong></span> <span class='ocrx_word' id='word_1_379' title='bbox 649 4102 896 4158; x_wconf 89' lang='lat' dir='ltr'><strong>millibus</strong></span> <span class='ocrx_word' id='word_1_380' title='bbox 921 4102 1059 4158; x_wconf 89' lang='lat' dir='ltr'><strong>viris</strong></span> <span class='ocrx_word' id='word_1_381' title='bbox 1079 4102 1390 4158; x_wconf 88' lang='lat' dir='ltr'><strong>vernaculis</strong></span> <span class='ocrx_word' id='word_1_382' title='bbox 1443 4103 1561 4160; x_wconf 89' lang='lat' dir='ltr'><strong>suis</strong></span> <span class='ocrx_word' id='word_1_383' title='bbox 1594 4102 1721 4176; x_wconf 87' lang='lat' dir='ltr'><strong>fuga</strong></span> <span class='ocrx_word' id='word_1_384' title='bbox 1748 4104 1936 4177; x_wconf 86' lang='lat' dir='ltr'><strong>lapsus</strong></span> <span class='ocrx_word' id='word_1_385' title='bbox 1981 4114 2067 4162; x_wconf 89' lang='lat' dir='ltr'><strong>est</strong></span> 
     </span>
    </p>
   </div>
   <div class='ocr_carea' id='block_1_57' title="bbox 492 4196 887 4270">
    <p class='ocr_par' dir='ltr' id='par_1_57' title="bbox 492 4196 887 4270">
     <span class='ocr_line' id='line_1_57' title="bbox 492 4196 887 4270; baseline 0.003 -17"><span class='ocrx_word' id='word_1_386' title='bbox 492 4197 551 4254; x_wconf 89' lang='lat' dir='ltr'><strong>in</strong></span> <span class='ocrx_word' id='word_1_387' title='bbox 574 4196 887 4270; x_wconf 59' lang='lat' dir='ltr'><strong>Egyptian}.</strong></span> 
     </span>
    </p>
   </div>
   <div class='ocr_carea' id='block_1_58' title="bbox 560 4289 2064 4364">
    <p class='ocr_par' dir='ltr' id='par_1_58' title="bbox 560 4289 2064 4364">
     <span class='ocr_line' id='line_1_58' title="bbox 560 4289 2064 4364; baseline 0.003 -20"><span class='ocrx_word' id='word_1_388' title='bbox 560 4289 720 4345; x_wconf 80' lang='lat' dir='ltr'><strong>Anno</strong></span> <span class='ocrx_word' id='word_1_389' title='bbox 780 4289 997 4361; x_wconf 90' lang='lat' dir='ltr'><strong>imperii</strong></span> <span class='ocrx_word' id='word_1_390' title='bbox 1031 4290 1381 4347; x_wconf 88' lang='lat' dir='ltr'><strong>Constantini</strong></span> <span class='ocrx_word' id='word_1_391' title='bbox 1416 4293 1450 4348; x_wconf 90' lang='lat'><strong>9</strong></span> <span class='ocrx_word' id='word_1_392' title='bbox 1499 4292 1940 4364; x_wconf 84' lang='lat' dir='ltr'><strong>persecutionem</strong></span> <span class='ocrx_word' id='word_1_393' title='bbox 1965 4307 2064 4364; x_wconf 88' lang='lat' dir='ltr'><strong>pa-</strong></span> 
     </span>
    </p>
   </div>
   <div class='ocr_carea' id='block_1_59' title="bbox 491 4385 2066 4459">
    <p class='ocr_par' dir='ltr' id='par_1_59' title="bbox 491 4385 2066 4459">
     <span class='ocr_line' id='line_1_59' title="bbox 491 4385 2066 4459; baseline 0.003 -19"><span class='ocrx_word' id='word_1_394' title='bbox 491 4385 630 4441; x_wconf 90' lang='lat' dir='ltr'><strong>titur</strong></span> <span class='ocrx_word' id='word_1_395' title='bbox 663 4385 946 4442; x_wconf 81' lang='lat' dir='ltr'><strong>Maruham</strong></span> <span class='ocrx_word' id='word_1_396' title='bbox 981 4402 1012 4442; x_wconf 92' lang='lat' dir='ltr'><strong>a</strong></span> <span class='ocrx_word' id='word_1_397' title='bbox 1043 4386 1466 4459; x_wconf 83' lang='lat' dir='ltr'><strong>Maurophoriis,</strong></span> <span class='ocrx_word' id='word_1_398' title='bbox 1517 4396 1575 4444; x_wconf 90' lang='lat' dir='ltr'><strong>et</strong></span> <span class='ocrx_word' id='word_1_399' title='bbox 1631 4390 2066 4459; x_wconf 90' lang='lat' dir='ltr'><strong>comprehensus</strong></span> 
     </span>
    </p>
   </div>
   <div class='ocr_carea' id='block_1_60' title="bbox 491 4477 2066 4550">
    <p class='ocr_par' dir='ltr' id='par_1_60' title="bbox 491 4477 2066 4550">
     <span class='ocr_line' id='line_1_60' title="bbox 491 4477 2066 4550; baseline 0.003 -20"><span class='ocrx_word' id='word_1_400' title='bbox 491 4477 561 4530; x_wconf 90' lang='lat' dir='ltr'><strong>ab</strong></span> <span class='ocrx_word' id='word_1_401' title='bbox 590 4477 670 4532; x_wconf 90' lang='lat' dir='ltr'><strong>eis</strong></span> <span class='ocrx_word' id='word_1_402' title='bbox 714 4477 1005 4544; x_wconf 89' lang='lat' dir='ltr'><strong>occiditur,</strong></span> <span class='ocrx_word' id='word_1_403' title='bbox 1064 4478 1210 4534; x_wconf 91' lang='lat' dir='ltr'><strong>bello</strong></span> <span class='ocrx_word' id='word_1_404' title='bbox 1247 4488 1402 4550; x_wconf 89' lang='lat' dir='ltr'><strong>gesto</strong></span> <span class='ocrx_word' id='word_1_405' title='bbox 1448 4478 1795 4550; x_wconf 84' lang='lat' dir='ltr'><strong>gravissimo.</strong></span> <span class='ocrx_word' id='word_1_406' title='bbox 1825 4480 2066 4537; x_wconf 66' lang='lat' dir='ltr'><strong>Praeerat</strong></span> 
     </span>
    </p>
   </div>
   <div class='ocr_carea' id='block_1_61' title="bbox 491 4569 2065 4643">
    <p class='ocr_par' dir='ltr' id='par_1_61' title="bbox 491 4569 2065 4643">
     <span class='ocr_line' id='line_1_61' title="bbox 491 4569 2065 4643; baseline 0.003 -21"><span class='ocrx_word' id='word_1_407' title='bbox 491 4577 676 4623; x_wconf 86' lang='lat' dir='ltr'><strong>autem</strong></span> <span class='ocrx_word' id='word_1_408' title='bbox 713 4569 795 4624; x_wconf 89' lang='lat' dir='ltr'><strong>eis</strong></span> <span class='ocrx_word' id='word_1_409' title='bbox 827 4569 1006 4625; x_wconf 87' lang='lat' dir='ltr'><strong>Salich</strong></span> <span class='ocrx_word' id='word_1_410' title='bbox 1042 4570 1188 4626; x_wconf 76' lang='lat' dir='ltr'><strong>filius</strong></span> <span class='ocrx_word' id='word_1_411' title='bbox 1208 4570 1404 4635; x_wconf 84' lang='lat' dir='ltr'><strong>Halim,</strong></span> <span class='ocrx_word' id='word_1_412' title='bbox 1438 4569 1530 4640; x_wconf 92' lang='lat' dir='ltr'><strong>qui</strong></span> <span class='ocrx_word' id='word_1_413' title='bbox 1565 4587 1707 4628; x_wconf 89' lang='lat' dir='ltr'><strong>unus</strong></span> <span class='ocrx_word' id='word_1_414' title='bbox 1734 4588 1802 4628; x_wconf 84' lang='lat' dir='ltr'><strong>ex</strong></span> <span class='ocrx_word' id='word_1_415' title='bbox 1827 4571 2065 4643; x_wconf 64' lang='lat' dir='ltr'><strong>praelatis</strong></span> 
     </span>
    </p>
   </div>
   <div class='ocr_carea' id='block_1_62' title="bbox 491 4660 2065 4732">
    <p class='ocr_par' dir='ltr' id='par_1_62' title="bbox 491 4660 2065 4732">
     <span class='ocr_line' id='line_1_62' title="bbox 491 4660 2065 4732; baseline 0.003 -19"><span class='ocrx_word' id='word_1_416' title='bbox 491 4660 736 4732; x_wconf 80' lang='lat' dir='ltr'><strong>profugis</strong></span> <span class='ocrx_word' id='word_1_417' title='bbox 766 4671 903 4726; x_wconf 85' lang='lat' dir='ltr'><strong>erat.</strong></span> <span class='ocrx_word' id='word_1_418' title='bbox 929 4662 1025 4732; x_wconf 91' lang='lat' dir='ltr'><strong>qui</strong></span> <span class='ocrx_word' id='word_1_419' title='bbox 1049 4671 1105 4718; x_wconf 91' lang='lat' dir='ltr'><strong>et</strong></span> <span class='ocrx_word' id='word_1_420' title='bbox 1135 4662 1511 4718; x_wconf 88' lang='lat' dir='ltr'><strong>destinaverat</strong></span> <span class='ocrx_word' id='word_1_421' title='bbox 1559 4663 1887 4720; x_wconf 84' lang='lat' dir='ltr'><strong>Bumuslim.</strong></span> <span class='ocrx_word' id='word_1_422' title='bbox 1910 4664 2065 4720; x_wconf 82' lang='lat' dir='ltr'><strong>Reli-</strong></span> 
     </span>
    </p>
   </div>
   <div class='ocr_carea' id='block_1_63' title="bbox 491 4752 2063 4825">
    <p class='ocr_par' dir='ltr' id='par_1_63' title="bbox 491 4752 2063 4825">
     <span class='ocr_line' id='line_1_63' title="bbox 491 4752 2063 4825; baseline 0.003 -19"><span class='ocrx_word' id='word_1_423' title='bbox 491 4752 584 4822; x_wconf 91' lang='lat' dir='ltr'><strong>qui</strong></span> <span class='ocrx_word' id='word_1_424' title='bbox 614 4767 746 4807; x_wconf 89' lang='lat' dir='ltr'><strong>vero</strong></span> <span class='ocrx_word' id='word_1_425' title='bbox 777 4753 1090 4825; x_wconf 89' lang='lat' dir='ltr'><strong>congregati</strong></span> <span class='ocrx_word' id='word_1_426' title='bbox 1125 4761 1316 4809; x_wconf 91' lang='lat' dir='ltr'><strong>contra</strong></span> <span class='ocrx_word' id='word_1_427' title='bbox 1353 4753 1655 4810; x_wconf 87' lang='lat' dir='ltr'><strong>Samariam</strong></span> <span class='ocrx_word' id='word_1_428' title='bbox 1709 4763 1768 4812; x_wconf 91' lang='lat' dir='ltr'><strong>et</strong></span> <span class='ocrx_word' id='word_1_429' title='bbox 1819 4755 2063 4811; x_wconf 89' lang='lat' dir='ltr'><strong>Tracbo-</strong></span> 
     </span>
    </p>
   </div>
   <div class='ocr_carea' id='block_1_64' title="bbox 491 4833 2067 4916">
    <p class='ocr_par' dir='ltr' id='par_1_64' title="bbox 491 4833 2067 4916">
     <span class='ocr_line' id='line_1_64' title="bbox 491 4833 2067 4916; baseline 0.004 -17"><span class='ocrx_word' id='word_1_430' title='bbox 491 4844 723 4899; x_wconf 88' lang='lat' dir='ltr'><strong>nitidem</strong></span> <span class='ocrx_word' id='word_1_431' title='bbox 781 4844 1064 4915; x_wconf 87' lang='lat' dir='ltr'><strong>regionem</strong></span> <span class='ocrx_word' id='word_1_432' title='bbox 1126 4855 1277 4901; x_wconf 86' lang='lat' dir='ltr'><strong>sorte</strong></span> <span class='ocrx_word' id='word_1_433' title='bbox 1331 4846 1704 4916; x_wconf 86' lang='lat' dir='ltr'><strong>principatum</strong></span> <span class='ocrx_word' id='word_1_434' title='bbox 1764 4833 2067 4905; x_wconf 77' lang='lat' dir='ltr'><strong>distribue-</strong></span> 
     </span>
    </p>
   </div>
   <div class='ocr_carea' id='block_1_65' title="bbox 492 4934 2067 5009">
    <p class='ocr_par' dir='ltr' id='par_1_65' title="bbox 492 4934 2067 5009">
     <span class='ocr_line' id='line_1_65' title="bbox 492 4934 2067 5009; baseline 0.003 -19"><span class='ocrx_word' id='word_1_435' title='bbox 492 4945 642 4999; x_wconf 91' lang='lat' dir='ltr'><strong>runt,</strong></span> <span class='ocrx_word' id='word_1_436' title='bbox 683 4935 947 4991; x_wconf 86' lang='lat' dir='ltr'><strong>Abulalas</strong></span> <span class='ocrx_word' id='word_1_437' title='bbox 989 4935 1221 5001; x_wconf 87' lang='lat' dir='ltr'><strong>scilicet,</strong></span> <span class='ocrx_word' id='word_1_438' title='bbox 1256 4946 1314 4990; x_wconf 92' lang='lat' dir='ltr'><strong>et</strong></span> <span class='ocrx_word' id='word_1_439' title='bbox 1364 4944 1491 5006; x_wconf 91' lang='lat' dir='ltr'><strong>post</strong></span> <span class='ocrx_word' id='word_1_440' title='bbox 1528 4934 1682 4990; x_wconf 91' lang='lat' dir='ltr'><strong>illum</strong></span> <span class='ocrx_word' id='word_1_441' title='bbox 1715 4935 1915 4992; x_wconf 90' lang='lat' dir='ltr'><strong>fratres</strong></span> <span class='ocrx_word' id='word_1_442' title='bbox 1946 4940 2067 5009; x_wconf 85' lang='lat' dir='ltr'><strong>ejus</strong></span> 
     </span>
    </p>
   </div>
   <div class='ocr_carea' id='block_1_66' title="bbox 491 5028 2066 5102">
    <p class='ocr_par' dir='ltr' id='par_1_66' title="bbox 491 5028 2066 5102">
     <span class='ocr_line' id='line_1_66' title="bbox 491 5028 2066 5102; baseline 0.001 -18"><span class='ocrx_word' id='word_1_443' title='bbox 491 5028 720 5092; x_wconf 78' lang='lat' dir='ltr'><strong>Abdela,</strong></span> <span class='ocrx_word' id='word_1_444' title='bbox 743 5037 801 5084; x_wconf 91' lang='lat' dir='ltr'><strong>et</strong></span> <span class='ocrx_word' id='word_1_445' title='bbox 833 5028 1117 5100; x_wconf 88' lang='lat' dir='ltr'><strong>posthunc</strong></span> <span class='ocrx_word' id='word_1_446' title='bbox 1145 5028 1392 5084; x_wconf 86' lang='lat' dir='ltr'><strong>Hiseidin</strong></span> <span class='ocrx_word' id='word_1_447' title='bbox 1429 5029 1613 5084; x_wconf 67' lang='lat' dir='ltr'><strong>Musae.</strong></span> <span class='ocrx_word' id='word_1_448' title='bbox 1654 5028 1722 5085; x_wconf 85' lang='lat' dir='ltr'><strong>Et</strong></span> <span class='ocrx_word' id='word_1_449' title='bbox 1747 5028 1914 5102; x_wconf 57' lang='lat' dir='ltr'><strong>Syria</strong></span> <span class='ocrx_word' id='word_1_450' title='bbox 1940 5031 2066 5102; x_wconf 86' lang='lat' dir='ltr'><strong>qui-</strong></span> 
     </span>
    </p>
   </div>
   <div class='ocr_carea' id='block_1_67' title="bbox 492 5122 2066 5192">
    <p class='ocr_par' dir='ltr' id='par_1_67' title="bbox 492 5122 2066 5192">
     <span class='ocr_line' id='line_1_67' title="bbox 492 5122 2066 5192; baseline 0.002 -15"><span class='ocrx_word' id='word_1_451' title='bbox 492 5123 618 5177; x_wconf 89' lang='lat' dir='ltr'><strong>dem</strong></span> <span class='ocrx_word' id='word_1_452' title='bbox 651 5129 923 5189; x_wconf 71' lang='lat' dir='ltr'><strong>aummam</strong></span> <span class='ocrx_word' id='word_1_453' title='bbox 958 5131 1252 5192; x_wconf 60' lang='lat' dir='ltr'><strong>praeturam</strong></span> <span class='ocrx_word' id='word_1_454' title='bbox 1308 5129 1633 5177; x_wconf 89' lang='lat' dir='ltr'><strong>taxaverunt</strong></span> <span class='ocrx_word' id='word_1_455' title='bbox 1680 5122 2066 5181; x_wconf 67' lang='lat' dir='ltr'><strong>Abdelam&#39;te-</strong></span> 
     </span>
    </p>
   </div>
   <div class='ocr_carea' id='block_1_68' title="bbox 490 5215 2066 5288">
    <p class='ocr_par' dir='ltr' id='par_1_68' title="bbox 490 5215 2066 5288">
     <span class='ocr_line' id='line_1_68' title="bbox 490 5215 2066 5288; baseline 0.001 -15"><span class='ocrx_word' id='word_1_456' title='bbox 490 5232 624 5273; x_wconf 92' lang='lat' dir='ltr'><strong>nere</strong></span> <span class='ocrx_word' id='word_1_457' title='bbox 657 5216 831 5272; x_wconf 88' lang='lat' dir='ltr'><strong>lilium</strong></span> <span class='ocrx_word' id='word_1_458' title='bbox 877 5215 1078 5283; x_wconf 85' lang='lat' dir='ltr'><strong>Halim,</strong></span> <span class='ocrx_word' id='word_1_459' title='bbox 1114 5217 1338 5272; x_wconf 88' lang='lat' dir='ltr'><strong>fratrem</strong></span> <span class='ocrx_word' id='word_1_460' title='bbox 1370 5230 1502 5273; x_wconf 91' lang='lat' dir='ltr'><strong>vero</strong></span> <span class='ocrx_word' id='word_1_461' title='bbox 1533 5215 1721 5285; x_wconf 88' lang='lat' dir='ltr'><strong>Salim,</strong></span> <span class='ocrx_word' id='word_1_462' title='bbox 1752 5217 1931 5288; x_wconf 89' lang='lat' dir='ltr'><strong>ipsum</strong></span> <span class='ocrx_word' id='word_1_463' title='bbox 1963 5234 2066 5274; x_wconf 89' lang='lat' dir='ltr'><strong>au-</strong></span> 
     </span>
    </p>
   </div>
   <div class='ocr_carea' id='block_1_69' title="bbox 492 5302 2068 5378">
    <p class='ocr_par' dir='ltr' id='par_1_69' title="bbox 492 5302 2068 5378">
     <span class='ocr_line' id='line_1_69' title="bbox 492 5302 2068 5378; baseline -0.001 -14"><span class='ocrx_word' id='word_1_464' title='bbox 492 5317 603 5364; x_wconf 84' lang='lat' dir='ltr'><strong>tem</strong></span> <span class='ocrx_word' id='word_1_465' title='bbox 637 5307 804 5363; x_wconf 90' lang='lat' dir='ltr'><strong>Salim</strong></span> <span class='ocrx_word' id='word_1_466' title='bbox 861 5302 1094 5378; x_wconf 68' lang='lat' dir='ltr'><strong>Egypto</strong></span> <span class='ocrx_word' id='word_1_467' title='bbox 1127 5321 1383 5378; x_wconf 62' lang='lat' dir='ltr'><strong>prmesse.</strong></span> <span class='ocrx_word' id='word_1_468' title='bbox 1442 5306 1617 5362; x_wconf 90' lang='lat' dir='ltr'><strong>Porro</strong></span> <span class='ocrx_word' id='word_1_469' title='bbox 1660 5305 1923 5362; x_wconf 81' lang='lat' dir='ltr'><strong>Abdelam</strong></span> <span class='ocrx_word' id='word_1_470' title='bbox 1957 5307 2068 5362; x_wconf 83' lang='lat' dir='ltr'><strong>fra-</strong></span> 
     </span>
    </p>
   </div>
   <div class='ocr_carea' id='block_1_70' title="bbox 493 5398 2066 5470">
    <p class='ocr_par' dir='ltr' id='par_1_70' title="bbox 493 5398 2066 5470">
     <span class='ocr_line' id='line_1_70' title="bbox 493 5398 2066 5470; baseline 0.001 -14"><span class='ocrx_word' id='word_1_471' title='bbox 493 5411 637 5456; x_wconf 90' lang='lat' dir='ltr'><strong>trem</strong></span> <span class='ocrx_word' id='word_1_472' title='bbox 664 5398 942 5455; x_wconf 87' lang='lat' dir='ltr'><strong>Abulabas</strong></span> <span class='ocrx_word' id='word_1_473' title='bbox 972 5399 1041 5455; x_wconf 88' lang='lat' dir='ltr'><strong>ab</strong></span> <span class='ocrx_word' id='word_1_474' title='bbox 1075 5399 1170 5454; x_wconf 91' lang='lat' dir='ltr'><strong>illo</strong></span> <span class='ocrx_word' id='word_1_475' title='bbox 1219 5398 1424 5455; x_wconf 89' lang='lat' dir='ltr'><strong>habere</strong></span> <span class='ocrx_word' id='word_1_476' title='bbox 1468 5408 1676 5454; x_wconf 91' lang='lat' dir='ltr'><strong>sortem</strong></span> <span class='ocrx_word' id='word_1_477' title='bbox 1725 5399 2066 5470; x_wconf 83' lang='lat' dir='ltr'><strong>principatus</strong></span> 
     </span>
    </p>
   </div>
   <div class='ocr_carea' id='block_1_71' title="bbox 493 5491 2066 5565">
    <p class='ocr_par' dir='ltr' id='par_1_71' title="bbox 493 5491 2066 5565">
     <span class='ocr_line' id='line_1_71' title="bbox 493 5491 2066 5565; baseline -0.001 -16"><span class='ocrx_word' id='word_1_478' title='bbox 493 5508 663 5565; x_wconf 87' lang='lat' dir='ltr'><strong>super</strong></span> <span class='ocrx_word' id='word_1_479' title='bbox 700 5492 1148 5564; x_wconf 81' lang='lat' dir='ltr'><strong>Mesopotamiam</strong></span> <span class='ocrx_word' id='word_1_480' title='bbox 1180 5500 1516 5547; x_wconf 88' lang='lat' dir='ltr'><strong>statuerunt.</strong></span> <span class='ocrx_word' id='word_1_481' title='bbox 1543 5491 1665 5562; x_wconf 90' lang='lat' dir='ltr'><strong>ipse</strong></span> <span class='ocrx_word' id='word_1_482' title='bbox 1703 5506 1834 5548; x_wconf 87' lang='lat' dir='ltr'><strong>sane</strong></span> <span class='ocrx_word' id='word_1_483' title='bbox 1859 5491 2066 5548; x_wconf 77' lang='lat' dir='ltr'><strong>Abula-</strong></span> 
     </span>
    </p>
   </div>
   <div class='ocr_carea' id='block_1_72' title="bbox 495 5585 2065 5658">
    <p class='ocr_par' dir='ltr' id='par_1_72' title="bbox 495 5585 2065 5658">
     <span class='ocr_line' id='line_1_72' title="bbox 495 5585 2065 5658; baseline 0.001 -16"><span class='ocrx_word' id='word_1_484' title='bbox 495 5588 614 5652; x_wconf 85' lang='lat' dir='ltr'><strong>bas,</strong></span> <span class='ocrx_word' id='word_1_485' title='bbox 649 5586 743 5658; x_wconf 84' lang='lat' dir='ltr'><strong>qui</strong></span> <span class='ocrx_word' id='word_1_486' title='bbox 769 5595 826 5642; x_wconf 90' lang='lat' dir='ltr'><strong>et</strong></span> <span class='ocrx_word' id='word_1_487' title='bbox 871 5585 1117 5642; x_wconf 90' lang='lat' dir='ltr'><strong>omnium</strong></span> <span class='ocrx_word' id='word_1_488' title='bbox 1150 5587 1356 5657; x_wconf 87' lang='lat' dir='ltr'><strong>primas</strong></span> <span class='ocrx_word' id='word_1_489' title='bbox 1391 5587 1722 5652; x_wconf 88' lang='lat' dir='ltr'><strong>habebatur,</strong></span> <span class='ocrx_word' id='word_1_490' title='bbox 1751 5587 1804 5641; x_wconf 92' lang='lat' dir='ltr'><strong>in</strong></span> <span class='ocrx_word' id='word_1_491' title='bbox 1840 5587 2065 5644; x_wconf 87' lang='lat' dir='ltr'><strong>Perside</strong></span> 
     </span>
    </p>
   </div>
   <div class='ocr_carea' id='block_1_73' title="bbox 493 5679 2063 5749">
    <p class='ocr_par' dir='ltr' id='par_1_73' title="bbox 493 5679 2063 5749">
     <span class='ocr_line' id='line_1_73' title="bbox 493 5679 2063 5749; baseline -0.001 -15"><span class='ocrx_word' id='word_1_492' title='bbox 493 5679 656 5744; x_wconf 88' lang='lat' dir='ltr'><strong>sedit,</strong></span> <span class='ocrx_word' id='word_1_493' title='bbox 690 5679 953 5735; x_wconf 88' lang='lat' dir='ltr'><strong>translato</strong></span> <span class='ocrx_word' id='word_1_494' title='bbox 972 5693 1192 5749; x_wconf 83' lang='lat' dir='ltr'><strong>quoque</strong></span> <span class='ocrx_word' id='word_1_495' title='bbox 1219 5679 1524 5749; x_wconf 88' lang='lat' dir='ltr'><strong>principatu</strong></span> <span class='ocrx_word' id='word_1_496' title='bbox 1544 5679 1646 5734; x_wconf 91' lang='lat' dir='ltr'><strong>sub</strong></span> <span class='ocrx_word' id='word_1_497' title='bbox 1667 5695 1725 5734; x_wconf 89' lang='lat' dir='ltr'><strong>se</strong></span> <span class='ocrx_word' id='word_1_498' title='bbox 1752 5679 2063 5744; x_wconf 86' lang='lat' dir='ltr'><strong>Persarum,</strong></span> 
     </span>
    </p>
   </div>
   <div class='ocr_carea' id='block_1_74' title="bbox 489 5757 2064 5841">
    <p class='ocr_par' dir='ltr' id='par_1_74' title="bbox 489 5757 2064 5841">
     <span class='ocr_line' id='line_1_74' title="bbox 489 5757 2064 5841; baseline -0.002 -15"><span class='ocrx_word' id='word_1_499' title='bbox 489 5770 587 5841; x_wconf 90' lang='lat' dir='ltr'><strong>qui</strong></span> <span class='ocrx_word' id='word_1_500' title='bbox 624 5769 676 5825; x_wconf 91' lang='lat' dir='ltr'><strong>ei</strong></span> <span class='ocrx_word' id='word_1_501' title='bbox 713 5757 977 5827; x_wconf 25' lang='lat' dir='ltr'><strong>iauxiliati</strong></span> <span class='ocrx_word' id='word_1_502' title='bbox 1034 5770 1253 5826; x_wconf 80' lang='lat' dir='ltr'><strong>fuerant</strong></span> <span class='ocrx_word' id='word_1_503' title='bbox 1287 5763 1322 5824; x_wconf 34' lang='lat' dir='ltr'><strong>a&#39;</strong></span> <span class='ocrx_word' id='word_1_504' title='bbox 1356 5771 1639 5827; x_wconf 87' lang='lat' dir='ltr'><strong>Damasco.</strong></span> <span class='ocrx_word' id='word_1_505' title='bbox 1692 5769 1753 5824; x_wconf 91' lang='lat' dir='ltr'><strong>lli</strong></span> <span class='ocrx_word' id='word_1_506' title='bbox 1791 5786 1921 5824; x_wconf 86' lang='lat' dir='ltr'><strong>vero</strong></span> <span class='ocrx_word' id='word_1_507' title='bbox 1968 5770 2064 5841; x_wconf 92' lang='lat' dir='ltr'><strong>qui</strong></span> 
     </span>
    </p>
   </div>
   <div class='ocr_carea' id='block_1_75' title="bbox 498 5861 2064 5933">
    <p class='ocr_par' dir='ltr' id='par_1_75' title="bbox 498 5861 2064 5933">
     <span class='ocr_line' id='line_1_75' title="bbox 498 5861 2064 5933; baseline 0.001 -15"><span class='ocrx_word' id='word_1_508' title='bbox 498 5862 688 5918; x_wconf 79' lang='lat' dir='ltr'><strong>salvati</strong></span> <span class='ocrx_word' id='word_1_509' title='bbox 715 5862 953 5930; x_wconf 88' lang='lat' dir='ltr'><strong>fuerant,</strong></span> <span class='ocrx_word' id='word_1_510' title='bbox 983 5871 1088 5917; x_wconf 90' lang='lat' dir='ltr'><strong>tam</strong></span> <span class='ocrx_word' id='word_1_511' title='bbox 1111 5861 1367 5919; x_wconf 88' lang='lat' dir='ltr'><strong>videlicet</strong></span> <span class='ocrx_word' id='word_1_512' title='bbox 1398 5861 1493 5918; x_wconf 77' lang='lat' dir='ltr'><strong>filii</strong></span> <span class='ocrx_word' id='word_1_513' title='bbox 1529 5878 1690 5932; x_wconf 86' lang='lat' dir='ltr'><strong>quam</strong></span> <span class='ocrx_word' id='word_1_514' title='bbox 1715 5863 1932 5933; x_wconf 86' lang='lat' dir='ltr'><strong>cognati</strong></span> <span class='ocrx_word' id='word_1_515' title='bbox 1956 5862 2064 5919; x_wconf 76' lang='lat' dir='ltr'><strong>Ma-</strong></span> 
     </span>
    </p>
   </div>
   <div class='ocr_carea' id='block_1_76' title="bbox 2093 3239 2137 3303">
    <p class='ocr_par' dir='ltr' id='par_1_76' title="bbox 2093 3239 2137 3303">
     <span class='ocr_line' id='line_1_76' title="bbox 2093 3239 2137 3303; baseline 0 0"><span class='ocrx_word' id='word_1_516' title='bbox 2093 3239 2137 3303; x_wconf 90' lang='lat' dir='ltr'><strong>C</strong></span> 
     </span>
    </p>
   </div>
   <div class='ocr_carea' id='block_1_77' title="bbox 2173 1977 3753 2056">
    <p class='ocr_par' dir='ltr' id='par_1_77' title="bbox 2173 1977 3753 2056">
     <span class='ocr_line' id='line_1_77' title="bbox 2173 1977 3753 2056; baseline 0.004 -24"><span class='ocrx_word' id='word_1_517' title='bbox 2173 1977 2378 2034; x_wconf 90' lang='lat' dir='ltr'><strong>riarum</strong></span> <span class='ocrx_word' id='word_1_518' title='bbox 2409 1980 2652 2051; x_wconf 83' lang='lat' dir='ltr'><strong>ejusdem</strong></span> <span class='ocrx_word' id='word_1_519' title='bbox 2691 1981 2870 2036; x_wconf 66' lang='lat' dir='ltr'><strong>tertia:</strong></span> <span class='ocrx_word' id='word_1_520' title='bbox 2917 1982 3236 2038; x_wconf 91' lang='lat' dir='ltr'><strong>indictionis</strong></span> <span class='ocrx_word' id='word_1_521' title='bbox 3266 1992 3434 2039; x_wconf 88' lang='lat' dir='ltr'><strong>natus</strong></span> <span class='ocrx_word' id='word_1_522' title='bbox 3459 1993 3543 2038; x_wconf 89' lang='lat' dir='ltr'><strong>est</strong></span> <span class='ocrx_word' id='word_1_523' title='bbox 3579 1983 3753 2056; x_wconf 88' lang='lat' dir='ltr'><strong>impe-</strong></span> 
     </span>
    </p>
   </div>
   <div class='ocr_carea' id='block_1_78' title="bbox 2173 2071 3750 2145">
    <p class='ocr_par' dir='ltr' id='par_1_78' title="bbox 2173 2071 3750 2145">
     <span class='ocr_line' id='line_1_78' title="bbox 2173 2071 3750 2145; baseline 0.003 -20"><span class='ocrx_word' id='word_1_524' title='bbox 2173 2071 2343 2126; x_wconf 89' lang='lat' dir='ltr'><strong>ratori</strong></span> <span class='ocrx_word' id='word_1_525' title='bbox 2375 2071 2737 2128; x_wconf 89' lang='lat' dir='ltr'><strong>Constantino</strong></span> <span class='ocrx_word' id='word_1_526' title='bbox 2767 2073 2933 2136; x_wconf 85' lang='lat' dir='ltr'><strong>filius,</strong></span> <span class='ocrx_word' id='word_1_527' title='bbox 2951 2090 3115 2145; x_wconf 89' lang='lat' dir='ltr'><strong>quem</strong></span> <span class='ocrx_word' id='word_1_528' title='bbox 3145 2074 3451 2130; x_wconf 83' lang='lat' dir='ltr'><strong>nominavit</strong></span> <span class='ocrx_word' id='word_1_529' title='bbox 3481 2074 3750 2142; x_wconf 84' lang='lat' dir='ltr'><strong>Leonem,</strong></span> 
     </span>
    </p>
   </div>
   <div class='ocr_carea' id='block_1_79' title="bbox 2171 2164 2964 2236">
    <p class='ocr_par' dir='ltr' id='par_1_79' title="bbox 2171 2164 2964 2236">
     <span class='ocr_line' id='line_1_79' title="bbox 2171 2164 2964 2236; baseline 0.003 -17"><span class='ocrx_word' id='word_1_530' title='bbox 2171 2180 2240 2220; x_wconf 88' lang='lat' dir='ltr'><strong>ex</strong></span> <span class='ocrx_word' id='word_1_531' title='bbox 2268 2164 2499 2236; x_wconf 88' lang='lat' dir='ltr'><strong>chagani</strong></span> <span class='ocrx_word' id='word_1_532' title='bbox 2522 2164 2802 2222; x_wconf 70' lang='lat' dir='ltr'><strong>Chazariae</strong></span> <span class='ocrx_word' id='word_1_533' title='bbox 2833 2166 2964 2221; x_wconf 83' lang='lat' dir='ltr'><strong>lilia.</strong></span> 
     </span>
    </p>
   </div>
   <div class='ocr_carea' id='block_1_80' title="bbox 2242 2257 3754 2336">
    <p class='ocr_par' dir='ltr' id='par_1_80' title="bbox 2242 2257 3754 2336">
     <span class='ocr_line' id='line_1_80' title="bbox 2242 2257 3754 2336; baseline 0.007 -26"><span class='ocrx_word' id='word_1_534' title='bbox 2242 2257 2400 2312; x_wconf 78' lang='lat' dir='ltr'><strong>Anno</strong></span> <span class='ocrx_word' id='word_1_535' title='bbox 2427 2273 2560 2313; x_wconf 90' lang='lat' dir='ltr'><strong>vero</strong></span> <span class='ocrx_word' id='word_1_536' title='bbox 2588 2258 2785 2315; x_wconf 92' lang='lat' dir='ltr'><strong>eodem</strong></span> <span class='ocrx_word' id='word_1_537' title='bbox 2816 2261 2994 2316; x_wconf 89' lang='lat' dir='ltr'><strong>factus</strong></span> <span class='ocrx_word' id='word_1_538' title='bbox 3018 2269 3104 2317; x_wconf 89' lang='lat' dir='ltr'><strong>est</strong></span> <span class='ocrx_word' id='word_1_539' title='bbox 3132 2270 3291 2318; x_wconf 66' lang='lat' dir='ltr'><strong>terrae</strong></span> <span class='ocrx_word' id='word_1_540' title='bbox 3333 2270 3520 2319; x_wconf 91' lang='lat' dir='ltr'><strong>motus</strong></span> <span class='ocrx_word' id='word_1_541' title='bbox 3563 2263 3620 2318; x_wconf 90' lang='lat' dir='ltr'><strong>in</strong></span> <span class='ocrx_word' id='word_1_542' title='bbox 3651 2260 3754 2336; x_wconf 82' lang='lat' dir='ltr'><strong>Sy-</strong></span> 
     </span>
    </p>
   </div>
   <div class='ocr_carea' id='block_1_81' title="bbox 2173 2349 3752 2423">
    <p class='ocr_par' dir='ltr' id='par_1_81' title="bbox 2173 2349 3752 2423">
     <span class='ocr_line' id='line_1_81' title="bbox 2173 2349 3752 2423; baseline 0.005 -19"><span class='ocrx_word' id='word_1_543' title='bbox 2173 2349 2277 2416; x_wconf 85' lang='lat' dir='ltr'><strong>ria,</strong></span> <span class='ocrx_word' id='word_1_544' title='bbox 2319 2360 2376 2406; x_wconf 91' lang='lat' dir='ltr'><strong>et</strong></span> <span class='ocrx_word' id='word_1_545' title='bbox 2432 2351 2626 2423; x_wconf 89' lang='lat' dir='ltr'><strong>ingens</strong></span> <span class='ocrx_word' id='word_1_546' title='bbox 2644 2368 2711 2408; x_wconf 87' lang='lat' dir='ltr'><strong>ac</strong></span> <span class='ocrx_word' id='word_1_547' title='bbox 2751 2353 3026 2410; x_wconf 88' lang='lat' dir='ltr'><strong>terribilis</strong></span> <span class='ocrx_word' id='word_1_548' title='bbox 3053 2371 3234 2420; x_wconf 87' lang='lat' dir='ltr'><strong>casus,</strong></span> <span class='ocrx_word' id='word_1_549' title='bbox 3280 2356 3428 2412; x_wconf 88' lang='lat' dir='ltr'><strong>unde</strong></span> <span class='ocrx_word' id='word_1_550' title='bbox 3461 2357 3752 2413; x_wconf 88' lang='lat' dir='ltr'><strong>civitatum</strong></span> 
     </span>
    </p>
   </div>
   <div class='ocr_carea' id='block_1_82' title="bbox 2171 2443 3754 2517">
    <p class='ocr_par' dir='ltr' id='par_1_82' title="bbox 2171 2443 3754 2517">
     <span class='ocr_line' id='line_1_82' title="bbox 2171 2443 3754 2517; baseline 0.003 -18"><span class='ocrx_word' id='word_1_551' title='bbox 2171 2443 2293 2500; x_wconf 62' lang='lat' dir='ltr'><strong>aliae</strong></span> <span class='ocrx_word' id='word_1_552' title='bbox 2322 2443 2546 2513; x_wconf 92' lang='lat' dir='ltr'><strong>quidem</strong></span> <span class='ocrx_word' id='word_1_553' title='bbox 2589 2446 2811 2517; x_wconf 91' lang='lat' dir='ltr'><strong>penitus</strong></span> <span class='ocrx_word' id='word_1_554' title='bbox 2841 2448 3222 2504; x_wconf 57' lang='lat' dir='ltr'><strong>exterminata!</strong></span> <span class='ocrx_word' id='word_1_555' title='bbox 3266 2457 3417 2514; x_wconf 88' lang='lat' dir='ltr'><strong>sunt,</strong></span> <span class='ocrx_word' id='word_1_556' title='bbox 3467 2449 3591 2505; x_wconf 72' lang='lat' dir='ltr'><strong>aliae</strong></span> <span class='ocrx_word' id='word_1_557' title='bbox 3621 2465 3754 2504; x_wconf 86' lang='lat' dir='ltr'><strong>vero</strong></span> 
     </span>
    </p>
   </div>
   <div class='ocr_carea' id='block_1_83' title="bbox 2171 2536 3755 2612">
    <p class='ocr_par' dir='ltr' id='par_1_83' title="bbox 2171 2536 3755 2612">
     <span class='ocr_line' id='line_1_83' title="bbox 2171 2536 3755 2612; baseline 0.003 -20"><span class='ocrx_word' id='word_1_558' title='bbox 2171 2536 2553 2603; x_wconf 90' lang='lat' dir='ltr'><strong>mediocriter,</strong></span> <span class='ocrx_word' id='word_1_559' title='bbox 2577 2538 2698 2593; x_wconf 70' lang='lat' dir='ltr'><strong>alia:</strong></span> <span class='ocrx_word' id='word_1_560' title='bbox 2739 2545 2924 2594; x_wconf 89' lang='lat' dir='ltr'><strong>autem</strong></span> <span class='ocrx_word' id='word_1_561' title='bbox 2975 2554 3005 2594; x_wconf 86' lang='lat' dir='ltr'><strong>a</strong></span> <span class='ocrx_word' id='word_1_562' title='bbox 3063 2541 3340 2596; x_wconf 86' lang='lat' dir='ltr'><strong>montanis</strong></span> <span class='ocrx_word' id='word_1_563' title='bbox 3377 2541 3447 2596; x_wconf 91' lang='lat' dir='ltr'><strong>ad</strong></span> <span class='ocrx_word' id='word_1_564' title='bbox 3502 2539 3755 2612; x_wconf 80' lang='lat' dir='ltr'><strong>subjecta</strong></span> 
     </span>
    </p>
   </div>
   <div class='ocr_carea' id='block_1_84' title="bbox 2172 2629 3755 2700">
    <p class='ocr_par' dir='ltr' id='par_1_84' title="bbox 2172 2629 3755 2700">
     <span class='ocr_line' id='line_1_84' title="bbox 2172 2629 3755 2700; baseline 0.001 -14"><span class='ocrx_word' id='word_1_565' title='bbox 2172 2629 2501 2700; x_wconf 87' lang='lat' dir='ltr'><strong>campestria</strong></span> <span class='ocrx_word' id='word_1_566' title='bbox 2537 2645 2662 2685; x_wconf 90' lang='lat' dir='ltr'><strong>eum</strong></span> <span class='ocrx_word' id='word_1_567' title='bbox 2689 2631 2865 2686; x_wconf 89' lang='lat' dir='ltr'><strong>muris</strong></span> <span class='ocrx_word' id='word_1_568' title='bbox 2885 2639 2943 2686; x_wconf 92' lang='lat' dir='ltr'><strong>et</strong></span> <span class='ocrx_word' id='word_1_569' title='bbox 2983 2630 3423 2688; x_wconf 82' lang='lat' dir='ltr'><strong>habitationibus</strong></span> <span class='ocrx_word' id='word_1_570' title='bbox 3453 2633 3574 2688; x_wconf 88' lang='lat' dir='ltr'><strong>suis</strong></span> <span class='ocrx_word' id='word_1_571' title='bbox 3606 2633 3755 2688; x_wconf 85' lang='lat' dir='ltr'><strong>inte-</strong></span> 
     </span>
    </p>
   </div>
   <div class='ocr_carea' id='block_1_85' title="bbox 2171 2719 3754 2794">
    <p class='ocr_par' dir='ltr' id='par_1_85' title="bbox 2171 2719 3754 2794">
     <span class='ocr_line' id='line_1_85' title="bbox 2171 2719 3754 2794; baseline 0.003 -19"><span class='ocrx_word' id='word_1_572' title='bbox 2171 2737 2281 2792; x_wconf 67' lang='lat' dir='ltr'><strong>gra:</strong></span> <span class='ocrx_word' id='word_1_573' title='bbox 2308 2719 2688 2793; x_wconf 88' lang='lat' dir='ltr'><strong>migraverunt</strong></span> <span class='ocrx_word' id='word_1_574' title='bbox 2715 2731 2772 2779; x_wconf 92' lang='lat' dir='ltr'><strong>et</strong></span> <span class='ocrx_word' id='word_1_575' title='bbox 2798 2723 2962 2779; x_wconf 86' lang='lat' dir='ltr'><strong>salvae</strong></span> <span class='ocrx_word' id='word_1_576' title='bbox 2983 2723 3139 2794; x_wconf 90' lang='lat' dir='ltr'><strong>quasi</strong></span> <span class='ocrx_word' id='word_1_577' title='bbox 3167 2724 3234 2780; x_wconf 88' lang='lat' dir='ltr'><strong>ad</strong></span> <span class='ocrx_word' id='word_1_578' title='bbox 3255 2724 3512 2780; x_wconf 86' lang='lat' dir='ltr'><strong>milliaria</strong></span> <span class='ocrx_word' id='word_1_579' title='bbox 3545 2740 3644 2780; x_wconf 86' lang='lat' dir='ltr'><strong>sex</strong></span> <span class='ocrx_word' id='word_1_580' title='bbox 3666 2723 3754 2780; x_wconf 90' lang='lat' dir='ltr'><strong>vel</strong></span> 
     </span>
    </p>
   </div>
   <div class='ocr_carea' id='block_1_86' title="bbox 2172 2814 3752 2887">
    <p class='ocr_par' dir='ltr' id='par_1_86' title="bbox 2172 2814 3752 2887">
     <span class='ocr_line' id='line_1_86' title="bbox 2172 2814 3752 2887; baseline 0.001 -17"><span class='ocrx_word' id='word_1_581' title='bbox 2172 2814 2338 2870; x_wconf 91' lang='lat' dir='ltr'><strong>etiam</strong></span> <span class='ocrx_word' id='word_1_582' title='bbox 2393 2815 2672 2870; x_wconf 90' lang='lat' dir='ltr'><strong>modicum</strong></span> <span class='ocrx_word' id='word_1_583' title='bbox 2721 2814 2855 2885; x_wconf 88' lang='lat' dir='ltr'><strong>quid</strong></span> <span class='ocrx_word' id='word_1_584' title='bbox 2889 2815 3055 2870; x_wconf 88' lang='lat' dir='ltr'><strong>ultra.</strong></span> <span class='ocrx_word' id='word_1_585' title='bbox 3088 2815 3338 2887; x_wconf 87' lang='lat' dir='ltr'><strong>Denique</strong></span> <span class='ocrx_word' id='word_1_586' title='bbox 3400 2831 3752 2872; x_wconf 83' lang='lat' dir='ltr'><strong>asseverave-</strong></span> 
     </span>
    </p>
   </div>
   <div class='ocr_carea' id='block_1_87' title="bbox 2176 2905 3756 2980">
    <p class='ocr_par' dir='ltr' id='par_1_87' title="bbox 2176 2905 3756 2980">
     <span class='ocr_line' id='line_1_87' title="bbox 2176 2905 3756 2980; baseline 0.003 -20"><span class='ocrx_word' id='word_1_587' title='bbox 2176 2916 2305 2960; x_wconf 92' lang='lat' dir='ltr'><strong>runt</strong></span> <span class='ocrx_word' id='word_1_588' title='bbox 2334 2905 2391 2960; x_wconf 92' lang='lat' dir='ltr'><strong>hi</strong></span> <span class='ocrx_word' id='word_1_589' title='bbox 2425 2906 2522 2976; x_wconf 92' lang='lat' dir='ltr'><strong>qui</strong></span> <span class='ocrx_word' id='word_1_590' title='bbox 2571 2907 2811 2978; x_wconf 90' lang='lat' dir='ltr'><strong>propriis</strong></span> <span class='ocrx_word' id='word_1_591' title='bbox 2845 2907 3062 2963; x_wconf 82' lang='lat' dir='ltr'><strong>visibus</strong></span> <span class='ocrx_word' id='word_1_592' title='bbox 3110 2919 3314 2964; x_wconf 91' lang='lat' dir='ltr'><strong>terram</strong></span> <span class='ocrx_word' id='word_1_593' title='bbox 3342 2909 3756 2980; x_wconf 68' lang='lat' dir='ltr'><strong>Mesopotamia</strong></span> 
     </span>
    </p>
   </div>
   <div class='ocr_carea' id='block_1_88' title="bbox 2173 2997 3755 3072">
    <p class='ocr_par' dir='ltr' id='par_1_88' title="bbox 2173 2997 3755 3072">
     <span class='ocr_line' id='line_1_88' title="bbox 2173 2997 3755 3072; baseline 0.003 -18"><span class='ocrx_word' id='word_1_594' title='bbox 2173 2997 2531 3069; x_wconf 89' lang='lat' dir='ltr'><strong>contemplati</strong></span> <span class='ocrx_word' id='word_1_595' title='bbox 2554 3007 2704 3062; x_wconf 87' lang='lat' dir='ltr'><strong>sunt.</strong></span> <span class='ocrx_word' id='word_1_596' title='bbox 2737 2999 2794 3054; x_wconf 88' lang='lat' dir='ltr'><strong>in</strong></span> <span class='ocrx_word' id='word_1_597' title='bbox 2823 2998 3229 3071; x_wconf 86' lang='lat' dir='ltr'><strong>longitudinem</strong></span> <span class='ocrx_word' id='word_1_598' title='bbox 3267 3001 3550 3072; x_wconf 86' lang='lat' dir='ltr'><strong>diruptam</strong></span> <span class='ocrx_word' id='word_1_599' title='bbox 3581 3001 3755 3058; x_wconf 81' lang='lat' dir='ltr'><strong>fuisse</strong></span> 
     </span>
    </p>
   </div>
   <div class='ocr_carea' id='block_1_89' title="bbox 2173 3091 3756 3166">
    <p class='ocr_par' dir='ltr' id='par_1_89' title="bbox 2173 3091 3756 3166">
     <span class='ocr_line' id='line_1_89' title="bbox 2173 3091 3756 3166; baseline 0.002 -19"><span class='ocrx_word' id='word_1_600' title='bbox 2173 3091 2244 3147; x_wconf 88' lang='lat' dir='ltr'><strong>ad</strong></span> <span class='ocrx_word' id='word_1_601' title='bbox 2299 3091 2554 3147; x_wconf 87' lang='lat' dir='ltr'><strong>milliaria</strong></span> <span class='ocrx_word' id='word_1_602' title='bbox 2588 3092 2720 3161; x_wconf 84' lang='lat' dir='ltr'><strong>duo,</strong></span> <span class='ocrx_word' id='word_1_603' title='bbox 2753 3100 2812 3150; x_wconf 92' lang='lat' dir='ltr'><strong>et</strong></span> <span class='ocrx_word' id='word_1_604' title='bbox 2854 3109 2923 3149; x_wconf 81' lang='lat' dir='ltr'><strong>ex</strong></span> <span class='ocrx_word' id='word_1_605' title='bbox 2949 3093 3225 3164; x_wconf 86' lang='lat' dir='ltr'><strong>profundo</strong></span> <span class='ocrx_word' id='word_1_606' title='bbox 3272 3095 3394 3166; x_wconf 87' lang='lat' dir='ltr'><strong>ejus</strong></span> <span class='ocrx_word' id='word_1_607' title='bbox 3436 3097 3756 3151; x_wconf 82' lang='lat' dir='ltr'><strong>ascendisse</strong></span> 
     </span>
    </p>
   </div>
   <div class='ocr_carea' id='block_1_90' title="bbox 2175 3183 3757 3256">
    <p class='ocr_par' dir='ltr' id='par_1_90' title="bbox 2175 3183 3757 3256">
     <span class='ocr_line' id='line_1_90' title="bbox 2175 3183 3757 3256; baseline 0.002 -18"><span class='ocrx_word' id='word_1_608' title='bbox 2175 3183 2337 3239; x_wconf 87' lang='lat' dir='ltr'><strong>aliam</strong></span> <span class='ocrx_word' id='word_1_609' title='bbox 2364 3193 2564 3239; x_wconf 87' lang='lat' dir='ltr'><strong>terram</strong></span> <span class='ocrx_word' id='word_1_610' title='bbox 2595 3184 2763 3240; x_wconf 90' lang='lat' dir='ltr'><strong>nimis</strong></span> <span class='ocrx_word' id='word_1_611' title='bbox 2799 3185 2981 3240; x_wconf 87' lang='lat' dir='ltr'><strong>albam</strong></span> <span class='ocrx_word' id='word_1_612' title='bbox 3015 3193 3073 3242; x_wconf 89' lang='lat' dir='ltr'><strong>et</strong></span> <span class='ocrx_word' id='word_1_613' title='bbox 3123 3201 3434 3250; x_wconf 90' lang='lat' dir='ltr'><strong>arenosam,</strong></span> <span class='ocrx_word' id='word_1_614' title='bbox 3474 3186 3544 3241; x_wconf 92' lang='lat' dir='ltr'><strong>de</strong></span> <span class='ocrx_word' id='word_1_615' title='bbox 3595 3187 3757 3256; x_wconf 88' lang='lat' dir='ltr'><strong>cujus</strong></span> 
     </span>
    </p>
   </div>
   <div class='ocr_carea' id='block_1_91' title="bbox 2173 3274 3758 3342">
    <p class='ocr_par' dir='ltr' id='par_1_91' title="bbox 2173 3274 3758 3342">
     <span class='ocr_line' id='line_1_91' title="bbox 2173 3274 3758 3342; baseline 0.001 -12"><span class='ocrx_word' id='word_1_616' title='bbox 2173 3275 2357 3330; x_wconf 87' lang='lat' dir='ltr'><strong>medio</strong></span> <span class='ocrx_word' id='word_1_617' title='bbox 2393 3274 2663 3342; x_wconf 90' lang='lat' dir='ltr'><strong>ascendit,</strong></span> <span class='ocrx_word' id='word_1_618' title='bbox 2693 3284 2756 3331; x_wconf 87' lang='lat' dir='ltr'><strong>ut</strong></span> <span class='ocrx_word' id='word_1_619' title='bbox 2800 3276 2977 3342; x_wconf 89' lang='lat' dir='ltr'><strong>aiunt,</strong></span> <span class='ocrx_word' id='word_1_620' title='bbox 3025 3277 3228 3331; x_wconf 90' lang='lat' dir='ltr'><strong>animal</strong></span> <span class='ocrx_word' id='word_1_621' title='bbox 3257 3277 3526 3332; x_wconf 91' lang='lat' dir='ltr'><strong>mulinum</strong></span> <span class='ocrx_word' id='word_1_622' title='bbox 3561 3277 3758 3332; x_wconf 85' lang='lat' dir='ltr'><strong>incon-</strong></span> 
     </span>
    </p>
   </div>
   <div class='ocr_carea' id='block_1_92' title="bbox 2173 3369 3754 3441">
    <p class='ocr_par' dir='ltr' id='par_1_92' title="bbox 2173 3369 3754 3441">
     <span class='ocr_line' id='line_1_92' title="bbox 2173 3369 3754 3441; baseline 0.002 -17"><span class='ocrx_word' id='word_1_623' title='bbox 2173 3369 2522 3435; x_wconf 88' lang='lat' dir='ltr'><strong>taminatum,</strong></span> <span class='ocrx_word' id='word_1_624' title='bbox 2558 3370 2790 3439; x_wconf 91' lang='lat' dir='ltr'><strong>loquens</strong></span> <span class='ocrx_word' id='word_1_625' title='bbox 2830 3371 3071 3425; x_wconf 87' lang='lat' dir='ltr'><strong>humana</strong></span> <span class='ocrx_word' id='word_1_626' title='bbox 3105 3387 3260 3435; x_wconf 87' lang='lat' dir='ltr'><strong>voce.</strong></span> <span class='ocrx_word' id='word_1_627' title='bbox 3283 3381 3341 3426; x_wconf 89' lang='lat' dir='ltr'><strong>et</strong></span> <span class='ocrx_word' id='word_1_628' title='bbox 3372 3372 3754 3441; x_wconf 59' lang='lat' dir='ltr'><strong>prxnuntians</strong></span> 
     </span>
    </p>
   </div>
   <div class='ocr_carea' id='block_1_93' title="bbox 2169 3459 3752 3532">
    <p class='ocr_par' dir='ltr' id='par_1_93' title="bbox 2169 3459 3752 3532">
     <span class='ocr_line' id='line_1_93' title="bbox 2169 3459 3752 3532; baseline 0.001 -16"><span class='ocrx_word' id='word_1_629' title='bbox 2169 3460 2348 3532; x_wconf 89' lang='lat' dir='ltr'><strong>gentis</strong></span> <span class='ocrx_word' id='word_1_630' title='bbox 2410 3459 2782 3516; x_wconf 89' lang='lat' dir='ltr'><strong>incursionem</strong></span> <span class='ocrx_word' id='word_1_631' title='bbox 2831 3461 2900 3516; x_wconf 92' lang='lat' dir='ltr'><strong>ab</strong></span> <span class='ocrx_word' id='word_1_632' title='bbox 2939 3477 3129 3517; x_wconf 90' lang='lat' dir='ltr'><strong>eremo</strong></span> <span class='ocrx_word' id='word_1_633' title='bbox 3179 3463 3448 3518; x_wconf 85' lang='lat' dir='ltr'><strong>adversns</strong></span> <span class='ocrx_word' id='word_1_634' title='bbox 3512 3464 3752 3519; x_wconf 79' lang='lat' dir='ltr'><strong>Arabes.</strong></span> 
     </span>
    </p>
   </div>
   <div class='ocr_carea' id='block_1_94' title="bbox 2146 3549 3754 3622">
    <p class='ocr_par' dir='ltr' id='par_1_94' title="bbox 2146 3549 3754 3622">
     <span class='ocr_line' id='line_1_94' title="bbox 2146 3549 3754 3622; baseline 0.003 -20"><span class='ocrx_word' id='word_1_635' title='bbox 2146 3549 2325 3618; x_wconf 84' lang='lat' dir='ltr'><strong>Quod</strong></span> <span class='ocrx_word' id='word_1_636' title='bbox 2349 3558 2404 3604; x_wconf 91' lang='lat' dir='ltr'><strong>et</strong></span> <span class='ocrx_word' id='word_1_637' title='bbox 2437 3549 2639 3606; x_wconf 86' lang='lat' dir='ltr'><strong>factum</strong></span> <span class='ocrx_word' id='word_1_638' title='bbox 2662 3557 2768 3604; x_wconf 91' lang='lat' dir='ltr'><strong>est.</strong></span> <span class='ocrx_word' id='word_1_639' title='bbox 2793 3550 3062 3605; x_wconf 72' lang='lat' dir='ltr'><strong>Praeterea</strong></span> <span class='ocrx_word' id='word_1_640' title='bbox 3091 3550 3346 3622; x_wconf 88' lang='lat' dir='ltr'><strong>sequenti</strong></span> <span class='ocrx_word' id='word_1_641' title='bbox 3376 3567 3521 3606; x_wconf 90' lang='lat' dir='ltr'><strong>anno</strong></span> <span class='ocrx_word' id='word_1_642' title='bbox 3541 3559 3754 3622; x_wconf 75' lang='lat' dir='ltr'><strong>quarta:</strong></span> 
     </span>
    </p>
   </div>
   <div class='ocr_carea' id='block_1_95' title="bbox 2170 3641 3749 3710">
    <p class='ocr_par' dir='ltr' id='par_1_95' title="bbox 2170 3641 3749 3710">
     <span class='ocr_line' id='line_1_95' title="bbox 2170 3641 3749 3710; baseline 0.003 -14"><span class='ocrx_word' id='word_1_643' title='bbox 2170 3641 2514 3708; x_wconf 91' lang='lat' dir='ltr'><strong>indictionis,</strong></span> <span class='ocrx_word' id='word_1_644' title='bbox 2546 3643 2896 3698; x_wconf 87' lang='lat' dir='ltr'><strong>solemnitate</strong></span> <span class='ocrx_word' id='word_1_645' title='bbox 2923 3653 3126 3698; x_wconf 81' lang='lat' dir='ltr'><strong>sanctae</strong></span> <span class='ocrx_word' id='word_1_646' title='bbox 3176 3643 3554 3710; x_wconf 84' lang='lat' dir='ltr'><strong>Pentecostes,</strong></span> <span class='ocrx_word' id='word_1_647' title='bbox 3585 3660 3749 3700; x_wconf 88' lang='lat' dir='ltr'><strong>coro-</strong></span> 
     </span>
    </p>
   </div>
   <div class='ocr_carea' id='block_1_96' title="bbox 2168 3733 3743 3806">
    <p class='ocr_par' dir='ltr' id='par_1_96' title="bbox 2168 3733 3743 3806">
     <span class='ocr_line' id='line_1_96' title="bbox 2168 3733 3743 3806; baseline 0.002 -16"><span class='ocrx_word' id='word_1_648' title='bbox 2168 3735 2322 3790; x_wconf 88' lang='lat' dir='ltr'><strong>navit</strong></span> <span class='ocrx_word' id='word_1_649' title='bbox 2346 3733 2741 3791; x_wconf 87' lang='lat' dir='ltr'><strong>Constantinus</strong></span> <span class='ocrx_word' id='word_1_650' title='bbox 2777 3735 3077 3806; x_wconf 90' lang='lat' dir='ltr'><strong>imperator</strong></span> <span class='ocrx_word' id='word_1_651' title='bbox 3109 3735 3357 3797; x_wconf 86' lang='lat' dir='ltr'><strong>Leonem</strong></span> <span class='ocrx_word' id='word_1_652' title='bbox 3380 3735 3552 3791; x_wconf 84' lang='lat' dir='ltr'><strong>filium</strong></span> <span class='ocrx_word' id='word_1_653' title='bbox 3583 3752 3743 3793; x_wconf 80' lang='lat' dir='ltr'><strong>suum</strong></span> 
     </span>
    </p>
   </div>
   <div class='ocr_carea' id='block_1_97' title="bbox 2168 3824 3737 3896">
    <p class='ocr_par' dir='ltr' id='par_1_97' title="bbox 2168 3824 3737 3896">
     <span class='ocr_line' id='line_1_97' title="bbox 2168 3824 3737 3896; baseline 0.003 -16"><span class='ocrx_word' id='word_1_654' title='bbox 2168 3825 2560 3896; x_wconf 89' lang='lat' dir='ltr'><strong>imperatorem</strong></span> <span class='ocrx_word' id='word_1_655' title='bbox 2586 3841 2685 3896; x_wconf 91' lang='lat' dir='ltr'><strong>per</strong></span> <span class='ocrx_word' id='word_1_656' title='bbox 2704 3824 3056 3881; x_wconf 79' lang='lat' dir='ltr'><strong>Anastasium</strong></span> <span class='ocrx_word' id='word_1_657' title='bbox 3106 3825 3475 3896; x_wconf 86' lang='lat' dir='ltr'><strong>patriarcham</strong></span> <span class='ocrx_word' id='word_1_658' title='bbox 3501 3843 3737 3885; x_wconf 85' lang='lat' dir='ltr'><strong>consen-</strong></span> 
     </span>
    </p>
   </div>
   <div class='ocr_carea' id='block_1_98' title="bbox 2170 3924 2622 3974">
    <p class='ocr_par' dir='ltr' id='par_1_98' title="bbox 2170 3924 2622 3974">
     <span class='ocr_line' id='line_1_98' title="bbox 2170 3924 2622 3974; baseline 0.004 -4"><span class='ocrx_word' id='word_1_659' title='bbox 2170 3924 2393 3972; x_wconf 88' lang='lat' dir='ltr'><strong>taneum</strong></span> <span class='ocrx_word' id='word_1_660' title='bbox 2439 3933 2622 3974; x_wconf 90' lang='lat' dir='ltr'><strong>suum.</strong></span> 
     </span>
    </p>
   </div>
   <div class='ocr_carea' id='block_1_99' title="bbox 2239 4009 3749 4078">
    <p class='ocr_par' dir='ltr' id='par_1_99' title="bbox 2239 4009 3749 4078">
     <span class='ocr_line' id='line_1_99' title="bbox 2239 4009 3749 4078; baseline 0.004 -14"><span class='ocrx_word' id='word_1_661' title='bbox 2239 4009 2427 4066; x_wconf 81' lang='lat' dir='ltr'><strong>Mundi</strong></span> <span class='ocrx_word' id='word_1_662' title='bbox 2482 4027 2629 4066; x_wconf 85' lang='lat' dir='ltr'><strong>anno</strong></span> <span class='ocrx_word' id='word_1_663' title='bbox 2682 4011 2870 4078; x_wconf 71' lang='lat'><strong>6242,</strong></span> <span class='ocrx_word' id='word_1_664' title='bbox 2939 4012 3140 4068; x_wconf 76' lang='lat' dir='ltr'><strong>divina:</strong></span> <span class='ocrx_word' id='word_1_665' title='bbox 3194 4012 3595 4072; x_wconf 89' lang='lat' dir='ltr'><strong>incarnationis</strong></span> <span class='ocrx_word' id='word_1_666' title='bbox 3650 4032 3749 4072; x_wconf 79' lang='lat' dir='ltr'><strong>an-</strong></span> 
     </span>
    </p>
   </div>
   <div class='ocr_carea' id='block_1_100' title="bbox 2169 4101 3748 4176">
    <p class='ocr_par' dir='ltr' id='par_1_100' title="bbox 2169 4101 3748 4176">
     <span class='ocr_line' id='line_1_100' title="bbox 2169 4101 3748 4176; baseline 0.004 -18"><span class='ocrx_word' id='word_1_667' title='bbox 2169 4119 2242 4158; x_wconf 91' lang='lat' dir='ltr'><strong>no</strong></span> <span class='ocrx_word' id='word_1_668' title='bbox 2289 4101 2392 4157; x_wconf 64' lang='lat' dir='ltr'><strong>7L2</strong></span> <span class='ocrx_word' id='word_1_669' title='bbox 2425 4145 2442 4171; x_wconf 93' lang='lat'><strong>,</strong></span> <span class='ocrx_word' id='word_1_670' title='bbox 2492 4119 2639 4159; x_wconf 86' lang='lat' dir='ltr'><strong>anno</strong></span> <span class='ocrx_word' id='word_1_671' title='bbox 2689 4119 2826 4160; x_wconf 89' lang='lat' dir='ltr'><strong>vero</strong></span> <span class='ocrx_word' id='word_1_672' title='bbox 2887 4103 3105 4176; x_wconf 90' lang='lat' dir='ltr'><strong>imperii</strong></span> <span class='ocrx_word' id='word_1_673' title='bbox 3135 4103 3483 4162; x_wconf 81' lang='lat' dir='ltr'><strong>Constantini</strong></span> <span class='ocrx_word' id='word_1_674' title='bbox 3531 4108 3599 4164; x_wconf 71' lang='grc' dir='ltr'><strong>ιο</strong></span> <span class='ocrx_word' id='word_1_675' title='bbox 3630 4108 3748 4164; x_wconf 76' lang='lat' dir='ltr'><strong>Mu-</strong></span> 
     </span>
    </p>
   </div>
   <div class='ocr_carea' id='block_1_101' title="bbox 2163 4194 3746 4270">
    <p class='ocr_par' dir='ltr' id='par_1_101' title="bbox 2163 4194 3746 4270">
     <span class='ocr_line' id='line_1_101' title="bbox 2163 4194 3746 4270; baseline 0.003 -19"><span class='ocrx_word' id='word_1_676' title='bbox 2163 4195 2364 4251; x_wconf 85' lang='lat' dir='ltr'><strong>hamed</strong></span> <span class='ocrx_word' id='word_1_677' title='bbox 2417 4194 2478 4250; x_wconf 82' lang='lat' dir='ltr'><strong>fit</strong></span> <span class='ocrx_word' id='word_1_678' title='bbox 2525 4195 2773 4250; x_wconf 79' lang='lat' dir='ltr'><strong>Arabum</strong></span> <span class='ocrx_word' id='word_1_679' title='bbox 2835 4196 2970 4261; x_wconf 83' lang='lat' dir='ltr'><strong>dux,</strong></span> <span class='ocrx_word' id='word_1_680' title='bbox 3029 4197 3124 4266; x_wconf 91' lang='lat' dir='ltr'><strong>qui</strong></span> <span class='ocrx_word' id='word_1_681' title='bbox 3185 4198 3270 4253; x_wconf 90' lang='lat' dir='ltr'><strong>eis</strong></span> <span class='ocrx_word' id='word_1_682' title='bbox 3324 4198 3570 4270; x_wconf 90' lang='lat' dir='ltr'><strong>quinque</strong></span> <span class='ocrx_word' id='word_1_683' title='bbox 3605 4215 3746 4270; x_wconf 68' lang='lat' dir='ltr'><strong>pras-</strong></span> 
     </span>
    </p>
   </div>
   <div class='ocr_carea' id='block_1_102' title="bbox 2165 4287 3751 4361">
    <p class='ocr_par' dir='ltr' id='par_1_102' title="bbox 2165 4287 3751 4361">
     <span class='ocr_line' id='line_1_102' title="bbox 2165 4287 3751 4361; baseline 0.004 -17"><span class='ocrx_word' id='word_1_684' title='bbox 2165 4287 2272 4345; x_wconf 88' lang='lat' dir='ltr'><strong>fuit</strong></span> <span class='ocrx_word' id='word_1_685' title='bbox 2320 4290 2499 4345; x_wconf 88' lang='lat' dir='ltr'><strong>annis.</strong></span> <span class='ocrx_word' id='word_1_686' title='bbox 2536 4287 2740 4344; x_wconf 87' lang='lat' dir='ltr'><strong>Eodem</strong></span> <span class='ocrx_word' id='word_1_687' title='bbox 2797 4305 3017 4361; x_wconf 88' lang='lat' dir='ltr'><strong>quoque</strong></span> <span class='ocrx_word' id='word_1_688' title='bbox 3047 4306 3193 4346; x_wconf 91' lang='lat' dir='ltr'><strong>anno</strong></span> <span class='ocrx_word' id='word_1_689' title='bbox 3249 4291 3560 4348; x_wconf 87' lang='lat' dir='ltr'><strong>simultates</strong></span> <span class='ocrx_word' id='word_1_690' title='bbox 3584 4293 3751 4350; x_wconf 83' lang='lat' dir='ltr'><strong>Chal-</strong></span> 
     </span>
    </p>
   </div>
   <div class='ocr_carea' id='block_1_103' title="bbox 2166 4379 3747 4454">
    <p class='ocr_par' dir='ltr' id='par_1_103' title="bbox 2166 4379 3747 4454">
     <span class='ocr_line' id='line_1_103' title="bbox 2166 4379 3747 4454; baseline 0.003 -19"><span class='ocrx_word' id='word_1_691' title='bbox 2166 4379 2420 4437; x_wconf 89' lang='lat' dir='ltr'><strong>cidenses</strong></span> <span class='ocrx_word' id='word_1_692' title='bbox 2492 4381 2759 4437; x_wconf 90' lang='lat' dir='ltr'><strong>adversus</strong></span> <span class='ocrx_word' id='word_1_693' title='bbox 2838 4382 3236 4454; x_wconf 85' lang='lat' dir='ltr'><strong>Mauropboros</strong></span> <span class='ocrx_word' id='word_1_694' title='bbox 3301 4384 3500 4440; x_wconf 89' lang='lat' dir='ltr'><strong>Persas</strong></span> <span class='ocrx_word' id='word_1_695' title='bbox 3561 4385 3747 4442; x_wconf 82' lang='lat' dir='ltr'><strong>conci-</strong></span> 
     </span>
    </p>
   </div>
   <div class='ocr_carea' id='block_1_104' title="bbox 2167 4474 3750 4544">
    <p class='ocr_par' dir='ltr' id='par_1_104' title="bbox 2167 4474 3750 4544">
     <span class='ocr_line' id='line_1_104' title="bbox 2167 4474 3750 4544; baseline 0.005 -18"><span class='ocrx_word' id='word_1_696' title='bbox 2167 4480 2447 4541; x_wconf 77' lang='lat' dir='ltr'><strong>laverunt,</strong></span> <span class='ocrx_word' id='word_1_697' title='bbox 2509 4482 2562 4528; x_wconf 92' lang='lat' dir='ltr'><strong>et</strong></span> <span class='ocrx_word' id='word_1_698' title='bbox 2609 4474 2941 4544; x_wconf 90' lang='lat' dir='ltr'><strong>interempta</strong></span> <span class='ocrx_word' id='word_1_699' title='bbox 2989 4485 3221 4531; x_wconf 81' lang='lat' dir='ltr'><strong>suntex</strong></span> <span class='ocrx_word' id='word_1_700' title='bbox 3252 4475 3334 4531; x_wconf 91' lang='lat' dir='ltr'><strong>eis</strong></span> <span class='ocrx_word' id='word_1_701' title='bbox 3364 4478 3419 4531; x_wconf 95' lang='lat' dir='ltr'><strong>in</strong></span> <span class='ocrx_word' id='word_1_702' title='bbox 3470 4479 3750 4534; x_wconf 76' lang='lat' dir='ltr'><strong>montaris</strong></span> 
     </span>
    </p>
   </div>
   <div class='ocr_carea' id='block_1_105' title="bbox 2168 4563 3748 4639">
    <p class='ocr_par' dir='ltr' id='par_1_105' title="bbox 2168 4563 3748 4639">
     <span class='ocr_line' id='line_1_105' title="bbox 2168 4563 3748 4639; baseline 0.004 -20"><span class='ocrx_word' id='word_1_703' title='bbox 2168 4563 2442 4621; x_wconf 75' lang='lat' dir='ltr'><strong>Hemessze</strong></span> <span class='ocrx_word' id='word_1_704' title='bbox 2488 4581 2587 4636; x_wconf 90' lang='lat' dir='ltr'><strong>per</strong></span> <span class='ocrx_word' id='word_1_705' title='bbox 2611 4565 2735 4622; x_wconf 87' lang='lat' dir='ltr'><strong>illos</strong></span> <span class='ocrx_word' id='word_1_706' title='bbox 2781 4576 3022 4637; x_wconf 89' lang='lat' dir='ltr'><strong>quatuor</strong></span> <span class='ocrx_word' id='word_1_707' title='bbox 3071 4567 3261 4622; x_wconf 91' lang='lat' dir='ltr'><strong>millia.</strong></span> <span class='ocrx_word' id='word_1_708' title='bbox 3314 4568 3373 4623; x_wconf 92' lang='lat' dir='ltr'><strong>ld</strong></span> <span class='ocrx_word' id='word_1_709' title='bbox 3408 4568 3590 4639; x_wconf 83' lang='lat' dir='ltr'><strong>ipsum</strong></span> <span class='ocrx_word' id='word_1_710' title='bbox 3618 4586 3748 4626; x_wconf 89' lang='lat' dir='ltr'><strong>vero</strong></span> 
     </span>
    </p>
   </div>
   <div class='ocr_carea' id='block_1_106' title="bbox 2168 4656 3745 4728">
    <p class='ocr_par' dir='ltr' id='par_1_106' title="bbox 2168 4656 3745 4728">
     <span class='ocr_line' id='line_1_106' title="bbox 2168 4656 3745 4728; baseline 0.005 -18"><span class='ocrx_word' id='word_1_711' title='bbox 2168 4656 2370 4713; x_wconf 82' lang='lat' dir='ltr'><strong>factum</strong></span> <span class='ocrx_word' id='word_1_712' title='bbox 2397 4665 2555 4714; x_wconf 90' lang='lat' dir='ltr'><strong>estet</strong></span> <span class='ocrx_word' id='word_1_713' title='bbox 2588 4673 2687 4728; x_wconf 87' lang='lat' dir='ltr'><strong>per</strong></span> <span class='ocrx_word' id='word_1_714' title='bbox 2724 4658 2982 4714; x_wconf 81' lang='lat' dir='ltr'><strong>Arabiam</strong></span> <span class='ocrx_word' id='word_1_715' title='bbox 3031 4660 3086 4714; x_wconf 91' lang='lat' dir='ltr'><strong>in</strong></span> <span class='ocrx_word' id='word_1_716' title='bbox 3115 4659 3409 4716; x_wconf 89' lang='lat' dir='ltr'><strong>Chaisinos</strong></span> <span class='ocrx_word' id='word_1_717' title='bbox 3441 4661 3511 4716; x_wconf 92' lang='lat' dir='ltr'><strong>ab</strong></span> <span class='ocrx_word' id='word_1_718' title='bbox 3535 4663 3745 4718; x_wconf 86' lang='lat' dir='ltr'><strong>eisdem</strong></span> 
     </span>
    </p>
   </div>
   <div class='ocr_carea' id='block_1_107' title="bbox 2167 4743 3750 4822">
    <p class='ocr_par' dir='ltr' id='par_1_107' title="bbox 2167 4743 3750 4822">
     <span class='ocr_line' id='line_1_107' title="bbox 2167 4743 3750 4822; baseline 0.007 -23"><span class='ocrx_word' id='word_1_719' title='bbox 2167 4743 2371 4799; x_wconf 90' lang='lat' dir='ltr'><strong>Persis.</strong></span> <span class='ocrx_word' id='word_1_720' title='bbox 2397 4743 2532 4800; x_wconf 89' lang='lat' dir='ltr'><strong>Cum</strong></span> <span class='ocrx_word' id='word_1_721' title='bbox 2574 4757 2757 4801; x_wconf 88' lang='lat' dir='ltr'><strong>autem</strong></span> <span class='ocrx_word' id='word_1_722' title='bbox 2781 4761 2945 4818; x_wconf 88' lang='lat' dir='ltr'><strong>caput</strong></span> <span class='ocrx_word' id='word_1_723' title='bbox 2975 4747 3259 4804; x_wconf 83' lang='lat' dir='ltr'><strong>Maruham</strong></span> <span class='ocrx_word' id='word_1_724' title='bbox 3299 4751 3523 4822; x_wconf 86' lang='lat' dir='ltr'><strong>myrrha</strong></span> <span class='ocrx_word' id='word_1_725' title='bbox 3556 4753 3750 4810; x_wconf 87' lang='lat' dir='ltr'><strong>condi-</strong></span> 
     </span>
    </p>
   </div>
   <div class='ocr_carea' id='block_1_108' title="bbox 2173 4833 3748 4917">
    <p class='ocr_par' dir='ltr' id='par_1_108' title="bbox 2173 4833 3748 4917">
     <span class='ocr_line' id='line_1_108' title="bbox 2173 4833 3748 4917; baseline 0.008 -29"><span class='ocrx_word' id='word_1_726' title='bbox 2173 4843 2287 4889; x_wconf 90' lang='lat' dir='ltr'><strong>tum</strong></span> <span class='ocrx_word' id='word_1_727' title='bbox 2319 4833 2518 4892; x_wconf 85' lang='lat' dir='ltr'><strong>fuisset</strong></span> <span class='ocrx_word' id='word_1_728' title='bbox 2550 4837 2802 4904; x_wconf 61' lang='lat' dir='ltr'><strong>allatum,</strong></span> <span class='ocrx_word' id='word_1_729' title='bbox 2858 4839 3048 4910; x_wconf 84' lang='lat' dir='ltr'><strong>plures</strong></span> <span class='ocrx_word' id='word_1_730' title='bbox 3072 4855 3106 4917; x_wconf 70' lang='grc' dir='ltr'>ξι</span> <span class='ocrx_word' id='word_1_731' title='bbox 3137 4841 3516 4899; x_wconf 88' lang='lat' dir='ltr'><strong>simultatibus</strong></span> <span class='ocrx_word' id='word_1_732' title='bbox 3563 4859 3748 4902; x_wconf 88' lang='lat' dir='ltr'><strong>cessa-</strong></span> 
     </span>
    </p>
   </div>
   <div class='ocr_carea' id='block_1_109' title="bbox 2166 4935 3783 5005">
    <p class='ocr_par' dir='ltr' id='par_1_109' title="bbox 2166 4935 3783 5005">
     <span class='ocr_line' id='line_1_109' title="bbox 2166 4935 3783 5005; baseline -0.005 -23"><span class='ocrx_word' id='word_1_733' title='bbox 2166 4935 2386 4982; x_wconf 89' lang='lat' dir='ltr'><strong>verunt.</strong></span> <span class='ocrx_word' id='word_1_734' title='bbox 3781 5002 3783 5005; x_wconf 27' lang='grc' dir='ltr'><strong>Ι</strong></span> 
     </span>
    </p>
   </div>
   <div class='ocr_carea' id='block_1_110' title="bbox 2237 5020 3746 5099">
    <p class='ocr_par' dir='ltr' id='par_1_110' title="bbox 2237 5020 3746 5099">
     <span class='ocr_line' id='line_1_110' title="bbox 2237 5020 3746 5099; baseline 0.007 -25"><span class='ocrx_word' id='word_1_735' title='bbox 2237 5020 2398 5076; x_wconf 83' lang='grc' dir='ltr'><strong>Αηηο</strong></span> <span class='ocrx_word' id='word_1_736' title='bbox 2423 5020 2638 5092; x_wconf 88' lang='lat' dir='ltr'><strong>imperii</strong></span> <span class='ocrx_word' id='word_1_737' title='bbox 2665 5021 2748 5077; x_wconf 92' lang='lat' dir='ltr'><strong>sui</strong></span> <span class='ocrx_word' id='word_1_738' title='bbox 2787 5023 2845 5077; x_wconf 78' lang='lat' dir='ltr'><strong>ll</strong></span> <span class='ocrx_word' id='word_1_739' title='bbox 2890 5021 3288 5080; x_wconf 87' lang='lat' dir='ltr'><strong>Constantinus</strong></span> <span class='ocrx_word' id='word_1_740' title='bbox 3322 5025 3746 5099; x_wconf 88' lang='lat' dir='ltr'><strong>Theodosiopo-</strong></span> 
     </span>
    </p>
   </div>
   <div class='ocr_carea' id='block_1_111' title="bbox 2168 5114 3746 5188">
    <p class='ocr_par' dir='ltr' id='par_1_111' title="bbox 2168 5114 3746 5188">
     <span class='ocr_line' id='line_1_111' title="bbox 2168 5114 3746 5188; baseline 0.004 -19"><span class='ocrx_word' id='word_1_741' title='bbox 2168 5114 2262 5169; x_wconf 92' lang='lat' dir='ltr'><strong>lim</strong></span> <span class='ocrx_word' id='word_1_742' title='bbox 2297 5125 2351 5170; x_wconf 92' lang='lat' dir='ltr'><strong>et</strong></span> <span class='ocrx_word' id='word_1_743' title='bbox 2381 5115 2690 5171; x_wconf 85' lang='lat' dir='ltr'><strong>Melitenem</strong></span> <span class='ocrx_word' id='word_1_744' title='bbox 2719 5117 2960 5186; x_wconf 90' lang='lat' dir='ltr'><strong>cepit,et</strong></span> <span class='ocrx_word' id='word_1_745' title='bbox 2984 5119 3232 5188; x_wconf 83' lang='lat' dir='ltr'><strong>captivos</strong></span> <span class='ocrx_word' id='word_1_746' title='bbox 3250 5119 3408 5174; x_wconf 89' lang='lat' dir='ltr'><strong>duxit</strong></span> <span class='ocrx_word' id='word_1_747' title='bbox 3428 5121 3746 5178; x_wconf 87' lang='lat' dir='ltr'><strong>Armenios.</strong></span> 
     </span>
    </p>
   </div>
   <div class='ocr_carea' id='block_1_112' title="bbox 2167 5207 3745 5280">
    <p class='ocr_par' dir='ltr' id='par_1_112' title="bbox 2167 5207 3745 5280">
     <span class='ocr_line' id='line_1_112' title="bbox 2167 5207 3745 5280; baseline 0.005 -17"><span class='ocrx_word' id='word_1_748' title='bbox 2167 5207 2494 5264; x_wconf 88' lang='lat' dir='ltr'><strong>Theodorus</strong></span> <span class='ocrx_word' id='word_1_749' title='bbox 2525 5218 2772 5280; x_wconf 63' lang='lat' dir='ltr'><strong>fquoque</strong></span> <span class='ocrx_word' id='word_1_750' title='bbox 2819 5210 2965 5265; x_wconf 84' lang='lat' dir='ltr'><strong>filius</strong></span> <span class='ocrx_word' id='word_1_751' title='bbox 3023 5211 3217 5268; x_wconf 89' lang='lat' dir='ltr'><strong>vicarii</strong></span> <span class='ocrx_word' id='word_1_752' title='bbox 3272 5213 3502 5269; x_wconf 84' lang='lat' dir='ltr'><strong>minoris</strong></span> <span class='ocrx_word' id='word_1_753' title='bbox 3525 5216 3745 5271; x_wconf 60' lang='lat' dir='ltr'><strong>Arabiae</strong></span> 
     </span>
    </p>
   </div>
   <div class='ocr_carea' id='block_1_113' title="bbox 2168 5300 3744 5378">
    <p class='ocr_par' dir='ltr' id='par_1_113' title="bbox 2168 5300 3744 5378">
     <span class='ocr_line' id='line_1_113' title="bbox 2168 5300 3744 5378; baseline 0.006 -23"><span class='ocrx_word' id='word_1_754' title='bbox 2168 5301 2460 5364; x_wconf 87' lang='lat' dir='ltr'><strong>oriundus.</strong></span> <span class='ocrx_word' id='word_1_755' title='bbox 2508 5300 2748 5358; x_wconf 89' lang='lat' dir='ltr'><strong>obeunte</strong></span> <span class='ocrx_word' id='word_1_756' title='bbox 2799 5304 3145 5360; x_wconf 89' lang='lat' dir='ltr'><strong>sanctissimo</strong></span> <span class='ocrx_word' id='word_1_757' title='bbox 3195 5305 3606 5378; x_wconf 86' lang='lat' dir='ltr'><strong>Theophylacto</strong></span> <span class='ocrx_word' id='word_1_758' title='bbox 3634 5309 3744 5364; x_wconf 81' lang='lat' dir='ltr'><strong>An-</strong></span> 
     </span>
    </p>
   </div>
   <div class='ocr_carea' id='block_1_114' title="bbox 2171 5395 3742 5470">
    <p class='ocr_par' dir='ltr' id='par_1_114' title="bbox 2171 5395 3742 5470">
     <span class='ocr_line' id='line_1_114' title="bbox 2171 5395 3742 5470; baseline 0.006 -22"><span class='ocrx_word' id='word_1_759' title='bbox 2171 5395 2386 5450; x_wconf 84' lang='lat' dir='ltr'><strong>tiochiae</strong></span> <span class='ocrx_word' id='word_1_760' title='bbox 2413 5395 2726 5465; x_wconf 87' lang='lat' dir='ltr'><strong>patriarcha</strong></span> <span class='ocrx_word' id='word_1_761' title='bbox 2752 5395 3069 5467; x_wconf 61' lang='lat' dir='ltr'><strong>prieﬁcitur,</strong></span> <span class='ocrx_word' id='word_1_762' title='bbox 3098 5398 3192 5468; x_wconf 88' lang='lat' dir='ltr'><strong>qui</strong></span> <span class='ocrx_word' id='word_1_763' title='bbox 3222 5414 3317 5453; x_wconf 88' lang='lat' dir='ltr'><strong>sex</strong></span> <span class='ocrx_word' id='word_1_764' title='bbox 3341 5399 3564 5470; x_wconf 61' lang='lat' dir='ltr'><strong>praefuit</strong></span> <span class='ocrx_word' id='word_1_765' title='bbox 3585 5402 3742 5460; x_wconf 82' lang='lat' dir='ltr'><strong>annis</strong></span> 
     </span>
    </p>
   </div>
   <div class='ocr_carea' id='block_1_115' title="bbox 2167 5488 3376 5568">
    <p class='ocr_par' dir='ltr' id='par_1_115' title="bbox 2167 5488 3376 5568">
     <span class='ocr_line' id='line_1_115' title="bbox 2167 5488 3376 5568; baseline 0.002 -24"><span class='ocrx_word' id='word_1_766' title='bbox 2167 5488 2446 5546; x_wconf 74' lang='lat' dir='ltr'><strong>Ecclesiae.</strong></span> <span class='ocrx_word' id='word_1_767' title='bbox 3367 5561 3376 5568; x_wconf 28' lang='grc' dir='ltr'><strong><em>υ</em></strong></span> 
     </span>
    </p>
   </div>
   <div class='ocr_carea' id='block_1_116' title="bbox 2237 5579 3739 5656">
    <p class='ocr_par' dir='ltr' id='par_1_116' title="bbox 2237 5579 3739 5656">
     <span class='ocr_line' id='line_1_116' title="bbox 2237 5579 3739 5656; baseline 0.003 -20"><span class='ocrx_word' id='word_1_768' title='bbox 2237 5581 2396 5636; x_wconf 84' lang='lat' dir='ltr'><strong>Anno</strong></span> <span class='ocrx_word' id='word_1_769' title='bbox 2448 5579 2663 5651; x_wconf 90' lang='lat' dir='ltr'><strong>imperii</strong></span> <span class='ocrx_word' id='word_1_770' title='bbox 2688 5581 2772 5636; x_wconf 90' lang='lat' dir='ltr'><strong>sui</strong></span> <span class='ocrx_word' id='word_1_771' title='bbox 2827 5581 2891 5635; x_wconf 77' lang='lat' dir='ltr'><strong>l2</strong></span> <span class='ocrx_word' id='word_1_772' title='bbox 2921 5581 3315 5637; x_wconf 89' lang='lat' dir='ltr'><strong>Constantinus</strong></span> <span class='ocrx_word' id='word_1_773' title='bbox 3343 5581 3543 5653; x_wconf 88' lang='lat' dir='ltr'><strong>impius</strong></span> <span class='ocrx_word' id='word_1_774' title='bbox 3569 5584 3739 5656; x_wconf 88' lang='lat' dir='ltr'><strong>impe-</strong></span> 
     </span>
    </p>
   </div>
   <div class='ocr_carea' id='block_1_117' title="bbox 2170 5671 3738 5739">
    <p class='ocr_par' dir='ltr' id='par_1_117' title="bbox 2170 5671 3738 5739">
     <span class='ocr_line' id='line_1_117' title="bbox 2170 5671 3738 5739; baseline 0.001 -13"><span class='ocrx_word' id='word_1_775' title='bbox 2170 5683 2342 5738; x_wconf 89' lang='lat' dir='ltr'><strong>rator,</strong></span> <span class='ocrx_word' id='word_1_776' title='bbox 2401 5673 2579 5728; x_wconf 89' lang='lat' dir='ltr'><strong>elatus</strong></span> <span class='ocrx_word' id='word_1_777' title='bbox 2627 5687 2814 5739; x_wconf 87' lang='lat' dir='ltr'><strong>sensu,</strong></span> <span class='ocrx_word' id='word_1_778' title='bbox 2867 5673 3036 5728; x_wconf 89' lang='lat' dir='ltr'><strong>multa</strong></span> <span class='ocrx_word' id='word_1_779' title='bbox 3089 5682 3291 5737; x_wconf 30' lang='lat' dir='ltr'><strong>contra.</strong></span> <span class='ocrx_word' id='word_1_780' title='bbox 3328 5671 3629 5729; x_wconf 82' lang='lat' dir='ltr'><strong>Ecclesiam</strong></span> <span class='ocrx_word' id='word_1_781' title='bbox 3684 5687 3738 5729; x_wconf 89' lang='lat' dir='ltr'><strong>et</strong></span> 
     </span>
    </p>
   </div>
   <div class='ocr_carea' id='block_1_118' title="bbox 2167 5767 3738 5840">
    <p class='ocr_par' dir='ltr' id='par_1_118' title="bbox 2167 5767 3738 5840">
     <span class='ocr_line' id='line_1_118' title="bbox 2167 5767 3738 5840; baseline 0.001 -18"><span class='ocrx_word' id='word_1_782' title='bbox 2167 5767 2530 5823; x_wconf 74' lang='lat' dir='ltr'><strong>orthodoxam</strong></span> <span class='ocrx_word' id='word_1_783' title='bbox 2559 5767 2720 5822; x_wconf 84' lang='lat' dir='ltr'><strong>tidem</strong></span> <span class='ocrx_word' id='word_1_784' title='bbox 2741 5769 3031 5833; x_wconf 86' lang='lat' dir='ltr'><strong>meditans,</strong></span> <span class='ocrx_word' id='word_1_785' title='bbox 3052 5777 3107 5823; x_wconf 89' lang='lat' dir='ltr'><strong>et</strong></span> <span class='ocrx_word' id='word_1_786' title='bbox 3131 5767 3349 5824; x_wconf 87' lang='lat' dir='ltr'><strong>silentia</strong></span> <span class='ocrx_word' id='word_1_787' title='bbox 3376 5784 3474 5840; x_wconf 91' lang='lat' dir='ltr'><strong>per</strong></span> <span class='ocrx_word' id='word_1_788' title='bbox 3495 5769 3738 5840; x_wconf 84' lang='lat' dir='ltr'><strong>singulos</strong></span> 
     </span>
    </p>
   </div>
   <div class='ocr_carea' id='block_1_119' title="bbox 2167 5851 3738 5932">
    <p class='ocr_par' dir='ltr' id='par_1_119' title="bbox 2167 5851 3738 5932">
     <span class='ocr_line' id='line_1_119' title="bbox 2167 5851 3738 5932; baseline -0.002 -16"><span class='ocrx_word' id='word_1_789' title='bbox 2167 5861 2287 5917; x_wconf 89' lang='lat' dir='ltr'><strong>dies</strong></span> <span class='ocrx_word' id='word_1_790' title='bbox 2335 5859 2559 5924; x_wconf 89' lang='lat' dir='ltr'><strong>faciens,</strong></span> <span class='ocrx_word' id='word_1_791' title='bbox 2585 5851 2882 5932; x_wconf 44' lang='lat' dir='ltr'><strong>’popuium</strong></span> <span class='ocrx_word' id='word_1_792' title='bbox 2929 5859 2997 5916; x_wconf 90' lang='lat' dir='ltr'><strong>ad</strong></span> <span class='ocrx_word' id='word_1_793' title='bbox 3033 5873 3258 5915; x_wconf 84' lang='lat' dir='ltr'><strong>sensum</strong></span> <span class='ocrx_word' id='word_1_794' title='bbox 3312 5876 3471 5914; x_wconf 90' lang='lat' dir='ltr'><strong>suum</strong></span> <span class='ocrx_word' id='word_1_795' title='bbox 3534 5859 3738 5916; x_wconf 83' lang='lat' dir='ltr'><strong>inﬂexit</strong></span> 
     </span>
    </p>
   </div>
  </div>
