  <div class='ocr_page' id='page_1' title='image "/cluster/home/n/w/nwhite01/storage/ocr_20150623/108/mdp.39015037042556/696.png"; bbox 0 0 4050 6308; ppageno 0'>
   <div class='ocr_carea' id='block_1_1' title="bbox 337 345 464 412">
    <p class='ocr_par' dir='ltr' id='par_1_1' title="bbox 337 345 464 412">
     <span class='ocr_line' id='line_1_1' title="bbox 337 345 464 412; baseline 0.008 -4"><span class='ocrx_word' id='word_1_1' title='bbox 337 345 464 412; x_wconf 79' lang='lat'><strong>1377</strong></span> 
     </span>
    </p>
   </div>
   <div class='ocr_carea' id='block_1_2' title="bbox 1142 348 2782 415">
    <p class='ocr_par' dir='ltr' id='par_1_2' title="bbox 1142 348 2782 415">
     <span class='ocr_line' id='line_1_2' title="bbox 1142 348 2782 415; baseline 0.003 -6"><span class='ocrx_word' id='word_1_2' title='bbox 1142 348 1512 410; x_wconf 81' lang='lat' dir='ltr'><strong>HISTORIA</strong></span> <span class='ocrx_word' id='word_1_3' title='bbox 1541 348 2122 410; x_wconf 81' lang='lat' dir='ltr'><strong>ECCLESIASTICA</strong></span> <span class='ocrx_word' id='word_1_4' title='bbox 2158 352 2258 412; x_wconf 81' lang='lat' dir='ltr'><strong>EX</strong></span> <span class='ocrx_word' id='word_1_5' title='bbox 2298 353 2782 415; x_wconf 83' lang='lat' dir='ltr'><strong>THEOPHANE.</strong></span> 
     </span>
    </p>
   </div>
   <div class='ocr_carea' id='block_1_3' title="bbox 3455 354 3592 422">
    <p class='ocr_par' dir='ltr' id='par_1_3' title="bbox 3455 354 3592 422">
     <span class='ocr_line' id='line_1_3' title="bbox 3455 354 3592 422; baseline 0.022 -6"><span class='ocrx_word' id='word_1_6' title='bbox 3455 354 3592 422; x_wconf 75' lang='lat'><strong>1378</strong></span> 
     </span>
    </p>
   </div>
   <div class='ocr_carea' id='block_1_4' title="bbox 329 458 3592 537">
    <p class='ocr_par' dir='ltr' id='par_1_4' title="bbox 329 458 3592 537">
     <span class='ocr_line' id='line_1_4' title="bbox 329 458 3592 537; baseline 0.003 -20"><span class='ocrx_word' id='word_1_7' title='bbox 329 458 622 521; x_wconf 82' lang='lat' dir='ltr'><strong>lnfcliciter</strong></span> <span class='ocrx_word' id='word_1_8' title='bbox 645 463 1100 531; x_wconf 86' lang='lat' dir='ltr'><strong>consectandum,</strong></span> <span class='ocrx_word' id='word_1_9' title='bbox 1125 463 1365 534; x_wconf 68' lang='lat' dir='ltr'><strong>prtevius</strong></span> <span class='ocrx_word' id='word_1_10' title='bbox 1389 463 1591 520; x_wconf 83' lang='lat' dir='ltr'><strong>futurae</strong></span> <span class='ocrx_word' id='word_1_11' title='bbox 1609 464 1908 534; x_wconf 86' lang='lat' dir='ltr'><strong>impietatis</strong></span> <span class='ocrx_word' id='word_1_12' title='bbox 1939 468 1981 522; x_wconf 85' lang='lat' dir='ltr'><strong>A</strong></span> <span class='ocrx_word' id='word_1_13' title='bbox 2010 464 2412 537; x_wconf 77' lang='lat' dir='ltr'><strong>Mauropltoros</strong></span> <span class='ocrx_word' id='word_1_14' title='bbox 2449 466 2858 524; x_wconf 82' lang='lat' dir='ltr'><strong>insurrexerint</strong></span> <span class='ocrx_word' id='word_1_15' title='bbox 2895 475 2952 522; x_wconf 90' lang='lat' dir='ltr'><strong>et</strong></span> <span class='ocrx_word' id='word_1_16' title='bbox 2979 467 3181 524; x_wconf 88' lang='lat' dir='ltr'><strong>multos</strong></span> <span class='ocrx_word' id='word_1_17' title='bbox 3213 469 3267 524; x_wconf 91' lang='lat' dir='ltr'><strong>in</strong></span> <span class='ocrx_word' id='word_1_18' title='bbox 3304 471 3592 530; x_wconf 61' lang='lat' dir='ltr'><strong>Palaestina</strong></span> 
     </span>
    </p>
   </div>
   <div class='ocr_carea' id='block_1_5' title="bbox 329 557 622 613">
    <p class='ocr_par' dir='ltr' id='par_1_5' title="bbox 329 557 622 613">
     <span class='ocr_line' id='line_1_5' title="bbox 329 557 622 613; baseline -0.003 0"><span class='ocrx_word' id='word_1_19' title='bbox 329 557 622 613; x_wconf 80' lang='lat' dir='ltr'><strong>exsistens.</strong></span> 
     </span>
    </p>
   </div>
   <div class='ocr_carea' id='block_1_6' title="bbox 398 646 1910 717">
    <p class='ocr_par' dir='ltr' id='par_1_6' title="bbox 398 646 1910 717">
     <span class='ocr_line' id='line_1_6' title="bbox 398 646 1910 717; baseline 0.003 -17"><span class='ocrx_word' id='word_1_20' title='bbox 398 649 561 702; x_wconf 86' lang='lat' dir='ltr'><strong>Anno</strong></span> <span class='ocrx_word' id='word_1_21' title='bbox 593 646 810 717; x_wconf 84' lang='lat' dir='ltr'><strong>imperii</strong></span> <span class='ocrx_word' id='word_1_22' title='bbox 828 646 1176 703; x_wconf 91' lang='lat' dir='ltr'><strong>Constantini</strong></span> <span class='ocrx_word' id='word_1_23' title='bbox 1197 649 1262 703; x_wconf 81' lang='grc'><strong>15</strong></span> <span class='ocrx_word' id='word_1_24' title='bbox 1277 647 1600 704; x_wconf 75' lang='lat' dir='ltr'><strong>Anastasius</strong></span> <span class='ocrx_word' id='word_1_25' title='bbox 1624 649 1910 716; x_wconf 87' lang='lat' dir='ltr'><strong>scelestus,</strong></span> 
     </span>
    </p>
   </div>
   <div class='ocr_carea' id='block_1_7' title="bbox 331 739 1909 812">
    <p class='ocr_par' dir='ltr' id='par_1_7' title="bbox 331 739 1909 812">
     <span class='ocr_line' id='line_1_7' title="bbox 331 739 1909 812; baseline 0.002 -18"><span class='ocrx_word' id='word_1_26' title='bbox 331 740 422 810; x_wconf 87' lang='lat' dir='ltr'><strong>qui</strong></span> <span class='ocrx_word' id='word_1_27' title='bbox 449 741 711 797; x_wconf 68' lang='lat' dir='ltr'><strong>Ecclesiae</strong></span> <span class='ocrx_word' id='word_1_28' title='bbox 747 741 948 796; x_wconf 87' lang='lat' dir='ltr'><strong>throno</strong></span> <span class='ocrx_word' id='word_1_29' title='bbox 989 739 1615 812; x_wconf 68' lang='lat' dir='ltr'><strong>Constantinopolitanae</strong></span> <span class='ocrx_word' id='word_1_30' title='bbox 1670 741 1909 812; x_wconf 62' lang='lat' dir='ltr'><strong>prmfuit,</strong></span> 
     </span>
    </p>
   </div>
   <div class='ocr_carea' id='block_1_8' title="bbox 327 833 1912 904">
    <p class='ocr_par' dir='ltr' id='par_1_8' title="bbox 327 833 1912 904">
     <span class='ocr_line' id='line_1_8' title="bbox 327 833 1912 904; baseline 0.001 -16"><span class='ocrx_word' id='word_1_31' title='bbox 327 843 583 888; x_wconf 88' lang='lat' dir='ltr'><strong>mortuus</strong></span> <span class='ocrx_word' id='word_1_32' title='bbox 632 842 717 888; x_wconf 90' lang='lat' dir='ltr'><strong>est</strong></span> <span class='ocrx_word' id='word_1_33' title='bbox 774 848 1008 904; x_wconf 90' lang='lat' dir='ltr'><strong>corpore</strong></span> <span class='ocrx_word' id='word_1_34' title='bbox 1048 833 1212 887; x_wconf 84' lang='lat' dir='ltr'><strong>simul</strong></span> <span class='ocrx_word' id='word_1_35' title='bbox 1271 840 1327 889; x_wconf 88' lang='lat' dir='ltr'><strong>et</strong></span> <span class='ocrx_word' id='word_1_36' title='bbox 1378 834 1562 889; x_wconf 86' lang='lat' dir='ltr'><strong>anima</strong></span> <span class='ocrx_word' id='word_1_37' title='bbox 1609 835 1912 890; x_wconf 83' lang='lat' dir='ltr'><strong>miserabili</strong></span> 
     </span>
    </p>
   </div>
   <div class='ocr_carea' id='block_1_9' title="bbox 322 923 1911 998">
    <p class='ocr_par' dir='ltr' id='par_1_9' title="bbox 322 923 1911 998">
     <span class='ocr_line' id='line_1_9' title="bbox 322 923 1911 998; baseline 0.004 -20"><span class='ocrx_word' id='word_1_38' title='bbox 322 923 586 994; x_wconf 85' lang='lat' dir='ltr'><strong>passione</strong></span> <span class='ocrx_word' id='word_1_39' title='bbox 627 939 750 995; x_wconf 74' lang='lat' dir='ltr'><strong>qua:</strong></span> <span class='ocrx_word' id='word_1_40' title='bbox 807 925 1009 980; x_wconf 89' lang='lat' dir='ltr'><strong>dicitur</strong></span> <span class='ocrx_word' id='word_1_41' title='bbox 1061 925 1401 997; x_wconf 87' lang='lat' dir='ltr'><strong>cbordapsos</strong></span> <span class='ocrx_word' id='word_1_42' title='bbox 1447 927 1727 998; x_wconf 80' lang='lat' dir='ltr'><strong>fatigatus,</strong></span> <span class='ocrx_word' id='word_1_43' title='bbox 1785 945 1911 986; x_wconf 87' lang='lat' dir='ltr'><strong>cum</strong></span> 
     </span>
    </p>
   </div>
   <div class='ocr_carea' id='block_1_10' title="bbox 326 1021 1912 1094">
    <p class='ocr_par' dir='ltr' id='par_1_10' title="bbox 326 1021 1912 1094">
     <span class='ocr_line' id='line_1_10' title="bbox 326 1021 1912 1094; baseline 0.002 -18"><span class='ocrx_word' id='word_1_44' title='bbox 326 1029 543 1076; x_wconf 78' lang='lat' dir='ltr'><strong>stercus</strong></span> <span class='ocrx_word' id='word_1_45' title='bbox 574 1034 674 1090; x_wconf 89' lang='lat' dir='ltr'><strong>per</strong></span> <span class='ocrx_word' id='word_1_46' title='bbox 705 1021 1139 1087; x_wconf 84' lang='lat' dir='ltr'><strong>osevomnisset,</strong></span> <span class='ocrx_word' id='word_1_47' title='bbox 1183 1021 1402 1094; x_wconf 81' lang='lat' dir='ltr'><strong>dignam</strong></span> <span class='ocrx_word' id='word_1_48' title='bbox 1452 1024 1745 1079; x_wconf 87' lang='lat' dir='ltr'><strong>exsolvens</strong></span> <span class='ocrx_word' id='word_1_49' title='bbox 1790 1024 1912 1078; x_wconf 80' lang='lat' dir='ltr'><strong>vin-</strong></span> 
     </span>
    </p>
   </div>
   <div class='ocr_carea' id='block_1_11' title="bbox 328 1108 1913 1184">
    <p class='ocr_par' dir='ltr' id='par_1_11' title="bbox 328 1108 1913 1184">
     <span class='ocr_line' id='line_1_11' title="bbox 328 1108 1913 1184; baseline 0.004 -19"><span class='ocrx_word' id='word_1_50' title='bbox 328 1108 561 1179; x_wconf 87' lang='lat' dir='ltr'><strong>dictam,</strong></span> <span class='ocrx_word' id='word_1_51' title='bbox 611 1126 712 1182; x_wconf 92' lang='lat' dir='ltr'><strong>pro</strong></span> <span class='ocrx_word' id='word_1_52' title='bbox 770 1112 1000 1167; x_wconf 86' lang='lat' dir='ltr'><strong>audacia</strong></span> <span class='ocrx_word' id='word_1_53' title='bbox 1035 1113 1269 1178; x_wconf 82' lang='lat' dir='ltr'><strong>scilicet,</strong></span> <span class='ocrx_word' id='word_1_54' title='bbox 1321 1130 1484 1184; x_wconf 89' lang='lat' dir='ltr'><strong>quam</strong></span> <span class='ocrx_word' id='word_1_55' title='bbox 1508 1123 1701 1171; x_wconf 91' lang='lat' dir='ltr'><strong>contra</strong></span> <span class='ocrx_word' id='word_1_56' title='bbox 1740 1114 1913 1172; x_wconf 87' lang='lat' dir='ltr'><strong>Deum</strong></span> 
     </span>
    </p>
   </div>
   <div class='ocr_carea' id='block_1_12' title="bbox 326 1205 1491 1276">
    <p class='ocr_par' dir='ltr' id='par_1_12' title="bbox 326 1205 1491 1276">
     <span class='ocr_line' id='line_1_12' title="bbox 326 1205 1491 1276; baseline 0.003 -17"><span class='ocrx_word' id='word_1_57' title='bbox 326 1211 632 1275; x_wconf 86' lang='lat' dir='ltr'><strong>contraque</strong></span> <span class='ocrx_word' id='word_1_58' title='bbox 666 1205 985 1276; x_wconf 85' lang='lat' dir='ltr'><strong>magistrum</strong></span> <span class='ocrx_word' id='word_1_59' title='bbox 1031 1221 1192 1261; x_wconf 90' lang='lat' dir='ltr'><strong>suum</strong></span> <span class='ocrx_word' id='word_1_60' title='bbox 1219 1207 1491 1263; x_wconf 78' lang='lat' dir='ltr'><strong>exhibuit.</strong></span> 
     </span>
    </p>
   </div>
   <div class='ocr_carea' id='block_1_13' title="bbox 397 1296 1916 1373">
    <p class='ocr_par' dir='ltr' id='par_1_13' title="bbox 397 1296 1916 1373">
     <span class='ocr_line' id='line_1_13' title="bbox 397 1296 1916 1373; baseline 0.003 -21"><span class='ocrx_word' id='word_1_61' title='bbox 397 1296 608 1353; x_wconf 89' lang='lat' dir='ltr'><strong>Eodem</strong></span> <span class='ocrx_word' id='word_1_62' title='bbox 666 1314 887 1369; x_wconf 88' lang='lat' dir='ltr'><strong>quoque</strong></span> <span class='ocrx_word' id='word_1_63' title='bbox 945 1314 1092 1354; x_wconf 90' lang='lat' dir='ltr'><strong>anno</strong></span> <span class='ocrx_word' id='word_1_64' title='bbox 1142 1308 1200 1356; x_wconf 89' lang='lat' dir='ltr'><strong>et</strong></span> <span class='ocrx_word' id='word_1_65' title='bbox 1255 1299 1659 1358; x_wconf 86' lang='lat' dir='ltr'><strong>Constantinus</strong></span> <span class='ocrx_word' id='word_1_66' title='bbox 1710 1302 1916 1373; x_wconf 89' lang='lat' dir='ltr'><strong>impius</strong></span> 
     </span>
    </p>
   </div>
   <div class='ocr_carea' id='block_1_14' title="bbox 327 1389 1913 1462">
    <p class='ocr_par' dir='ltr' id='par_1_14' title="bbox 327 1389 1913 1462">
     <span class='ocr_line' id='line_1_14' title="bbox 327 1389 1913 1462; baseline 0.004 -20"><span class='ocrx_word' id='word_1_67' title='bbox 327 1396 525 1442; x_wconf 84' lang='lat' dir='ltr'><strong>contra</strong></span> <span class='ocrx_word' id='word_1_68' title='bbox 572 1396 789 1444; x_wconf 86' lang='lat' dir='ltr'><strong>sanctas</strong></span> <span class='ocrx_word' id='word_1_69' title='bbox 830 1399 887 1444; x_wconf 88' lang='lat' dir='ltr'><strong>et</strong></span> <span class='ocrx_word' id='word_1_70' title='bbox 921 1389 1270 1445; x_wconf 82' lang='lat' dir='ltr'><strong>venerabiles</strong></span> <span class='ocrx_word' id='word_1_71' title='bbox 1320 1391 1592 1462; x_wconf 79' lang='lat' dir='ltr'><strong>imagines</strong></span> <span class='ocrx_word' id='word_1_72' title='bbox 1618 1393 1913 1449; x_wconf 90' lang='lat' dir='ltr'><strong>concilium</strong></span> 
     </span>
    </p>
   </div>
   <div class='ocr_carea' id='block_1_15' title="bbox 328 1478 1916 1556">
    <p class='ocr_par' dir='ltr' id='par_1_15' title="bbox 328 1478 1916 1556">
     <span class='ocr_line' id='line_1_15' title="bbox 328 1478 1916 1556; baseline 0.003 -21"><span class='ocrx_word' id='word_1_73' title='bbox 328 1478 584 1550; x_wconf 86' lang='lat' dir='ltr'><strong>iniquum</strong></span> <span class='ocrx_word' id='word_1_74' title='bbox 645 1478 749 1535; x_wconf 77' lang='lat'><strong>3&#39;58</strong></span> <span class='ocrx_word' id='word_1_75' title='bbox 810 1481 1199 1551; x_wconf 88' lang='lat' dir='ltr'><strong>episcoporum</strong></span> <span class='ocrx_word' id='word_1_76' title='bbox 1239 1484 1592 1554; x_wconf 80' lang='lat' dir='ltr'><strong>congregavit</strong></span> <span class='ocrx_word' id='word_1_77' title='bbox 1633 1485 1688 1539; x_wconf 90' lang='lat' dir='ltr'><strong>in</strong></span> <span class='ocrx_word' id='word_1_78' title='bbox 1712 1485 1916 1556; x_wconf 90' lang='lat' dir='ltr'><strong>palatio</strong></span> 
     </span>
    </p>
   </div>
   <div class='ocr_carea' id='block_1_16' title="bbox 329 1571 1916 1643">
    <p class='ocr_par' dir='ltr' id='par_1_16' title="bbox 329 1571 1916 1643">
     <span class='ocr_line' id='line_1_16' title="bbox 329 1571 1916 1643; baseline 0.001 -16"><span class='ocrx_word' id='word_1_79' title='bbox 329 1571 574 1636; x_wconf 64' lang='lat' dir='ltr'><strong>ﬂieriw,</strong></span> <span class='ocrx_word' id='word_1_80' title='bbox 644 1587 878 1642; x_wconf 88' lang='lat' dir='ltr'><strong>quorum</strong></span> <span class='ocrx_word' id='word_1_81' title='bbox 941 1572 1157 1642; x_wconf 87' lang='lat' dir='ltr'><strong>primus</strong></span> <span class='ocrx_word' id='word_1_82' title='bbox 1212 1579 1335 1627; x_wconf 89' lang='lat' dir='ltr'><strong>erat</strong></span> <span class='ocrx_word' id='word_1_83' title='bbox 1393 1573 1707 1643; x_wconf 85' lang='lat' dir='ltr'><strong>Ephesinus</strong></span> <span class='ocrx_word' id='word_1_84' title='bbox 1770 1575 1916 1630; x_wconf 81' lang='lat' dir='ltr'><strong>filius</strong></span> 
     </span>
    </p>
   </div>
   <div class='ocr_carea' id='block_1_17' title="bbox 329 1660 1917 1735">
    <p class='ocr_par' dir='ltr' id='par_1_17' title="bbox 329 1660 1917 1735">
     <span class='ocr_line' id='line_1_17' title="bbox 329 1660 1917 1735; baseline 0.003 -19"><span class='ocrx_word' id='word_1_85' title='bbox 329 1661 606 1732; x_wconf 83' lang='lat' dir='ltr'><strong>Apsimari</strong></span> <span class='ocrx_word' id='word_1_86' title='bbox 654 1671 712 1716; x_wconf 88' lang='lat' dir='ltr'><strong>et</strong></span> <span class='ocrx_word' id='word_1_87' title='bbox 740 1660 994 1717; x_wconf 88' lang='lat' dir='ltr'><strong>Pastillas</strong></span> <span class='ocrx_word' id='word_1_88' title='bbox 1040 1661 1352 1732; x_wconf 80' lang='lat' dir='ltr'><strong>Pergensis,</strong></span> <span class='ocrx_word' id='word_1_89' title='bbox 1386 1663 1481 1732; x_wconf 90' lang='lat' dir='ltr'><strong>qui</strong></span> <span class='ocrx_word' id='word_1_90' title='bbox 1531 1664 1676 1734; x_wconf 84' lang='lat' dir='ltr'><strong>apud</strong></span> <span class='ocrx_word' id='word_1_91' title='bbox 1704 1678 1763 1719; x_wconf 89' lang='lat' dir='ltr'><strong>se</strong></span> <span class='ocrx_word' id='word_1_92' title='bbox 1793 1681 1917 1735; x_wconf 66' lang='lat' dir='ltr'><strong>quae</strong></span> 
     </span>
    </p>
   </div>
   <div class='ocr_carea' id='block_1_18' title="bbox 329 1748 1912 1826">
    <p class='ocr_par' dir='ltr' id='par_1_18' title="bbox 329 1748 1912 1826">
     <span class='ocr_line' id='line_1_18' title="bbox 329 1748 1912 1826; baseline 0.001 -16"><span class='ocrx_word' id='word_1_93' title='bbox 329 1753 436 1811; x_wconf 90' lang='lat' dir='ltr'><strong>sibi</strong></span> <span class='ocrx_word' id='word_1_94' title='bbox 502 1752 622 1810; x_wconf 80' lang='lat' dir='ltr'><strong>visa</strong></span> <span class='ocrx_word' id='word_1_95' title='bbox 683 1764 816 1810; x_wconf 91' lang='lat' dir='ltr'><strong>sunt</strong></span> <span class='ocrx_word' id='word_1_96' title='bbox 853 1748 1316 1825; x_wconf 80' lang='lat' dir='ltr'><strong>dogmatizarunt,</strong></span> <span class='ocrx_word' id='word_1_97' title='bbox 1352 1755 1505 1811; x_wconf 93' lang='lat' dir='ltr'><strong>nullo</strong></span> <span class='ocrx_word' id='word_1_98' title='bbox 1549 1767 1822 1826; x_wconf 69' lang='lat' dir='ltr'><strong>praesente</strong></span> <span class='ocrx_word' id='word_1_99' title='bbox 1846 1773 1912 1812; x_wconf 90' lang='lat' dir='ltr'><strong>ex</strong></span> 
     </span>
    </p>
   </div>
   <div class='ocr_carea' id='block_1_19' title="bbox 2011 559 3594 631">
    <p class='ocr_par' dir='ltr' id='par_1_19' title="bbox 2011 559 3594 631">
     <span class='ocr_line' id='line_1_19' title="bbox 2011 559 3594 631; baseline 0.004 -17"><span class='ocrx_word' id='word_1_100' title='bbox 2011 569 2067 614; x_wconf 92' lang='lat' dir='ltr'><strong>et</strong></span> <span class='ocrx_word' id='word_1_101' title='bbox 2088 559 2284 614; x_wconf 83' lang='lat' dir='ltr'><strong>Emesa</strong></span> <span class='ocrx_word' id='word_1_102' title='bbox 2307 568 2364 614; x_wconf 89' lang='lat' dir='ltr'><strong>et</strong></span> <span class='ocrx_word' id='word_1_103' title='bbox 2396 559 2668 614; x_wconf 90' lang='lat' dir='ltr'><strong>maritima</strong></span> <span class='ocrx_word' id='word_1_104' title='bbox 2696 560 2962 630; x_wconf 89' lang='lat' dir='ltr'><strong>ceperint,</strong></span> <span class='ocrx_word' id='word_1_105' title='bbox 2988 570 3152 631; x_wconf 88' lang='lat' dir='ltr'><strong>atque</strong></span> <span class='ocrx_word' id='word_1_106' title='bbox 3183 562 3238 616; x_wconf 88' lang='lat' dir='ltr'><strong>in</strong></span> <span class='ocrx_word' id='word_1_107' title='bbox 3259 578 3356 618; x_wconf 91' lang='lat' dir='ltr'><strong>eos</strong></span> <span class='ocrx_word' id='word_1_108' title='bbox 3383 563 3594 621; x_wconf 83' lang='lat' dir='ltr'><strong>irruere</strong></span> 
     </span>
    </p>
   </div>
   <div class='ocr_carea' id='block_1_20' title="bbox 2014 650 3596 709">
    <p class='ocr_par' dir='ltr' id='par_1_20' title="bbox 2014 650 3596 709">
     <span class='ocr_line' id='line_1_20' title="bbox 2014 650 3596 709; baseline 0.003 -4"><span class='ocrx_word' id='word_1_109' title='bbox 2014 650 2373 706; x_wconf 80' lang='lat' dir='ltr'><strong>meditantem</strong></span> <span class='ocrx_word' id='word_1_110' title='bbox 2399 651 2652 705; x_wconf 83' lang='lat' dir='ltr'><strong>cohibuit</strong></span> <span class='ocrx_word' id='word_1_111' title='bbox 2677 667 2801 706; x_wconf 91' lang='lat' dir='ltr'><strong>cum</strong></span> <span class='ocrx_word' id='word_1_112' title='bbox 2824 653 3177 706; x_wconf 82' lang='lat' dir='ltr'><strong>exercitibus.</strong></span> <span class='ocrx_word' id='word_1_113' title='bbox 3200 653 3270 707; x_wconf 87' lang='lat' dir='ltr'><strong>At</strong></span> <span class='ocrx_word' id='word_1_114' title='bbox 3295 653 3386 709; x_wconf 92' lang='lat' dir='ltr'><strong>ille</strong></span> <span class='ocrx_word' id='word_1_115' title='bbox 3421 654 3596 709; x_wconf 85' lang='lat' dir='ltr'><strong>iratus</strong></span> 
     </span>
    </p>
   </div>
   <div class='ocr_carea' id='block_1_21' title="bbox 2011 739 3596 800">
    <p class='ocr_par' dir='ltr' id='par_1_21' title="bbox 2011 739 3596 800">
     <span class='ocr_line' id='line_1_21' title="bbox 2011 739 3596 800; baseline 0.004 -6"><span class='ocrx_word' id='word_1_116' title='bbox 2011 739 2232 794; x_wconf 67' lang='lat' dir='ltr'><strong>Abdelze</strong></span> <span class='ocrx_word' id='word_1_117' title='bbox 2272 739 2340 795; x_wconf 90' lang='lat' dir='ltr'><strong>ad</strong></span> <span class='ocrx_word' id='word_1_118' title='bbox 2376 739 2702 795; x_wconf 87' lang='lat' dir='ltr'><strong>interiorem</strong></span> <span class='ocrx_word' id='word_1_119' title='bbox 2746 741 3027 797; x_wconf 76' lang='lat' dir='ltr'><strong>Persidem</strong></span> <span class='ocrx_word' id='word_1_120' title='bbox 3077 758 3202 796; x_wconf 89' lang='lat' dir='ltr'><strong>eum</strong></span> <span class='ocrx_word' id='word_1_121' title='bbox 3238 745 3596 800; x_wconf 87' lang='lat' dir='ltr'><strong>multitudine</strong></span> 
     </span>
    </p>
   </div>
   <div class='ocr_carea' id='block_1_22' title="bbox 2013 832 3594 903">
    <p class='ocr_par' dir='ltr' id='par_1_22' title="bbox 2013 832 3594 903">
     <span class='ocr_line' id='line_1_22' title="bbox 2013 832 3594 903; baseline 0.003 -17"><span class='ocrx_word' id='word_1_122' title='bbox 2013 833 2350 903; x_wconf 83' lang='lat' dir='ltr'><strong>properavit.</strong></span> <span class='ocrx_word' id='word_1_123' title='bbox 2379 832 2551 900; x_wconf 84' lang='lat' dir='ltr'><strong>Quem</strong></span> <span class='ocrx_word' id='word_1_124' title='bbox 2602 849 2727 890; x_wconf 88' lang='lat' dir='ltr'><strong>cum</strong></span> <span class='ocrx_word' id='word_1_125' title='bbox 2767 834 3127 890; x_wconf 83' lang='lat' dir='ltr'><strong>vehementer</strong></span> <span class='ocrx_word' id='word_1_126' title='bbox 3170 835 3263 890; x_wconf 92' lang='lat' dir='ltr'><strong>ille</strong></span> <span class='ocrx_word' id='word_1_127' title='bbox 3300 845 3594 903; x_wconf 88' lang='lat' dir='ltr'><strong>metueret,</strong></span> 
     </span>
    </p>
   </div>
   <div class='ocr_carea' id='block_1_23' title="bbox 2013 925 3599 999">
    <p class='ocr_par' dir='ltr' id='par_1_23' title="bbox 2013 925 3599 999">
     <span class='ocr_line' id='line_1_23' title="bbox 2013 925 3599 999; baseline 0.004 -21"><span class='ocrx_word' id='word_1_128' title='bbox 2013 926 2245 980; x_wconf 86' lang='lat' dir='ltr'><strong>accersit</strong></span> <span class='ocrx_word' id='word_1_129' title='bbox 2290 940 2416 981; x_wconf 87' lang='lat' dir='ltr'><strong>eum</strong></span> <span class='ocrx_word' id='word_1_130' title='bbox 2461 925 2730 981; x_wconf 84' lang='lat' dir='ltr'><strong>suasoriis</strong></span> <span class='ocrx_word' id='word_1_131' title='bbox 2773 925 2960 982; x_wconf 89' lang='lat' dir='ltr'><strong>verbis</strong></span> <span class='ocrx_word' id='word_1_132' title='bbox 3008 936 3064 982; x_wconf 93' lang='lat' dir='ltr'><strong>et</strong></span> <span class='ocrx_word' id='word_1_133' title='bbox 3097 927 3381 998; x_wconf 88' lang='lat' dir='ltr'><strong>precibus,</strong></span> <span class='ocrx_word' id='word_1_134' title='bbox 3430 938 3599 999; x_wconf 89' lang='lat' dir='ltr'><strong>atque</strong></span> 
     </span>
    </p>
   </div>
   <div class='ocr_carea' id='block_1_24' title="bbox 2016 1017 3601 1092">
    <p class='ocr_par' dir='ltr' id='par_1_24' title="bbox 2016 1017 3601 1092">
     <span class='ocr_line' id='line_1_24' title="bbox 2016 1017 3601 1092; baseline 0.003 -21"><span class='ocrx_word' id='word_1_135' title='bbox 2016 1017 2148 1087; x_wconf 89' lang='lat' dir='ltr'><strong>ipsis</strong></span> <span class='ocrx_word' id='word_1_136' title='bbox 2192 1018 2632 1073; x_wconf 85' lang='lat' dir='ltr'><strong>exsecrabilibus</strong></span> <span class='ocrx_word' id='word_1_137' title='bbox 2677 1019 2942 1089; x_wconf 89' lang='lat' dir='ltr'><strong>principis</strong></span> <span class='ocrx_word' id='word_1_138' title='bbox 2977 1034 3171 1073; x_wconf 89' lang='lat' dir='ltr'><strong>eorum</strong></span> <span class='ocrx_word' id='word_1_139' title='bbox 3199 1021 3462 1092; x_wconf 85' lang='lat' dir='ltr'><strong>symbolis</strong></span> <span class='ocrx_word' id='word_1_140' title='bbox 3503 1021 3601 1077; x_wconf 83' lang='lat' dir='ltr'><strong>de-</strong></span> 
     </span>
    </p>
   </div>
   <div class='ocr_carea' id='block_1_25' title="bbox 2015 1109 3604 1183">
    <p class='ocr_par' dir='ltr' id='par_1_25' title="bbox 2015 1109 3604 1183">
     <span class='ocr_line' id='line_1_25' title="bbox 2015 1109 3604 1183; baseline 0.004 -21"><span class='ocrx_word' id='word_1_141' title='bbox 2015 1109 2255 1176; x_wconf 88' lang='lat' dir='ltr'><strong>stinatis,</strong></span> <span class='ocrx_word' id='word_1_142' title='bbox 2290 1110 2441 1181; x_wconf 84' lang='lat' dir='ltr'><strong>virga</strong></span> <span class='ocrx_word' id='word_1_143' title='bbox 2469 1109 2729 1164; x_wconf 86' lang='lat' dir='ltr'><strong>videlicet</strong></span> <span class='ocrx_word' id='word_1_144' title='bbox 2753 1121 2918 1181; x_wconf 84' lang='lat' dir='ltr'><strong>atque</strong></span> <span class='ocrx_word' id='word_1_145' title='bbox 2956 1111 3224 1166; x_wconf 85' lang='lat' dir='ltr'><strong>sandaliis</strong></span> <span class='ocrx_word' id='word_1_146' title='bbox 3255 1112 3604 1183; x_wconf 64' lang='lat' dir='ltr'><strong>pseudoprov</strong></span> 
     </span>
    </p>
   </div>
   <div class='ocr_carea' id='block_1_26' title="bbox 2014 1202 3601 1274">
    <p class='ocr_par' dir='ltr' id='par_1_26' title="bbox 2014 1202 3601 1274">
     <span class='ocr_line' id='line_1_26' title="bbox 2014 1202 3601 1274; baseline 0.003 -18"><span class='ocrx_word' id='word_1_147' title='bbox 2014 1202 2195 1272; x_wconf 66' lang='lat' dir='ltr'><strong>pheta:</strong></span> <span class='ocrx_word' id='word_1_148' title='bbox 2245 1202 2516 1267; x_wconf 85' lang='lat' dir='ltr'><strong>Maumed,</strong></span> <span class='ocrx_word' id='word_1_149' title='bbox 2545 1215 2810 1274; x_wconf 79' lang='lat' dir='ltr'><strong>expetens</strong></span> <span class='ocrx_word' id='word_1_150' title='bbox 2841 1215 2902 1260; x_wconf 90' lang='lat' dir='ltr'><strong>ut</strong></span> <span class='ocrx_word' id='word_1_151' title='bbox 2938 1205 3005 1260; x_wconf 90' lang='lat' dir='ltr'><strong>ad</strong></span> <span class='ocrx_word' id='word_1_152' title='bbox 3047 1221 3105 1260; x_wconf 91' lang='lat' dir='ltr'><strong>se</strong></span> <span class='ocrx_word' id='word_1_153' title='bbox 3140 1206 3228 1260; x_wconf 86' lang='lat' dir='ltr'><strong>via</strong></span> <span class='ocrx_word' id='word_1_154' title='bbox 3284 1207 3450 1261; x_wconf 90' lang='lat' dir='ltr'><strong>unius</strong></span> <span class='ocrx_word' id='word_1_155' title='bbox 3488 1205 3601 1262; x_wconf 89' lang='lat' dir='ltr'><strong>diei</strong></span> 
     </span>
    </p>
   </div>
   <div class='ocr_carea' id='block_1_27' title="bbox 2015 1292 3606 1367">
    <p class='ocr_par' dir='ltr' id='par_1_27' title="bbox 2015 1292 3606 1367">
     <span class='ocr_line' id='line_1_27' title="bbox 2015 1292 3606 1367; baseline 0.004 -21"><span class='ocrx_word' id='word_1_156' title='bbox 2015 1292 2407 1359; x_wconf 88' lang='lat' dir='ltr'><strong>diverteretnr,</strong></span> <span class='ocrx_word' id='word_1_157' title='bbox 2455 1303 2728 1364; x_wconf 88' lang='lat' dir='ltr'><strong>quatenus</strong></span> <span class='ocrx_word' id='word_1_158' title='bbox 2769 1296 2819 1350; x_wconf 91' lang='lat' dir='ltr'><strong>ei</strong></span> <span class='ocrx_word' id='word_1_159' title='bbox 2862 1295 3125 1351; x_wconf 90' lang='lat' dir='ltr'><strong>decentes</strong></span> <span class='ocrx_word' id='word_1_160' title='bbox 3172 1299 3474 1367; x_wconf 75' lang='lat' dir='ltr'><strong>gratiarum</strong></span> <span class='ocrx_word' id='word_1_161' title='bbox 3514 1314 3606 1352; x_wconf 88' lang='lat' dir='ltr'><strong>ac-</strong></span> 
     </span>
    </p>
   </div>
   <div class='ocr_carea' id='block_1_28' title="bbox 2017 1383 3604 1457">
    <p class='ocr_par' dir='ltr' id='par_1_28' title="bbox 2017 1383 3604 1457">
     <span class='ocr_line' id='line_1_28' title="bbox 2017 1383 3604 1457; baseline 0.003 -20"><span class='ocrx_word' id='word_1_162' title='bbox 2017 1383 2196 1438; x_wconf 91' lang='lat' dir='ltr'><strong>tiones</strong></span> <span class='ocrx_word' id='word_1_163' title='bbox 2225 1383 2490 1438; x_wconf 89' lang='lat' dir='ltr'><strong>deferret.</strong></span> <span class='ocrx_word' id='word_1_164' title='bbox 2526 1385 2596 1439; x_wconf 87' lang='lat' dir='ltr'><strong>At</strong></span> <span class='ocrx_word' id='word_1_165' title='bbox 2624 1385 2717 1440; x_wconf 90' lang='lat' dir='ltr'><strong>ille</strong></span> <span class='ocrx_word' id='word_1_166' title='bbox 2747 1385 3014 1457; x_wconf 83' lang='lat' dir='ltr'><strong>deceptus</strong></span> <span class='ocrx_word' id='word_1_167' title='bbox 3048 1389 3199 1442; x_wconf 91' lang='lat' dir='ltr'><strong>venit</strong></span> <span class='ocrx_word' id='word_1_168' title='bbox 3232 1403 3356 1442; x_wconf 89' lang='lat' dir='ltr'><strong>cum</strong></span> <span class='ocrx_word' id='word_1_169' title='bbox 3378 1399 3604 1443; x_wconf 87' lang='lat' dir='ltr'><strong>centum</strong></span> 
     </span>
    </p>
   </div>
   <div class='ocr_carea' id='block_1_29' title="bbox 2016 1476 3594 1549">
    <p class='ocr_par' dir='ltr' id='par_1_29' title="bbox 2016 1476 3594 1549">
     <span class='ocr_line' id='line_1_29' title="bbox 2016 1476 3594 1549; baseline 0.005 -21"><span class='ocrx_word' id='word_1_170' title='bbox 2016 1476 2264 1532; x_wconf 90' lang='lat' dir='ltr'><strong>millibus</strong></span> <span class='ocrx_word' id='word_1_171' title='bbox 2289 1479 2562 1548; x_wconf 89' lang='lat' dir='ltr'><strong>equitum,</strong></span> <span class='ocrx_word' id='word_1_172' title='bbox 2585 1476 2884 1549; x_wconf 87' lang='lat' dir='ltr'><strong>unitusque</strong></span> <span class='ocrx_word' id='word_1_173' title='bbox 2910 1480 2985 1535; x_wconf 90' lang='lat' dir='ltr'><strong>illi</strong></span> <span class='ocrx_word' id='word_1_174' title='bbox 3009 1481 3281 1536; x_wconf 87' lang='lat' dir='ltr'><strong>occiditur</strong></span> <span class='ocrx_word' id='word_1_175' title='bbox 3305 1481 3374 1537; x_wconf 88' lang='lat' dir='ltr'><strong>ab</strong></span> <span class='ocrx_word' id='word_1_176' title='bbox 3398 1497 3466 1536; x_wconf 90' lang='lat' dir='ltr'><strong>eo</strong></span> <span class='ocrx_word' id='word_1_177' title='bbox 3487 1497 3594 1536; x_wconf 88' lang='lat' dir='ltr'><strong>ma-</strong></span> 
     </span>
    </p>
   </div>
   <div class='ocr_carea' id='block_1_30' title="bbox 2016 1565 3602 1639">
    <p class='ocr_par' dir='ltr' id='par_1_30' title="bbox 2016 1565 3602 1639">
     <span class='ocr_line' id='line_1_30' title="bbox 2016 1565 3602 1639; baseline 0.003 -19"><span class='ocrx_word' id='word_1_178' title='bbox 2016 1565 2182 1621; x_wconf 88' lang='lat' dir='ltr'><strong>nibus</strong></span> <span class='ocrx_word' id='word_1_179' title='bbox 2215 1567 2480 1637; x_wconf 85' lang='lat' dir='ltr'><strong>propriis,</strong></span> <span class='ocrx_word' id='word_1_180' title='bbox 2515 1568 2707 1639; x_wconf 87' lang='lat' dir='ltr'><strong>sicque</strong></span> <span class='ocrx_word' id='word_1_181' title='bbox 2739 1569 3084 1639; x_wconf 89' lang='lat' dir='ltr'><strong>principatus</strong></span> <span class='ocrx_word' id='word_1_182' title='bbox 3111 1569 3338 1626; x_wconf 77' lang='lat' dir='ltr'><strong>Abdela:</strong></span> <span class='ocrx_word' id='word_1_183' title='bbox 3383 1569 3602 1625; x_wconf 82' lang='lat' dir='ltr'><strong>confer-</strong></span> 
     </span>
    </p>
   </div>
   <div class='ocr_carea' id='block_1_31' title="bbox 2019 1658 3122 1732">
    <p class='ocr_par' dir='ltr' id='par_1_31' title="bbox 2019 1658 3122 1732">
     <span class='ocr_line' id='line_1_31' title="bbox 2019 1658 3122 1732; baseline 0.005 -19"><span class='ocrx_word' id='word_1_184' title='bbox 2019 1667 2134 1723; x_wconf 90' lang='lat' dir='ltr'><strong>tur,</strong></span> <span class='ocrx_word' id='word_1_185' title='bbox 2156 1659 2252 1729; x_wconf 88' lang='lat' dir='ltr'><strong>qui</strong></span> <span class='ocrx_word' id='word_1_186' title='bbox 2284 1660 2349 1714; x_wconf 72' lang='grc'><strong>21</strong></span> <span class='ocrx_word' id='word_1_187' title='bbox 2387 1658 2664 1717; x_wconf 80' lang='lat' dir='ltr'><strong>Arabibus</strong></span> <span class='ocrx_word' id='word_1_188' title='bbox 2691 1661 2916 1732; x_wconf 68' lang='lat' dir='ltr'><strong>prmfuit</strong></span> <span class='ocrx_word' id='word_1_189' title='bbox 2943 1663 3122 1719; x_wconf 91' lang='lat' dir='ltr'><strong>annis.</strong></span> 
     </span>
    </p>
   </div>
   <div class='ocr_carea' id='block_1_32' title="bbox 2090 1752 3608 1824">
    <p class='ocr_par' dir='ltr' id='par_1_32' title="bbox 2090 1752 3608 1824">
     <span class='ocr_line' id='line_1_32' title="bbox 2090 1752 3608 1824; baseline 0.001 -16"><span class='ocrx_word' id='word_1_190' title='bbox 2090 1753 2251 1809; x_wconf 88' lang='lat' dir='ltr'><strong>Anno</strong></span> <span class='ocrx_word' id='word_1_191' title='bbox 2298 1753 2518 1824; x_wconf 89' lang='lat' dir='ltr'><strong>imperii</strong></span> <span class='ocrx_word' id='word_1_192' title='bbox 2567 1752 2915 1809; x_wconf 86' lang='lat' dir='ltr'><strong>Constantini</strong></span> <span class='ocrx_word' id='word_1_193' title='bbox 2973 1755 3042 1809; x_wconf 83' lang='grc'><strong>15</strong></span> <span class='ocrx_word' id='word_1_194' title='bbox 3105 1756 3308 1812; x_wconf 86' lang='lat' dir='ltr'><strong>Paulus</strong></span> <span class='ocrx_word' id='word_1_195' title='bbox 3347 1757 3608 1812; x_wconf 68' lang='lat' dir='ltr'><strong>Romana:</strong></span> 
     </span>
    </p>
   </div>
   <div class='ocr_carea' id='block_1_33' title="bbox 329 1820 3608 1918">
    <p class='ocr_par' dir='ltr' id='par_1_33' title="bbox 329 1820 3608 1918">
     <span class='ocr_line' id='line_1_33' title="bbox 329 1820 3608 1918; baseline -0.001 -13"><span class='ocrx_word' id='word_1_196' title='bbox 329 1849 621 1906; x_wconf 89' lang='lat' dir='ltr'><strong>catholicis</strong></span> <span class='ocrx_word' id='word_1_197' title='bbox 651 1849 898 1914; x_wconf 84' lang='lat' dir='ltr'><strong>sedibus,</strong></span> <span class='ocrx_word' id='word_1_198' title='bbox 930 1820 1175 1904; x_wconf 59' lang='lat' dir='ltr'><strong>homana</strong></span> <span class='ocrx_word' id='word_1_199' title='bbox 1224 1849 1516 1906; x_wconf 86' lang='lat' dir='ltr'><strong>seilicetet</strong></span> <span class='ocrx_word' id='word_1_200' title='bbox 1542 1820 1908 1916; x_wconf 78' lang='lat' dir='ltr'><strong>Antiochena,</strong></span> <span class='ocrx_word' id='word_1_201' title='bbox 1941 1820 1989 1878; x_wconf 81' lang='grc' dir='ltr'><strong>Β</strong></span> <span class='ocrx_word' id='word_1_202' title='bbox 2017 1845 2166 1900; x_wconf 87' lang='lat' dir='ltr'><strong>sedis</strong></span> <span class='ocrx_word' id='word_1_203' title='bbox 2203 1820 2402 1915; x_wconf 74' lang='lat' dir='ltr'><strong>praesul</strong></span> <span class='ocrx_word' id='word_1_204' title='bbox 2454 1844 2715 1899; x_wconf 86' lang='lat' dir='ltr'><strong>habetur.</strong></span> <span class='ocrx_word' id='word_1_205' title='bbox 2741 1845 2964 1902; x_wconf 86' lang='lat' dir='ltr'><strong>Nicetas</strong></span> <span class='ocrx_word' id='word_1_206' title='bbox 2997 1844 3349 1918; x_wconf 82' lang='lat' dir='ltr'><strong>Heliopoleos</strong></span> <span class='ocrx_word' id='word_1_207' title='bbox 3379 1847 3608 1902; x_wconf 85' lang='lat' dir='ltr'><strong>anathe-</strong></span> 
     </span>
    </p>
   </div>
   <div class='ocr_carea' id='block_1_34' title="bbox 330 1941 1914 2014">
    <p class='ocr_par' dir='ltr' id='par_1_34' title="bbox 330 1941 1914 2014">
     <span class='ocr_line' id='line_1_34' title="bbox 330 1941 1914 2014; baseline 0.001 -17"><span class='ocrx_word' id='word_1_208' title='bbox 330 1941 706 1999; x_wconf 84' lang='lat' dir='ltr'><strong>Alexandrina</strong></span> <span class='ocrx_word' id='word_1_209' title='bbox 757 1941 875 1998; x_wconf 87' lang='lat' dir='ltr'><strong>sive</strong></span> <span class='ocrx_word' id='word_1_210' title='bbox 918 1941 1440 2014; x_wconf 86' lang='lat' dir='ltr'><strong>Hierosolymitana.</strong></span> <span class='ocrx_word' id='word_1_211' title='bbox 1494 1942 1766 2013; x_wconf 81' lang='lat' dir='ltr'><strong>Aquarto</strong></span> <span class='ocrx_word' id='word_1_212' title='bbox 1788 1942 1914 1999; x_wconf 89' lang='lat' dir='ltr'><strong>idus</strong></span> 
     </span>
    </p>
   </div>
   <div class='ocr_carea' id='block_1_35' title="bbox 330 2034 1911 2107">
    <p class='ocr_par' dir='ltr' id='par_1_35' title="bbox 330 2034 1911 2107">
     <span class='ocr_line' id='line_1_35' title="bbox 330 2034 1911 2107; baseline -0.003 -14"><span class='ocrx_word' id='word_1_213' title='bbox 330 2036 666 2093; x_wconf 86' lang='lat' dir='ltr'><strong>Februarias</strong></span> <span class='ocrx_word' id='word_1_214' title='bbox 723 2035 1055 2106; x_wconf 90' lang='lat' dir='ltr'><strong>incipientes</strong></span> <span class='ocrx_word' id='word_1_215' title='bbox 1111 2034 1556 2107; x_wconf 89' lang='lat' dir='ltr'><strong>perduraverunt</strong></span> <span class='ocrx_word' id='word_1_216' title='bbox 1615 2049 1792 2104; x_wconf 87' lang='lat' dir='ltr'><strong>usque</strong></span> <span class='ocrx_word' id='word_1_217' title='bbox 1844 2034 1911 2089; x_wconf 92' lang='lat' dir='ltr'><strong>ad</strong></span> 
     </span>
    </p>
   </div>
   <div class='ocr_carea' id='block_1_36' title="bbox 328 2124 1911 2199">
    <p class='ocr_par' dir='ltr' id='par_1_36' title="bbox 328 2124 1911 2199">
     <span class='ocr_line' id='line_1_36' title="bbox 328 2124 1911 2199; baseline -0.004 -14"><span class='ocrx_word' id='word_1_218' title='bbox 328 2135 548 2186; x_wconf 85' lang='lat' dir='ltr'><strong>sextum</strong></span> <span class='ocrx_word' id='word_1_219' title='bbox 578 2126 704 2183; x_wconf 88' lang='lat' dir='ltr'><strong>idus</strong></span> <span class='ocrx_word' id='word_1_220' title='bbox 717 2125 995 2198; x_wconf 81' lang='lat' dir='ltr'><strong>Augustas</strong></span> <span class='ocrx_word' id='word_1_221' title='bbox 1022 2125 1272 2199; x_wconf 88' lang='lat' dir='ltr'><strong>ejusdem</strong></span> <span class='ocrx_word' id='word_1_222' title='bbox 1293 2124 1543 2197; x_wconf 64' lang='lat' dir='ltr'><strong>septima:</strong></span> <span class='ocrx_word' id='word_1_223' title='bbox 1569 2124 1911 2181; x_wconf 88' lang='lat' dir='ltr'><strong>indictionis.</strong></span> 
     </span>
    </p>
   </div>
   <div class='ocr_carea' id='block_1_37' title="bbox 330 2217 1917 2288">
    <p class='ocr_par' dir='ltr' id='par_1_37' title="bbox 330 2217 1917 2288">
     <span class='ocr_line' id='line_1_37' title="bbox 330 2217 1917 2288; baseline -0.002 -12"><span class='ocrx_word' id='word_1_224' title='bbox 330 2219 436 2288; x_wconf 86' lang='lat' dir='ltr'><strong>Qui</strong></span> <span class='ocrx_word' id='word_1_225' title='bbox 463 2234 590 2276; x_wconf 90' lang='lat' dir='ltr'><strong>cum</strong></span> <span class='ocrx_word' id='word_1_226' title='bbox 643 2219 700 2274; x_wconf 90' lang='lat' dir='ltr'><strong>in</strong></span> <span class='ocrx_word' id='word_1_227' title='bbox 731 2218 1065 2275; x_wconf 86' lang='lat' dir='ltr'><strong>Blachernas</strong></span> <span class='ocrx_word' id='word_1_228' title='bbox 1107 2217 1203 2275; x_wconf 88' lang='lat' dir='ltr'><strong>Dei</strong></span> <span class='ocrx_word' id='word_1_229' title='bbox 1236 2217 1535 2274; x_wconf 91' lang='lat' dir='ltr'><strong>Genitricis</strong></span> <span class='ocrx_word' id='word_1_230' title='bbox 1566 2218 1754 2273; x_wconf 88' lang='lat' dir='ltr'><strong>hostes</strong></span> <span class='ocrx_word' id='word_1_231' title='bbox 1784 2231 1917 2273; x_wconf 89' lang='lat' dir='ltr'><strong>con-</strong></span> 
     </span>
    </p>
   </div>
   <div class='ocr_carea' id='block_1_38' title="bbox 330 2308 1915 2380">
    <p class='ocr_par' dir='ltr' id='par_1_38' title="bbox 330 2308 1915 2380">
     <span class='ocr_line' id='line_1_38' title="bbox 330 2308 1915 2380; baseline -0.003 -13"><span class='ocrx_word' id='word_1_232' title='bbox 330 2313 662 2378; x_wconf 88' lang='lat' dir='ltr'><strong>venissent,</strong></span> <span class='ocrx_word' id='word_1_233' title='bbox 719 2309 968 2366; x_wconf 89' lang='lat' dir='ltr'><strong>ascendit</strong></span> <span class='ocrx_word' id='word_1_234' title='bbox 1029 2308 1438 2366; x_wconf 86' lang='lat' dir='ltr'><strong>Constantinus</strong></span> <span class='ocrx_word' id='word_1_235' title='bbox 1512 2309 1814 2380; x_wconf 89' lang='lat' dir='ltr'><strong>imperator</strong></span> <span class='ocrx_word' id='word_1_236' title='bbox 1858 2309 1915 2365; x_wconf 89' lang='lat' dir='ltr'><strong>in</strong></span> 
     </span>
    </p>
   </div>
   <div class='ocr_carea' id='block_1_39' title="bbox 331 2398 1916 2470">
    <p class='ocr_par' dir='ltr' id='par_1_39' title="bbox 331 2398 1916 2470">
     <span class='ocr_line' id='line_1_39' title="bbox 331 2398 1916 2470; baseline -0.003 -11"><span class='ocrx_word' id='word_1_237' title='bbox 331 2402 648 2467; x_wconf 89' lang='lat' dir='ltr'><strong>ambonem,</strong></span> <span class='ocrx_word' id='word_1_238' title='bbox 692 2409 893 2466; x_wconf 79' lang='lat' dir='ltr'><strong>tenens</strong></span> <span class='ocrx_word' id='word_1_239' title='bbox 921 2398 1357 2456; x_wconf 89' lang='lat' dir='ltr'><strong>Constantinum</strong></span> <span class='ocrx_word' id='word_1_240' title='bbox 1409 2399 1766 2466; x_wconf 89' lang='lat' dir='ltr'><strong>monachum,</strong></span> <span class='ocrx_word' id='word_1_241' title='bbox 1819 2399 1916 2470; x_wconf 88' lang='lat' dir='ltr'><strong>qui</strong></span> 
     </span>
    </p>
   </div>
   <div class='ocr_carea' id='block_1_40' title="bbox 332 2489 1915 2563">
    <p class='ocr_par' dir='ltr' id='par_1_40' title="bbox 332 2489 1915 2563">
     <span class='ocr_line' id='line_1_40' title="bbox 332 2489 1915 2563; baseline 0 -16"><span class='ocrx_word' id='word_1_242' title='bbox 332 2491 440 2547; x_wconf 88' lang='lat' dir='ltr'><strong>fuit</strong></span> <span class='ocrx_word' id='word_1_243' title='bbox 493 2490 654 2562; x_wconf 73' lang='lat' dir='ltr'><strong>Sylaei</strong></span> <span class='ocrx_word' id='word_1_244' title='bbox 709 2491 1026 2562; x_wconf 88' lang='lat' dir='ltr'><strong>episcopus.</strong></span> <span class='ocrx_word' id='word_1_245' title='bbox 1060 2489 1200 2546; x_wconf 88' lang='lat' dir='ltr'><strong>Cum</strong></span> <span class='ocrx_word' id='word_1_246' title='bbox 1247 2497 1481 2556; x_wconf 89' lang='lat' dir='ltr'><strong>orasset,</strong></span> <span class='ocrx_word' id='word_1_247' title='bbox 1532 2505 1670 2546; x_wconf 86' lang='lat' dir='ltr'><strong>voce</strong></span> <span class='ocrx_word' id='word_1_248' title='bbox 1719 2507 1915 2563; x_wconf 87' lang='lat' dir='ltr'><strong>magna</strong></span> 
     </span>
    </p>
   </div>
   <div class='ocr_carea' id='block_1_41' title="bbox 331 2582 1915 2655">
    <p class='ocr_par' dir='ltr' id='par_1_41' title="bbox 331 2582 1915 2655">
     <span class='ocr_line' id='line_1_41' title="bbox 331 2582 1915 2655; baseline -0.001 -16"><span class='ocrx_word' id='word_1_249' title='bbox 331 2583 714 2655; x_wconf 90' lang='lat' dir='ltr'><strong>pronuntiavit</strong></span> <span class='ocrx_word' id='word_1_250' title='bbox 757 2582 949 2639; x_wconf 89' lang='lat' dir='ltr'><strong>dicens</strong></span> <span class='ocrx_word' id='word_1_251' title='bbox 990 2599 1013 2645; x_wconf 70' lang='grc' dir='ltr'><strong>,ε</strong></span> <span class='ocrx_word' id='word_1_252' title='bbox 1066 2582 1420 2639; x_wconf 79' lang='lat' dir='ltr'><strong>Constantino</strong></span> <span class='ocrx_word' id='word_1_253' title='bbox 1477 2583 1771 2638; x_wconf 77' lang='lat' dir='ltr'><strong>uniuersali</strong></span> <span class='ocrx_word' id='word_1_254' title='bbox 1815 2601 1915 2655; x_wconf 83' lang='lat' dir='ltr'><strong>pa-</strong></span> 
     </span>
    </p>
   </div>
   <div class='ocr_carea' id='block_1_42' title="bbox 333 2673 1918 2746">
    <p class='ocr_par' dir='ltr' id='par_1_42' title="bbox 333 2673 1918 2746">
     <span class='ocr_line' id='line_1_42' title="bbox 333 2673 1918 2746; baseline 0.001 -17"><span class='ocrx_word' id='word_1_255' title='bbox 333 2676 586 2731; x_wconf 75' lang='lat' dir='ltr'><strong>triarchte</strong></span> <span class='ocrx_word' id='word_1_256' title='bbox 613 2673 806 2729; x_wconf 80' lang='lat' dir='ltr'><strong>multos</strong></span> <span class='ocrx_word' id='word_1_257' title='bbox 838 2690 1033 2729; x_wconf 80' lang='lat' dir='ltr'><strong>annos.</strong></span> <span class='ocrx_word' id='word_1_258' title='bbox 1067 2673 1133 2729; x_wconf 91' lang='lat' dir='ltr'><strong>Et</strong></span> <span class='ocrx_word' id='word_1_259' title='bbox 1165 2673 1291 2730; x_wconf 92' lang='lat' dir='ltr'><strong>dein</strong></span> <span class='ocrx_word' id='word_1_260' title='bbox 1328 2674 1579 2730; x_wconf 90' lang='lat' dir='ltr'><strong>ascendit</strong></span> <span class='ocrx_word' id='word_1_261' title='bbox 1615 2675 1918 2746; x_wconf 90' lang='lat' dir='ltr'><strong>imperator</strong></span> 
     </span>
    </p>
   </div>
   <div class='ocr_carea' id='block_1_43' title="bbox 333 2766 1917 2840">
    <p class='ocr_par' dir='ltr' id='par_1_43' title="bbox 333 2766 1917 2840">
     <span class='ocr_line' id='line_1_43' title="bbox 333 2766 1917 2840; baseline -0.001 -14"><span class='ocrx_word' id='word_1_262' title='bbox 333 2783 459 2826; x_wconf 86' lang='lat' dir='ltr'><strong>cum</strong></span> <span class='ocrx_word' id='word_1_263' title='bbox 488 2766 848 2824; x_wconf 88' lang='lat' dir='ltr'><strong>Constantino</strong></span> <span class='ocrx_word' id='word_1_264' title='bbox 873 2766 1138 2822; x_wconf 88' lang='lat' dir='ltr'><strong>scelerato</strong></span> <span class='ocrx_word' id='word_1_265' title='bbox 1163 2767 1398 2837; x_wconf 70' lang='lat' dir='ltr'><strong>praesule</strong></span> <span class='ocrx_word' id='word_1_266' title='bbox 1453 2774 1510 2822; x_wconf 91' lang='lat' dir='ltr'><strong>et</strong></span> <span class='ocrx_word' id='word_1_267' title='bbox 1543 2767 1774 2837; x_wconf 89' lang='lat' dir='ltr'><strong>reliquis</strong></span> <span class='ocrx_word' id='word_1_268' title='bbox 1799 2768 1917 2840; x_wconf 89' lang='lat' dir='ltr'><strong>epi-</strong></span> 
     </span>
    </p>
   </div>
   <div class='ocr_carea' id='block_1_44' title="bbox 339 2857 1918 2932">
    <p class='ocr_par' dir='ltr' id='par_1_44' title="bbox 339 2857 1918 2932">
     <span class='ocr_line' id='line_1_44' title="bbox 339 2857 1918 2932; baseline 0 -16"><span class='ocrx_word' id='word_1_269' title='bbox 339 2859 528 2932; x_wconf 84' lang='lat' dir='ltr'><strong>scopis</strong></span> <span class='ocrx_word' id='word_1_270' title='bbox 563 2860 764 2926; x_wconf 87' lang='lat' dir='ltr'><strong>forum,</strong></span> <span class='ocrx_word' id='word_1_271' title='bbox 793 2868 851 2915; x_wconf 90' lang='lat' dir='ltr'><strong>et</strong></span> <span class='ocrx_word' id='word_1_272' title='bbox 877 2858 1326 2916; x_wconf 77' lang='lat' dir='ltr'><strong>exclamaverunt</strong></span> <span class='ocrx_word' id='word_1_273' title='bbox 1367 2857 1714 2930; x_wconf 83' lang='lat' dir='ltr'><strong>divulgantes</strong></span> <span class='ocrx_word' id='word_1_274' title='bbox 1761 2875 1918 2917; x_wconf 85' lang='lat' dir='ltr'><strong>suam</strong></span> 
     </span>
    </p>
   </div>
   <div class='ocr_carea' id='block_1_45' title="bbox 336 2951 1916 3025">
    <p class='ocr_par' dir='ltr' id='par_1_45' title="bbox 336 2951 1916 3025">
     <span class='ocr_line' id='line_1_45' title="bbox 336 2951 1916 3025; baseline 0 -16"><span class='ocrx_word' id='word_1_275' title='bbox 336 2952 673 3010; x_wconf 88' lang='lat' dir='ltr'><strong>cacodoxam</strong></span> <span class='ocrx_word' id='word_1_276' title='bbox 727 2951 982 3009; x_wconf 68' lang='lat' dir='ltr'><strong>haeresim</strong></span> <span class='ocrx_word' id='word_1_277' title='bbox 1018 2952 1075 3010; x_wconf 90' lang='lat' dir='ltr'><strong>in</strong></span> <span class='ocrx_word' id='word_1_278' title='bbox 1130 2959 1431 3023; x_wconf 82' lang='lat' dir='ltr'><strong>conspectu</strong></span> <span class='ocrx_word' id='word_1_279' title='bbox 1490 2953 1662 3009; x_wconf 90' lang='lat' dir='ltr'><strong>totius</strong></span> <span class='ocrx_word' id='word_1_280' title='bbox 1715 2953 1916 3025; x_wconf 88' lang='lat' dir='ltr'><strong>plebis,</strong></span> 
     </span>
    </p>
   </div>
   <div class='ocr_carea' id='block_1_46' title="bbox 334 3041 1937 3109">
    <p class='ocr_par' dir='ltr' id='par_1_46' title="bbox 334 3041 1937 3109">
     <span class='ocr_line' id='line_1_46' title="bbox 334 3041 1937 3109; baseline 0.001 -7"><span class='ocrx_word' id='word_1_281' title='bbox 334 3044 871 3102; x_wconf 88' lang='lat' dir='ltr'><strong>anathematizantes</strong></span> <span class='ocrx_word' id='word_1_282' title='bbox 894 3043 1234 3109; x_wconf 81' lang='lat' dir='ltr'><strong>Germanum</strong></span> <span class='ocrx_word' id='word_1_283' title='bbox 1257 3041 1662 3100; x_wconf 82' lang='lat' dir='ltr'><strong>sanctissimum</strong></span> <span class='ocrx_word' id='word_1_284' title='bbox 1703 3055 1761 3101; x_wconf 92' lang='lat' dir='ltr'><strong>et</strong></span> <span class='ocrx_word' id='word_1_285' title='bbox 1783 3044 1937 3103; x_wconf 85' lang='lat' dir='ltr'><strong>Gre--</strong></span> 
     </span>
    </p>
   </div>
   <div class='ocr_carea' id='block_1_47' title="bbox 332 3130 1991 3234">
    <p class='ocr_par' dir='ltr' id='par_1_47' title="bbox 332 3130 1991 3234">
     <span class='ocr_line' id='line_1_47' title="bbox 332 3130 1991 3234; baseline -0.001 -40"><span class='ocrx_word' id='word_1_286' title='bbox 332 3130 547 3210; x_wconf 78' lang='lat' dir='ltr'><strong>gorium</strong></span> <span class='ocrx_word' id='word_1_287' title='bbox 575 3137 836 3211; x_wconf 77' lang='lat' dir='ltr'><strong>Cyprium</strong></span> <span class='ocrx_word' id='word_1_288' title='bbox 871 3146 927 3193; x_wconf 93' lang='lat' dir='ltr'><strong>et</strong></span> <span class='ocrx_word' id='word_1_289' title='bbox 949 3137 1214 3193; x_wconf 82' lang='lat' dir='ltr'><strong>Joannem</strong></span> <span class='ocrx_word' id='word_1_290' title='bbox 1258 3133 1693 3207; x_wconf 83' lang='lat' dir='ltr'><strong>Chrysorrhoam</strong></span> <span class='ocrx_word' id='word_1_291' title='bbox 1731 3139 1923 3229; x_wconf 84' lang='lat' dir='ltr'><strong>Dama-</strong></span> <span class='ocrx_word' id='word_1_292' title='bbox 1945 3173 1991 3234; x_wconf 59' lang='grc' dir='ltr'><strong><em>Β</em></strong></span> 
     </span>
    </p>
   </div>
   <div class='ocr_carea' id='block_1_48' title="bbox 333 3226 1920 3302">
    <p class='ocr_par' dir='ltr' id='par_1_48' title="bbox 333 3226 1920 3302">
     <span class='ocr_line' id='line_1_48' title="bbox 333 3226 1920 3302; baseline -0.001 -14"><span class='ocrx_word' id='word_1_293' title='bbox 333 3245 588 3300; x_wconf 77' lang='grc' dir='ltr'><strong>ιεθιιιιιη,</strong></span> <span class='ocrx_word' id='word_1_294' title='bbox 615 3238 872 3302; x_wconf 83' lang='lat' dir='ltr'><strong>nepotem</strong></span> <span class='ocrx_word' id='word_1_295' title='bbox 892 3230 1137 3296; x_wconf 78' lang='lat' dir='ltr'><strong>Mansur,</strong></span> <span class='ocrx_word' id='word_1_296' title='bbox 1166 3229 1312 3285; x_wconf 89' lang='lat' dir='ltr'><strong>viros</strong></span> <span class='ocrx_word' id='word_1_297' title='bbox 1332 3240 1550 3286; x_wconf 85' lang='lat' dir='ltr'><strong>sanctos</strong></span> <span class='ocrx_word' id='word_1_298' title='bbox 1578 3241 1633 3286; x_wconf 90' lang='lat' dir='ltr'><strong>et</strong></span> <span class='ocrx_word' id='word_1_299' title='bbox 1658 3226 1920 3287; x_wconf 86' lang='lat' dir='ltr'><strong>reveren-</strong></span> 
     </span>
    </p>
   </div>
   <div class='ocr_carea' id='block_1_49' title="bbox 334 3321 773 3394">
    <p class='ocr_par' dir='ltr' id='par_1_49' title="bbox 334 3321 773 3394">
     <span class='ocr_line' id='line_1_49' title="bbox 334 3321 773 3394; baseline 0 -17"><span class='ocrx_word' id='word_1_300' title='bbox 334 3321 435 3380; x_wconf 70' lang='lat' dir='ltr'><strong>dos</strong></span> <span class='ocrx_word' id='word_1_301' title='bbox 457 3323 773 3394; x_wconf 86' lang='lat' dir='ltr'><strong>magistros.</strong></span> 
     </span>
    </p>
   </div>
   <div class='ocr_carea' id='block_1_50' title="bbox 408 3404 1920 3482">
    <p class='ocr_par' dir='ltr' id='par_1_50' title="bbox 408 3404 1920 3482">
     <span class='ocr_line' id='line_1_50' title="bbox 408 3404 1920 3482; baseline 0.001 -14"><span class='ocrx_word' id='word_1_302' title='bbox 408 3404 598 3469; x_wconf 80' lang='lat' dir='ltr'><strong>Mundi</strong></span> <span class='ocrx_word' id='word_1_303' title='bbox 625 3429 772 3469; x_wconf 92' lang='lat' dir='ltr'><strong>anno</strong></span> <span class='ocrx_word' id='word_1_304' title='bbox 794 3412 956 3480; x_wconf 69' lang='lat'><strong>6246,</strong></span> <span class='ocrx_word' id='word_1_305' title='bbox 981 3411 1183 3470; x_wconf 65' lang='lat' dir='ltr'><strong>divinat</strong></span> <span class='ocrx_word' id='word_1_306' title='bbox 1207 3413 1610 3470; x_wconf 87' lang='lat' dir='ltr'><strong>incarnationis</strong></span> <span class='ocrx_word' id='word_1_307' title='bbox 1629 3429 1774 3470; x_wconf 86' lang='lat' dir='ltr'><strong>anno</strong></span> <span class='ocrx_word' id='word_1_308' title='bbox 1791 3413 1920 3482; x_wconf 69' lang='lat'><strong>746,</strong></span> 
     </span>
    </p>
   </div>
   <div class='ocr_carea' id='block_1_51' title="bbox 333 3505 1924 3578">
    <p class='ocr_par' dir='ltr' id='par_1_51' title="bbox 333 3505 1924 3578">
     <span class='ocr_line' id='line_1_51' title="bbox 333 3505 1924 3578; baseline 0.003 -18"><span class='ocrx_word' id='word_1_309' title='bbox 333 3520 484 3561; x_wconf 85' lang='lat' dir='ltr'><strong>anno</strong></span> <span class='ocrx_word' id='word_1_310' title='bbox 534 3521 668 3561; x_wconf 89' lang='lat' dir='ltr'><strong>vero</strong></span> <span class='ocrx_word' id='word_1_311' title='bbox 715 3506 936 3578; x_wconf 91' lang='lat' dir='ltr'><strong>imperii</strong></span> <span class='ocrx_word' id='word_1_312' title='bbox 987 3505 1339 3562; x_wconf 86' lang='lat' dir='ltr'><strong>Constantini</strong></span> <span class='ocrx_word' id='word_1_313' title='bbox 1380 3506 1469 3571; x_wconf 80' lang='lat' dir='ltr'><strong>M,</strong></span> <span class='ocrx_word' id='word_1_314' title='bbox 1524 3506 1924 3565; x_wconf 88' lang='lat' dir='ltr'><strong>Constantinus</strong></span> 
     </span>
    </p>
   </div>
   <div class='ocr_carea' id='block_1_52' title="bbox 333 3597 1924 3669">
    <p class='ocr_par' dir='ltr' id='par_1_52' title="bbox 333 3597 1924 3669">
     <span class='ocr_line' id='line_1_52' title="bbox 333 3597 1924 3669; baseline 0.001 -15"><span class='ocrx_word' id='word_1_315' title='bbox 333 3598 987 3669; x_wconf 90' lang='lat' dir='ltr'><strong>Constantinopolitanus</strong></span> <span class='ocrx_word' id='word_1_316' title='bbox 1024 3599 1262 3654; x_wconf 84' lang='lat' dir='ltr'><strong>habetur</strong></span> <span class='ocrx_word' id='word_1_317' title='bbox 1292 3597 1544 3664; x_wconf 89' lang='lat' dir='ltr'><strong>antistes,</strong></span> <span class='ocrx_word' id='word_1_318' title='bbox 1581 3598 1678 3669; x_wconf 89' lang='lat' dir='ltr'><strong>qui</strong></span> <span class='ocrx_word' id='word_1_319' title='bbox 1708 3598 1774 3653; x_wconf 76' lang='grc'><strong>12</strong></span> <span class='ocrx_word' id='word_1_320' title='bbox 1822 3598 1924 3656; x_wconf 89' lang='lat' dir='ltr'><strong>Ec-</strong></span> 
     </span>
    </p>
   </div>
   <div class='ocr_carea' id='block_1_53' title="bbox 334 3691 1922 3763">
    <p class='ocr_par' dir='ltr' id='par_1_53' title="bbox 334 3691 1922 3763">
     <span class='ocr_line' id='line_1_53' title="bbox 334 3691 1922 3763; baseline -0.001 -16"><span class='ocrx_word' id='word_1_321' title='bbox 334 3691 519 3748; x_wconf 62' lang='lat' dir='ltr'><strong>clesiae</strong></span> <span class='ocrx_word' id='word_1_322' title='bbox 556 3691 780 3763; x_wconf 71' lang='lat' dir='ltr'><strong>praefuit</strong></span> <span class='ocrx_word' id='word_1_323' title='bbox 823 3692 1006 3748; x_wconf 87' lang='lat' dir='ltr'><strong>annis.</strong></span> <span class='ocrx_word' id='word_1_324' title='bbox 1042 3691 1159 3746; x_wconf 86' lang='lat' dir='ltr'><strong>Hoc</strong></span> <span class='ocrx_word' id='word_1_325' title='bbox 1203 3707 1426 3763; x_wconf 88' lang='lat' dir='ltr'><strong>quoque</strong></span> <span class='ocrx_word' id='word_1_326' title='bbox 1471 3706 1617 3746; x_wconf 90' lang='lat' dir='ltr'><strong>anno</strong></span> <span class='ocrx_word' id='word_1_327' title='bbox 1647 3691 1922 3758; x_wconf 78' lang='lat' dir='ltr'><strong>Maumed,</strong></span> 
     </span>
    </p>
   </div>
   <div class='ocr_carea' id='block_1_54' title="bbox 347 3784 1925 3858">
    <p class='ocr_par' dir='ltr' id='par_1_54' title="bbox 347 3784 1925 3858">
     <span class='ocr_line' id='line_1_54' title="bbox 347 3784 1925 3858; baseline 0 -16"><span class='ocrx_word' id='word_1_328' title='bbox 347 3786 431 3858; x_wconf 58' lang='lat' dir='ltr'><strong>tui</strong></span> <span class='ocrx_word' id='word_1_329' title='bbox 485 3793 543 3841; x_wconf 91' lang='lat' dir='ltr'><strong>et</strong></span> <span class='ocrx_word' id='word_1_330' title='bbox 589 3784 891 3852; x_wconf 88' lang='lat' dir='ltr'><strong>Abulabas,</strong></span> <span class='ocrx_word' id='word_1_331' title='bbox 938 3794 1193 3841; x_wconf 93' lang='lat' dir='ltr'><strong>mortuus</strong></span> <span class='ocrx_word' id='word_1_332' title='bbox 1230 3794 1336 3852; x_wconf 86' lang='lat' dir='ltr'><strong>est,</strong></span> <span class='ocrx_word' id='word_1_333' title='bbox 1377 3799 1504 3842; x_wconf 86' lang='lat' dir='ltr'><strong>cum</strong></span> <span class='ocrx_word' id='word_1_334' title='bbox 1544 3787 1577 3840; x_wconf 84' lang='lat'><strong>5</strong></span> <span class='ocrx_word' id='word_1_335' title='bbox 1610 3785 1925 3857; x_wconf 73' lang='lat' dir='ltr'><strong>praefuisset</strong></span> 
     </span>
    </p>
   </div>
   <div class='ocr_carea' id='block_1_55' title="bbox 335 3877 1925 3948">
    <p class='ocr_par' dir='ltr' id='par_1_55' title="bbox 335 3877 1925 3948">
     <span class='ocr_line' id='line_1_55' title="bbox 335 3877 1925 3948; baseline -0.002 -12"><span class='ocrx_word' id='word_1_336' title='bbox 335 3878 521 3936; x_wconf 88' lang='lat' dir='ltr'><strong>annis.</strong></span> <span class='ocrx_word' id='word_1_337' title='bbox 544 3878 800 3948; x_wconf 82' lang='lat' dir='ltr'><strong>Eratque</strong></span> <span class='ocrx_word' id='word_1_338' title='bbox 836 3877 1077 3932; x_wconf 90' lang='lat' dir='ltr'><strong>Abdelas</strong></span> <span class='ocrx_word' id='word_1_339' title='bbox 1119 3877 1292 3932; x_wconf 79' lang='lat' dir='ltr'><strong>frater</strong></span> <span class='ocrx_word' id='word_1_340' title='bbox 1316 3878 1437 3948; x_wconf 90' lang='lat' dir='ltr'><strong>ejus</strong></span> <span class='ocrx_word' id='word_1_341' title='bbox 1474 3878 1531 3932; x_wconf 90' lang='lat' dir='ltr'><strong>in</strong></span> <span class='ocrx_word' id='word_1_342' title='bbox 1562 3877 1773 3933; x_wconf 87' lang='lat' dir='ltr'><strong>Machia</strong></span> <span class='ocrx_word' id='word_1_343' title='bbox 1800 3877 1925 3933; x_wconf 90' lang='lat' dir='ltr'><strong>loco</strong></span> 
     </span>
    </p>
   </div>
   <div class='ocr_carea' id='block_1_56' title="bbox 332 3967 1924 4040">
    <p class='ocr_par' dir='ltr' id='par_1_56' title="bbox 332 3967 1924 4040">
     <span class='ocr_line' id='line_1_56' title="bbox 332 3967 1924 4040; baseline -0.001 -15"><span class='ocrx_word' id='word_1_344' title='bbox 332 3969 695 4040; x_wconf 68' lang='lat' dir='ltr'><strong>blasphemiae</strong></span> <span class='ocrx_word' id='word_1_345' title='bbox 722 3969 994 4038; x_wconf 88' lang='lat' dir='ltr'><strong>ipsorum.</strong></span> <span class='ocrx_word' id='word_1_346' title='bbox 1025 3967 1235 4023; x_wconf 88' lang='lat' dir='ltr'><strong>Scribit</strong></span> <span class='ocrx_word' id='word_1_347' title='bbox 1263 3983 1396 4039; x_wconf 82' lang='lat' dir='ltr'><strong>ergo</strong></span> <span class='ocrx_word' id='word_1_348' title='bbox 1417 3967 1794 4032; x_wconf 89' lang='lat' dir='ltr'><strong>Abumuslim,</strong></span> <span class='ocrx_word' id='word_1_349' title='bbox 1826 3968 1924 4040; x_wconf 89' lang='lat' dir='ltr'><strong>qui</strong></span> 
     </span>
    </p>
   </div>
   <div class='ocr_carea' id='block_1_57' title="bbox 335 4059 1926 4135">
    <p class='ocr_par' dir='ltr' id='par_1_57' title="bbox 335 4059 1926 4135">
     <span class='ocr_line' id='line_1_57' title="bbox 335 4059 1926 4135; baseline 0.001 -18"><span class='ocrx_word' id='word_1_350' title='bbox 335 4070 458 4118; x_wconf 83' lang='lat' dir='ltr'><strong>erat</strong></span> <span class='ocrx_word' id='word_1_351' title='bbox 487 4061 542 4116; x_wconf 92' lang='lat' dir='ltr'><strong>in</strong></span> <span class='ocrx_word' id='word_1_352' title='bbox 578 4060 829 4128; x_wconf 87' lang='lat' dir='ltr'><strong>Perside,</strong></span> <span class='ocrx_word' id='word_1_353' title='bbox 876 4059 1323 4117; x_wconf 88' lang='lat' dir='ltr'><strong>conservandum</strong></span> <span class='ocrx_word' id='word_1_354' title='bbox 1359 4061 1466 4117; x_wconf 90' lang='lat' dir='ltr'><strong>sibi</strong></span> <span class='ocrx_word' id='word_1_355' title='bbox 1494 4062 1676 4118; x_wconf 92' lang='lat' dir='ltr'><strong>locum</strong></span> <span class='ocrx_word' id='word_1_356' title='bbox 1712 4064 1926 4135; x_wconf 77' lang='lat' dir='ltr'><strong>princi-</strong></span> 
     </span>
    </p>
   </div>
   <div class='ocr_carea' id='block_1_58' title="bbox 336 4153 1924 4226">
    <p class='ocr_par' dir='ltr' id='par_1_58' title="bbox 336 4153 1924 4226">
     <span class='ocr_line' id='line_1_58' title="bbox 336 4153 1924 4226; baseline 0.001 -16"><span class='ocrx_word' id='word_1_357' title='bbox 336 4164 522 4226; x_wconf 89' lang='lat' dir='ltr'><strong>patus.</strong></span> <span class='ocrx_word' id='word_1_358' title='bbox 567 4155 713 4210; x_wconf 89' lang='lat' dir='ltr'><strong>sicut</strong></span> <span class='ocrx_word' id='word_1_359' title='bbox 745 4153 853 4210; x_wconf 88' lang='lat' dir='ltr'><strong>sibi</strong></span> <span class='ocrx_word' id='word_1_360' title='bbox 890 4163 1041 4210; x_wconf 88' lang='lat' dir='ltr'><strong>sorte</strong></span> <span class='ocrx_word' id='word_1_361' title='bbox 1081 4153 1264 4210; x_wconf 79' lang='lat' dir='ltr'><strong>fuerat</strong></span> <span class='ocrx_word' id='word_1_362' title='bbox 1307 4153 1629 4226; x_wconf 89' lang='lat' dir='ltr'><strong>deputatus.</strong></span> <span class='ocrx_word' id='word_1_363' title='bbox 1659 4155 1763 4223; x_wconf 86' lang='lat' dir='ltr'><strong>Qui</strong></span> <span class='ocrx_word' id='word_1_364' title='bbox 1796 4172 1924 4212; x_wconf 92' lang='lat' dir='ltr'><strong>cum</strong></span> 
     </span>
    </p>
   </div>
   <div class='ocr_carea' id='block_1_59' title="bbox 336 4245 1926 4312">
    <p class='ocr_par' dir='ltr' id='par_1_59' title="bbox 336 4245 1926 4312">
     <span class='ocr_line' id='line_1_59' title="bbox 336 4245 1926 4312; baseline 0.001 -8"><span class='ocrx_word' id='word_1_365' title='bbox 336 4247 625 4304; x_wconf 88' lang='lat' dir='ltr'><strong>didicisset</strong></span> <span class='ocrx_word' id='word_1_366' title='bbox 676 4247 944 4302; x_wconf 80' lang='lat' dir='ltr'><strong>Abdelam</strong></span> <span class='ocrx_word' id='word_1_367' title='bbox 996 4245 1171 4302; x_wconf 83' lang='lat' dir='ltr'><strong>filium</strong></span> <span class='ocrx_word' id='word_1_368' title='bbox 1230 4245 1450 4312; x_wconf 80' lang='lat' dir='ltr'><strong>Halim,</strong></span> <span class='ocrx_word' id='word_1_369' title='bbox 1500 4247 1728 4304; x_wconf 80' lang='lat' dir='ltr'><strong>fratrem</strong></span> <span class='ocrx_word' id='word_1_370' title='bbox 1791 4265 1926 4305; x_wconf 84' lang='lat' dir='ltr'><strong>vero</strong></span> 
     </span>
    </p>
   </div>
   <div class='ocr_carea' id='block_1_60' title="bbox 337 4337 1926 4411">
    <p class='ocr_par' dir='ltr' id='par_1_60' title="bbox 337 4337 1926 4411">
     <span class='ocr_line' id='line_1_60' title="bbox 337 4337 1926 4411; baseline -0.002 -15"><span class='ocrx_word' id='word_1_371' title='bbox 337 4337 531 4407; x_wconf 87' lang='lat' dir='ltr'><strong>Salim,</strong></span> <span class='ocrx_word' id='word_1_372' title='bbox 561 4354 842 4396; x_wconf 91' lang='lat' dir='ltr'><strong>summum</strong></span> <span class='ocrx_word' id='word_1_373' title='bbox 867 4347 1162 4409; x_wconf 65' lang='lat' dir='ltr'><strong>prtetorem</strong></span> <span class='ocrx_word' id='word_1_374' title='bbox 1197 4337 1386 4411; x_wconf 61' lang='lat' dir='ltr'><strong>Syriae,</strong></span> <span class='ocrx_word' id='word_1_375' title='bbox 1420 4339 1793 4410; x_wconf 87' lang='lat' dir='ltr'><strong>principatum</strong></span> <span class='ocrx_word' id='word_1_376' title='bbox 1817 4338 1926 4395; x_wconf 90' lang='lat' dir='ltr'><strong>sibi</strong></span> 
     </span>
    </p>
   </div>
   <div class='ocr_carea' id='block_1_61' title="bbox 337 4429 1926 4495">
    <p class='ocr_par' dir='ltr' id='par_1_61' title="bbox 337 4429 1926 4495">
     <span class='ocr_line' id='line_1_61' title="bbox 337 4429 1926 4495; baseline 0 -9"><span class='ocrx_word' id='word_1_377' title='bbox 337 4429 713 4495; x_wconf 81' lang='lat' dir='ltr'><strong>aflectantem,</strong></span> <span class='ocrx_word' id='word_1_378' title='bbox 746 4439 803 4486; x_wconf 89' lang='lat' dir='ltr'><strong>et</strong></span> <span class='ocrx_word' id='word_1_379' title='bbox 831 4430 1170 4486; x_wconf 89' lang='lat' dir='ltr'><strong>veniendum</strong></span> <span class='ocrx_word' id='word_1_380' title='bbox 1212 4430 1282 4485; x_wconf 88' lang='lat' dir='ltr'><strong>ad</strong></span> <span class='ocrx_word' id='word_1_381' title='bbox 1327 4430 1684 4485; x_wconf 91' lang='lat' dir='ltr'><strong>obtinendam</strong></span> <span class='ocrx_word' id='word_1_382' title='bbox 1740 4431 1926 4486; x_wconf 84' lang='lat' dir='ltr'><strong>Persi-</strong></span> 
     </span>
    </p>
   </div>
   <div class='ocr_carea' id='block_1_62' title="bbox 2014 1935 3605 2008">
    <p class='ocr_par' dir='ltr' id='par_1_62' title="bbox 2014 1935 3605 2008">
     <span class='ocr_line' id='line_1_62' title="bbox 2014 1935 3605 2008; baseline 0.003 -20"><span class='ocrx_word' id='word_1_383' title='bbox 2014 1936 2310 1989; x_wconf 86' lang='lat' dir='ltr'><strong>matizatus</strong></span> <span class='ocrx_word' id='word_1_384' title='bbox 2353 1943 2441 1990; x_wconf 90' lang='lat' dir='ltr'><strong>est</strong></span> <span class='ocrx_word' id='word_1_385' title='bbox 2492 1949 2523 1990; x_wconf 90' lang='lat' dir='ltr'><strong>a</strong></span> <span class='ocrx_word' id='word_1_386' title='bbox 2580 1943 2695 1990; x_wconf 90' lang='lat' dir='ltr'><strong>tota</strong></span> <span class='ocrx_word' id='word_1_387' title='bbox 2737 1935 3004 1992; x_wconf 87' lang='lat' dir='ltr'><strong>Ecclesia.</strong></span> <span class='ocrx_word' id='word_1_388' title='bbox 3053 1938 3360 2008; x_wconf 82' lang='lat' dir='ltr'><strong>Imperator</strong></span> <span class='ocrx_word' id='word_1_389' title='bbox 3420 1947 3605 1993; x_wconf 82' lang='lat' dir='ltr'><strong>autem</strong></span> 
     </span>
    </p>
   </div>
   <div class='ocr_carea' id='block_1_63' title="bbox 2013 2026 3606 2100">
    <p class='ocr_par' dir='ltr' id='par_1_63' title="bbox 2013 2026 3606 2100">
     <span class='ocr_line' id='line_1_63' title="bbox 2013 2026 3606 2100; baseline 0.001 -17"><span class='ocrx_word' id='word_1_390' title='bbox 2013 2026 2413 2083; x_wconf 74' lang='lat' dir='ltr'><strong>Constantinus</strong></span> <span class='ocrx_word' id='word_1_391' title='bbox 2452 2027 2620 2098; x_wconf 82' lang='lat' dir='ltr'><strong>Syros</strong></span> <span class='ocrx_word' id='word_1_392' title='bbox 2663 2038 2720 2083; x_wconf 90' lang='lat' dir='ltr'><strong>et</strong></span> <span class='ocrx_word' id='word_1_393' title='bbox 2755 2027 3068 2094; x_wconf 88' lang='lat' dir='ltr'><strong>Armenios,</strong></span> <span class='ocrx_word' id='word_1_394' title='bbox 3105 2046 3245 2100; x_wconf 89' lang='lat' dir='ltr'><strong>quos</strong></span> <span class='ocrx_word' id='word_1_395' title='bbox 3285 2047 3315 2086; x_wconf 90' lang='lat' dir='ltr'><strong>a</strong></span> <span class='ocrx_word' id='word_1_396' title='bbox 3345 2031 3606 2086; x_wconf 85' lang='lat' dir='ltr'><strong>Theodo-</strong></span> 
     </span>
    </p>
   </div>
   <div class='ocr_carea' id='block_1_64' title="bbox 2015 2119 3604 2195">
    <p class='ocr_par' dir='ltr' id='par_1_64' title="bbox 2015 2119 3604 2195">
     <span class='ocr_line' id='line_1_64' title="bbox 2015 2119 3604 2195; baseline 0.002 -19"><span class='ocrx_word' id='word_1_397' title='bbox 2015 2120 2216 2191; x_wconf 90' lang='lat' dir='ltr'><strong>siopoli</strong></span> <span class='ocrx_word' id='word_1_398' title='bbox 2236 2129 2294 2175; x_wconf 89' lang='lat' dir='ltr'><strong>et</strong></span> <span class='ocrx_word' id='word_1_399' title='bbox 2326 2119 2586 2175; x_wconf 78' lang='lat' dir='ltr'><strong>Melitana</strong></span> <span class='ocrx_word' id='word_1_400' title='bbox 2609 2121 2868 2184; x_wconf 87' lang='lat' dir='ltr'><strong>duxerat.</strong></span> <span class='ocrx_word' id='word_1_401' title='bbox 2902 2122 2959 2177; x_wconf 90' lang='lat' dir='ltr'><strong>in</strong></span> <span class='ocrx_word' id='word_1_402' title='bbox 2992 2123 3265 2178; x_wconf 88' lang='lat' dir='ltr'><strong>Thracem</strong></span> <span class='ocrx_word' id='word_1_403' title='bbox 3289 2125 3604 2195; x_wconf 83' lang='lat' dir='ltr'><strong>emigravit,</strong></span> 
     </span>
    </p>
   </div>
   <div class='ocr_carea' id='block_1_65' title="bbox 2015 2211 3606 2283">
    <p class='ocr_par' dir='ltr' id='par_1_65' title="bbox 2015 2211 3606 2283">
     <span class='ocr_line' id='line_1_65' title="bbox 2015 2211 3606 2283; baseline 0.001 -14"><span class='ocrx_word' id='word_1_404' title='bbox 2015 2229 2080 2269; x_wconf 88' lang='lat' dir='ltr'><strong>ex</strong></span> <span class='ocrx_word' id='word_1_405' title='bbox 2109 2213 2315 2283; x_wconf 88' lang='lat' dir='ltr'><strong>quibus</strong></span> <span class='ocrx_word' id='word_1_406' title='bbox 2333 2213 2499 2268; x_wconf 87' lang='lat' dir='ltr'><strong>etiam</strong></span> <span class='ocrx_word' id='word_1_407' title='bbox 2521 2211 2965 2269; x_wconf 84' lang='lat' dir='ltr'><strong>Paulicianorum</strong></span> <span class='ocrx_word' id='word_1_408' title='bbox 2990 2224 3075 2270; x_wconf 92' lang='lat' dir='ltr'><strong>est</strong></span> <span class='ocrx_word' id='word_1_409' title='bbox 3105 2215 3332 2270; x_wconf 82' lang='lat' dir='ltr'><strong>haeresis</strong></span> <span class='ocrx_word' id='word_1_410' title='bbox 3359 2216 3606 2271; x_wconf 88' lang='lat' dir='ltr'><strong>dilatata.</strong></span> 
     </span>
    </p>
   </div>
   <div class='ocr_carea' id='block_1_66' title="bbox 2009 2301 3610 2377">
    <p class='ocr_par' dir='ltr' id='par_1_66' title="bbox 2009 2301 3610 2377">
     <span class='ocr_line' id='line_1_66' title="bbox 2009 2301 3610 2377; baseline 0.002 -19"><span class='ocrx_word' id='word_1_411' title='bbox 2009 2301 2285 2371; x_wconf 80' lang='lat' dir='ltr'><strong>Similiter</strong></span> <span class='ocrx_word' id='word_1_412' title='bbox 2307 2313 2365 2358; x_wconf 91' lang='lat' dir='ltr'><strong>et</strong></span> <span class='ocrx_word' id='word_1_413' title='bbox 2398 2302 2453 2358; x_wconf 92' lang='lat' dir='ltr'><strong>in</strong></span> <span class='ocrx_word' id='word_1_414' title='bbox 2484 2303 2624 2358; x_wconf 91' lang='lat' dir='ltr'><strong>urbe</strong></span> <span class='ocrx_word' id='word_1_415' title='bbox 2678 2301 2872 2377; x_wconf 90' lang='lat' dir='ltr'><strong>paucis</strong></span> <span class='ocrx_word' id='word_1_416' title='bbox 2903 2319 3019 2374; x_wconf 76' lang='lat' dir='ltr'><strong>prae</strong></span> <span class='ocrx_word' id='word_1_417' title='bbox 3059 2306 3397 2362; x_wconf 87' lang='lat' dir='ltr'><strong>mortalitate</strong></span> <span class='ocrx_word' id='word_1_418' title='bbox 3445 2306 3610 2362; x_wconf 87' lang='lat' dir='ltr'><strong>factis</strong></span> 
     </span>
    </p>
   </div>
   <div class='ocr_carea' id='block_1_67' title="bbox 2017 2393 3610 2467">
    <p class='ocr_par' dir='ltr' id='par_1_67' title="bbox 2017 2393 3610 2467">
     <span class='ocr_line' id='line_1_67' title="bbox 2017 2393 3610 2467; baseline 0.003 -17"><span class='ocrx_word' id='word_1_419' title='bbox 2017 2393 2424 2451; x_wconf 79' lang='lat' dir='ltr'><strong>habitatoribus</strong></span> <span class='ocrx_word' id='word_1_420' title='bbox 2449 2397 2590 2467; x_wconf 85' lang='lat' dir='ltr'><strong>ejus,</strong></span> <span class='ocrx_word' id='word_1_421' title='bbox 2618 2395 2778 2451; x_wconf 87' lang='lat' dir='ltr'><strong>duxit</strong></span> <span class='ocrx_word' id='word_1_422' title='bbox 2803 2411 2913 2450; x_wconf 91' lang='lat' dir='ltr'><strong>una</strong></span> <span class='ocrx_word' id='word_1_423' title='bbox 2948 2412 3075 2453; x_wconf 89' lang='lat' dir='ltr'><strong>cum</strong></span> <span class='ocrx_word' id='word_1_424' title='bbox 3110 2397 3356 2463; x_wconf 85' lang='lat' dir='ltr'><strong>familiis,</strong></span> <span class='ocrx_word' id='word_1_425' title='bbox 3395 2406 3504 2453; x_wconf 89' lang='lat' dir='ltr'><strong>tam</strong></span> <span class='ocrx_word' id='word_1_426' title='bbox 3539 2413 3610 2454; x_wconf 84' lang='lat' dir='ltr'><strong>ex</strong></span> 
     </span>
    </p>
   </div>
   <div class='ocr_carea' id='block_1_68' title="bbox 2018 2486 3606 2562">
    <p class='ocr_par' dir='ltr' id='par_1_68' title="bbox 2018 2486 3606 2562">
     <span class='ocr_line' id='line_1_68' title="bbox 2018 2486 3606 2562; baseline 0.003 -21"><span class='ocrx_word' id='word_1_427' title='bbox 2018 2487 2217 2542; x_wconf 86' lang='lat' dir='ltr'><strong>insulis</strong></span> <span class='ocrx_word' id='word_1_428' title='bbox 2259 2495 2316 2543; x_wconf 89' lang='lat' dir='ltr'><strong>et</strong></span> <span class='ocrx_word' id='word_1_429' title='bbox 2367 2486 2590 2552; x_wconf 83' lang='lat' dir='ltr'><strong>Hellade</strong></span> <span class='ocrx_word' id='word_1_430' title='bbox 2623 2503 2788 2559; x_wconf 90' lang='lat' dir='ltr'><strong>quam</strong></span> <span class='ocrx_word' id='word_1_431' title='bbox 2831 2504 2896 2544; x_wconf 90' lang='lat' dir='ltr'><strong>ex</strong></span> <span class='ocrx_word' id='word_1_432' title='bbox 2942 2489 3303 2547; x_wconf 89' lang='lat' dir='ltr'><strong>inferioribus</strong></span> <span class='ocrx_word' id='word_1_433' title='bbox 3335 2492 3606 2562; x_wconf 86' lang='lat' dir='ltr'><strong>partibus,</strong></span> 
     </span>
    </p>
   </div>
   <div class='ocr_carea' id='block_1_69' title="bbox 2017 2577 3608 2652">
    <p class='ocr_par' dir='ltr' id='par_1_69' title="bbox 2017 2577 3608 2652">
     <span class='ocr_line' id='line_1_69' title="bbox 2017 2577 3608 2652; baseline 0.003 -18"><span class='ocrx_word' id='word_1_434' title='bbox 2017 2577 2209 2649; x_wconf 87' lang='lat' dir='ltr'><strong>sicque</strong></span> <span class='ocrx_word' id='word_1_435' title='bbox 2251 2579 2447 2635; x_wconf 88' lang='lat' dir='ltr'><strong>urbem</strong></span> <span class='ocrx_word' id='word_1_436' title='bbox 2493 2579 2747 2636; x_wconf 88' lang='lat' dir='ltr'><strong>habitare</strong></span> <span class='ocrx_word' id='word_1_437' title='bbox 2781 2579 2934 2648; x_wconf 87' lang='lat' dir='ltr'><strong>fecit,</strong></span> <span class='ocrx_word' id='word_1_438' title='bbox 2965 2597 3129 2652; x_wconf 85' lang='lat' dir='ltr'><strong>quam</strong></span> <span class='ocrx_word' id='word_1_439' title='bbox 3160 2590 3217 2638; x_wconf 92' lang='lat' dir='ltr'><strong>et</strong></span> <span class='ocrx_word' id='word_1_440' title='bbox 3259 2582 3608 2639; x_wconf 84' lang='lat' dir='ltr'><strong>condensam</strong></span> 
     </span>
    </p>
   </div>
   <div class='ocr_carea' id='block_1_70' title="bbox 2012 2671 2287 2727">
    <p class='ocr_par' dir='ltr' id='par_1_70' title="bbox 2012 2671 2287 2727">
     <span class='ocr_line' id='line_1_70' title="bbox 2012 2671 2287 2727; baseline 0 0"><span class='ocrx_word' id='word_1_441' title='bbox 2012 2671 2287 2727; x_wconf 84' lang='lat' dir='ltr'><strong>reddidit.</strong></span> 
     </span>
    </p>
   </div>
   <div class='ocr_carea' id='block_1_71' title="bbox 2088 2763 3608 2840">
    <p class='ocr_par' dir='ltr' id='par_1_71' title="bbox 2088 2763 3608 2840">
     <span class='ocr_line' id='line_1_71' title="bbox 2088 2763 3608 2840; baseline 0.003 -20"><span class='ocrx_word' id='word_1_442' title='bbox 2088 2763 2300 2821; x_wconf 86' lang='lat' dir='ltr'><strong>Eodem</strong></span> <span class='ocrx_word' id='word_1_443' title='bbox 2349 2780 2572 2836; x_wconf 89' lang='lat' dir='ltr'><strong>quoque</strong></span> <span class='ocrx_word' id='word_1_444' title='bbox 2622 2781 2770 2822; x_wconf 91' lang='lat' dir='ltr'><strong>anno</strong></span> <span class='ocrx_word' id='word_1_445' title='bbox 2816 2766 3086 2837; x_wconf 70' lang='lat' dir='ltr'><strong>quaesiere</strong></span> <span class='ocrx_word' id='word_1_446' title='bbox 3137 2768 3404 2840; x_wconf 79' lang='lat' dir='ltr'><strong>Vulgares</strong></span> <span class='ocrx_word' id='word_1_447' title='bbox 3446 2777 3608 2838; x_wconf 85' lang='lat' dir='ltr'><strong>pacta</strong></span> 
     </span>
    </p>
   </div>
   <div class='ocr_carea' id='block_1_72' title="bbox 2017 2858 3608 2929">
    <p class='ocr_par' dir='ltr' id='par_1_72' title="bbox 2017 2858 3608 2929">
     <span class='ocr_line' id='line_1_72' title="bbox 2017 2858 3608 2929; baseline 0.001 -18"><span class='ocrx_word' id='word_1_448' title='bbox 2017 2866 2257 2929; x_wconf 88' lang='lat' dir='ltr'><strong>propter</strong></span> <span class='ocrx_word' id='word_1_449' title='bbox 2272 2865 2453 2913; x_wconf 86' lang='lat' dir='ltr'><strong>castra</strong></span> <span class='ocrx_word' id='word_1_450' title='bbox 2490 2872 2614 2929; x_wconf 70' lang='lat' dir='ltr'><strong>quae</strong></span> <span class='ocrx_word' id='word_1_451' title='bbox 2642 2867 2966 2914; x_wconf 89' lang='lat' dir='ltr'><strong>constructa</strong></span> <span class='ocrx_word' id='word_1_452' title='bbox 3010 2859 3254 2914; x_wconf 90' lang='lat' dir='ltr'><strong>fuerant.</strong></span> <span class='ocrx_word' id='word_1_453' title='bbox 3285 2859 3382 2916; x_wconf 89' lang='lat' dir='ltr'><strong>Ast</strong></span> <span class='ocrx_word' id='word_1_454' title='bbox 3427 2858 3608 2929; x_wconf 88' lang='lat' dir='ltr'><strong>impe-</strong></span> 
     </span>
    </p>
   </div>
   <div class='ocr_carea' id='block_1_73' title="bbox 2019 2947 3609 3019">
    <p class='ocr_par' dir='ltr' id='par_1_73' title="bbox 2019 2947 3609 3019">
     <span class='ocr_line' id='line_1_73' title="bbox 2019 2947 3609 3019; baseline -0.001 -14"><span class='ocrx_word' id='word_1_455' title='bbox 2019 2957 2206 3005; x_wconf 87' lang='lat' dir='ltr'><strong>ratore</strong></span> <span class='ocrx_word' id='word_1_456' title='bbox 2239 2947 2660 3019; x_wconf 88' lang='lat' dir='ltr'><strong>apocrisiarium</strong></span> <span class='ocrx_word' id='word_1_457' title='bbox 2694 2963 2889 3004; x_wconf 88' lang='lat' dir='ltr'><strong>eorum</strong></span> <span class='ocrx_word' id='word_1_458' title='bbox 2918 2948 3319 3005; x_wconf 89' lang='lat' dir='ltr'><strong>dehonestante</strong></span> <span class='ocrx_word' id='word_1_459' title='bbox 3348 2948 3609 3004; x_wconf 87' lang='lat' dir='ltr'><strong>exierunt</strong></span> 
     </span>
    </p>
   </div>
   <div class='ocr_carea' id='block_1_74' title="bbox 2019 3037 3606 3111">
    <p class='ocr_par' dir='ltr' id='par_1_74' title="bbox 2019 3037 3606 3111">
     <span class='ocr_line' id='line_1_74' title="bbox 2019 3037 3606 3111; baseline -0.002 -15"><span class='ocrx_word' id='word_1_460' title='bbox 2019 3039 2317 3106; x_wconf 88' lang='lat' dir='ltr'><strong>hostiliter,</strong></span> <span class='ocrx_word' id='word_1_461' title='bbox 2338 3045 2395 3094; x_wconf 89' lang='lat' dir='ltr'><strong>et</strong></span> <span class='ocrx_word' id='word_1_462' title='bbox 2442 3053 2619 3111; x_wconf 89' lang='lat' dir='ltr'><strong>usque</strong></span> <span class='ocrx_word' id='word_1_463' title='bbox 2655 3038 2722 3094; x_wconf 90' lang='lat' dir='ltr'><strong>ad</strong></span> <span class='ocrx_word' id='word_1_464' title='bbox 2762 3037 3015 3111; x_wconf 82' lang='lat' dir='ltr'><strong>Longum</strong></span> <span class='ocrx_word' id='word_1_465' title='bbox 3057 3055 3278 3095; x_wconf 89' lang='lat' dir='ltr'><strong>murum</strong></span> <span class='ocrx_word' id='word_1_466' title='bbox 3309 3047 3606 3107; x_wconf 90' lang='lat' dir='ltr'><strong>venerunt,</strong></span> 
     </span>
    </p>
   </div>
   <div class='ocr_carea' id='block_1_75' title="bbox 2021 3130 3478 3202">
    <p class='ocr_par' dir='ltr' id='par_1_75' title="bbox 2021 3130 3478 3202">
     <span class='ocr_line' id='line_1_75' title="bbox 2021 3130 3478 3202; baseline -0.002 -13"><span class='ocrx_word' id='word_1_467' title='bbox 2021 3142 2079 3190; x_wconf 87' lang='lat' dir='ltr'><strong>et</strong></span> <span class='ocrx_word' id='word_1_468' title='bbox 2104 3132 2281 3188; x_wconf 89' lang='lat' dir='ltr'><strong>multo</strong></span> <span class='ocrx_word' id='word_1_469' title='bbox 2309 3130 2526 3186; x_wconf 93' lang='lat' dir='ltr'><strong>excidio</strong></span> <span class='ocrx_word' id='word_1_470' title='bbox 2551 3141 2872 3202; x_wconf 88' lang='lat' dir='ltr'><strong>perpetrato</strong></span> <span class='ocrx_word' id='word_1_471' title='bbox 2901 3131 3058 3187; x_wconf 69' lang='lat' dir='ltr'><strong>illaesi</strong></span> <span class='ocrx_word' id='word_1_472' title='bbox 3094 3133 3305 3189; x_wconf 89' lang='lat' dir='ltr'><strong>reversi</strong></span> <span class='ocrx_word' id='word_1_473' title='bbox 3329 3140 3478 3187; x_wconf 91' lang='lat' dir='ltr'><strong>sunt.</strong></span> 
     </span>
    </p>
   </div>
   <div class='ocr_carea' id='block_1_76' title="bbox 2095 3225 3610 3298">
    <p class='ocr_par' dir='ltr' id='par_1_76' title="bbox 2095 3225 3610 3298">
     <span class='ocr_line' id='line_1_76' title="bbox 2095 3225 3610 3298; baseline -0.001 -14"><span class='ocrx_word' id='word_1_474' title='bbox 2095 3229 2257 3285; x_wconf 90' lang='lat' dir='ltr'><strong>Anno</strong></span> <span class='ocrx_word' id='word_1_475' title='bbox 2299 3226 2515 3298; x_wconf 88' lang='lat' dir='ltr'><strong>imperii</strong></span> <span class='ocrx_word' id='word_1_476' title='bbox 2549 3225 2898 3283; x_wconf 88' lang='lat' dir='ltr'><strong>Constantini</strong></span> <span class='ocrx_word' id='word_1_477' title='bbox 2930 3226 2998 3281; x_wconf 83' lang='grc'><strong>16</strong></span> <span class='ocrx_word' id='word_1_478' title='bbox 3031 3236 3193 3282; x_wconf 74' lang='lat' dir='ltr'><strong>terra:</strong></span> <span class='ocrx_word' id='word_1_479' title='bbox 3227 3237 3410 3282; x_wconf 90' lang='lat' dir='ltr'><strong>motus</strong></span> <span class='ocrx_word' id='word_1_480' title='bbox 3461 3225 3610 3282; x_wconf 87' lang='lat' dir='ltr'><strong>haud</strong></span> 
     </span>
    </p>
   </div>
   <div class='ocr_carea' id='block_1_77' title="bbox 2022 3319 3610 3392">
    <p class='ocr_par' dir='ltr' id='par_1_77' title="bbox 2022 3319 3610 3392">
     <span class='ocr_line' id='line_1_77' title="bbox 2022 3319 3610 3392; baseline -0.002 -15"><span class='ocrx_word' id='word_1_481' title='bbox 2022 3321 2274 3377; x_wconf 90' lang='lat' dir='ltr'><strong>modicus</strong></span> <span class='ocrx_word' id='word_1_482' title='bbox 2321 3320 2499 3376; x_wconf 89' lang='lat' dir='ltr'><strong>factus</strong></span> <span class='ocrx_word' id='word_1_483' title='bbox 2528 3329 2616 3376; x_wconf 89' lang='lat' dir='ltr'><strong>est</strong></span> <span class='ocrx_word' id='word_1_484' title='bbox 2661 3319 2717 3374; x_wconf 89' lang='lat' dir='ltr'><strong>in</strong></span> <span class='ocrx_word' id='word_1_485' title='bbox 2766 3320 3056 3376; x_wconf 59' lang='lat' dir='ltr'><strong>Palaestina</strong></span> <span class='ocrx_word' id='word_1_486' title='bbox 3080 3327 3136 3375; x_wconf 90' lang='lat' dir='ltr'><strong>et</strong></span> <span class='ocrx_word' id='word_1_487' title='bbox 3177 3319 3334 3392; x_wconf 82' lang='lat' dir='ltr'><strong>Syria</strong></span> <span class='ocrx_word' id='word_1_488' title='bbox 3373 3320 3610 3390; x_wconf 88' lang='lat' dir='ltr'><strong>septimo</strong></span> 
     </span>
    </p>
   </div>
   <div class='ocr_carea' id='block_1_78' title="bbox 2023 3411 3607 3479">
    <p class='ocr_par' dir='ltr' id='par_1_78' title="bbox 2023 3411 3607 3479">
     <span class='ocr_line' id='line_1_78' title="bbox 2023 3411 3607 3479; baseline -0.004 -9"><span class='ocrx_word' id='word_1_489' title='bbox 2023 3415 2150 3470; x_wconf 89' lang='lat' dir='ltr'><strong>idus</strong></span> <span class='ocrx_word' id='word_1_490' title='bbox 2177 3414 2427 3479; x_wconf 85' lang='lat' dir='ltr'><strong>Martias;</strong></span> <span class='ocrx_word' id='word_1_491' title='bbox 2458 3421 2515 3468; x_wconf 91' lang='lat' dir='ltr'><strong>et</strong></span> <span class='ocrx_word' id='word_1_492' title='bbox 2540 3412 2699 3469; x_wconf 83' lang='lat' dir='ltr'><strong>exsul</strong></span> <span class='ocrx_word' id='word_1_493' title='bbox 2724 3411 2905 3472; x_wconf 85' lang='lat' dir='ltr'><strong>factus</strong></span> <span class='ocrx_word' id='word_1_494' title='bbox 2937 3420 3022 3467; x_wconf 91' lang='lat' dir='ltr'><strong>est</strong></span> <span class='ocrx_word' id='word_1_495' title='bbox 3053 3411 3380 3466; x_wconf 88' lang='lat' dir='ltr'><strong>Theodorus</strong></span> <span class='ocrx_word' id='word_1_496' title='bbox 3409 3411 3607 3465; x_wconf 85' lang='lat' dir='ltr'><strong>Antio-</strong></span> 
     </span>
    </p>
   </div>
   <div class='ocr_carea' id='block_1_79' title="bbox 2022 3501 3610 3577">
    <p class='ocr_par' dir='ltr' id='par_1_79' title="bbox 2022 3501 3610 3577">
     <span class='ocr_line' id='line_1_79' title="bbox 2022 3501 3610 3577; baseline -0.004 -15"><span class='ocrx_word' id='word_1_497' title='bbox 2022 3508 2164 3563; x_wconf 66' lang='lat' dir='ltr'><strong>chiae</strong></span> <span class='ocrx_word' id='word_1_498' title='bbox 2212 3505 2548 3577; x_wconf 87' lang='lat' dir='ltr'><strong>patriarcha,</strong></span> <span class='ocrx_word' id='word_1_499' title='bbox 2597 3504 2807 3560; x_wconf 88' lang='lat' dir='ltr'><strong>invidia</strong></span> <span class='ocrx_word' id='word_1_500' title='bbox 2846 3503 3143 3574; x_wconf 83' lang='lat' dir='ltr'><strong>derogatus</strong></span> <span class='ocrx_word' id='word_1_501' title='bbox 3177 3501 3288 3575; x_wconf 78' lang='lat'><strong>(80)</strong></span> <span class='ocrx_word' id='word_1_502' title='bbox 3339 3502 3610 3568; x_wconf 83' lang='lat' dir='ltr'><strong>Arabum,</strong></span> 
     </span>
    </p>
   </div>
   <div class='ocr_carea' id='block_1_80' title="bbox 2023 3594 3613 3671">
    <p class='ocr_par' dir='ltr' id='par_1_80' title="bbox 2023 3594 3613 3671">
     <span class='ocr_line' id='line_1_80' title="bbox 2023 3594 3613 3671; baseline -0.004 -16"><span class='ocrx_word' id='word_1_503' title='bbox 2023 3600 2170 3671; x_wconf 91' lang='lat' dir='ltr'><strong>quod</strong></span> <span class='ocrx_word' id='word_1_504' title='bbox 2200 3598 2401 3654; x_wconf 89' lang='lat' dir='ltr'><strong>crebro</strong></span> <span class='ocrx_word' id='word_1_505' title='bbox 2440 3596 2761 3667; x_wconf 88' lang='lat' dir='ltr'><strong>imperatori</strong></span> <span class='ocrx_word' id='word_1_506' title='bbox 2792 3594 3158 3651; x_wconf 80' lang='lat' dir='ltr'><strong>Constantino</strong></span> <span class='ocrx_word' id='word_1_507' title='bbox 3198 3609 3393 3649; x_wconf 89' lang='lat' dir='ltr'><strong>causas</strong></span> <span class='ocrx_word' id='word_1_508' title='bbox 3419 3608 3613 3649; x_wconf 89' lang='lat' dir='ltr'><strong>eorum</strong></span> 
     </span>
    </p>
   </div>
   <div class='ocr_carea' id='block_1_81' title="bbox 2023 3685 3615 3764">
    <p class='ocr_par' dir='ltr' id='par_1_81' title="bbox 2023 3685 3615 3764">
     <span class='ocr_line' id='line_1_81' title="bbox 2023 3685 3615 3764; baseline -0.004 -17"><span class='ocrx_word' id='word_1_509' title='bbox 2023 3709 2123 3764; x_wconf 90' lang='lat' dir='ltr'><strong>per</strong></span> <span class='ocrx_word' id='word_1_510' title='bbox 2167 3692 2385 3747; x_wconf 87' lang='lat' dir='ltr'><strong>litteras</strong></span> <span class='ocrx_word' id='word_1_511' title='bbox 2431 3689 2720 3744; x_wconf 89' lang='lat' dir='ltr'><strong>indicaret.</strong></span> <span class='ocrx_word' id='word_1_512' title='bbox 2769 3688 2839 3743; x_wconf 89' lang='lat' dir='ltr'><strong>Et</strong></span> <span class='ocrx_word' id='word_1_513' title='bbox 2875 3687 2943 3743; x_wconf 92' lang='lat' dir='ltr'><strong>de</strong></span> <span class='ocrx_word' id='word_1_514' title='bbox 2993 3699 3192 3743; x_wconf 65' lang='lat' dir='ltr'><strong>caetero</strong></span> <span class='ocrx_word' id='word_1_515' title='bbox 3237 3685 3408 3741; x_wconf 86' lang='lat' dir='ltr'><strong>Salim</strong></span> <span class='ocrx_word' id='word_1_516' title='bbox 3461 3685 3615 3740; x_wconf 86' lang='lat' dir='ltr'><strong>hunc</strong></span> 
     </span>
    </p>
   </div>
   <div class='ocr_carea' id='block_1_82' title="bbox 2025 3779 3616 3851">
    <p class='ocr_par' dir='ltr' id='par_1_82' title="bbox 2025 3779 3616 3851">
     <span class='ocr_line' id='line_1_82' title="bbox 2025 3779 3616 3851; baseline -0.006 -10"><span class='ocrx_word' id='word_1_517' title='bbox 2025 3786 2272 3841; x_wconf 90' lang='lat' dir='ltr'><strong>exsulem</strong></span> <span class='ocrx_word' id='word_1_518' title='bbox 2308 3782 2460 3849; x_wconf 82' lang='lat' dir='ltr'><strong>fecit,</strong></span> <span class='ocrx_word' id='word_1_519' title='bbox 2495 3783 2722 3836; x_wconf 89' lang='lat' dir='ltr'><strong>mittens</strong></span> <span class='ocrx_word' id='word_1_520' title='bbox 2750 3795 2877 3836; x_wconf 88' lang='lat' dir='ltr'><strong>eum</strong></span> <span class='ocrx_word' id='word_1_521' title='bbox 2914 3781 2972 3836; x_wconf 91' lang='lat' dir='ltr'><strong>in</strong></span> <span class='ocrx_word' id='word_1_522' title='bbox 3004 3779 3398 3835; x_wconf 79' lang='lat' dir='ltr'><strong>Mobabitidcm</strong></span> <span class='ocrx_word' id='word_1_523' title='bbox 3431 3779 3616 3851; x_wconf 79' lang='lat' dir='ltr'><strong>regio-</strong></span> 
     </span>
    </p>
   </div>
   <div class='ocr_carea' id='block_1_83' title="bbox 2028 3874 3607 3950">
    <p class='ocr_par' dir='ltr' id='par_1_83' title="bbox 2028 3874 3607 3950">
     <span class='ocr_line' id='line_1_83' title="bbox 2028 3874 3607 3950; baseline -0.005 -13"><span class='ocrx_word' id='word_1_524' title='bbox 2028 3896 2178 3946; x_wconf 85' lang='lat' dir='ltr'><strong>nem,</strong></span> <span class='ocrx_word' id='word_1_525' title='bbox 2220 3878 2457 3950; x_wconf 89' lang='lat' dir='ltr'><strong>patriam</strong></span> <span class='ocrx_word' id='word_1_526' title='bbox 2492 3892 2672 3932; x_wconf 90' lang='lat' dir='ltr'><strong>suam.</strong></span> <span class='ocrx_word' id='word_1_527' title='bbox 2706 3876 3085 3946; x_wconf 83' lang='lat' dir='ltr'><strong>Praecepitque</strong></span> <span class='ocrx_word' id='word_1_528' title='bbox 3118 3875 3264 3931; x_wconf 90' lang='lat' dir='ltr'><strong>idem</strong></span> <span class='ocrx_word' id='word_1_529' title='bbox 3301 3874 3446 3928; x_wconf 85' lang='lat' dir='ltr'><strong>Alim</strong></span> <span class='ocrx_word' id='word_1_530' title='bbox 3491 3890 3607 3929; x_wconf 89' lang='lat' dir='ltr'><strong>non</strong></span> 
     </span>
    </p>
   </div>
   <div class='ocr_carea' id='block_1_84' title="bbox 2024 3969 3608 4032">
    <p class='ocr_par' dir='ltr' id='par_1_84' title="bbox 2024 3969 3608 4032">
     <span class='ocr_line' id='line_1_84' title="bbox 2024 3969 3608 4032; baseline -0.003 -5"><span class='ocrx_word' id='word_1_531' title='bbox 2024 3971 2426 4027; x_wconf 90' lang='lat' dir='ltr'><strong>construendas</strong></span> <span class='ocrx_word' id='word_1_532' title='bbox 2442 3986 2613 4026; x_wconf 89' lang='lat' dir='ltr'><strong>novas</strong></span> <span class='ocrx_word' id='word_1_533' title='bbox 2628 3972 2890 4026; x_wconf 87' lang='lat' dir='ltr'><strong>ecclesias</strong></span> <span class='ocrx_word' id='word_1_534' title='bbox 2911 3986 3014 4026; x_wconf 88' lang='lat' dir='ltr'><strong>nec</strong></span> <span class='ocrx_word' id='word_1_535' title='bbox 3036 3985 3258 4027; x_wconf 90' lang='lat' dir='ltr'><strong>crucem</strong></span> <span class='ocrx_word' id='word_1_536' title='bbox 3285 3969 3608 4032; x_wconf 87' lang='lat' dir='ltr'><strong>videndam,</strong></span> 
     </span>
    </p>
   </div>
   <div class='ocr_carea' id='block_1_85' title="bbox 2024 4061 3616 4136">
    <p class='ocr_par' dir='ltr' id='par_1_85' title="bbox 2024 4061 3616 4136">
     <span class='ocr_line' id='line_1_85' title="bbox 2024 4061 3616 4136; baseline -0.004 -14"><span class='ocrx_word' id='word_1_537' title='bbox 2024 4066 2121 4122; x_wconf 91' lang='lat' dir='ltr'><strong>sed</strong></span> <span class='ocrx_word' id='word_1_538' title='bbox 2156 4080 2338 4136; x_wconf 89' lang='lat' dir='ltr'><strong>neque</strong></span> <span class='ocrx_word' id='word_1_539' title='bbox 2367 4065 2436 4121; x_wconf 90' lang='lat' dir='ltr'><strong>de</strong></span> <span class='ocrx_word' id='word_1_540' title='bbox 2484 4063 2591 4120; x_wconf 84' lang='lat' dir='ltr'><strong>ﬁde</strong></span> <span class='ocrx_word' id='word_1_541' title='bbox 2625 4082 2655 4121; x_wconf 89' lang='lat' dir='ltr'><strong>a</strong></span> <span class='ocrx_word' id='word_1_542' title='bbox 2684 4063 3001 4120; x_wconf 76' lang='lat' dir='ltr'><strong>Christiano</strong></span> <span class='ocrx_word' id='word_1_543' title='bbox 3045 4079 3172 4118; x_wconf 89' lang='lat' dir='ltr'><strong>cum</strong></span> <span class='ocrx_word' id='word_1_544' title='bbox 3206 4062 3484 4118; x_wconf 83' lang='lat' dir='ltr'><strong>Arabibus</strong></span> <span class='ocrx_word' id='word_1_545' title='bbox 3513 4061 3616 4116; x_wconf 87' lang='lat' dir='ltr'><strong>do-</strong></span> 
     </span>
    </p>
   </div>
   <div class='ocr_carea' id='block_1_86' title="bbox 2025 4158 3615 4237">
    <p class='ocr_par' dir='ltr' id='par_1_86' title="bbox 2025 4158 3615 4237">
     <span class='ocr_line' id='line_1_86' title="bbox 2025 4158 3615 4237; baseline -0.005 -17"><span class='ocrx_word' id='word_1_546' title='bbox 2025 4164 2458 4237; x_wconf 74' lang='lat' dir='ltr'><strong>gmatizandum.</strong></span> <span class='ocrx_word' id='word_1_547' title='bbox 2493 4164 2672 4220; x_wconf 86' lang='lat' dir='ltr'><strong>Porro</strong></span> <span class='ocrx_word' id='word_1_548' title='bbox 2700 4162 3006 4218; x_wconf 85' lang='lat' dir='ltr'><strong>exercitum</strong></span> <span class='ocrx_word' id='word_1_549' title='bbox 3036 4160 3208 4215; x_wconf 86' lang='lat' dir='ltr'><strong>movit</strong></span> <span class='ocrx_word' id='word_1_550' title='bbox 3241 4158 3387 4213; x_wconf 90' lang='lat' dir='ltr'><strong>idem</strong></span> <span class='ocrx_word' id='word_1_551' title='bbox 3423 4167 3615 4212; x_wconf 87' lang='lat' dir='ltr'><strong>contra</strong></span> 
     </span>
    </p>
   </div>
   <div class='ocr_carea' id='block_1_87' title="bbox 2025 4249 3615 4320">
    <p class='ocr_par' dir='ltr' id='par_1_87' title="bbox 2025 4249 3615 4320">
     <span class='ocr_line' id='line_1_87' title="bbox 2025 4249 3615 4320; baseline -0.007 -6"><span class='ocrx_word' id='word_1_552' title='bbox 2025 4257 2352 4314; x_wconf 77' lang='lat' dir='ltr'><strong>Romaniam</strong></span> <span class='ocrx_word' id='word_1_553' title='bbox 2378 4273 2501 4312; x_wconf 90' lang='lat' dir='ltr'><strong>cum</strong></span> <span class='ocrx_word' id='word_1_554' title='bbox 2536 4256 2606 4311; x_wconf 87' lang='lat'><strong>80</strong></span> <span class='ocrx_word' id='word_1_555' title='bbox 2633 4255 2903 4320; x_wconf 91' lang='lat' dir='ltr'><strong>millibus,</strong></span> <span class='ocrx_word' id='word_1_556' title='bbox 2939 4264 2994 4309; x_wconf 86' lang='lat' dir='ltr'><strong>et</strong></span> <span class='ocrx_word' id='word_1_557' title='bbox 3024 4255 3258 4308; x_wconf 83' lang='lat' dir='ltr'><strong>veniens</strong></span> <span class='ocrx_word' id='word_1_558' title='bbox 3307 4250 3363 4305; x_wconf 87' lang='lat' dir='ltr'><strong>in</strong></span> <span class='ocrx_word' id='word_1_559' title='bbox 3397 4249 3615 4320; x_wconf 84' lang='lat' dir='ltr'><strong>Cappa-</strong></span> 
     </span>
    </p>
   </div>
   <div class='ocr_carea' id='block_1_88' title="bbox 2032 4342 3618 4405">
    <p class='ocr_par' dir='ltr' id='par_1_88' title="bbox 2032 4342 3618 4405">
     <span class='ocr_line' id='line_1_88' title="bbox 2032 4342 3618 4405; baseline -0.006 0"><span class='ocrx_word' id='word_1_560' title='bbox 2032 4350 2250 4405; x_wconf 87' lang='lat' dir='ltr'><strong>dociam</strong></span> <span class='ocrx_word' id='word_1_561' title='bbox 2279 4349 2493 4404; x_wconf 89' lang='lat' dir='ltr'><strong>audivit</strong></span> <span class='ocrx_word' id='word_1_562' title='bbox 2531 4347 2957 4403; x_wconf 89' lang='lat' dir='ltr'><strong>Constantinum</strong></span> <span class='ocrx_word' id='word_1_563' title='bbox 2989 4345 3255 4400; x_wconf 86' lang='lat' dir='ltr'><strong>adversus</strong></span> <span class='ocrx_word' id='word_1_564' title='bbox 3293 4358 3354 4398; x_wconf 87' lang='lat' dir='ltr'><strong>se</strong></span> <span class='ocrx_word' id='word_1_565' title='bbox 3382 4342 3618 4396; x_wconf 84' lang='lat' dir='ltr'><strong>venien-</strong></span> 
     </span>
    </p>
   </div>
   <div class='ocr_carea' id='block_1_89' title="bbox 2031 4432 3617 4507">
    <p class='ocr_par' dir='ltr' id='par_1_89' title="bbox 2031 4432 3617 4507">
     <span class='ocr_line' id='line_1_89' title="bbox 2031 4432 3617 4507; baseline -0.006 -9"><span class='ocrx_word' id='word_1_566' title='bbox 2031 4451 2142 4499; x_wconf 88' lang='lat' dir='ltr'><strong>tem</strong></span> <span class='ocrx_word' id='word_1_567' title='bbox 2180 4451 2477 4507; x_wconf 87' lang='lat' dir='ltr'><strong>armatum,</strong></span> <span class='ocrx_word' id='word_1_568' title='bbox 2511 4450 2568 4496; x_wconf 92' lang='lat' dir='ltr'><strong>et</strong></span> <span class='ocrx_word' id='word_1_569' title='bbox 2589 4440 2822 4495; x_wconf 87' lang='lat' dir='ltr'><strong>territus</strong></span> <span class='ocrx_word' id='word_1_570' title='bbox 2864 4436 3114 4493; x_wconf 69' lang='lat' dir='ltr'><strong>inefﬁcax</strong></span> <span class='ocrx_word' id='word_1_571' title='bbox 3141 4433 3449 4506; x_wconf 87' lang='lat' dir='ltr'><strong>repedavit,</strong></span> <span class='ocrx_word' id='word_1_572' title='bbox 3476 4432 3617 4488; x_wconf 89' lang='lat' dir='ltr'><strong>nihil</strong></span> 
     </span>
    </p>
   </div>
   <div class='ocr_carea' id='block_1_90' title="bbox 337 4517 3613 4606">
    <p class='ocr_par' dir='ltr' id='par_1_90' title="bbox 337 4517 3613 4606">
     <span class='ocr_line' id='line_1_90' title="bbox 337 4517 3613 4606; baseline -0.005 -27"><span class='ocrx_word' id='word_1_573' title='bbox 337 4523 488 4590; x_wconf 89' lang='lat' dir='ltr'><strong>dem,</strong></span> <span class='ocrx_word' id='word_1_574' title='bbox 521 4523 1026 4594; x_wconf 85' lang='lat' dir='ltr'><strong>adversantemque</strong></span> <span class='ocrx_word' id='word_1_575' title='bbox 1061 4522 1267 4590; x_wconf 84' lang='lat' dir='ltr'><strong>Persis,</strong></span> <span class='ocrx_word' id='word_1_576' title='bbox 1305 4532 1360 4578; x_wconf 95' lang='lat' dir='ltr'><strong>et</strong></span> <span class='ocrx_word' id='word_1_577' title='bbox 1394 4521 1671 4579; x_wconf 89' lang='lat' dir='ltr'><strong>faventem</strong></span> <span class='ocrx_word' id='word_1_578' title='bbox 1710 4523 1799 4578; x_wconf 87' lang='lat' dir='ltr'><strong>bis</strong></span> <span class='ocrx_word' id='word_1_579' title='bbox 1833 4523 1930 4592; x_wconf 89' lang='lat' dir='ltr'><strong>qui</strong></span> <span class='ocrx_word' id='word_1_580' title='bbox 1954 4517 2010 4578; x_wconf 85' lang='grc' dir='ltr'><strong>Ι)</strong></span> <span class='ocrx_word' id='word_1_581' title='bbox 2036 4535 2423 4606; x_wconf 50' lang='lat' dir='ltr'><strong>depopulatus,</strong></span> <span class='ocrx_word' id='word_1_582' title='bbox 2451 4533 2557 4588; x_wconf 71' lang='lat' dir='ltr'><strong>nisi</strong></span> <span class='ocrx_word' id='word_1_583' title='bbox 2583 4531 2730 4603; x_wconf 75' lang='lat' dir='ltr'><strong>quod</strong></span> <span class='ocrx_word' id='word_1_584' title='bbox 2765 4531 2962 4602; x_wconf 65' lang='lat' dir='ltr'><strong>paucis</strong></span> <span class='ocrx_word' id='word_1_585' title='bbox 2989 4527 3266 4584; x_wconf 61' lang='lat' dir='ltr'><strong>Armeniis</strong></span> <span class='ocrx_word' id='word_1_586' title='bbox 3289 4525 3358 4582; x_wconf 71' lang='lat' dir='ltr'><strong>ad</strong></span> <span class='ocrx_word' id='word_1_587' title='bbox 3392 4540 3452 4581; x_wconf 70' lang='lat' dir='ltr'><strong>se</strong></span> <span class='ocrx_word' id='word_1_588' title='bbox 3487 4540 3613 4582; x_wconf 73' lang='lat' dir='ltr'><strong>con-</strong></span> 
     </span>
    </p>
   </div>
   <div class='ocr_carea' id='block_1_91' title="bbox 338 4615 1930 4688">
    <p class='ocr_par' dir='ltr' id='par_1_91' title="bbox 338 4615 1930 4688">
     <span class='ocr_line' id='line_1_91' title="bbox 338 4615 1930 4688; baseline 0.003 -18"><span class='ocrx_word' id='word_1_589' title='bbox 338 4623 497 4672; x_wconf 86' lang='lat' dir='ltr'><strong>erant</strong></span> <span class='ocrx_word' id='word_1_590' title='bbox 553 4615 724 4688; x_wconf 68' lang='lat' dir='ltr'><strong>Syriae</strong></span> <span class='ocrx_word' id='word_1_591' title='bbox 775 4615 984 4687; x_wconf 88' lang='lat' dir='ltr'><strong>quique</strong></span> <span class='ocrx_word' id='word_1_592' title='bbox 1025 4615 1440 4671; x_wconf 86' lang='lat' dir='ltr'><strong>auxiliabantur</strong></span> <span class='ocrx_word' id='word_1_593' title='bbox 1487 4615 1577 4683; x_wconf 90' lang='lat' dir='ltr'><strong>ei,</strong></span> <span class='ocrx_word' id='word_1_594' title='bbox 1642 4617 1930 4674; x_wconf 89' lang='lat' dir='ltr'><strong>concitatis</strong></span> 
     </span>
    </p>
   </div>
   <div class='ocr_carea' id='block_1_92' title="bbox 339 4707 1930 4780">
    <p class='ocr_par' dir='ltr' id='par_1_92' title="bbox 339 4707 1930 4780">
     <span class='ocr_line' id='line_1_92' title="bbox 339 4707 1930 4780; baseline 0.001 -17"><span class='ocrx_word' id='word_1_595' title='bbox 339 4708 680 4763; x_wconf 84' lang='lat' dir='ltr'><strong>exercitibus</strong></span> <span class='ocrx_word' id='word_1_596' title='bbox 720 4708 836 4763; x_wconf 89' lang='lat' dir='ltr'><strong>suis</strong></span> <span class='ocrx_word' id='word_1_597' title='bbox 867 4707 1188 4780; x_wconf 82' lang='lat' dir='ltr'><strong>aggreditur</strong></span> <span class='ocrx_word' id='word_1_598' title='bbox 1214 4723 1343 4763; x_wconf 88' lang='lat' dir='ltr'><strong>eum</strong></span> <span class='ocrx_word' id='word_1_599' title='bbox 1382 4708 1530 4779; x_wconf 90' lang='lat' dir='ltr'><strong>apud</strong></span> <span class='ocrx_word' id='word_1_600' title='bbox 1574 4708 1840 4774; x_wconf 80' lang='lat' dir='ltr'><strong>Nitzibin,</strong></span> <span class='ocrx_word' id='word_1_601' title='bbox 1873 4718 1930 4766; x_wconf 90' lang='lat' dir='ltr'><strong>et</strong></span> 
     </span>
    </p>
   </div>
   <div class='ocr_carea' id='block_1_93' title="bbox 339 4799 1928 4870">
    <p class='ocr_par' dir='ltr' id='par_1_93' title="bbox 339 4799 1928 4870">
     <span class='ocr_line' id='line_1_93' title="bbox 339 4799 1928 4870; baseline 0 -16"><span class='ocrx_word' id='word_1_602' title='bbox 339 4799 490 4854; x_wconf 85' lang='lat' dir='ltr'><strong>victo</strong></span> <span class='ocrx_word' id='word_1_603' title='bbox 519 4814 586 4854; x_wconf 92' lang='lat' dir='ltr'><strong>eo</strong></span> <span class='ocrx_word' id='word_1_604' title='bbox 618 4799 967 4856; x_wconf 87' lang='lat' dir='ltr'><strong>Abumuslim</strong></span> <span class='ocrx_word' id='word_1_605' title='bbox 1016 4799 1222 4854; x_wconf 89' lang='lat' dir='ltr'><strong>multos</strong></span> <span class='ocrx_word' id='word_1_606' title='bbox 1258 4799 1495 4870; x_wconf 90' lang='lat' dir='ltr'><strong>peremit</strong></span> <span class='ocrx_word' id='word_1_607' title='bbox 1524 4817 1538 4854; x_wconf 91' lang='lat'><strong>:</strong></span> <span class='ocrx_word' id='word_1_608' title='bbox 1584 4809 1744 4856; x_wconf 87' lang='lat' dir='ltr'><strong>erant</strong></span> <span class='ocrx_word' id='word_1_609' title='bbox 1775 4801 1928 4856; x_wconf 90' lang='lat' dir='ltr'><strong>enim</strong></span> 
     </span>
    </p>
   </div>
   <div class='ocr_carea' id='block_1_94' title="bbox 343 4891 1931 4964">
    <p class='ocr_par' dir='ltr' id='par_1_94' title="bbox 343 4891 1931 4964">
     <span class='ocr_line' id='line_1_94' title="bbox 343 4891 1931 4964; baseline 0.001 -17"><span class='ocrx_word' id='word_1_610' title='bbox 343 4893 534 4964; x_wconf 90' lang='lat' dir='ltr'><strong>plures</strong></span> <span class='ocrx_word' id='word_1_611' title='bbox 577 4909 645 4949; x_wconf 85' lang='lat' dir='ltr'><strong>ex</strong></span> <span class='ocrx_word' id='word_1_612' title='bbox 691 4893 783 4948; x_wconf 88' lang='lat' dir='ltr'><strong>his</strong></span> <span class='ocrx_word' id='word_1_613' title='bbox 828 4891 1011 4949; x_wconf 89' lang='lat' dir='ltr'><strong>Sclavi</strong></span> <span class='ocrx_word' id='word_1_614' title='bbox 1044 4900 1102 4949; x_wconf 89' lang='lat' dir='ltr'><strong>et</strong></span> <span class='ocrx_word' id='word_1_615' title='bbox 1142 4892 1498 4948; x_wconf 86' lang='lat' dir='ltr'><strong>Antiocheni.</strong></span> <span class='ocrx_word' id='word_1_616' title='bbox 1552 4893 1651 4949; x_wconf 88' lang='lat' dir='ltr'><strong>Ast</strong></span> <span class='ocrx_word' id='word_1_617' title='bbox 1691 4893 1931 4949; x_wconf 88' lang='lat' dir='ltr'><strong>Abdelas</strong></span> 
     </span>
    </p>
   </div>
   <div class='ocr_carea' id='block_1_95' title="bbox 341 4984 1933 5058">
    <p class='ocr_par' dir='ltr' id='par_1_95' title="bbox 341 4984 1933 5058">
     <span class='ocr_line' id='line_1_95' title="bbox 341 4984 1933 5058; baseline -0.001 -16"><span class='ocrx_word' id='word_1_618' title='bbox 341 4988 493 5044; x_wconf 87' lang='lat' dir='ltr'><strong>solus</strong></span> <span class='ocrx_word' id='word_1_619' title='bbox 524 4987 712 5044; x_wconf 91' lang='lat' dir='ltr'><strong>salvus</strong></span> <span class='ocrx_word' id='word_1_620' title='bbox 748 5001 1043 5042; x_wconf 88' lang='lat' dir='ltr'><strong>remanens</strong></span> <span class='ocrx_word' id='word_1_621' title='bbox 1067 4993 1192 5058; x_wconf 90' lang='lat' dir='ltr'><strong>post</strong></span> <span class='ocrx_word' id='word_1_622' title='bbox 1229 5001 1436 5056; x_wconf 84' lang='lat' dir='ltr'><strong>paucos</strong></span> <span class='ocrx_word' id='word_1_623' title='bbox 1464 4984 1586 5041; x_wconf 89' lang='lat' dir='ltr'><strong>dies</strong></span> <span class='ocrx_word' id='word_1_624' title='bbox 1621 4985 1780 5057; x_wconf 87' lang='lat' dir='ltr'><strong>petiit</strong></span> <span class='ocrx_word' id='word_1_625' title='bbox 1809 5002 1933 5042; x_wconf 66' lang='lat' dir='ltr'><strong>vero</strong></span> 
     </span>
    </p>
   </div>
   <div class='ocr_carea' id='block_1_96' title="bbox 343 5078 1932 5152">
    <p class='ocr_par' dir='ltr' id='par_1_96' title="bbox 343 5078 1932 5152">
     <span class='ocr_line' id='line_1_96' title="bbox 343 5078 1932 5152; baseline -0.001 -15"><span class='ocrx_word' id='word_1_626' title='bbox 343 5082 476 5137; x_wconf 92' lang='lat' dir='ltr'><strong>bum</strong></span> <span class='ocrx_word' id='word_1_627' title='bbox 508 5082 763 5152; x_wconf 90' lang='lat' dir='ltr'><strong>accipere</strong></span> <span class='ocrx_word' id='word_1_628' title='bbox 808 5081 880 5137; x_wconf 92' lang='lat' dir='ltr'><strong>ab</strong></span> <span class='ocrx_word' id='word_1_629' title='bbox 925 5080 1103 5135; x_wconf 88' lang='lat' dir='ltr'><strong>altero</strong></span> <span class='ocrx_word' id='word_1_630' title='bbox 1155 5079 1387 5146; x_wconf 86' lang='lat' dir='ltr'><strong>Abdela,</strong></span> <span class='ocrx_word' id='word_1_631' title='bbox 1441 5078 1613 5136; x_wconf 89' lang='lat' dir='ltr'><strong>fratre</strong></span> <span class='ocrx_word' id='word_1_632' title='bbox 1656 5079 1932 5149; x_wconf 84' lang='lat' dir='ltr'><strong>Maumed,</strong></span> 
     </span>
    </p>
   </div>
   <div class='ocr_carea' id='block_1_97' title="bbox 341 5170 1931 5242">
    <p class='ocr_par' dir='ltr' id='par_1_97' title="bbox 341 5170 1931 5242">
     <span class='ocr_line' id='line_1_97' title="bbox 341 5170 1931 5242; baseline -0.001 -13"><span class='ocrx_word' id='word_1_633' title='bbox 341 5171 606 5229; x_wconf 84' lang='lat' dir='ltr'><strong>veniente</strong></span> <span class='ocrx_word' id='word_1_634' title='bbox 653 5172 707 5227; x_wconf 91' lang='lat' dir='ltr'><strong>in</strong></span> <span class='ocrx_word' id='word_1_635' title='bbox 749 5171 1038 5228; x_wconf 90' lang='lat' dir='ltr'><strong>Persidem</strong></span> <span class='ocrx_word' id='word_1_636' title='bbox 1079 5170 1266 5227; x_wconf 90' lang='lat' dir='ltr'><strong>studio</strong></span> <span class='ocrx_word' id='word_1_637' title='bbox 1298 5171 1473 5226; x_wconf 90' lang='lat' dir='ltr'><strong>multo</strong></span> <span class='ocrx_word' id='word_1_638' title='bbox 1506 5187 1536 5226; x_wconf 90' lang='lat' dir='ltr'><strong>a</strong></span> <span class='ocrx_word' id='word_1_639' title='bbox 1571 5171 1782 5237; x_wconf 79' lang='lat' dir='ltr'><strong>Macha,</strong></span> <span class='ocrx_word' id='word_1_640' title='bbox 1819 5187 1931 5242; x_wconf 93' lang='lat' dir='ltr'><strong>quo</strong></span> 
     </span>
    </p>
   </div>
   <div class='ocr_carea' id='block_1_98' title="bbox 326 5263 1932 5337">
    <p class='ocr_par' dir='ltr' id='par_1_98' title="bbox 326 5263 1932 5337">
     <span class='ocr_line' id='line_1_98' title="bbox 326 5263 1932 5337; baseline -0.001 -15"><span class='ocrx_word' id='word_1_641' title='bbox 326 5266 403 5322; x_wconf 80' lang='lat' dir='ltr'><strong>&#39;iu</strong></span> <span class='ocrx_word' id='word_1_642' title='bbox 426 5265 764 5322; x_wconf 89' lang='lat' dir='ltr'><strong>domuncula</strong></span> <span class='ocrx_word' id='word_1_643' title='bbox 792 5263 1102 5337; x_wconf 87' lang='lat' dir='ltr'><strong>putrefacta</strong></span> <span class='ocrx_word' id='word_1_644' title='bbox 1133 5273 1354 5320; x_wconf 89' lang='lat' dir='ltr'><strong>retruso</strong></span> <span class='ocrx_word' id='word_1_645' title='bbox 1375 5264 1543 5320; x_wconf 80' lang='lat' dir='ltr'><strong>effodi</strong></span> <span class='ocrx_word' id='word_1_646' title='bbox 1573 5265 1932 5321; x_wconf 88' lang='lat' dir='ltr'><strong>fundamenta</strong></span> 
     </span>
    </p>
   </div>
   <div class='ocr_carea' id='block_1_99' title="bbox 345 5357 1932 5433">
    <p class='ocr_par' dir='ltr' id='par_1_99' title="bbox 345 5357 1932 5433">
     <span class='ocr_line' id='line_1_99' title="bbox 345 5357 1932 5433; baseline -0.003 -17"><span class='ocrx_word' id='word_1_647' title='bbox 345 5361 677 5433; x_wconf 68' lang='lat' dir='ltr'><strong>prmipiens</strong></span> <span class='ocrx_word' id='word_1_648' title='bbox 703 5360 853 5415; x_wconf 90' lang='lat' dir='ltr'><strong>hunc</strong></span> <span class='ocrx_word' id='word_1_649' title='bbox 877 5358 1018 5414; x_wconf 89' lang='lat' dir='ltr'><strong>clam</strong></span> <span class='ocrx_word' id='word_1_650' title='bbox 1045 5357 1349 5413; x_wconf 88' lang='lat' dir='ltr'><strong>interfecit.</strong></span> <span class='ocrx_word' id='word_1_651' title='bbox 1381 5358 1555 5413; x_wconf 93' lang='lat' dir='ltr'><strong>Porro</strong></span> <span class='ocrx_word' id='word_1_652' title='bbox 1582 5357 1932 5413; x_wconf 87' lang='lat' dir='ltr'><strong>Abumuslim</strong></span> 
     </span>
    </p>
   </div>
   <div class='ocr_carea' id='block_1_100' title="bbox 347 5450 1933 5532">
    <p class='ocr_par' dir='ltr' id='par_1_100' title="bbox 347 5450 1933 5532">
     <span class='ocr_line' id='line_1_100' title="bbox 347 5450 1933 5532; baseline -0.002 -23"><span class='ocrx_word' id='word_1_653' title='bbox 347 5452 649 5510; x_wconf 88' lang='lat' dir='ltr'><strong>furientem</strong></span> <span class='ocrx_word' id='word_1_654' title='bbox 693 5454 960 5509; x_wconf 89' lang='lat' dir='ltr'><strong>adversus</strong></span> <span class='ocrx_word' id='word_1_655' title='bbox 989 5453 1200 5509; x_wconf 85' lang='lat' dir='ltr'><strong>Arabes</strong></span> <span class='ocrx_word' id='word_1_656' title='bbox 1238 5451 1409 5532; x_wconf 74' lang='lat' dir='ltr'><strong>Syriae</strong></span> <span class='ocrx_word' id='word_1_657' title='bbox 1450 5467 1554 5522; x_wconf 92' lang='lat' dir='ltr'><strong>pro</strong></span> <span class='ocrx_word' id='word_1_658' title='bbox 1593 5467 1661 5507; x_wconf 89' lang='lat' dir='ltr'><strong>eo</strong></span> <span class='ocrx_word' id='word_1_659' title='bbox 1694 5450 1841 5522; x_wconf 91' lang='lat' dir='ltr'><strong>quod</strong></span> <span class='ocrx_word' id='word_1_660' title='bbox 1873 5451 1933 5506; x_wconf 88' lang='lat' dir='ltr'><strong>in</strong></span> 
     </span>
    </p>
   </div>
   <div class='ocr_carea' id='block_1_101' title="bbox 2037 4624 3094 4693">
    <p class='ocr_par' dir='ltr' id='par_1_101' title="bbox 2037 4624 3094 4693">
     <span class='ocr_line' id='line_1_101' title="bbox 2037 4624 3094 4693; baseline -0.007 -12"><span class='ocrx_word' id='word_1_661' title='bbox 2037 4625 2342 4681; x_wconf 86' lang='lat' dir='ltr'><strong>ﬂuentibus</strong></span> <span class='ocrx_word' id='word_1_662' title='bbox 2373 4624 2674 4693; x_wconf 87' lang='lat' dir='ltr'><strong>assumptis</strong></span> <span class='ocrx_word' id='word_1_663' title='bbox 2696 4635 2958 4678; x_wconf 88' lang='lat' dir='ltr'><strong>reversus</strong></span> <span class='ocrx_word' id='word_1_664' title='bbox 2989 4629 3094 4675; x_wconf 90' lang='lat' dir='ltr'><strong>est.</strong></span> 
     </span>
    </p>
   </div>
   <div class='ocr_carea' id='block_1_102' title="bbox 2105 4709 3616 4786">
    <p class='ocr_par' dir='ltr' id='par_1_102' title="bbox 2105 4709 3616 4786">
     <span class='ocr_line' id='line_1_102' title="bbox 2105 4709 3616 4786; baseline -0.008 -13"><span class='ocrx_word' id='word_1_665' title='bbox 2105 4715 2501 4786; x_wconf 89' lang='lat' dir='ltr'><strong>Annoimperii</strong></span> <span class='ocrx_word' id='word_1_666' title='bbox 2534 4714 2884 4770; x_wconf 90' lang='lat' dir='ltr'><strong>Constantini</strong></span> <span class='ocrx_word' id='word_1_667' title='bbox 2920 4713 2986 4766; x_wconf 85' lang='grc'><strong>17</strong></span> <span class='ocrx_word' id='word_1_668' title='bbox 3017 4711 3258 4768; x_wconf 88' lang='lat' dir='ltr'><strong>Abdelas</strong></span> <span class='ocrx_word' id='word_1_669' title='bbox 3281 4709 3616 4765; x_wconf 90' lang='lat' dir='ltr'><strong>tributorum</strong></span> 
     </span>
    </p>
   </div>
   <div class='ocr_carea' id='block_1_103' title="bbox 2035 4804 3620 4886">
    <p class='ocr_par' dir='ltr' id='par_1_103' title="bbox 2035 4804 3620 4886">
     <span class='ocr_line' id='line_1_103' title="bbox 2035 4804 3620 4886; baseline -0.004 -22"><span class='ocrx_word' id='word_1_670' title='bbox 2035 4810 2306 4865; x_wconf 86' lang='lat' dir='ltr'><strong>rationem</strong></span> <span class='ocrx_word' id='word_1_671' title='bbox 2368 4807 2702 4886; x_wconf 81' lang='lat' dir='ltr'><strong>Christianis</strong></span> <span class='ocrx_word' id='word_1_672' title='bbox 2747 4804 3054 4876; x_wconf 87' lang='lat' dir='ltr'><strong>ampliavit,</strong></span> <span class='ocrx_word' id='word_1_673' title='bbox 3110 4804 3249 4859; x_wconf 93' lang='lat' dir='ltr'><strong>adeo</strong></span> <span class='ocrx_word' id='word_1_674' title='bbox 3304 4813 3366 4858; x_wconf 90' lang='lat' dir='ltr'><strong>ut</strong></span> <span class='ocrx_word' id='word_1_675' title='bbox 3423 4815 3620 4857; x_wconf 77' lang='lat' dir='ltr'><strong>omnes</strong></span> 
     </span>
    </p>
   </div>
   <div class='ocr_carea' id='block_1_104' title="bbox 2014 4895 3620 4968">
    <p class='ocr_par' dir='ltr' id='par_1_104' title="bbox 2014 4895 3620 4968">
     <span class='ocr_line' id='line_1_104' title="bbox 2014 4895 3620 4968; baseline -0.006 -10"><span class='ocrx_word' id='word_1_676' title='bbox 2014 4902 2338 4958; x_wconf 84' lang='lat' dir='ltr'><strong>monachos</strong></span> <span class='ocrx_word' id='word_1_677' title='bbox 2363 4909 2421 4956; x_wconf 90' lang='lat' dir='ltr'><strong>et</strong></span> <span class='ocrx_word' id='word_1_678' title='bbox 2443 4900 2720 4955; x_wconf 89' lang='lat' dir='ltr'><strong>inclausos</strong></span> <span class='ocrx_word' id='word_1_679' title='bbox 2746 4907 2910 4968; x_wconf 88' lang='lat' dir='ltr'><strong>atque</strong></span> <span class='ocrx_word' id='word_1_680' title='bbox 2941 4896 3194 4961; x_wconf 89' lang='lat' dir='ltr'><strong>cionitas,</strong></span> <span class='ocrx_word' id='word_1_681' title='bbox 3219 4896 3313 4966; x_wconf 88' lang='lat' dir='ltr'><strong>qui</strong></span> <span class='ocrx_word' id='word_1_682' title='bbox 3341 4897 3454 4950; x_wconf 91' lang='lat' dir='ltr'><strong>Deo</strong></span> <span class='ocrx_word' id='word_1_683' title='bbox 3475 4895 3620 4949; x_wconf 82' lang='lat' dir='ltr'><strong>bene</strong></span> 
     </span>
    </p>
   </div>
   <div class='ocr_carea' id='block_1_105' title="bbox 2035 4985 3620 5066">
    <p class='ocr_par' dir='ltr' id='par_1_105' title="bbox 2035 4985 3620 5066">
     <span class='ocr_line' id='line_1_105' title="bbox 2035 4985 3620 5066; baseline -0.004 -19"><span class='ocrx_word' id='word_1_684' title='bbox 2035 4995 2256 5066; x_wconf 72' lang='lat' dir='ltr'><strong>placere</strong></span> <span class='ocrx_word' id='word_1_685' title='bbox 2303 4991 2698 5056; x_wconf 88' lang='lat' dir='ltr'><strong>noscebantur,</strong></span> <span class='ocrx_word' id='word_1_686' title='bbox 2739 4991 2844 5045; x_wconf 91' lang='lat' dir='ltr'><strong>sub</strong></span> <span class='ocrx_word' id='word_1_687' title='bbox 2891 4990 3118 5047; x_wconf 90' lang='lat' dir='ltr'><strong>tributis</strong></span> <span class='ocrx_word' id='word_1_688' title='bbox 3172 4988 3471 5060; x_wconf 86' lang='lat' dir='ltr'><strong>redigeret.</strong></span> <span class='ocrx_word' id='word_1_689' title='bbox 3529 4985 3620 5041; x_wconf 86' lang='lat' dir='ltr'><strong>Si-</strong></span> 
     </span>
    </p>
   </div>
   <div class='ocr_carea' id='block_1_106' title="bbox 1990 5073 3619 5156">
    <p class='ocr_par' dir='ltr' id='par_1_106' title="bbox 1990 5073 3619 5156">
     <span class='ocr_line' id='line_1_106' title="bbox 1990 5073 3619 5156; baseline -0.007 -17"><span class='ocrx_word' id='word_1_690' title='bbox 1990 5146 1996 5153; x_wconf 86' lang='lat'><em>_</em></span> <span class='ocrx_word' id='word_1_691' title='bbox 2037 5083 2226 5156; x_wconf 82' lang='lat' dir='ltr'><strong>gnavit</strong></span> <span class='ocrx_word' id='word_1_692' title='bbox 2267 5090 2452 5138; x_wconf 88' lang='lat' dir='ltr'><strong>autem</strong></span> <span class='ocrx_word' id='word_1_693' title='bbox 2479 5079 2842 5137; x_wconf 90' lang='lat' dir='ltr'><strong>ecclesiarum</strong></span> <span class='ocrx_word' id='word_1_694' title='bbox 2878 5079 3267 5144; x_wconf 83' lang='lat' dir='ltr'><strong>cimiliarchia,</strong></span> <span class='ocrx_word' id='word_1_695' title='bbox 3316 5085 3377 5133; x_wconf 91' lang='lat' dir='ltr'><strong>et</strong></span> <span class='ocrx_word' id='word_1_696' title='bbox 3425 5073 3619 5132; x_wconf 84' lang='lat' dir='ltr'><strong>eduxit</strong></span> 
     </span>
    </p>
   </div>
   <div class='ocr_carea' id='block_1_107' title="bbox 2037 5167 3617 5238">
    <p class='ocr_par' dir='ltr' id='par_1_107' title="bbox 2037 5167 3617 5238">
     <span class='ocr_line' id='line_1_107' title="bbox 2037 5167 3617 5238; baseline -0.008 -6"><span class='ocrx_word' id='word_1_697' title='bbox 2037 5177 2300 5232; x_wconf 81' lang='lat' dir='ltr'><strong>Hebraeos</strong></span> <span class='ocrx_word' id='word_1_698' title='bbox 2312 5173 2382 5229; x_wconf 87' lang='lat' dir='ltr'><strong>ad</strong></span> <span class='ocrx_word' id='word_1_699' title='bbox 2404 5172 2834 5231; x_wconf 84' lang='lat' dir='ltr'><strong>venundandum</strong></span> <span class='ocrx_word' id='word_1_700' title='bbox 2855 5171 2967 5237; x_wconf 89' lang='lat' dir='ltr'><strong>illa,</strong></span> <span class='ocrx_word' id='word_1_701' title='bbox 2980 5179 3036 5226; x_wconf 87' lang='lat' dir='ltr'><strong>et</strong></span> <span class='ocrx_word' id='word_1_702' title='bbox 3057 5179 3314 5227; x_wconf 89' lang='lat' dir='ltr'><strong>emerunt</strong></span> <span class='ocrx_word' id='word_1_703' title='bbox 3329 5184 3392 5225; x_wconf 90' lang='lat' dir='ltr'><strong>ea</strong></span> <span class='ocrx_word' id='word_1_704' title='bbox 3409 5167 3617 5238; x_wconf 79' lang='lat' dir='ltr'><strong>liberti.</strong></span> 
     </span>
    </p>
   </div>
   <div class='ocr_carea' id='block_1_108' title="bbox 2107 5257 3619 5335">
    <p class='ocr_par' dir='ltr' id='par_1_108' title="bbox 2107 5257 3619 5335">
     <span class='ocr_line' id='line_1_108' title="bbox 2107 5257 3619 5335; baseline -0.008 -13"><span class='ocrx_word' id='word_1_705' title='bbox 2107 5267 2267 5323; x_wconf 87' lang='lat' dir='ltr'><strong>Anno</strong></span> <span class='ocrx_word' id='word_1_706' title='bbox 2326 5263 2547 5335; x_wconf 90' lang='lat' dir='ltr'><strong>imperii</strong></span> <span class='ocrx_word' id='word_1_707' title='bbox 2601 5264 2690 5319; x_wconf 91' lang='lat' dir='ltr'><strong>sui</strong></span> <span class='ocrx_word' id='word_1_708' title='bbox 2737 5262 2805 5319; x_wconf 84' lang='grc'><strong>18</strong></span> <span class='ocrx_word' id='word_1_709' title='bbox 2858 5261 3263 5319; x_wconf 81' lang='lat' dir='ltr'><strong>Constantinus</strong></span> <span class='ocrx_word' id='word_1_710' title='bbox 3315 5257 3619 5314; x_wconf 83' lang='lat' dir='ltr'><strong>Sclavinias</strong></span> 
     </span>
    </p>
   </div>
   <div class='ocr_carea' id='block_1_109' title="bbox 2035 5350 3620 5431">
    <p class='ocr_par' dir='ltr' id='par_1_109' title="bbox 2035 5350 3620 5431">
     <span class='ocr_line' id='line_1_109' title="bbox 2035 5350 3620 5431; baseline -0.008 -17"><span class='ocrx_word' id='word_1_711' title='bbox 2035 5375 2207 5431; x_wconf 83' lang='lat' dir='ltr'><strong>penes</strong></span> <span class='ocrx_word' id='word_1_712' title='bbox 2257 5356 2638 5414; x_wconf 86' lang='lat' dir='ltr'><strong>Macedoniam</strong></span> <span class='ocrx_word' id='word_1_713' title='bbox 2687 5354 2897 5427; x_wconf 91' lang='lat' dir='ltr'><strong>positas</strong></span> <span class='ocrx_word' id='word_1_714' title='bbox 2923 5353 3222 5424; x_wconf 89' lang='lat' dir='ltr'><strong>captivavit</strong></span> <span class='ocrx_word' id='word_1_715' title='bbox 3266 5360 3324 5406; x_wconf 89' lang='lat' dir='ltr'><strong>et</strong></span> <span class='ocrx_word' id='word_1_716' title='bbox 3373 5350 3620 5419; x_wconf 82' lang='lat' dir='ltr'><strong>reliquos</strong></span> 
     </span>
    </p>
   </div>
   <div class='ocr_carea' id='block_1_110' title="bbox 2035 5445 3618 5527">
    <p class='ocr_par' dir='ltr' id='par_1_110' title="bbox 2035 5445 3618 5527">
     <span class='ocr_line' id='line_1_110' title="bbox 2035 5445 3618 5527; baseline -0.009 -16"><span class='ocrx_word' id='word_1_717' title='bbox 2035 5453 2369 5527; x_wconf 87' lang='lat' dir='ltr'><strong>subjugavit.</strong></span> <span class='ocrx_word' id='word_1_718' title='bbox 2420 5451 2629 5507; x_wconf 83' lang='lat' dir='ltr'><strong>Eodem</strong></span> <span class='ocrx_word' id='word_1_719' title='bbox 2672 5465 2805 5506; x_wconf 88' lang='lat' dir='ltr'><strong>vero</strong></span> <span class='ocrx_word' id='word_1_720' title='bbox 2839 5465 2984 5505; x_wconf 90' lang='lat' dir='ltr'><strong>anno</strong></span> <span class='ocrx_word' id='word_1_721' title='bbox 3029 5447 3253 5519; x_wconf 86' lang='lat' dir='ltr'><strong>quidam</strong></span> <span class='ocrx_word' id='word_1_722' title='bbox 3283 5463 3351 5502; x_wconf 88' lang='lat' dir='ltr'><strong>ex</strong></span> <span class='ocrx_word' id='word_1_723' title='bbox 3395 5445 3618 5500; x_wconf 83' lang='lat' dir='ltr'><strong>Mauro-</strong></span> 
     </span>
    </p>
   </div>
   <div class='ocr_carea' id='block_1_111' title="bbox 1878 5590 2110 5653">
    <p class='ocr_par' dir='ltr' id='par_1_111' title="bbox 1878 5590 2110 5653">
     <span class='ocr_line' id='line_1_111' title="bbox 1878 5590 2110 5653; baseline 0.03 -7"><span class='ocrx_word' id='word_1_724' title='bbox 1878 5590 2110 5653; x_wconf 62' lang='lat' dir='ltr'><strong>NOTE.</strong></span> 
     </span>
    </p>
   </div>
   <div class='ocr_carea' id='block_1_112' title="bbox 420 5678 1920 5760">
    <p class='ocr_par' dir='ltr' id='par_1_112' title="bbox 420 5678 1920 5760">
     <span class='ocr_line' id='line_1_112' title="bbox 420 5678 1920 5760; baseline -0.002 -18"><span class='ocrx_word' id='word_1_725' title='bbox 420 5685 533 5760; x_wconf 77' lang='lat'><strong>(80)</strong></span> <span class='ocrx_word' id='word_1_726' title='bbox 575 5684 890 5760; x_wconf 66' lang='lat' dir='ltr'><strong>Derogatus,</strong></span> <span class='ocrx_word' id='word_1_727' title='bbox 912 5678 1239 5760; x_wconf 59' lang='grc' dir='ltr'><strong>διᾳβληθέξς.</strong></span> <span class='ocrx_word' id='word_1_728' title='bbox 1269 5683 1411 5760; x_wconf 74' lang='lat' dir='ltr'><strong>Hist.</strong></span> <span class='ocrx_word' id='word_1_729' title='bbox 1451 5682 1579 5760; x_wconf 78' lang='lat' dir='ltr'><strong>trip.</strong></span> <span class='ocrx_word' id='word_1_730' title='bbox 1605 5683 1675 5760; x_wconf 61' lang='grc'><strong>52</strong></span> <span class='ocrx_word' id='word_1_731' title='bbox 1703 5701 1717 5738; x_wconf 87' lang='lat'><strong>:</strong></span> <span class='ocrx_word' id='word_1_732' title='bbox 1748 5703 1766 5736; x_wconf 76' lang='grc' dir='ltr'>ι</span> <span class='ocrx_word' id='word_1_733' title='bbox 1797 5699 1920 5741; x_wconf 87' lang='lat' dir='ltr'><strong>cre-</strong></span> 
     </span>
    </p>
   </div>
   <div class='ocr_carea' id='block_1_113' title="bbox 350 5754 1917 5827">
    <p class='ocr_par' dir='ltr' id='par_1_113' title="bbox 350 5754 1917 5827">
     <span class='ocr_line' id='line_1_113' title="bbox 350 5754 1917 5827; baseline -0.002 -12"><span class='ocrx_word' id='word_1_734' title='bbox 350 5754 487 5815; x_wconf 82' lang='lat' dir='ltr'><strong>dens</strong></span> <span class='ocrx_word' id='word_1_735' title='bbox 503 5754 953 5827; x_wconf 78' lang='lat' dir='ltr'><strong>derogationibus</strong></span> <span class='ocrx_word' id='word_1_736' title='bbox 968 5756 1074 5811; x_wconf 89' lang='lat' dir='ltr'><strong>his.</strong></span> <span class='ocrx_word' id='word_1_737' title='bbox 1094 5754 1115 5827; x_wconf 60' lang='grc'><strong>⁷»</strong></span> <span class='ocrx_word' id='word_1_738' title='bbox 1139 5755 1280 5827; x_wconf 85' lang='lat' dir='ltr'><strong>Non.</strong></span> <span class='ocrx_word' id='word_1_739' title='bbox 1299 5754 1917 5827; x_wconf 75' lang='lat' dir='ltr'><strong>detrahere,_d_erogare.</strong></span> 
     </span>
    </p>
   </div>
   <div class='ocr_carea' id='block_1_114' title="bbox 349 5823 1923 5896">
    <p class='ocr_par' dir='ltr' id='par_1_114' title="bbox 349 5823 1923 5896">
     <span class='ocr_line' id='line_1_114' title="bbox 349 5823 1923 5896; baseline -0.003 -9"><span class='ocrx_word' id='word_1_740' title='bbox 349 5829 554 5887; x_wconf 61' lang='lat' dir='ltr'><strong>Gloss:</strong></span> <span class='ocrx_word' id='word_1_741' title='bbox 575 5823 821 5884; x_wconf 70' lang='lat' dir='ltr'><strong>Dosithei</strong></span> <span class='ocrx_word' id='word_1_742' title='bbox 862 5826 1147 5885; x_wconf 64' lang='lat' dir='ltr'><strong>maeistri:</strong></span> <span class='ocrx_word' id='word_1_743' title='bbox 1185 5826 1430 5896; x_wconf 68' lang='lat' dir='ltr'><strong>derogat,</strong></span> <span class='ocrx_word' id='word_1_744' title='bbox 1457 5823 1718 5893; x_wconf 86' lang='lat' dir='ltr'><strong>detrahit,</strong></span> <span class='ocrx_word' id='word_1_745' title='bbox 1767 5823 1923 5884; x_wconf 82' lang='lat' dir='ltr'><strong>oblo-</strong></span> 
     </span>
    </p>
   </div>
   <div class='ocr_carea' id='block_1_115' title="bbox 1999 5677 3615 5761">
    <p class='ocr_par' dir='ltr' id='par_1_115' title="bbox 1999 5677 3615 5761">
     <span class='ocr_line' id='line_1_115' title="bbox 1999 5677 3615 5761; baseline -0.009 -15"><span class='ocrx_word' id='word_1_746' title='bbox 1999 5689 2234 5761; x_wconf 92' lang='lat' dir='ltr'><strong>_quitur.</strong></span> <span class='ocrx_word' id='word_1_747' title='bbox 2265 5685 2549 5761; x_wconf 75' lang='lat' dir='ltr'><strong>Gon‘ridus</strong></span> <span class='ocrx_word' id='word_1_748' title='bbox 2573 5684 2744 5761; x_wconf 73' lang='lat' dir='ltr'><strong>abbas</strong></span> <span class='ocrx_word' id='word_1_749' title='bbox 2780 5681 3010 5761; x_wconf 75' lang='lat' dir='ltr'><strong>Vindoe.</strong></span> <span class='ocrx_word' id='word_1_750' title='bbox 3037 5680 3205 5761; x_wconf 67' lang='lat' dir='ltr'><strong>epist.</strong></span> <span class='ocrx_word' id='word_1_751' title='bbox 3233 5677 3385 5761; x_wconf 49' lang='lat'><strong>&quot;&quot;29</strong></span> <span class='ocrx_word' id='word_1_752' title='bbox 3413 5693 3426 5729; x_wconf 93' lang='lat'><strong>:</strong></span> <span class='ocrx_word' id='word_1_753' title='bbox 3459 5695 3476 5727; x_wconf 86' lang='grc'>‹</span> <span class='ocrx_word' id='word_1_754' title='bbox 3504 5689 3615 5731; x_wconf 81' lang='lat' dir='ltr'><strong>nec</strong></span> 
     </span>
    </p>
   </div>
   <div class='ocr_carea' id='block_1_116' title="bbox 2003 5748 3491 5833">
    <p class='ocr_par' dir='ltr' id='par_1_116' title="bbox 2003 5748 3491 5833">
     <span class='ocr_line' id='line_1_116' title="bbox 2003 5748 3491 5833; baseline -0.014 -13"><span class='ocrx_word' id='word_1_755' title='bbox 2003 5748 2276 5833; x_wconf 73' lang='grc' dir='ltr'><strong>ςροηιίιιρί</strong></span> <span class='ocrx_word' id='word_1_756' title='bbox 2305 5760 2451 5816; x_wconf 88' lang='lat' dir='ltr'><strong>sicut</strong></span> <span class='ocrx_word' id='word_1_757' title='bbox 2484 5755 2652 5814; x_wconf 83' lang='lat' dir='ltr'><strong>Maria</strong></span> <span class='ocrx_word' id='word_1_758' title='bbox 2685 5752 2854 5826; x_wconf 66' lang='lat' dir='ltr'><strong>Moysi</strong></span> <span class='ocrx_word' id='word_1_759' title='bbox 2884 5748 3232 5823; x_wconf 70' lang='lat' dir='ltr'><strong>derogarent.</strong></span> <span class='ocrx_word' id='word_1_760' title='bbox 3267 5748 3428 5803; x_wconf 65' lang='lat' dir='ltr'><strong>Fami.</strong></span> <span class='ocrx_word' id='word_1_761' title='bbox 3470 5765 3491 5798; x_wconf 72' lang='grc' dir='ltr'><strong><em>ι</em></strong></span> 
     </span>
    </p>
   </div>
  </div>
