  <div class='ocr_page' id='page_1' title='image "/cluster/home/n/w/nwhite01/storage/ocr_20150623/108/mdp.39015037042556/697.png"; bbox 0 0 4050 6308; ppageno 0'>
   <div class='ocr_carea' id='block_1_1' title="bbox 378 285 518 354">
    <p class='ocr_par' dir='ltr' id='par_1_1' title="bbox 378 285 518 354">
     <span class='ocr_line' id='line_1_1' title="bbox 378 285 518 354; baseline 0.014 -2"><span class='ocrx_word' id='word_1_1' title='bbox 378 285 518 354; x_wconf 77' lang='lat'><strong>1379</strong></span> 
     </span>
    </p>
   </div>
   <div class='ocr_carea' id='block_1_2' title="bbox 1437 264 2504 339">
    <p class='ocr_par' dir='ltr' id='par_1_2' title="bbox 1437 264 2504 339">
     <span class='ocr_line' id='line_1_2' title="bbox 1437 264 2504 339; baseline -0.007 0"><span class='ocrx_word' id='word_1_2' title='bbox 1437 270 1835 339; x_wconf 74' lang='lat' dir='ltr'><strong>ANASTASII</strong></span> <span class='ocrx_word' id='word_1_3' title='bbox 1875 264 2504 338; x_wconf 74' lang='lat' dir='ltr'><strong>BIBLIOTHECARII</strong></span> 
     </span>
    </p>
   </div>
   <div class='ocr_carea' id='block_1_3' title="bbox 3515 256 3654 322">
    <p class='ocr_par' dir='ltr' id='par_1_3' title="bbox 3515 256 3654 322">
     <span class='ocr_line' id='line_1_3' title="bbox 3515 256 3654 322; baseline -0.007 0"><span class='ocrx_word' id='word_1_4' title='bbox 3515 256 3654 322; x_wconf 82' lang='lat'><strong>1380</strong></span> 
     </span>
    </p>
   </div>
   <div class='ocr_carea' id='block_1_4' title="bbox 377 387 2009 470">
    <p class='ocr_par' dir='ltr' id='par_1_4' title="bbox 377 387 2009 470">
     <span class='ocr_line' id='line_1_4' title="bbox 377 387 2009 470; baseline -0.01 -13"><span class='ocrx_word' id='word_1_5' title='bbox 377 401 571 470; x_wconf 88' lang='lat' dir='ltr'><strong>phoris</strong></span> <span class='ocrx_word' id='word_1_6' title='bbox 611 396 816 460; x_wconf 79' lang='lat' dir='ltr'><strong>Persis,</strong></span> <span class='ocrx_word' id='word_1_7' title='bbox 856 407 982 450; x_wconf 90' lang='lat' dir='ltr'><strong>cum</strong></span> <span class='ocrx_word' id='word_1_8' title='bbox 1027 390 1251 463; x_wconf 80' lang='lat' dir='ltr'><strong>magicae</strong></span> <span class='ocrx_word' id='word_1_9' title='bbox 1296 390 1583 461; x_wconf 79' lang='lat' dir='ltr'><strong>religionis</strong></span> <span class='ocrx_word' id='word_1_10' title='bbox 1610 399 1818 454; x_wconf 83' lang='lat' dir='ltr'><strong>essent,</strong></span> <span class='ocrx_word' id='word_1_11' title='bbox 1864 387 1961 442; x_wconf 93' lang='lat' dir='ltr'><strong>de-</strong></span> <span class='ocrx_word' id='word_1_12' title='bbox 1993 394 2009 447; x_wconf 66' lang='grc' dir='ltr'><em>Λ</em></span> 
     </span>
    </p>
   </div>
   <div class='ocr_carea' id='block_1_5' title="bbox 2114 387 3656 470">
    <p class='ocr_par' dir='ltr' id='par_1_5' title="bbox 2114 389 3656 466">
     <span class='ocr_line' id='line_1_5' title="bbox 2114 389 3656 466; baseline -0.007 -4"><span class='ocrx_word' id='word_1_13' title='bbox 2114 409 2329 465; x_wconf 81' lang='lat' dir='ltr'><strong>mlieres</strong></span> <span class='ocrx_word' id='word_1_14' title='bbox 2364 426 2377 463; x_wconf 93' lang='lat'><strong>:</strong></span> <span class='ocrx_word' id='word_1_15' title='bbox 2414 415 2733 462; x_wconf 87' lang='lat' dir='ltr'><strong>manserant</strong></span> <span class='ocrx_word' id='word_1_16' title='bbox 2765 405 2914 460; x_wconf 90' lang='lat' dir='ltr'><strong>enim</strong></span> <span class='ocrx_word' id='word_1_17' title='bbox 2953 419 3021 459; x_wconf 86' lang='lat' dir='ltr'><strong>ex</strong></span> <span class='ocrx_word' id='word_1_18' title='bbox 3056 402 3138 458; x_wconf 89' lang='lat' dir='ltr'><strong>eis</strong></span> <span class='ocrx_word' id='word_1_19' title='bbox 3167 401 3222 456; x_wconf 88' lang='lat' dir='ltr'><strong>in</strong></span> <span class='ocrx_word' id='word_1_20' title='bbox 3259 394 3426 455; x_wconf 87' lang='lat' dir='ltr'><strong>domo</strong></span> <span class='ocrx_word' id='word_1_21' title='bbox 3460 389 3656 466; x_wconf 84' lang='lat' dir='ltr'><strong>inqua</strong></span> 
     </span>
    </p>
   </div>
   <div class='ocr_carea' id='block_1_6' title="bbox 379 481 1966 561">
    <p class='ocr_par' dir='ltr' id='par_1_6' title="bbox 379 481 1966 561">
     <span class='ocr_line' id='line_1_6' title="bbox 379 481 1966 561; baseline -0.008 -14"><span class='ocrx_word' id='word_1_22' title='bbox 379 491 637 561; x_wconf 73' lang='lat' dir='ltr'><strong>captione</strong></span> <span class='ocrx_word' id='word_1_23' title='bbox 667 487 880 544; x_wconf 90' lang='lat' dir='ltr'><strong>detenti</strong></span> <span class='ocrx_word' id='word_1_24' title='bbox 913 485 1142 548; x_wconf 88' lang='lat' dir='ltr'><strong>diaboli,</strong></span> <span class='ocrx_word' id='word_1_25' title='bbox 1169 483 1482 538; x_wconf 77' lang='lat' dir='ltr'><strong>venundata</strong></span> <span class='ocrx_word' id='word_1_26' title='bbox 1514 481 1822 537; x_wconf 77' lang='lat' dir='ltr'><strong>substantia</strong></span> <span class='ocrx_word' id='word_1_27' title='bbox 1867 496 1966 536; x_wconf 82' lang='lat' dir='ltr'><strong>sua</strong></span> 
     </span>
    </p>
   </div>
   <div class='ocr_carea' id='block_1_7' title="bbox 380 576 1968 654">
    <p class='ocr_par' dir='ltr' id='par_1_7' title="bbox 380 576 1968 654">
     <span class='ocr_line' id='line_1_7' title="bbox 380 576 1968 654; baseline -0.008 -14"><span class='ocrx_word' id='word_1_28' title='bbox 380 585 514 640; x_wconf 89' lang='lat' dir='ltr'><strong>nudi</strong></span> <span class='ocrx_word' id='word_1_29' title='bbox 557 598 723 654; x_wconf 85' lang='lat' dir='ltr'><strong>supra</strong></span> <span class='ocrx_word' id='word_1_30' title='bbox 755 595 942 636; x_wconf 92' lang='lat' dir='ltr'><strong>muros</strong></span> <span class='ocrx_word' id='word_1_31' title='bbox 973 578 1334 633; x_wconf 80' lang='lat' dir='ltr'><strong>ascendentes</strong></span> <span class='ocrx_word' id='word_1_32' title='bbox 1354 576 1721 647; x_wconf 85' lang='lat' dir='ltr'><strong>projiciebant</strong></span> <span class='ocrx_word' id='word_1_33' title='bbox 1761 581 1968 629; x_wconf 80' lang='lat' dir='ltr'><strong>semet-</strong></span> 
     </span>
    </p>
   </div>
   <div class='ocr_carea' id='block_1_8' title="bbox 382 665 1970 749">
    <p class='ocr_par' dir='ltr' id='par_1_8' title="bbox 382 665 1970 749">
     <span class='ocr_line' id='line_1_8' title="bbox 382 665 1970 749; baseline -0.008 -16"><span class='ocrx_word' id='word_1_34' title='bbox 382 678 553 749; x_wconf 85' lang='lat' dir='ltr'><strong>ipsos,</strong></span> <span class='ocrx_word' id='word_1_35' title='bbox 583 675 657 731; x_wconf 86' lang='lat' dir='ltr'><strong>ita</strong></span> <span class='ocrx_word' id='word_1_36' title='bbox 685 683 744 729; x_wconf 87' lang='lat' dir='ltr'><strong>ut</strong></span> <span class='ocrx_word' id='word_1_37' title='bbox 776 690 833 730; x_wconf 89' lang='lat' dir='ltr'><strong>se</strong></span> <span class='ocrx_word' id='word_1_38' title='bbox 861 673 1044 728; x_wconf 86' lang='lat' dir='ltr'><strong>volare</strong></span> <span class='ocrx_word' id='word_1_39' title='bbox 1081 672 1134 726; x_wconf 88' lang='lat' dir='ltr'><strong>in</strong></span> <span class='ocrx_word' id='word_1_40' title='bbox 1177 670 1376 726; x_wconf 66' lang='lat' dir='ltr'><strong>caelum</strong></span> <span class='ocrx_word' id='word_1_41' title='bbox 1401 669 1842 733; x_wconf 76' lang='lat' dir='ltr'><strong>arbitraremur;</strong></span> <span class='ocrx_word' id='word_1_42' title='bbox 1874 665 1970 736; x_wconf 89' lang='lat' dir='ltr'><strong>qui</strong></span> 
     </span>
    </p>
   </div>
   <div class='ocr_carea' id='block_1_9' title="bbox 382 761 1972 837">
    <p class='ocr_par' dir='ltr' id='par_1_9' title="bbox 382 761 1972 837">
     <span class='ocr_line' id='line_1_9' title="bbox 382 761 1972 837; baseline -0.008 -10"><span class='ocrx_word' id='word_1_43' title='bbox 382 771 522 827; x_wconf 86' lang='lat' dir='ltr'><strong>nihil</strong></span> <span class='ocrx_word' id='word_1_44' title='bbox 569 769 786 827; x_wconf 82' lang='lat' dir='ltr'><strong>ratione</strong></span> <span class='ocrx_word' id='word_1_45' title='bbox 837 767 1063 837; x_wconf 81' lang='lat' dir='ltr'><strong>dignum</strong></span> <span class='ocrx_word' id='word_1_46' title='bbox 1111 765 1277 818; x_wconf 84' lang='lat' dir='ltr'><strong>sortis</strong></span> <span class='ocrx_word' id='word_1_47' title='bbox 1306 763 1455 818; x_wconf 89' lang='lat' dir='ltr'><strong>illius</strong></span> <span class='ocrx_word' id='word_1_48' title='bbox 1497 761 1786 825; x_wconf 82' lang='lat' dir='ltr'><strong>habentes,</strong></span> <span class='ocrx_word' id='word_1_49' title='bbox 1817 770 1972 815; x_wconf 90' lang='lat' dir='ltr'><strong>artus</strong></span> 
     </span>
    </p>
   </div>
   <div class='ocr_carea' id='block_1_10' title="bbox 380 855 1970 923">
    <p class='ocr_par' dir='ltr' id='par_1_10' title="bbox 380 855 1970 923">
     <span class='ocr_line' id='line_1_10' title="bbox 380 855 1970 923; baseline -0.007 -4"><span class='ocrx_word' id='word_1_50' title='bbox 380 864 749 920; x_wconf 82' lang='lat' dir='ltr'><strong>conterebant</strong></span> <span class='ocrx_word' id='word_1_51' title='bbox 790 861 858 915; x_wconf 91' lang='lat' dir='ltr'><strong>ad</strong></span> <span class='ocrx_word' id='word_1_52' title='bbox 923 859 1030 914; x_wconf 91' lang='lat' dir='ltr'><strong>ima</strong></span> <span class='ocrx_word' id='word_1_53' title='bbox 1070 857 1332 913; x_wconf 91' lang='lat' dir='ltr'><strong>demersi.</strong></span> <span class='ocrx_word' id='word_1_54' title='bbox 1364 855 1610 923; x_wconf 83' lang='lat' dir='ltr'><strong>Quorum</strong></span> <span class='ocrx_word' id='word_1_55' title='bbox 1669 855 1970 920; x_wconf 79' lang='lat' dir='ltr'><strong>sexdecim,</strong></span> 
     </span>
    </p>
   </div>
   <div class='ocr_carea' id='block_1_11' title="bbox 381 947 1974 1024">
    <p class='ocr_par' dir='ltr' id='par_1_11' title="bbox 381 947 1974 1024">
     <span class='ocr_line' id='line_1_11' title="bbox 381 947 1974 1024; baseline -0.007 -11"><span class='ocrx_word' id='word_1_56' title='bbox 381 972 482 1014; x_wconf 88' lang='lat' dir='ltr'><strong>eos</strong></span> <span class='ocrx_word' id='word_1_57' title='bbox 514 956 800 1012; x_wconf 76' lang='lat' dir='ltr'><strong>dumtaxat</strong></span> <span class='ocrx_word' id='word_1_58' title='bbox 831 952 924 1024; x_wconf 87' lang='lat' dir='ltr'><strong>qui</strong></span> <span class='ocrx_word' id='word_1_59' title='bbox 970 953 1023 1006; x_wconf 92' lang='lat' dir='ltr'><strong>in</strong></span> <span class='ocrx_word' id='word_1_60' title='bbox 1061 965 1250 1005; x_wconf 90' lang='lat' dir='ltr'><strong>errore</strong></span> <span class='ocrx_word' id='word_1_61' title='bbox 1283 948 1699 1019; x_wconf 70' lang='lat' dir='ltr'><strong>przeminehant,</strong></span> <span class='ocrx_word' id='word_1_62' title='bbox 1733 947 1974 1002; x_wconf 79' lang='lat' dir='ltr'><strong>Abdelas</strong></span> 
     </span>
    </p>
   </div>
   <div class='ocr_carea' id='block_1_12' title="bbox 388 1039 1699 1121">
    <p class='ocr_par' dir='ltr' id='par_1_12' title="bbox 388 1039 1699 1121">
     <span class='ocr_line' id='line_1_12' title="bbox 388 1039 1699 1121; baseline -0.011 -15"><span class='ocrx_word' id='word_1_63' title='bbox 388 1066 488 1121; x_wconf 87' lang='lat' dir='ltr'><strong>per</strong></span> <span class='ocrx_word' id='word_1_64' title='bbox 512 1049 681 1105; x_wconf 86' lang='lat' dir='ltr'><strong>Salim</strong></span> <span class='ocrx_word' id='word_1_65' title='bbox 714 1045 992 1102; x_wconf 81' lang='lat' dir='ltr'><strong>interfecit</strong></span> <span class='ocrx_word' id='word_1_66' title='bbox 1015 1045 1068 1098; x_wconf 91' lang='lat' dir='ltr'><strong>in</strong></span> <span class='ocrx_word' id='word_1_67' title='bbox 1101 1042 1294 1096; x_wconf 76' lang='lat' dir='ltr'><strong>Berma</strong></span> <span class='ocrx_word' id='word_1_68' title='bbox 1327 1050 1385 1096; x_wconf 90' lang='lat' dir='ltr'><strong>et</strong></span> <span class='ocrx_word' id='word_1_69' title='bbox 1417 1039 1699 1096; x_wconf 90' lang='lat' dir='ltr'><strong>Chalcide.</strong></span> 
     </span>
    </p>
   </div>
   <div class='ocr_carea' id='block_1_13' title="bbox 459 1131 1976 1210">
    <p class='ocr_par' dir='ltr' id='par_1_13' title="bbox 459 1131 1976 1210">
     <span class='ocr_line' id='line_1_13' title="bbox 459 1131 1976 1210; baseline -0.009 -11"><span class='ocrx_word' id='word_1_70' title='bbox 459 1142 619 1198; x_wconf 83' lang='lat' dir='ltr'><strong>Anno</strong></span> <span class='ocrx_word' id='word_1_71' title='bbox 651 1139 869 1210; x_wconf 90' lang='lat' dir='ltr'><strong>imperii</strong></span> <span class='ocrx_word' id='word_1_72' title='bbox 901 1134 1252 1193; x_wconf 85' lang='lat' dir='ltr'><strong>Constantini</strong></span> <span class='ocrx_word' id='word_1_73' title='bbox 1293 1135 1355 1190; x_wconf 86' lang='lat' dir='ltr'><strong>l9</strong></span> <span class='ocrx_word' id='word_1_74' title='bbox 1397 1133 1604 1188; x_wconf 83' lang='lat' dir='ltr'><strong>invidia</strong></span> <span class='ocrx_word' id='word_1_75' title='bbox 1628 1131 1976 1187; x_wconf 88' lang='lat' dir='ltr'><strong>Christianos</strong></span> 
     </span>
    </p>
   </div>
   <div class='ocr_carea' id='block_1_14' title="bbox 394 1225 1976 1308">
    <p class='ocr_par' dir='ltr' id='par_1_14' title="bbox 394 1225 1976 1308">
     <span class='ocr_line' id='line_1_14' title="bbox 394 1225 1976 1308; baseline -0.007 -18"><span class='ocrx_word' id='word_1_76' title='bbox 394 1236 802 1308; x_wconf 88' lang='lat' dir='ltr'><strong>prohibuerunt</strong></span> <span class='ocrx_word' id='word_1_77' title='bbox 850 1231 1059 1287; x_wconf 80' lang='lat' dir='ltr'><strong>Arabes</strong></span> <span class='ocrx_word' id='word_1_78' title='bbox 1093 1242 1122 1280; x_wconf 88' lang='lat' dir='ltr'><strong>a</strong></span> <span class='ocrx_word' id='word_1_79' title='bbox 1181 1227 1420 1298; x_wconf 83' lang='lat' dir='ltr'><strong>publicis</strong></span> <span class='ocrx_word' id='word_1_80' title='bbox 1463 1226 1853 1282; x_wconf 88' lang='lat' dir='ltr'><strong>chartothesiis</strong></span> <span class='ocrx_word' id='word_1_81' title='bbox 1908 1225 1976 1280; x_wconf 90' lang='lat' dir='ltr'><strong>ad</strong></span> 
     </span>
    </p>
   </div>
   <div class='ocr_carea' id='block_1_15' title="bbox 396 1316 1979 1396">
    <p class='ocr_par' dir='ltr' id='par_1_15' title="bbox 396 1316 1979 1396">
     <span class='ocr_line' id='line_1_15' title="bbox 396 1316 1979 1396; baseline -0.006 -12"><span class='ocrx_word' id='word_1_82' title='bbox 396 1329 676 1386; x_wconf 87' lang='lat' dir='ltr'><strong>modicum</strong></span> <span class='ocrx_word' id='word_1_83' title='bbox 705 1335 942 1396; x_wconf 86' lang='lat' dir='ltr'><strong>tempus.</strong></span> <span class='ocrx_word' id='word_1_84' title='bbox 974 1320 1080 1376; x_wconf 85' lang='lat' dir='ltr'><strong>Sed</strong></span> <span class='ocrx_word' id='word_1_85' title='bbox 1108 1335 1301 1375; x_wconf 88' lang='lat' dir='ltr'><strong>rursus</strong></span> <span class='ocrx_word' id='word_1_86' title='bbox 1324 1321 1501 1374; x_wconf 85' lang='lat' dir='ltr'><strong>coacti</strong></span> <span class='ocrx_word' id='word_1_87' title='bbox 1525 1319 1874 1375; x_wconf 84' lang='lat' dir='ltr'><strong>committunt</strong></span> <span class='ocrx_word' id='word_1_88' title='bbox 1899 1316 1979 1374; x_wconf 82' lang='lat' dir='ltr'><strong>eis</strong></span> 
     </span>
    </p>
   </div>
   <div class='ocr_carea' id='block_1_16' title="bbox 392 1412 1979 1489">
    <p class='ocr_par' dir='ltr' id='par_1_16' title="bbox 392 1412 1979 1489">
     <span class='ocr_line' id='line_1_16' title="bbox 392 1412 1979 1489; baseline -0.006 -13"><span class='ocrx_word' id='word_1_89' title='bbox 392 1421 593 1477; x_wconf 87' lang='lat' dir='ltr'><strong>eadem</strong></span> <span class='ocrx_word' id='word_1_90' title='bbox 624 1419 762 1489; x_wconf 83' lang='lat' dir='ltr'><strong>ipsa,</strong></span> <span class='ocrx_word' id='word_1_91' title='bbox 797 1433 864 1472; x_wconf 93' lang='lat' dir='ltr'><strong>eo</strong></span> <span class='ocrx_word' id='word_1_92' title='bbox 887 1413 1038 1487; x_wconf 90' lang='lat' dir='ltr'><strong>quod</strong></span> <span class='ocrx_word' id='word_1_93' title='bbox 1067 1428 1179 1467; x_wconf 89' lang='lat' dir='ltr'><strong>non</strong></span> <span class='ocrx_word' id='word_1_94' title='bbox 1209 1413 1428 1481; x_wconf 87' lang='lat' dir='ltr'><strong>possint</strong></span> <span class='ocrx_word' id='word_1_95' title='bbox 1457 1413 1560 1483; x_wconf 89' lang='lat' dir='ltr'><strong>ipsi</strong></span> <span class='ocrx_word' id='word_1_96' title='bbox 1595 1412 1840 1468; x_wconf 87' lang='lat' dir='ltr'><strong>scribere</strong></span> <span class='ocrx_word' id='word_1_97' title='bbox 1867 1412 1979 1467; x_wconf 90' lang='lat' dir='ltr'><strong>eal-</strong></span> 
     </span>
    </p>
   </div>
   <div class='ocr_carea' id='block_1_17' title="bbox 2071 495 3656 563">
    <p class='ocr_par' dir='ltr' id='par_1_17' title="bbox 2071 495 3656 563">
     <span class='ocr_line' id='line_1_17' title="bbox 2071 495 3656 563; baseline -0.011 -5"><span class='ocrx_word' id='word_1_98' title='bbox 2071 512 2182 559; x_wconf 90' lang='lat' dir='ltr'><strong>tres</strong></span> <span class='ocrx_word' id='word_1_99' title='bbox 2203 503 2402 559; x_wconf 83' lang='lat' dir='ltr'><strong>fratres</strong></span> <span class='ocrx_word' id='word_1_100' title='bbox 2433 500 2753 563; x_wconf 87' lang='lat' dir='ltr'><strong>manebant,</strong></span> <span class='ocrx_word' id='word_1_101' title='bbox 2787 505 2843 552; x_wconf 94' lang='lat' dir='ltr'><strong>et</strong></span> <span class='ocrx_word' id='word_1_102' title='bbox 2872 495 3176 550; x_wconf 89' lang='lat' dir='ltr'><strong>voluerunt</strong></span> <span class='ocrx_word' id='word_1_103' title='bbox 3213 505 3414 546; x_wconf 80' lang='lat' dir='ltr'><strong>uxores</strong></span> <span class='ocrx_word' id='word_1_104' title='bbox 3459 500 3656 543; x_wconf 87' lang='lat' dir='ltr'><strong>eorum</strong></span> 
     </span>
    </p>
   </div>
   <div class='ocr_carea' id='block_1_18' title="bbox 2071 580 3661 668">
    <p class='ocr_par' dir='ltr' id='par_1_18' title="bbox 2071 580 3661 668">
     <span class='ocr_line' id='line_1_18' title="bbox 2071 580 3661 668; baseline -0.013 -15"><span class='ocrx_word' id='word_1_105' title='bbox 2071 597 2129 653; x_wconf 90' lang='lat' dir='ltr'><strong>in</strong></span> <span class='ocrx_word' id='word_1_106' title='bbox 2175 598 2404 668; x_wconf 83' lang='lat' dir='ltr'><strong>pelagus</strong></span> <span class='ocrx_word' id='word_1_107' title='bbox 2447 595 2650 666; x_wconf 79' lang='lat' dir='ltr'><strong>jacere.</strong></span> <span class='ocrx_word' id='word_1_108' title='bbox 2709 590 3009 661; x_wconf 81' lang='lat' dir='ltr'><strong>Surgentes</strong></span> <span class='ocrx_word' id='word_1_109' title='bbox 3057 594 3241 643; x_wconf 89' lang='lat' dir='ltr'><strong>autem</strong></span> <span class='ocrx_word' id='word_1_110' title='bbox 3287 593 3402 647; x_wconf 76' lang='lat' dir='ltr'><strong>tres</strong></span> <span class='ocrx_word' id='word_1_111' title='bbox 3457 580 3661 636; x_wconf 79' lang='lat' dir='ltr'><strong>fratres</strong></span> 
     </span>
    </p>
   </div>
   <div class='ocr_carea' id='block_1_19' title="bbox 2075 672 3661 746">
    <p class='ocr_par' dir='ltr' id='par_1_19' title="bbox 2075 672 3661 746">
     <span class='ocr_line' id='line_1_19' title="bbox 2075 672 3661 746; baseline -0.013 1"><span class='ocrx_word' id='word_1_112' title='bbox 2075 690 2405 746; x_wconf 84' lang='lat' dir='ltr'><strong>occiderunt</strong></span> <span class='ocrx_word' id='word_1_113' title='bbox 2457 697 2515 742; x_wconf 92' lang='lat' dir='ltr'><strong>et</strong></span> <span class='ocrx_word' id='word_1_114' title='bbox 2559 685 2872 742; x_wconf 85' lang='lat' dir='ltr'><strong>obruerunt</strong></span> <span class='ocrx_word' id='word_1_115' title='bbox 2908 679 3050 745; x_wconf 90' lang='lat' dir='ltr'><strong>illos,</strong></span> <span class='ocrx_word' id='word_1_116' title='bbox 3095 677 3192 735; x_wconf 88' lang='lat' dir='ltr'><strong>sed</strong></span> <span class='ocrx_word' id='word_1_117' title='bbox 3239 685 3297 733; x_wconf 92' lang='lat' dir='ltr'><strong>et</strong></span> <span class='ocrx_word' id='word_1_118' title='bbox 3346 672 3661 735; x_wconf 81' lang='lat' dir='ltr'><strong>coacervati</strong></span> 
     </span>
    </p>
   </div>
   <div class='ocr_carea' id='block_1_20' title="bbox 2073 761 3665 848">
    <p class='ocr_par' dir='ltr' id='par_1_20' title="bbox 2073 761 3665 848">
     <span class='ocr_line' id='line_1_20' title="bbox 2073 761 3665 848; baseline -0.011 -10"><span class='ocrx_word' id='word_1_119' title='bbox 2073 782 2395 838; x_wconf 88' lang='lat' dir='ltr'><strong>occiderunt</strong></span> <span class='ocrx_word' id='word_1_120' title='bbox 2413 777 2581 835; x_wconf 89' lang='lat' dir='ltr'><strong>etiam</strong></span> <span class='ocrx_word' id='word_1_121' title='bbox 2616 777 2878 848; x_wconf 88' lang='lat' dir='ltr'><strong>reliquos.</strong></span> <span class='ocrx_word' id='word_1_122' title='bbox 2905 771 3115 830; x_wconf 87' lang='lat' dir='ltr'><strong>Etcum</strong></span> <span class='ocrx_word' id='word_1_123' title='bbox 3139 761 3384 828; x_wconf 86' lang='lat' dir='ltr'><strong>misisset</strong></span> <span class='ocrx_word' id='word_1_124' title='bbox 3406 761 3665 825; x_wconf 82' lang='lat' dir='ltr'><strong>Selichus</strong></span> 
     </span>
    </p>
   </div>
   <div class='ocr_carea' id='block_1_21' title="bbox 2074 865 3664 938">
    <p class='ocr_par' dir='ltr' id='par_1_21' title="bbox 2074 865 3664 938">
     <span class='ocr_line' id='line_1_21' title="bbox 2074 865 3664 938; baseline -0.008 -8"><span class='ocrx_word' id='word_1_125' title='bbox 2074 875 2322 938; x_wconf 87' lang='lat' dir='ltr'><strong>militias,</strong></span> <span class='ocrx_word' id='word_1_126' title='bbox 2370 873 2755 929; x_wconf 86' lang='lat' dir='ltr'><strong>fraudulenter</strong></span> <span class='ocrx_word' id='word_1_127' title='bbox 2785 883 2988 925; x_wconf 84' lang='lat' dir='ltr'><strong>venere</strong></span> <span class='ocrx_word' id='word_1_128' title='bbox 3019 882 3187 938; x_wconf 87' lang='lat' dir='ltr'><strong>super</strong></span> <span class='ocrx_word' id='word_1_129' title='bbox 3232 865 3378 930; x_wconf 90' lang='lat' dir='ltr'><strong>illos,</strong></span> <span class='ocrx_word' id='word_1_130' title='bbox 3412 871 3472 918; x_wconf 92' lang='lat' dir='ltr'><strong>et</strong></span> <span class='ocrx_word' id='word_1_131' title='bbox 3511 876 3664 918; x_wconf 86' lang='lat' dir='ltr'><strong>com-</strong></span> 
     </span>
    </p>
   </div>
   <div class='ocr_carea' id='block_1_22' title="bbox 2076 957 3665 1040">
    <p class='ocr_par' dir='ltr' id='par_1_22' title="bbox 2076 957 3665 1040">
     <span class='ocr_line' id='line_1_22' title="bbox 2076 957 3665 1040; baseline -0.009 -17"><span class='ocrx_word' id='word_1_132' title='bbox 2076 969 2368 1040; x_wconf 85' lang='lat' dir='ltr'><strong>prehensis</strong></span> <span class='ocrx_word' id='word_1_133' title='bbox 2415 968 2496 1022; x_wconf 89' lang='lat' dir='ltr'><strong>cis</strong></span> <span class='ocrx_word' id='word_1_134' title='bbox 2545 964 2793 1037; x_wconf 87' lang='lat' dir='ltr'><strong>patibulo</strong></span> <span class='ocrx_word' id='word_1_135' title='bbox 2833 962 3244 1033; x_wconf 87' lang='lat' dir='ltr'><strong>suspenderunt</strong></span> <span class='ocrx_word' id='word_1_136' title='bbox 3283 968 3395 1014; x_wconf 82' lang='lat' dir='ltr'><strong>tres</strong></span> <span class='ocrx_word' id='word_1_137' title='bbox 3438 957 3665 1022; x_wconf 84' lang='lat' dir='ltr'><strong>fratres,</strong></span> 
     </span>
    </p>
   </div>
   <div class='ocr_carea' id='block_1_23' title="bbox 2076 1048 3670 1116">
    <p class='ocr_par' dir='ltr' id='par_1_23' title="bbox 2076 1048 3670 1116">
     <span class='ocr_line' id='line_1_23' title="bbox 2076 1048 3670 1116; baseline -0.009 -1"><span class='ocrx_word' id='word_1_138' title='bbox 2076 1070 2133 1116; x_wconf 86' lang='lat' dir='ltr'><strong>et</strong></span> <span class='ocrx_word' id='word_1_139' title='bbox 2175 1061 2380 1115; x_wconf 91' lang='lat' dir='ltr'><strong>multos</strong></span> <span class='ocrx_word' id='word_1_140' title='bbox 2425 1059 2562 1113; x_wconf 88' lang='lat' dir='ltr'><strong>alios</strong></span> <span class='ocrx_word' id='word_1_141' title='bbox 2607 1055 2954 1112; x_wconf 87' lang='lat' dir='ltr'><strong>occiderunt.</strong></span> <span class='ocrx_word' id='word_1_142' title='bbox 3000 1055 3174 1109; x_wconf 92' lang='lat' dir='ltr'><strong>Porro</strong></span> <span class='ocrx_word' id='word_1_143' title='bbox 3215 1050 3510 1106; x_wconf 86' lang='lat' dir='ltr'><strong>festivitate</strong></span> <span class='ocrx_word' id='word_1_144' title='bbox 3563 1048 3670 1102; x_wconf 87' lang='lat' dir='ltr'><strong>Pa-</strong></span> 
     </span>
    </p>
   </div>
   <div class='ocr_carea' id='block_1_24' title="bbox 2078 1140 3672 1222">
    <p class='ocr_par' dir='ltr' id='par_1_24' title="bbox 2078 1140 3672 1222">
     <span class='ocr_line' id='line_1_24' title="bbox 2078 1140 3672 1222; baseline -0.009 -15"><span class='ocrx_word' id='word_1_145' title='bbox 2078 1153 2252 1208; x_wconf 90' lang='lat' dir='ltr'><strong>schali</strong></span> <span class='ocrx_word' id='word_1_146' title='bbox 2287 1153 2572 1222; x_wconf 76' lang='lat' dir='ltr'><strong>ingressus</strong></span> <span class='ocrx_word' id='word_1_147' title='bbox 2601 1159 2686 1204; x_wconf 91' lang='lat' dir='ltr'><strong>est</strong></span> <span class='ocrx_word' id='word_1_148' title='bbox 2715 1148 2780 1203; x_wconf 91' lang='lat' dir='ltr'><strong>ad</strong></span> <span class='ocrx_word' id='word_1_149' title='bbox 2811 1157 3055 1203; x_wconf 88' lang='lat' dir='ltr'><strong>sanctam</strong></span> <span class='ocrx_word' id='word_1_150' title='bbox 3083 1143 3370 1200; x_wconf 88' lang='lat' dir='ltr'><strong>collectam</strong></span> <span class='ocrx_word' id='word_1_151' title='bbox 3395 1142 3451 1197; x_wconf 89' lang='lat' dir='ltr'><strong>in</strong></span> <span class='ocrx_word' id='word_1_152' title='bbox 3477 1140 3672 1197; x_wconf 85' lang='lat' dir='ltr'><strong>catho—</strong></span> 
     </span>
    </p>
   </div>
   <div class='ocr_carea' id='block_1_25' title="bbox 2079 1233 3675 1308">
    <p class='ocr_par' dir='ltr' id='par_1_25' title="bbox 2079 1233 3675 1308">
     <span class='ocr_line' id='line_1_25' title="bbox 2079 1233 3675 1308; baseline -0.008 -9"><span class='ocrx_word' id='word_1_153' title='bbox 2079 1245 2184 1299; x_wconf 89' lang='lat' dir='ltr'><strong>lica</strong></span> <span class='ocrx_word' id='word_1_154' title='bbox 2228 1243 2497 1298; x_wconf 88' lang='lat' dir='ltr'><strong>Ecclesia.</strong></span> <span class='ocrx_word' id='word_1_155' title='bbox 2556 1242 2807 1308; x_wconf 82' lang='lat' dir='ltr'><strong>Cumque</strong></span> <span class='ocrx_word' id='word_1_156' title='bbox 2879 1236 3340 1307; x_wconf 89' lang='lat' dir='ltr'><strong>metropolitanus</strong></span> <span class='ocrx_word' id='word_1_157' title='bbox 3377 1233 3675 1302; x_wconf 85' lang='lat' dir='ltr'><strong>episcopus</strong></span> 
     </span>
    </p>
   </div>
   <div class='ocr_carea' id='block_1_26' title="bbox 2080 1323 3673 1403">
    <p class='ocr_par' dir='ltr' id='par_1_26' title="bbox 2080 1323 3673 1403">
     <span class='ocr_line' id='line_1_26' title="bbox 2080 1323 3673 1403; baseline -0.011 -9"><span class='ocrx_word' id='word_1_158' title='bbox 2080 1346 2306 1403; x_wconf 88' lang='lat' dir='ltr'><strong>astaret,</strong></span> <span class='ocrx_word' id='word_1_159' title='bbox 2327 1347 2384 1392; x_wconf 91' lang='lat' dir='ltr'><strong>et</strong></span> <span class='ocrx_word' id='word_1_160' title='bbox 2406 1336 2743 1391; x_wconf 76' lang='lat' dir='ltr'><strong>exclamaret</strong></span> <span class='ocrx_word' id='word_1_161' title='bbox 2767 1347 2922 1388; x_wconf 89' lang='lat' dir='ltr'><strong>more</strong></span> <span class='ocrx_word' id='word_1_162' title='bbox 2947 1331 3110 1386; x_wconf 91' lang='lat' dir='ltr'><strong>solito</strong></span> <span class='ocrx_word' id='word_1_163' title='bbox 3127 1329 3240 1383; x_wconf 91' lang='lat' dir='ltr'><strong>Deo</strong></span> <span class='ocrx_word' id='word_1_164' title='bbox 3268 1328 3493 1382; x_wconf 89' lang='lat' dir='ltr'><strong>dicens:</strong></span> <span class='ocrx_word' id='word_1_165' title='bbox 3518 1323 3673 1378; x_wconf 74' lang='lat' dir='ltr'><strong>Plebs</strong></span> 
     </span>
    </p>
   </div>
   <div class='ocr_carea' id='block_1_27' title="bbox 2086 1417 3678 1494">
    <p class='ocr_par' dir='ltr' id='par_1_27' title="bbox 2086 1417 3678 1494">
     <span class='ocr_line' id='line_1_27' title="bbox 2086 1417 3678 1494; baseline -0.008 -9"><span class='ocrx_word' id='word_1_166' title='bbox 2086 1431 2226 1485; x_wconf 85' lang='lat' dir='ltr'><strong>enim</strong></span> <span class='ocrx_word' id='word_1_167' title='bbox 2251 1438 2346 1483; x_wconf 77' lang='lat' dir='ltr'><strong>tua&quot;</strong></span> <span class='ocrx_word' id='word_1_168' title='bbox 2378 1437 2425 1482; x_wconf 86' lang='lat' dir='ltr'><strong>et</strong></span> <span class='ocrx_word' id='word_1_169' title='bbox 2454 1426 2690 1480; x_wconf 78' lang='lat' dir='ltr'><strong>Ecclesia</strong></span> <span class='ocrx_word' id='word_1_170' title='bbox 2716 1432 2810 1478; x_wconf 84' lang='lat' dir='ltr'><strong>tua</strong></span> <span class='ocrx_word' id='word_1_171' title='bbox 2833 1423 3096 1494; x_wconf 79' lang='lat' dir='ltr'><strong>supplicat</strong></span> <span class='ocrx_word' id='word_1_172' title='bbox 3121 1430 3168 1474; x_wconf 86' lang='lat' dir='ltr'><strong>te</strong></span> <span class='ocrx_word' id='word_1_173' title='bbox 3194 1420 3328 1491; x_wconf 81' lang='lat'><strong>(8|),</strong></span> <span class='ocrx_word' id='word_1_174' title='bbox 3360 1417 3678 1474; x_wconf 82' lang='lat' dir='ltr'><strong>eduxerunt</strong></span> 
     </span>
    </p>
   </div>
   <div class='ocr_carea' id='block_1_28' title="bbox 390 1503 2009 1578">
    <p class='ocr_par' dir='ltr' id='par_1_28' title="bbox 390 1504 1983 1578">
     <span class='ocr_line' id='line_1_28' title="bbox 390 1504 1983 1578; baseline -0.006 -10"><span class='ocrx_word' id='word_1_175' title='bbox 390 1513 739 1574; x_wconf 78' lang='lat' dir='ltr'><strong>cuiationcs,</strong></span> <span class='ocrx_word' id='word_1_176' title='bbox 799 1509 1057 1578; x_wconf 87' lang='lat' dir='ltr'><strong>aciesque</strong></span> <span class='ocrx_word' id='word_1_177' title='bbox 1122 1504 1444 1560; x_wconf 86' lang='lat' dir='ltr'><strong>direxerunt</strong></span> <span class='ocrx_word' id='word_1_178' title='bbox 1501 1507 1718 1562; x_wconf 86' lang='lat' dir='ltr'><strong>multas.</strong></span> <span class='ocrx_word' id='word_1_179' title='bbox 1768 1504 1875 1560; x_wconf 90' lang='lat' dir='ltr'><strong>Sed</strong></span> <span class='ocrx_word' id='word_1_180' title='bbox 1925 1511 1983 1560; x_wconf 85' lang='lat' dir='ltr'><strong>et</strong></span> 
     </span>
    </p>
   </div>
   <div class='ocr_carea' id='block_1_29' title="bbox 2114 1503 3678 1578">
    <p class='ocr_par' dir='ltr' id='par_1_29' title="bbox 2120 1503 3678 1578">
     <span class='ocr_line' id='line_1_29' title="bbox 2120 1503 3678 1578; baseline -0.008 -4"><span class='ocrx_word' id='word_1_181' title='bbox 2120 1535 2208 1575; x_wconf 90' lang='lat' dir='ltr'><strong>um</strong></span> <span class='ocrx_word' id='word_1_182' title='bbox 2240 1526 2295 1573; x_wconf 89' lang='lat' dir='ltr'><strong>et</strong></span> <span class='ocrx_word' id='word_1_183' title='bbox 2340 1517 2687 1572; x_wconf 84' lang='lat' dir='ltr'><strong>incluserunt</strong></span> <span class='ocrx_word' id='word_1_184' title='bbox 2724 1515 2778 1568; x_wconf 92' lang='lat' dir='ltr'><strong>in</strong></span> <span class='ocrx_word' id='word_1_185' title='bbox 2815 1528 3061 1577; x_wconf 89' lang='lat' dir='ltr'><strong>carcere,</strong></span> <span class='ocrx_word' id='word_1_186' title='bbox 3099 1520 3154 1566; x_wconf 92' lang='lat' dir='ltr'><strong>et</strong></span> <span class='ocrx_word' id='word_1_187' title='bbox 3194 1508 3338 1565; x_wconf 90' lang='lat' dir='ltr'><strong>alius</strong></span> <span class='ocrx_word' id='word_1_188' title='bbox 3374 1503 3678 1578; x_wconf 87' lang='lat' dir='ltr'><strong>complevit</strong></span> 
     </span>
    </p>
   </div>
   <div class='ocr_carea' id='block_1_30' title="bbox 395 1599 2009 1674">
    <p class='ocr_par' dir='ltr' id='par_1_30' title="bbox 395 1599 1982 1674">
     <span class='ocr_line' id='line_1_30' title="bbox 395 1599 1982 1674; baseline -0.005 -12"><span class='ocrx_word' id='word_1_189' title='bbox 395 1607 627 1664; x_wconf 81' lang='lat' dir='ltr'><strong>Paulum</strong></span> <span class='ocrx_word' id='word_1_190' title='bbox 665 1611 957 1674; x_wconf 58' lang='lat' dir='ltr'><strong>praetorem</strong></span> <span class='ocrx_word' id='word_1_191' title='bbox 1005 1599 1461 1656; x_wconf 78' lang='lat' dir='ltr'><strong>Armeniacorum</strong></span> <span class='ocrx_word' id='word_1_192' title='bbox 1504 1601 1712 1655; x_wconf 90' lang='lat' dir='ltr'><strong>bellum</strong></span> <span class='ocrx_word' id='word_1_193' title='bbox 1759 1608 1982 1671; x_wconf 76' lang='lat' dir='ltr'><strong>agentes</strong></span> 
     </span>
    </p>
   </div>
   <div class='ocr_carea' id='block_1_31' title="bbox 2114 1599 3678 1674">
    <p class='ocr_par' dir='ltr' id='par_1_31' title="bbox 2115 1605 3678 1673">
     <span class='ocr_line' id='line_1_31' title="bbox 2115 1605 3678 1673; baseline -0.009 -5"><span class='ocrx_word' id='word_1_194' title='bbox 2115 1621 2330 1668; x_wconf 78' lang='lat' dir='ltr'><strong>auctam</strong></span> <span class='ocrx_word' id='word_1_195' title='bbox 2351 1609 2660 1673; x_wconf 89' lang='lat' dir='ltr'><strong>collectam,</strong></span> <span class='ocrx_word' id='word_1_196' title='bbox 2692 1618 2748 1664; x_wconf 88' lang='lat' dir='ltr'><strong>et</strong></span> <span class='ocrx_word' id='word_1_197' title='bbox 2782 1607 2963 1663; x_wconf 90' lang='lat' dir='ltr'><strong>factus</strong></span> <span class='ocrx_word' id='word_1_198' title='bbox 2992 1616 3077 1662; x_wconf 90' lang='lat' dir='ltr'><strong>est</strong></span> <span class='ocrx_word' id='word_1_199' title='bbox 3105 1605 3273 1660; x_wconf 90' lang='lat' dir='ltr'><strong>timor</strong></span> <span class='ocrx_word' id='word_1_200' title='bbox 3307 1617 3576 1673; x_wconf 74' lang='lat' dir='ltr'><strong>magnus;</strong></span> <span class='ocrx_word' id='word_1_201' title='bbox 3618 1608 3678 1654; x_wconf 89' lang='lat' dir='ltr'><strong>et</strong></span> 
     </span>
    </p>
   </div>
   <div class='ocr_carea' id='block_1_32' title="bbox 393 1691 2009 1771">
    <p class='ocr_par' dir='ltr' id='par_1_32' title="bbox 393 1691 1979 1768">
     <span class='ocr_line' id='line_1_32' title="bbox 393 1691 1979 1768; baseline -0.004 -16"><span class='ocrx_word' id='word_1_202' title='bbox 393 1695 545 1768; x_wconf 68' lang='lat' dir='ltr'><strong>apud</strong></span> <span class='ocrx_word' id='word_1_203' title='bbox 562 1695 757 1755; x_wconf 76' lang='lat' dir='ltr'><strong>Melam</strong></span> <span class='ocrx_word' id='word_1_204' title='bbox 778 1700 1139 1763; x_wconf 85' lang='lat' dir='ltr'><strong>peremerunt</strong></span> <span class='ocrx_word' id='word_1_205' title='bbox 1161 1706 1288 1747; x_wconf 90' lang='lat' dir='ltr'><strong>cum</strong></span> <span class='ocrx_word' id='word_1_206' title='bbox 1308 1694 1585 1748; x_wconf 85' lang='lat' dir='ltr'><strong>exercitus</strong></span> <span class='ocrx_word' id='word_1_207' title='bbox 1603 1691 1979 1755; x_wconf 89' lang='lat' dir='ltr'><strong>multitudine,</strong></span> 
     </span>
    </p>
   </div>
   <div class='ocr_carea' id='block_1_33' title="bbox 2114 1691 3682 1771">
    <p class='ocr_par' dir='ltr' id='par_1_33' title="bbox 2114 1692 3682 1771">
     <span class='ocr_line' id='line_1_33' title="bbox 2114 1692 3682 1771; baseline -0.006 -15"><span class='ocrx_word' id='word_1_208' title='bbox 2114 1703 2191 1758; x_wconf 65' lang='lat' dir='ltr'><strong>nisi</strong></span> <span class='ocrx_word' id='word_1_209' title='bbox 2214 1699 2566 1771; x_wconf 87' lang='lat' dir='ltr'><strong>metropolita</strong></span> <span class='ocrx_word' id='word_1_210' title='bbox 2592 1699 2905 1755; x_wconf 87' lang='lat' dir='ltr'><strong>moralitate</strong></span> <span class='ocrx_word' id='word_1_211' title='bbox 2935 1713 3001 1754; x_wconf 89' lang='lat' dir='ltr'><strong>ac</strong></span> <span class='ocrx_word' id='word_1_212' title='bbox 3033 1694 3339 1752; x_wconf 89' lang='lat' dir='ltr'><strong>humilibus</strong></span> <span class='ocrx_word' id='word_1_213' title='bbox 3356 1693 3544 1750; x_wconf 86' lang='lat' dir='ltr'><strong>verbis</strong></span> <span class='ocrx_word' id='word_1_214' title='bbox 3573 1692 3682 1748; x_wconf 87' lang='lat' dir='ltr'><strong>mi-</strong></span> 
     </span>
    </p>
   </div>
   <div class='ocr_carea' id='block_1_34' title="bbox 400 1752 2009 1866">
    <p class='ocr_par' dir='ltr' id='par_1_34' title="bbox 400 1784 1988 1855">
     <span class='ocr_line' id='line_1_34' title="bbox 400 1784 1988 1855; baseline -0.003 -11"><span class='ocrx_word' id='word_1_215' title='bbox 400 1805 618 1845; x_wconf 83' lang='lat' dir='ltr'><strong>necnon</strong></span> <span class='ocrx_word' id='word_1_216' title='bbox 654 1795 711 1842; x_wconf 91' lang='lat' dir='ltr'><strong>ct</strong></span> <span class='ocrx_word' id='word_1_217' title='bbox 768 1785 838 1842; x_wconf 64' lang='lat'><strong>4‘2</strong></span> <span class='ocrx_word' id='word_1_218' title='bbox 873 1784 1118 1855; x_wconf 80' lang='lat' dir='ltr'><strong>insignes</strong></span> <span class='ocrx_word' id='word_1_219' title='bbox 1155 1784 1308 1838; x_wconf 83' lang='lat' dir='ltr'><strong>viros</strong></span> <span class='ocrx_word' id='word_1_220' title='bbox 1337 1786 1554 1840; x_wconf 80' lang='lat' dir='ltr'><strong>vinctos</strong></span> <span class='ocrx_word' id='word_1_221' title='bbox 1593 1785 1890 1851; x_wconf 83' lang='lat' dir='ltr'><strong>duxerunt,</strong></span> <span class='ocrx_word' id='word_1_222' title='bbox 1931 1793 1988 1840; x_wconf 90' lang='lat' dir='ltr'><strong>et</strong></span> 
     </span>
    </p>
   </div>
   <div class='ocr_carea' id='block_1_35' title="bbox 2114 1752 3682 1866">
    <p class='ocr_par' dir='ltr' id='par_1_35' title="bbox 2114 1785 3682 1866">
     <span class='ocr_line' id='line_1_35' title="bbox 2114 1785 3682 1866; baseline -0.004 -18"><span class='ocrx_word' id='word_1_223' title='bbox 2114 1796 2312 1866; x_wconf 80' lang='lat' dir='ltr'><strong>igasset</strong></span> <span class='ocrx_word' id='word_1_224' title='bbox 2334 1804 2484 1858; x_wconf 89' lang='lat' dir='ltr'><strong>eum,</strong></span> <span class='ocrx_word' id='word_1_225' title='bbox 2513 1793 2718 1847; x_wconf 86' lang='lat' dir='ltr'><strong>malum</strong></span> <span class='ocrx_word' id='word_1_226' title='bbox 2746 1787 2992 1862; x_wconf 83' lang='lat' dir='ltr'><strong>profecto</strong></span> <span class='ocrx_word' id='word_1_227' title='bbox 3030 1789 3226 1860; x_wconf 77' lang='lat' dir='ltr'><strong>ingens</strong></span> <span class='ocrx_word' id='word_1_228' title='bbox 3250 1785 3390 1842; x_wconf 89' lang='lat' dir='ltr'><strong>hora</strong></span> <span class='ocrx_word' id='word_1_229' title='bbox 3422 1785 3512 1842; x_wconf 89' lang='lat' dir='ltr'><strong>illa</strong></span> <span class='ocrx_word' id='word_1_230' title='bbox 3547 1801 3682 1842; x_wconf 86' lang='lat' dir='ltr'><strong>con-</strong></span> 
     </span>
    </p>
   </div>
   <div class='ocr_carea' id='block_1_36' title="bbox 398 1873 2009 1951">
    <p class='ocr_par' dir='ltr' id='par_1_36' title="bbox 398 1877 1986 1951">
     <span class='ocr_line' id='line_1_36' title="bbox 398 1877 1986 1951; baseline -0.002 -15"><span class='ocrx_word' id='word_1_231' title='bbox 398 1881 581 1951; x_wconf 85' lang='lat' dir='ltr'><strong>capita</strong></span> <span class='ocrx_word' id='word_1_232' title='bbox 618 1879 809 1934; x_wconf 89' lang='lat' dir='ltr'><strong>multa.</strong></span> <span class='ocrx_word' id='word_1_233' title='bbox 850 1879 1156 1949; x_wconf 87' lang='lat' dir='ltr'><strong>imperator</strong></span> <span class='ocrx_word' id='word_1_234' title='bbox 1184 1877 1367 1932; x_wconf 74' lang='lat' dir='ltr'><strong>autem</strong></span> <span class='ocrx_word' id='word_1_235' title='bbox 1400 1878 1705 1932; x_wconf 86' lang='lat' dir='ltr'><strong>exercitum</strong></span> <span class='ocrx_word' id='word_1_236' title='bbox 1738 1879 1908 1934; x_wconf 83' lang='lat' dir='ltr'><strong>movit</strong></span> <span class='ocrx_word' id='word_1_237' title='bbox 1932 1879 1986 1933; x_wconf 91' lang='lat' dir='ltr'><strong>in</strong></span> 
     </span>
    </p>
   </div>
   <div class='ocr_carea' id='block_1_37' title="bbox 2114 1873 3683 1951">
    <p class='ocr_par' dir='ltr' id='par_1_37' title="bbox 2114 1873 3683 1948">
     <span class='ocr_line' id='line_1_37' title="bbox 2114 1873 3683 1948; baseline -0.004 -7"><span class='ocrx_word' id='word_1_238' title='bbox 2114 1895 2432 1946; x_wconf 84' lang='lat' dir='ltr'><strong>.ummatum</strong></span> <span class='ocrx_word' id='word_1_239' title='bbox 2489 1887 2706 1942; x_wconf 77' lang='lat' dir='ltr'><strong>fuisset.</strong></span> <span class='ocrx_word' id='word_1_240' title='bbox 2754 1881 2888 1941; x_wconf 84' lang='lat' dir='ltr'><strong>Erat</strong></span> <span class='ocrx_word' id='word_1_241' title='bbox 2937 1893 3123 1939; x_wconf 89' lang='lat' dir='ltr'><strong>autem</strong></span> <span class='ocrx_word' id='word_1_242' title='bbox 3175 1882 3266 1938; x_wconf 91' lang='lat' dir='ltr'><strong>hic</strong></span> <span class='ocrx_word' id='word_1_243' title='bbox 3322 1873 3683 1948; x_wconf 82' lang='lat' dir='ltr'><strong>beatissimus</strong></span> 
     </span>
    </p>
   </div>
   <div class='ocr_carea' id='block_1_38' title="bbox 401 1969 2438 2046">
    <p class='ocr_par' dir='ltr' id='par_1_38' title="bbox 401 1969 2438 2046">
     <span class='ocr_line' id='line_1_38' title="bbox 401 1969 2438 2046; baseline -0.005 -15"><span class='ocrx_word' id='word_1_244' title='bbox 401 1972 743 2046; x_wconf 74' lang='lat' dir='ltr'><strong>Vulgariam,</strong></span> <span class='ocrx_word' id='word_1_245' title='bbox 766 1981 824 2027; x_wconf 89' lang='lat' dir='ltr'><strong>et</strong></span> <span class='ocrx_word' id='word_1_246' title='bbox 851 1970 1082 2026; x_wconf 87' lang='lat' dir='ltr'><strong>veniens</strong></span> <span class='ocrx_word' id='word_1_247' title='bbox 1109 1969 1166 2024; x_wconf 88' lang='lat' dir='ltr'><strong>in</strong></span> <span class='ocrx_word' id='word_1_248' title='bbox 1194 1969 1513 2041; x_wconf 81' lang='lat' dir='ltr'><strong>Veregaban</strong></span> <span class='ocrx_word' id='word_1_249' title='bbox 1540 1969 1607 2024; x_wconf 90' lang='lat' dir='ltr'><strong>ad</strong></span> <span class='ocrx_word' id='word_1_250' title='bbox 1653 1970 1987 2036; x_wconf 85' lang='lat' dir='ltr'><strong>clausuram,</strong></span> <span class='ocrx_word' id='word_1_251' title='bbox 2091 1983 2438 2038; x_wconf 52' lang='lat' dir='ltr'><strong>Anastasius,</strong></span> 
     </span>
    </p>
   </div>
   <div class='ocr_carea' id='block_1_39' title="bbox 399 2061 3683 2146">
    <p class='ocr_par' dir='ltr' id='par_1_39' title="bbox 399 2061 3683 2146">
     <span class='ocr_line' id='line_1_39' title="bbox 399 2061 3683 2146; baseline -0.004 -26"><span class='ocrx_word' id='word_1_252' title='bbox 399 2068 629 2122; x_wconf 74' lang='lat' dir='ltr'><strong>obviam</strong></span> <span class='ocrx_word' id='word_1_253' title='bbox 656 2065 708 2143; x_wconf 90' lang='lat' dir='ltr'><strong>ei</strong></span> <span class='ocrx_word' id='word_1_254' title='bbox 737 2064 1007 2134; x_wconf 76' lang='lat' dir='ltr'><strong>Vulgares</strong></span> <span class='ocrx_word' id='word_1_255' title='bbox 1026 2061 1373 2116; x_wconf 79' lang='lat' dir='ltr'><strong>advenerunt</strong></span> <span class='ocrx_word' id='word_1_256' title='bbox 1397 2070 1454 2118; x_wconf 91' lang='lat' dir='ltr'><strong>et</strong></span> <span class='ocrx_word' id='word_1_257' title='bbox 1482 2061 1684 2117; x_wconf 90' lang='lat' dir='ltr'><strong>multos</strong></span> <span class='ocrx_word' id='word_1_258' title='bbox 1713 2062 1992 2117; x_wconf 87' lang='lat' dir='ltr'><strong>exercitus</strong></span> <span class='ocrx_word' id='word_1_259' title='bbox 2157 2076 2362 2131; x_wconf 73' lang='lat' dir='ltr'><strong>Eodem</strong></span> <span class='ocrx_word' id='word_1_260' title='bbox 2396 2088 2620 2146; x_wconf 67' lang='lat' dir='ltr'><strong>quoque</strong></span> <span class='ocrx_word' id='word_1_261' title='bbox 2659 2089 2806 2129; x_wconf 69' lang='lat' dir='ltr'><strong>anno</strong></span> <span class='ocrx_word' id='word_1_262' title='bbox 2835 2083 2891 2129; x_wconf 70' lang='grc' dir='ltr'><strong>ει</strong></span> <span class='ocrx_word' id='word_1_263' title='bbox 2920 2067 3319 2129; x_wconf 54' lang='lat' dir='ltr'><strong>Constantinus</strong></span> <span class='ocrx_word' id='word_1_264' title='bbox 3353 2075 3683 2142; x_wconf 57' lang='lat' dir='ltr'><strong>persecutor</strong></span> 
     </span>
    </p>
   </div>
   <div class='ocr_carea' id='block_1_40' title="bbox 401 2150 2009 2229">
    <p class='ocr_par' dir='ltr' id='par_1_40' title="bbox 401 2155 1990 2229">
     <span class='ocr_line' id='line_1_40' title="bbox 401 2155 1990 2229; baseline -0.003 -14"><span class='ocrx_word' id='word_1_265' title='bbox 401 2159 531 2229; x_wconf 77' lang='lat' dir='ltr'><strong>ejus</strong></span> <span class='ocrx_word' id='word_1_266' title='bbox 568 2158 1007 2222; x_wconf 91' lang='lat' dir='ltr'><strong>trucidaverunt,</strong></span> <span class='ocrx_word' id='word_1_267' title='bbox 1035 2157 1092 2211; x_wconf 88' lang='lat' dir='ltr'><strong>in</strong></span> <span class='ocrx_word' id='word_1_268' title='bbox 1119 2155 1323 2226; x_wconf 87' lang='lat' dir='ltr'><strong>quibus</strong></span> <span class='ocrx_word' id='word_1_269' title='bbox 1351 2155 1665 2211; x_wconf 87' lang='lat' dir='ltr'><strong>etLeonem</strong></span> <span class='ocrx_word' id='word_1_270' title='bbox 1697 2156 1990 2226; x_wconf 86' lang='lat' dir='ltr'><strong>patricium</strong></span> 
     </span>
    </p>
   </div>
   <div class='ocr_carea' id='block_1_41' title="bbox 2114 2150 3686 2229">
    <p class='ocr_par' dir='ltr' id='par_1_41' title="bbox 2114 2150 3686 2229">
     <span class='ocr_line' id='line_1_41' title="bbox 2114 2150 3686 2229; baseline -0.009 -7"><span class='ocrx_word' id='word_1_271' title='bbox 2114 2164 2366 2222; x_wconf 72' lang='lat' dir='ltr'><strong>indream</strong></span> <span class='ocrx_word' id='word_1_272' title='bbox 2413 2161 2832 2220; x_wconf 84' lang='lat' dir='ltr'><strong>memorabilem</strong></span> <span class='ocrx_word' id='word_1_273' title='bbox 2879 2160 3234 2226; x_wconf 87' lang='lat' dir='ltr'><strong>monachum,</strong></span> <span class='ocrx_word' id='word_1_274' title='bbox 3266 2159 3361 2229; x_wconf 91' lang='lat' dir='ltr'><strong>qui</strong></span> <span class='ocrx_word' id='word_1_275' title='bbox 3392 2150 3686 2212; x_wconf 81' lang='lat' dir='ltr'><strong>dicebatur</strong></span> 
     </span>
    </p>
   </div>
   <div class='ocr_carea' id='block_1_42' title="bbox 404 2245 3687 2329">
    <p class='ocr_par' dir='ltr' id='par_1_42' title="bbox 404 2245 3687 2329">
     <span class='ocr_line' id='line_1_42' title="bbox 404 2245 3687 2329; baseline -0.007 -6"><span class='ocrx_word' id='word_1_276' title='bbox 404 2260 782 2322; x_wconf 69' lang='grc' dir='ltr'><strong>ειρηιειοτεω</strong></span> <span class='ocrx_word' id='word_1_277' title='bbox 812 2249 1262 2312; x_wconf 63' lang='lat' dir='ltr'><strong>Thracesiowm.</strong></span> <span class='ocrx_word' id='word_1_278' title='bbox 1299 2256 1356 2302; x_wconf 76' lang='grc' dir='ltr'><strong>ει</strong></span> <span class='ocrx_word' id='word_1_279' title='bbox 1376 2248 1544 2302; x_wconf 76' lang='lat' dir='ltr'><strong>alium</strong></span> <span class='ocrx_word' id='word_1_280' title='bbox 1571 2245 1809 2303; x_wconf 71' lang='lat' dir='ltr'><strong>Leonem</strong></span> <span class='ocrx_word' id='word_1_281' title='bbox 1840 2247 1992 2319; x_wconf 75' lang='lat' dir='ltr'><strong>loso-</strong></span> <span class='ocrx_word' id='word_1_282' title='bbox 2094 2256 2394 2329; x_wconf 73' lang='lat' dir='ltr'><strong>Calybites,</strong></span> <span class='ocrx_word' id='word_1_283' title='bbox 2422 2253 2568 2326; x_wconf 87' lang='lat' dir='ltr'><strong>apud</strong></span> <span class='ocrx_word' id='word_1_284' title='bbox 2613 2252 2947 2308; x_wconf 88' lang='lat' dir='ltr'><strong>Blachernas</strong></span> <span class='ocrx_word' id='word_1_285' title='bbox 2973 2250 3159 2320; x_wconf 79' lang='lat' dir='ltr'><strong>ﬂagris</strong></span> <span class='ocrx_word' id='word_1_286' title='bbox 3187 2250 3241 2305; x_wconf 91' lang='lat' dir='ltr'><strong>in</strong></span> <span class='ocrx_word' id='word_1_287' title='bbox 3281 2245 3687 2326; x_wconf 81' lang='lat' dir='ltr'><strong>Hippodromio</strong></span> 
     </span>
    </p>
   </div>
   <div class='ocr_carea' id='block_1_43' title="bbox 409 2343 1998 2414">
    <p class='ocr_par' dir='ltr' id='par_1_43' title="bbox 409 2343 1998 2414">
     <span class='ocr_line' id='line_1_43' title="bbox 409 2343 1998 2414; baseline -0.003 -14"><span class='ocrx_word' id='word_1_288' title='bbox 409 2346 620 2401; x_wconf 84' lang='lat' dir='ltr'><strong>thetam</strong></span> <span class='ocrx_word' id='word_1_289' title='bbox 644 2359 861 2410; x_wconf 88' lang='lat' dir='ltr'><strong>cursus,</strong></span> <span class='ocrx_word' id='word_1_290' title='bbox 896 2351 953 2399; x_wconf 93' lang='lat' dir='ltr'><strong>et</strong></span> <span class='ocrx_word' id='word_1_291' title='bbox 985 2343 1249 2414; x_wconf 64' lang='lat' dir='ltr'><strong>pupulum</strong></span> <span class='ocrx_word' id='word_1_292' title='bbox 1283 2343 1540 2408; x_wconf 87' lang='lat' dir='ltr'><strong>multum,</strong></span> <span class='ocrx_word' id='word_1_293' title='bbox 1569 2356 1634 2395; x_wconf 89' lang='lat' dir='ltr'><strong>ac</strong></span> <span class='ocrx_word' id='word_1_294' title='bbox 1665 2348 1998 2411; x_wconf 86' lang='lat' dir='ltr'><strong>acceperunt</strong></span> 
     </span>
    </p>
   </div>
   <div class='ocr_carea' id='block_1_44' title="bbox 410 2435 2000 2506">
    <p class='ocr_par' dir='ltr' id='par_1_44' title="bbox 410 2435 2000 2506">
     <span class='ocr_line' id='line_1_44' title="bbox 410 2435 2000 2506; baseline -0.004 -12"><span class='ocrx_word' id='word_1_295' title='bbox 410 2449 568 2494; x_wconf 77' lang='lat' dir='ltr'><strong>arma</strong></span> <span class='ocrx_word' id='word_1_296' title='bbox 600 2453 825 2504; x_wconf 87' lang='lat' dir='ltr'><strong>eorum;</strong></span> <span class='ocrx_word' id='word_1_297' title='bbox 867 2447 923 2494; x_wconf 90' lang='lat' dir='ltr'><strong>et</strong></span> <span class='ocrx_word' id='word_1_298' title='bbox 970 2438 1051 2493; x_wconf 90' lang='lat' dir='ltr'><strong>sic</strong></span> <span class='ocrx_word' id='word_1_299' title='bbox 1090 2437 1382 2492; x_wconf 90' lang='lat' dir='ltr'><strong>inhoneste</strong></span> <span class='ocrx_word' id='word_1_300' title='bbox 1412 2436 1618 2491; x_wconf 85' lang='lat' dir='ltr'><strong>reversi</strong></span> <span class='ocrx_word' id='word_1_301' title='bbox 1657 2445 1786 2490; x_wconf 88' lang='lat' dir='ltr'><strong>sunt</strong></span> <span class='ocrx_word' id='word_1_302' title='bbox 1825 2435 2000 2506; x_wconf 87' lang='lat' dir='ltr'><strong>impc-</strong></span> 
     </span>
    </p>
   </div>
   <div class='ocr_carea' id='block_1_45' title="bbox 414 2531 1328 2602">
    <p class='ocr_par' dir='ltr' id='par_1_45' title="bbox 414 2531 1328 2602">
     <span class='ocr_line' id='line_1_45' title="bbox 414 2531 1328 2602; baseline 0 -16"><span class='ocrx_word' id='word_1_303' title='bbox 414 2542 568 2588; x_wconf 87' lang='lat' dir='ltr'><strong>rator</strong></span> <span class='ocrx_word' id='word_1_304' title='bbox 593 2540 649 2586; x_wconf 89' lang='lat' dir='ltr'><strong>et</strong></span> <span class='ocrx_word' id='word_1_305' title='bbox 675 2532 762 2588; x_wconf 88' lang='lat' dir='ltr'><strong>sui</strong></span> <span class='ocrx_word' id='word_1_306' title='bbox 793 2531 890 2602; x_wconf 86' lang='lat' dir='ltr'><strong>qui</strong></span> <span class='ocrx_word' id='word_1_307' title='bbox 920 2537 1328 2587; x_wconf 86' lang='lat' dir='ltr'><strong>remanserunt.</strong></span> 
     </span>
    </p>
   </div>
   <div class='ocr_carea' id='block_1_46' title="bbox 489 2621 2002 2694">
    <p class='ocr_par' dir='ltr' id='par_1_46' title="bbox 489 2621 2002 2694">
     <span class='ocr_line' id='line_1_46' title="bbox 489 2621 2002 2694; baseline -0.003 -15"><span class='ocrx_word' id='word_1_308' title='bbox 489 2624 652 2679; x_wconf 80' lang='lat' dir='ltr'><strong>Anno</strong></span> <span class='ocrx_word' id='word_1_309' title='bbox 695 2624 911 2694; x_wconf 89' lang='lat' dir='ltr'><strong>imperii</strong></span> <span class='ocrx_word' id='word_1_310' title='bbox 956 2621 1306 2680; x_wconf 82' lang='lat' dir='ltr'><strong>Constantini</strong></span> <span class='ocrx_word' id='word_1_311' title='bbox 1347 2622 1417 2678; x_wconf 73' lang='lat'><strong>20</strong></span> <span class='ocrx_word' id='word_1_312' title='bbox 1466 2622 1644 2677; x_wconf 85' lang='lat' dir='ltr'><strong>factus</strong></span> <span class='ocrx_word' id='word_1_313' title='bbox 1694 2629 1780 2677; x_wconf 89' lang='lat' dir='ltr'><strong>est</strong></span> <span class='ocrx_word' id='word_1_314' title='bbox 1844 2633 2002 2676; x_wconf 88' lang='lat' dir='ltr'><strong>error</strong></span> 
     </span>
    </p>
   </div>
   <div class='ocr_carea' id='block_1_47' title="bbox 421 2713 2004 2786">
    <p class='ocr_par' dir='ltr' id='par_1_47' title="bbox 421 2713 2004 2786">
     <span class='ocr_line' id='line_1_47' title="bbox 421 2713 2004 2786; baseline -0.003 -13"><span class='ocrx_word' id='word_1_315' title='bbox 421 2717 664 2783; x_wconf 76' lang='lat' dir='ltr'><strong>Paschae,</strong></span> <span class='ocrx_word' id='word_1_316' title='bbox 687 2726 745 2772; x_wconf 88' lang='lat' dir='ltr'><strong>et</strong></span> <span class='ocrx_word' id='word_1_317' title='bbox 775 2716 1064 2771; x_wconf 73' lang='lat' dir='ltr'><strong>orthodoxi</strong></span> <span class='ocrx_word' id='word_1_318' title='bbox 1091 2715 1315 2786; x_wconf 77' lang='lat' dir='ltr'><strong>quidem</strong></span> <span class='ocrx_word' id='word_1_319' title='bbox 1335 2714 1388 2770; x_wconf 94' lang='lat' dir='ltr'><strong>in</strong></span> <span class='ocrx_word' id='word_1_320' title='bbox 1414 2713 1645 2770; x_wconf 84' lang='lat' dir='ltr'><strong>Oriente</strong></span> <span class='ocrx_word' id='word_1_321' title='bbox 1665 2723 1860 2770; x_wconf 82' lang='lat' dir='ltr'><strong>octavo</strong></span> <span class='ocrx_word' id='word_1_322' title='bbox 1879 2713 2004 2768; x_wconf 90' lang='lat' dir='ltr'><strong>idus</strong></span> 
     </span>
    </p>
   </div>
   <div class='ocr_carea' id='block_1_48' title="bbox 421 2805 2006 2880">
    <p class='ocr_par' dir='ltr' id='par_1_48' title="bbox 421 2805 2006 2880">
     <span class='ocr_line' id='line_1_48' title="bbox 421 2805 2006 2880; baseline -0.001 -16"><span class='ocrx_word' id='word_1_323' title='bbox 421 2809 662 2880; x_wconf 77' lang='lat' dir='ltr'><strong>Apriiias</strong></span> <span class='ocrx_word' id='word_1_324' title='bbox 694 2808 902 2864; x_wconf 84' lang='lat' dir='ltr'><strong>Pascha</strong></span> <span class='ocrx_word' id='word_1_325' title='bbox 933 2807 1376 2872; x_wconf 78' lang='lat' dir='ltr'><strong>celebraverunt,</strong></span> <span class='ocrx_word' id='word_1_326' title='bbox 1403 2815 1458 2862; x_wconf 90' lang='lat' dir='ltr'><strong>at</strong></span> <span class='ocrx_word' id='word_1_327' title='bbox 1488 2819 1618 2862; x_wconf 85' lang='lat' dir='ltr'><strong>vero</strong></span> <span class='ocrx_word' id='word_1_328' title='bbox 1641 2806 1862 2862; x_wconf 89' lang='lat' dir='ltr'><strong>erronei</strong></span> <span class='ocrx_word' id='word_1_329' title='bbox 1895 2805 2006 2862; x_wconf 59' lang='lat' dir='ltr'><strong>ha)-</strong></span> 
     </span>
    </p>
   </div>
   <div class='ocr_carea' id='block_1_49' title="bbox 424 2901 1021 2973">
    <p class='ocr_par' dir='ltr' id='par_1_49' title="bbox 424 2901 1021 2973">
     <span class='ocr_line' id='line_1_49' title="bbox 424 2901 1021 2973; baseline -0.005 -14"><span class='ocrx_word' id='word_1_330' title='bbox 424 2901 585 2960; x_wconf 88' lang='lat' dir='ltr'><strong>retici</strong></span> <span class='ocrx_word' id='word_1_331' title='bbox 613 2903 740 2959; x_wconf 89' lang='lat' dir='ltr'><strong>idus</strong></span> <span class='ocrx_word' id='word_1_332' title='bbox 759 2903 1021 2973; x_wconf 70' lang='lat' dir='ltr'><strong>Aprilias.</strong></span> 
     </span>
    </p>
   </div>
   <div class='ocr_carea' id='block_1_50' title="bbox 499 2984 2008 3064">
    <p class='ocr_par' dir='ltr' id='par_1_50' title="bbox 499 2984 2008 3064">
     <span class='ocr_line' id='line_1_50' title="bbox 499 2984 2008 3064; baseline -0.003 -12"><span class='ocrx_word' id='word_1_333' title='bbox 499 2998 704 3053; x_wconf 82' lang='lat' dir='ltr'><strong>Eodem</strong></span> <span class='ocrx_word' id='word_1_334' title='bbox 736 3007 881 3052; x_wconf 82' lang='lat' dir='ltr'><strong>anno</strong></span> <span class='ocrx_word' id='word_1_335' title='bbox 912 2996 1234 3052; x_wconf 74' lang='lat' dir='ltr'><strong>translatum</strong></span> <span class='ocrx_word' id='word_1_336' title='bbox 1251 3001 1338 3050; x_wconf 81' lang='lat' dir='ltr'><strong>est</strong></span> <span class='ocrx_word' id='word_1_337' title='bbox 1350 3000 1520 3064; x_wconf 82' lang='lat' dir='ltr'><strong>caput</strong></span> <span class='ocrx_word' id='word_1_338' title='bbox 1541 2991 1600 3048; x_wconf 85' lang='lat' dir='ltr'><strong>S.</strong></span> <span class='ocrx_word' id='word_1_339' title='bbox 1622 2984 1847 3048; x_wconf 78' lang='lat' dir='ltr'><strong>Joannis</strong></span> <span class='ocrx_word' id='word_1_340' title='bbox 1869 3006 2008 3063; x_wconf 73' lang='lat' dir='ltr'><strong>prae-</strong></span> 
     </span>
    </p>
   </div>
   <div class='ocr_carea' id='block_1_51' title="bbox 2098 2335 3685 2418">
    <p class='ocr_par' dir='ltr' id='par_1_51' title="bbox 2098 2335 3685 2418">
     <span class='ocr_line' id='line_1_51' title="bbox 2098 2335 3685 2418; baseline -0.007 -13"><span class='ocrx_word' id='word_1_341' title='bbox 2098 2349 2156 2405; x_wconf 91' lang='lat' dir='ltr'><strong>S.</strong></span> <span class='ocrx_word' id='word_1_342' title='bbox 2191 2348 2378 2403; x_wconf 65' lang='lat' dir='ltr'><strong>Mamre</strong></span> <span class='ocrx_word' id='word_1_343' title='bbox 2409 2346 2666 2418; x_wconf 85' lang='lat' dir='ltr'><strong>peremit.</strong></span> <span class='ocrx_word' id='word_1_344' title='bbox 2698 2345 3122 2416; x_wconf 78' lang='lat' dir='ltr'><strong>redarguentem</strong></span> <span class='ocrx_word' id='word_1_345' title='bbox 3167 2335 3509 2412; x_wconf 83' lang='lat' dir='ltr'><strong>impietatem</strong></span> <span class='ocrx_word' id='word_1_346' title='bbox 3541 2339 3685 2410; x_wconf 84' lang='lat' dir='ltr'><strong>ejus,</strong></span> 
     </span>
    </p>
   </div>
   <div class='ocr_carea' id='block_1_52' title="bbox 2098 2434 3687 2506">
    <p class='ocr_par' dir='ltr' id='par_1_52' title="bbox 2098 2434 3687 2506">
     <span class='ocr_line' id='line_1_52' title="bbox 2098 2434 3687 2506; baseline -0.006 -10"><span class='ocrx_word' id='word_1_347' title='bbox 2098 2448 2156 2497; x_wconf 93' lang='lat' dir='ltr'><strong>et</strong></span> <span class='ocrx_word' id='word_1_348' title='bbox 2179 2435 2697 2495; x_wconf 77' lang='lat' dir='ltr'><strong>Valentinianistam</strong></span> <span class='ocrx_word' id='word_1_349' title='bbox 2728 2454 2793 2494; x_wconf 90' lang='lat' dir='ltr'><strong>ac</strong></span> <span class='ocrx_word' id='word_1_350' title='bbox 2815 2437 3100 2493; x_wconf 86' lang='lat' dir='ltr'><strong>Julianum</strong></span> <span class='ocrx_word' id='word_1_351' title='bbox 3123 2434 3494 2506; x_wconf 87' lang='lat' dir='ltr'><strong>appellantem</strong></span> <span class='ocrx_word' id='word_1_352' title='bbox 3520 2446 3687 2499; x_wconf 90' lang='lat' dir='ltr'><strong>eum;</strong></span> 
     </span>
    </p>
   </div>
   <div class='ocr_carea' id='block_1_53' title="bbox 2100 2523 3692 2605">
    <p class='ocr_par' dir='ltr' id='par_1_53' title="bbox 2100 2523 3692 2605">
     <span class='ocr_line' id='line_1_53' title="bbox 2100 2523 3692 2605; baseline -0.007 -15"><span class='ocrx_word' id='word_1_353' title='bbox 2100 2547 2264 2605; x_wconf 82' lang='lat' dir='ltr'><strong>quem</strong></span> <span class='ocrx_word' id='word_1_354' title='bbox 2298 2542 2354 2589; x_wconf 91' lang='lat' dir='ltr'><strong>et</strong></span> <span class='ocrx_word' id='word_1_355' title='bbox 2402 2535 2458 2588; x_wconf 91' lang='lat' dir='ltr'><strong>in</strong></span> <span class='ocrx_word' id='word_1_356' title='bbox 2498 2532 2732 2588; x_wconf 86' lang='lat' dir='ltr'><strong>rheuma</strong></span> <span class='ocrx_word' id='word_1_357' title='bbox 2778 2531 2950 2587; x_wconf 89' lang='lat' dir='ltr'><strong>maris</strong></span> <span class='ocrx_word' id='word_1_358' title='bbox 2982 2525 3180 2603; x_wconf 82' lang='lat' dir='ltr'><strong>jactari</strong></span> <span class='ocrx_word' id='word_1_359' title='bbox 3227 2526 3513 2600; x_wconf 53' lang='lat' dir='ltr'><strong>praecepit,</strong></span> <span class='ocrx_word' id='word_1_360' title='bbox 3581 2523 3692 2580; x_wconf 90' lang='lat' dir='ltr'><strong>nisi</strong></span> 
     </span>
    </p>
   </div>
   <div class='ocr_carea' id='block_1_54' title="bbox 2103 2608 3693 2697">
    <p class='ocr_par' dir='ltr' id='par_1_54' title="bbox 2103 2608 3693 2697">
     <span class='ocr_line' id='line_1_54' title="bbox 2103 2608 3693 2697; baseline -0.008 -15"><span class='ocrx_word' id='word_1_361' title='bbox 2103 2641 2323 2682; x_wconf 88' lang='lat' dir='ltr'><strong>sorores</strong></span> <span class='ocrx_word' id='word_1_362' title='bbox 2361 2626 2483 2697; x_wconf 88' lang='lat' dir='ltr'><strong>ejus</strong></span> <span class='ocrx_word' id='word_1_363' title='bbox 2533 2619 2684 2679; x_wconf 90' lang='lat' dir='ltr'><strong>hunc</strong></span> <span class='ocrx_word' id='word_1_364' title='bbox 2714 2622 2991 2693; x_wconf 88' lang='lat' dir='ltr'><strong>rapientes</strong></span> <span class='ocrx_word' id='word_1_365' title='bbox 3043 2620 3096 2674; x_wconf 90' lang='lat' dir='ltr'><strong>in</strong></span> <span class='ocrx_word' id='word_1_366' title='bbox 3142 2610 3394 2688; x_wconf 74' lang='lat' dir='ltr'><strong>emporib</strong></span> <span class='ocrx_word' id='word_1_367' title='bbox 3430 2608 3693 2674; x_wconf 78' lang='lat' dir='ltr'><strong>Leucadii</strong></span> 
     </span>
    </p>
   </div>
   <div class='ocr_carea' id='block_1_55' title="bbox 2104 2723 2455 2794">
    <p class='ocr_par' dir='ltr' id='par_1_55' title="bbox 2104 2723 2455 2794">
     <span class='ocr_line' id='line_1_55' title="bbox 2104 2723 2455 2794; baseline -0.011 -14"><span class='ocrx_word' id='word_1_368' title='bbox 2104 2723 2455 2794; x_wconf 83' lang='lat' dir='ltr'><strong>sepelissent.</strong></span> 
     </span>
    </p>
   </div>
   <div class='ocr_carea' id='block_1_56' title="bbox 2177 2798 3696 2885">
    <p class='ocr_par' dir='ltr' id='par_1_56' title="bbox 2177 2798 3696 2885">
     <span class='ocr_line' id='line_1_56' title="bbox 2177 2798 3696 2885; baseline -0.005 -16"><span class='ocrx_word' id='word_1_369' title='bbox 2177 2814 2337 2869; x_wconf 81' lang='lat' dir='ltr'><strong>Anno</strong></span> <span class='ocrx_word' id='word_1_370' title='bbox 2370 2811 2585 2885; x_wconf 83' lang='lat' dir='ltr'><strong>imperii</strong></span> <span class='ocrx_word' id='word_1_371' title='bbox 2626 2805 2972 2867; x_wconf 85' lang='lat' dir='ltr'><strong>Constantini</strong></span> <span class='ocrx_word' id='word_1_372' title='bbox 3004 2807 3078 2863; x_wconf 54' lang='grc' dir='ltr'><strong>εξ</strong></span> <span class='ocrx_word' id='word_1_373' title='bbox 3109 2805 3364 2878; x_wconf 89' lang='lat' dir='ltr'><strong>apparuit</strong></span> <span class='ocrx_word' id='word_1_374' title='bbox 3396 2798 3611 2861; x_wconf 79' lang='lat' dir='ltr'><strong>dociles</strong></span> <span class='ocrx_word' id='word_1_375' title='bbox 3635 2805 3696 2861; x_wconf 89' lang='lat' dir='ltr'><strong>in</strong></span> 
     </span>
    </p>
   </div>
   <div class='ocr_carea' id='block_1_57' title="bbox 2106 2893 3698 2973">
    <p class='ocr_par' dir='ltr' id='par_1_57' title="bbox 2106 2893 3698 2973">
     <span class='ocr_line' id='line_1_57' title="bbox 2106 2893 3698 2973; baseline -0.006 -9"><span class='ocrx_word' id='word_1_376' title='bbox 2106 2907 2354 2973; x_wconf 90' lang='lat' dir='ltr'><strong>Oriente,</strong></span> <span class='ocrx_word' id='word_1_377' title='bbox 2379 2907 2437 2963; x_wconf 80' lang='lat' dir='ltr'><strong>et</strong></span> <span class='ocrx_word' id='word_1_378' title='bbox 2479 2905 2809 2967; x_wconf 86' lang='lat' dir='ltr'><strong>interfectus</strong></span> <span class='ocrx_word' id='word_1_379' title='bbox 2841 2912 2926 2961; x_wconf 87' lang='lat' dir='ltr'><strong>est</strong></span> <span class='ocrx_word' id='word_1_380' title='bbox 2956 2902 3103 2962; x_wconf 83' lang='lat' dir='ltr'><strong>ﬁlius</strong></span> <span class='ocrx_word' id='word_1_381' title='bbox 3143 2893 3431 2958; x_wconf 74' lang='lat' dir='ltr'><strong>Phatimae.</strong></span> <span class='ocrx_word' id='word_1_382' title='bbox 3467 2902 3540 2955; x_wconf 83' lang='lat' dir='ltr'><strong>At</strong></span> <span class='ocrx_word' id='word_1_383' title='bbox 3561 2914 3698 2954; x_wconf 92' lang='lat' dir='ltr'><strong>vero</strong></span> 
     </span>
    </p>
   </div>
   <div class='ocr_carea' id='block_1_58' title="bbox 2107 2992 3697 3075">
    <p class='ocr_par' dir='ltr' id='par_1_58' title="bbox 2107 2992 3697 3075">
     <span class='ocr_line' id='line_1_58' title="bbox 2107 2992 3697 3075; baseline -0.007 -16"><span class='ocrx_word' id='word_1_384' title='bbox 2107 3001 2376 3075; x_wconf 68' lang='lat' dir='ltr'><strong>Volgares</strong></span> <span class='ocrx_word' id='word_1_385' title='bbox 2407 3001 2761 3074; x_wconf 79' lang='lat' dir='ltr'><strong>insurgentes</strong></span> <span class='ocrx_word' id='word_1_386' title='bbox 2787 2998 3117 3055; x_wconf 90' lang='lat' dir='ltr'><strong>occiderunt</strong></span> <span class='ocrx_word' id='word_1_387' title='bbox 3159 2996 3419 3052; x_wconf 88' lang='lat' dir='ltr'><strong>dominos</strong></span> <span class='ocrx_word' id='word_1_388' title='bbox 3446 3010 3581 3051; x_wconf 88' lang='lat' dir='ltr'><strong>suos</strong></span> <span class='ocrx_word' id='word_1_389' title='bbox 3625 2992 3697 3049; x_wconf 84' lang='lat' dir='ltr'><strong>ad</strong></span> 
     </span>
    </p>
   </div>
   <div class='ocr_carea' id='block_1_59' title="bbox 427 3081 2009 3166">
    <p class='ocr_par' dir='ltr' id='par_1_59' title="bbox 427 3081 2008 3160">
     <span class='ocr_line' id='line_1_59' title="bbox 427 3081 2008 3160; baseline -0.004 -14"><span class='ocrx_word' id='word_1_390' title='bbox 427 3090 672 3146; x_wconf 86' lang='lat' dir='ltr'><strong>cursoris</strong></span> <span class='ocrx_word' id='word_1_391' title='bbox 712 3099 880 3160; x_wconf 78' lang='lat' dir='ltr'><strong>atque</strong></span> <span class='ocrx_word' id='word_1_392' title='bbox 929 3081 1190 3159; x_wconf 66' lang='lat' dir='ltr'><strong>Baptism</strong></span> <span class='ocrx_word' id='word_1_393' title='bbox 1234 3102 1264 3142; x_wconf 89' lang='lat' dir='ltr'><strong>a</strong></span> <span class='ocrx_word' id='word_1_394' title='bbox 1310 3085 1648 3142; x_wconf 81' lang='lat' dir='ltr'><strong>monasterio</strong></span> <span class='ocrx_word' id='word_1_395' title='bbox 1706 3083 1902 3155; x_wconf 69' lang='lat' dir='ltr'><strong>Spelrei</strong></span> <span class='ocrx_word' id='word_1_396' title='bbox 1951 3083 2008 3141; x_wconf 89' lang='lat' dir='ltr'><strong>in</strong></span> 
     </span>
    </p>
   </div>
   <div class='ocr_carea' id='block_1_60' title="bbox 2114 3081 3701 3166">
    <p class='ocr_par' dir='ltr' id='par_1_60' title="bbox 2114 3086 3701 3158">
     <span class='ocr_line' id='line_1_60' title="bbox 2114 3086 3701 3158; baseline -0.006 -6"><span class='ocrx_word' id='word_1_397' title='bbox 2114 3107 2170 3152; x_wconf 82' lang='lat' dir='ltr'><strong>se</strong></span> <span class='ocrx_word' id='word_1_398' title='bbox 2196 3096 2252 3150; x_wconf 88' lang='lat' dir='ltr'><strong>in</strong></span> <span class='ocrx_word' id='word_1_399' title='bbox 2298 3094 2435 3150; x_wconf 86' lang='lat' dir='ltr'><strong>iram</strong></span> <span class='ocrx_word' id='word_1_400' title='bbox 2467 3093 2768 3158; x_wconf 88' lang='lat' dir='ltr'><strong>derivatos,</strong></span> <span class='ocrx_word' id='word_1_401' title='bbox 2791 3101 2848 3148; x_wconf 90' lang='lat' dir='ltr'><strong>et</strong></span> <span class='ocrx_word' id='word_1_402' title='bbox 2888 3097 3208 3146; x_wconf 89' lang='lat' dir='ltr'><strong>statuerunt</strong></span> <span class='ocrx_word' id='word_1_403' title='bbox 3231 3089 3413 3144; x_wconf 87' lang='lat' dir='ltr'><strong>virum</strong></span> <span class='ocrx_word' id='word_1_404' title='bbox 3447 3086 3701 3142; x_wconf 88' lang='lat' dir='ltr'><strong>insensa-</strong></span> 
     </span>
    </p>
   </div>
   <div class='ocr_carea' id='block_1_61' title="bbox 426 3172 2006 3253">
    <p class='ocr_par' dir='ltr' id='par_1_61' title="bbox 426 3172 2006 3253">
     <span class='ocr_line' id='line_1_61' title="bbox 426 3172 2006 3253; baseline -0.003 -16"><span class='ocrx_word' id='word_1_405' title='bbox 426 3183 696 3253; x_wconf 87' lang='lat' dir='ltr'><strong>templum</strong></span> <span class='ocrx_word' id='word_1_406' title='bbox 733 3193 894 3236; x_wconf 76' lang='lat' dir='ltr'><strong>qum</strong></span> <span class='ocrx_word' id='word_1_407' title='bbox 929 3181 987 3236; x_wconf 85' lang='lat' dir='ltr'><strong>in</strong></span> <span class='ocrx_word' id='word_1_408' title='bbox 1038 3172 1499 3236; x_wconf 79' lang='lat' dir='ltr'><strong>Emesenensium</strong></span> <span class='ocrx_word' id='word_1_409' title='bbox 1545 3178 1768 3234; x_wconf 88' lang='lat' dir='ltr'><strong>civitate</strong></span> <span class='ocrx_word' id='word_1_410' title='bbox 1816 3179 2006 3244; x_wconf 86' lang='lat' dir='ltr'><strong>situm,</strong></span> 
     </span>
    </p>
   </div>
   <div class='ocr_carea' id='block_1_62' title="bbox 424 3267 2010 3338">
    <p class='ocr_par' dir='ltr' id='par_1_62' title="bbox 424 3267 2010 3338">
     <span class='ocr_line' id='line_1_62' title="bbox 424 3267 2010 3338; baseline -0.003 -8"><span class='ocrx_word' id='word_1_411' title='bbox 424 3289 559 3330; x_wconf 87' lang='lat' dir='ltr'><strong>cum</strong></span> <span class='ocrx_word' id='word_1_412' title='bbox 594 3281 740 3329; x_wconf 91' lang='lat' dir='ltr'><strong>esset</strong></span> <span class='ocrx_word' id='word_1_413' title='bbox 767 3272 1021 3338; x_wconf 72' lang='lat' dir='ltr'><strong>illustre;</strong></span> <span class='ocrx_word' id='word_1_414' title='bbox 1045 3279 1102 3327; x_wconf 88' lang='lat' dir='ltr'><strong>et</strong></span> <span class='ocrx_word' id='word_1_415' title='bbox 1124 3271 1425 3327; x_wconf 75' lang='lat' dir='ltr'><strong>descenslus</strong></span> <span class='ocrx_word' id='word_1_416' title='bbox 1450 3269 1754 3328; x_wconf 65' lang='lat' dir='ltr'><strong>aediﬁcatus</strong></span> <span class='ocrx_word' id='word_1_417' title='bbox 1777 3279 1880 3327; x_wconf 90' lang='lat' dir='ltr'><strong>est.</strong></span> <span class='ocrx_word' id='word_1_418' title='bbox 1905 3267 2010 3329; x_wconf 89' lang='lat' dir='ltr'><strong>Ubi</strong></span> 
     </span>
    </p>
   </div>
   <div class='ocr_carea' id='block_1_63' title="bbox 430 3361 2013 3437">
    <p class='ocr_par' dir='ltr' id='par_1_63' title="bbox 430 3361 2013 3437">
     <span class='ocr_line' id='line_1_63' title="bbox 430 3361 2013 3437; baseline -0.003 -15"><span class='ocrx_word' id='word_1_419' title='bbox 430 3382 610 3437; x_wconf 81' lang='lat' dir='ltr'><strong>usque</strong></span> <span class='ocrx_word' id='word_1_420' title='bbox 653 3365 817 3422; x_wconf 91' lang='lat' dir='ltr'><strong>hodie</strong></span> <span class='ocrx_word' id='word_1_421' title='bbox 850 3379 886 3419; x_wconf 82' lang='lat' dir='ltr'><strong>a</strong></span> <span class='ocrx_word' id='word_1_422' title='bbox 935 3361 1196 3418; x_wconf 75' lang='lat' dir='ltr'><strong>ﬁdelibus</strong></span> <span class='ocrx_word' id='word_1_423' title='bbox 1233 3361 1522 3418; x_wconf 84' lang='lat' dir='ltr'><strong>adoratum</strong></span> <span class='ocrx_word' id='word_1_424' title='bbox 1556 3361 1707 3419; x_wconf 87' lang='lat' dir='ltr'><strong>omni</strong></span> <span class='ocrx_word' id='word_1_425' title='bbox 1743 3361 2013 3417; x_wconf 84' lang='lat' dir='ltr'><strong>suavitate</strong></span> 
     </span>
    </p>
   </div>
   <div class='ocr_carea' id='block_1_64' title="bbox 426 3455 2016 3531">
    <p class='ocr_par' dir='ltr' id='par_1_64' title="bbox 426 3455 2016 3531">
     <span class='ocr_line' id='line_1_64' title="bbox 426 3455 2016 3531; baseline -0.002 -16"><span class='ocrx_word' id='word_1_426' title='bbox 426 3459 711 3531; x_wconf 79' lang='lat' dir='ltr'><strong>corporali</strong></span> <span class='ocrx_word' id='word_1_427' title='bbox 742 3457 954 3514; x_wconf 84' lang='lat' dir='ltr'><strong>scilicet</strong></span> <span class='ocrx_word' id='word_1_428' title='bbox 982 3472 1048 3514; x_wconf 85' lang='lat' dir='ltr'><strong>ac</strong></span> <span class='ocrx_word' id='word_1_429' title='bbox 1086 3455 1364 3530; x_wconf 81' lang='lat' dir='ltr'><strong>spirituali</strong></span> <span class='ocrx_word' id='word_1_430' title='bbox 1403 3456 1714 3512; x_wconf 87' lang='lat' dir='ltr'><strong>honoratur</strong></span> <span class='ocrx_word' id='word_1_431' title='bbox 1735 3455 1926 3520; x_wconf 77' lang='lat' dir='ltr'><strong>odore,</strong></span> <span class='ocrx_word' id='word_1_432' title='bbox 1959 3463 2016 3512; x_wconf 87' lang='lat' dir='ltr'><strong>et</strong></span> 
     </span>
    </p>
   </div>
   <div class='ocr_carea' id='block_1_65' title="bbox 429 3546 2016 3620">
    <p class='ocr_par' dir='ltr' id='par_1_65' title="bbox 429 3546 2016 3620">
     <span class='ocr_line' id='line_1_65' title="bbox 429 3546 2016 3620; baseline -0.004 -11"><span class='ocrx_word' id='word_1_433' title='bbox 429 3569 698 3610; x_wconf 87' lang='lat' dir='ltr'><strong>emanans</strong></span> <span class='ocrx_word' id='word_1_434' title='bbox 734 3551 970 3607; x_wconf 62' lang='lat' dir='ltr'><strong>effundit</strong></span> <span class='ocrx_word' id='word_1_435' title='bbox 1008 3550 1269 3608; x_wconf 87' lang='lat' dir='ltr'><strong>omnibus</strong></span> <span class='ocrx_word' id='word_1_436' title='bbox 1310 3549 1594 3614; x_wconf 77' lang='lat' dir='ltr'><strong>sanitates,</strong></span> <span class='ocrx_word' id='word_1_437' title='bbox 1625 3548 1720 3620; x_wconf 87' lang='lat' dir='ltr'><strong>qui</strong></span> <span class='ocrx_word' id='word_1_438' title='bbox 1763 3548 1869 3604; x_wconf 80' lang='lat' dir='ltr'><strong>[ide</strong></span> <span class='ocrx_word' id='word_1_439' title='bbox 1917 3546 2016 3603; x_wconf 62' lang='grc' dir='ltr'><strong>Πλι-</strong></span> 
     </span>
    </p>
   </div>
   <div class='ocr_carea' id='block_1_66' title="bbox 433 3653 1008 3719">
    <p class='ocr_par' dir='ltr' id='par_1_66' title="bbox 433 3653 1008 3719">
     <span class='ocr_line' id='line_1_66' title="bbox 433 3653 1008 3719; baseline -0.005 -17"><span class='ocrx_word' id='word_1_440' title='bbox 433 3656 660 3719; x_wconf 77' lang='lat' dir='ltr'><strong>grantes</strong></span> <span class='ocrx_word' id='word_1_441' title='bbox 683 3653 1008 3702; x_wconf 73' lang='lat' dir='ltr'><strong>occurrunt.</strong></span> 
     </span>
    </p>
   </div>
   <div class='ocr_carea' id='block_1_67' title="bbox 508 3732 2019 3809">
    <p class='ocr_par' dir='ltr' id='par_1_67' title="bbox 508 3732 2019 3809">
     <span class='ocr_line' id='line_1_67' title="bbox 508 3732 2019 3809; baseline -0.004 -14"><span class='ocrx_word' id='word_1_442' title='bbox 508 3740 829 3809; x_wconf 84' lang='lat' dir='ltr'><strong>Eodemque</strong></span> <span class='ocrx_word' id='word_1_443' title='bbox 874 3751 1028 3792; x_wconf 80' lang='lat' dir='ltr'><strong>anno</strong></span> <span class='ocrx_word' id='word_1_444' title='bbox 1067 3734 1281 3792; x_wconf 81' lang='lat' dir='ltr'><strong>docitee</strong></span> <span class='ocrx_word' id='word_1_445' title='bbox 1330 3732 1636 3789; x_wconf 85' lang='lat' dir='ltr'><strong>clarissima</strong></span> <span class='ocrx_word' id='word_1_446' title='bbox 1689 3733 1745 3787; x_wconf 90' lang='lat' dir='ltr'><strong>in</strong></span> <span class='ocrx_word' id='word_1_447' title='bbox 1791 3732 2019 3790; x_wconf 86' lang='lat' dir='ltr'><strong>Oriente</strong></span> 
     </span>
    </p>
   </div>
   <div class='ocr_carea' id='block_1_68' title="bbox 435 3827 2018 3907">
    <p class='ocr_par' dir='ltr' id='par_1_68' title="bbox 435 3827 2018 3907">
     <span class='ocr_line' id='line_1_68' title="bbox 435 3827 2018 3907; baseline -0.006 -15"><span class='ocrx_word' id='word_1_448' title='bbox 435 3834 696 3907; x_wconf 89' lang='lat' dir='ltr'><strong>apparuit</strong></span> <span class='ocrx_word' id='word_1_449' title='bbox 743 3849 843 3904; x_wconf 88' lang='lat' dir='ltr'><strong>per</strong></span> <span class='ocrx_word' id='word_1_450' title='bbox 891 3829 960 3887; x_wconf 78' lang='grc'><strong>10</strong></span> <span class='ocrx_word' id='word_1_451' title='bbox 1017 3831 1158 3896; x_wconf 79' lang='lat' dir='ltr'><strong>dies,</strong></span> <span class='ocrx_word' id='word_1_452' title='bbox 1204 3837 1263 3885; x_wconf 88' lang='lat' dir='ltr'><strong>et</strong></span> <span class='ocrx_word' id='word_1_453' title='bbox 1307 3827 1508 3885; x_wconf 81' lang='lat' dir='ltr'><strong>iterum</strong></span> <span class='ocrx_word' id='word_1_454' title='bbox 1555 3827 1624 3883; x_wconf 86' lang='lat' dir='ltr'><strong>ad</strong></span> <span class='ocrx_word' id='word_1_455' title='bbox 1663 3829 2018 3884; x_wconf 83' lang='lat' dir='ltr'><strong>Occidentem</strong></span> 
     </span>
    </p>
   </div>
   <div class='ocr_carea' id='block_1_69' title="bbox 441 3918 2018 3994">
    <p class='ocr_par' dir='ltr' id='par_1_69' title="bbox 441 3918 2018 3994">
     <span class='ocr_line' id='line_1_69' title="bbox 441 3918 2018 3994; baseline -0.006 -11"><span class='ocrx_word' id='word_1_456' title='bbox 441 3927 640 3983; x_wconf 87' lang='lat' dir='ltr'><strong>diebus</strong></span> <span class='ocrx_word' id='word_1_457' title='bbox 659 3927 750 3980; x_wconf 71' lang='lat' dir='ltr'><strong>2L</strong></span> <span class='ocrx_word' id='word_1_458' title='bbox 781 3924 1012 3991; x_wconf 85' lang='lat' dir='ltr'><strong>Quidam</strong></span> <span class='ocrx_word' id='word_1_459' title='bbox 1040 3934 1176 3978; x_wconf 88' lang='lat' dir='ltr'><strong>vero</strong></span> <span class='ocrx_word' id='word_1_460' title='bbox 1206 3918 1396 3994; x_wconf 82' lang='lat' dir='ltr'><strong>Syrus,</strong></span> <span class='ocrx_word' id='word_1_461' title='bbox 1422 3919 1749 3976; x_wconf 87' lang='lat' dir='ltr'><strong>Theodorus</strong></span> <span class='ocrx_word' id='word_1_462' title='bbox 1772 3919 2018 3984; x_wconf 86' lang='lat' dir='ltr'><strong>nomine,</strong></span> 
     </span>
    </p>
   </div>
   <div class='ocr_carea' id='block_1_70' title="bbox 441 4010 2019 4085">
    <p class='ocr_par' dir='ltr' id='par_1_70' title="bbox 441 4010 2019 4085">
     <span class='ocr_line' id='line_1_70' title="bbox 441 4010 2019 4085; baseline -0.006 -10"><span class='ocrx_word' id='word_1_463' title='bbox 441 4019 727 4076; x_wconf 85' lang='lat' dir='ltr'><strong>Eibanites</strong></span> <span class='ocrx_word' id='word_1_464' title='bbox 753 4017 900 4072; x_wconf 87' lang='lat' dir='ltr'><strong>circa</strong></span> <span class='ocrx_word' id='word_1_465' title='bbox 950 4014 1234 4085; x_wconf 79' lang='lat' dir='ltr'><strong>regionem</strong></span> <span class='ocrx_word' id='word_1_466' title='bbox 1267 4011 1633 4082; x_wconf 81' lang='lat' dir='ltr'><strong>Heliopoleos,</strong></span> <span class='ocrx_word' id='word_1_467' title='bbox 1672 4024 1797 4082; x_wconf 80' lang='lat' dir='ltr'><strong>quae</strong></span> <span class='ocrx_word' id='word_1_468' title='bbox 1825 4018 1922 4067; x_wconf 87' lang='lat' dir='ltr'><strong>est</strong></span> <span class='ocrx_word' id='word_1_469' title='bbox 1951 4010 2019 4066; x_wconf 90' lang='lat' dir='ltr'><strong>ad</strong></span> 
     </span>
    </p>
   </div>
   <div class='ocr_carea' id='block_1_71' title="bbox 443 4105 2022 4178">
    <p class='ocr_par' dir='ltr' id='par_1_71' title="bbox 443 4105 2022 4178">
     <span class='ocr_line' id='line_1_71' title="bbox 443 4105 2022 4178; baseline -0.006 -8"><span class='ocrx_word' id='word_1_470' title='bbox 443 4114 755 4178; x_wconf 87' lang='lat' dir='ltr'><strong>Libanum,</strong></span> <span class='ocrx_word' id='word_1_471' title='bbox 817 4110 1083 4166; x_wconf 81' lang='lat' dir='ltr'><strong>adversus</strong></span> <span class='ocrx_word' id='word_1_472' title='bbox 1132 4107 1342 4163; x_wconf 75' lang='lat' dir='ltr'><strong>Arabes</strong></span> <span class='ocrx_word' id='word_1_473' title='bbox 1403 4105 1736 4170; x_wconf 70' lang='lat' dir='ltr'><strong>insurrexit,</strong></span> <span class='ocrx_word' id='word_1_474' title='bbox 1789 4113 1845 4162; x_wconf 79' lang='lat' dir='ltr'><strong>et</strong></span> <span class='ocrx_word' id='word_1_475' title='bbox 1893 4118 2022 4161; x_wconf 90' lang='lat' dir='ltr'><strong>cum</strong></span> 
     </span>
    </p>
   </div>
   <div class='ocr_carea' id='block_1_72' title="bbox 443 4199 2023 4269">
    <p class='ocr_par' dir='ltr' id='par_1_72' title="bbox 443 4199 2023 4269">
     <span class='ocr_line' id='line_1_72' title="bbox 443 4199 2023 4269; baseline -0.006 -6"><span class='ocrx_word' id='word_1_476' title='bbox 443 4208 650 4265; x_wconf 89' lang='lat' dir='ltr'><strong>bellum</strong></span> <span class='ocrx_word' id='word_1_477' title='bbox 700 4205 965 4260; x_wconf 82' lang='lat' dir='ltr'><strong>movisset</strong></span> <span class='ocrx_word' id='word_1_478' title='bbox 1016 4203 1072 4257; x_wconf 88' lang='lat' dir='ltr'><strong>in</strong></span> <span class='ocrx_word' id='word_1_479' title='bbox 1121 4217 1241 4263; x_wconf 86' lang='lat' dir='ltr'><strong>eos.</strong></span> <span class='ocrx_word' id='word_1_480' title='bbox 1292 4201 1614 4256; x_wconf 84' lang='lat' dir='ltr'><strong>ceciderunt</strong></span> <span class='ocrx_word' id='word_1_481' title='bbox 1660 4213 1728 4254; x_wconf 83' lang='lat' dir='ltr'><strong>ex</strong></span> <span class='ocrx_word' id='word_1_482' title='bbox 1775 4199 2023 4269; x_wconf 83' lang='lat' dir='ltr'><strong>utrisque</strong></span> 
     </span>
    </p>
   </div>
   <div class='ocr_carea' id='block_1_73' title="bbox 447 4292 2024 4366">
    <p class='ocr_par' dir='ltr' id='par_1_73' title="bbox 447 4292 2024 4366">
     <span class='ocr_line' id='line_1_73' title="bbox 447 4292 2024 4366; baseline -0.006 -9"><span class='ocrx_word' id='word_1_483' title='bbox 447 4302 648 4357; x_wconf 86' lang='lat' dir='ltr'><strong>multi:</strong></span> <span class='ocrx_word' id='word_1_484' title='bbox 685 4298 986 4355; x_wconf 89' lang='lat' dir='ltr'><strong>novissime</strong></span> <span class='ocrx_word' id='word_1_485' title='bbox 1019 4311 1152 4352; x_wconf 86' lang='lat' dir='ltr'><strong>vero</strong></span> <span class='ocrx_word' id='word_1_486' title='bbox 1192 4303 1343 4366; x_wconf 79' lang='lat' dir='ltr'><strong>terga</strong></span> <span class='ocrx_word' id='word_1_487' title='bbox 1377 4301 1435 4350; x_wconf 85' lang='lat' dir='ltr'><strong>et</strong></span> <span class='ocrx_word' id='word_1_488' title='bbox 1474 4292 1592 4364; x_wconf 90' lang='lat' dir='ltr'><strong>ipse</strong></span> <span class='ocrx_word' id='word_1_489' title='bbox 1624 4301 1847 4349; x_wconf 85' lang='lat' dir='ltr'><strong>vertens</strong></span> <span class='ocrx_word' id='word_1_490' title='bbox 1879 4293 2024 4348; x_wconf 66' lang='grc' dir='ltr'><strong>θη·υά</strong></span> 
     </span>
    </p>
   </div>
   <div class='ocr_carea' id='block_1_74' title="bbox 447 4386 2024 4466">
    <p class='ocr_par' dir='ltr' id='par_1_74' title="bbox 447 4386 2024 4466">
     <span class='ocr_line' id='line_1_74' title="bbox 447 4386 2024 4466; baseline -0.005 -18"><span class='ocrx_word' id='word_1_491' title='bbox 447 4394 546 4466; x_wconf 72' lang='lat' dir='ltr'><strong>git,</strong></span> <span class='ocrx_word' id='word_1_492' title='bbox 578 4401 635 4448; x_wconf 91' lang='lat' dir='ltr'><strong>et</strong></span> <span class='ocrx_word' id='word_1_493' title='bbox 667 4391 961 4455; x_wconf 64' lang='lat' dir='ltr'><strong>Libanitaa,</strong></span> <span class='ocrx_word' id='word_1_494' title='bbox 994 4389 1090 4460; x_wconf 84' lang='lat' dir='ltr'><strong>qui</strong></span> <span class='ocrx_word' id='word_1_495' title='bbox 1124 4403 1249 4445; x_wconf 84' lang='lat' dir='ltr'><strong>cum</strong></span> <span class='ocrx_word' id='word_1_496' title='bbox 1287 4386 1408 4459; x_wconf 90' lang='lat' dir='ltr'><strong>ipso</strong></span> <span class='ocrx_word' id='word_1_497' title='bbox 1444 4393 1626 4452; x_wconf 82' lang='lat' dir='ltr'><strong>erant,</strong></span> <span class='ocrx_word' id='word_1_498' title='bbox 1666 4395 1865 4441; x_wconf 83' lang='lat' dir='ltr'><strong>omnes</strong></span> <span class='ocrx_word' id='word_1_499' title='bbox 1894 4393 2024 4441; x_wconf 89' lang='lat' dir='ltr'><strong>sunt</strong></span> 
     </span>
    </p>
   </div>
   <div class='ocr_carea' id='block_1_75' title="bbox 2113 3175 3698 3250">
    <p class='ocr_par' dir='ltr' id='par_1_75' title="bbox 2113 3175 3698 3250">
     <span class='ocr_line' id='line_1_75' title="bbox 2113 3175 3698 3250; baseline -0.008 -8"><span class='ocrx_word' id='word_1_500' title='bbox 2113 3197 2231 3242; x_wconf 88' lang='lat' dir='ltr'><strong>tum</strong></span> <span class='ocrx_word' id='word_1_501' title='bbox 2275 3186 2503 3242; x_wconf 84' lang='lat' dir='ltr'><strong>nomine</strong></span> <span class='ocrx_word' id='word_1_502' title='bbox 2553 3183 2822 3250; x_wconf 82' lang='lat' dir='ltr'><strong>Zeletzin,</strong></span> <span class='ocrx_word' id='word_1_503' title='bbox 2886 3175 2956 3239; x_wconf 76' lang='lat'><strong>30</strong></span> <span class='ocrx_word' id='word_1_504' title='bbox 3004 3199 3131 3238; x_wconf 91' lang='lat' dir='ltr'><strong>cum</strong></span> <span class='ocrx_word' id='word_1_505' title='bbox 3199 3189 3349 3237; x_wconf 87' lang='lat' dir='ltr'><strong>esset</strong></span> <span class='ocrx_word' id='word_1_506' title='bbox 3402 3192 3698 3234; x_wconf 86' lang='lat' dir='ltr'><strong>annorum.</strong></span> 
     </span>
    </p>
   </div>
   <div class='ocr_carea' id='block_1_76' title="bbox 2112 3275 3698 3351">
    <p class='ocr_par' dir='ltr' id='par_1_76' title="bbox 2112 3275 3698 3351">
     <span class='ocr_line' id='line_1_76' title="bbox 2112 3275 3698 3351; baseline -0.006 -16"><span class='ocrx_word' id='word_1_507' title='bbox 2112 3281 2270 3346; x_wconf 82' lang='lat' dir='ltr'><strong>Multi</strong></span> <span class='ocrx_word' id='word_1_508' title='bbox 2327 3289 2596 3351; x_wconf 78' lang='lat' dir='ltr'><strong>praeterea</strong></span> <span class='ocrx_word' id='word_1_509' title='bbox 2642 3277 2825 3334; x_wconf 89' lang='lat' dir='ltr'><strong>Sclavi</strong></span> <span class='ocrx_word' id='word_1_510' title='bbox 2872 3277 3147 3349; x_wconf 76' lang='lat' dir='ltr'><strong>fugientes</strong></span> <span class='ocrx_word' id='word_1_511' title='bbox 3188 3275 3258 3331; x_wconf 87' lang='lat' dir='ltr'><strong>ad</strong></span> <span class='ocrx_word' id='word_1_512' title='bbox 3305 3275 3698 3344; x_wconf 88' lang='lat' dir='ltr'><strong>imperatorem</strong></span> 
     </span>
    </p>
   </div>
   <div class='ocr_carea' id='block_1_77' title="bbox 2115 3367 3704 3441">
    <p class='ocr_par' dir='ltr' id='par_1_77' title="bbox 2115 3367 3704 3441">
     <span class='ocr_line' id='line_1_77' title="bbox 2115 3367 3704 3441; baseline -0.005 -12"><span class='ocrx_word' id='word_1_513' title='bbox 2115 3373 2523 3438; x_wconf 82' lang='lat' dir='ltr'><strong>e0niluxerunt,</strong></span> <span class='ocrx_word' id='word_1_514' title='bbox 2553 3386 2694 3441; x_wconf 89' lang='lat' dir='ltr'><strong>quos</strong></span> <span class='ocrx_word' id='word_1_515' title='bbox 2719 3367 3008 3425; x_wconf 91' lang='lat' dir='ltr'><strong>constituit</strong></span> <span class='ocrx_word' id='word_1_516' title='bbox 3035 3385 3203 3440; x_wconf 90' lang='lat' dir='ltr'><strong>super</strong></span> <span class='ocrx_word' id='word_1_517' title='bbox 3226 3367 3509 3423; x_wconf 87' lang='lat' dir='ltr'><strong>Artanam.</strong></span> <span class='ocrx_word' id='word_1_518' title='bbox 3531 3367 3704 3422; x_wconf 86' lang='lat' dir='ltr'><strong>Porro</strong></span> 
     </span>
    </p>
   </div>
   <div class='ocr_carea' id='block_1_78' title="bbox 2117 3458 3702 3532">
    <p class='ocr_par' dir='ltr' id='par_1_78' title="bbox 2117 3458 3702 3532">
     <span class='ocr_line' id='line_1_78' title="bbox 2117 3458 3702 3532; baseline -0.005 -12"><span class='ocrx_word' id='word_1_519' title='bbox 2117 3464 2186 3521; x_wconf 72' lang='lat'><strong>16</strong></span> <span class='ocrx_word' id='word_1_520' title='bbox 2227 3463 2507 3522; x_wconf 81' lang='lat' dir='ltr'><strong>Kalendas</strong></span> <span class='ocrx_word' id='word_1_521' title='bbox 2543 3463 2718 3519; x_wconf 84' lang='lat' dir='ltr'><strong>Julias</strong></span> <span class='ocrx_word' id='word_1_522' title='bbox 2764 3460 2937 3525; x_wconf 83' lang='lat' dir='ltr'><strong>exivit</strong></span> <span class='ocrx_word' id='word_1_523' title='bbox 2979 3463 3282 3532; x_wconf 85' lang='lat' dir='ltr'><strong>imperator</strong></span> <span class='ocrx_word' id='word_1_524' title='bbox 3307 3459 3364 3516; x_wconf 88' lang='lat' dir='ltr'><strong>in</strong></span> <span class='ocrx_word' id='word_1_525' title='bbox 3408 3458 3702 3521; x_wconf 84' lang='lat' dir='ltr'><strong>Thracem.</strong></span> 
     </span>
    </p>
   </div>
   <div class='ocr_carea' id='block_1_79' title="bbox 2118 3548 3707 3629">
    <p class='ocr_par' dir='ltr' id='par_1_79' title="bbox 2118 3548 3707 3629">
     <span class='ocr_line' id='line_1_79' title="bbox 2118 3548 3707 3629; baseline -0.004 -15"><span class='ocrx_word' id='word_1_526' title='bbox 2118 3559 2288 3614; x_wconf 89' lang='lat' dir='ltr'><strong>misso</strong></span> <span class='ocrx_word' id='word_1_527' title='bbox 2318 3571 2542 3629; x_wconf 91' lang='lat' dir='ltr'><strong>quoque</strong></span> <span class='ocrx_word' id='word_1_528' title='bbox 2567 3556 2790 3628; x_wconf 83' lang='lat' dir='ltr'><strong>navigio</strong></span> <span class='ocrx_word' id='word_1_529' title='bbox 2814 3570 2912 3626; x_wconf 89' lang='lat' dir='ltr'><strong>per</strong></span> <span class='ocrx_word' id='word_1_530' title='bbox 2941 3548 3218 3610; x_wconf 84' lang='lat' dir='ltr'><strong>Euxinum</strong></span> <span class='ocrx_word' id='word_1_531' title='bbox 3251 3564 3499 3624; x_wconf 88' lang='lat' dir='ltr'><strong>pontum,</strong></span> <span class='ocrx_word' id='word_1_532' title='bbox 3529 3565 3707 3622; x_wconf 85' lang='lat' dir='ltr'><strong>usque</strong></span> 
     </span>
    </p>
   </div>
   <div class='ocr_carea' id='block_1_80' title="bbox 2118 3645 3709 3716">
    <p class='ocr_par' dir='ltr' id='par_1_80' title="bbox 2118 3645 3709 3716">
     <span class='ocr_line' id='line_1_80' title="bbox 2118 3645 3709 3716; baseline -0.004 -10"><span class='ocrx_word' id='word_1_533' title='bbox 2118 3654 2186 3707; x_wconf 90' lang='lat' dir='ltr'><strong>ad</strong></span> <span class='ocrx_word' id='word_1_534' title='bbox 2209 3651 2311 3708; x_wconf 86' lang='lat'><strong>800</strong></span> <span class='ocrx_word' id='word_1_535' title='bbox 2337 3650 2629 3708; x_wconf 87' lang='lat' dir='ltr'><strong>chelandia</strong></span> <span class='ocrx_word' id='word_1_536' title='bbox 2668 3649 2905 3706; x_wconf 86' lang='lat' dir='ltr'><strong>ferentia</strong></span> <span class='ocrx_word' id='word_1_537' title='bbox 2933 3646 3220 3703; x_wconf 88' lang='lat' dir='ltr'><strong>duodenos</strong></span> <span class='ocrx_word' id='word_1_538' title='bbox 3245 3660 3440 3716; x_wconf 84' lang='lat' dir='ltr'><strong>equos.</strong></span> <span class='ocrx_word' id='word_1_539' title='bbox 3468 3645 3539 3701; x_wconf 82' lang='lat' dir='ltr'><strong>At</strong></span> <span class='ocrx_word' id='word_1_540' title='bbox 3572 3659 3709 3700; x_wconf 88' lang='lat' dir='ltr'><strong>vero</strong></span> 
     </span>
    </p>
   </div>
   <div class='ocr_carea' id='block_1_81' title="bbox 2118 3726 3711 3812">
    <p class='ocr_par' dir='ltr' id='par_1_81' title="bbox 2118 3726 3711 3812">
     <span class='ocr_line' id='line_1_81' title="bbox 2118 3726 3711 3812; baseline -0.007 -12"><span class='ocrx_word' id='word_1_541' title='bbox 2118 3744 2376 3812; x_wconf 85' lang='lat' dir='ltr'><strong>Zeletzis,</strong></span> <span class='ocrx_word' id='word_1_542' title='bbox 2400 3726 2588 3799; x_wconf 77' lang='lat' dir='ltr'><strong>audita</strong></span> <span class='ocrx_word' id='word_1_543' title='bbox 2613 3750 2804 3798; x_wconf 89' lang='lat' dir='ltr'><strong>contra</strong></span> <span class='ocrx_word' id='word_1_544' title='bbox 2826 3755 2886 3796; x_wconf 87' lang='lat' dir='ltr'><strong>se</strong></span> <span class='ocrx_word' id='word_1_545' title='bbox 2911 3748 3020 3795; x_wconf 89' lang='lat' dir='ltr'><strong>tam</strong></span> <span class='ocrx_word' id='word_1_546' title='bbox 3041 3756 3139 3810; x_wconf 90' lang='lat' dir='ltr'><strong>per</strong></span> <span class='ocrx_word' id='word_1_547' title='bbox 3176 3749 3380 3794; x_wconf 89' lang='lat' dir='ltr'><strong>terram</strong></span> <span class='ocrx_word' id='word_1_548' title='bbox 3407 3752 3573 3807; x_wconf 90' lang='lat' dir='ltr'><strong>quam</strong></span> <span class='ocrx_word' id='word_1_549' title='bbox 3608 3751 3711 3806; x_wconf 90' lang='lat' dir='ltr'><strong>per</strong></span> 
     </span>
    </p>
   </div>
   <div class='ocr_carea' id='block_1_82' title="bbox 2120 3830 3711 3904">
    <p class='ocr_par' dir='ltr' id='par_1_82' title="bbox 2120 3830 3711 3904">
     <span class='ocr_line' id='line_1_82' title="bbox 2120 3830 3711 3904; baseline -0.006 -9"><span class='ocrx_word' id='word_1_550' title='bbox 2120 3854 2273 3895; x_wconf 87' lang='lat' dir='ltr'><strong>mare</strong></span> <span class='ocrx_word' id='word_1_551' title='bbox 2300 3837 2442 3893; x_wconf 87' lang='lat' dir='ltr'><strong>facta</strong></span> <span class='ocrx_word' id='word_1_552' title='bbox 2488 3837 2879 3904; x_wconf 87' lang='lat' dir='ltr'><strong>commotione,</strong></span> <span class='ocrx_word' id='word_1_553' title='bbox 2913 3833 3287 3904; x_wconf 85' lang='lat' dir='ltr'><strong>assumpsitin</strong></span> <span class='ocrx_word' id='word_1_554' title='bbox 3326 3830 3592 3889; x_wconf 83' lang='lat' dir='ltr'><strong>auxilium</strong></span> <span class='ocrx_word' id='word_1_555' title='bbox 3641 3842 3711 3886; x_wconf 80' lang='lat' dir='ltr'><strong>ex</strong></span> 
     </span>
    </p>
   </div>
   <div class='ocr_carea' id='block_1_83' title="bbox 2121 3921 3710 4002">
    <p class='ocr_par' dir='ltr' id='par_1_83' title="bbox 2121 3921 3710 4002">
     <span class='ocr_line' id='line_1_83' title="bbox 2121 3921 3710 4002; baseline -0.007 -16"><span class='ocrx_word' id='word_1_556' title='bbox 2121 3928 2502 4002; x_wconf 73' lang='lat' dir='ltr'><strong>adiacentibus</strong></span> <span class='ocrx_word' id='word_1_557' title='bbox 2541 3928 2650 3984; x_wconf 88' lang='lat' dir='ltr'><strong>sibi</strong></span> <span class='ocrx_word' id='word_1_558' title='bbox 2697 3926 3019 3984; x_wconf 90' lang='lat' dir='ltr'><strong>nationibus</strong></span> <span class='ocrx_word' id='word_1_559' title='bbox 3063 3924 3136 3979; x_wconf 70' lang='lat'><strong>20</strong></span> <span class='ocrx_word' id='word_1_560' title='bbox 3181 3921 3376 3989; x_wconf 88' lang='lat' dir='ltr'><strong>millia,</strong></span> <span class='ocrx_word' id='word_1_561' title='bbox 3415 3931 3473 3978; x_wconf 91' lang='lat' dir='ltr'><strong>et</strong></span> <span class='ocrx_word' id='word_1_562' title='bbox 3517 3921 3605 3976; x_wconf 88' lang='lat' dir='ltr'><strong>his</strong></span> <span class='ocrx_word' id='word_1_563' title='bbox 3655 3921 3710 3976; x_wconf 88' lang='lat' dir='ltr'><strong>in</strong></span> 
     </span>
    </p>
   </div>
   <div class='ocr_carea' id='block_1_84' title="bbox 2124 4014 3715 4086">
    <p class='ocr_par' dir='ltr' id='par_1_84' title="bbox 2124 4014 3715 4086">
     <span class='ocr_line' id='line_1_84' title="bbox 2124 4014 3715 4086; baseline -0.007 -3"><span class='ocrx_word' id='word_1_564' title='bbox 2124 4023 2534 4083; x_wconf 84' lang='lat' dir='ltr'><strong>munitionibus</strong></span> <span class='ocrx_word' id='word_1_565' title='bbox 2563 4021 2888 4078; x_wconf 88' lang='lat' dir='ltr'><strong>constitutis</strong></span> <span class='ocrx_word' id='word_1_566' title='bbox 2928 4035 2987 4076; x_wconf 86' lang='lat' dir='ltr'><strong>se</strong></span> <span class='ocrx_word' id='word_1_567' title='bbox 3020 4028 3245 4076; x_wconf 82' lang='lat' dir='ltr'><strong>cautum</strong></span> <span class='ocrx_word' id='word_1_568' title='bbox 3287 4025 3343 4072; x_wconf 91' lang='lat' dir='ltr'><strong>et</strong></span> <span class='ocrx_word' id='word_1_569' title='bbox 3373 4014 3715 4086; x_wconf 89' lang='lat' dir='ltr'><strong>intrepidum</strong></span> 
     </span>
    </p>
   </div>
   <div class='ocr_carea' id='block_1_85' title="bbox 2124 4114 3718 4189">
    <p class='ocr_par' dir='ltr' id='par_1_85' title="bbox 2124 4114 3718 4189">
     <span class='ocr_line' id='line_1_85' title="bbox 2124 4114 3718 4189; baseline -0.009 -11"><span class='ocrx_word' id='word_1_570' title='bbox 2124 4119 2389 4178; x_wconf 83' lang='lat' dir='ltr'><strong>reddidit.</strong></span> <span class='ocrx_word' id='word_1_571' title='bbox 2414 4118 2513 4175; x_wconf 78' lang='lat' dir='ltr'><strong>Ast</strong></span> <span class='ocrx_word' id='word_1_572' title='bbox 2533 4117 2833 4189; x_wconf 87' lang='lat' dir='ltr'><strong>imperator</strong></span> <span class='ocrx_word' id='word_1_573' title='bbox 2849 4132 2974 4172; x_wconf 88' lang='lat' dir='ltr'><strong>cum</strong></span> <span class='ocrx_word' id='word_1_574' title='bbox 2993 4114 3453 4177; x_wconf 84' lang='lat' dir='ltr'><strong>venisset,castra</strong></span> <span class='ocrx_word' id='word_1_575' title='bbox 3475 4117 3718 4181; x_wconf 82' lang='lat' dir='ltr'><strong>metatus</strong></span> 
     </span>
    </p>
   </div>
   <div class='ocr_carea' id='block_1_86' title="bbox 2125 4201 3722 4279">
    <p class='ocr_par' dir='ltr' id='par_1_86' title="bbox 2125 4201 3722 4279">
     <span class='ocr_line' id='line_1_86' title="bbox 2125 4201 3722 4279; baseline -0.006 -11"><span class='ocrx_word' id='word_1_576' title='bbox 2125 4210 2288 4269; x_wconf 79' lang='lat' dir='ltr'><strong>estin</strong></span> <span class='ocrx_word' id='word_1_577' title='bbox 2317 4223 2514 4279; x_wconf 87' lang='lat' dir='ltr'><strong>campo</strong></span> <span class='ocrx_word' id='word_1_578' title='bbox 2552 4205 2840 4273; x_wconf 86' lang='lat' dir='ltr'><strong>Anchiali;</strong></span> <span class='ocrx_word' id='word_1_579' title='bbox 2873 4216 2930 4262; x_wconf 86' lang='lat' dir='ltr'><strong>et</strong></span> <span class='ocrx_word' id='word_1_580' title='bbox 2972 4205 3151 4277; x_wconf 84' lang='lat' dir='ltr'><strong>pridie</strong></span> <span class='ocrx_word' id='word_1_581' title='bbox 3175 4203 3294 4259; x_wconf 83' lang='lat' dir='ltr'><strong>Kal.</strong></span> <span class='ocrx_word' id='word_1_582' title='bbox 3322 4201 3495 4258; x_wconf 79' lang='lat' dir='ltr'><strong>Julias</strong></span> <span class='ocrx_word' id='word_1_583' title='bbox 3526 4201 3722 4272; x_wconf 61' lang='lat' dir='ltr'><strong>prima</strong></span> 
     </span>
    </p>
   </div>
   <div class='ocr_carea' id='block_1_87' title="bbox 2127 4293 3721 4372">
    <p class='ocr_par' dir='ltr' id='par_1_87' title="bbox 2127 4293 3721 4372">
     <span class='ocr_line' id='line_1_87' title="bbox 2127 4293 3721 4372; baseline -0.007 -10"><span class='ocrx_word' id='word_1_584' title='bbox 2127 4299 2468 4367; x_wconf 80' lang='lat' dir='ltr'><strong>indictionis,</strong></span> <span class='ocrx_word' id='word_1_585' title='bbox 2493 4300 2626 4357; x_wconf 82' lang='lat' dir='ltr'><strong>feria</strong></span> <span class='ocrx_word' id='word_1_586' title='bbox 2644 4301 2856 4372; x_wconf 87' lang='lat' dir='ltr'><strong>quinta,</strong></span> <span class='ocrx_word' id='word_1_587' title='bbox 2888 4293 3124 4356; x_wconf 78' lang='lat' dir='ltr'><strong>Zeletzis</strong></span> <span class='ocrx_word' id='word_1_588' title='bbox 3145 4295 3411 4368; x_wconf 82' lang='lat' dir='ltr'><strong>apparuit</strong></span> <span class='ocrx_word' id='word_1_589' title='bbox 3426 4311 3551 4352; x_wconf 89' lang='lat' dir='ltr'><strong>cum</strong></span> <span class='ocrx_word' id='word_1_590' title='bbox 3577 4296 3721 4351; x_wconf 85' lang='lat' dir='ltr'><strong>mul-</strong></span> 
     </span>
    </p>
   </div>
   <div class='ocr_carea' id='block_1_88' title="bbox 2129 4390 3724 4467">
    <p class='ocr_par' dir='ltr' id='par_1_88' title="bbox 2129 4390 3724 4467">
     <span class='ocr_line' id='line_1_88' title="bbox 2129 4390 3724 4467; baseline -0.004 -15"><span class='ocrx_word' id='word_1_591' title='bbox 2129 4396 2369 4453; x_wconf 90' lang='lat' dir='ltr'><strong>titudine</strong></span> <span class='ocrx_word' id='word_1_592' title='bbox 2390 4395 2633 4467; x_wconf 77' lang='lat' dir='ltr'><strong>gentium</strong></span> <span class='ocrx_word' id='word_1_593' title='bbox 2655 4392 3283 4460; x_wconf 87' lang='lat' dir='ltr'><strong>veniens,ineuntesque</strong></span> <span class='ocrx_word' id='word_1_594' title='bbox 3305 4390 3508 4448; x_wconf 89' lang='lat' dir='ltr'><strong>bellum</strong></span> <span class='ocrx_word' id='word_1_595' title='bbox 3533 4391 3724 4448; x_wconf 86' lang='lat' dir='ltr'><strong>conci-</strong></span> 
     </span>
    </p>
   </div>
   <div class='ocr_carea' id='block_1_89' title="bbox 449 4477 2009 4560">
    <p class='ocr_par' dir='ltr' id='par_1_89' title="bbox 449 4477 2009 4555">
     <span class='ocr_line' id='line_1_89' title="bbox 449 4477 2009 4555; baseline -0.006 -13"><span class='ocrx_word' id='word_1_596' title='bbox 449 4484 788 4555; x_wconf 82' lang='lat' dir='ltr'><strong>interempti.</strong></span> <span class='ocrx_word' id='word_1_597' title='bbox 829 4483 1008 4538; x_wconf 72' lang='lat' dir='ltr'><strong>Facta:</strong></span> <span class='ocrx_word' id='word_1_598' title='bbox 1054 4489 1237 4536; x_wconf 88' lang='lat' dir='ltr'><strong>autem</strong></span> <span class='ocrx_word' id='word_1_599' title='bbox 1267 4487 1397 4534; x_wconf 85' lang='lat' dir='ltr'><strong>sunt</strong></span> <span class='ocrx_word' id='word_1_600' title='bbox 1443 4486 1501 4534; x_wconf 89' lang='lat' dir='ltr'><strong>et</strong></span> <span class='ocrx_word' id='word_1_601' title='bbox 1553 4479 1611 4533; x_wconf 89' lang='lat' dir='ltr'><strong>in</strong></span> <span class='ocrx_word' id='word_1_602' title='bbox 1657 4477 1841 4533; x_wconf 85' lang='lat' dir='ltr'><strong>Africa</strong></span> <span class='ocrx_word' id='word_1_603' title='bbox 1871 4479 2009 4534; x_wconf 89' lang='lat' dir='ltr'><strong>sedi-</strong></span> 
     </span>
    </p>
   </div>
   <div class='ocr_carea' id='block_1_90' title="bbox 2114 4477 3724 4560">
    <p class='ocr_par' dir='ltr' id='par_1_90' title="bbox 2125 4483 3724 4560">
     <span class='ocr_line' id='line_1_90' title="bbox 2125 4483 3724 4560; baseline -0.004 -13"><span class='ocrx_word' id='word_1_604' title='bbox 2125 4490 2264 4560; x_wconf 74' lang='lat' dir='ltr'><strong>dunt</strong></span> <span class='ocrx_word' id='word_1_605' title='bbox 2296 4487 2506 4544; x_wconf 89' lang='lat' dir='ltr'><strong>diutius</strong></span> <span class='ocrx_word' id='word_1_606' title='bbox 2541 4486 3015 4542; x_wconf 76' lang='lat' dir='ltr'><strong>invicem.Verum</strong></span> <span class='ocrx_word' id='word_1_607' title='bbox 3051 4483 3284 4539; x_wconf 84' lang='lat' dir='ltr'><strong>Zeletzis</strong></span> <span class='ocrx_word' id='word_1_608' title='bbox 3322 4493 3472 4555; x_wconf 70' lang='lat' dir='ltr'><strong>terga</strong></span> <span class='ocrx_word' id='word_1_609' title='bbox 3501 4494 3724 4540; x_wconf 83' lang='lat' dir='ltr'><strong>vertens</strong></span> 
     </span>
    </p>
   </div>
   <div class='ocr_carea' id='block_1_91' title="bbox 451 4571 2024 4643">
    <p class='ocr_par' dir='ltr' id='par_1_91' title="bbox 451 4571 2024 4643">
     <span class='ocr_line' id='line_1_91' title="bbox 451 4571 2024 4643; baseline -0.004 -7"><span class='ocrx_word' id='word_1_610' title='bbox 451 4582 631 4636; x_wconf 89' lang='lat' dir='ltr'><strong>tiones</strong></span> <span class='ocrx_word' id='word_1_611' title='bbox 672 4588 729 4634; x_wconf 91' lang='lat' dir='ltr'><strong>et</strong></span> <span class='ocrx_word' id='word_1_612' title='bbox 782 4578 949 4643; x_wconf 87' lang='lat' dir='ltr'><strong>bella,</strong></span> <span class='ocrx_word' id='word_1_613' title='bbox 1006 4575 1174 4631; x_wconf 87' lang='lat' dir='ltr'><strong>solari</strong></span> <span class='ocrx_word' id='word_1_614' title='bbox 1222 4573 1416 4643; x_wconf 84' lang='lat' dir='ltr'><strong>eelipsi</strong></span> <span class='ocrx_word' id='word_1_615' title='bbox 1470 4571 1614 4629; x_wconf 81' lang='lat' dir='ltr'><strong>facta</strong></span> <span class='ocrx_word' id='word_1_616' title='bbox 1655 4573 1720 4627; x_wconf 76' lang='lat' dir='ltr'><strong>l8</strong></span> <span class='ocrx_word' id='word_1_617' title='bbox 1756 4572 2024 4629; x_wconf 84' lang='lat' dir='ltr'><strong>Kalendas</strong></span> 
     </span>
    </p>
   </div>
   <div class='ocr_carea' id='block_1_92' title="bbox 449 4660 2031 4744">
    <p class='ocr_par' dir='ltr' id='par_1_92' title="bbox 449 4660 2031 4744">
     <span class='ocr_line' id='line_1_92' title="bbox 449 4660 2031 4744; baseline -0.006 -16"><span class='ocrx_word' id='word_1_618' title='bbox 449 4670 850 4744; x_wconf 82' lang='lat' dir='ltr'><strong>Septembrias,</strong></span> <span class='ocrx_word' id='word_1_619' title='bbox 875 4668 1013 4724; x_wconf 90' lang='lat' dir='ltr'><strong>feria</strong></span> <span class='ocrx_word' id='word_1_620' title='bbox 1046 4666 1099 4734; x_wconf 85' lang='lat'><strong>6,</strong></span> <span class='ocrx_word' id='word_1_621' title='bbox 1132 4667 1267 4722; x_wconf 90' lang='lat' dir='ltr'><strong>hora</strong></span> <span class='ocrx_word' id='word_1_622' title='bbox 1291 4666 1379 4720; x_wconf 75' lang='grc'><strong>10.</strong></span> <span class='ocrx_word' id='word_1_623' title='bbox 1407 4660 1582 4720; x_wconf 80' lang='lat' dir='ltr'><strong>Porro</strong></span> <span class='ocrx_word' id='word_1_624' title='bbox 1611 4664 2031 4720; x_wconf 83' lang='lat' dir='ltr'><strong>insurrexerunt</strong></span> 
     </span>
    </p>
   </div>
   <div class='ocr_carea' id='block_1_93' title="bbox 449 4754 2035 4838">
    <p class='ocr_par' dir='ltr' id='par_1_93' title="bbox 449 4754 2035 4838">
     <span class='ocr_line' id='line_1_93' title="bbox 449 4754 2035 4838; baseline -0.007 -16"><span class='ocrx_word' id='word_1_625' title='bbox 449 4766 679 4838; x_wconf 79' lang='lat' dir='ltr'><strong>quidam</strong></span> <span class='ocrx_word' id='word_1_626' title='bbox 730 4779 801 4820; x_wconf 90' lang='lat' dir='ltr'><strong>ex</strong></span> <span class='ocrx_word' id='word_1_627' title='bbox 847 4759 1233 4831; x_wconf 74' lang='lat' dir='ltr'><strong>Maurophoris</strong></span> <span class='ocrx_word' id='word_1_628' title='bbox 1289 4758 1434 4829; x_wconf 86' lang='lat' dir='ltr'><strong>apud</strong></span> <span class='ocrx_word' id='word_1_629' title='bbox 1494 4755 1731 4821; x_wconf 71' lang='lat' dir='ltr'><strong>Debere,</strong></span> <span class='ocrx_word' id='word_1_630' title='bbox 1788 4754 2035 4811; x_wconf 86' lang='lat' dir='ltr'><strong>dicentes</strong></span> 
     </span>
    </p>
   </div>
   <div class='ocr_carea' id='block_1_94' title="bbox 455 4849 2040 4928">
    <p class='ocr_par' dir='ltr' id='par_1_94' title="bbox 455 4849 2040 4928">
     <span class='ocr_line' id='line_1_94' title="bbox 455 4849 2040 4928; baseline -0.006 -14"><span class='ocrx_word' id='word_1_631' title='bbox 455 4860 632 4915; x_wconf 79' lang='lat' dir='ltr'><strong>tilium</strong></span> <span class='ocrx_word' id='word_1_632' title='bbox 657 4853 1058 4928; x_wconf 79' lang='lat' dir='ltr'><strong>protosymboli</strong></span> <span class='ocrx_word' id='word_1_633' title='bbox 1089 4853 1252 4907; x_wconf 88' lang='lat' dir='ltr'><strong>deum</strong></span> <span class='ocrx_word' id='word_1_634' title='bbox 1293 4859 1354 4905; x_wconf 84' lang='lat' dir='ltr'><strong>ut</strong></span> <span class='ocrx_word' id='word_1_635' title='bbox 1398 4849 1731 4905; x_wconf 80' lang='lat' dir='ltr'><strong>nutritorem</strong></span> <span class='ocrx_word' id='word_1_636' title='bbox 1757 4863 1942 4914; x_wconf 85' lang='lat' dir='ltr'><strong>suum,</strong></span> <span class='ocrx_word' id='word_1_637' title='bbox 1983 4857 2040 4904; x_wconf 84' lang='lat' dir='ltr'><strong>et</strong></span> 
     </span>
    </p>
   </div>
   <div class='ocr_carea' id='block_1_95' title="bbox 453 4941 2043 5026">
    <p class='ocr_par' dir='ltr' id='par_1_95' title="bbox 453 4941 2043 5026">
     <span class='ocr_line' id='line_1_95' title="bbox 453 4941 2043 5026; baseline -0.008 -18"><span class='ocrx_word' id='word_1_638' title='bbox 453 4954 807 5026; x_wconf 86' lang='lat' dir='ltr'><strong>protulerunt</strong></span> <span class='ocrx_word' id='word_1_639' title='bbox 834 4949 1032 5019; x_wconf 78' lang='lat' dir='ltr'><strong>dogma</strong></span> <span class='ocrx_word' id='word_1_640' title='bbox 1061 4943 1406 5016; x_wconf 72' lang='lat' dir='ltr'><strong>huiusmodi,</strong></span> <span class='ocrx_word' id='word_1_641' title='bbox 1433 4951 1492 4998; x_wconf 81' lang='lat' dir='ltr'><strong>et</strong></span> <span class='ocrx_word' id='word_1_642' title='bbox 1515 4941 1868 4998; x_wconf 73' lang='lat' dir='ltr'><strong>introierunt</strong></span> <span class='ocrx_word' id='word_1_643' title='bbox 1889 4941 2043 4996; x_wconf 85' lang='lat' dir='ltr'><strong>Mau-</strong></span> 
     </span>
    </p>
   </div>
   <div class='ocr_carea' id='block_1_96' title="bbox 457 5035 2045 5116">
    <p class='ocr_par' dir='ltr' id='par_1_96' title="bbox 457 5035 2045 5116">
     <span class='ocr_line' id='line_1_96' title="bbox 457 5035 2045 5116; baseline -0.007 -15"><span class='ocrx_word' id='word_1_644' title='bbox 457 5044 685 5116; x_wconf 84' lang='lat' dir='ltr'><strong>rophori</strong></span> <span class='ocrx_word' id='word_1_645' title='bbox 732 5045 956 5101; x_wconf 86' lang='lat' dir='ltr'><strong>domum</strong></span> <span class='ocrx_word' id='word_1_646' title='bbox 988 5041 1201 5098; x_wconf 84' lang='lat' dir='ltr'><strong>erroris</strong></span> <span class='ocrx_word' id='word_1_647' title='bbox 1244 5038 1352 5104; x_wconf 86' lang='lat' dir='ltr'><strong>sui,</strong></span> <span class='ocrx_word' id='word_1_648' title='bbox 1398 5045 1457 5093; x_wconf 80' lang='lat' dir='ltr'><strong>et</strong></span> <span class='ocrx_word' id='word_1_649' title='bbox 1508 5035 1833 5092; x_wconf 87' lang='lat' dir='ltr'><strong>occiderunt</strong></span> <span class='ocrx_word' id='word_1_650' title='bbox 1871 5035 2045 5090; x_wconf 80' lang='lat' dir='ltr'><strong>clavi-</strong></span> 
     </span>
    </p>
   </div>
   <div class='ocr_carea' id='block_1_97' title="bbox 457 5129 2044 5211">
    <p class='ocr_par' dir='ltr' id='par_1_97' title="bbox 457 5129 2044 5211">
     <span class='ocr_line' id='line_1_97' title="bbox 457 5129 2044 5211; baseline -0.007 -17"><span class='ocrx_word' id='word_1_651' title='bbox 457 5154 620 5211; x_wconf 75' lang='lat' dir='ltr'><strong>geres</strong></span> <span class='ocrx_word' id='word_1_652' title='bbox 646 5150 879 5194; x_wconf 84' lang='lat' dir='ltr'><strong>numero</strong></span> <span class='ocrx_word' id='word_1_653' title='bbox 902 5135 991 5192; x_wconf 87' lang='lat'><strong>60.</strong></span> <span class='ocrx_word' id='word_1_654' title='bbox 1024 5135 1094 5189; x_wconf 87' lang='lat' dir='ltr'><strong>Et</strong></span> <span class='ocrx_word' id='word_1_655' title='bbox 1121 5133 1381 5189; x_wconf 86' lang='lat' dir='ltr'><strong>exierunt</strong></span> <span class='ocrx_word' id='word_1_656' title='bbox 1407 5130 1632 5202; x_wconf 83' lang='lat' dir='ltr'><strong>quidam</strong></span> <span class='ocrx_word' id='word_1_657' title='bbox 1667 5131 1721 5185; x_wconf 90' lang='lat' dir='ltr'><strong>in</strong></span> <span class='ocrx_word' id='word_1_658' title='bbox 1750 5129 2044 5196; x_wconf 83' lang='lat' dir='ltr'><strong>Basrason,</strong></span> 
     </span>
    </p>
   </div>
   <div class='ocr_carea' id='block_1_98' title="bbox 455 5227 2041 5306">
    <p class='ocr_par' dir='ltr' id='par_1_98' title="bbox 455 5227 2041 5306">
     <span class='ocr_line' id='line_1_98' title="bbox 455 5227 2041 5306; baseline -0.005 -16"><span class='ocrx_word' id='word_1_659' title='bbox 455 5243 517 5290; x_wconf 90' lang='lat' dir='ltr'><strong>et</strong></span> <span class='ocrx_word' id='word_1_660' title='bbox 566 5235 985 5306; x_wconf 82' lang='lat' dir='ltr'><strong>captivaverunt</strong></span> <span class='ocrx_word' id='word_1_661' title='bbox 1031 5231 1256 5296; x_wconf 84' lang='lat' dir='ltr'><strong>multos,</strong></span> <span class='ocrx_word' id='word_1_662' title='bbox 1304 5237 1362 5286; x_wconf 89' lang='lat' dir='ltr'><strong>et</strong></span> <span class='ocrx_word' id='word_1_663' title='bbox 1409 5227 1672 5300; x_wconf 85' lang='lat' dir='ltr'><strong>pecunias</strong></span> <span class='ocrx_word' id='word_1_664' title='bbox 1716 5241 2041 5283; x_wconf 82' lang='lat' dir='ltr'><strong>numerosas</strong></span> 
     </span>
    </p>
   </div>
   <div class='ocr_carea' id='block_1_99' title="bbox 461 5337 842 5400">
    <p class='ocr_par' dir='ltr' id='par_1_99' title="bbox 461 5337 842 5400">
     <span class='ocr_line' id='line_1_99' title="bbox 461 5337 842 5400; baseline -0.008 -14"><span class='ocrx_word' id='word_1_665' title='bbox 461 5337 842 5400; x_wconf 85' lang='lat' dir='ltr'><strong>sumpserunt.</strong></span> 
     </span>
    </p>
   </div>
   <div class='ocr_carea' id='block_1_100' title="bbox 536 5411 2045 5491">
    <p class='ocr_par' dir='ltr' id='par_1_100' title="bbox 536 5411 2045 5491">
     <span class='ocr_line' id='line_1_100' title="bbox 536 5411 2045 5491; baseline -0.007 -14"><span class='ocrx_word' id='word_1_666' title='bbox 536 5422 695 5478; x_wconf 76' lang='lat' dir='ltr'><strong>Anno</strong></span> <span class='ocrx_word' id='word_1_667' title='bbox 729 5420 948 5491; x_wconf 89' lang='lat' dir='ltr'><strong>imperii</strong></span> <span class='ocrx_word' id='word_1_668' title='bbox 985 5415 1334 5475; x_wconf 88' lang='lat' dir='ltr'><strong>Constantini</strong></span> <span class='ocrx_word' id='word_1_669' title='bbox 1381 5416 1445 5470; x_wconf 76' lang='lat'><strong>2|</strong></span> <span class='ocrx_word' id='word_1_670' title='bbox 1496 5413 1822 5471; x_wconf 86' lang='lat' dir='ltr'><strong>seditionem</strong></span> <span class='ocrx_word' id='word_1_671' title='bbox 1855 5411 2045 5470; x_wconf 89' lang='lat' dir='ltr'><strong>conci-</strong></span> 
     </span>
    </p>
   </div>
   <div class='ocr_carea' id='block_1_101' title="bbox 467 5507 2048 5579">
    <p class='ocr_par' dir='ltr' id='par_1_101' title="bbox 467 5507 2048 5579">
     <span class='ocr_line' id='line_1_101' title="bbox 467 5507 2048 5579; baseline -0.007 -9"><span class='ocrx_word' id='word_1_672' title='bbox 467 5523 724 5571; x_wconf 86' lang='lat' dir='ltr'><strong>taverunt</strong></span> <span class='ocrx_word' id='word_1_673' title='bbox 787 5513 1050 5569; x_wconf 72' lang='lat' dir='ltr'><strong>Cassiotas</strong></span> <span class='ocrx_word' id='word_1_674' title='bbox 1116 5518 1312 5566; x_wconf 87' lang='lat' dir='ltr'><strong>contra</strong></span> <span class='ocrx_word' id='word_1_675' title='bbox 1369 5507 1767 5579; x_wconf 81' lang='lat' dir='ltr'><strong>Maurophoros</strong></span> <span class='ocrx_word' id='word_1_676' title='bbox 1819 5513 2048 5578; x_wconf 87' lang='lat' dir='ltr'><strong>propter</strong></span> 
     </span>
    </p>
   </div>
   <div class='ocr_carea' id='block_1_102' title="bbox 2134 4576 3720 4656">
    <p class='ocr_par' dir='ltr' id='par_1_102' title="bbox 2134 4576 3720 4656">
     <span class='ocr_line' id='line_1_102' title="bbox 2134 4576 3720 4656; baseline -0.004 -16"><span class='ocrx_word' id='word_1_677' title='bbox 2134 4581 2533 4656; x_wconf 76' lang='lat' dir='ltr'><strong>eiiugit.Porro</strong></span> <span class='ocrx_word' id='word_1_678' title='bbox 2564 4595 2745 4650; x_wconf 76' lang='lat' dir='ltr'><strong>pugna</strong></span> <span class='ocrx_word' id='word_1_679' title='bbox 2774 4577 2953 4633; x_wconf 91' lang='lat' dir='ltr'><strong>tenuit</strong></span> <span class='ocrx_word' id='word_1_680' title='bbox 2983 4577 3051 4632; x_wconf 89' lang='lat' dir='ltr'><strong>ab</strong></span> <span class='ocrx_word' id='word_1_681' title='bbox 3070 4577 3205 4631; x_wconf 91' lang='lat' dir='ltr'><strong>hora</strong></span> <span class='ocrx_word' id='word_1_682' title='bbox 3236 4576 3427 4646; x_wconf 89' lang='lat' dir='ltr'><strong>quinta</strong></span> <span class='ocrx_word' id='word_1_683' title='bbox 3451 4593 3629 4648; x_wconf 85' lang='lat' dir='ltr'><strong>usque</strong></span> <span class='ocrx_word' id='word_1_684' title='bbox 3650 4577 3720 4634; x_wconf 83' lang='lat' dir='ltr'><strong>ad</strong></span> 
     </span>
    </p>
   </div>
   <div class='ocr_carea' id='block_1_103' title="bbox 2136 4669 3724 4748">
    <p class='ocr_par' dir='ltr' id='par_1_103' title="bbox 2136 4669 3724 4748">
     <span class='ocr_line' id='line_1_103' title="bbox 2136 4669 3724 4748; baseline -0.004 -15"><span class='ocrx_word' id='word_1_685' title='bbox 2136 4677 2537 4748; x_wconf 72' lang='lat' dir='ltr'><strong>veSpertinam,</strong></span> <span class='ocrx_word' id='word_1_686' title='bbox 2568 4681 2624 4728; x_wconf 84' lang='lat' dir='ltr'><strong>et</strong></span> <span class='ocrx_word' id='word_1_687' title='bbox 2653 4671 3040 4727; x_wconf 89' lang='lat' dir='ltr'><strong>multitudines</strong></span> <span class='ocrx_word' id='word_1_688' title='bbox 3085 4669 3386 4741; x_wconf 75' lang='lat' dir='ltr'><strong>Vulgarum</strong></span> <span class='ocrx_word' id='word_1_689' title='bbox 3412 4687 3724 4727; x_wconf 62' lang='lat' dir='ltr'><strong>numerosa</strong></span> 
     </span>
    </p>
   </div>
   <div class='ocr_carea' id='block_1_104' title="bbox 2142 4761 3726 4843">
    <p class='ocr_par' dir='ltr' id='par_1_104' title="bbox 2142 4761 3726 4843">
     <span class='ocr_line' id='line_1_104' title="bbox 2142 4761 3726 4843; baseline -0.003 -19"><span class='ocrx_word' id='word_1_690' title='bbox 2142 4777 2443 4843; x_wconf 69' lang='lat' dir='ltr'><strong>perempta:</strong></span> <span class='ocrx_word' id='word_1_691' title='bbox 2473 4773 2604 4821; x_wconf 90' lang='lat' dir='ltr'><strong>sunt</strong></span> <span class='ocrx_word' id='word_1_692' title='bbox 2631 4782 2643 4818; x_wconf 90' lang='lat'>:</span> <span class='ocrx_word' id='word_1_693' title='bbox 2679 4763 2842 4819; x_wconf 87' lang='lat' dir='ltr'><strong>multi</strong></span> <span class='ocrx_word' id='word_1_694' title='bbox 2870 4778 3002 4819; x_wconf 89' lang='lat' dir='ltr'><strong>vero</strong></span> <span class='ocrx_word' id='word_1_695' title='bbox 3032 4777 3101 4818; x_wconf 85' lang='lat' dir='ltr'><strong>ex</strong></span> <span class='ocrx_word' id='word_1_696' title='bbox 3137 4761 3220 4816; x_wconf 88' lang='lat' dir='ltr'><strong>eis</strong></span> <span class='ocrx_word' id='word_1_697' title='bbox 3253 4762 3418 4833; x_wconf 90' lang='lat' dir='ltr'><strong>capti,</strong></span> <span class='ocrx_word' id='word_1_698' title='bbox 3450 4764 3726 4834; x_wconf 86' lang='lat' dir='ltr'><strong>multique</strong></span> 
     </span>
    </p>
   </div>
   <div class='ocr_carea' id='block_1_105' title="bbox 2146 4854 3728 4933">
    <p class='ocr_par' dir='ltr' id='par_1_105' title="bbox 2146 4854 3728 4933">
     <span class='ocr_line' id='line_1_105' title="bbox 2146 4854 3728 4933; baseline -0.003 -16"><span class='ocrx_word' id='word_1_699' title='bbox 2146 4859 2470 4933; x_wconf 82' lang='lat' dir='ltr'><strong>imperatori</strong></span> <span class='ocrx_word' id='word_1_700' title='bbox 2505 4855 2714 4914; x_wconf 88' lang='lat' dir='ltr'><strong>subditi</strong></span> <span class='ocrx_word' id='word_1_701' title='bbox 2744 4856 2874 4911; x_wconf 84' lang='lat' dir='ltr'><strong>facti</strong></span> <span class='ocrx_word' id='word_1_702' title='bbox 2901 4862 3054 4910; x_wconf 85' lang='lat' dir='ltr'><strong>sunt.</strong></span> <span class='ocrx_word' id='word_1_703' title='bbox 3088 4855 3189 4910; x_wconf 81' lang='lat' dir='ltr'><strong>Ast</strong></span> <span class='ocrx_word' id='word_1_704' title='bbox 3209 4854 3507 4924; x_wconf 86' lang='lat' dir='ltr'><strong>imperator</strong></span> <span class='ocrx_word' id='word_1_705' title='bbox 3528 4857 3728 4930; x_wconf 83' lang='lat' dir='ltr'><strong>hujus-</strong></span> 
     </span>
    </p>
   </div>
   <div class='ocr_carea' id='block_1_106' title="bbox 2143 4947 3727 5020">
    <p class='ocr_par' dir='ltr' id='par_1_106' title="bbox 2143 4947 3727 5020">
     <span class='ocr_line' id='line_1_106' title="bbox 2143 4947 3727 5020; baseline -0.004 -10"><span class='ocrx_word' id='word_1_706' title='bbox 2143 4953 2359 5010; x_wconf 87' lang='lat' dir='ltr'><strong>cemodi</strong></span> <span class='ocrx_word' id='word_1_707' title='bbox 2387 4949 2565 5008; x_wconf 87' lang='lat' dir='ltr'><strong>elatus</strong></span> <span class='ocrx_word' id='word_1_708' title='bbox 2585 4949 2818 5005; x_wconf 88' lang='lat' dir='ltr'><strong>victoria</strong></span> <span class='ocrx_word' id='word_1_709' title='bbox 2844 4947 3153 5020; x_wconf 90' lang='lat' dir='ltr'><strong>publicavit</strong></span> <span class='ocrx_word' id='word_1_710' title='bbox 3175 4947 3318 5002; x_wconf 91' lang='lat' dir='ltr'><strong>hanc</strong></span> <span class='ocrx_word' id='word_1_711' title='bbox 3350 4962 3534 5003; x_wconf 90' lang='lat' dir='ltr'><strong>coram</strong></span> <span class='ocrx_word' id='word_1_712' title='bbox 3565 4949 3727 5016; x_wconf 91' lang='lat' dir='ltr'><strong>urbe,</strong></span> 
     </span>
    </p>
   </div>
   <div class='ocr_carea' id='block_1_107' title="bbox 2143 5037 3732 5112">
    <p class='ocr_par' dir='ltr' id='par_1_107' title="bbox 2143 5037 3732 5112">
     <span class='ocr_line' id='line_1_107' title="bbox 2143 5037 3732 5112; baseline -0.003 -11"><span class='ocrx_word' id='word_1_713' title='bbox 2143 5060 2270 5102; x_wconf 90' lang='lat' dir='ltr'><strong>cum</strong></span> <span class='ocrx_word' id='word_1_714' title='bbox 2316 5037 2656 5101; x_wconf 83' lang='lat' dir='ltr'><strong>exercitibus</strong></span> <span class='ocrx_word' id='word_1_715' title='bbox 2716 5041 3000 5112; x_wconf 79' lang='lat' dir='ltr'><strong>ingressus</strong></span> <span class='ocrx_word' id='word_1_716' title='bbox 3059 5047 3311 5095; x_wconf 88' lang='lat' dir='ltr'><strong>armatus</strong></span> <span class='ocrx_word' id='word_1_717' title='bbox 3366 5049 3424 5096; x_wconf 90' lang='lat' dir='ltr'><strong>et</strong></span> <span class='ocrx_word' id='word_1_718' title='bbox 3469 5039 3732 5097; x_wconf 86' lang='lat' dir='ltr'><strong>laudibus</strong></span> 
     </span>
    </p>
   </div>
   <div class='ocr_carea' id='block_1_108' title="bbox 2143 5131 3733 5204">
    <p class='ocr_par' dir='ltr' id='par_1_108' title="bbox 2143 5131 3733 5204">
     <span class='ocr_line' id='line_1_108' title="bbox 2143 5131 3733 5204; baseline -0.004 -10"><span class='ocrx_word' id='word_1_719' title='bbox 2143 5136 2523 5194; x_wconf 89' lang='lat' dir='ltr'><strong>celeberrimis</strong></span> <span class='ocrx_word' id='word_1_720' title='bbox 2573 5134 2912 5200; x_wconf 79' lang='lat' dir='ltr'><strong>diﬂ‘amatus,</strong></span> <span class='ocrx_word' id='word_1_721' title='bbox 2959 5140 3016 5189; x_wconf 89' lang='lat' dir='ltr'><strong>et</strong></span> <span class='ocrx_word' id='word_1_722' title='bbox 3049 5131 3445 5204; x_wconf 74' lang='lat' dir='ltr'><strong>xylopanduris</strong></span> <span class='ocrx_word' id='word_1_723' title='bbox 3487 5135 3733 5189; x_wconf 85' lang='lat' dir='ltr'><strong>constri-</strong></span> 
     </span>
    </p>
   </div>
   <div class='ocr_carea' id='block_1_109' title="bbox 2145 5227 3731 5300">
    <p class='ocr_par' dir='ltr' id='par_1_109' title="bbox 2145 5227 3731 5300">
     <span class='ocr_line' id='line_1_109' title="bbox 2145 5227 3731 5300; baseline -0.004 -14"><span class='ocrx_word' id='word_1_724' title='bbox 2145 5240 2268 5287; x_wconf 73' lang='lat' dir='ltr'><strong>Ctos</strong></span> <span class='ocrx_word' id='word_1_725' title='bbox 2297 5229 2523 5284; x_wconf 88' lang='lat' dir='ltr'><strong>trahens</strong></span> <span class='ocrx_word' id='word_1_726' title='bbox 2552 5227 2819 5300; x_wconf 84' lang='lat' dir='ltr'><strong>Vulgares</strong></span> <span class='ocrx_word' id='word_1_727' title='bbox 2867 5235 3076 5296; x_wconf 90' lang='lat' dir='ltr'><strong>captos,</strong></span> <span class='ocrx_word' id='word_1_728' title='bbox 3119 5238 3259 5293; x_wconf 89' lang='lat' dir='ltr'><strong>quos</strong></span> <span class='ocrx_word' id='word_1_729' title='bbox 3304 5233 3461 5279; x_wconf 81' lang='lat' dir='ltr'><strong>extra</strong></span> <span class='ocrx_word' id='word_1_730' title='bbox 3515 5236 3731 5295; x_wconf 86' lang='lat' dir='ltr'><strong>portam</strong></span> 
     </span>
    </p>
   </div>
   <div class='ocr_carea' id='block_1_110' title="bbox 2151 5313 3734 5389">
    <p class='ocr_par' dir='ltr' id='par_1_110' title="bbox 2151 5313 3734 5389">
     <span class='ocr_line' id='line_1_110' title="bbox 2151 5313 3734 5389; baseline -0.003 -13"><span class='ocrx_word' id='word_1_731' title='bbox 2151 5317 2376 5377; x_wconf 83' lang='lat' dir='ltr'><strong>auream</strong></span> <span class='ocrx_word' id='word_1_732' title='bbox 2411 5317 2676 5375; x_wconf 85' lang='lat' dir='ltr'><strong>decollari</strong></span> <span class='ocrx_word' id='word_1_733' title='bbox 2707 5317 2970 5389; x_wconf 69' lang='lat' dir='ltr'><strong>praecepit</strong></span> <span class='ocrx_word' id='word_1_734' title='bbox 2995 5332 3024 5370; x_wconf 89' lang='lat' dir='ltr'><strong>a</strong></span> <span class='ocrx_word' id='word_1_735' title='bbox 3054 5314 3286 5370; x_wconf 90' lang='lat' dir='ltr'><strong>civibus.</strong></span> <span class='ocrx_word' id='word_1_736' title='bbox 3309 5313 3572 5369; x_wconf 83' lang='lat' dir='ltr'><strong>Zeletzim</strong></span> <span class='ocrx_word' id='word_1_737' title='bbox 3600 5333 3734 5372; x_wconf 92' lang='lat' dir='ltr'><strong>vero</strong></span> 
     </span>
    </p>
   </div>
   <div class='ocr_carea' id='block_1_111' title="bbox 2154 5407 3735 5483">
    <p class='ocr_par' dir='ltr' id='par_1_111' title="bbox 2154 5407 3735 5483">
     <span class='ocr_line' id='line_1_111' title="bbox 2154 5407 3735 5483; baseline -0.006 -12"><span class='ocrx_word' id='word_1_738' title='bbox 2154 5413 2560 5471; x_wconf 82' lang='lat' dir='ltr'><strong>tumultuantes</strong></span> <span class='ocrx_word' id='word_1_739' title='bbox 2596 5411 2857 5483; x_wconf 75' lang='lat' dir='ltr'><strong>Vulgares</strong></span> <span class='ocrx_word' id='word_1_740' title='bbox 2909 5425 3018 5464; x_wconf 88' lang='lat' dir='ltr'><strong>una</strong></span> <span class='ocrx_word' id='word_1_741' title='bbox 3069 5422 3193 5462; x_wconf 89' lang='lat' dir='ltr'><strong>cum</strong></span> <span class='ocrx_word' id='word_1_742' title='bbox 3237 5407 3583 5477; x_wconf 88' lang='lat' dir='ltr'><strong>principibus</strong></span> <span class='ocrx_word' id='word_1_743' title='bbox 3614 5409 3735 5480; x_wconf 84' lang='lat' dir='ltr'><strong>ejus</strong></span> 
     </span>
    </p>
   </div>
   <div class='ocr_carea' id='block_1_112' title="bbox 2157 5498 3738 5573">
    <p class='ocr_par' dir='ltr' id='par_1_112' title="bbox 2157 5498 3738 5573">
     <span class='ocr_line' id='line_1_112' title="bbox 2157 5498 3738 5573; baseline -0.004 -11"><span class='ocrx_word' id='word_1_744' title='bbox 2157 5507 2580 5573; x_wconf 88' lang='lat' dir='ltr'><strong>interfecerunt,</strong></span> <span class='ocrx_word' id='word_1_745' title='bbox 2631 5512 2687 5560; x_wconf 91' lang='lat' dir='ltr'><strong>et</strong></span> <span class='ocrx_word' id='word_1_746' title='bbox 2725 5501 3132 5560; x_wconf 85' lang='lat' dir='ltr'><strong>constituerunt</strong></span> <span class='ocrx_word' id='word_1_747' title='bbox 3173 5498 3437 5554; x_wconf 88' lang='lat' dir='ltr'><strong>Sabinum</strong></span> <span class='ocrx_word' id='word_1_748' title='bbox 3470 5515 3738 5570; x_wconf 76' lang='lat' dir='ltr'><strong>generum</strong></span> 
     </span>
    </p>
   </div>
   <div class='ocr_carea' id='block_1_113' title="bbox 1975 5613 2211 5670">
    <p class='ocr_par' dir='ltr' id='par_1_113' title="bbox 1975 5613 2211 5670">
     <span class='ocr_line' id='line_1_113' title="bbox 1975 5613 2211 5670; baseline 0.004 -1"><span class='ocrx_word' id='word_1_749' title='bbox 1975 5613 2211 5670; x_wconf 68' lang='lat' dir='ltr'><strong>NOTE.</strong></span> 
     </span>
    </p>
   </div>
   <div class='ocr_carea' id='block_1_114' title="bbox 547 5615 3736 5790">
    <p class='ocr_par' dir='ltr' id='par_1_114' title="bbox 547 5615 3736 5790">
     <span class='ocr_line' id='line_1_114' title="bbox 1975 5615 2211 5670; baseline 0.004 -1"><span class='ocrx_word' id='word_1_750' title='bbox 1975 5615 2113 5669; x_wconf 84' lang='lat' dir='ltr'><strong>NOT</strong></span> <span class='ocrx_word' id='word_1_751' title='bbox 2196 5657 2211 5670; x_wconf 90' lang='lat'><strong>.</strong></span> 
     </span>
     <span class='ocr_line' id='line_1_115' title="bbox 547 5615 3736 5790; baseline -0.005 -17"><span class='ocrx_word' id='word_1_752' title='bbox 547 5719 659 5790; x_wconf 79' lang='lat'><strong>(8|)</strong></span> <span class='ocrx_word' id='word_1_753' title='bbox 688 5718 776 5790; x_wconf 66' lang='lat' dir='ltr'><strong>Te.</strong></span> <span class='ocrx_word' id='word_1_754' title='bbox 808 5717 899 5772; x_wconf 90' lang='lat' dir='ltr'><strong>Sic</strong></span> <span class='ocrx_word' id='word_1_755' title='bbox 927 5714 1240 5772; x_wconf 75' lang='lat' dir='ltr'><strong>Vaticanus.</strong></span> <span class='ocrx_word' id='word_1_756' title='bbox 1296 5711 1561 5767; x_wconf 82' lang='lat' dir='ltr'><strong>Thuanus</strong></span> <span class='ocrx_word' id='word_1_757' title='bbox 1607 5718 1790 5766; x_wconf 83' lang='lat' dir='ltr'><strong>autem</strong></span> <span class='ocrx_word' id='word_1_758' title='bbox 1833 5708 1946 5763; x_wconf 72' lang='lat' dir='ltr'><strong>tibi.</strong></span> <span class='ocrx_word' id='word_1_759' title='bbox 1988 5615 2295 5779; x_wconf 53' lang='lat' dir='ltr'><strong>Utruﬁque</strong></span> <span class='ocrx_word' id='word_1_760' title='bbox 2351 5712 2564 5764; x_wconf 87' lang='lat' dir='ltr'><strong>rectum</strong></span> <span class='ocrx_word' id='word_1_761' title='bbox 2605 5711 2710 5760; x_wconf 85' lang='lat' dir='ltr'><strong>est.</strong></span> <span class='ocrx_word' id='word_1_762' title='bbox 2759 5700 2891 5760; x_wconf 81' lang='lat' dir='ltr'><strong>Vide</strong></span> <span class='ocrx_word' id='word_1_763' title='bbox 2937 5698 3280 5756; x_wconf 88' lang='lat' dir='ltr'><strong>Priscianum</strong></span> <span class='ocrx_word' id='word_1_764' title='bbox 3311 5713 3431 5770; x_wconf 76' lang='lat' dir='ltr'><strong>pag.</strong></span> <span class='ocrx_word' id='word_1_765' title='bbox 3480 5697 3614 5755; x_wconf 64' lang='lat'><strong>“81</strong></span> <span class='ocrx_word' id='word_1_766' title='bbox 3644 5695 3736 5757; x_wconf 79' lang='lat' dir='ltr'><strong>ed.</strong></span> 
     </span>
    </p>
   </div>
   <div class='ocr_carea' id='block_1_115' title="bbox 475 5789 894 5850">
    <p class='ocr_par' dir='ltr' id='par_1_115' title="bbox 475 5789 894 5850">
     <span class='ocr_line' id='line_1_116' title="bbox 475 5789 894 5850; baseline -0.017 -1"><span class='ocrx_word' id='word_1_767' title='bbox 475 5789 700 5850; x_wconf 71' lang='lat' dir='ltr'><strong>Futsch.</strong></span> <span class='ocrx_word' id='word_1_768' title='bbox 737 5789 894 5844; x_wconf 65' lang='lat' dir='ltr'><strong>Fasti.</strong></span> 
     </span>
    </p>
   </div>
  </div>
