4050 6308
204 328 222 390 i
235 329 332 393 381
1015 331 1382 394 HISTORIA
1416 326 1992 393 ECCLESIASTICA
2025 326 2128 386 EX
2164 325 2208 386 Τ
2214 324 2644 384 ΗΕΟΡΗΑΝΕ.
3346 323 3482 390 i382

198 451 492 517 Comersii,
519 451 795 523 quondam
841 451 1049 508 domini
1103 453 1208 508 sui.
1245 453 1349 520 Qui
1387 451 1648 507 videlicet
1674 448 1776 505 Sa-
1806 452 1850 509 A
1879 445 1984 500 alia
2031 460 2164 500 vero
2210 441 2449 514 ingentis
2493 440 2654 496 molis
2703 437 2770 493 ad
2843 451 3061 492 tnurum
3096 438 3286 496 collisa
3335 441 3485 498 hunc

197 547 358 602 binus
382 560 510 600 cum
553 561 678 599 mox
714 545 780 599 ad
810 547 1198 616 imperatorem
1229 544 1468 600 misisset
1493 553 1550 600 et
1583 557 1776 613 pacem
1880 553 2080 609 magno
2134 537 2374 608 impulsu
2414 534 2718 600 concussit,
2755 532 2892 588 adeo
2921 540 2980 586 ut
3013 533 3306 590 interiores
3345 551 3485 606 quo-

199 639 316 695 ﬁeri
343 638 698 710 exquisisset,
747 650 1024 695 conventu
1052 640 1316 711 Vulgares
1362 638 1507 694 facto
1555 637 1778 692 restite-
1881 647 1990 703 que
2021 630 2222 687 domus
2248 630 2362 685 salo
2397 627 3006 700 comparticiparentur.
3053 624 3228 681 Porro
3281 625 3336 682 in
3377 629 3484 685 tria

201 741 330 786 runt
360 732 587 786 robuste
626 730 852 796 Sabino,
891 729 1139 786 dicentes
1167 731 1257 786 ei:
1295 729 1546 801 Vulgaria
1589 746 1681 800 per
1709 737 1778 794 te,
1883 724 2106 794 dirupta
2154 722 2326 778 cinxit
2363 721 2579 788 urbem,
2615 735 2646 774 a
2690 718 2973 791 Manganis
3017 717 3277 774 videlicet
3306 733 3483 790 usque

201 831 259 875 ut
285 823 568 890 cernimus,
599 824 864 895 redigetur
894 824 949 878 in
979 825 1282 878 servitutem
1300 822 1572 877 Romanis.
1594 821 1783 876 Facta-
1882 817 1952 873 ad
1985 818 2330 889 Bosphorum
2356 817 2547 888 ;cujus
2577 815 2811 871 altitudo
2839 828 3026 868 muros
3061 813 3322 868 excessit.
3345 811 3480 867 Om-

197 930 308 984 que
337 915 623 970 simultate
646 915 788 986 fugit
819 914 1059 971 Sabinus
1079 916 1134 969 in
1170 922 1412 970 castrum
1444 913 1785 970 Mesembria:
1883 926 1984 968 nes
2029 920 2214 967 autem
2271 911 2427 966 urbis
2459 918 2568 964 tam
2608 910 2714 964 viri
2743 923 2910 979 quam
2945 906 3187 968 feminae,
3231 905 3394 960 simul
3421 911 3478 959 et

197 1019 256 1061 et
296 1006 365 1062 ad
416 1007 804 1077 imperatorem
837 1023 896 1063 se
929 1007 1180 1064 contulit.
1239 1006 1560 1062 Statuerunt
1599 1014 1785 1060 autem
1885 1004 2064 1074 pueri,
2095 1004 2296 1059 horum
2336 1003 2531 1058 visioni
2583 1001 2783 1057 dantes
2834 1000 3214 1055 indesinenter
3252 1013 3478 1068 operam

199 1099 466 1172 Vulgares
495 1099 664 1155 alium
694 1100 800 1155 sibi
831 1100 1139 1165 dominum,
1164 1100 1439 1172 Paganum
1469 1100 1713 1154 nomine.
1887 1097 2336 1169 perseverabant,
2382 1104 2438 1151 et
2490 1110 2616 1150 cum
2664 1094 2921 1149 lamentis
2977 1109 3040 1149 ac
3073 1094 3332 1167 lacrymis
3383 1095 3480 1150 do-

271 1195 432 1249 Anno
485 1194 703 1266 imperii
759 1193 1103 1250 Constantini
1155 1194 1225 1249 2'5
1283 1195 1586 1250 Romanam
1637 1193 1786 1249 Con-
1886 1207 2037 1246 mum
2093 1191 2536 1255 revertebantur,
2590 1188 2906 1260 ignorantes
2960 1190 3093 1261 quid
3146 1192 3214 1246 ad
3269 1194 3324 1249 id
3377 1195 3478 1251 fari

200 1287 476 1342 stantinus
506 1285 710 1342 residet
740 1287 950 1342 sedem.
989 1287 1154 1342 Turci
1184 1302 1316 1343 vero
1347 1286 1554 1357 egressi
1592 1294 1722 1342 sunt
1755 1301 1787 1342 a
1887 1287 2215 1357 quivissent.
2256 1285 2526 1342 Caeterum
2560 1300 2706 1340 anno
2755 1285 2973 1353 eodem,
3023 1302 3213 1345 mense
3262 1291 3478 1355 Martio.

199 1377 415 1450 Caspiis
445 1380 642 1450 portis,
672 1388 728 1434 et
771 1380 1098 1436 occiderunt
1139 1381 1196 1435 in
1250 1380 1508 1436 Armenia
1563 1381 1786 1446 multos,
1889 1380 2060 1434 stellae
2099 1379 2166 1434 de
2211 1378 2350 1434 coelo
2391 1387 2619 1448 repente
2665 1378 2924 1433 cadentes
2974 1391 3366 1452 apparuerunt,
3407 1386 3483 1442 ita

201 1483 262 1527 et
313 1473 495 1543 praeda
546 1483 764 1542 sumpta
796 1486 906 1528 non
956 1488 1128 1544 pauca
1156 1474 1361 1528 reversi
1386 1482 1533 1529 sunt.
1565 1472 1790 1529 Cosmas
1892 1478 1952 1526 ut
1976 1486 2167 1526 omnes
2197 1470 2288 1541 qui
2322 1469 2430 1524 hoc
2455 1469 2715 1525 viderunt
2747 1470 3001 1528 instantis
3025 1475 3482 1531 saecuiiconsum-

202 1572 389 1617 autem
440 1564 662 1634 quidam
713 1563 1005 1634 episcopus
1034 1573 1150 1620 erat
1181 1563 1522 1635 Epiphaniae,
1556 1579 1678 1635 quae
1707 1572 1792 1620 est
1892 1564 2191 1617 mationem
2254 1576 2375 1617 esse
2425 1553 2706 1632 putarent.
2747 1561 2979 1619 Siccitas
3025 1576 3244 1636 quoque
3305 1570 3482 1625 multa

204 1651 404 1706 civitas
435 1652 675 1723 Apamia:
700 1652 892 1724 Syriae.
929 1654 1102 1709 Porro
1125 1654 1452 1725 quibusdam
1479 1671 1547 1710 ex
1575 1654 1791 1711 civibus
1892 1655 2090 1710 eﬁ’ecta
2140 1663 2244 1720 est,
2288 1653 2428 1710 adeo
2481 1662 2541 1709 ut
2595 1654 3009 1710 cxsiccarentur
3057 1657 3222 1712 etiam
3278 1657 3478 1715 fontes.

207 1743 525 1815 Epiphaniae
557 1745 625 1801 ad
676 1746 1028 1802 Theodorum
1071 1748 1440 1818 patriarebam
1492 1747 1792 1804 Antioehe-
1825 1811 1866 1864 Β
1894 1749 1993 1805 Ast
2033 1751 2334 1821 imperator
2373 1749 2643 1805 accersito
2686 1748 3008 1820 patriarcha
3043 1749 3177 1805 dicit
3204 1750 3257 1805 ei
3284 1769 3296 1805 :
3321 1750 3490 1807 Modo

207 1853 335 1864 num
371 1838 772 1864 ..ουηιηηιεληιιω
808 1850 990 1864 AA“.--
1033 1840 1282 1864 -.ικλιιιηι
1328 1839 1579 1864 0--...-—
1628 1856 1794 1864 -.-......
1907 1843 2014 1864 ---2-
2071 1859 2159 1864 __-
2193 1842 2338 1864 1....Ι-ι
2412 1843 2450 1864 ,2
2492 1843 2772 1864 J:..-..3-.._-_-
2810 1844 3072 1864 .L--a__u-_
3109 1844 3486 1864 _L-A_'_._.___s_n

207 1853 336 1893 num
369 1838 776 1894 accusationem
805 1850 995 1895 contra
1030 1840 1287 1896 eumdem
1328 1839 1584 1897 Cosmam
1627 1856 1794 1912 super

207 1930 579 1987 diminutione
627 1948 913 1989 sacrorum
964 1949 1227 1990 vasorum
1284 1934 1633 1999 facientibus,
1670 1949 1797 1990 cum

210 2027 299 2082 ille
346 2026 576 2082 minime
622 2027 895 2097 potuisset
943 2029 1058 2085 haec
1089 2029 1406 2094 restituere,
1435 2027 1688 2083 discessit
1727 2026 1797 2081 ab

207 2119 514 2174 orthodoxa
573 2120 678 2175 fide
757 2130 811 2175 et
861 2131 1262 2177 consentaneus
1321 2121 1682 2177 Constantino
1739 2120 1796 2175 in

209 2211 406 2267 haeresi
468 2212 639 2268 sacris
683 2214 1043 2270 adversarius
1093 2213 1423 2285 imaginibus
1463 2213 1640 2269 factus
1673 2224 1793 2279 est;

209 2319 374 2374 quem
413 2307 696 2361 communi
741 2309 1014 2363 sententia
1046 2307 1374 2364 Theodorus
1418 2307 1798 2362 Antiochenus

210 2397 524 2465 patriarcha
575 2406 631 2453 et
679 2396 1007 2454 Theodorus
1059 2397 1590 2470 Hierosolymitanus
1630 2406 1796 2468 atque

211 2485 442 2544 Cosmas
480 2489 882 2545 Alexandrinus
915 2505 1048 2546 eum
1093 2490 1367 2562 episcopis
1395 2491 1501 2547 sibi
1533 2490 1797 2562 subjectis

209 2578 298 2634 die
325 2587 528 2636 sancire
549 2579 928 2648 Pentecostes,
953 2583 1388 2653 postlectionem
1416 2586 1592 2640 sancti
1611 2582 1796 2641 Evan-

209 2670 339 2742 gelii
363 2710 379 2736 ,
416 2683 787 2742 consonanter
831 2676 1436 2734 anathematizaverunt
1501 2678 1700 2750 singuli
1738 2680 1793 2733 in

209 2777 311 2820 sua
352 2764 599 2821 civitate.

283 2855 493 2912 Eodem
526 2873 746 2930 quoque
776 2875 921 2916 anno
959 2877 989 2916 a
1019 2861 1278 2918 Kalendis
1304 2860 1560 2919 Octobris
1591 2862 1794 2919 factum

209 2958 297 3006 est
335 2951 459 3022 gelu
516 2968 772 3024 magnum
807 2963 862 3009 et
912 2956 1340 3021 amarissimum,
1372 2973 1480 3012 non
1520 2958 1698 3012 solum
1737 2959 1793 3014 in

214 3050 365 3098 terra
415 3053 625 3110 nostra,
654 3061 846 3102 verum
876 3048 1043 3103 etiam
1074 3048 1130 3104 in
1157 3047 1400 3116 Oriente,
1428 3050 1601 3105 multo
1622 3051 1796 3122 magis

1899 1843 2015 1913 quis
2069 1859 2160 1896 nos
2188 1842 2375 1908 tardet,
2405 1843 2450 1896 si
2484 1843 2773 1898 dixerimus
2807 1844 3076 1898 theotodon
3101 1844 3486 1898 christotocon?

1897 1935 1969 1991 At
2001 1935 2091 1991 ille
2125 1935 2273 1991 hunc
2313 1935 2654 2006 amplexatus
2697 1935 2796 1991 ait:
2837 1931 3108 2004 Miserere,
3150 1937 3379 2002 domine,
3422 1953 3490 1992 ne

1899 2023 1969 2078 ad
2005 2026 2377 2096 cogitationem
2406 2031 2554 2078 tuam
2585 2027 2762 2081 veniat
2803 2027 2901 2080 iste
2945 2032 3137 2082 sermo.
3177 2026 3366 2082 Nonne
3411 2026 3490 2082 υἱ-

1898 2119 1985 2173 des
2005 2119 2236 2189 qualiter
2275 2117 2575 2189 diuulgetur
2619 2127 2668 2172 et
2703 2119 3178 2173 anathematizetur
3215 2119 3488 2175 Nestorius

1902 2232 1934 2268 α
1982 2224 2093 2268 tota
2137 2213 2428 2269 Ecclesia?
2467 2211 2570 2280 Qui
2623 2213 2965 2284 respondens
2998 2214 3107 2268 ait:
3146 2212 3262 2285 Ego
3291 2213 3488 2269 discere

1899 2307 2076 2363 volens
2121 2308 2464 2379 interrogavi.
2513 2305 2698 2362 Verum
2737 2321 2904 2377 usque
2956 2307 3026 2361 ad
3072 2314 3120 2360 te
3152 2314 3344 2361 sermo.

1968 2400 2155 2456 Mundi
2205 2413 2354 2456 anno
2404 2399 2565 2467 6246,
2624 2398 2824 2455 divinae
2880 2399 3277 2457 incarnationis
3341 2412 3490 2456 anno

1901 2491 2026 2556 746,
2075 2505 2224 2547 anno
2278 2503 2414 2546 vero
2465 2490 2683 2561 imperii
2735 2489 3081 2546 CotIStantini
3128 2489 3202 2547 24
3232 2491 3489 2548 exierunt

1901 2582 2100 2638 iterum
2127 2581 2296 2639 Turcl
2328 2583 2396 2638 ad
2435 2581 2668 2654 Caspias
2706 2591 2898 2651 portas
2922 2591 2978 2639 et
3011 2582 3328 2648 Hiberiam;
3359 2583 3487 2655 qui-

1899 2677 2005 2733 bus
2043 2691 2169 2732 cum
2201 2675 2474 2732 Avaribus
2511 2675 2719 2731 bellum
2759 2674 3084 2733 ineuntibus
3129 2692 3198 2733 ex
3236 2678 3488 2747 utrisque

1899 2772 2188 2843 perierunt
2231 2771 2412 2827 multi.
2445 2771 2685 2827 Abdelas
2740 2781 2875 2827 vero
2915 2771 3298 2840 hujuScemodi
3337 2771 3489 2828 calli-

1903 2865 2078 2920 ditate
2140 2862 2397 2935 deposuit
2453 2880 2483 2919 a
2539 2863 2853 2934 principatu
2917 2862 3360 2928 Hiserbinmuse,
3429 2863 3488 2919 in

1899 2965 2086 3028 quem,
2139 2966 2203 3011 ut
2234 2954 2493 3026 superius
2521 2954 2730 3010 dictum
2763 2964 2875 3021 est,
2913 2948 3075 3012 tertia
3109 2969 3230 3011 sors
3261 2955 3486 3011 tenendi

1898 3059 2026 3122 post
2060 3064 2188 3106 eum
2223 3049 2449 3106 cecidit.
2494 3044 2702 3106 Videris
2739 3049 2886 3104 enim
2918 3062 3044 3104 eum
3076 3048 3263 3104 dolore
3293 3048 3490 3118 capitis

214 3135 273 3190 in
315 3139 738 3208 septentrionali
775 3151 950 3211 parte,
987 3141 1062 3196 ita
1092 3151 1155 3197 ut
1186 3144 1411 3214 pelagus
1434 3143 1595 3200 Ponti
1621 3160 1796 3215 usque
1824 3161 1868 3218 ο
1900 3143 2277 3201 hemicranice
2312 3142 2655 3199 laborantem
2709 3149 2766 3198 et
2806 3143 3041 3199 seetomi
3087 3141 3489 3211 plenitudinem

214 3228 281 3284 ad
316 3239 542 3284 centum
591 3232 848 3289 milliaria
885 3250 995 3305 prae
1042 3236 1234 3307 glaciei
1277 3236 1460 3308 rigore
1501 3237 1558 3291 in
1597 3237 1797 3308 lapidis

212 3317 474 3378 duritiem
494 3319 663 3376 fuerit
684 3338 930 3391 versum,
957 3323 1166 3381 habens
1196 3326 1412 3382 cubitos
1444 3342 1475 3382 a
1505 3327 1798 3398 superﬁcie

216 3412 272 3468 in
307 3412 646 3485 profundum
679 3416 924 3489 triginta,
947 3417 1174 3483 cunctis
1197 3419 1460 3475 nimirum
1479 3421 1800 3492 regionibus

213 3507 282 3564 ab
329 3507 451 3581 ipsa
486 3507 650 3588 Lycia
700 3525 875 3581 usque
916 3510 984 3567 ad
1031 3512 1342 3570 Danubium
1371 3523 1430 3570 et
1452 3513 1660 3585 Cuphae
1698 3513 1801 3570 ﬁu-

215 3600 386 3669 vium,
428 3602 680 3658 Danastri
729 3619 949 3675 quoque
980 3614 1145 3676 atque
1172 3605 1432 3678 Danapri,
1465 3617 1631 3678 atque
1688 3607 1799 3662 Ne-

214 3701 460 3772 cropyla,
518 3714 736 3756 necnon
786 3710 842 3756 et
889 3701 1129 3772 reliquas
1171 3701 1360 3772 ripas,
1411 3709 1469 3758 et
1515 3717 1691 3772 usque
1730 3701 1800 3757 ad

216 3792 605 3849 Mesembriam
647 3803 704 3850 et
745 3792 977 3849 Mediam
1005 3793 1205 3849 similia
1227 3794 1585 3865 patientibus.
1629 3793 1802 3850 Cum-

216 3901 324 3957 que
345 3884 729 3958 hujuscemodi
753 3886 875 3957 gelu
902 3885 1030 3941 nive
1050 3885 1248 3941 fuisset
1268 3895 1614 3956 coopertum,
1633 3893 1802 3955 super

215 3981 355 4036 alios
407 3979 602 4052 viginti
669 3979 890 4036 cubitos
938 3980 1130 4045 crevit,
1184 3978 1258 4034 ita
1308 3987 1368 4034 ut
1419 3995 1570 4035 mare
1633 3978 1803 4034 aridae

216 4071 682 4139 conformaretur,
719 4083 776 4128 et
810 4071 1040 4142 pedibus
1068 4071 1372 4126 Calcat-stur
1412 4071 1471 4126 in
1509 4069 1801 4142 superﬁcie

217 4163 416 4236 glaciei
440 4180 470 4218 a
486 4163 752 4220 Cbazaria
783 4177 838 4219 et
855 4162 1135 4234 Vulgaria,
1161 4161 1295 4231 quin
1315 4169 1372 4217 et
1399 4162 1624 4233 reliquis
1647 4161 1801 4234 adja-

219 4257 479 4314 centibus
516 4259 856 4321 nationibus,
889 4265 1000 4310 tam
1050 4255 1120 4311 ab
1168 4255 1487 4311 hominibus
1537 4271 1701 4326 quam
1731 4255 1801 4310 ab

220 4349 535 4420 agrestibus
565 4359 620 4405 et
653 4352 1039 4407 mansuefactis
1077 4345 1473 4404 animantibus.
1501 4345 1802 4401 Februario

223 4457 357 4499 vero
415 4458 604 4497 mense
649 4443 822 4514 ipsius
872 4444 1128 4500 secundae
1172 4441 1492 4498 indictionis
1547 4439 1806 4512 hujusce-

1905 3238 2207 3310 patlentem
2253 3237 2554 3308 persuadet
2605 3235 2754 3307 quod
2803 3235 3081 3292 curandus
3128 3234 3294 3300 foret,
3326 3233 3371 3290 si
3421 3245 3492 3290 ex

1905 3333 2089 3403 aliqua
2137 3329 2485 3388 confectione
2518 3329 2790 3400 ptarmieu
2824 3327 2882 3383 in
2906 3331 3072 3383 nares
3104 3327 3226 3398 ejus
3249 3325 3494 3382 insuma-

1905 3435 2060 3482 retur
2086 3439 2118 3480 a
2173 3423 2391 3479 medico
2426 3438 2527 3478 suo
2569 3422 2717 3478 Mose
2745 3422 2988 3486 nomine,
3022 3421 3262 3477 discens
3300 3420 3499 3476 Antio-

1905 3521 2208 3577 chenorum
2252 3516 2531 3587 Ecclesiae,
2570 3535 2737 3591 quem
2785 3521 2894 3591 iam
2928 3516 3256 3575 muneribus
3285 3516 3497 3573 fecerat

1905 3615 2238 3670 acerrimum
2290 3613 2566 3670 conﬁcere
2625 3613 2993 3679 medicamen,
3039 3611 3185 3684 quod
3245 3611 3498 3668 simulet

1907 3708 2247 3763 narcoticum
2278 3701 2844 3774 foret‘vehemeriter;
2877 3706 2992 3775 qui,
3035 3704 3296 3762 videlicet
3339 3703 3498 3768 Hise,

1908 3813 2034 3854 cum
2071 3797 2349 3870 paruisset
2395 3797 2641 3863 Abdeiae,
2690 3789 3057 3868 suscepit'per
3097 3809 3257 3852 nares
3300 3794 3492 3852 Confe-

1908 3892 2170 3958 ctionem,
2198 3901 2255 3947 et
2281 3891 2524 3962 repletus
2559 3890 2618 3946 in
2656 3891 2916 3949 omnibus
2949 3891 3094 3946 circa
3123 3897 3305 3961 caput,
3356 3903 3499 3943 cun-'-

1909 3988 2124 4057 ctiSquc
2176 3985 2436 4042 sensibus
2486 3991 2595 4041 una
2630 3992 2754 4041 cum
2804 3983 3177 4056 hegemonicis
3222 3982 3499 4054 operatio-

1908 4076 2076 4132 nibus
2103 4073 2481 4142 defraudatus,
2504 4075 2623 4131 sine
2659 4085 2797 4131 voce
2841 4071 3007 4146 porro
3029 4075 3270 4146 jacebat.
3317 4074 3498 4128 Advo-

1911 4169 2050 4224 catis
2094 4166 2281 4238 itaque
2307 4167 2548 4224 Abdelas
2581 4165 2816 4222 ducibus
2835 4181 2900 4221 ac
2927 4161 3268 4236 primoribus
3291 4163 3500 4235 gentis,

1914 4257 2050 4325 Quid
2091 4254 2254 4325 vobis,
2290 4259 2490 4329 inquit,
2515 4259 2722 4314 videtur
2746 4265 2905 4327 super
2929 4257 3107 4326 futuro
3145 4271 3266 4326 rege
3288 4262 3457 4309 uestro
3475 4253 3503 4306 1'

1912 4355 1983 4408 At
2033 4352 2110 4408 illi
2154 4353 2508 4408 concorditer
2539 4352 2812 4422 abnegato
2841 4359 2911 4406 eo
2937 4350 3195 4405 dexteras
3227 4349 3503 4404 dederunt

1915 4445 2030 4502 ﬁlio
2060 4449 2178 4520 ejus
2204 4446 2428 4503 Abdela:
2468 4443 2783 4509 Mubamed,
2807 4442 2900 4513 qui
2928 4447 3281 4512 nuncupatur
3322 4434 3498 4507 Madi;

225 4536 375 4592 modi
406 4535 530 4606 gelu
564 4549 662 4605 per
694 4535 962 4590 visionem
992 4534 1089 4591 Dei
1125 4536 1182 4590 in
1213 4536 1415 4591 multas
1445 4552 1512 4592 ac
1558 4534 1804 4622 diversas
1829 4527 1884 4587 D
1914 4557 2083 4614 μοι-το
2125 4539 2261 4597 nise
2303 4538 2513 4609 absque
2562 4549 2728 4593 sensu
2756 4534 2998 4590 domum
3054 4539 3504 4603 reportaverunt.

229 4631 284 4686 in
346 4629 586 4701 speciem
636 4631 906 4684 montium
976 4633 1149 4684 factas
1214 4629 1559 4685 concisiones
1606 4627 1806 4694 diviso,

229 4735 342 4791 pra:
384 4719 438 4774 vi
483 4727 771 4774 ventorum
817 4718 872 4773 in
917 4718 1290 4789 Daphnusiam
1347 4726 1403 4773 et
1447 4718 1653 4774 Hieron
1710 4717 1810 4772 de—

229 4810 582 4877 scendentes,
605 4810 787 4866 taliter
804 4825 902 4881 per
931 4818 1223 4881 angustum
1238 4817 1510 4865 venerunt
1529 4809 1595 4864 ad
1621 4809 1812 4864 urbem

229 4913 288 4961 et
338 4919 514 4974 usque
558 4903 625 4958 ad
656 4902 1051 4974 Propontidem
1083 4911 1141 4958 et
1187 4902 1397 4958 insulas
1439 4909 1495 4958 et
1539 4901 1811 4973 Abydum,

233 5011 431 5052 omnes
460 4995 769 5051 maritimos
796 5004 947 5050 toros
973 5010 1042 5050 ae
1060 4996 1207 5068 ripas
1242 4995 1516 5065 replentes
1540 5012 1556 5061 ;
1582 5008 1816 5064 quarum

235 5087 495 5144 videlicet
525 5087 903 5142 concisionum
930 5087 1272 5157 inspectores
1304 5097 1361 5142 et
1392 5101 1494 5142 nos
1524 5086 1628 5156 ipsi
1652 5086 1818 5140 exsti-

239 5180 434 5248 timus,
456 5180 856 5235 descendentes
884 5195 1064 5251 ,super
1101 5195 1266 5235 unam
1306 5193 1497 5234 earum
1543 5193 1669 5233 cum
1696 5178 1820 5249 qui-

239 5273 472 5329 busdam
513 5273 739 5344 triginta
786 5272 1083 5327 coaetaneis
1119 5272 1349 5337 nostris,
1379 5279 1435 5327 et
1475 5286 1641 5342 super
1671 5271 1818 5326 illam

235 5366 505 5437 iocantes.
537 5365 783 5420 Habebat
822 5373 1006 5420 autem
1037 5373 1092 5419 et
1116 5365 1370 5419 animalia
1397 5364 1727 5435 campestria
1766 5371 1823 5418 et

241 5467 525 5514 mansueta
571 5467 787 5513 mortua
814 5475 831 5512 :
861 5458 1043 5513 omnis
1076 5457 1245 5525 enim,
1285 5458 1602 5528 quicunque
1635 5457 1821 5524 vellet,

243 5570 273 5610 a
316 5555 614 5626 Sophianis
641 5569 817 5624 usque
848 5552 914 5608 ad
941 5553 1134 5608 urbem
1163 5563 1220 5608 et
1248 5568 1278 5606 a
1298 5552 1622 5625 Chrysopoli
1652 5567 1825 5623 usque

245 5648 312 5704 ad
361 5647 420 5706 S.
463 5648 694 5704 Mamam
733 5655 790 5702 et
826 5645 894 5701 ad
944 5661 1012 5700 ea
1056 5661 1178 5716 qua:
1226 5646 1490 5700 dicuntur
1518 5645 1692 5701 Caiati
1729 5660 1826 5715 per

244 5739 454 5794 aridam
489 5738 608 5793 sine
647 5736 1021 5807 prohibitione
1055 5735 1341 5806 pergebat.
1370 5736 1438 5791 Et
1469 5752 1576 5791 una
1601 5736 1825 5806 quidem

245 5816 310 5890 ex
342 5833 424 5891 eis
447 5832 518 5890 ad
540 5831 875 5903 Acropoieos
893 5830 1092 5887 scalam
1123 5829 1342 5901 dirupta
1375 5830 1639 5886 contrivit
1667 5844 1787 5885 eam
1809 5847 1826 5887 ι

1922 4632 2090 4688 Hunc
2138 4639 2324 4686 autem
2365 4637 2492 4700 post
2547 4625 2774 4684 tertium
2818 4624 2966 4681 diem
3027 4624 3504 4679 convalescentem

1916 4724 2370 4781 excusationibus
2395 4721 2536 4779 ﬁctis
2573 4720 2984 4785 consolabatur,
3017 4726 3238 4774 ceamm
3273 4717 3392 4774 auri
3421 4725 3507 4772 ta-

1917 4819 2084 4872 lentis
2119 4816 2378 4888 injuriam
2423 4826 2867 4884 recompensans.

1991 4910 2200 4966 Eodem
2231 4909 2400 4964 etiam
2430 4923 2576 4963 anno
2603 4907 2754 4962 misit
2782 4902 3343 4978 Paganus,dominu‘s
3366 4902 3505 4959 Vul-

1920 5003 2118 5073 garire,
2186 5001 2256 5056 ad
2311 5000 2742 5070 imperatorem,
2795 4997 3085 5069 pustulam
3142 5001 3204 5050 ut
3261 5003 3387 5050 cum
3436 5009 3509 5050 eo

1923 5096 2062 5151 facie
2121 5092 2190 5148 ad
2254 5092 2456 5148 [aciem
2512 5091 2868 5164 iungeretur,
2932 5097 2989 5143 et
3047 5094 3275 5159 accepto
3331 5085 3516 5142 verbo

1924 5185 2214 5243 descendit
2259 5185 2331 5240 ad
2378 5199 2503 5240 eum
2560 5195 2688 5238 eum
2743 5178 3026 5237 Bohiladis
3071 5179 3209 5237 suis.
3258 5177 3516 5249 Cumque

1927 5279 2226 5348 imperator
2281 5293 2390 5332 una
2438 5290 2564 5332 cum
2610 5274 2816 5331 Sabino
2858 5273 3098 5339 sederet,
3139 5271 3384 5343 suscepit
3412 5285 3518 5327 eos

1925 5376 1983 5424 et
2026 5367 2381 5441 exprobravit
2435 5367 2902 5423 iuordinationem
2956 5380 3150 5421 eorum
3205 5371 3263 5419 et
3320 5362 3514 5419 odium

1925 5462 2176 5518 habitum
2235 5461 2289 5517 in
2357 5460 2660 5527 Sabinum,
2734 5459 3097 5530 feceruntque
3169 5472 3389 5528 pacem,
3448 5465 3515 5513 ut

1927 5555 2251 5627 putabatur.
2300 5554 2396 5609 Ast
2448 5554 2755 5624 imperator
2800 5553 3028 5609 mittens
3086 5547 3226 5605 clam
3276 5549 3331 5604 in
3365 5549 3514 5605 Nul-

1929 5646 2147 5718 gariam
2186 5645 2332 5715 cepit
2378 5643 2643 5699 Severum
2693 5644 2998 5716 principem
3044 5640 3382 5707 Sclavinum,
3415 5638 3518 5711 qui

1932 5737 2105 5792 multa
2142 5737 2198 5792 in
2248 5737 2458 5795 Thrace
2505 5738 2712 5793 fecerat
2752 5736 2912 5792 mala.
2945 5734 3393 5806 Comprehensus
3415 5749 3522 5788 au-

1935 5840 2044 5887 tem
2095 5839 2180 5886 est
2229 5837 2286 5886 et
2331 5829 2700 5899 Christianus,
2756 5831 2854 5901 qui
2895 5845 2965 5886 ex
3009 5826 3343 5886 Christianis
3395 5842 3515 5883 ma~
