4070 6304
515 387 518 390 ~
542 354 679 420 1383

1659 354 2060 418 ANASTASII
2096 354 2726 418 BIBLIDTHECARII

3689 360 3830 424 1384

540 467 745 540 garites
790 472 846 520 et
894 462 1105 534 primus
1168 480 1544 522 scamarorum
1601 470 1732 542 (82)
1765 471 1998 526 oﬂ'ectus
2039 478 2145 536 est,
2177 475 2220 529 Α
2249 473 2728 546 llippodromium,
2761 475 2936 546 sputis
2975 485 3032 532 et
3061 477 3291 548 injuriis
3327 476 3395 532 ab
3432 477 3581 533 omni
3625 483 3831 549 populo

538 577 704 632 quem
743 557 888 629 apud
938 557 996 612 S.
1047 557 1316 613 Thomam
1361 562 1617 618 manibus
1661 572 1716 616 et
1755 563 1990 635 pedibus
2035 562 2134 619 de-

541 662 866 714 truncantes
916 651 1267 706 adduxerunt
1312 654 1576 721 medicos,
1616 655 1711 726 qui
1758 657 1907 712 hunc
1945 657 2134 712 vivum

543 745 857 800 inciderent
891 760 922 798 a
963 743 1191 800 thorace
1233 746 1379 816 pube
1430 757 1591 802 tenus
1628 748 1696 802 ad
1748 748 1990 804 hominis
2037 765 2136 804 co-

543 837 913 910 gnoscendam
959 839 1292 908 positionem
1344 850 1509 911 atque
1557 850 1916 908 structuram,
1964 853 2020 898 et
2056 845 2136 900 sic

542 944 671 985 eum
723 928 1077 984 tradiderunt
1139 931 1274 1001 igni.
1325 933 1586 988 Actutum
1638 944 1902 1004 praetcrea
1960 935 2134 1006 impe-

546 1030 698 1098 rator
747 1023 938 1077 exiens
989 1023 1059 1078 ab
1104 1025 1278 1092 urbe,
1328 1041 1453 1080 cum
1508 1027 1626 1082 sine
1676 1028 1925 1082 custodia
1980 1011 2137 1083 inve-

545 1115 721 1171 nisset
770 1116 841 1172 ob
887 1117 1499 1189 deceptoriamflpacem
1560 1121 1871 1184 clausuras,
1922 1121 2135 1192 ingres-

547 1227 643 1266 sus
702 1218 788 1265 est
849 1211 1165 1280 Vulgariam
1218 1227 1392 1281 usque
1447 1213 1513 1267 ad
1574 1213 1800 1279 Tzicas,
1854 1223 1911 1269 et
1969 1216 2137 1270 misso

550 1303 674 1372 igne
728 1302 783 1357 in
839 1303 1096 1358 cohortes
1155 1319 1294 1374 quas
1352 1307 1580 1375 reperit,
1636 1322 1762 1360 cum
1813 1307 2010 1363 timore
2054 1324 2139 1363 re-

547 1410 742 1451 versus
770 1404 876 1460 est,
911 1412 1034 1452 cum
1064 1396 1202 1450 nihil
1232 1397 1374 1452 forte
1415 1407 1704 1468 patrasset.

615 1489 777 1544 Anno
833 1488 1054 1560 imperii
1094 1490 1181 1544 sui
1226 1488 1317 1554 95,
1362 1489 1430 1543 12
1477 1486 1748 1548 Kalendas
1791 1493 2141 1550 Decembrias

543 1580 876 1649 indictionis
935 1591 1174 1652 quarue,
1241 1581 1454 1649 furens,
1507 1583 1708 1654 impius
1764 1596 1820 1642 et
1874 1587 2140 1642 scelestus

549 1658 862 1743 imperatori
901 1674 1167 1729 adversus
1222 1690 1414 1730 omnes
1458 1675 1714 1732 timentes
1768 1679 1960 1746 Deum,
2019 1681 2141 1736 Ste-

549 1763 796 1834 pbanum
858 1780 1062 1842 novum
1115 1774 1575 1839 protomartyrem
1628 1767 1873 1824 abstrahi
1934 1787 2139 1841 praece-

546 1856 647 1925 pit,
701 1870 828 1910 cum
858 1838 1021 1910 esset
1063 1854 1344 1912 inclausus
1398 1838 1544 1928 apud
1590 1857 1646 1913 S.
1699 1838 2032 1914 Auxentium
2078 1862 2133 1916 in
2171 1838 2212 1893 Β

545 1947 801 2018 proximo
861 1956 1047 2003 monte
1108 1949 1404 2021 Damatry;
1453 1958 1617 2020 Quem
1661 1951 1751 2017 hi,
1805 1952 1900 2023 qui
1945 1953 2135 2008 erudi-

548 2039 717 2094 tionis
771 2039 893 2109 ejus
949 2039 1190 2093 fructum
1252 2040 1635 2111 percipiebant
1684 2051 1740 2098 et
1801 2044 1965 2099 unius
2008 2061 2134 2100 cum

547 2144 617 2184 eo
660 2144 728 2185 ac
775 2129 976 2184 similis
1017 2139 1179 2184 erant
1229 2146 1447 2199 sensus,
1502 2134 1761 2188 scholarii
1809 2151 2029 2206 quoque
2073 2153 2139 2192 ac

548 2221 782 2292 reliquis
820 2220 1111 2276 ordinibus
1141 2221 1389 2292 deputati
1423 2225 1780 2296 accipientes,
1833 2228 2137 2298 pedemque

549 2314 723 2382 ipsius
765 2312 1003 2369 rudente
1048 2313 1307 2384 ligantes,
1350 2325 1637 2372 traxerunt
1684 2334 1715 2373 a
1755 2320 2012 2389 przetorio
2046 2337 2139 2376 us-

548 2421 657 2475 que
698 2405 767 2460 ad
802 2421 867 2483 ea
911 2421 1034 2477 qua:
1069 2419 1200 2463 sunt
1247 2409 1474 2480 Pelagii,
1521 2410 1615 2465 ubi
1663 2419 1720 2465 et
1764 2411 2139 2482 discerpentes

546 2511 676 2551 eum
731 2500 1087 2568 projecerunt
1145 2501 1494 2557 venerabiles
1557 2501 1707 2558 illius
1764 2505 2026 2575 reliquias
2082 2505 2139 2560 in

550 2590 1002 2647 Biothanatorum
1062 2593 1280 2673 lacum,
1347 2610 1416 2650 eo
1461 2595 1609 2666 quod
1665 2597 1868 2653 multos
1911 2613 2141 2654 monue-

549 2684 624 2738 rit
682 2693 740 2739 et
796 2685 1089 2740 adduxerit
1151 2686 1219 2740 ad
1285 2688 1644 2743 monasticam
1706 2692 1905 2757 vitam,
1976 2700 2139 2762 atque

547 2781 906 2829 contemnere
951 2775 1129 2845 regias
1167 2775 1463 2847 dignitates
1504 2787 1670 2848 atque
1715 2779 1977 2849 pecunias
2013 2795 2141 2850 per-

543 2867 838 2946 suaserit;
892 2869 1232 2924 reverendus
1297 2871 1502 2941 quippe
1565 2872 1652 2925 vir
1711 2872 1969 2928 omnibus
2020 2880 2140 2928 erat

547 2976 650 3032 pro
693 2977 762 3017 eo
791 2962 939 3033 quod
978 2963 1097 3020 fere
1140 2965 1422 3035 sexaginta
1453 2964 1650 3020 fecerit
1688 2981 1861 3020 annos
1899 2966 1954 3021 in
1984 2967 2137 3022 clau-

539 3053 680 3130 stris
730 3062 788 3109 et
838 3054 1136 3110 virtutibus
1191 3055 1380 3111 multis
1439 3057 1732 3113 effulserit.
1792 3058 1992 3114 Multos
2038 3074 2139 3114 au-

549 3152 661 3200 tem
705 3145 984 3218 principes
1028 3163 1095 3203 ac
1133 3148 1336 3205 milites
1389 3159 1696 3216 accusatos,
1746 3151 1894 3221 quod
1941 3151 2130 3223 imagi-

547 3255 648 3294 nes
676 3239 994 3307 adorarent,
1026 3239 1270 3309 diversis
1313 3243 1492 3313 poenis
1524 3252 1580 3298 et
1617 3243 1979 3298 amarissimis
2008 3259 2132 3299 ver-

547 3331 780 3406 beribus
809 3332 1081 3401 tradidit;
1126 3335 1513 3405 jusjurandum
1564 3337 1730 3390 etiam
1771 3337 2024 3408 generale
2065 3336 2136 3391 ab

547 3425 812 3496 omnibus
859 3425 964 3482 sub
1013 3425 1247 3497 imperio
1293 3441 1394 3482 suo
1448 3426 1776 3498 degentibus
1823 3429 2024 3499 exegit,
2065 3443 2135 3482 ne

547 3519 844 3594 quisquam
877 3520 1139 3602 adorare't
1185 3521 1424 3576 iconam.
1475 3521 1613 3578 Cum
1651 3523 1854 3593 quibus
1895 3534 1952 3579 et
1988 3524 2134 3580 Con-

546 3610 852 3665 stantinum
906 3611 1028 3666 falsi
1070 3613 1322 3688 nominis
1376 3616 1744 3686 patriarcbam
1799 3631 1967 3687 super
2020 3633 2138 3672 am-

547 3701 752 3758 bonem
802 3704 1111 3760 ascendere
1164 3715 1221 3761 et
1277 3707 1522 3763 exaltare
1576 3695 1819 3779 pretiosa
1878 3709 2025 3780 ligna
2080 3722 2138 3765 ct

545 3791 738 3864 jurare
766 3791 930 3865 fecit,
979 3794 1129 3865 quod
1166 3811 1281 3852 non
1320 3805 1469 3853 esset
1509 3813 1579 3854 ex
1614 3799 1697 3855 eis
1737 3801 1831 3870 qui
1872 3800 2137 3871 imagines

530 3885 891 3961 adorarent;
945 3888 1036 3942 cui
1102 3903 1232 3943 mox
1284 3878 1559 3960 persuasit
1619 3901 1682 3947 ut
1742 3907 1812 3948 ex
1863 3894 2137 3948 monacho

555 3977 910 4048 Stephanitae
956 3980 1300 4054 efﬁceretur,
1343 3991 1416 4054 et
1462 3984 1724 4039 carnibus
1794 3997 2133 4051 vesceretur,

552 4080 720 4141 atque
769 4073 1105 4147 citharoedos
1151 4073 1220 4129 ad
1267 4091 1513 4131 mensam
1544 4076 1759 4133 admitti
1803 4079 2008 4149 regiam
2041 4093 2136 4149 pa-

549 4173 784 4220 teretur.
861 4167 969 4222 Sed
1013 4182 1141 4237 non
1198 4167 1260 4223 in
1323 4169 1546 4240 longum
1615 4169 1750 4226 ultio
1804 4171 2136 4227 homicidam

551 4256 702 4312 hunc
741 4257 972 4313 tradidit
1020 4259 1216 4330 pinnis.
1266 4260 1515 4331 Denique
1562 4261 1893 4319 duodecimo
1941 4265 2140 4320 Kalen-

550 4349 650 4402 das
695 4349 1023 4406 Februarias
1067 4361 1278 4422 quarta:
1323 4353 1639 4410 indictionis
1672 4366 1854 4412 motus
1884 4368 1968 4414 est
2001 4374 2135 4414 cou-

550 4451 635 4497 tra
663 4442 947 4514 Vulgares,
984 4455 1041 4526 et
1083 4445 1286 4501 direxit
1331 4447 1400 4502 ad
1441 4449 1688 4505 Achelon
1733 4451 1875 4506 2600
1917 4453 2138 4509 chelan-

2235 568 2564 622 cumulatos.
2616 567 2883 623 Similiter
2924 577 2979 622 et
3021 577 3216 622 octavo
3264 568 3533 624 Kalendas
3577 569 3834 638 Septoru-

2236 661 2388 716 brias
2423 662 2574 716 ducti
2610 670 2739 716 sunt
2772 663 2838 715 ad
2880 661 3042 716 ludos
3080 661 3367 717 Circenses
3402 663 3650 733 insignes
3673 665 3834 733 prin-

2235 753 2387 823 cipes
2417 753 2604 810 decem
2634 764 2690 809 et
2728 769 2952 819 novem,
2987 762 3042 808 et
3073 754 3312 824 pompati
3344 762 3474 809 sunt
3501 756 3660 825 quasi
3687 756 3831 809 mala

2237 855 2429 902 contra
2482 847 2869 916 imperatorem
2911 845 3183 901 consiliati
3228 845 3467 910 fuerint,
3518 862 3634 900 non~
3672 863 3833 901 vera—

2237 939 2377 994 citer
2425 939 2699 1003 accusati,
2749 939 2847 994 sed
2898 940 3027 1010 quia
3081 938 3364 993 invidebat
3420 938 3502 993 eis
3560 953 3628 992 eo
3678 939 3827 1009 quod

2238 1041 2423 1086 essent
2468 1031 2695 1086 formosi
2743 1041 2907 1101 atque
2955 1032 3167 1085 robusti
3213 1040 3267 1083 et
3305 1029 3375 1084 ab
3415 1029 3674 1083 omnibus
3715 1030 3832 1084 col-

2239 1125 2484 1191 laudati,
2537 1126 2866 1196 quibusdam
2900 1141 3030 1180 vero
3063 1139 3130 1178 ex
3164 1124 3244 1178 eis
3288 1133 3343 1177 et
3375 1123 3444 1176 ob
3481 1123 3828 1193 religionem,

2238 1231 2306 1271 eo
2347 1218 2494 1287 quod
2544 1217 2608 1272 ad
2659 1217 2982 1286 praedictum
3036 1213 3344 1268 inclausum
3396 1213 3563 1268 issent
3601 1223 3659 1267 et
3703 1227 3835 1282 pas-

2241 1311 2424 1366 siones
2449 1312 2566 1380 ejus
2589 1311 2808 1380 publice
2843 1309 3223 1379 divulgarent;
3262 1321 3401 1376 quos
3433 1313 3489 1360 et
3521 1305 3829 1360 interfecit.

2239 1403 2484 1471 Quorum
2533 1403 2796 1473 praecipui
2847 1410 2977 1457 sunt
3018 1399 3416 1457 Constantinus
3461 1397 3729 1468 patricius
3775 1407 3834 1452 et

2240 1494 2448 1549 dudum
2476 1495 2756 1565 logotheta
2783 1508 3002 1557 cursus,
3041 1491 3129 1547 cui
3175 1505 3378 1545 nomen
3410 1490 3675 1560 imposuit
3719 1487 3833 1543 Po-

2240 1587 2613 1658 dopagurum,
2661 1598 2717 1642 et
2763 1586 2930 1657 hujus
2969 1585 3139 1639 frater
3185 1582 3463 1653 Stategius
3512 1581 3834 1652 spatharius

2240 1686 2297 1733 et
2342 1679 2678 1734 domesticus
2723 1678 3142 1742 excubitorum,
3193 1673 3498 1731 Antiochus
3545 1674 3833 1742 logotheta

2242 1771 2416 1825 dromi
2461 1770 2641 1826 factus
2677 1779 2734 1827 et
2783 1780 2987 1842 praetor
3030 1768 3258 1834 Siciliae,
3299 1766 3472 1822 David
3511 1765 3832 1836 spatharius

2239 1871 2295 1918 et
2348 1878 2531 1918 comes
2580 1862 2883 1934 Obsequii,
2940 1861 3387 1932 Theophylactus
3439 1857 3831 1928 protOSpatha-

2238 1957 2356 2012 rius
2404 1966 2460 2012 et
2506 1969 2709 2029 pra-tor
2765 1955 3039 2019 Thraciae,
3093 1953 3540 2023 lChristophorus
3599 1949 3836 2020 spatha-

2239 2049 2389 2113 rius,
2431 2048 2830 2104 Constantinus
2873 2047 3189 2118 Spatharius
3223 2053 3279 2098 et
3320 2044 3533 2115 primus
3568 2041 3836 2111 imperia-

2237 2139 2369 2192 lium
2407 2145 2728 2199 stratorum,
2762 2137 2910 2191 filius
2942 2135 3162 2206 patricii
3205 2133 3491 2196 Bardanis,
3532 2129 3837 2201 Theop'iy—

2237 2214 2414 2285 lactus
2433 2229 2778 2293 candidatus,
2800 2237 2856 2283 et
2876 2229 2990 2283 alii.
3021 2228 3170 2294 Quos
3198 2242 3322 2281 cum
3353 2225 3408 2279 in
3440 2223 3832 2292 Hippodromii

2240 2325 2400 2379 ludos
2440 2324 2617 2394 palam
2649 2323 2862 2379 traduci
2892 2331 2950 2377 et
2989 2322 3059 2377 ab
3084 2320 3234 2376 omni
3276 2319 3480 2390 populo
3508 2315 3747 2386 conspui
3779 2325 3836 2371 et

2239 2416 2494 2472 maledici
2537 2416 2787 2481 fecisset,
2839 2413 3170 2471 sententiam
3220 2411 3394 2467 dedit.
3436 2411 3504 2464 Et
3546 2410 3670 2463 illos
3708 2408 3836 2478 qui-

2239 2511 2360 2567 dem
2394 2511 2533 2566 duos
2578 2510 2814 2575 fratres,
2845 2506 3270 2563 Constantinum
3309 2505 3395 2559 aio
3430 2515 3595 2573 atque
3646 2502 3834 2557 State-

2237 2605 2412 2676 gium,
2438 2604 2584 2658 intra
2614 2601 2922 2656 venationis
2951 2606 3105 2670 septa
3135 2598 3333 2668 capitis
3349 2594 3834 2650 animadversione

2238 2696 2491 2767 punivit,
2547 2697 2722 2751 multo
2773 2710 2940 2765 super
2985 2709 3081 2748 eos
3128 2691 3276 2747 facto
3326 2690 3596 2747 universae
3647 2686 3835 2760 plebis

2237 2786 2499 2851 lamento,
2538 2786 2677 2841 adeo
2702 2793 2764 2840 ut
2787 2800 2912 2839 cum
2939 2783 3044 2840 hoc
3074 2781 3361 2844 didicisset
3389 2781 3715 2847 imperator,
3745 2779 3803 2832 in

2236 2881 2558 2953 dignaretur
2598 2889 2653 2935 et
2697 2877 3015 2950 praefectum
3068 2875 3398 2946 ProcOpium
3459 2871 3702 2927 caederet
3777 2878 3835 2925 et

2236 2977 2305 3031 ab
2367 2972 2847 3029 administratione
2913 2969 3218 3041 depelleret
3271 2976 3530 3037 tanquam
3589 2965 3644 3020 id
3705 2963 3831 3019 ﬁeri

2236 3067 2668 3138 permittentem.
2699 3063 2941 3119 Caeteros
2973 3070 3154 3116 autem
3198 3075 3391 3115 omnes
3429 3059 3609 3114 oculis
3643 3058 3834 3130 priva-

2238 3169 2323 3215 tos
2366 3161 2422 3214 in
2461 3159 2716 3214 exsilium
2767 3156 3094 3220 destinavit,
3143 3143 3284 3222 quos
3325 3161 3383 3208 et
3426 3167 3525 3223 per
3579 3140 3834 3223 singulos

2239 3253 2498 3318 mittens,
2545 3265 2670 3305 cum
2719 3257 2866 3304 esset
2915 3247 3066 3302 omni
3107 3244 3434 3301 crudelitate
3486 3243 3713 3314 plenus,
3763 3244 3832 3299 ad

2234 3347 2355 3401 loca
2398 3345 2454 3398 in
2497 3342 2700 3415 quibus
2725 3340 3027 3412 degebant,
3060 3337 3312 3394 centenis
3344 3335 3528 3407 ﬂagris
3564 3336 3832 3406 vapulare

2230 3437 2479 3509 jubebat.

2342 3526 2514 3582 Porro
2561 3524 2730 3580 tertio
2801 3523 3065 3580 kalendas
3137 3521 3514 3594 Septembrias
3575 3519 3829 3592 ejusdem

2234 3629 2446 3693 quarta
2491 3617 2815 3675 indictionis
2848 3617 3128 3673 insaniens
3161 3616 3310 3671 idem
3366 3614 3672 3669 malivocus
3725 3613 3832 3668 ad-

2235 3727 2432 3769 versus
2489 3711 2840 3782 aequivocum
2900 3708 3014 3780 (8'5)
3062 3723 3226 3764 suum
3282 3715 3341 3763 et
3388 3717 3829 3762 consentaneum

2235 3802 2630 3873 patriarcbam,
2655 3809 2712 3856 et
2733 3799 2976 3853 inventis
3001 3796 3331 3868 quibusdam
3361 3795 3582 3852 clericis
3612 3804 3670 3850 et
3704 3812 3825 3850 mo-
3915 3786 3930 3799 ’

2237 3893 2431 3949 nachis
2452 3891 2716 3948 instruxit
2745 3890 2870 3946 illos
2896 3901 2957 3946 ut
2980 3889 3230 3964 dicerent
3263 3906 3278 3942 :
3314 3888 3631 3942 Audiuimus
3654 3888 3832 3958 patri-

2238 3989 2595 4041 archamcunt
2631 3983 2989 4055 Podopaguro
3029 3982 3277 4036 adversus
3321 3981 3704 4052 imperatorem
3751 3979 3829 4033 lo-

2235 4085 2500 4148 quentem,
2525 4076 2857 4133 etmisiteos
2884 4073 2955 4129 ad
2985 4072 3401 4143 patriarchium,
3439 4078 3500 4126 ut
3521 4079 3828 4142 arguerent

2235 4183 2387 4225 eum.
2423 4169 2674 4240 Cumque
2706 4168 2799 4223 ille
2825 4176 3070 4237 negaret,
3106 4164 3238 4219 fecit
3284 4163 3409 4219 illos
3455 4162 3524 4218 ad
3580 4163 3824 4234 pretiosa

2239 4263 2384 4333 ligna
2406 4261 2594 4332 jurare
2629 4259 2865 4314 fatentes
2902 4275 2914 4312 :
2955 4258 2996 4313 Α
3042 4258 3351 4328 patriarcha
3383 4255 3671 4310 maledicta
3710 4260 3822 4311 hac

2245 4356 2570 4410 audivimus.
2606 4353 2755 4407 Inter
2787 4352 2903 4406 ιιωο
2929 4365 3061 4421 ergo
3096 4351 3266 4415 misit,
3297 4361 3356 4405 et
3401 4348 3551 4405 bulla
3586 4349 3825 4420 signavit

2239 4448 2660 4518 patriarcbium,
2695 4454 2752 4501 et
2781 4445 2931 4499 hunc
2959 4444 3157 4499 exsilio
3200 4442 3465 4514 relegavit
3489 4443 3639 4511 apud
3689 4442 3822 4497 Hie-

551 4535 642 4591 dia
693 4545 1056 4605 construens,
1122 4553 1188 4593 ea
1240 4546 1298 4595 et
1357 4555 1580 4597 armans
1631 4557 1700 4598 ex
1739 4544 1956 4599 cunctis
2009 4545 2134 4600 the-

2243 4539 2402 4600 riam.
2439 4547 2495 4593 et
2528 4550 2724 4590 rursus
2757 4534 2902 4605 apud
2930 4533 3245 4602 Principem
3274 4532 3489 4586 insulis.

553 4630 835 4695 matibus;
887 4646 1010 4700 qua:
1057 4645 1182 4686 cum
1225 4631 1282 4687 in
1325 4635 1460 4691 toris
1497 4634 1628 4707 (82‘)
1657 4637 1949 4692 stationem
1988 4639 2140 4694 ﬁxis-

551 4729 697 4784 sent,
737 4718 902 4776 flante
942 4723 1198 4791 aquilone
1218 4727 1455 4781 contrita
1485 4734 1615 4781 sunt
1653 4743 1794 4798 pene
1831 4731 2041 4797 omnia,
2078 4739 2137 4787 et

551 4820 781 4868 necatus
831 4823 916 4868 est
976 4816 1214 4886 populus
1271 4819 1508 4884 multus,
1581 4819 1658 4875 ita
1714 4829 1774 4875 ut
1837 4822 2136 4893 imperator

551 4903 853 4958 extendere
885 4893 1048 4959 'retia
1098 4915 1154 4960 et
1192 4906 1273 4962 sic
1306 4919 1557 4966 mortuos
1609 4913 1850 4970 educere
1882 4928 1947 4969 ac
1978 4929 2137 4985 sepe-

549 4993 654 5048 lire
698 4997 1043 5063 praeceperit.
1087 4998 1258 5053 Porro
1293 4997 1508 5056 decimo
1541 5014 1698 5060 sexto
1731 5003 2002 5061 Kalendas
2041 5005 2139 5062 Se-

549 5085 855 5154 ptembria's
889 5088 1134 5158 ejusdem
1163 5099 1376 5159 quarta:
1417 5092 1736 5150 indictionis
1771 5096 1993 5166 publice
2032 5099 2138 5154 dif-

550 5176 781 5231 famavit
825 5193 890 5233 ac
932 5179 1318 5236 dehonestavit
1354 5182 1603 5239 habitum
1640 5187 2033 5244 monachorum
2079 5189 2137 5245 in

553 5267 971 5339 llippodromio,
991 5273 1314 5344 praecipiens
1336 5291 1783 5348 unumquemque
1806 5281 2135 5336 monachum

553 5376 720 5417 manu
759 5371 947 5420 tenere
979 5367 1288 5433 mulierem,
1332 5378 1388 5423 et
1420 5369 1600 5424 taliter
1630 5385 1727 5425 eos
1761 5374 1994 5429 transire
2030 5390 2129 5446 per

2309 4632 2470 4684 Anno
2506 4628 2728 4699 imperii
2766 4625 3117 4683 Constantini
3156 4627 3227 4680 26
3271 4624 3514 4681 Abdelas
3566 4624 3819 4680 Ibinalim

2241 4735 2500 4779 mortuus
2533 4733 2638 4788 est,
2670 4732 2868 4777 ruente
2916 4737 3084 4791 super
3113 4735 3172 4775 se
3197 4728 3372 4784 turre,
3413 4718 3469 4773 in
3493 4733 3601 4788 qua
3634 4729 3820 4774 custo-

2241 4819 2519 4873 diebatur.
2560 4815 2799 4871 Abdelas
2828 4822 3013 4869 autem
3066 4829 3193 4869 cum
3214 4828 3448 4869 camerae
3498 4812 3822 4884 fungeretur

2240 4911 2472 4976 honore,
2507 4910 2681 4965 multa
2708 4909 2850 4964 mala
2874 4906 3209 4964 Christianis
3241 4906 3344 4962 sub
3381 4905 3693 4977 principatu
3719 4920 3818 4961 suo

2239 5004 2573 5077 degentibus
2617 5001 3038 5067 demonstravit,
3093 4999 3368 5071 siquidem
3395 5007 3453 5054 et
3487 5014 3684 5054 cruces
3726 5013 3818 5053 ee-

2239 5099 2536 5155 clesiarum
2567 5095 2821 5162 abstulit,
2852 5104 2909 5151 et
2932 5095 3152 5167 vigilias
3179 5104 3482 5151 nocturnas
3513 5095 3816 5161 celebrare,

2240 5192 2336 5249 sed
2361 5200 2418 5247 et
2443 5193 2662 5246 litteras
2694 5189 2912 5245 discere
2942 5189 3300 5259 prohibebat.
3336 5188 3404 5243 Hi
3430 5203 3562 5243 vero
3599 5189 3696 5259 qui
3724 5187 3810 5241 di-

2241 5294 2444 5341 cuntur
2495 5283 2639 5353 apud
2711 5281 2838 5337 illos
2903 5282 3164 5348 Aruritae,
3225 5281 3375 5351 quod
3422 5282 3819 5351 interpretatur

2235 5377 2605 5438 aemulatores,
2640 5385 2833 5429 contra
2864 5375 3325 5446 Palmyretensem
3360 5389 3608 5429 eremum
3641 5373 3818 5428 insur-

2059 5469 2293 5529 NOTIE.

627 5548 738 5630 (βὲ)
771 5549 1013 5632 Scamarj
1059 5558 1186 5632 sunt
1219 5552 1523 5632 praedones,
1549 5563 1641 5632 _et_
1657 5571 1900 5632 scamara
1927 5559 2135 5632 deprae-

555 5619 728 5696 datioﬁ
776 5621 1088 5693 Stephanus
1134 5623 1168 5696 {2
1213 5619 1444 5696 epistola
1496 5619 1562 5680 ad
1613 5626 1866 5696 Pipinum
1915 5619 2132 5688 R.'F.:

563 5709 584 5742 ‹
609 5691 893 5763 Scamaras
921 5702 1086 5762 atque
1121 5691 1556 5763 deprmdationes
1585 5691 1692 5751 seu'
1729 5699 2137 5759 devastationes

557 5763 614 5846 in
645 5761 962 5818 civitatibus
999 5761 1233 5846 etnlocis
1261 5765 1320 5818 Β.
1356 5765 1502 5821 Petri
1544 5768 1724 5846 [acere
1761 5786 1859 5826 sua
1902 5772 2137 5846 impera-

559 5834 710 5888 tione
738 5847 843 5890 nec
871 5837 1105 5891 cessavit
1133 5851 1234 5891 nec
1265 5848 1460 5892 cessat.
1499 5859 1514 5890 ι
1553 5837 1711 5893 Ριιηί.

2334 5561 2442 5630 82⁹)
2472 5560 2536 5615 In
2567 5559 2692 5614 oris.
2726 5560 2887 5613 FAsa.

2334 5561 2442 5630 82')
2472 5561 2536 5615 In
2567 5561 2692 5614 oris.
2726 5561 2887 5613 FAsa.

2308 5561 2825 5702 i83)xEquivocum.
2871 5628 3185 5702 Ludovicus
3235 5627 3368 5698 imp.
3435 5628 3490 5682 in
3549 5635 3816 5702 prafcpto

2243 5698 2482 5774 quodam
2502 5698 2644 5771 apud
2667 5701 3033 5774 Flodoardum
3051 5717 3111 5763 ιι,
3132 5699 3225 5755 i9:
3254 5719 3271 5750 ι
3297 5713 3428 5774 gens
3445 5709 3631 5774 nostra
3651 5698 3815 5774 Fran-

2247 5769 2438 5829 corum
2470 5769 2593 5827 cum
2625 5771 2908 5841 :equivoco
2945 5780 3133 5825 nostro
3163 5787 3284 5842 rege
3310 5769 3556 5842 ejusdem
3588 5773 3758 5841 gentis
3791 5786 3808 5819 ι

2253 5846 2321 5899 ΡΑ
2331 5862 2413 5898 an.
