4050 6308
310 348 447 415 1385

1121 358 1493 421 HISTORIA
1528 357 2111 423 ECCLESIASTICA
2147 358 2252 420 EX
2275 357 2687 421 ΤΗΕΟΡΗΑΝ
2696 360 2760 421 Ε.

3449 360 3587 428 1386

242 544 243 547 η
304 479 586 526 rexerunt.
620 469 727 527 Sed
758 470 978 527 illorum
1024 471 1248 543 quidem
1287 473 1495 529 malitia
1526 474 1581 530 in
1612 472 1893 529 Ecclesias
1921 478 1966 534 Α
1996 471 2287 539 ducentos,
2316 488 2347 529 a
2373 473 2584 528 Graecia
2612 488 2748 529 vero
2778 483 2835 529 et
2868 472 3064 529 insulis
3115 472 3435 529 testatarios
3467 473 3583 543 (86)

305 566 400 622 Dei
450 574 645 639 utpote
671 565 975 622 infidelium
1018 567 1306 623 manifesta
1340 568 1464 623 fuit.
1517 568 1768 624 lsautem
1806 568 1900 637 qui

303 658 657 724 Christianis,
706 660 1086 716 ineﬂ‘abilibus
1132 660 1229 717 Dei
1277 662 1525 732 judiciis,
1570 660 1897 731 imperabat,

304 752 558 808 fortassis
600 760 664 806 ut
700 752 870 808 Israel
928 752 1207 823 quondam
1256 753 1347 809 ille
1397 770 1631 809 vesanus
1685 754 1897 819 Achab,

307 842 483 898 multo
513 832 710 914 pejora
735 858 899 913 quam
933 843 1175 899 Arabum
1202 844 1272 898 sit
1299 844 1510 899 insania
1535 846 1637 900 sub
1664 845 1898 917 imperio

307 950 409 991 suo
432 936 626 1005 positis
647 936 990 1002 orthodoxis,
1013 937 1292 1008 episcopis
1322 938 1430 991 νὶάι
1449 937 1899 1001 licet,monachis

303 1036 359 1082 et
389 1026 569 1092 laicis,
593 1026 835 1097 przelatis
862 1039 1032 1099 atque
1072 1027 1338 1099 subjectis
1383 1028 1649 1090 ostendit,
1689 1028 1895 1100 ubique

304 1120 738 1178 intercessiones
777 1132 982 1178 sancta:
1010 1122 1108 1178 Dei
1156 1122 1457 1179 Genitricis
1511 1137 1576 1179 ac
1637 1125 1891 1181 omnium

303 1222 627 1275 sanctorum
664 1213 719 1268 in
770 1214 991 1285 scriptis
1021 1223 1083 1269 ut
1124 1214 1351 1271 inutiles
1401 1226 1458 1273 et
1511 1219 1632 1275 sine
1686 1218 1894 1289 scripto

302 1306 601 1377 repellens,
631 1322 729 1378 per
764 1325 901 1380 quas
952 1308 1215 1365 videlicet
1261 1310 1426 1367 nobis
1466 1322 1686 1369 emanat
1728 1329 1893 1370 omne

301 1399 651 1472 suffragium,
704 1408 765 1458 et
810 1414 1030 1459 sanctas
1085 1403 1350 1475 reliquias
1410 1421 1605 1461 eorum
1662 1405 1893 1463 effossas

299 1493 529 1565 ejiciens
560 1503 618 1549 et
644 1495 850 1551 invisas
890 1497 1152 1564 reddens,
1184 1498 1364 1554 sicubi
1391 1500 1717 1571 cujusquam
1752 1500 1892 1556 insi-

298 1589 427 1660 gnis
445 1589 819 1645 audiebantur
848 1591 913 1646 ad
937 1591 1246 1647 animarum
1276 1593 1575 1650 sanitatem
1605 1604 1661 1650 et
1690 1610 1893 1666 corpo-

299 1698 422 1738 rum
457 1685 722 1755 rcjacere,
762 1685 845 1740 vel
876 1685 1022 1740 sicut
1054 1686 1226 1743 moris
1256 1696 1361 1754 est,
1390 1703 1420 1743 a
1453 1690 1542 1760 pie
1596 1690 1892 1760 agentibus

298 1776 593 1833 honorari.
654 1777 779 1833 Mox
805 1793 937 1849 ergo
989 1788 1220 1834 mortem
1281 1779 1545 1835 adversus
1576 1779 1889 1852 hujusmodi

2004 560 2340 632 quingentos
2373 577 2390 629 ;
2416 577 2585 635 porro
2615 577 2683 618 ex
2709 560 2828 633 ipsa
2857 563 3073 619 Thrace
3106 564 3395 635 operarios
3419 564 3584 634 quin~

2002 668 2113 725 que
2143 655 2314 710 millia
2337 662 2393 709 et
2412 655 2624 727 tegulas
2667 655 2932 711 facientes
2962 656 3254 722 ducentos,
3288 666 3345 711 et
3370 672 3581 727 praepo-

2002 745 2112 802 suit
2146 746 2226 801 eis
2248 747 2533 819 principes
2554 757 2912 805 essecutores
2939 764 3168 820 operum
3195 766 3261 807 ac
3286 751 3581 823 patricium

2001 856 2211 907 unum;
2266 843 2457 912 sicque
2486 858 2655 913 opere
2690 841 3074 900 censummato
3124 862 3267 915 aqua
3330 845 3583 902 introivit

2001 933 2055 988 in
2089 932 2307 989 urbem.
2336 932 2610 990 Caeterum
2641 933 2833 991 eadem
2864 937 3059 1007 quinta
3090 936 3397 993 indictione
3447 953 3581 1009 pro~

1998 1027 2152 1081 vehit
2177 1026 2261 1082 sui
2294 1042 2492 1082 sensus
2514 1036 2784 1097 praetores
2802 1036 2859 1084 et
2886 1030 3172 1100 operarios
3194 1030 3444 1101 nequitia
3477 1045 3578 1087 sua

1997 1120 2316 1192 condignas,
2352 1120 2674 1177 Michaelem
2704 1121 2968 1178 videlicet
2998 1123 3346 1180 Melissenum
3380 1125 3439 1180 in
3460 1125 3581 1180 the~

1997 1224 2141 1271 mate
2176 1214 2535 1272 Orientalium
2571 1224 2629 1271 et
2655 1216 2975 1273 Michaeletn
2996 1216 3579 1274 Lachanadracontem

1996 1307 2049 1362 in
2078 1307 2417 1375 Thracesiis,
2448 1323 2617 1380 super
2644 1308 3008 1365 buccellarios
3030 1326 3161 1366 vero
3185 1310 3368 1366 Manin
3398 1327 3427 1366 a
3458 1327 3577 1366 ma-

1994 1401 2105 1464 nia,
2132 1399 2187 1455 id
2218 1409 2303 1456 est
2323 1400 2557 1468 insania,
2603 1402 2970 1458 nominatum.
3006 1402 3113 1459 Sed
3169 1385 3294 1475 quis
3342 1406 3581 1463 idoneus

1994 1493 2060 1548 ad
2097 1494 2411 1575 enarranda
2434 1495 2702 1551 scelerata
2733 1496 2931 1552 horum
2961 1496 3200 1569 piacula,
3235 1514 3357 1571 quae
3378 1502 3583 1571 partim

1993 1588 2112 1643 suis
2137 1603 2167 1643 a
2206 1587 2368 1644 nobis
2393 1589 2817 1646 conscribentur
2854 1590 2910 1647 in
2959 1592 3093 1647 locis
3119 1592 3143 1645 ’ἒ
3168 1591 3366 1649 Omnia
3428 1596 3577 1650 enim

1993 1695 2090 1736 seu
2121 1682 2339 1754 singula
2374 1682 2573 1738 horum
2602 1699 2772 1755 opera
2808 1685 2855 1739 si
2908 1685 3423 1754 conscriberentur,
3456 1703 3579 1758 quae

1995 1776 2063 1831 ad
2094 1777 2441 1833 curationem
2468 1777 2792 1849 imperantis
2833 1779 3030 1835 eﬂ'ecta
3060 1790 3211 1847 sunt,
3240 1797 3346 1837 nec
3398 1784 3578 1853 ipsum

299 1880 572 1943 tanquam
628 1871 798 1943 impie
849 1846 1103 1944 gerentes
1160 1873 1493 1940 minabatur,
1535 1846 2257 1941 sin-autem,Barbitror,
2319 1880 2379 1926 ut
2454 1871 2675 1942 preprie
2741 1886 2867 1927 cum
2937 1872 3270 1942 evangelista
3340 1874 3576 1941 dicatur,

297 1970 741 2041 proscriptiones
760 1984 825 2025 ac
846 1969 1037 2026 exsilia
1066 1980 1115 2026 et
1154 1979 1444 2027 tormenta.
1476 1972 1586 2027 Deo
1612 1989 1743 2028 vero
1769 1989 1891 2045 gra-

298 2063 579 2119 tissimum
608 2063 909 2133 lipsanum,
941 2070 1137 2134 utpote
1173 2063 1397 2134 quidam
1440 2064 1733 2120 thesaurus
1756 2081 1887 2135 pos-

298 2156 621 2212 sessoribus
660 2155 904 2221 habitus,
955 2156 1336 2224 auferebatur,
1371 2157 1612 2213 invisum
1660 2157 1774 2231 (84)
1820 2158 1889 2215 de

298 2259 506 2305 uetere
537 2248 909 2312 eﬂiciendum.
936 2250 1066 2305 Tale
1096 2250 1230 2321 quid
1253 2261 1310 2307 et
1334 2250 1391 2305 in
1418 2251 1887 2323 pretiosissimum

297 2341 601 2397 laudabilis
629 2341 893 2417 martyris
925 2342 1248 2413 Euphemiae
1277 2343 1546 2413 profanus
1572 2343 1689 2405 hic,
1711 2344 1889 2416 impe-

305 2442 464 2489 rator
492 2433 770 2507 lipsanum
801 2435 999 2508 gessit,
1034 2436 1090 2492 in
1122 2436 1457 2509 profundum
1512 2437 1567 2495 id
1610 2455 1718 2494 una
1763 2454 1889 2495 cum

297 2528 484 2585 loculo
504 2529 737 2602 jaciens,
759 2546 871 2588 non
902 2530 1087 2586 ferens
1117 2531 1306 2587 videre
1323 2530 1596 2603 unguenti
1620 2533 1795 2587 etiam
1822 2546 1891 2587 ex

298 2636 359 2677 se
381 2636 552 2694 super
568 2637 789 2679 omnem
816 2624 1083 2697 populum
1110 2625 1443 2680 suavitatem
1467 2622 1814 2690 reddentem,
1834 2636 1892 2683 et

300 2724 627 2787 arguentem
654 2715 775 2789 ejus
802 2717 1073 2773 adversus
1104 2716 1537 2773 intercessiones
1567 2726 1889 2774 sanctorum

302 2807 695 2865 deliramenta.
723 2807 833 2865 Sed
866 2810 1035 2876 Deus,
1071 2810 1167 2881 qui
1207 2810 1452 2868 custodit
1489 2827 1615 2868 ossa
1664 2811 1891 2883 placen-

302 2902 442 2957 tium
466 2901 775 2959 secundum
797 2903 989 2960 divina
1016 2904 1264 2975 eloquia,
1302 2903 1536 2960 illaesum
1598 2905 1704 2961 hoc
1750 2920 1888 2961 con-

302 2996 569 3064 servavit,
599 3012 795 3054 rursus
836 3006 1166 3053 ostensurus
1224 2996 1360 3070 illud
1415 2996 1562 3068 apud
1617 2997 1890 3054 Lemnum

240 3084 241 3087 “
302 3089 542 3146 insulam
578 3107 597 3146 :
645 3104 746 3161 per
788 3099 1121 3147 nocturnam
1172 3089 1323 3146 enim
1368 3090 1641 3146 visionem
1694 3080 1887 3163 jacens

1993 1963 2260 2019 mundum
2291 1979 2490 2036 capere
2518 1979 2613 2020 eos
2642 1964 2735 2036 qui
2772 1965 3054 2021 scribendi
3081 1973 3211 2022 sunt
3236 1967 3431 2023 libros.

2064 2056 2223 2113 Anno
2261 2057 2456 2113 mundi
2506 2057 2668 2122 6259,
2729 2057 2928 2114 divina:
2984 2057 3383 2116 incarnationis
3432 2076 3581 2116 anno

1992 2148 2292 2214 759,'anno
2342 2150 2563 2221 imperil
2616 2148 2965 2207 Constantini
2991 2153 3060 2207 27
3095 2151 3410 2225 Stephanus
3466 2155 3580 2211 Ro-

1991 2257 2168 2297 mana:
2202 2242 2350 2298 sedis
2374 2243 2612 2300 habetur
2656 2243 2910 2300 antistes.
2961 2244 3358 2303 Constantinus
3418 2264 3574 2310 vero.

1970 2334 2112 2415 falsi
2138 2337 2379 2392 nominis
2410 2337 2747 2408 patriarcha,
2772 2336 2974 2395 ductus
2993 2346 3079 2396 est
3117 2339 3289 2397 Nonis
3312 2320 3586 2418 Octobri-1

1990 2427 2098 2484 bus
2126 2440 2293 2484 sexta:
2325 2429 2645 2487 indictiouis
2666 2447 2695 2486 a
2720 2431 2971 2503 principe
3003 2431 3058 2489 in
3094 2432 3330 2490 insulam
3356 2451 3371 2501 ;
3409 2450 3576 2506 quem

1991 2529 2048 2577 et
2072 2521 2272 2577 cecidit
2297 2532 2585 2595 tyrannus,
2613 2524 2760 2596 quod
2791 2525 2998 2582 vadere
3039 2540 3151 2581 non
3183 2527 3412 2583 valeret.
3446 2528 3577 2585 Jus-

1991 2615 2065 2670 sit
2091 2624 2275 2671 autem
2300 2632 2428 2672 eum
2463 2618 2517 2672 in
2544 2617 2745 2689 phorio
2782 2619 3015 2691 portari,
3042 2628 3101 2676 et
3119 2628 3342 2675 euntem
3382 2622 3576 2680 sedere

1991 2704 2049 2761 in
2073 2706 2285 2779 gremio
2312 2707 2561 2764 ecclesiae
2610 2708 2849 2780 Magna);
2875 2717 3103 2783 eratque
3137 2712 3401 2770 asecretis
3449 2729 3576 2770 cum

1991 2814 2060 2854 eo
2094 2799 2282 2855 ferens
2322 2801 2527 2856 chartae
2559 2809 2792 2868 tomum,
2821 2802 2877 2857 in
2903 2818 3014 2875 quo
3044 2811 3205 2860 erant
3249 2805 3440 2883 scripti
3480 2806 3578 2862 hu-

1987 2892 2078 2963 jus
2108 2907 2389 2949 excessus.
2427 2892 2589 2949 Omni
2627 2910 2763 2968 ergo
2794 2897 2999 2968 populo
3028 2897 3275 2956 civitatis
3320 2915 3388 2956 ex
3434 2916 3577 2973 praao

1993 2996 2155 3056 cepto
2186 2985 2343 3058 regio
2393 2986 2507 3043 illic
2541 2997 2874 3060 congregato
2919 2997 2977 3045 et
3016 2988 3238 3048 vidente
3291 2992 3579 3064 legebatur

1992 3078 2185 3137 charta
2211 3077 2266 3133 in
2295 3078 2641 3137 audientiam
2672 3081 2845 3138 totius
2866 3082 3076 3154 populi,
3126 3091 3185 3140 et
3228 3100 3327 3158 per
3361 3086 3575 3159 singula

300 3178 635 3235 elevandum
677 3181 940 3252 pracepit
970 3190 1026 3235 et
1078 3181 1541 3237 conservandum,
1587 3182 1703 3238 Sub
1743 3183 1892 3240 Con.
1917 3211 1965 3275 Ο
1995 3171 2345 3244 percutiebat
2364 3174 2630 3232 asecretis
2655 3173 2852 3231 faciem
2878 3176 3018 3249 ejus,
3042 3177 3234 3234 Νἱοειει
3258 3180 3572 3251 patriarcha

303 3272 551 3328 stautino
579 3288 714 3329 vero
754 3271 1075 3331 etilleirene
1099 3272 1208 3342 piis
1257 3271 1711 3342 imperatoribus,
1742 3272 1887 3329 indi-

303 3366 490 3422 ctione
522 3373 740 3436 quarta,
789 3380 915 3421 cum
978 3362 1197 3419 decenti
1241 3363 1667 3420 honoriﬁcentia
1724 3364 1890 3421 rediit

304 3459 375 3516 ad
399 3460 666 3530 templum
697 3475 884 3515 suum.
931 3456 1093 3527 Quod
1158 3458 1275 3530 ipse
1326 3458 1577 3531 quidem,
1625 3469 1887 3530 tanquam

303 3553 564 3610 inimicus
594 3552 989 3619 Ecclesiarum,
1027 3569 1325 3610 commune
1356 3553 1487 3609 fecit
1516 3562 1888 3624 armamenta-

303 3634 452 3703 rium
478 3647 1003 3719 sterquiliniumque
1034 3646 1151 3702 fore
1181 3647 1449 3711 decrevit,
1482 3645 1562 3701 illi
1622 3661 1887 3718 repurgao

304 3749 423 3798 tum
462 3741 570 3798 hoc
620 3742 823 3796 iterum
880 3749 1263 3805 sacraverunt,
1321 3741 1387 3796 ad
1440 3740 1888 3812 redargutionem

304 3836 531 3907 quidem
560 3834 725 3906 hujus
760 3834 1086 3906 impietatis,
1140 3834 1519 3891 ostensionem
1559 3843 1744 3889 autem
1783 3833 1891 3888 ho-

304 3944 428 3985 rum
461 3928 706 4000 pietatis.
736 3927 850 3982 Hoc
870 3937 1054 3982 autem
1073 3926 1144 3981 ob
1173 3925 1508 3997 stupendum
1530 3934 1586 3981 et
1607 3924 1889 3996 scriptura

305 4023 535 4095 dignum
570 4020 896 4077 miraculum
929 4029 1054 4091 post
1076 4019 1148 4074 2?.
1185 4034 1362 4075 annos
1393 4017 1571 4089 iniqui
1624 4016 1891 4088 principis

304 4116 525 4182 mortis,
562 4132 672 4171 una
696 4129 822 4170 cum
855 4112 1121 4185 piissimis
1145 4111 1579 4183 imperatoribus
1601 4119 1659 4167 et
1712 4110 1889 4165 Tara-

305 4210 389 4266 sio
420 4208 769 4266 sanctissimo
787 4205 1123 4279 patriarcha,
1152 4220 1255 4261 nos
1274 4214 1330 4261 et
1352 4203 1588 4261 vidimus
1600 4210 1655 4258 et
1671 4219 1795 4259 cum
1807 4203 1891 4259 eis

304 4303 545 4375 amplexi
576 4301 804 4366 fuimus,
834 4301 965 4356 licet
992 4298 1203 4371 indigni
1225 4314 1477 4371 magnam
1499 4298 1729 4370 gratiam
1757 4310 1890 4369 pro-

306 4406 611 4454 tnerentes.
644 4395 821 4454 Porro
868 4392 1086 4449 decimo
1136 4401 1291 4448 sexto
1334 4390 1605 4448 Kalendas
1656 4390 1889 4449 Decerne-

271 4472 479 4555 .brias,
504 4488 752 4562 ejusdem
787 4484 994 4558 quinta:
1023 4483 1363 4544 indictionis.
1390 4483 1617 4540 decreto
1650 4483 1891 4553 impera-

1995 3265 2051 3321 in
2072 3262 2419 3323 coniessorio
2460 3266 2688 3324 sedente
2717 3283 2786 3324 ac
2816 3267 3087 3327 intuente.
3126 3270 3257 3329 Post
3284 3272 3401 3330 haec
3438 3290 3572 3330 vero

1991 3374 2117 3416 cum
2138 3359 2531 3431 imposuissent
2554 3376 2682 3416 eum
2717 3360 2774 3417 in
2797 3361 3088 3419 ambonem
3108 3370 3166 3420 et
3186 3363 3572 3424 rectum'stare

1991 3451 2273 3512 fecissent.
2299 3454 2511 3525 accepit
2531 3453 2754 3509 Nicetes
2784 3453 3037 3510 chartam
3069 3468 3125 3513 et
3166 3458 3573 3531 misit|episco-

1991 3543 2164 3614 pis,et
2197 3544 2382 3601 ablato
2403 3544 2849 3616 superhumerali
2881 3547 3033 3618 ejus,
3063 3540 3574 3608 anathematizave-

1990 3642 2121 3688 runt
2147 3648 2296 3700 eum,
2328 3634 2562 3691 ethunc
2608 3634 2923 3708 Scotiopsin
2949 3639 3421 3708 cognominantes,
3449 3642 3576 3700 abs-

1991 3735 2280 3783 traxerunt
2365 3727 2433 3783 ab
2490 3727 2755 3795 ecclesia,
2815 3728 3154 3800 gradientem
3242 3739 3574 3804 retrorsum,

1991 3820 2215 3876 Postera
2245 3836 2377 3876 vero
2409 3819 2502 3876 die
2548 3835 2676 3877 cum
2732 3815 2851 3877 ludi
2908 3820 3204 3879 Circenses
3251 3834 3575 3895 agerentur,

1992 3921 2249 3969 raserunt
2298 3911 2493 3967 faciem
2545 3914 2689 3984 ejus,
2738 3922 2795 3969 et
2850 3913 3081 3969 barbam
3120 3915 3568 3987 denudaverunt,

1993 4009 2192 4081 capitis
2225 4025 2289 4065 ac
2344 4010 2771 4081 superciliorum
2800 4010 2929 4082 piiis
2973 4011 3193 4080 ablatis,
3224 4021 3281 4071 et
3311 4015 3570 4073 indutum

1991 4103 2143 4158 hunc
2165 4103 2329 4158 laneo
2354 4102 2510 4159 brevi
2527 4109 2582 4159 et
2603 4103 2721 4159 sine
2742 4103 2974 4160 manicis
2993 4105 3349 4171 vestimento,
3376 4110 3573 4167 sedere

1991 4196 2247 4253 fecerunt
2274 4196 2499 4268 oblique
2528 4212 2698 4267 super
2727 4198 2946 4254 asinum
2975 4212 3161 4270 sagma
3195 4199 3491 4270 ferentem,
3517 4213 3574 4260 et

1992 4290 2163 4363 ipsius
2175 4289 2624 4356 tenerecaudam,
2639 4288 3016 4346 eteduxerunt
3032 4305 3159 4347 eum
3179 4308 3279 4364 per
3294 4293 3572 4365 Diippium

1994 4383 2474 4455 Hippodromium,
2528 4393 2729 4439 cuncto
2763 4383 2971 4455 populo
3000 4393 3054 4440 et
3090 4385 3254 4457 vulgo
3291 4387 3434 4444 mala
3471 4387 3575 4443 im-

1993 4486 2256 4550 precante
2282 4476 2363 4533 illi
2396 4484 2451 4533 et
2485 4483 2848 4548 conspuente.
2900 4475 3187 4533 Trahebat
3226 4488 3411 4535 autem
3466 4481 3575 4537 asi-

309 4583 444 4638 toris
501 4588 861 4652 promovetur
913 4577 1135 4634 Nicetas
1192 4576 1485 4632 eunuchus
1542 4590 1610 4631 ex
1679 4574 1891 4631 Sclavis
1926 4562 1968 4618 ὓ
1996 4588 2127 4629 num
2150 4569 2547 4628 Constantinus
2569 4584 2742 4640 nepos
2768 4569 2966 4641 ipsius,
2993 4585 3127 4627 naso
3176 4570 3371 4629 reciso.
3405 4571 3576 4629 Cum-

306 4686 466 4733 ortus
526 4672 906 4747 irregulariter
959 4669 1274 4743 patriarcha
1307 4668 1887 4740 Constantinopoleos.

305 4772 375 4829 Et
404 4772 546 4827 facta
571 4778 659 4826 est
686 4767 927 4833 siccitas,
968 4767 1046 4821 ita
1078 4772 1141 4820 ut
1179 4779 1283 4821 nec
1313 4778 1409 4820 ros
1459 4762 1529 4818 de
1559 4762 1701 4819 ccelo
1733 4761 1896 4818 cade-

304 4878 411 4936 ret,
443 4867 760 4938 defecitque
785 4866 1008 4938 penitus
1050 4862 1120 4919 ab
1157 4862 1293 4919 urbe
1318 4876 1485 4933 aqua,
1506 4870 1564 4916 et
1590 4860 1784 4917 otiosae
1806 4874 1897 4915 re-

304 4971 635 5021 manserunt
661 4952 772 5017 tam
802 4960 1059 5016 cisternae
1081 4972 1247 5028 quam
1272 4956 1508 5021 lavacra,
1545 4954 1680 5026 quin
1708 4954 1893 5025 potius

304 5069 360 5114 et
386 5056 593 5112 fluenta
620 5053 872 5116 fontalis,
914 5066 1039 5122 quae
1096 5048 1252 5121 prius
1312 5047 1517 5120 jugiter
1570 5046 1889 5103 emuebant.

307 5150 470 5219 Quod
508 5149 735 5205 intuens
758 5148 1061 5217 imperator
1107 5142 1277 5213 coepit
1322 5156 1590 5196 renovare
1631 5140 1891 5210 aquaedu-

306 5258 458 5304 ctum
493 5240 889 5303 Valentiniani,
929 5238 1177 5310 quicum
1221 5250 1399 5306 usque
1452 5234 1521 5289 ad
1572 5234 1888 5289 Heraclium

307 5341 685 5413 perdurasset,
723 5335 792 5390 ab
822 5331 1097 5409 Avaribus
1147 5337 1233 5385 est
1286 5329 1622 5383 destructus.
1688 5326 1891 5383 Electis

305 5448 439 5506 ergo
462 5449 532 5489 ex
557 5429 795 5488 diversis
824 5426 962 5499 locis
1009 5421 1319 5480 artificibus
1365 5422 1436 5477 ab
1489 5421 1615 5476 Asia
1665 5420 1889 5491 quidem

306 5527 468 5586 duxit
489 5535 547 5585 et
578 5526 753 5583 Ponto
780 5521 1147 5579 aediﬁcatores
1179 5518 1329 5574 mille
1370 5530 1428 5575 et
1459 5516 1745 5572 liniatores
1775 5516 1889 5588 (85)

1989 4682 2097 4737 que
2115 4665 2354 4721 venisset
2372 4664 2439 4720 ad
2455 4665 2671 4735 vulgus,
2692 4662 3101 4719 descenderunt
3120 4671 3177 4720 et
3194 4676 3573 4737 conspuerunt

1990 4769 2047 4816 et
2073 4759 2359 4831 pulverem
2393 4757 2751 4830 projecerunt
2777 4754 2946 4827 super
2984 4770 3136 4811 eum.
3194 4756 3263 4812 Et
3294 4772 3422 4813 cum
3472 4757 3571 4814 ad-

1995 4852 2285 4909 duxissent
2333 4866 2461 4907 eum
2519 4850 2590 4907 ad
2650 4842 3068 4911 consistorium.
3126 4851 3449 4922 dejecerunt
3503 4852 3573 4910 de

1995 4947 2170 5011 asino,
2202 4953 2259 5003 et
2284 4932 2569 5001 calcavere
2602 4943 2805 4999 collum
2844 4944 2985 5016 ejus,
3018 4938 3075 4999 et
3106 4944 3409 5000 collocatus
3436 4962 3573 5002 con-

1994 5050 2073 5095 tra
2104 5040 2302 5111 vulgus
2328 5037 2590 5093 audiebat
2618 5037 2687 5091 ab
2716 5037 2824 5094 illis
2852 5036 3064 5093 ludicra
3098 5038 3271 5094 verba
3306 5054 3482 5110 usque
3503 5039 3573 5119 ad

1992 5133 2397 5190 absolutionem
2426 5130 2687 5185 ludorum
2714 5130 3080 5201 equestrium.

2067 5226 2272 5283 Eodem
2305 5239 2527 5295 quoque
2570 5238 2759 5279 mense
2789 5223 2973 5279 missis
3024 5223 3226 5294 impius
3272 5223 3573 5296 imperator

1991 5320 2243 5394 patriciis
2273 5316 2546 5389 significat
2594 5317 2647 5371 ei
2703 5315 2941 5372 dicens:
2984 5314 3123 5381 Quid
3173 5317 3302 5370 dicis
3362 5316 3425 5371 dc
3465 5318 3572 5387 ﬁde

1999 5424 2181 5473 nostra
2208 5422 2258 5469 et
2306 5411 2546 5477 concilio,
2572 5411 2709 5483 quod
2742 5411 2960 5482 fecimus
2986 5410 3013 5465 ἵ
3043 5408 3146 5476 Qui
3200 5410 3454 5465 sensibus
3500 5410 3569 5465 ad

1998 5509 2298 5567 vanitatem
2334 5508 2618 5562 conversis
2656 5502 2942 5575 respondit
2974 5520 2987 5558 :
3018 5501 3179 5570 Bene,
3210 5502 3487 5575 inquiens,
3518 5511 3571 5558 et

1835 5676 2072 5738 NOTAE.

289 5838 294 5841 ·
384 5822 500 5897 (84)
535 5821 796 5884 Invisum.
820 5819 1089 5897 Apuleius
1116 5820 1151 5876 5
1176 5837 1203 5897 ης
1236 5840 1254 5874 ι
1281 5820 1417 5897 Post
1459 5818 1674 5897 opimas
1721 5817 1891 5890 dapes

308 5890 532 5971 quidam
564 5890 886 5953 introcessit
911 5903 966 5948 et
990 5894 1233 5948 cantavit
1280 5893 1510 5948 invisus.
1547 5910 1564 5944 ι
1610 5890 1770 5947 Pana.

636 5994 905 6057 Panos.
952 5988 1069 6052 Gn.
1114 5982 1335 6053 CVIII.

2070 5812 2182 5882 (85)
2212 5810 2726 5867 Liniatores.Gloss.
2753 5810 2931 5880 γρίσις
2952 5806 3210 5864 liniatura
3231 5805 3455 5864 oblitus.
3488 5799 3569 5867 in,

2074 5885 2185 5957 (86)
2218 5884 2620 5940 Testacearios.
2649 5882 2809 5938 FABB.

3149 5976 3224 6038 44
