4070 6304
508 349 654 414 1387
1607 330 2006 397 ANASTASII
2054 326 2689 392 BIBLIOTHECARII
3631 313 3771 381 1388

517 460 703 525 credis,
726 468 774 516 et
808 459 933 514 bene
963 454 1243 510 concilium
1274 460 1525 524 operatus
1566 462 1644 515 es,
1687 460 1890 520 putans
1938 457 1996 503 se
2025 442 2100 502 ob
2127 451 2170 508 Α
2198 443 2482 500 adhaerere
2513 451 2737 513 prop'er
2767 437 3016 494 luxurias
3047 449 3193 491 suas.
3224 433 3361 490 Cum
3416 442 3600 525 autem
3629 444 3777 525 sen-

518 523 796 612 bacillum
831 561 1028 606 rursus
1056 547 1391 620 placare.At
1421 546 1499 599 illi
1534 542 1824 599 confeStim
1861 550 2090 611 respon-
2198 539 2360 594 sisset
2395 551 2523 593 eum
2552 535 2782 591 moleste
2819 532 3016 588 tulisse
3034 527 3288 586 infandas
3318 527 3374 581 in
3419 524 3571 579 viros
3622 523 3777 620 insa:

517 611 715 704 dentes
738 644 998 700 dixerunt
1030 611 1313 695 ε’ΝοεΙιωσ
1359 638 1545 693 audire
1589 633 1837 689 nolumus
1886 633 1952 688 ab
2005 647 2094 687 ore
2198 631 2319 688 nias
2351 647 2505 694 suas,
2532 640 2588 685 et
2613 630 2779 684 beato
2814 625 3101 696 Stephano
3141 622 3391 678 inclauso
3415 618 3474 674 S.
3515 611 3782 671 Auxentii

519 749 610 796 tua
642 737 863 811 polluto.
893 735 978 791 Ea:
1005 737 1102 790 hoc
1126 749 1250 806 ergo
1280 733 1409 787 uade
1434 733 1488 784 in
1533 729 1773 783 tenebras
1797 736 1844 781 et
1872 729 1928 781 in
1957 741 2096 781 ana-
2198 725 2297 780 has
2331 723 2647 781 manifestas
2677 719 3007 784 reddidisse,
3037 717 3344 788 salutisque
3374 711 3623 811 remedia
3657 725 3783 764 sus-

522 803 717 888 thema.
755 828 822 887 Et
859 829 938 885 sic
968 803 1200 899 accepta
1222 811 1497 882 sententia
1525 821 1811 878 descendit
1846 820 1912 875 ad
1945 819 2096 873 clau—
2201 819 2436 889 cepisse,
2493 816 2644 871 hunc
2674 814 2833 886 quasi
2869 812 3248 867 insidiatorem
3282 821 3441 864 suum
3485 803 3786 899 diffamatis

522 937 636 984 stra
667 925 931 990 ferarum,
964 931 1022 978 et
1069 920 1374 976 decolletus
1422 928 1524 973 est.
1580 916 1650 970 Et
1682 917 1848 984 caput
1876 911 2100 983 quidem

522 1020 647 1090 ejus
679 1031 780 1087 per
808 1029 970 1070 aures
994 1011 1229 1084 ligantes
1277 1010 1461 1066 tribus
1491 1007 1692 1062 diebus
1714 1007 1768 1060 in
1800 1005 1950 1060 Milio
1982 1016 2104 1058 sus-s

524 1109 839 1187 penderunt
873 1106 942 1160 ad
965 1103 1389 1160 ostentationem
1434 1099 1612 1172 plebis
1659 1113 1674 1153 :
1725 1111 1925 1169 corpus
1969 1110 2104 1151 vero

524 1205 646 1274 ejus
674 1199 813 1272 pede
847 1198 982 1254 resti
1014 1197 1183 1268 ligato
1213 1203 1499 1251 traxerunt
1520 1209 1619 1263 per
1649 1192 1885 1263 plateam
1922 1203 2101 1258 usque

2203 928 2311 969 una
2371 927 2494 968 cum
2533 911 2800 972 inclauso,
2832 917 2894 963 ut
2938 905 3263 979 praedictum
3319 909 3426 966 est,
3475 896 3784 954 interfecit.

2201 1005 2357 1060 Fecit
2386 1013 2569 1058 autem
2600 1000 2888 1056 abundare
2934 997 3114 1052 horno
3135 993 3348 1066 species
3378 990 3436 1045 in
3460 990 3598 1045 urbe
3628 1004 3644 1043 τ
3674 1002 3787 1042 no-

2202 1112 2304 1151 vus
2335 1096 2482 1152 enim
2509 1093 2682 1150 Midas
2705 1092 2882 1147 factus
2927 1094 3122 1144 aurum
3151 1081 3497 1142 coacervavit
3539 1089 3592 1137 et
3639 1079 3790 1150 agri-

2206 1190 2356 1246 colas
2411 1185 2748 1246 denudavit.
2802 1193 2859 1238 et
2910 1182 2982 1238 ob
3036 1180 3374 1236 tributorum
3436 1173 3789 1231 exactionem

519 1263 597 1350 ad
627 1263 747 1348 loca
781 1289 1012 1362 Pelagii,
1040 1263 1093 1344 evt
1127 1287 1455 1343 sociandum
1486 1284 1824 1340 biothanatis
1866 1284 2105 1355 jactave-
2207 1280 2548 1352 cogebantur
2568 1277 2826 1332 homines
2849 1276 3031 1346 largas
3059 1273 3154 1328 Dei
3185 1269 3528 1343 geniminum
3560 1263 3790 1322 muniﬁ-

535 1396 699 1454 runt;
732 1384 987 1441 similiter
1017 1391 1074 1437 et
1100 1388 1267 1451 caput
1307 1381 1428 1451 ejus
1486 1389 1611 1449 post
1646 1389 1758 1432 tres
1811 1377 1930 1433 dies
1977 1375 2109 1430 illuc
2209 1373 2418 1429 centias
2451 1371 2611 1426 facile
2643 1387 2739 1426 seu
2771 1371 2864 1425 vili
2893 1367 3069 1439 pretio
3093 1364 3430 1422 venundare.

518 1451 776 1535 delatum
808 1477 1184 1548 proiecerunt.
1226 1471 1270 1529 Ο
1297 1469 1838 1527 irrationabilitatem
1887 1477 1944 1523 et
1978 1483 2106 1524 cru-
2279 1464 2602 1536 Eodemque
2635 1478 2782 1518 anno
2823 1462 3043 1517 Nicetas
3067 1459 3186 1515 falsi
3207 1455 3447 1512 nominis
3473 1451 3791 1548 patriarcha

521 1543 1003 1640 'delitatem—atque
1036 1565 1555 1624 immisericordiam
1586 1562 1970 1620 immitissimze
2016 1561 2113 1616 be.
2212 1558 2399 1613 iconas
2430 1572 2500 1612 ex
2525 1555 2707 1611 musio
2740 1554 2933 1619 factas,
2972 1564 3094 1623 qua;
3128 1553 3184 1606 in
3210 1548 3546 1621 patriarchio
3571 1543 3792 1603 Secreti

532 1665 687 1723 atlas!
721 1663 841 1719 Non
869 1669 954 1717 est
1001 1662 1214 1716 veritus
1273 1658 1442 1714 miser
1485 1655 1756 1713 sanctum'
1784 1656 2062 1710 lavacrum
2095 1668 2112 1707 :
2213 1651 2442 1708 minoris
2472 1660 2653 1717 erant,
2680 1652 2868 1717 erasit,
2921 1660 2976 1706 et
3028 1647 3296 1718 imagines
3335 1644 3516 1717 magni
3552 1641 3790 1704 Secreti,

489 1787 492 1790 -
528 1757 674 1812 duos
696 1756 842 1810 enim
871 1752 1012 1808 filios
1036 1752 1156 1823 ejus
1182 1765 1249 1807 ex
1287 1751 1449 1804 tertia
1481 1750 1715 1820 conjuge
1750 1746 1928 1817 ipsius
1955 1746 2010 1802 in
2032 1746 2114 1799 ul-
2214 1761 2337 1815 qua:
2360 1745 2590 1815 sculpta:
2619 1745 2674 1799 in
2703 1745 2852 1816 ligno
2875 1753 3052 1802 erant.
3078 1740 3355 1812 deposuit,
3379 1747 3434 1794 et
3465 1745 3794 1793 caeterarum

532 1862 788 1906 mssuas
816 1851 1157 1915 susceperat,
1189 1840 1463 1912 siquidem
1517 1854 1735 1909 semper
1763 1838 1950 1894 feralis
1994 1847 2114 1892 mo-
2149 1847 2189 1903 Β
2218 1835 2520 1905 imaginum
2583 1835 2752 1890 facies
2807 1832 3081 1890 delinivit.
3155 1831 3264 1887 Sed
3316 1837 3374 1886 et
3422 1829 3480 1884 in
3527 1826 3796 1882 Abramio

536 1944 690 2001 ribus
716 1953 774 2000 et
802 1942 1202 1996 iminansuetus
1223 1948 1346 1994 esse
1371 1936 1659 2007 probatur.-
1689 1934 1774 1990 Ab
1802 1934 1906 1989 hoc
1925 1942 2111 1988 autem

537 2051 686 2095 anno
711 2033 970 2107 ampliori
1005 2030 1221 2086 insania
1250 2038 1385 2085 Usus
1423 2037 1508 2083 est
1567 2045 1582 2081 :
1634 2027 1865 2083 mittens
1912 2025 2117 2095 quippe

536 2126 802 2200 deposuit
852 2123 1078 2180 Petrum
1121 2121 1367 2177 nobilem
1397 2120 1637 2192 stylitem
1662 2135 1693 2174 a
1721 2126 1904 2190 petra,
1952 2127 2116 2188 quem

537 2224 746 2289 vivum,
775 2230 904 2275 cum
935 2215 1288 2288 dogmatibus
1313 2214 1435 2284 ejus
1483 2213 1684 2270 cedere
1715 2211 2018 2275 tenuisset,
2048 2209 2117 2264 lia

536 2312 681 2385 gatis
708 2307 949 2381 pedibus
970 2307 1096 2378 ejus
1124 2308 1180 2360 in
1219 2305 1545 2376 praedictum
1582 2303 1785 2374 Pelagii
1815 2301 2023 2366 locum,
2060 2309 2120 2356 et

540 2405 691 2474 hunc
718 2413 939 2473 quoque
973 2415 1070 2470 per
1123 2399 1356 2468 plateam
1411 2403 1646 2452 tractum
1699 2395 1896 2467 projici
1932 2393 2118 2466 jussit.

539 2496 693 2553 Alios
721 2493 889 2550 etiam
925 2491 982 2548 in
1014 2491 1192 2548 saccis
1218 2489 1472 2547 vinciens
1520 2502 1577 2545 et
1601 2488 1884 2559 lapidibus
1931 2500 2124 2559 aggra-

539 2601 678 2644 vans
705 2587 760 2642 in
793 2583 1235 2658 pelagusjactari
1265 2581 1642 2653 praecipiebat,
1673 2582 1862 2638 oculos
1895 2594 2120 2648 eruens,

533 2694 705 2736 nares
735 2677 1090 2741 abscindens,
1110 2675 1338 2746 flagellis
1361 2677 1668 2741 excorians,
1686 2684 1742 2731 et
1768 2686 1986 2731 omnem
2011 2683 2126 2730 tor.

542 2770 712 2827 menti
743 2766 982 2840 speciem
1015 2766 1282 2823 adversus
1307 2782 1404 2822 eos
1441 2767 1536 2838 qui
1571 2768 1661 2838 pie
1701 2766 1933 2839 agebant
1958 2781 2124 2821 exco-

537 2865 746 2939 gitans.
771 2862 840 2918 Et
880 2863 936 2916 in
963 2862 1156 2917 urbem
1182 2860 1407 2932 quidem
1437 2873 1538 2931 per
1579 2876 1639 2916 se
1694 2861 1874 2932 ipsum
1919 2859 2036 2915 huc
2071 2866 2129 2914 et

539 2964 948 3015 consentaueos
1019 2969 1174 3018 suos,
1231 2953 1534 3010 Antonium
1601 2954 1690 3011 aio
1740 2951 2032 3025 patricium
2072 2963 2128 3008 et

540 3052 860 3109 scholarum
880 3049 1265 3111 domesticum,
1303 3064 1369 3104 ac
1403 3049 1627 3104 Petrum
1663 3049 2012 3120 magistrum,
2041 3055 2126 3102 at-

2217 1929 2476 1986 similiter
2516 1928 2667 1984 fecit.

2286 2025 2446 2078 Anno
2474 2022 2692 2094 imperii
2736 2022 2820 2079 sui
2854 2021 2924 2077 98
2951 2019 3238 2077 coronavit
3277 2017 3579 2089 imperator
3605 2014 3798 2072 Eudo-

2217 2118 2357 2173 ciam
2392 2132 2621 2173 uxorem
2676 2132 2855 2181 suam,
2895 2133 3020 2172 cum
3071 2124 3217 2173 esset
3265 2117 3534 2187 trigamus
3588 2124 3646 2171 et
3685 2114 3802 2170 haec

2217 2220 2364 2267 esset
2393 2210 2552 2268 tertia
2586 2204 2810 2280 coniux,
2844 2211 2899 2264 in
2942 2209 3248 2265 tribunalio
3285 2207 3476 2265 decem
3513 2215 3575 2263 et
3598 2221 3802 2262 novem

2219 2303 2576 2359 accubituum
2633 2302 2895 2358 Kalendis
2925 2302 3260 2373 Aprilibus:
3297 2300 3443 2356 filios
3485 2308 3622 2356 vero
3668 2313 3804 2355 suos

2219 2410 2287 2450 ex
2318 2395 2434 2466 ipsa
2464 2405 2822 2466 procreatos,
2867 2393 3329 2466 ChristOphorum
3364 2394 3581 2451 scilicet
3611 2402 3670 2449 et
3703 2394 3805 2450 Ni-

2221 2481 2556 2558 cephorum,
2601 2497 2824 2560 postera
2863 2488 2975 2555 die,
3012 2505 3122 2559 qua
3172 2498 3424 2545 sanctum
3459 2487 3804 2544 celebratum

2222 2589 2308 2637 est
2360 2580 2593 2647 Pascha,
2639 2580 2883 2637 Caesares
2913 2581 3219 2646 ordinavit,
3249 2579 3569 2652 patriarcha
3593 2577 3808 2634 oratio.

2223 2689 2349 2743 nem
2377 2674 2636 2740 faciente,
2663 2682 2719 2729 et
2751 2660 3186 2745 imperatoribus
3223 2688 3391 2743 super
3424 2686 3522 2728 eos
3549 2672 3803 2743 chlamy-

2225 2767 2324 2823 des
2352 2777 2410 2824 et
2433 2765 2753 2824 Caesaricias
2796 2767 3214 2838 impatientibus
3237 2766 3436 2837 galeas.
3467 2764 3596 2820 Pari
3640 2765 3810 2820 modo

2223 2873 2282 2920 et
2325 2863 2596 2928 Nicetam,
2644 2864 3005 2918 novissimum
3042 2859 3270 2916 fratrem
3310 2873 3528 2925 eorum,
3571 2858 3808 2914 nobilis-

2225 2959 2366 3014 simo
2419 2957 2585 3024 facto,
2635 2955 2991 3029 superposuit
3018 2956 3069 3012 ei
3097 2955 3441 3029 chlamydem
3483 2969 3714 3009 auream
3753 2962 3811 3009 et

2228 3066 2526 3119 coronam;
2554 3060 2611 3107 et
2644 3050 2718 3106 ita
2748 3058 3160 3121 processerunt,
3193 3047 3533 3122 iactantibus
3563 3045 3808 3117 impera-

544 3161 655 3215 que
685 3137 794 3216 'pcr
833 3141 1098 3213 populum
1128 3141 1469 3213 singulorum
1518 3141 1799 3206 ordinum,
1858 3140 1953 3213 qui
2001 3158 2031 3197 a
2069 3157 2129 3197 se
2161 3202 2195 3216 __
2231 3143 2445 3198 toribus
2483 3142 2760 3215 hypatiam
2804 3142 3038 3198 trimisia
3074 3141 3192 3212 (87)
3248 3149 3306 3196 et
3345 3138 3568 3196 semisia
3597 3146 3656 3194 et
3703 3154 3812 3194 nu-

547 3202 727 3291 fluerai
753 3202 993 3289 ad-ta-lia
1017 3202 1294 3297 eruditus,
1352 3233 1572 3304 agebat.
1634 3233 1694 3288 in
1743 3202 1952 3290 exteris
1995 3247 2129 3290 vero
2152 3202 2197 3270 δ
2231 3236 2488 3305 ismata
2514 3202 2676 3303 nova,
2704 3251 2880 3307 usque
2914 3234 2983 3292 ad
3014 3202 3264 3307 magnam
3291 3233 3602 3290 ecclesiam.

549 3327 886 3384 thematibus
914 3341 1011 3396 per
1038 3327 1153 3398 jam
1183 3326 1363 3382 dictos
1391 3335 1678 3397 praetores.
1722 3327 1846 3398 ipse
1889 3342 2128 3399 namque

542 3418 773 3477 cithara:
796 3418 981 3475 sonitu
1021 3417 1401 3474 delectabatur
1431 3428 1595 3490 atque
1627 3420 1917 3489 conviviis,
1951 3422 2131 3494 turpi-

546 3514 653 3570 bus
683 3511 1038 3585 sermonibus
1064 3519 1121 3566 et
1141 3511 1530 3568 saltationibus
1554 3527 1654 3568 eos
1685 3513 1780 3583 qui
1809 3513 1914 3568 sibi
1938 3513 2127 3570 adhes-

549 3605 745 3662 rebant
775 3603 1117 3659 incessanter
1160 3602 1456 3668 erudiens,
1502 3611 1560 3658 et
1607 3602 1787 3658 sicubi
1837 3602 2128 3675 quisquam

546 3712 810 3756 corruens
828 3696 913 3751 vel
939 3695 1134 3752 dolens
1156 3697 1372 3752 solitam
1401 3695 1732 3752 Christianis
1751 3713 1944 3753 vocem
1964 3697 2129 3753 emito

546 3798 690 3847 teret
723 3789 915 3845 dicens
940 3806 955 3843 :
1004 3787 1099 3842 Dei
1121 3788 1383 3857 Cmitrias,
1408 3791 1569 3860 juva,
1591 3798 1686 3844 aut
1716 3789 1935 3861 vigilias
1962 3801 2132 3862 agens

543 3881 1060 3955 deprehenderetur
1101 3889 1196 3935 aut
1249 3881 1511 3938 Ecclesiis
1561 3891 1818 3937 assuetus
1870 3892 1966 3938 aut
2001 3898 2129 3938 cum

545 3971 816 4045 religione
860 3972 1056 4028 vivens
1079 3979 1176 4026 aut
1208 3986 1320 4027 non
1380 3972 1585 4042 passim
1641 3972 1978 4044 iuramentis
2029 3973 2127 4028 ab-

543 4076 732 4134 utens,
766 4075 827 4121 ut
852 4065 1109 4120 inimicus
1153 4065 1504 4133 imperatoris
1536 4065 1904 4122 damnabatur
1931 4074 1987 4121 et
2023 4067 2128 4120 im-

545 4156 922 4216 memorabilis
975 4160 1386 4215 nominabatur.
1438 4159 1768 4216 Monasteria
1815 4174 1969 4227 vero,
2007 4176 2129 4230 quas

545 4236 604 4306 in
633 4248 867 4322 gloriam
895 4248 992 4305 Dei
1026 4258 1082 4305 et
1113 4249 1322 4323 refugis
1347 4251 1737 4309 salvandorum
1760 4250 1955 4308 eﬂ‘ecta
1975 4261 2126 4319 sunt,

551 4325 742 4396 domos
784 4337 902 4394 fore
945 4354 1269 4396 communes
1316 4340 1632 4397 fautoribus
1693 4342 1810 4398 suis
1859 4343 2130 4398 militibus

543 4431 807 4489 faciebat.
855 4430 1103 4503 Denique
1125 4432 1442 4489 coenobium
1480 4434 1765 4500 Dalmatii,
1793 4435 1940 4507 quod
1981 4436 2129 4490 inter

545 4525 758 4597 optima
786 4524 1033 4598 Byzantii
1065 4527 1478 4592 eratcaanobia,
1512 4528 1785 4584 militibus
1824 4529 1877 4584 in
1909 4528 2126 4584 habita-
2159 4567 2203 4624 υ

545 4620 734 4675 culum
765 4620 992 4686 tribuit;
1020 4635 1085 4676 ea
1114 4636 1236 4691 quae
1260 4620 1525 4677 dicuntur
1550 4621 1849 4679 Callisti-aii
1870 4633 1926 4679 et
1948 4623 2032 4678 Dii
2065 4638 2130 4678 ac

546 4699 825 4770 Maximini
847 4715 1207 4779 monasteria,
1238 4730 1456 4770 necnon
1485 4725 1541 4772 et
1586 4717 1726 4773 alias
1769 4733 1956 4774 sacras
2005 4732 2127 4772 mo-

543 4808 847 4873 nacharum
873 4824 938 4865 ac
965 4808 1242 4879 virginum
1285 4806 1499 4874 domos,
1525 4825 1557 4864 a
1607 4807 1981 4867 fundamentis
2026 4812 2126 4866 de-

543 4899 766 4957 struxit.
803 4901 917 4958 Eos
944 4917 1078 4957 vero
1103 4903 1200 4972 qui
1242 4903 1606 4959 monasticam
1649 4904 1837 4961 subire
1864 4907 2033 4960 vitam
2059 4921 2128 4960 ex

542 4991 856 5062 insignibus
883 4992 1161 5048 militibus
1184 4995 1273 5050 vel
1302 4996 1657 5051 senatoribus
1686 4996 2036 5061 studuerant,
2070 5006 2129 5052 et

539 5074 780 5139 maxime
804 5082 929 5139 illos
950 5083 1046 5154 qui
1074 5086 1180 5140 sibi
1207 5086 1558 5142 adhaeserant
1581 5095 1638 5144 et
1661 5087 1967 5159 compliccs
1997 5089 2128 5144 libi-

543 5177 692 5245 diuis
721 5193 834 5234 suae
880 5192 946 5233 ac
971 5178 1340 5236 nefandorum
1386 5189 1611 5238 actuum
1658 5182 1902 5249 fuerant,
1962 5183 2128 5238 morti

542 5266 835 5334 subdebat,
856 5271 1137 5339 suspectui
1167 5271 1377 5330 habens
1425 5274 1831 5340 confusionem,
1863 5291 1986 5346 qua:
2017 5273 2126 5329 sibi

541 5373 610 5416 ex
640 5360 1194 5430 pronuntiationibus
1237 5364 1396 5421 ﬁeret
1426 5367 1834 5437 propalantium
1856 5381 1936 5423 se.
1967 5354 2126 5425 Unde

539 5460 596 5508 et
628 5450 966 5522 Strategium
988 5453 1335 5527 Podopaguri
1366 5454 1618 5522 fratrem,
1654 5472 1782 5513 cum
1828 5465 1978 5514 esset
2027 5472 2120 5511 ur-

539 5543 722 5599 banus
773 5545 984 5616 specie,
1043 5549 1393 5620 assumpsit:
1437 5550 1656 5606 amabat
1709 5551 1856 5606 enim
1919 5543 2123 5606 talibus

2299 3331 2458 3384 Anno
2488 3328 2706 3401 imperii
2733 3327 3081 3384 Constantini
3105 3328 3178 3384 29
3225 3326 3473 3397 ingressa
3501 3333 3587 3381 est
3613 3324 3807 3379 urbem

2232 3419 2467 3477 licirene
2500 3421 2569 3477 ab
2592 3421 2824 3478 Athenis
2848 3422 3081 3477 veniens
3109 3418 3476 3476 dromonibus
3508 3428 3565 3474 et
3586 3417 3811 3474 chelan-

2231 3513 2335 3569 diis
2372 3514 2650 3584 plurimis,
2707 3513 2999 3572 adornatis
3023 3512 3218 3570 sericis
3243 3512 3448 3585 palliis,
3478 3521 3535 3568 et
3573 3513 3813 3582 proceri«

2231 3607 2336 3663 bus
2386 3607 2545 3662 urbis
2571 3623 2698 3664 cum
2734 3609 3005 3665 uxoribus
3033 3607 3256 3664 obviam
3290 3606 3722 3662 occurrentibus
3756 3595 3812 3660 οἱ

2230 3701 2670 3773 praecedentibus
2720 3717 2871 3762 eam.
2917 3700 3168 3772 Cumque
3210 3699 3524 3771 patriarcha
3566 3700 3812 3755 venisset

2230 3795 2300 3852 ad
2365 3797 2631 3866 palatium
2683 3796 2740 3851 in
2778 3796 3073 3854 ecclesiam
3127 3793 3316 3861 Phari,
3373 3792 3516 3849 facta
3554 3801 3697 3848 .sunt
3745 3792 3813 3847 ad

2230 3890 2482 3946 eamdem
2531 3889 2824 3946 Heirenem
2857 3888 3059 3944 Leonis
3107 3885 3458 3959 imperatoris
3512 3885 3810 3957 sponsalia,

2231 3993 2290 4038 et
2321 3983 2537 4039 decimo
2556 3990 2712 4038 sexto
2738 3981 3009 4038 Kalendas
3030 3979 3322 4037 Ianuarias
3350 3989 3614 4035 coronata
3643 3989 3730 4034 est
3755 3980 3811 4034 in

2232 4075 2474 4132 triclinio
2495 4076 2752 4146 Augustae
2792 4076 3115 4147 imperasti:
3145 4073 3406 4131 Heirene.
3430 4073 3566 4141 Quae
3589 4090 3717 4130 cum
3743 4074 3811 4129 ad

2230 4170 2533 4224 oratorium
2567 4169 2625 4225 S.
2659 4167 2927 4239 Stephani
2959 4168 3126 4224 situm
3171 4167 3228 4223 in
3288 4167 3514 4238 Daphne
3561 4166 3813 4231 abiisset,

2230 4262 2445 4333 accepit
2471 4262 2790 4333 nuptiarum
2817 4276 3078 4318 coronam
3104 4277 3212 4316 una
3247 4276 3372 4316 cum
3406 4259 3518 4316 filio
3537 4259 3812 4316 Constan-

2231 4351 2367 4417 tini.
2431 4354 2658 4424 praelato
2717 4352 2977 4409 videlicet
3034 4353 3369 4424 imperatore
3421 4353 3632 4408 Leone.
3699 4353 3813 4408 Hoc

2230 4448 2397 4503 etiam
2439 4462 2587 4502 anno
2611 4447 2753 4502 facta
2781 4458 2868 4503 est
2889 4446 3252 4502 commutatio
3306 4445 3361 4500 in
3409 4445 3565 4518 Syria
3599 4445 3707 4500 viri
3747 4445 3812 4502 ad

2230 4541 2414 4596 virum
2438 4548 2493 4596 et
2517 4540 2738 4597 femina:
2775 4541 2844 4596 ad
2876 4540 3136 4599 feminam
3171 4548 3228 4596 et
3257 4541 3415 4611 pueri
3447 4540 3708 4595 similiter
3743 4539 3810 4594 ad

2231 4650 2486 4705 puerum.
2523 4635 2593 4690 Et
2614 4634 2879 4706 praecepit
2909 4634 3151 4690 Abdelas
3197 4634 3318 4688 radi
3359 4634 3560 4690 barbas
3593 4649 3811 4701 eorum,

2228 4735 2286 4782 et
2308 4725 2428 4783 fieri
2453 4727 2800 4784 calamaucos
2832 4727 3003 4784 cubiti
3037 4728 3204 4783 unius
3228 4738 3285 4783 et
3311 4727 3500 4783 semis.

2309 4819 2470 4874 Anno
2530 4817 2752 4889 imperii
2805 4817 3155 4873 Constantini
3208 4815 3278 4873 ‘50
3329 4817 3612 4873 Adrianus
3666 4813 3811 4871 sedis

2229 4911 2544 4982 apostolica:
2598 4910 2801 4982 praesul
2853 4910 3110 4966 habetur.
3169 4907 3379 4967 Eodem
3433 4925 3580 4965 anno
3639 4907 3812 4965 movit

2227 4996 2534 5057 exercitum
2581 5001 2825 5057 Banacas
2857 5012 3050 5057 contra
3111 5001 3461 5065 Romaniam,
3511 5009 3568 5056 et
3607 5000 3810 5056 multos

2227 5095 2474 5167 captivos
2505 5095 2773 5162 abduxit,
2820 5101 2876 5150 et
2909 5093 3147 5149 Romani.
3187 5103 3442 5165 quartam
3490 5093 3809 5149 Armeniam

2229 5189 2463 5260 ingressi
2524 5188 2982 5260 dcspoliaverunt
3041 5203 3186 5245 eam.
3237 5187 3514 5243 Praiterea
3573 5187 3807 5243 moritur

2229 5279 2450 5346 Salecb,
2512 5290 2570 5337 et
2633 5281 2900 5338 translata
2960 5289 3043 5336 est
3110 5278 3460 5337 Germanicis
3522 5280 3580 5335 in
3639 5280 3810 5337 Palae-

2229 5374 2451 5429 stinam.

2300 5465 2510 5522 Eodem
2543 5484 2674 5524 vero
2704 5485 2849 5524 anno
2880 5468 3129 5523 imitatus
3156 5467 3590 5524 Lachanodraeo
3636 5467 3806 5540 magi—

2230 5570 2404 5615 strum
2434 5577 2617 5627 suum,
2657 5577 2877 5617 omnem
2911 5561 3243 5618 monachum
3292 5571 3347 5619 et
3394 5561 3721 5618 monacham
3751 5561 3804 5616 in

2011 5664 2240 5733 NOTIE.

611 5759 723 5830 (87)
747 5758 1014 5815 Trimisia.
1045 5762 1231 5817 Anast.
1265 5761 1320 5816 in
1361 5763 1558 5818 exsilio
1586 5763 1642 5820 S.
1673 5765 1829 5821 Mart.

541 5827 888 5902 V.‘Scaliger
915 5832 990 5887 De
1013 5847 1068 5888 re
1101 5849 1300 5888 numm.
1325 5843 1380 5890 et
1403 5834 1633 5892 Salmas.
1668 5836 1734 5897 ad
1759 5835 1821 5893 il.
1852 5838 1916 5893 A.
1945 5827 2106 5896 Fasti.

1863 5782 1879 5848 ξ
1922 5765 2155 5848 disque
2201 5772 2266 5829 ad
2311 5791 2483 5832 unum
2522 5777 2813 5833 trimisium
2847 5775 3186 5834 frumentum
3231 5776 3382 5848 potui
3414 5783 3748 5842 comparare.
3778 5792 3799 5828 ι
