4070 6304
494 399 636 472 1391

1597 383 1998 473 ANASTASII
2044 377 2674 443 BIBLIOTHECARII

3626 365 3763 433 1392

502 514 735 589 scripsit
766 509 843 570 ei.
891 508 1147 578 Quicum
1180 505 1300 563 haec
1330 502 1637 564 didicisset,
1686 515 1785 570 per
1836 497 2079 553 medium
2104 507 2159 565 Α
2183 496 2428 551 stantino
2453 510 2516 550 ac
2555 492 2767 549 semine
2812 490 3080 562 ipsorum.
3117 488 3187 545 Et
3230 486 3482 545 fecerunt
3535 485 3759 555 scripta,

498 624 693 667 omnes
742 604 959 663 recidit.
1020 600 1180 670 Quod
1235 598 1467 655 audiens
1520 593 1921 652 Constantinus
1973 590 2079 646 ali-

500 700 746 775 quandiu
783 713 951 755 canos
984 711 1116 751 suos
1147 691 1369 749 evulsit.

555 795 731 851 .Anno
758 789 977 861 imperii
1005 787 1092 843 sui
1123 785 1195 842 35
1235 782 1556 855 imperator,
1603 796 1791 837 mense
1832 779 2079 850 Augusto

502 886 733 942 decima:
758 882 933 938 tertiae
977 878 1318 944 indictionis,
1351 875 1525 933 exivit
1560 882 1756 930 contra
1795 870 2078 942 Vulgares.

501 978 607 1047 Qui
639 976 905 1033 atrociter
961 974 1020 1029 in
1069 972 1329 1028 cruribus
1371 969 1639 1025 divinitus
1667 975 1754 1023 est
1786 979 2083 1037 percussus

504 1075 662 1145 plaga
694 1085 817 1142 quae
839 1067 1025 1124 Graece
1048 1066 1282 1121 anthrax
1318 1062 1647 1134 appellatur,
1679 1068 1735 1115 et
1769 1059 1899 1113 hinc
1928 1055 2084 1113 febre

503 1165 844 1226 validissima
874 1171 931 1217 et
960 1160 1194 1216 medicis
1237 1167 1466 1229 propter
1503 1155 1733 1211 nimium
1764 1150 2082 1207 incendium

507 1260 696 1330 ignota
743 1256 1002 1311 detentus
1044 1251 1457 1323 Arcadiopolim
1505 1249 1691 1314 rediit,
1742 1260 1772 1300 a
1821 1244 2085 1317 subjectis

507 1367 675 1423 super
699 1349 962 1405 humeros
992 1347 1048 1401 in
1076 1346 1220 1403 lecto
1260 1346 1475 1399 delatus
1494 1385 1507 1411 ,
1532 1354 1588 1398 et
1618 1342 1847 1397 veniens
1874 1338 2087 1408 Selym-

507 1427 685 1501 briam
715 1441 899 1497 navim
937 1440 1221 1511 ingressus
1248 1446 1354 1492 est.
1408 1435 1659 1505 Cumque
1691 1433 1759 1488 ad
1786 1430 2087 1511 rotundum

510 1533 855 1607 pervenisset
902 1510 1214 1595 castellum,
1260 1527 1650 1584 miserabiliter
1690 1527 1746 1581 in
1791 1510 2087 1580 chelaudio

509 1626 768 1691 moritur,
794 1625 1039 1680 clamans
1070 1629 1126 1678 et
1148 1621 1341 1677 dicens
1366 1634 1382 1675 :
1421 1618 1603 1675 Vivens
1628 1619 1799 1674 adhuc
1837 1617 1948 1697 igni
1973 1632 2089 1670 sum

510 1720 930 1795 inexstiuguibifi
954 1719 1206 1786 traditus,
1238 1729 1594 1789 sanctamque
1618 1716 1894 1787 Virginem
1920 1724 1976 1769 et
1994 1709 2089 1767 Dei

511 1813 846 1871 Genitricem
896 1808 1107 1868 laudari
1141 1809 1518 1881 expostulans,
1548 1823 1675 1862 cum
1716 1806 1835 1860 sine
1884 1803 2092 1859 findere

512 1909 690 1980 ipsius
723 1906 897 1963 fuerit
926 1903 1201 1961 inimicus.
1239 1901 1510 1975 Regnavit
1547 1908 1729 1956 autem
1786 1897 2090 1968 imperator

515 2009 639 2072 post
673 1999 846 2070 patris
871 1997 959 2053 sui
989 2005 1225 2052 mortem
1250 1994 1410 2050 annis
1439 1992 1527 2058 54,
1569 1990 1857 2046 mensibus
1875 1990 1932 2055 2,
1970 1986 2093 2043 die-

514 2096 622 2151 bus
651 2094 744 2160 26,
795 2101 852 2149 et
891 2093 966 2149 ita
998 2092 1168 2147 vitam
1224 2086 1480 2144 dissolvit
1510 2083 1872 2156 sanguinibus
1904 2077 2094 2136 multis

515 2187 755 2245 infectus
773 2196 829 2243 et
862 2185 1173 2241 daemonum
1220 2179 1667 2239 invocationibus
1698 2193 1763 2234 ac
1789 2174 2093 2240 sacrificiis,

514 2278 1002 2355 persecutionibus
1057 2291 1279 2350 quoque
1339 2284 1653 2332 sanctarum
1718 2270 2094 2328 Ecclesiarum

517 2383 796 2447 recteque
822 2389 890 2431 ac
936 2371 1304 2429 immaculata
1342 2368 1495 2435 fidei,
1520 2381 1625 2423 nec
1652 2381 1763 2422 non
1805 2371 1864 2420 et
1907 2378 2099 2419 mona-

517 2470 753 2529 chorum
785 2465 1262 2540 peremptionibus
1312 2472 1371 2519 et
1394 2459 1786 2517 violationibus
1815 2463 2097 2514 monaste-

518 2562 755 2624 riorum,
785 2558 1056 2631 malisque
1097 2554 1270 2612 variis
1304 2563 1750 2624 supercrescens,
1774 2562 1887 2602 non
1913 2544 2101 2631 minus

518 2669 686 2726 quam
716 2618 1090 2709 Diocletianus
1134 2656 1193 2705 et
1239 2618 1457 2717 antiqui
1515 2641 1759 2717 tyranni.
1822 2618 2098 2696 Praeterea

516 2744 719 2805 eodem
752 2761 900 2803 anno
929 2752 985 2801 et
1004 2741 1200 2801 eodem
1251 2754 1441 2797 mense
1486 2735 1727 2793 moritur
1767 2742 1825 2790 et
1862 2732 2100 2788 Abdelas

518 2840 765 2897 Arabum
801 2838 933 2895 dux.
958 2834 1099 2892 Cum
1128 2833 1276 2890 enim
1330 2831 1389 2885 hi
1428 2828 1592 2885 ambo
1636 2826 1790 2881 velut
1814 2823 2101 2879 acerrimte

516 2933 713 2990 bestiae
741 2928 1023 2989 diuturnis
1050 2924 1391 2997 temporibus
1426 2938 1491 2979 ac
1520 2919 1774 2978 similiter
1796 2917 2100 2972 humanum

519 3047 698 3104 genus
721 3026 938 3101 depasti
975 3033 1125 3092 sunt,
1155 3022 1361 3080 mortui
1412 3026 1541 3078 sunt
1579 3012 1926 3089 providentia
1953 3008 2099 3067 ‘Dei.

521 3124 592 3181 Et
626 3121 880 3177 obtinent
910 3117 1287 3190 principatum
1314 3113 1428 3169 Leo
1469 3120 1525 3166 et
1569 3108 1711 3164 Madi
1756 3106 1855 3162 filii
1882 3118 2097 3161 eorum.

2179 585 2643 659 quemadmodum
2674 585 3023 655 iuraverunt,
3060 581 3301 651 preprize
3335 594 3552 633 manus.
3607 579 3667 633 Ε·
3705 578 3763 631 in

2178 680 2500 746 crastinum,
2525 678 2766 733 Sabbato
2785 676 2999 732 scilicet
3026 684 3238 741 sancto,
3272 673 3767 743 exivitimperator
3797 676 3802 681 '

2180 773 2238 830 in
2284 771 2645 828 tribunalium
2695 770 2887 825 decem
2934 777 2991 822 et
3044 782 3245 822 novem
3278 764 3662 828 accubituum,
3710 772 3771 818 et

2180 866 2432 938 provexit
2460 862 2867 921 nobilissimum
2911 861 3279 917 Eudocimum
3322 859 3548 914 fratrem
3604 871 3767 912 suum

2186 958 2331 1029 (nam
2360 956 2681 1011 Anthimum
2717 954 2910 1008 vivens
2954 960 3112 1023 pater
3142 952 3263 1022 eius
3290 946 3664 1019 provexerat),
3714 955 3774 1000 et

2186 1050 2454 1122 processit
2518 1046 2819 1117 imperator
2881 1058 3006 1099 cum
3066 1042 3299 1112 reliquis
3359 1039 3672 1097 Casaribus
3716 1046 3776 1091 et

2187 1145 2364 1200 tribus
2385 1140 2750 1199 nobilissimis
2783 1154 2848 1194 ac
2876 1152 3019 1193 novo
3040 1135 3405 1193 Constantino
3431 1134 3496 1189 ad
3521 1132 3772 1203 Magnam

2191 1240 2502 1303 ecclesiam,
2532 1245 2588 1292 et
2615 1245 2829 1291 mutato
2869 1232 3216 1297 indumento,
3242 1229 3387 1285 sicut
3421 1225 3779 1299 imperatori-

2189 1332 2293 1387 bus
2324 1332 2493 1386 moris
2536 1338 2641 1393 est,
2708 1328 3000 1382 ambonem
3038 1323 3290 1381 ascendit
3326 1337 3449 1377 cum
3505 1320 3621 1374 filio
3672 1332 3779 1372 suo

2189 1424 2353 1481 simul
2402 1433 2458 1480 et
2487 1422 2821 1493 patriarcha,
2877 1430 2934 1475 et
2966 1420 3253 1490 ingressus
3302 1416 3483 1470 omnis
3537 1412 3781 1484 populus

2189 1523 2494 1587 posuerunt
2524 1512 2730 1583 scripta
2761 1527 2855 1567 sua
2882 1511 2935 1564 in
2976 1518 3167 1564 sancta
3207 1522 3417 1571 mensa,
3445 1514 3501 1561 et
3536 1504 3782 1575 impera-

2194 1617 2280 1663 tor
2309 1607 2532 1663 locutus
2550 1614 2634 1661 est
2662 1606 2742 1660 sic
2775 1622 2791 1658 :
2827 1604 2911 1659 En
2949 1604 3165 1673 fratres,
3216 1601 3519 1673 petitionem
3544 1608 3782 1653 vestram

2194 1699 2477 1771 adimpleo,
2504 1707 2554 1752 et
2576 1698 2711 1753 dono
2732 1699 2872 1753 vobis
2896 1697 3066 1766 ﬁlium
3093 1712 3268 1749 meum
3287 1697 3342 1748 in
3373 1694 3784 1764 imperatorem.

2196 1794 2329 1849 Ecce
2358 1792 2423 1847 ab
2455 1791 2692 1847 Ecclesia
2735 1800 2785 1846 et
2818 1792 2879 1846 de
2914 1806 3077 1845 manu
3111 1788 3309 1844 Christi
3341 1804 3462 1841 eum
3484 1787 3781 1856 suscipitis.

2196 1889 2264 1945 At
2281 1888 2361 1945 illi
2383 1902 2579 1958 magna
2601 1902 2736 1941 voce
2761 1886 3143 1940 clamaverunt
3163 1882 3450 1937 dicentes:
3471 1878 3795 1951 ﬁdeiussor

2195 1968 2375 2037 uester
2399 1990 2528 2043 esto,
2561 1978 2661 2033 Fili
2714 1978 2827 2042 Dei,
2858 1976 2988 2049 quia
3018 1978 3082 2031 de
3128 1994 3293 2032 manu
3343 1985 3436 2030 tua
3462 1974 3789 2044 suscipimus

2195 2075 2468 2130 dominum
2513 2072 2932 2128 Constantinum
2960 2072 3343 2139 imperatorem
3374 2068 3445 2122 ad
3468 2066 3793 2121 custodien-

2195 2175 2322 2228 dum
2385 2188 2504 2227 eum
2554 2180 2604 2225 et
2655 2168 2989 2225 moriendum
3015 2181 3112 2239 pro
3162 2181 3244 2221 co.
3272 2166 3341 2221 Et
3372 2165 3428 2219 in
3453 2161 3791 2230 crastinum,

2195 2268 2416 2341 quando
2444 2266 2706 2323 videlicet
2724 2279 2964 2336 magnus
2991 2270 3048 2318 et
3069 2260 3389 2317 Dominieus
3419 2256 3643 2314 Pascha;
3664 2256 3794 2313 dies

2197 2362 2511 2418 celebratus
2538 2367 2643 2425 est,
2679 2357 2897 2415 deeimo
2952 2367 3149 2412 octavo
3175 2354 3292 2411 Kal.
3344 2353 3518 2411 Maias
3549 2349 3800 2408 decimae

2197 2464 2406 2527 quartae
2438 2452 2781 2518 indictionis,
2820 2465 3034 2506 aurorae
3070 2446 3397 2514 crepusculo
3425 2444 3619 2500 exiens
3673 2440 3796 2498 im-

2197 2558 2422 2622 perator
2448 2565 2557 2605 una
2580 2563 2707 2603 cum
2733 2544 3052 2619 patriarcha
3081 2541 3137 2597 in
3159 2540 3649 2613 Hippodromium,
3685 2536 3795 2592 de-

2199 2645 2314 2701 lato
2339 2644 2558 2709 altario,
2586 2642 2738 2698 omni
2762 2640 2968 2714 populo
3010 2638 3441 2708 contemplante,
3474 2631 3799 2704 patriarcha

2200 2737 2681 2803 fecit'orationem,
2703 2743 2758 2793 et
2774 2732 3060 2792 coronavit
3078 2732 3377 2804 imperator
3398 2729 3569 2785 lilium
3588 2743 3755 2783 suum
3778 2744 3795 2793 ;

2200 2842 2257 2888 et
2318 2831 2395 2887 ita
2444 2830 2716 2903 processit
2778 2827 2849 2884 ad
2899 2827 3148 2899 Magnam
3197 2823 3486 2880 ecclesiam
3544 2829 3791 2889 uterque

2202 2922 2505 2996 imperator
2525 2939 2652 2980 cum
2670 2920 2891 2977 duobus
2913 2918 3228 2976 Caesaribus
3261 2926 3317 2973 et
3347 2914 3524 2970 tribus
3550 2912 3799 2969 nobilis.

2203 3015 2376 3071 simis.
2403 3012 2680 3070 Processit
2711 3018 2893 3066 autem
2922 3019 2978 3065 et
3017 3008 3340 3080 imperatrix
3371 3004 3632 3069 flcirene,
3661 3018 3802 3059 cum

2206 3107 2618 3181 praecessissent
2656 3107 3040 3176 imperatores,
3071 3100 3307 3172 sceptris
3349 3096 3805 3169 obsequentibus

520 3216 698 3274 Porro
728 3211 925 3268 eodem
978 3224 1122 3266 anno
1146 3205 1639 3280 Longobardorum
1676 3218 1772 3258 rex
1797 3200 1864 3256 ad
1895 3198 2102 3270 regiam
2133 3226 2177 3287 ε
2208 3218 2309 3274 per
2358 3200 2579 3257 scholas
2607 3196 2884 3264 antelatis,
2918 3204 2974 3251 et
3023 3191 3458 3250 ascendentibus
3494 3205 3593 3261 per
3625 3203 3808 3246 τιξοδδ

522 3306 754 3365 veniens
780 3305 977 3361 urbem
1001 3299 1326 3373 imperatori
1354 3315 1414 3355 se
1436 3298 1702 3370 profugus
1727 3293 1984 3351 contulit.

590 3398 782 3456 Mundi
810 3397 972 3461 6668,
994 3396 1196 3452 divina:
1218 3392 1616 3450 incarnationis
1639 3406 1784 3446 anxio
1810 3389 1936 3453 768,
1959 3400 2106 3443 anno

521 3509 658 3567 vero
678 3491 895 3564 imperii
924 3489 1129 3545 Leonis
1149 3487 1354 3560 primo,
1386 3484 1535 3541 Madi
1566 3485 1677 3540 dux
1700 3483 1940 3539 habetur
1964 3483 2105 3536 Ara-

524 3585 680 3650 bum,
708 3581 864 3654 qui9
895 3581 984 3635 his
1017 3577 1238 3649 praefuit
1282 3576 1462 3632 annis.
1500 3575 1613 3631 Leo
1642 3590 1774 3630 vero
1807 3573 2109 3642 imperator

521 3676 696 3748 cepit
714 3672 953 3746 expendi
984 3672 1039 3727 in
1060 3669 1349 3742 pecunias,
1372 3684 1493 3739 qua:
1519 3668 1624 3723 sibi
1647 3666 1866 3724 fuerant
1890 3680 1919 3719 a
1948 3671 2104 3739 patre

528 3769 792 3835 dimissae,
824 3765 1139 3837 placuitque
1162 3772 1272 3818 tam
1295 3760 1658 3832 optimatibus
1688 3775 1853 3831 quam
1881 3756 2108 3830 populo,

526 3873 585 3919 et
615 3861 771 3919 visus
803 3868 888 3915 est
912 3858 979 3915 ad
1012 3858 1181 3913 breve
1217 3865 1436 3926 tempus
1469 3854 1595 3925 pius
1614 3867 1759 3919 esse,
1795 3858 2112 3921 sancta-que

528 3954 628 4013 Dei
677 3949 976 4009 Genitricis
1029 3964 1095 4004 ac
1144 3945 1548 4004 monachorum
1582 3944 1816 3999 amicus.
1858 3941 2017 4000 Unde
2053 3947 2112 3997 et

525 4042 990 4116 metropolitanos
1044 4056 1113 4097 ex
1163 4038 1450 4095 monachis
1495 4037 1565 4092 .in
1630 4036 1826 4107 primis
1884 4035 2112 4091 sedibus

532 4137 845 4204 collocavit,
871 4134 1212 4203 militiasque
1241 4148 1344 4203 per
1367 4131 1611 4186 themata
1644 4130 1777 4185 fecit
1804 4129 2026 4195 multas,
2056 4136 2113 4183 et

531 4229 759 4287 ordines
794 4229 855 4285 in
877 4228 1013 4283 urbe
1066 4224 1453 4296 amplificavit.
1488 4222 1857 4291 Quamobrem
1894 4221 2109 4276 thema—

474 4361 478 4365 ς
533 4333 652 4380 tum
675 4320 952 4394 principes
978 4318 1113 4374 moti
1148 4316 1407 4389 ingressi.
1430 4323 1561 4371 sunt
1586 4328 1781 4369 omnes
1810 4330 1935 4369 cum
1968 4311 2112 4368 'mul-

534 4413 773 4472 titudine
829 4414 1020 4485 populi
1068 4413 1329 4482 copiosa,
1390 4418 1642 4480 petentes
1686 4406 2112 4464 Constantinum

536 4508 712 4566 lilium
741 4507 863 4579 eius
895 4505 952 4562 in
1002 4506 1417 4574 imperatorem.
1466 4504 1536 4558 At
1566 4501 1678 4568 ille,
1712 4508 1775 4556 ut
1817 4500 1988 4556 moris
2028 4511 2115 4556 est

2209 3302 2383 3367 porta:
2419 3308 2709 3349 ascensum
2765 3291 2823 3346 in
2858 3286 3291 3345 Catechumenia
3350 3283 3620 3348 ecclesize,
3678 3294 3815 3359 non,

2207 3388 2468 3444 exiensin
2491 3386 2724 3457 plateam
2742 3380 3181 3441 Emboli.!Mense
3210 3395 3345 3435 vero
3363 3379 3503 3433 Maio
3529 3376 3794 3449 ejusdem

2210 3482 2531 3540 indictionis
2560 3480 2853 3536 accusatus
2883 3487 2969 3534 est
3000 3474 3347 3547 Nicephorus
3386 3472 3567 3529 Caesar
3594 3480 3648 3527 et
3680 3470 3805 3527 fra-

2210 3586 2298 3634 ter
2327 3576 2700 3647 imperatoris,
2726 3574 2874 3645 quod
2897 3572 3129 3628 insidias
3151 3568 3557 3627 construxisset
3589 3565 3807 3622 adver-

2211 3685 2307 3726 sus
2335 3685 2462 3726 eum
2490 3684 2620 3729 cum,
2648 3664 2951 3739 spathariis
2978 3663 3311 3736 quibusdam
3349 3671 3517 3733 atque
3537 3659 3805 3715 stratori-

2210 3764 2316 3819 bns
2343 3763 2576 3834 aliisque
2608 3760 2931 3816 hominibus
2980 3759 3182 3830 regiis;
3218 3764 3275 3813 et
3324 3755 3470 3812 facto
3497 3756 3810 3824 imperator

2213 3854 2434 3912 silentio
2460 3853 2605 3925 apud
2658 3853 3011 3924 Magnauram
3041 3847 3300 3921 exposuit
3334 3846 3543 3918 populo
3572 3860 3695 3916 qua:
3728 3845 3807 3900 de

2210 3965 2271 4006 se
2306 3947 2706 4004 fuerantdicta.
2744 3945 2848 4014 Qui
2882 3944 3222 4001 unanimiter
3254 3941 3708 3997 exclamaverunt
3739 3946 3809 3993 ut

2215 4052 2450 4112 uterque
2477 4039 2765 4117 recederet
2793 4038 2861 4093 de
2890 4036 3097 4101 medio,
3118 4051 3229 4092 non
3254 4040 3627 4090 memorantes
3648 4046 3805 4086 sem-

2214 4151 2314 4207 per
2341 4132 2546 4205 periuri
2574 4147 2631 4187 se
2664 4128 2806 4203 patri
2836 4144 3029 4184 eorum
3070 4128 3283 4199 iurasse
3314 4140 3425 4179 non
3456 4122 3806 4178 admiSsuros

2213 4236 2341 4299 post
2367 4235 2600 4281 mortem
2632 4225 2754 4296 eius
2807 4221 3066 4294 iniuriam
3110 4219 3222 4291 pati
3277 4226 3437 4273 natos
3478 4214 3672 4286 ipsius.
3700 4215 3809 4269 Ast

2207 4319 2513 4391 imperator
2530 4318 2762 4376 rebelles
2786 4330 2956 4373 cassos
2967 4324 3025 4371 et
3046 4321 3235 4369 tonsos
3250 4310 3445 4367 exsilio
3458 4308 3602 4381 apud
3624 4308 3807 4364 Cher-

2214 4428 2405 4468 sonem
2455 4411 2773 4482 deportatos
2801 4408 2917 4463 fore
2946 4406 3214 4469 decrevit,
3250 4413 3306 4460 et
3332 4404 3551 4458 climata
3584 4400 3676 4457 illa
3697 4399 3806 4455 sub

2215 4506 2465 4563 custodia
2487 4515 2543 4561 et
2569 4503 2876 4559 munimine
2900 4498 3302 4557 conservanda.

535 4594 905 4669 principibus,
941 4591 1283 4655 renuntiavit
1340 4591 1441 4647 eis.
1472 4587 1668 4656 Filius,
1718 4588 1922 4659 inquit,
1971 4605 2102 4644 metu

2289 4598 2449 4669 Anno
2479 4595 2695 4667 imperii
2719 4592 2920 4650 Leonis
2948 4592 3192 4649 secundo
3222 4588 3468 4661 confugit
3514 4586 3807 4660 Telerigus

536 4693 722 4749 unicus
759 4700 836 4747 est
860 4691 1006 4747 mihi.
1055 4688 1261 4745 Idcirco
1308 4702 1489 4743 uereor
1515 4686 1613 4750 hoc
1650 4685 1846 4755 facere,
1881 4701 1947 4739 ne
1981 4685 2116 4755 forte

535 4787 809 4857 contingat
843 4784 970 4840 mihi
1007 4783 1146 4855 quod
1172 4781 1467 4837 humanum
1494 4786 1593 4843 est,
1626 4785 1677 4831 et
1707 4793 1827 4831 cum
1854 4775 2025 4831 adhuc
2048 4777 2118 4831 sit

536 4873 816 4950 paruulus,
842 4875 1001 4929 morti
1043 4887 1165 4927 eum
1196 4870 1444 4933 tradatis,
1462 4877 1511 4922 et
1538 4866 1705 4922 alium
1743 4868 2114 4937 promoveatis.

533 4971 608 5026 At
638 4969 718 5025 illi
751 4983 877 5025 cum
903 4963 1234 5038 iuramentis
1266 4960 1676 5034 profitebantur
1714 4975 1773 5017 se
1828 4960 2001 5014 ullum
2030 4975 2119 5014 sa-

537 5061 856 5118 tisfacturos
891 5056 1121 5112 minime
1156 5063 1515 5126 regnaturum
1540 5061 1742 5123 praeter
1768 5051 1938 5106 filium
1973 5053 2115 5123 eius,

535 5152 753 5211 etiamsi
819 5164 947 5206 eum
1006 5147 1149 5203 mori
1182 5147 1329 5202 Deus
1358 5131 1643 5200 voluisset.
1697 5142 1813 5199 Hoc
1866 5151 2049 5197 autem
2086 5159 2118 5199 a

535 5245 821 5306 Dominica
864 5242 956 5299 die
1000 5256 1109 5312 qua
1168 5239 1479 5296 Palmarum
1535 5234 1853 5291 solemnitas
1902 5236 2115 5309 agitur,

536 5355 714 5411 usque
741 5338 810 5393 ad
847 5336 1046 5392 feriam
1070 5333 1321 5406 quintam
1352 5329 1713 5387 hebdomadas
1738 5329 1981 5400 majoris,
2015 5326 2117 5399 p04

534 5433 668 5504 pulo
724 5431 780 5487 in
814 5426 1213 5500 Hippodromio
1248 5431 1575 5481 coacervato
1625 5428 1872 5493 petente,
1926 5429 2117 5476 sancta

535 5527 844 5584 Parasceve
865 5522 1037 5594 iussit
1062 5521 1250 5592 iurare
1290 5518 1435 5581 illos,
1491 5525 1547 5571 et
1570 5517 1781 5587 iuravit
1809 5514 1991 5571 omnis
2016 5530 2116 5586 po-

536 5620 701 5693 pulus
730 5617 787 5673 in
813 5614 1153 5672 honorandis
1195 5620 1251 5668 et
1281 5609 1517 5667 vivificis
1550 5609 1733 5681 lignis,
1765 5617 1874 5663 tam
1904 5608 2118 5664 scilicet

534 5729 608 5770 ex
641 5710 977 5767 thematibus
1004 5716 1061 5765 et
1096 5717 1295 5765 senatu
1337 5720 1503 5776 quam
1533 5720 1600 5758 ex
1635 5702 1990 5759 interioribus
2021 5717 2117 5757 or-

536 5805 763 5862 dinibus
787 5812 845 5862 et
876 5802 1095 5860 civibus
1140 5798 1405 5871 omnibus
1432 5804 1488 5858 et
1524 5796 1970 5868 hergasteriacis,
2006 5795 2116 5852 im-

529 5900 982 5971 peratorem'non
996 5886 1330 5952 admittendi
1359 5887 1607 5960 exceptis
1629 5885 1815 5944 Leone
1841 5901 1941 5943 seu
1973 5884 2118 5943 Con-

2224 4690 2518 4761 Vulgarum
2547 4688 2805 4744 dominus
2828 4686 2894 4742 ad
2942 4686 3355 4757 imperatorem,
3382 4681 3479 4754 qui
3512 4681 3645 4737 fecit
3668 4694 3801 4734 eum

2227 4783 2542 4854 patricium,
2570 4782 2807 4852 iungens
2839 4778 2914 4834 illi
2934 4787 2992 4834 et
3021 4774 3208 4832 uxoris
3236 4789 3351 4830 suae
3382 4772 3633 4829 lleirenze
3662 4786 3804 4827 con-

2227 4874 2528 4933 sobrinam.
2568 4873 2707 4929 Cum
2747 4881 2932 4927 autem
2974 4868 3315 4940 baptizatum
3359 4881 3484 4921 eum
3518 4880 3584 4919 ex
3612 4872 3803 4919 sancta

2226 4983 2448 5041 quoque
2504 4966 2711 5039 piscina
2764 4962 3120 5036 suscepisset,
3170 4959 3459 5032 magnifice
3511 4955 3806 5013 honoravit

2224 5059 2435 5129 pariter
2454 5065 2511 5112 et
2531 5055 2756 5112 amavit.

2298 5153 2458 5208 Anno
2485 5150 2701 5222 imperii
2724 5148 2927 5205 Leonis
2959 5148 3124 5205 tertio
3149 5146 3292 5203 sedit
3321 5146 3636 5201 lthimamas
3654 5140 3803 5213 apud

2228 5240 2505 5306 Dabecon,
2543 5249 2599 5295 et
2641 5238 2968 5295 seditionem
2998 5238 3313 5294 commovit.
3341 5235 3453 5291 Leo
3480 5241 3664 5289 autem
3694 5232 3803 5287 im-

2229 5342 2449 5406 perator
2503 5331 2729 5387 militias
2767 5331 3143 5386 Romanorum
3197 5328 3419 5395 direxit,
3471 5338 3530 5383 et
3568 5325 3802 5398 ingressi

2228 5435 2359 5481 sunt
2408 5426 2623 5497 Syriam
2679 5431 2901 5479 centum
2929 5423 3120 5487 millia,
3175 5420 3379 5491 quibus
3432 5419 3603 5475 duces
3646 5426 3806 5474 erant

2229 5519 2461 5575 Michael
2495 5515 3392 5580 LachanodracoThracesiorum,
3427 5511 3803 5569 Artabuasdus

2227 5611 2520 5665 Armenius
2583 5609 2968 5671 Orientalium,
3025 5607 3282 5663 Tatzates
3330 5604 3802 5671 Bucellariorum,

2222 5702 2571 5756 Basteratzes
2598 5700 3076 5764 Armeniaeorum,
3108 5708 3160 5755 et
3216 5698 3515 5770 Gregorius
3550 5697 3801 5754 Ohsicia-

2228 5795 2479 5851 nensium
2510 5802 2817 5865 praetores;
2847 5800 2903 5847 et
2925 5792 3338 5848 eircumdavere
3373 5789 3797 5856 Germaniciam,

2226 5886 2325 5945 ubi
2355 5893 2476 5943 erat
2517 5882 2955 5942 Hisbahalithius
3005 5884 3171 5953 Madi,
3225 5893 3281 5940 et
3318 5881 3801 5956 appreltenderunt
