4070 6304
311 343 452 413 1393

1125 296 1496 405 HISTORIA
1533 341 2118 404 ECCI.ESIASTICA
2163 344 2265 403 ex
2301 343 2790 407 reseruans.

3438 346 3578 410 1394

307 469 505 509 onmes
536 455 777 510 camelos
803 456 945 527 ejus,
978 463 1034 511 et
1076 454 1324 519 futurum
1353 467 1473 513 erat
1517 468 1577 512 ut
1627 464 1891 528 caperent
1919 461 1965 516 Α
1995 457 2223 523 tionem,
2258 459 2309 512 vi
2340 458 2512 513 multa
2544 459 2910 529 compell'ente
2942 470 3300 516 consecratur
3335 464 3579 533 patriar-

308 548 474 602 etiam
515 546 946 615 Germaniciam,
992 549 1097 603 nisi
1146 549 1471 605 muneribus
1521 551 1889 621 persuasisset

311 631 800 717 Lachanodraconi
827 639 1108 701 Hisbahal,
1141 648 1198 695 et
1241 641 1561 696 recessisset
1587 649 1643 697 'a
1683 652 1887 698 castro.

311 731 377 786 Et
404 731 575 787 exivit
609 731 667 786 in
694 732 932 804 praedam
963 733 1227 804 regionis,
1251 742 1310 790 et
1335 735 1628 806 captivatis
1673 736 1893 792 haereti-

311 824 391 878 cis
420 825 687 881 Jacobitis
718 826 871 898 Syris
896 827 1098 882 iterum
1120 827 1189 882 ad
1224 838 1464 884 castrum
1499 845 1756 887 reversus
1782 839 1887 886 est.

314 917 381 971 Et
410 917 579 972 misso
608 918 926 973 lthimanias
953 921 1202 975 exercitu
1232 936 1262 976 a
1292 921 1512 978 Dabeco
1545 931 1601 978 et
1629 923 1893 980 amiradi-

316 1011 420 1066 bus
450 1011 658 1066 bellum
703 1027 828 1066 eum
875 1011 1136 1069 Romanis
1185 1012 1458 1093 fecerunt,
1491 1024 1549 1071 et
1574 1015 1897 1073 ceciderunt

314 1104 596 1159 amirades
626 1104 872 1174 quinque
893 1115 949 1160 et
972 1103 1213 1161 Arabum
1238 1121 1332 1162 sex
1355 1107 1548 1174 millia,
1580 1117 1644 1163 ut
1686 1108 1893 1165 ferunt.

317 1198 388 1252 Et
445 1205 594 1253 sexta
641 1197 775 1253 feria
828 1198 1162 1253 redierunt:
1209 1198 1442 1271 ingressi
1481 1201 1632 1257 enim
1679 1200 1898 1258 fuerant

321 1287 606 1343 Dominica
633 1288 744 1343 die.
772 1288 1041 1343 Praeterea
1077 1290 1375 1359 imperator
1413 1290 1555 1347 facta
1586 1294 1817 1362 majorna
1840 1293 1899 1349 in

317 1380 614 1450 Sophianis
645 1380 850 1437 insedit
884 1380 942 1436 in
972 1381 1110 1437 solio
1140 1397 1267 1438 cum
1322 1381 1436 1438 tilio
1463 1399 1587 1452 suo,
1618 1393 1675 1440 et
1702 1386 1778 1440 ita
1812 1385 1900 1441 di-

319 1475 618 1543 vulgarunt
672 1484 937 1546 praetores
971 1476 1284 1546 triumphos
1334 1492 1478 1548 quos
1524 1488 1896 1551 sumpserant.

318 1566 629 1637 Transtulit
662 1576 846 1643 autem
884 1569 1175 1627 haereticos
1236 1568 1406 1645 Syros
1438 1570 1495 1628 in
1521 1570 1812 1640 Thracem,
1843 1581 1900 1630 et

316 1659 524 1716 locavit
548 1675 646 1716 eos
673 1660 811 1718 illic.

1991 550 2093 605 cha
2149 549 2814 621 Constantinopolitanus.
2870 551 3047 608 Media
3071 569 3205 609 vero
3242 553 3590 611 hebdomada

1985 639 2324 712 jejuniorum
2383 648 2568 696 tentus
2607 651 2693 698 est
2724 641 2966 698 Iacobus
3011 643 3493 716 protospatharius
3519 658 3587 699 ac

1991 733 2187 805 Papias
2218 743 2274 790 et
2303 735 2616 807 Strategius
2648 752 2724 798 ac,
2747 736 3120 809 Theophanes
3150 737 3482 794 cubicularii
3533 748 3593 794 ct

1993 829 2481 898 paracoemomeni,
2512 829 2627 885 Leo
2651 844 2872 901 quoque
2905 846 2969 886 ac
2994 830 3256 899 Thomas,
3289 834 3447 903 aeque
3477 845 3578 887 cu-

1994 917 2270 983 bicularii,
2306 934 2416 974 una
2466 933 2592 976 cum
2659 919 2783 975 aliis
2819 919 3095 992 religiosis
3121 920 3283 987 viris,
3318 936 3387 977 eo
3435 918 3588 991 quod

1993 1011 2340 1068 venerabiles
2380 1012 2649 1083 imagines
2699 1013 3020 1069 adorarent.
3074 1013 3234 1070 Tunc
3297 1013 3592 1070 denudans

1994 1105 2374 1161 absconditam
2398 1105 2665 1161 malitiam
2687 1121 2842 1161 suam
2862 1106 2997 1172 Leo,
3022 1107 3401 1178 persecutoris
3421 1105 3591 1174 filius,

1995 1195 2098 1251 hos
2114 1194 2630 1251 immisericorditer
2647 1211 2818 1252 caesos
2829 1204 2887 1251 et
2901 1205 3091 1252 tonsos
3109 1213 3317 1269 perque
3342 1196 3591 1254 medium

1996 1289 2153 1344 urbis
2174 1278 2397 1344 vinctos
2425 1289 2677 1361 pompari
2711 1290 2848 1345 fecit
2881 1298 2938 1346 et
2963 1289 3018 1345 in
3047 1291 3308 1362 praetorio
3338 1290 3588 1349 inclaudi

1996 1380 2313 1447 mandavit;
2356 1381 2502 1436 inter
2528 1396 2671 1452 quos
2713 1382 2880 1436 etiam
2912 1381 3098 1438 dictus
3127 1382 3367 1437 moritur
3395 1380 3590 1437 Theo-

1996 1475 2230 1546 phanes,
2287 1473 2579 1530 confessor
2634 1473 2871 1531 effectus
2928 1484 2984 1530 et
3038 1490 3300 1532 coronam
3331 1474 3592 1547 martyrii

1997 1576 2353 1624 consecutus.
2379 1567 2599 1639 Reliqui
2625 1578 2813 1624 autem
2839 1583 3033 1626 omnes
3059 1584 3162 1641 per
3179 1570 3344 1643 hujus
3374 1569 3593 1626 obitum

1996 1660 2211 1733 probati
2241 1661 2498 1718 monachi
2529 1671 2660 1717 sunt
2689 1661 2919 1720 ostensi.
2957 1662 3057 1719 Ast
3097 1664 3279 1718 Aaron
3311 1661 3595 1735 ingressus

332 1743 336 1750 ’
389 1752 553 1808 Anno
581 1770 714 1810 vero
748 1755 963 1828 imperii
997 1755 1200 1812 Leonis
1241 1765 1438 1829 quarto
1465 1757 1653 1815 furore
1699 1776 1898 1816 accen-
1935 1820 1970 1829 λ
2000 1755 2058 1809 in
2086 1755 2539 1811 Armeniamrum
2573 1756 2756 1812 thema
2797 1756 3018 1813 obsedit
3073 1756 3358 1813 Semalvos
3403 1755 3598 1812 £86181-

318 1861 418 1900 sus
447 1844 588 1900 Madi
643 1820 887 1902 Arabuin
919 1847 1029 1902 dux
1091 1820 1275 1903 mittit'
1320 1848 1489 1905 llisan
1535 1866 1659 1905 cum
1695 1852 1901 1907 virtute
1935 1820 1975 1878 Β
2004 1847 2119 1903 lum
2146 1855 2336 1903 aestate
2371 1857 2505 1910 tota.
2538 1857 2594 1904 et
2629 1842 2982 1921 Septembrio
3011 1863 3200 1905 mense
3254 1847 3403 1919 cepit
3451 1846 3592 1903 illud

319 1941 515 2005 multa,
547 1938 974 2009 Maurophorum
1010 1939 1221 1995 scilicet
1265 1939 1438 2012 Syria:
1482 1957 1547 1998 ac
1591 1941 1902 2013 Mesopota-

314 2033 468 2094 miae,
519 2041 575 2087 et
592 2031 887 2090 descendit
921 2048 1094 2102 usque
1128 2033 1460 2106 Dorylzeum.
1492 2033 1699 2091 Verum
1724 2036 1902 2106 impe-

320 2135 476 2180 rator
540 2123 803 2197 praecepit
860 2124 1195 2195 praetoribus
1257 2142 1331 2180 ne
1396 2125 1740 2183 debellarent
1807 2143 1905 2184 eos

321 2217 551 2290 publico
604 2217 772 2284 bello,
817 2218 913 2273 sed
948 2218 1230 2274 munirent
1261 2218 1516 2275 civitates
1553 2228 1610 2275 et
1639 2220 1904 2293 populum

323 2311 744 2368 introducerent
787 2310 855 2366 ad
911 2325 1101 2366 earum
1149 2310 1479 2377 custodiam,
1536 2311 1826 2368 destinatis
1849 2323 1906 2370 et

324 2403 673 2476 principibus
700 2404 914 2476 magnis
949 2420 1048 2474 per
1072 2404 1319 2475 singulas
1365 2404 1640 2466 civitates,
1689 2403 1905 2475 ipsique

325 2513 612 2559 sumerent
665 2503 972 2558 electorum
1032 2502 1270 2556 militum
1301 2511 1460 2558 terna
1506 2502 1701 2568 millia,
1734 2511 1790 2557 et
1819 2501 1906 2556 in-

325 2604 698 2665 sequerentur
725 2610 846 2661 eos,
871 2611 941 2650 ne
967 2594 1350 2666 dispergerent
1378 2609 1596 2661 cursus,
1629 2602 1687 2650 et
1717 2594 1908 2650 incen-

325 2688 523 2743 derent
564 2687 668 2758 ipsi
700 2685 962 2758 primitus
997 2693 1106 2740 tam
1163 2684 1367 2758 pabula
1419 2673 1691 2756 equorum
1739 2698 1906 2755 quam

325 2793 504 2843 escas,
567 2779 883 2848 ubicunque
931 2777 1168 2833 fuissent
1219 2775 1480 2832 inventae.
1523 2775 1662 2833 Cum
1718 2782 1906 2830 autem

328 2871 638 2927 residerent
674 2871 903 2942 Dorylaei
937 2869 1138 2930 diebus
1187 2869 1528 2942 quindecim,
1559 2881 1617 2925 et
1668 2868 1906 2925 defecis-

326 2974 454 3020 sent
479 2964 584 3019 sibi
616 2980 736 3034 quze
789 2963 962 3019 victui
986 2973 1116 3020 sunt
1153 2963 1485 3029 necessaria,
1521 2961 1684 3018 exilia
1711 2979 1905 3018 eorum

328 3057 526 3113 effecta
568 3065 696 3113 sunt
753 3056 1034 3122 animalia,
1065 3056 1349 3128 multaque
1402 3059 1456 3110 in
1489 3056 1573 3112 eis
1600 3056 1783 3127 praeda
1812 3071 1907 3128 pa-

333 3157 481 3208 trata'
523 3159 627 3208 est.
684 3151 753 3206 Et
813 3152 1021 3207 reversi
1083 3152 1422 3208 obsederunt
1467 3154 1755 3208 Amorium
1814 3153 1905 3211 die

332 3259 480 3309 uno;
528 3242 676 3313 quod
712 3258 838 3298 cum
908 3242 1179 3298 vidissent
1237 3242 1534 3310 munitum,
1582 3251 1638 3299 et
1678 3245 1909 3301 multam

332 3333 538 3389 habere
568 3342 928 3400 armaturam,
974 3336 1182 3390 reversi
1233 3341 1366 3390 sunt
1413 3333 1554 3391 nihil
1610 3335 1909 3407 prolicien-

333 3431 440 3479 tes.

405 3515 564 3573 Anno
597 3517 817 3591 imperii
860 3520 1063 3576 Leonis
1110 3520 1305 3592 quinto
1333 3522 1535 3579 Paulus
1592 3521 1910 3578 Constanti-

334 3609 688 3679 nopolitanus
738 3611 973 3668 habetur
1015 3613 1273 3680 antistes,
1297 3615 1559 3686 venitque
1601 3615 1742 3670 Madi
1771 3615 1910 3669 Ara-

335 3699 468 3756 bum
502 3700 612 3755 dux
642 3701 918 3757 Dabecum
958 3718 1083 3758 cum
1133 3709 1424 3774 potentatu
1455 3705 1630 3760 multo
1659 3716 1716 3760 et
1748 3721 1912 3775 appa-

335 3800 481 3856 ratu,
516 3800 571 3847 et
604 3792 770 3848 misso
794 3792 906 3848 filio
934 3810 1037 3850 suo
1061 3795 1115 3850 in
1146 3794 1468 3851 Romaniam
1498 3797 1615 3868 ipse
1660 3798 1804 3852 redit
1841 3798 1910 3853 ad

335 3892 580 3941 sanctam
605 3884 906 3951 civitatem,
936 3897 994 3942 et
1036 3886 1207 3942 mittit
1253 3887 1613 3955 Muchesiam,
1641 3889 1736 3960 qui
1759 3889 1913 3946 dice-

337 3976 502 4032 batur
545 3976 784 4043 Zelotes,
836 3985 894 4032 et
940 3977 1034 4034 dat
1061 3978 1112 4034 ei
1151 3985 1482 4050 p0testatem
1516 3989 1794 4051 apostatas
1827 3980 1908 4036 fa-

333 4071 518 4127 ciendi
547 4070 987 4128 Christianorum
1027 4088 1220 4129 servos
1245 4082 1301 4128 et
1337 4073 1625 4131 desolandi
1648 4077 1914 4132 ecclesias

334 4169 573 4217 sanctas.
604 4162 672 4217 Et
697 4162 849 4218 venit
880 4179 1054 4234 usque
1080 4164 1393 4230 Hemesam,
1419 4175 1473 4221 et
1495 4165 1833 4238 repromittit
1853 4183 1913 4223 se

340 4270 451 4308 non
488 4255 818 4325 compellere
847 4255 915 4310 ad
946 4255 1394 4327 magarizandum
1439 4257 1547 4314 nisi
1591 4273 1688 4315 eos
1721 4259 1816 4330 qui
1847 4275 1916 4315 ex

343 4346 656 4402 infidelibus
704 4346 912 4402 dudum
953 4348 1206 4414 fuissent,
1251 4349 1428 4405 donec
1483 4352 1738 4422 patefacti
1786 4366 1916 4410 sunt

340 4442 558 4500 Hebraei
613 4452 672 4499 et
718 4441 1042 4500 Christiani.
1070 4445 1136 4499 Et
1170 4445 1351 4500 statim
1379 4443 1547 4517 coepit
1593 4446 1761 4518 impie
1783 4464 1915 4503 cru-

2006 1941 2062 1996 in
2094 1941 2287 1998 verbo.
2318 1942 2539 1999 Miserat
2587 1953 2772 1999 autem
2825 1943 3250 1998 Thummamam
3292 1941 3347 1997 in
3405 1939 3592 1996 Asiam

2006 2053 2132 2092 cum
2165 2036 2566 2108 quinquaginta
2598 2035 2868 2103 millibus,
2903 2043 3304 2103 etloccurrens
3356 2031 3592 2089 Michael

2005 2128 2436 2186 Lachanodraco
2466 2144 2630 2184 cursu
2656 2127 2878 2184 modico
2901 2143 3004 2184 suo
3025 2125 3326 2189 debellavit
3357 2139 3510 2190 eum,
3535 2131 3595 2182 et

2001 2221 2274 2294 iugulavit
2300 2221 2530 2277 fratrem
2566 2220 2945 2280 Theumamae.

2075 2312 2282 2369 Eodem
2301 2313 2523 2382 quoque
2546 2326 2735 2369 mense
2761 2320 2972 2383 quarta:
2995 2309 3317 2368 indictionis
3338 2316 3594 2366 mortuus

2003 2414 2090 2462 est
2119 2404 2231 2461 Leo
2254 2405 2401 2460 ﬁlius
2423 2404 2778 2461 Constantini
2803 2398 2910 2461 hoc
2940 2403 3132 2460 modo.
3158 2402 3297 2460 Cum
3321 2401 3596 2459 insaniret

2006 2498 2151 2554 circa
2207 2497 2438 2570 lapides,
2492 2496 2664 2553 nimis
2714 2497 2999 2554 adamavit
3060 2511 3327 2554 coronam
3384 2495 3594 2567 Magna

2004 2589 2256 2648 ecclesia:
2279 2632 2294 2658 ,
2320 2601 2377 2648 et
2445 2590 2726 2663 accipiens
2778 2592 3019 2664 portavit
3055 2607 3198 2657 eam,
3235 2600 3292 2647 et
3336 2591 3596 2647 exierunt

2007 2686 2335 2742 carbunculi
2364 2686 2419 2740 in
2440 2685 2619 2758 capite
2652 2686 2796 2756 ejus,
2831 2693 2887 2740 et
2935 2695 3130 2758 captus
3157 2701 3188 2742 a
3220 2685 3403 2741 valida
3435 2683 3593 2741 febre

2009 2787 2260 2835 mortuus
2288 2787 2398 2842 est,
2427 2794 2556 2836 cum
2593 2787 2879 2852 regnasset
2906 2779 3067 2839 annis
3093 2779 3363 2851 quinque,
3392 2777 3594 2837 diebus

2006 2888 2100 2928 sex
2132 2873 2398 2944 exceptis.
2859 2916 2864 2921 .

2079 2965 2266 3022 Mundi
2286 2982 2432 3022 anno
2459 2967 2619 3035 6776,
2643 2967 2846 3023 divinae
2865 2963 3269 3023 incarnationis
3289 2981 3438 3021 anno
3455 2963 3587 3033 776,

2007 3060 2244 3118 Heirene
2277 3060 2525 3132 piissima
2572 3078 2680 3117 una
2732 3077 2859 3116 eum
2913 3060 3026 3117 filio
3076 3076 3179 3116 suo
3229 3059 3597 3117 Constantino

1934 3162 1983 3226 (ζ
2011 3155 2250 3228 gloriose
2274 3156 2572 3226 imperium
2603 3155 2873 3211 divinitus
2906 3153 3106 3225 accipit
3138 3161 3292 3209 sexto
3317 3152 3445 3208 idus
3495 3150 3598 3207 Se-

2010 3247 2310 3320 ptembrias
2350 3246 2675 3302 indictionis
2724 3255 2957 3318 quartae,
2997 3252 3270 3316 quatenus
3324 3242 3596 3301 mirabilis

2010 3340 2406 3413 praedicaretur
2428 3341 2574 3396 Deus
2600 3340 2765 3396 etiam
2793 3339 2850 3394 in
2883 3339 3014 3403 hoc,
3045 3353 3146 3410 per
3181 3336 3407 3391 viduam
3437 3335 3597 3392 femi-

2009 3450 2136 3490 nam
2165 3443 2222 3490 et
2249 3449 2481 3506 puerum
2531 3432 2842 3504 orphanum
2892 3430 3247 3501 depositurus
3272 3429 3595 3484 immensam

2009 3536 2203 3582 contra
2234 3540 2296 3581 se
2321 3525 2665 3595 famulosque
2700 3537 2832 3579 suos
2859 3523 3196 3593 impietatem
3249 3529 3305 3576 et
3331 3520 3598 3576 adversus

2011 3625 2238 3674 cunctas
2260 3617 2534 3674 Ecclesiae
2561 3624 2766 3671 motam
2791 3612 3194 3686 impugnatoris
3209 3611 3306 3667 Dei
3329 3611 3598 3667 Constan-

2012 3707 2114 3764 tini
2140 3707 2508 3780 tyrannidem,
2537 3714 2598 3761 ut
2630 3706 2759 3761 olim
2793 3703 2998 3760 diaboli
3035 3718 3134 3773 per
3175 3702 3511 3772 piscatorum
3538 3707 3598 3754 et

2010 3783 2421 3857 illitteratorum
2454 3798 2855 3854 infirmitatem.
2884 3797 3015 3851 Post
3065 3802 3300 3865 quatuor
3322 3807 3453 3850 vero
3476 3791 3601 3849 dies

2009 3892 2230 3965 imperii
2278 3891 2387 3958 sui,
2413 3906 2540 3948 cum
2566 3889 2711 3945 ﬁlius
2741 3903 2874 3944 suus
2906 3887 3099 3944 decem
3125 3893 3275 3943 esset
3299 3898 3594 3951 annorum,

2012 3987 2299 4043 consilium
2347 3983 2612 4040 facientes
2659 3981 2886 4054 quidam
2912 3988 3252 4036 senatorum
3301 3977 3600 4034 voluerunt

2012 4081 2250 4138 educere
2264 4079 2636 4149 Nicephorum
2660 4091 2728 4131 ex
2754 4075 2968 4131 Caesare
2990 4081 3045 4130 et
3070 4074 3462 4150 imperatorem
3483 4065 3599 4126 sta-

2013 4181 2189 4230 tuere.
2207 4169 2342 4227 Cum
2363 4186 2430 4225 an
2439 4178 2548 4225 tem
2569 4169 2636 4224 ad
2656 4167 2908 4224 notitiam
2933 4183 3094 4223 causa
3111 4155 3442 4234 devertisset,
3460 4162 3599 4218 tenti

2011 4273 2144 4323 sunt
2167 4263 2465 4336 Gregorius
2494 4261 2773 4333 logotheta
2808 4261 3032 4338 dromi,
3061 4266 3119 4315 et
3151 4257 3356 4313 Bardas
3387 4254 3596 4314 dudum

2011 4365 2214 4431 praeter
2230 4355 2708 4420 Armeniacorum,
2731 4352 3236 4421 Constantinusque
3259 4348 3449 4405 vicarii
3469 4361 3604 4420 ειη-ς

2031 4451 2243 4504 tharius
2269 4458 2324 4504 et
2349 4449 2681 4504 domesticus
2712 4445 3117 4511 excubitorum,
3154 4459 3219 4500 ac
3245 4439 3592 4512 Theophyla-

339 4537 509 4600 ciare,
535 4536 679 4591 sicut
714 4551 818 4592 nec
865 4537 1056 4609 Lysias
1085 4537 1217 4594 olim
1247 4540 1336 4594 vel
1388 4539 1730 4612 Agricolaus,
1768 4543 1913 4612 mul-
1946 4538 1990 4595 D
2019 4553 2143 4602 ctus
2188 4541 2444 4614 Rangabe
2492 4540 2826 4613 drungarius
2884 4537 3226 4595 duodecimae
3273 4534 3487 4601 insulae,
3538 4540 3604 4590 et.

340 4638 537 4699 tosque
586 4629 849 4700 perdidit.
900 4630 1039 4686 Sane
1094 4629 1313 4687 femina:
1354 4633 1529 4701 gratia
1562 4633 1770 4690 Christi
1816 4635 1914 4691 Dei

339 4721 521 4777 nostri
550 4723 800 4778 vicerunt
827 4724 1264 4795 ejusinsaniam;
1296 4737 1352 4781 et
1382 4725 1464 4780 ha:
1495 4726 1903 4789 cumNubiten-

342 4830 434 4871 ses
488 4825 673 4871 essent
725 4815 1098 4872 archidiaconi
1156 4815 1402 4871 llemesre
1451 4832 1515 4870 ac
1569 4817 1665 4870 lilii
1721 4817 1914 4883 Esaiae,

343 4907 579 4962 multum
633 4907 912 4972 cruciata,
965 4923 1092 4962 cum
1127 4922 1237 4962 non
1279 4907 1574 4962 cessissent
1623 4907 1916 4978 impietati,

344 5001 566 5057 millena
601 5003 804 5072 quippe
863 5000 1031 5072 ﬂagra
1081 5001 1414 5072 recipientes
1468 5010 1524 5056 et
1568 5001 1695 5057 aliis
1733 5002 1922 5058 multis

345 5094 682 5150 cruciatibus
710 5103 1010 5160 attentatm,
1043 5109 1302 5149 coronam
1361 5094 1608 5149 victoriae
1637 5111 1668 5149 a
1696 5095 1919 5150 Christo

347 5197 733 5258 perceperunt.
770 5187 1027 5243 Pervenit
1055 5198 1241 5242 autem
1272 5195 1328 5242 et
1363 5203 1536 5258 usque
1568 5189 1917 5253 Damascum,

351 5288 410 5336 et
452 5281 652 5336 multas
690 5279 952 5335 ecclesias
994 5278 1241 5334 desertas
1276 5279 1428 5345 fecit,
1480 5295 1591 5334 non
1625 5278 1920 5336 intendens

346 5371 479 5427 dato
495 5371 834 5428 Christianis
849 5373 917 5426 ab
935 5371 1211 5426 Arabibus
1229 5370 1421 5426 verbo.
1442 5369 1713 5426 Praeterea
1726 5381 1922 5427 octavo

350 5464 477 5519 idus
499 5462 829 5518 Februarias
868 5471 1086 5519 mortuo
1118 5462 1330 5528 Niceta,
1365 5463 1433 5517 de
1460 5478 1571 5533 quo
1600 5463 1921 5532 praedictum

353 5565 458 5625 est,
489 5557 1048 5627 Constantinopoleos
1076 5555 1357 5627 episcopo,
1410 5555 1653 5612 secunda
1685 5557 1926 5629 jejunio-

353 5666 476 5702 rum
499 5647 866 5715 bebdomada,
909 5648 995 5702 die
1018 5645 1325 5711 Dominico,
1351 5647 1554 5702 Paulus
1583 5647 1928 5705 honorabilis

352 5758 575 5812 genere,
629 5739 886 5812 Cyprius,
944 5739 1116 5795 verbo
1160 5756 1226 5794 ac
1272 5750 1396 5795 actu
1449 5754 1766 5805 coruscans,
1797 5752 1928 5812 post

352 5834 648 5902 plurimam
677 5843 899 5908 prepter
939 5831 1190 5892 haeresim
1225 5850 1332 5907 qua
1383 5832 1674 5894 tenebatur
1699 5850 1928 5893 excusa-

2016 4636 2177 4697 multi
2237 4633 2364 4702 alii;
2401 4649 2542 4706 quos
2595 4649 2766 4691 caesos
2805 4642 2863 4689 et
2902 4641 3089 4689 tensos
3116 4631 3173 4685 in
3211 4628 3445 4685 diversis
3462 4627 3598 4684 locis

2016 4726 2213 4782 exsilio
2238 4725 2521 4798 relegavit.
2556 4725 2728 4781 Porro
2758 4724 2863 4778 viri
2909 4721 2995 4780 sui
3019 4723 3218 4779 fratres
3254 4719 3498 4777 Caesares
3533 4733 3598 4778 ac

2017 4819 2391 4875 nobilissimos
2422 4830 2608 4874 tensos
2628 4817 2935 4874 sacerdotio
2959 4816 3110 4886 fungi
3139 4825 3196 4871 et
3219 4813 3424 4886 populo
3448 4827 3607 4868 com-.

2018 4912 2338 4968 munionem
2355 4912 2412 4967 in
2429 4909 2726 4967 festivitate
2752 4909 2957 4965 Christi
2987 4907 3292 4964 nativitatis
3315 4904 3596 4978 porrigere

2019 5003 2167 5069 fecit,
2200 5005 2256 5058 in
2283 5018 2391 5074 qua
2444 5003 2753 5073 procedens
2783 4999 3139 5072 imperatorio
3181 5014 3334 5055 more
3377 4996 3597 5070 publice

2020 5111 2144 5151 cum
2168 5110 2341 5166 puero
2380 5094 2570 5151 retulit
2604 5095 2850 5150 ecclesiae
2884 5103 3136 5159 stemma,
3171 5091 3319 5163 quod
3350 5091 3529 5147 fuerat
3565 5106 3613 5148 a.

2020 5192 2216 5244 marito
2239 5188 2535 5253 sublatum,
2561 5186 2930 5258 pulcherrime
2949 5184 3309 5242 fabrefactum
3323 5182 3596 5255 etpretio-

2021 5283 2099 5338 sis
2128 5281 2403 5353 lapidibus
2439 5285 2814 5352 venustatum.
2851 5277 3140 5334 Promovit
3175 5283 3359 5330 autem
3413 5265 3596 5343 Helpi4

2022 5373 2171 5428 dium
2203 5381 2490 5443 praetorem
2551 5371 2608 5426 in
2640 5370 2850 5436 Sicilia,
2880 5371 2975 5440 qui
3005 5378 3063 5424 et
3106 5376 3230 5424 ante
3262 5367 3375 5423 illic
3399 5376 3614 5436 praetor

2021 5467 2329 5522 exstiterat.
2346 5467 2517 5520 Porro
2544 5463 2760 5520 decimo
2780 5463 3014 5535 septimo
3043 5460 3410 5517 Kalendarum
3435 5456 3597 5512 Maia-

2025 5575 2150 5614 rum
2167 5565 2458 5614 accusatus
2479 5556 2624 5610 idem
2655 5553 2942 5624 Helpidius
2968 5553 3112 5623 quod
3137 5566 3264 5607 cum
3289 5549 3600 5606 Caesaribus

2026 5651 2274 5716 sentiret,
2312 5659 2369 5706 et
2401 5649 2570 5704 misso
2601 5647 2912 5716 Theophilo
2939 5643 3221 5716 spathario
3250 5640 3512 5714 praecepit
3539 5650 3600 5695 ut

2022 5744 2354 5815 compendio
2384 5750 2602 5815 raperet
2653 5749 2713 5795 et
2741 5739 2970 5794 duceret
3004 5751 3155 5796 eum.
3186 5734 3290 5803 Qui
3317 5749 3443 5791 cum
3469 5747 3598 5803 per-

2030 5838 2282 5899 rexisset,
2316 5841 2450 5894 non
2478 5834 2750 5893 dederunt
2791 5833 2944 5891 illum
2978 5830 3172 5891 Siculi.
3206 5827 3275 5887 At
3303 5827 3391 5885 illa
3438 5827 3601 5898 huius
