4070 6304
469 330 609 398 1395

1574 322 1971 387 ANASTASII
2001 319 2677 397 BIBLIOTHECARII'
2736 388 2739 389 ν
2812 384 2819 390 .

3605 307 3746 377 1336

464 459 695 515 uxorem
748 458 812 506 ac
869 440 1014 498 ﬁlios
1066 455 1238 497 caesos
1285 448 1343 495 et
1394 447 1581 493 tonsos
1636 433 1866 507 praetori
1898 433 2052 488 misit
2078 431 2423 499 Aexiissent
2471 428 2796 504 Stant-scius
2842 436 2899 497 et
2957 428 3155 489 Petrus
3205 424 3466 499 magister
3513 434 3572 485 et
3633 424 3746 480 An-

468 537 879 593 custodicndos.
912 534 1078 591 Junio
1110 544 1293 590 autem
1346 546 1535 588 mense
1563 519 1745 585 omnia
1785 528 2049 583 ulteriora

467 632 711 699 themata
766 630 1067 692 destinavit
1121 628 1189 684 ad
1247 628 1533 683 clausurus
1591 621 1941 679 custodiendi
1994 630 2052 676 et

438 724 797 795 _observandi
844 724 1052 785 exitum
1091 722 1354 792 Arabum,
1407 732 1728 791 proponens
1762 714 1846 770 eis
1883 723 2050 784 caput

461 814 735 872 Joannem
763 814 1133 879 sacellarium,
1164 810 1260 882 qui
1296 818 1416 865 erat
1453 806 1746 865 eunuchus
1771 815 1826 861 et
1855 805 2048 859 dome-

463 909 640 972 sticus
663 908 803 988 ejus.
852 906 924 973 At
950 922 1081 962 vero
1134 903 1277 959 Madi
1316 902 1466 960 misit
1495 900 1661 962 Cebir
1687 914 1812 955 cum
1843 899 2049 953 virtute

463 1004 659 1069 multa,
689 992 747 1064 et
773 1008 1075 1067 occurrunt
1124 999 1182 1054 in
1215 995 1805 1064 locnm'nuncupatum
1836 991 2047 1056 Milum,

466 1106 526 1166 et
558 1098 700 1161 inito
736 1094 884 1152 bello
912 1102 1247 1165 superantur
1270 1089 1503 1154 Arabes,
1529 1098 1586 1143 et
1617 1086 1951 1142 occiduntur
1981 1100 2050 1140 ex

464 1192 548 1248 eis
571 1189 753 1256 multi,
789 1198 845 1245 et
882 1188 960 1247 ita
982 1201 1109 1247 eum
1138 1181 1466 1241 confusione
1495 1180 1705 1241 reversi
1733 1187 1884 1235 sunt.
1924 1176 2051 1236 Coe-

461 1289 669 1358 perunt
686 1290 950 1355 praeterea
963 1277 1203 1358 piissimi
1222 1275 1505 1353 principes
1518 1272 1756 1336 ﬁduciali
1767 1282 1851 1327 ter
1863 1286 2046 1342 agere,

462 1388 521 1436 et
551 1377 780 1442 verbum
816 1372 1035 1443 Domini
1060 1370 1300 1435 dilatari,
1328 1376 1386 1436 et
1421 1366 1517 1443 qui
1546 1364 1806 1429 volebant
1820 1362 2045 1430 salvari,

464 1472 584 1535 sine
605 1467 983 1542 prohibitione
1009 1462 1218 1530 mundo
1244 1460 1655 1528 abrenuntiare.
1688 1468 1746 1524 et
1779 1459 2050 1531 gloriﬁca;

464 1561 544 1617 tio
601 1560 700 1625 Dei
760 1555 1014 1624 essitari,
1061 1569 1148 1619 ac.
1182 1553 1516 1629 monasteria
1571 1550 1833 1616 recreari,
1883 1561 2048 1622 atque

464 1669 627 1717 omne
651 1653 857 1715 bonum
890 1646 1253 1709 manifestari.

532 1745 650 1800 Hoc
680 1742 847 1798 etiam
881 1756 1028 1795 anno
1075 1739 1132 1802 in
1174 1738 1355 1820 longis
1397 1737 1627 1801 Thracae
1670 1738 1845 1795 muris
1882 1737 2049 1799 homo

2155 528 2343 584 tonius
2413 525 2797 593 domesticus,
2864 538 2977 589 non
3054 520 3391 581 studuerunt
3459 518 3747 577 subtiliter

2153 639 2338 695 agere,
2378 628 2441 687 ut
2476 621 2710 689 verbum
2758 627 2919 687 caute
2956 616 3303 687 susciperent
3343 622 3400 669 et
3455 612 3602 669 ﬁlios
3634 613 3749 683 pri-

2153 733 2409 782 morum,
2464 716 2562 772 sed
2609 708 2878 778 exeuntes
2933 709 3245 771 inconsulto
3290 705 3427 768 tenti
3489 714 3623 763 sunt
3677 705 3748 760 ab

2153 808 2266 864 illis
2321 817 2377 864 et
2428 805 2792 878 compedibus
2844 803 3014 859 vincti
3064 811 3214 869 sum,
3259 808 3317 858 et
3366 808 3572 859 coacta
3618 807 3753 856 sunt

2154 911 2401 975 utraeque
2451 913 2637 975 partes
2692 899 2763 967 ad
2816 898 3130 956 faciendum
3187 911 3400 969 pacem.
3453 894 3523 951 Et
3568 894 3747 962 dona-

2154 1005 2355 1052 verunt
2402 996 2662 1057 invicem,
2709 993 2956 1066 Augusta
2995 992 3210 1048 scilicet
3242 998 3298 1047 et
3338 993 3545 1055 Aaron,
3584 988 3746 1045 xenia

2154 1089 2363 1156 multa,
2417 1098 2579 1161 pacto
2626 1088 2842 1153 ﬁrmato
2892 1094 2953 1147 ut
2993 1101 3093 1158 per
3135 1085 3392 1157 singulos
3443 1098 3622 1140 annos
3666 1082 3750 1139 eis

2155 1197 2381 1239 censum
2438 1181 2731 1237 tribueret.
2794 1180 2864 1239 Et
2927 1178 3068 1236 facta
3142 1193 3279 1249 pace
3331 1176 3747 1237 discesserunt,

2153 1274 2499 1331 dimittentes
2540 1273 2708 1333 etiam
2748 1281 2804 1334 et
2851 1272 3131 1328 civitatem
3172 1271 3429 1327 Nacoliae.
3461 1269 3614 1325 Tulit
3650 1286 3748 1325 au-

2155 1377 2264 1425 tem
2317 1377 2374 1434 et
2429 1369 2683 1424 Atazates
2740 1382 2973 1423 uxorem
3028 1380 3183 1423 suam
3238 1374 3295 1419 et
3336 1378 3558 1420 omnem
3614 1363 3750 1419 sub-

2153 1459 2435 1517 stantiam.

2223 1557 2385 1621 Anno
2433 1554 2652 1626 imperii
2696 1555 2783 1612 sui
2834 1554 3021 1620 tertio,
3075 1567 3211 1624 pace
3268 1550 3409 1608 facta
3455 1565 3580 1607 cum
3610 1548 3751 1605 Ara-

2152 1651 2319 1707 bibus
2362 1658 2419 1707 et
2455 1651 2608 1707 aditu
2646 1656 2888 1720 reperto,
2919 1647 3155 1703 lleirene
3185 1644 3357 1701 mittit
3400 1645 3750 1701 Stauracium

2158 1744 2461 1819 patricium
2490 1751 2548 1806 et
2592 1743 2927 1815 logothetam
2965 1739 3141 1796 dromi
3170 1755 3296 1795 cum
3335 1739 3542 1794 virtute
3577 1736 3752 1792 multa

462 1837 693 1910 quidam
746 1832 965 1901 fodiens
1012 1831 1228 1900 invenit
1279 1817 1555 1904 lapideam
1631 1841 1848 1899 aream,
1889 1845 2055 1902 quam
2089 1815 2131 1873 Β
2164 1815 2360 1903 contra
2406 1836 2788 1901 Sclavinorum
2828 1844 3041 1908 gentes.
3100 1832 3204 1901 Qui
3255 1847 3383 1888 eum
3428 1830 3754 1887 descendis-

462 1946 589 1986 cum
635 1935 995 2004 expurgasset
1036 1933 1104 1993 et~
1133 1925 1453 1991 revelasset,
1498 1923 1709 1996 reperit
1753 1924 1934 1979 virum
1976 1923 2061 1995 ja-

463 2032 682 2080 centem
719 2030 776 2079 et
809 2021 1026 2089 litteras
1059 2018 1468 2090 conglutinatas
1510 2032 1676 2080 arcas,
1706 2016 2059 2080 continentes

463 2118 582 2174 hac
612 2135 627 2179 ;
659 2114 899 2185 Christus
936 2122 1184 2179 nascetur
1219 2128 1282 2166 ex
1316 2109 1497 2178 Maria
1536 2109 1782 2182 Virgine,
1816 2118 1867 2164 et
1905 2109 2061 2163 credo

462 2210 520 2263 in
549 2226 688 2265 eum.
714 2207 822 2264 Sub
853 2206 1207 2269 Constantino
1227 2220 1348 2266 vero
1380 2213 1429 2259 et
1459 2202 1684 2264 Heirene
1718 2203 2059 2275 imperatori-

462 2295 582 2361 bus,
610 2311 641 2350 ο
661 2293 763 2363 sol,
793 2295 986 2365 iterum
1020 2307 1103 2348 me
1130 2291 1347 2346 videbis.

424 2390 427 2393 λ
533 2394 694 2446 Anno
746 2388 965 2465 imperii
1011 2384 1362 2451 Constantini
1412 2391 1470 2447 et
1510 2382 1764 2451 Heireme
1812 2379 2060 2445 secundo

462 2486 671 2554 direxit
723 2485 960 2541 Heirene
1001 2482 1287 2548 Costahim
1357 2480 1706 2544 sacellarium
1752 2485 1809 2539 et
1850 2476 2057 2539 Mama-

463 2580 579 2635 luln
624 2578 1008 2648 primicerium
1049 2575 1119 2631 ad
1157 2574 1418 2638 Carolum
1454 2588 1639 2649 regem
1688 2571 2055 2637 Francorum,

464 2686 577 2745 quo
617 2670 785 2737 ﬁliam
834 2686 987 2726 suam
1028 2668 1227 2740 nuptui
1274 2652 1531 2738 traderet,
1560 2663 1879 2737 imperatori
1907 2662 2057 2720 Con-

464 2763 709 2825 stantino
752 2762 865 2818 ﬁlio
901 2778 1024 2818 suo.
1058 2760 1127 2814 Et
1169 2760 1315 2816 facto
1352 2759 1556 2830 placito
1595 2772 1661 2812 ac
1691 2756 2055 2833 jurejurando

465 2855 612 2910 inter
652 2864 953 2924 utrosque,
1015 2852 1364 2923 reliquerunt
1412 2850 1672 2906 Elisaeum
1704 2834 2050 2913 eunuchum

464 2955 631 3018 atque
665 2947 940 3001 notarium
971 2944 1038 3000 ad
1064 2940 1371 3001 docendam
1415 2942 1565 3002 illam
1603 2941 1918 3007 Graecorum
1957 2942 2047 2997 lit-

467 3046 615 3107 teras
644 3038 811 3094 simul
847 3046 905 3093 et
933 3037 1210 3113 linguam;
1247 3035 1344 3092 sed
1385 3044 1444 3092 et
1478 3044 1540 3091 ut
1568 3034 1818 3091 erudiret
1844 3050 1965 3100 eam
1998 3042 2054 3090 et

465 3130 770 3195 secundum
808 3145 990 3191 mores
1021 3112 1394 3187 Romanorum
1423 3128 1663 3201 imperii.
1702 3127 2050 3197 Constructis

464 3233 650 3284 autem
685 3222 955 3292 classibus
990 3222 1324 3293 numerosis,
1355 3231 1423 3293 et
1455 3222 1649 3293 electis
1678 3238 1748 3285 ex
1792 3222 2057 3287 themati-

464 3317 574 3381 hus
609 3317 830 3389 populis
869 3331 934 3373 ac
972 3316 1356 3393 principibus,
1400 3317 1495 3388 qui
1539 3311 1885 3383 snﬁieerent,
1924 3330 2058 3386 pro-

466 3408 641 3465 movit
671 3408 1023 3471 Theodorum
1057 3408 1351 3485 patricium
1382 3409 1723 3478 eunuchum,
1758 3408 1939 3475 virum
1971 3409 2059 3472 in-

468 3501 773 3575 dustrium,
792 3510 849 3558 et
868 3501 1073 3569 direxit
1095 3501 1150 3557 in
1173 3501 1415 3569 Siciliam
1434 3502 1701 3569 adversus
1716 3502 2055 3574 Helpidium.

465 3592 713 3667 Cumque
767 3596 940 3658 multa
1004 3597 1203 3667 ﬁerent
1273 3597 1453 3663 bella,
1517 3598 1774 3660 vicerunt
1842 3597 1899 3653 ιιι
1957 3597 2054 3667 qui

463 3686 612 3753 circa
670 3686 1026 3743 Theodorum
1078 3696 1258 3746 erant.
1302 3688 1424 3757 Quo
1480 3690 1599 3749 viso
1639 3690 1925 3773 Helpidius
1982 3689 2055 3752 ti-.-

464 3779 635 3848 muit,
691 3788 750 3835 et
782 3780 1020 3851 sumptis
1048 3792 1322 3853 quotquot
1366 3774 1608 3849 habebat
1647 3785 1900 3868 pecuniis
1925 3802 2050 3852 cum

461 3867 778 3946 Nicephoro
802 3876 1159 3940 transmeavil
1192 3875 1247 3939 in.
1266 3876 1526 3944 Africam,
1544 3886 1600 3942 et
1628 3867 1854 3955 accepto
1880 3881 2052 3937 verbo

463 3965 777 4027 sessuritatis
802 3967 871 4022 ad
900 3966 1116 4033 Arabes
1136 3969 1388 4039 conﬂuit;
1422 3988 1589 4044 quem
1618 3974 1699 4037 illi
1734 3959 2058 4047 susceptum

374 4081 388 4089 -
468 4056 530 4112 iit
593 4058 971 4125 Romanorum
1027 4062 1417 4138 imperatorem
1474 4065 1829 4133 retinebant,
1889 4083 2052 4132 coras

468 4150 670 4218 nantes
724 4167 852 4217 eum
926 4154 1233 4227 incassum,
1300 4168 1357 4225 et
1414 4160 1595 4223 ocreis
1648 4170 1706 4222 et
1762 4170 2053 4229 stemmate

465 4233 782 4302 inridentes.
832 4244 971 4314 Cum
1024 4258 1211 4305 autem
1264 4250 1640 4313 Romanorum
1699 4252 1758 4313 in
1813 4254 1899 4310 his
1947 4271 2046 4335 po.

463 4336 632 4409 pulus
681 4348 930 4409 vacaret,
979 4342 1263 4414 egreditur
1309 4344 1453 4402 Madi
1508 4343 1653 4406 ﬁlius
1690 4347 1874 4404 Aaron
1921 4363 2048 4418 cum
2088 4368 2091 4369 ν

462 4437 754 4500 potentatu
796 4441 854 4487 et
903 4442 1171 4507 apparatu
1217 4436 1419 4501 nimio,
1460 4446 1569 4495 tam
1615 4438 2049 4511 Maurophorum

2077 3179 2122 3242 C

2166 1939 2254 1999 set
2305 1929 2363 1995 in
2420 1928 2758 1995 Thessaliam
2807 1936 2865 1984 et
2914 1926 3212 1991 Graeciam,
3271 1923 3509 1995 subjecit
3560 1936 3753 1979 omnes

2164 2035 2221 2089 et
2274 2024 2601 2083 tributarios
2644 2023 2779 2085 fecit
2836 2021 3095 2093 imperio.
3148 2020 3401 2076 Introivit
3456 2026 3641 2073 autem
3696 2024 3754 2072 et

2164 2118 2221 2175 in
2252 2117 2717 2188 Peloponnesum,
2755 2122 2811 2175 at
2852 2112 3083 2173 multam
3120 2111 3499 2183 captivitatem.
3533 2118 3591 2165 et
3618 2124 3753 2165 exu-

2162 2210 2281 2268 vias
2312 2211 2564 2266 Romano
2597 2208 2832 2280 imperio
2857 2207 3063 2265 attulit.

2230 2302 2394 2359 Anno
2447 2301 2669 2372 imperii
2724 2298 3075 2358 Constantini
3135 2313 3202 2355 ac
3256 2296 3513 2353 Heirena‘.
3553 2304 3753 2367 quarto

2160 2396 2330 2453 rediit
2374 2394 2733 2461 Stauracius,
2783 2393 2853 2450 de
2903 2408 3016 2465 quo
3078 2407 3245 2463 supra
3272 2392 3482 2447 dictum
3540 2398 3663 2455 est,
3716 2404 3753 2457 e

2161 2488 2393 2555 Sclavis,
2444 2494 2501 2553 et
2536 2487 2819 2559 triumpho
2857 2485 3233 2549 manifestavit
3259 2484 3502 2556 trophma
3530 2484 3587 2539 in
3622 2477 3756 2557 mp.

2159 2582 2473 2654 podromio.
2528 2581 2719 2647 Mense
2766 2589 2950 2637 autem
3008 2579 3149 2636 Maio
3204 2579 3452 2650 ejusdem
3505 2577 3754 2649 septimae

2160 2675 2492 2743 indictionis
2544 2674 2717 2731 exivit
2774 2673 3095 2746 imperatrix
3155 2671 3395 2730 Heirene
3455 2686 3565 2728 una
3627 2683 3750 2726 cum

2163 2769 2282 2834 lilio
2344 2783 2446 2834 suo
2495 2776 2553 2830 at
2609 2767 2817 2827 virtute
2874 2767 3097 2838 copiosa
3166 2765 3224 2821 in
3276 2765 3583 2830 Thracem,
3640 2763 3753 2818 cir-

2158 2860 2479 2928 cumferens
2523 2876 2729 2932 organa
2776 2871 2832 2922 et
2874 2871 3073 2921 cetera
3128 2873 3331 2931 genera
3386 2857 3752 2916 musicorum.

2156 2965 2215 3013 et
2256 2954 2357 3021 ivit
2393 2969 2570 3027 usque
2614 2955 2894 3021 Beroeam,
2924 2966 2983 3010 et
3031 2953 3175 3011 hanc
3220 2951 3483 3009 aediﬁcari
3549 2950 3752 3023 jubens

2157 3047 2466 3116 nominavit
2498 3047 2935 3119 Ileirenopolim.
2975 3047 3138 3104 Venit
3165 3054 3352 3101 autem
3384 3050 3441 3099 et
3471 3057 3649 3113 usque
3683 3040 3750 3097 ad

2157 3142 2584 3214 PhilippOpolim
2622 3158 2748 3200 cum
2796 3142 2944 3201 omni
2977 3141 3383 3210 securitate,et
3418 3139 3604 3207 rediit,
3624 3154 3751 3195 cum

2163 3234 2572 3301 construxisset
2596 3234 2763 3296 etiam
2792 3235 3144 3293 Anchialum.

2234 3328 2439 3389 Eodem
2495 3345 2721 3401 quoque
2771 3344 2920 3387 anxio
2973 3338 3029 3386 et
3095 3325 3342 3384 Arabum
3399 3324 3514 3381 dux
3571 3320 3746 3392 Madi,

2160 3423 2255 3492 qui
2304 3432 2360 3477 et
2410 3422 2684 3489 Maumed,
2732 3431 2984 3480 mortuus
3020 3431 3137 3485 est,
3190 3428 3248 3476 et
3293 3414 3761 3475 obtinuitMoses

2160 3511 2310 3573 ﬁlius
2356 3514 2498 3585 eius.
2546 3514 2718 3577 Petro
2748 3513 2929 3586 pridie
2970 3512 3342 3570 Kalendarum
3382 3509 3759 3581 Septembria-

2158 3622 2282 3673 rum
2318 3607 2566 3679 ejusdem
2610 3608 2858 3678 septimae
2887 3604 3212 3664 indietionis
3246 3603 3449 3661 Paulus
3481 3600 3757 3659 almiﬁcus

2157 3707 2216 3757 et
2273 3698 2660 3764 sanctissimus
2734 3699 3049 3770 patriarcha
3108 3695 3422 3754 inﬁrmatus
3485 3694 3751 3751 thronum

2159 3790 2388 3863 reliquit
2455 3800 2514 3855 et
2585 3790 2930 3853 descendens
2998 3789 3067 3845 ad
3132 3787 3535 3845 monasterium
3600 3786 3754 3844 Flori

2159 3885 2547 3949 monachicum
2579 3884 2824 3955 suscepit
2871 3882 3143 3945 habitum,
3171 3880 3405 3952 imperio
3443 3877 3754 3951 ignorante.

2155 3981 2294 4041 Cum
2340 3989 2525 4043 autem
2574 3980 2683 4038 hoc
2736 3978 3025 4043 didicisset
3071 3974 3423 4045 imperatrlx,
3469 3971 3627 4028 venit
3685 3968 3753 4025 ad

2155 4090 2281 4137 eum
2322 4089 2447 4141 cum
2482 4072 2597 4135 lilio
2633 4071 2810 4129 tristis
2844 4079 2901 4126 et
2947 4070 3214 4134 clamans,
3247 4065 3379 4133 Cur,
3416 4063 3619 4135 inquit,
3659 4062 3755 4117 hoc

2155 4168 2462 4238 fecisti?At
2518 4167 2611 4224 ille
2667 4179 2792 4222 cum
2833 4161 3091 4220 lamentis
3122 4160 3315 4216 multis
3368 4159 3447 4215 alt
3474 4156 3544 4212 ad
3592 4172 3749 4212 eam:

2159 4260 2375 4318 Utinam
2411 4277 2505 4317 nec
2536 4275 2776 4332 unquam
2814 4258 3068 4323 sedissem
3108 4257 3165 4312 in
3210 4255 3495 4311 sacerdotii
3539 4254 3752 4318 throno,

2156 4352 2395 4419 Ecclesia
2448 4353 2545 4409 Dei
2592 4352 2934 4425 tyrannidem
2982 4352 3247 4425 patiente,
3293 4348 3591 4422 praesertim
3633 4363 3751 4403 cum

2156 4450 2321 4504 scissa
2352 4450 2422 4509 sit
2450 4467 2484 4508 α
2521 4446 2741 4520 reliquis
2771 4446 3159 4502 universalibus
3190 4445 3400 4500 sedibus
3439 4451 3490 4499 et
3531 4444 3756 4498 anathe-

463 4517 627 4591 quam
682 4521 857 4578 totius
917 4520 1091 4596 Syriae
1154 4537 1211 4582 et
1273 4525 1678 4598 MesopOtamiae
1737 4539 1905 4602 atque
1950 4532 2051 4588 de-

2162 4544 2460 4602 matizata.‘
2502 4517 2645 4610 Quae-
2672 4542 2903 4598 demum
2950 4540 3153 4597 ascitos
3185 4538 3451 4611 patricios
3497 4546 3554 4593 et
3593 4551 3755 4593 sena-

464 4613 620 4679 sertl,
665 4623 723 4674 et
766 4617 921 4672 venit
961 4615 1367 4690 Chrysopolim,
1414 4621 1685 4683 derelicto
1728 4623 1955 4683 Bunuso
1983 4627 2053 4682 ad

465 4708 835 4769 obsidendum
866 4710 1149 4773 Nacoliam
1178 4721 1236 4774 et
1271 4713 1698 4775 custodiendum
1730 4717 1893 4781 dorsa
1930 4734 2051 4775 sua.

461 4800 612 4857 Misit
665 4812 850 4859 autem
900 4811 957 4859 et
1000 4803 1279 4862 Burniche
1324 4806 1405 4874 in.
1428 4808 1613 4866 Asiam
1652 4825 1782 4879 cum
1824 4810 1897 4867 50
1929 4812 2055 4870 mil-

399 4938 403 4943 λ
458 4894 641 4964 libus;
679 4896 775 4968 qui
809 4912 937 4952 cum
972 4896 1306 4961 debellasset
1337 4900 1899 4963 Lachanodraconem
1927 4919 2052 4961 cum

461 4987 711 5047 themate
774 4990 1204 5059 Thracesiorum
1280 4993 1340 5049 in
1408 4994 1535 5052 loco
1614 4995 1821 5059 Darino
1872 4997 2076 5063 dicto,

464 5097 590 5135 cum
640 5090 697 5138 et
746 5083 850 5153 ipsi
895 5084 1121 5157 triginta
1174 5085 1349 5146 millia
1391 5096 1603 5155 essent,
1646 5090 1894 5163 quinque
1926 5093 2053 5148 mil-

462 5175 537 5230 lia
597 5174 897 5243 interfecit.
949 5179 1049 5235 Ast
1099 5179 1423 5251 imperatrix
1461 5180 1630 5243 misso
1670 5183 1914 5241 Antonio
1952 5176 2068 5242 do-'

467 5264 715 5338 mestieo'
762 5285 888 5331 cum
945 5271 1239 5333 ordinibus
1292 5272 1535 5335 obtinuit
1592 5276 1779 5345 Barin,
1820 5287 1878 5334 et
1918 5294 2056 5335 con-

467 5360 755 5427 Cluserunt
798 5378 914 5423 eos.
975 5364 1236 5437 Confugit
1286 5375 1470 5424 autem
1527 5368 1595 5425 ad
1646 5385 1742 5428 eos
1799 5371 2064 5435 Tazatius

462 5449 900 5519 Bucellariorum
960 5466 1192 5528 praetor,
1250 5459 1380 5522 odio
1437 5461 1587 5533 quod
1647 5471 1841 5520 contra
1897 5465 2058 5523 Stan-

464 5545 676 5605 raeium
732 5547 972 5616 habebat
1015 5551 1310 5620 patricium
1362 5562 1420 5608 et
1474 5554 1813 5626 logothetam
1851 5560 2063 5629 dromi,

460 5639 785 5702 eunuchum
842 5641 1133 5709 omnibus,
1192 5643 1287 5722 qui
1342 5653 1475 5703 tunc
1523 5647 1861 5714 videbantur
1911 5666 2055 5719 esse,

462 5731 879 5812 przeminentem
921 5740 979 5793 et
1023 5733 1210 5793 omnia
1257 5722 1662 5808 disponentem.
1704 5740 1774 5796 Et
1811 5742 1941 5799 dato
1977 5745 2066 5802 eis

461 5822 695 5881 consilio
735 5840 927 5897 pacem
971 5828 1412 5898 postulaverunt.
1455 5830 1590 5888 Cum
1630 5842 1813 5892 autem
1850 5838 1918 5894 ad
1958 5840 2062 5897 hoc

2158 4648 2248 4695 tus
2292 4638 2566 4708 primores
2608 4637 2761 4693 misit
2811 4636 2878 4691 ad
2924 4650 3053 4691 eum
3109 4632 3305 4690 audire
3343 4648 3467 4703 qua:
3512 4630 3584 4687 ab
3638 4630 3754 4700 ipso

2156 4730 2523 4797 dicebantur;
2563 4729 2658 4801 qui
2691 4728 2836 4789 dixit
2873 4727 2941 4783 ad
2994 4726 3117 4782 illos
3150 4743 3165 4783 :
3210 4725 3328 4782 Nisi
3361 4724 3592 4797 synodus
3632 4723 3753 4777 uni-

2156 4821 2379 4882 uersalis
2417 4820 2537 4889 ﬁat,
2588 4828 2640 4876 et
2677 4837 2829 4874 error
2864 4820 2956 4890 qui
2990 4826 3066 4873 est
3096 4818 3153 4873 in
3184 4816 3356 4872 medio
3393 4813 3553 4870 uestri
3589 4812 3743 4867 corri-

2156 4922 2338 4985 gatur,
2370 4912 2602 4969 salutem
2636 4908 2742 4967 non
2784 4910 3068 4967 habebitis:
3112 4908 3182 4964 At
3230 4907 3309 4963 illi
3354 4905 3617 4962 dixerunt
3653 4905 3705 4960 ei
3736 4916 3748 4951 ε

2161 5006 2231 5061 Et
2271 5022 2438 5077 quare
2476 5005 2862 5076 subscripsisti,
2920 5021 3041 5059 eum
3088 5003 3502 5067 consecrareris,
3555 5016 3659 5053 non
3711 5009 3756 5053 te

2160 5108 2595 5155 consecraturum
2634 5098 2883 5163 icanam?
2917 5098 3008 5153 Ait
3043 5107 3268 5152 autem:
3320 5095 3525 5151 Etenim
3560 5094 3754 5148 idcirco

2162 5191 2408 5269 lamentis
2449 5190 2658 5264 afﬁcior
2696 5203 2746 5246 et
2777 5190 2987 5244 cucurri
3028 5190 3098 5244 ad
3143 5189 3527 5260 paenitentiam,
3566 5186 3753 5257 depre-

2162 5294 2377 5345 caturus
2420 5284 2612 5349 Deum,
2660 5300 2724 5340 ne
2761 5284 2897 5338 sicut
2942 5282 3267 5337 sacerdotem
3304 5296 3387 5333 me
3417 5279 3635 5336 cruciet.
3666 5278 3756 5348 qui

2163 5376 2419 5431 tacuerim
2470 5390 2639 5447 usque
2686 5389 2826 5429 nunc
2869 5380 2919 5427 et
2958 5388 3069 5445 pra:
3119 5372 3307 5426 timore
3351 5370 3548 5439 furoris
3591 5374 3755 5428 vestri

2164 5485 2266 5523 non
2313 5468 2712 5539 pradicauerim
2754 5468 3051 5521 veritatem.
3076 5464 3145 5520 Et
3189 5463 3248 5521 in
3287 5463 3377 5519 bis
3413 5460 3753 5518 obdormivit

2165 5562 2223 5616 in
2274 5577 2441 5632 pace,
2493 5560 2764 5615 derelicto
2815 5558 3060 5613 lamento
3116 5557 3291 5611 multo
3350 5567 3459 5613 tam
3516 5555 3750 5627 imperio

2164 5672 2328 5725 (illam
2369 5655 2564 5725 piis.et
2595 5654 2869 5725 religiosis
2899 5653 2975 5707 rei
3007 5652 3239 5723 publica:
3270 5651 3403 5706 viris
3432 5669 3447 5703 :
3484 5651 3750 5707 colendus

2165 5749 2314 5811 enim
2353 5748 2447 5803 vir
2474 5757 2616 5815 erat,
2651 5756 2708 5804 et
2737 5763 2902 5817 supra
2938 5761 3254 5801 mensuram
3294 5745 3645 5810 misericors,
3685 5759 3749 5802 ac

2137 5842 2318 5903 omni
2380 5842 2688 5898 reverentia
2748 5840 2966 5913 dignus,
3039 5837 3380 5910 multamque
3432 5836 3595 5893 fidem
3648 5838 3744 5892 ha-
