4070 6304
314 361 333 427 1
345 363 450 430 391

1123 365 1489 428 HISTORIA
1521 361 2096 444 ECCLESIASTIGA
2131 366 2233 432 ex
2269 321 2752 436 reserasse.

3439 368 3590 436 1⁸3ὒὸ

309 477 476 533 beba‘t
529 483 636 532 tam
686 491 775 533 res
822 475 1038 549 publica
1090 495 1254 550 quam
1312 479 1607 552 imperium
1656 496 1786 556 erga
1831 479 1902 534 il-
1931 483 1974 540 Α
2002 488 2175 535 strum
2223 480 2455 552 fundeta
2495 490 2592 546 est,
2639 483 2862 539 scissam
2889 495 3033 537 nunc
3063 491 3111 537 et
3135 482 3380 546 diuisam,
3408 491 3460 537 et
3489 499 3584 536 nos

306 566 450 625 lum.
501 571 583 626 Ex
641 578 774 627 tunc
825 588 956 643 ergo
1001 573 1169 644 coepit
1211 573 1321 628 diei
1375 582 1433 629 et
1477 572 1748 646 disputari
1800 588 1897 633 su-

309 678 413 733 per
469 663 675 720 sanctis
722 663 1060 736 imaginibus
1113 680 1298 721 sermo
1349 665 1420 721 ab
1461 664 1898 723 omnibus-cum

310 755 533 812 ﬁducia.

384 851 545 907 Anno
582 851 802 923 imperii
829 851 1070 907 Heirene
1115 866 1241 907 cum
1277 852 1394 907 lilio
1428 850 1896 923 quintO‘Arabum

314 947 428 1002 dux
462 948 639 1004 Moses
675 948 1026 1020 provehitur,
1075 948 1171 1019 qui
1224 964 1336 1006 uno
1361 947 1444 1008 eis
1478 947 1698 1019 praefuit
1727 963 1896 1009 anno.

313 1040 966 1113 Constantinopolitanus
987 1036 1118 1097 vero
1161 1041 1424 1102 Tarasius
1479 1040 1717 1098 habetur
1750 1042 1898 1110 anti-

313 1143 449 1189 stes.
486 1133 601 1189 Hoc
628 1147 848 1205 quoque
871 1149 1018 1188 anno
1042 1134 1274 1190 collecto
1305 1134 1625 1207 imperatrix
1662 1134 1898 1193 Heirene

311 1226 463 1284 omni
521 1227 732 1302 populo
787 1227 935 1300 apud
989 1225 1344 1299 Magnauram
1411 1229 1552 1286 dixit
1606 1230 1674 1287 ad
1732 1245 1828 1286 eos
1880 1245 1894 1282 :

311 1318 487 1387 Scitis,
520 1321 735 1391 fratres,
763 1321 892 1393 quid
920 1322 1096 1393 fecerit
1125 1321 1328 1377 Paulus
1379 1323 1724 1394 patriarcha;
1746 1330 1798 1377 et
1820 1321 1898 1385 si-

314 1413 526 1484 quidem
552 1414 786 1480 vixisset,
815 1431 920 1469 non
951 1418 1133 1482 utique
1158 1423 1464 1487 pateremur
1483 1415 1619 1471 hunc
1633 1415 1900 1480 dimittere

312 1511 600 1566 sacerdotii
650 1513 923 1576 thronum,
988 1509 1108 1574 licet
1156 1513 1507 1574 monasticum
1549 1511 1788 1567 habitum
1815 1512 1899 1568 in-

315 1602 536 1658 duisset.
571 1600 710 1669 Quia
736 1618 882 1674 vero,
913 1603 1068 1658 sicuti
1084 1602 1195 1664 Deo
1223 1603 1447 1677 placuit,
1470 1603 1534 1658 de
1560 1604 1668 1659 uita
1694 1603 1900 1676 migra-

314 1698 411 1762 vit,
445 1697 814 1769 provideamus
836 1698 1122 1766 hominem,
1157 1697 1250 1769 qui
1278 1699 1440 1770 possit
1466 1714 1685 1774 pascere
1711 1715 1806 1756 nos
1848 1707 1899 1754 et

315 1785 613 1853 Ecclesium
627 1787 721 1842 Dei
737 1788 1070 1852 didascalicis
1099 1804 1413 1851 conservare
1428 1788 1774 1849 sermonibus.
1791 1789 1898 1860 Qui

1997 572 2115 630 alia
2147 581 2306 646 atque
2334 571 2494 636 aliter
2520 574 2819 646 loquentes.
2843 583 2896 631 et
2942 574 3103 630 aliter
3132 591 3222 630 eos
3255 573 3585 630 Christianos

2002 669 2092 738 qui
2123 668 2178 722 in
2199 665 2421 730 Oriente
2447 669 2609 729 unius
2649 668 2918 728 nobiscum
2939 669 3080 738 ﬁdei
3110 679 3234 724 sunt
3259 687 3278 736 ;
3308 668 3402 723 sed
3423 677 3474 723 et
3503 669 3586 723 his

1969 785 1972 788 -
1999 762 2378 821 concordant“
2409 760 2791 828 Occidentales,
2826 779 2922 818 nos
2961 762 3026 819 ab
3047 762 3291 817 omnibus
3316 760 3424 816 illis
3450 759 3588 816 alie-

2001 863 2152 907 natos
2176 862 2226 907 et
2253 872 2285 912 a
2310 870 2366 910 se
2399 869 2494 925 per
2519 854 2758 926 singulos
2779 857 2889 910 dies
2916 856 3423 912 anathematizatos.
3455 853 3587 910 Dira

1999 964 2151 1020 paena
2179 956 2257 1001 est
2287 949 2572 1011 anathema
2601 966 2618 1006 :
2650 949 2833 1022 procul
2861 967 2896 1005 a
2929 949 3040 1005 Deo
3065 951 3277 1015 emittit,
3306 959 3404 1004 eta
3427 964 3589 1021 regno

2001 1039 2254 1095 caelorum
2284 1041 2519 1113 expellit,
2560 1043 2753 1098 ducens
2791 1045 2846 1098 in
2869 1044 3112 1098 tenebras
3145 1043 3453 1098 exteriora.
3484 1041 3592 1096 Ne-

1997 1136 2094 1189 scit
2119 1133 2366 1193 Ecclesia:
2397 1136 2480 1195 lex
2507 1137 2591 1196 vel
2637 1141 2894 1193 terminus
2935 1150 3135 1195 sectam
3162 1142 3270 1195 sive
3294 1141 3588 1195 contentio-

2002 1245 2140 1298 nem,
2196 1230 2288 1285 sed
2321 1231 2456 1291 sicut
2507 1232 2650 1285 nouit
2684 1231 2926 1297 conﬁteri
2970 1248 3133 1288 unum
3190 1231 3376 1296 Deum,
3425 1248 3593 1287 unum

1999 1321 2287 1393 baptisma,
2318 1340 2482 1381 unam
2515 1323 2698 1394 ﬁdem,
2741 1327 2818 1380 ita
2851 1332 2902 1378 et
2951 1324 3290 1385 concordiam
3333 1341 3496 1379 unam
3535 1326 3591 1378 in
3664 1352 3667 1356 ~

2000 1414 2145 1470 omni
2197 1414 2548 1471 ecclesiastico
2591 1417 2819 1488 negotio.
2875 1415 3025 1472 Nihil
3071 1416 3213 1471 enim
3251 1425 3328 1470 est
3359 1417 3418 1470 in
3462 1431 3591 1470 con-

1999 1517 2179 1580 spectu
2235 1507 2334 1564 Dei
2365 1519 2476 1565 tam
2519 1518 2796 1582 acceptum
2853 1518 3011 1580 atque
3041 1508 3303 1579 placabile
3327 1525 3489 1580 quam
3529 1516 3590 1562 ut

2000 1618 2166 1656 unum
2189 1601 2348 1657 simul
2369 1611 2415 1656 et
2439 1620 2547 1658 una
2566 1603 2820 1674 eﬂiciatur
2842 1601 3102 1657 catholica
3133 1588 3596 1673 Ecclesia,quem°-

2002 1694 2290 1750 admodum
2316 1697 2372 1751 in
2423 1697 2642 1752 sincerae
2692 1704 2888 1756 nostra:
2938 1695 3067 1766 ﬁdei
3113 1692 3347 1767 symbolo
3369 1693 3592 1764 conﬁte-

2003 1803 2144 1843 mur.
2171 1787 2242 1844 Et
2274 1789 2500 1860 petimus
2534 1805 2651 1855 nos,
2690 1789 2908 1859 fratres,
2947 1795 3008 1842 ut
3057 1803 3199 1849 reor.
3230 1794 3281 1841 et
3307 1803 3424 1853 nos,
3457 1803 3593 1862 quo-

316 1881 655 1942 unanimiter
698 1897 892 1938 omnes
942 1880 1207 1942 dixerunt
1255 1896 1366 1943 non
1418 1881 1541 1945 [ore
1579 1881 1748 1938 albam
1790 1883 1895 1939 nisi
1927 1870 1975 1931 Β
2005 1881 2149 1936 niam
2175 1883 2281 1936 scio
2309 1883 2553 1936 timorem
2576 1897 2666 1937 vos
2691 1879 2791 1937 Dei
2811 1881 3026 1948 habere,
3061 1898 3097 1935 a
3132 1877 3384 1954 piissimis
3409 1887 3458 1935 et
3504 1896 3596 1947 or-

316 1972 608 2030 Tarasium
652 1988 684 2029 a
720 1973 972 2033 secretis.
1006 1974 1076 2039 At
1119 1973 1259 2033 illa;
1308 1972 1378 2033 Et
1436 1991 1551 2042 nos,
1593 1974 1692 2039 ait,
1745 1974 1904 2030 illum

317 2063 584 2138 eligimus.
643 2063 746 2123 Sed
790 2062 1029 2130 resultet,
1055 2074 1105 2118 et
1144 2064 1285 2128 dicat
1310 2080 1406 2139 pro
1455 2082 1560 2147 qua
1586 2083 1751 2123 causa
1801 2084 1906 2123 non

317 2154 878 2230 suscipitelectionem
928 2158 1140 2228 imperii
1191 2164 1242 2210 et
1274 2159 1435 2219 totius
1492 2157 1676 2229 plebis,
1711 2163 1782 2215 At
1815 2161 1906 2216 ille

319 2251 609 2322 respondit
630 2249 839 2332 papula
858 2249 1088 2319 dicens;
1145 2250 1518 2311 Immaculata
1543 2251 1671 2327 ﬁdei
1711 2261 1907 2308 nostra:

321 2342 754 2404 Christianorum
786 2341 1047 2419 custodes,
1084 2351 1135 2406 et
1173 2359 1358 2405 eorum
1409 2362 1529 2416 qute
1577 2347 1634 2405 in
1675 2346 1908 2424 gloriam

268 2507 275 2510 _
319 2436 422 2494 Del
446 2445 566 2493 sunt
586 2425 925 2498 aemulatores
952 2436 1159 2510 ﬁdeles,
1189 2439 1537 2508 imperatores
1570 2443 1758 2508 nostri,
1782 2454 1907 2503 tan-

323 2547 488 2604 quam
517 2533 753 2592 omnium
781 2532 837 2585 in
859 2530 1248 2602 beneplacitum
1267 2516 1391 2599 ejus
1409 2541 1462 2592 et
1490 2534 1546 2588 in
1573 2537 1908 2596 commodum

325 2605 571 2678 nostrum
598 2639 785 2692 curam
806 2622 1082 2694 iacientes,
1107 2631 1158 2686 et
1213 2625 1447 2686 maxime
1477 2640 1618 2683 nunc
1659 2625 1910 2685 ecclesia-

325 2717 461 2772 stica
486 2716 696 2787 negotia
726 2714 1008 2786 diligenter
1029 2722 1077 2767 et
1103 2712 1324 2769 sollicite
1366 2714 1781 2785 considerantes,
1807 2733 1909 2789 quo

325 2825 565 2868 summus
587 2807 833 2863 sacerdos
862 2809 916 2877 in
937 2807 1036 2863 hac
1075 2806 1221 2880 regia
1254 2806 1382 2864 urbe
1405 2824 1509 2868 sua
1541 2810 1908 2878 constituerer,

327 2904 393 2960 in
440 2919 553 2959 tua:
594 2903 806 2975 pietatis
845 2916 927 2956 me
973 2902 1213 2967 animum
1274 2912 1694 2976 assumpta-unt,
1755 2913 1806 2970 et
1853 2914 1909 2962 ut

330 2995 613 3066 manifeste
632 2993 760 3048 mihi
790 2993 1054 3056 diceretur
1078 2991 1514 3069 quodqconsiliati
1552 3002 1681 3054 sunt
1711 3011 1910 3071 prece.

329 3095 546 3166 perunt.
571 3084 808 3162 Cumque
829 3087 900 3147 ad
928 3087 1025 3142 hoc
1065 3101 1150 3141 me
1197 3086 1474 3160 indignum
1515 3103 1626 3151 esse
1668 3105 1912 3166 pronun-

328 3165 526 3241 tiarem
575 3188 627 3235 et
681 3180 890 3242 nullum
917 3197 1229 3245 consensum
1271 3181 1547 3254 emcerem.
1575 3192 1756 3261 utpote
1817 3187 1912 3258 qui

320 3275 518 3349 jugum
543 3274 702 3350 hujus
732 3277 960 3331 sarcinae
987 3283 1202 3347 portare
1222 3275 1305 3340 uel
1329 3278 1551 3353 suﬁ'erre
1565 3295 1670 3335 non
1685 3296 1910 3351 possem,

324 3367 600 3439 jusserunt
652 3385 736 3424 me
775 3369 968 3424 adduci
1012 3379 1136 3424 ante
1183 3368 1378 3444 faciem
1430 3381 1684 3442 vestram,
1717 3389 1820 3444 pro
1850 3391 1913 3429 eo

334 3461 476 3535 quod
501 3461 659 3534 hujus
683 3461 890 3519 consilii
919 3463 1195 3524 unanimes
1231 3471 1282 3526 et
1305 3463 1731 3534 comprobatares
1747 3466 1910 3537 eﬁ‘ecti

336 3557 473 3612 sitis.
520 3556 591 3612 Et
626 3573 783 3622 nunc,
836 3574 865 3611 o
908 3557 1030 3623 viri,
1075 3557 1166 3626 qui
1211 3555 1382 3620 Deum
1417 3558 1610 3617 timetis
1639 3566 1690 3617 et
1712 3574 1919 3628 semper

338 3653 475 3714 hunc
500 3653 556 3706 in
582 3652 820 3706 cordibus
845 3652 1030 3707 vestris
1059 3650 1282 3722 habetis,
1323 3652 1520 3725 quique
1550 3650 1746 3710 Christi
1766 3668 1920 3708 voca.

338 3747 502 3810 tione,
521 3745 632 3798 ueri
647 3742 883 3799 videlicet
905 3742 1001 3797 Dei
1029 3744 1214 3806 nostri,
1235 3743 1589 3803 nominamini
1609 3742 1919 3808 Christiani,

340 3841 449 3905 aio,
476 3840 658 3896 audite
685 3839 855 3894 brevis
892 3839 1151 3893 sermonis
1183 3837 1248 3893 ab
1298 3839 1583 3910 exiguitate
1620 3854 1681 3896 ac
1709 3837 1925 3898 humili-

341 3941 455 3994 tate
473 3939 657 3992 nostra
694 3931 979 3986 rationem.
1013 3931 1129 4002 Ego
1158 3931 1368 4002 quidem
1397 3930 1653 4002 quidquid
1682 3932 1789 4010 piis
1822 3931 1925 3986 im-

344 4023 674 4094 peratoribus
705 4022 901 4076 nostris
922 4029 972 4075 et
1005 4037 1101 4092 per
1128 4022 1308 4081 omnia
1363 4021 1664 4086 orthodoxis
1709 4037 1925 4092 respon-

344 4115 534 4180 derim,
568 4123 616 4168 et
645 4116 701 4175 in
723 4121 998 4186 conspectu
1027 4123 1197 4169 oestro
1230 4115 1485 4174 orationis
1521 4132 1650 4172 mete
1679 4115 1925 4191 analogia

350 4207 720 4278 respondeam,
750 4208 936 4260 timore
966 4205 1236 4277 deprimor
1264 4207 1334 4262 ad
1359 4208 1790 4267 consentiendum
1809 4210 1928 4272 huic

346 4301 607 4366 electioni,
641 4307 690 4354 et
721 4315 902 4355 verear
927 4317 960 4352 a
993 4299 1128 4369 {acie
1165 4299 1256 4352 Dei
1276 4316 1492 4354 currere
1530 4299 1709 4354 taliter
1730 4308 1782 4356 et
1797 4317 1930 4372 quo-

2007 1975 2246 2030 thodoxis
2272 1974 2676 2047 imperatoribus
2710 1976 2906 2030 nostris
2943 1975 3207 2048 synodum
3236 1972 3595 2037 uniuersalem

2009 2067 2207 2138 colligi,
2258 2076 2317 2122 ut
2376 2068 2664 2139 eﬁiciamur
2722 2083 2837 2135 nos,
2892 2068 2982 2140 qui
3031 2068 3186 2122 unius
3239 2065 3339 2122 Dei
3387 2083 3593 2128 sumus.

2007 2176 2195 2224 unum,
2218 2168 2267 2214 et
2295 2162 2386 2231 qui
2414 2160 2689 2215 Trinitatis
2733 2159 2960 2217 cultores
3000 2161 3326 2226 resistimus,
3355 2160 3493 2217 uniti
3549 2169 3599 2225 et

2007 2255 2286 2309 unanimes
2312 2264 2361 2309 et
2399 2253 2634 2336 collega,
2661 2262 2710 2309 et
2746 2255 2838 2324 qui
2861 2255 3050 2329 capitis
3075 2254 3244 2308 nostri
3273 2252 3470 2307 Christi
3505 2268 3595 2307 su-

2011 2362 2148 2411 mus,
2179 2347 2465 2417 eﬁiciamur
2491 2363 2680 2419 corpus
2705 2363 2869 2403 unum
2890 2355 3220 2418 compactum
3263 2353 3422 2417 atque
3473 2361 3600 2404 con-

2010 2456 2228 2506 nexum,
2268 2449 2317 2494 et
2341 2441 2620 2515 quisancti
2653 2438 2883 2511 Spiritus
2920 2455 3123 2510 sumus,
3158 2439 3447 2511 efﬁciamur
3491 2455 3599 2494 non

2012 2541 2199 2588 contra
2229 2535 2474 2598 invicem,
2504 2534 2597 2588 sed
2625 2549 2720 2606 pro
2746 2533 2986 2599 invicem,
3015 2541 3067 2586 et
3090 2535 3179 2607 qui
3199 2533 3438 2596 veritatis
3465 2532 3603 2591 exsi-

2009 2627 2218 2693 stimus,
2241 2627 2534 2696 'eﬂiciamur
2557 2625 2613 2680 id
2641 2627 2811 2700 ipsum
2833 2624 3097 2695 sapientes
3139 2633 3300 2696 atque
3334 2624 3587 2695 dicentes,

2011 2729 2061 2774 et
2087 2736 2192 2775 non
2237 2719 2305 2774 sit
2336 2718 2391 2773 in
2441 2718 2587 2773 nobis
2622 2725 2891 2771 certamen
2949 2719 3058 2772 sive
3085 2717 3360 2782 dissensio,
3409 2723 3468 2770 ut
3489 2730 3598 2782 pas

2011 2813 2130 2881 Dei,
2189 2829 2308 2885 qua:
2367 2819 2650 2887 exsuperat
2689 2827 2896 2869 omnem
2941 2825 3172 2877 sensum,
3248 2808 3454 2872 muniat
3502 2801 3600 2862 nos

2011 2922 2213 2961 omnes.
2242 2903 2311 2959 Et
2337 2903 2593 2975 siquidem
2619 2901 2876 2972 jusserint
2917 2901 3240 2955 orthodoxite
3288 2915 3597 2971 propugna-

2013 3005 2173 3064 tores,
2201 2997 2548 3068 imperatores
2576 2993 2811 3050 uidelicet
2833 2995 3020 3059 nostri,
3068 2991 3416 3065 postulationi
3476 3005 3608 3048 mea!

2013 3105 2267 3156 annuere,
2295 3089 2564 3144 consentio
2588 3095 2638 3142 et
2672 3103 2789 3166 ego.
2809 3085 2909 3147 Sin
2942 3094 3144 3151 autem,
3173 3082 3492 3157 impossibile
3525 3076 3606 3140 es‘

2014 3185 2141 3241 mihi
2159 3185 2254 3239 hoc
2279 3184 2474 3255 facere,
2506 3199 2572 3237 ne
2600 3181 2855 3259 subjiciar
2884 3180 3216 3238 anathemati
3265 3187 3316 3233 et
3353 3175 3600 3242 inveniar

2013 3278 2393 3333 condemnatus
2414 3275 2470 3332 in
2490 3276 2576 3330 die
2609 3273 2824 3329 Domini
2853 3272 3022 3332 nostri
3051 3279 3099 3326 et
3114 3271 3345 3342 justitiat
3381 3268 3606 3329 ludicis.

2011 3372 2100 3426 ubi
2126 3385 2292 3440 neque
2309 3370 2619 3440 imperator,
2645 3381 2814 3436 neque
2839 3364 3104 3430 sacerdos,
3137 3380 3306 3434 neque
3324 3362 3612 3435 principes.

2015 3481 2180 3538 neque
2239 3465 2511 3519 hominum
2565 3460 2851 3522 multitudo
2883 3460 3073 3531 poterit
3139 3459 3344 3531 eripere
3392 3472 3493 3517 me.
3540 3452 3612 3510 Et

2016 3558 2273 3631 quidquid
2309 3556 2568 3630 placuerit
2603 3554 3011 3625 vobis,fratres,
3047 3552 3170 3613 date
3199 3549 3459 3623 apologite
3482 3563 3615 3605 mea:

2017 3654 2118 3722 vel,
2153 3663 2211 3709 ut
2237 3635 2423 3708 melius
2450 3653 2646 3718 dicam,
2669 3651 2905 3722 petitioni
2939 3664 3069 3710 mete
3088 3645 3401 3703 assentionis
3421 3651 3608 3720 uestra:

2022 3763 2358 3819 responsum.
2385 3745 2454 3799 Et
2477 3744 2720 3800 libenter
2765 3742 3064 3798 audierunt
3095 3752 3291 3794 omnes
3315 3751 3440 3807 quae
3462 3734 3614 3791 dicta

2024 3848 2176 3906 sunt,
2201 3853 2532 3899 consensum
2571 3836 2884 3908 praebentes
2927 3840 2990 3888 ut
3032 3833 3191 3888 ﬁeret
3215 3828 3481 3903 synodus.
3540 3827 3644 3912 At,

2025 3948 2161 3990 vero
2196 3932 2455 3994 Tarasius
2487 3945 2681 3988 rursus
2710 3929 2777 3984 ad
2828 3928 3096 4000 populum
3143 3923 3435 3995 disputans
3487 3920 3574 3976 ait.
3601 3919 3646 3972 ε’

2029 4027 2132 4087 Leo
2161 4027 2452 4097 imperator
2476 4024 2727 4080 subuertit
2755 4023 3051 4094 imagines;
3073 4027 3121 4074 et
3147 4017 3365 4090 quando
3384 4015 3620 4088 synodus

2030 4120 2173 4190 facta
2220 4129 2317 4181 est,
2359 4103 2794 4174 subsersasillas
2849 4114 3069 4169 inuenit.
3121 4110 3188 4166 Et
3213 4115 3430 4182 propter
3477 4105 3623 4178 quod.

2030 4211 2376 4282 imperatoria
2400 4224 2560 4273 manu
2594 4206 2855 4264 subversas
2877 4211 3023 4267 sunt,
3049 4203 3247 4256 iterum
3276 4199 3626 4271 qucestionem

2033 4302 2186 4358 habet
2215 4301 2352 4361 idem
2381 4297 2694 4371 capitulum.
2723 4297 2977 4368 quoniam
3025 4292 3303 4362 antiquam
3337 4296 3622 4345 consuetu-

348 4392 631 4448 modolibet
659 4393 1148 4461 incircumspectus,
1204 4398 1261 4446 ut
1314 4407 1417 4444 non
1453 4391 1676 4446 terribili
1705 4393 1934 4446 damna-
2034 4394 2210 4449 dinem
2259 4394 2318 4447 in
2368 4392 2604 4452 Ecclesia
2662 4389 2921 4448 traditam
2969 4389 3444 4465 prtesumpserunt,
3485 4382 3629 4435 sicut

351 4488 482 4542 tioni
509 4484 867 4541 succumbam.
899 4481 956 4542 Si
990 4484 1128 4536 enim
1172 4483 1382 4538 divinus
1416 4483 1617 4540 Paulus
1638 4484 1929 4556 apostolus,

2038 4491 2110 4543 eis
2167 4487 2370 4543 libitum
2429 4487 2550 4556 fuit,
2605 4484 2981 4538 exterminare.
3025 4479 3131 4536 Sed
3181 4479 3376 4534 veritas
3410 4475 3529 4542 Dei,
3563 4481 3622 4529 ut

349 4582 440 4654 qui
472 4582 568 4636 Dei
592 4598 738 4636 voces
757 4582 959 4636 audiuit
984 4579 1274 4651 coelumque
1310 4580 1492 4641 habuit
1521 4581 1764 4636 erudiens
1804 4598 1859 4634 se
1883 4589 1931 4635 et
1966 4592 2010 4647 υ
2038 4580 2322 4646 apostolice
2349 4579 2610 4643 dicamus.
2636 4594 2740 4635 non
2775 4585 2851 4630 est
2869 4572 3116 4647 alligata.

350 4673 593 4745 paradisi
608 4676 870 4743 inspector
895 4674 1100 4742 eﬁ‘ectus
1123 4681 1201 4725 est
1233 4672 1536 4738 audiuitque
1554 4689 1757 4726 arcana
1774 4673 1932 4728 verba

352 4777 403 4824 et
456 4771 686 4839 portavit
713 4784 902 4829 nomen
959 4767 1056 4823 Dei
1097 4783 1282 4821 coram
1334 4768 1575 4838 gentibus
1604 4775 1654 4820 et
1703 4767 1932 4838 regibus,

356 4862 490 4915 dixit
520 4877 540 4917 :
579 4879 596 4913 ε
633 4860 711 4916 Ne
731 4861 886 4930 forte,
921 4876 1042 4913 cum
1088 4859 1210 4917 aliis
1250 4858 1674 4930 pradicaverim,
1723 4860 1835 4929 ipse
1857 4875 1936 4913 re-

2104 4672 2295 4743 Itaquo
2340 4678 2534 4729 octavo
2593 4667 2863 4729 Kalendas
2899 4665 3190 4722 Januarias
3242 4671 3449 4718 octavae
3478 4658 3626 4715 indi-

2043 4764 2246 4822 ctionis
2272 4771 2631 4822 consecratus
2660 4771 2744 4818 est
2773 4761 2950 4816 almus
2971 4759 3135 4817 Pater
3157 4764 3347 4814 noster
3367 4753 3628 4810 Tarasius

2037 4857 2351 4930 patriarcha
2406 4853 3084 4924 Constantinopolitanus;
3132 4848 3227 4920 qui
3289 4847 3477 4903 missis
3511 4846 3626 4902 Ro-

357 4952 550 5023 probus
584 4951 801 5023 eﬂiciar,
836 4969 855 5002 ι
895 4951 1156 5024 quomodo
1199 4965 1314 5021 ego,
1367 4951 1456 5021 qui
1494 4951 1550 5005 in
1590 4952 1786 5007 mundo
1812 4967 1938 5009 con—
2041 4967 2186 5007 mam
2219 4949 2499 5022 synodicis
2532 4947 2650 5004 suis
2668 4946 2932 5008 etlihello
2960 4943 3090 5006 ﬁdei
3121 4958 3234 5002 suae
3263 4950 3524 5012 receptus
3539 4947 3627 4996 est

356 5053 604 5100 uersatus
629 5054 679 5103 et
717 5062 837 5101 cum
861 5043 1012 5099 laicis
1061 5051 1474 5103 connumeratus
1501 5045 1556 5103 in
1583 5045 1943 5114 imperatoriis
2045 5045 2114 5100 ab
2163 5044 2442 5101 Hadriano
2496 5057 2656 5112 papa.
2718 5040 2940 5097 Mittens
2996 5046 3180 5094 autem
3209 5045 3266 5094 et
3295 5032 3623 5105 imperatrix

360 5137 914 5194 administrationibus
969 5135 1213 5202 militavi,
1249 5138 1325 5197 sic
1381 5137 1575 5205 absque
1625 5137 1946 5194 indicatione
2045 5134 2207 5207 petiit
2261 5142 2325 5188 ut
2373 5132 2619 5187 mitteret
2671 5130 2910 5192 litteras.
2942 5144 3069 5186 suas
3119 5137 3178 5182 et
3202 5125 3479 5192 homines,
3514 5139 3627 5194 quo

363 5240 526 5303 atque
550 5229 1012 5300 circumspectione
1040 5245 1250 5298 possum
1286 5227 1494 5284 insilire
1556 5229 1627 5288 ad
1667 5231 1950 5287 sacerdotii
2047 5227 2436 5283 invenirentur
2468 5225 2524 5280 in
2557 5223 2802 5296 synodo;
2855 5222 2949 5293 qui
2986 5219 3191 5275 direxit
3213 5219 3442 5276 Petrum
3472 5215 3627 5272 vice-

366 5322 808 5396 magnitudinem,
847 5321 1167 5380 horrendum
1205 5336 1464 5378 conamen
1494 5321 1566 5378 ad
1603 5322 1946 5390 exiguitatem
2050 5319 2336 5376 dominum
2372 5315 2482 5387 (88)
2510 5313 2770 5370 Ecclesia:
2799 5327 2933 5376 suae,
2987 5318 3043 5364 et
3098 5309 3321 5364 Petrum
3353 5304 3631 5396 [legume-

369 5395 562 5483 meam,
609 5425 659 5472 et
709 5416 1052 5471 temerarium
1083 5415 1316 5474 studium
1339 5414 1364 5469 ?
1387 5414 1560 5473 Causa
1596 5431 1717 5470 vero
1745 5416 1949 5476 timoris
2052 5426 2186 5468 num
2222 5409 2280 5465 S.
2313 5406 2492 5469 Salue,
2544 5404 2696 5460 viros
2727 5400 3083 5458 honorabiles
3142 5414 3205 5454 ac
3239 5397 3390 5454 omni
3423 5395 3630 5449 virtute

370 5516 422 5563 et
454 5508 788 5578 refutationis
833 5523 962 5563 mea?
1008 5507 1118 5562 lucc
1156 5513 1269 5560 est:
1310 5506 1510 5575 aspicio
1551 5505 1691 5558 enim
1723 5511 1773 5562 et
1800 5505 1946 5559 video
2057 5502 2374 5558 adornatos.
2407 5496 2552 5552 Misit
2585 5503 2770 5551 autem
2821 5501 2877 5548 et
2911 5491 3257 5548 Antiochiam
3308 5496 3365 5544 et
3397 5487 3631 5541 Alexan-

373 5599 830 5669 ltcclesiam,quaz
847 5615 1010 5670 supra
1038 5607 1242 5668 petram
1267 5595 1531 5657 Christum
1554 5595 1837 5657 Dominum
1855 5611 1954 5650 no-
2059 5595 2237 5652 driam
2284 5599 2394 5646 tam
2452 5587 2774 5660 imperatrix
2816 5601 2980 5658 quam
3035 5583 3349 5653 patriarcha
3387 5598 3401 5635 :
3452 5581 3632 5636 adhuc

1901 5709 2134 5766 ΝΟΤᾹΞ.

451 5810 562 5881 (88)
605 5809 996 5868 Vicedominus
1030 5819 1114 5866 est
1159 5823 1498 5870 (nconomus.
1537 5805 1600 5862 ν.
1643 5804 1929 5876 Hugonem
1975 5799 2297 5862 Menardum
2333 5797 2401 5853 ad
2443 5792 2805 5851 Concordiam
2829 5794 3140 5864 regularum
3168 5807 3216 5846 c.
3244 5789 3336 5856 28,
3362 5787 3449 5844 cui
3491 5785 3632 5843 adde

375 5883 741 5944 Flodoardum
779 5883 828 5949 l,
863 5883 949 5941 l7.
971 5881 1129 5949 ann.
