4050 6308
487 393 627 456 1399

1584 395 1988 458 ANASTASII
2033 395 2665 461 BIBLIOTHECARII

3635 399 3768 463 1400

480 524 720 577 namque
756 524 880 578 pax,
911 521 1032 577 quae
1056 506 1199 563 facta
1235 506 1412 562 fuerat
1441 522 1565 562 cum
1613 507 1914 568 Arabibus.
1947 524 2060 564 non
2088 513 2134 570 Α
2165 524 2402 580 persona
2450 521 2718 569 venerant
2751 528 2860 568 non
2907 511 3215 581 dimiserat,
3267 514 3365 572 sed
3393 523 3646 570 retentos
3685 531 3768 572 se.

480 610 601 657 erat
627 603 828 656 soluta.
857 603 922 655 Et
950 601 1228 656 duxerunt
1259 601 1636 658 abAntiochia
1658 604 1882 674 quidem
1897 603 2069 660 Joan-

483 712 609 750 nem
660 710 918 765 magnum
985 702 1151 764 atque
1209 694 1505 756 famosum.
1567 696 1740 750 verbo
1783 706 1835 751 et
1899 711 2067 768 opere

482 789 789 843 sanctitatis
821 787 1166 858 participem,
1197 787 1294 857 qui
1327 797 1382 842 et
1415 789 1694 860 syncellus
1733 789 2066 845 Antiocheni

2174 616 2302 657 cum
2331 601 2592 660 habebat.

2245 697 2404 752 Anno
2438 699 2659 769 imperii
2676 697 2924 756 Heirenae
2953 709 3009 756 et
3038 699 3389 757 Constantini
3421 711 3618 758 octavo
3637 701 3770 758 exiit

2171 789 2434 845 Tarasius
2457 791 2840 848 sanctissimus
2871 793 3328 864 archiepiscopus
3358 794 3762 851 Constantino-

483 880 818 951 patriarchce
846 879 972 944 fuit,
1006 888 1064 934 et
1096 879 1363 935 Thomam
1398 880 1854 946 Alexandrinum,
1889 881 2066 936 virum
2167 880 2362 951 poleos
2405 880 2460 935 in
2493 881 2858 938 Nicaeensium
2886 885 3191 951 civitatem,
3252 901 3307 940 et
3357 887 3636 942 celebrata
3683 888 3770 944 es!

393 979 409 992 ’
487 975 788 1030 zelatorem
849 980 906 1028 et
951 971 1454 1045 religiosissimum,
1517 974 1614 1045 qui
1662 985 1718 1030 et
1775 975 2071 1031 Thessalo-

484 1066 624 1121 nicae
671 1081 882 1136 magnai
941 1065 1204 1131 civitatis,
1238 1081 1359 1135 quae
1391 1075 1478 1121 est
1523 1066 1581 1121 in
1613 1066 1852 1138 Illyrico,
1886 1066 2067 1123 factus

485 1159 946 1230 archiepiscopus
978 1158 1241 1214 efﬂoruit.
1281 1159 1497 1214 Interea
1556 1169 1774 1214 mortuo
1809 1159 1956 1216 Mose
2009 1157 2071 1216 fit

484 1253 730 1308 Arabum
791 1250 902 1306 dux
936 1250 1108 1306 frater
1147 1251 1271 1322 ejus
1319 1251 1524 1318 Aaron,
1560 1252 1654 1322 qui
1691 1252 1872 1308 tribus
1902 1262 1957 1308 et
1983 1253 2067 1308 vi-

489 1344 644 1401 cenis
670 1345 757 1399 eis
783 1343 1005 1416 praefuit
1033 1343 1196 1399 annis
1227 1351 1284 1400 et
1317 1343 1489 1398 multa
1541 1343 1685 1398 mala
1735 1343 2071 1400 Christianis

483 1437 752 1495 ostendit.

556 1573 718 1632 Anno
760 1573 979 1648 imperii
1031 1575 1314 1634 sui'sexto
1364 1577 1648 1635 mittentes
1703 1579 2069 1650 imperatores

489 1677 940 1725 convocaverunt
976 1683 1192 1735 omnes,
1225 1670 1322 1741 qui
1367 1670 1471 1726 sub
1496 1685 1689 1726 eorum
1731 1678 1891 1726 erant
1922 1679 2075 1742 pote-

489 1770 653 1832 state,
714 1763 1015 1830 antistites,
1065 1763 1522 1834 pervenientibus
1568 1779 1790 1834 quoque
1824 1779 1854 1818 a
1899 1763 2073 1818 Roma

488 1857 836 1914 transmissis
866 1859 934 1914 ab
958 1856 1238 1914 Hadriano
1257 1856 1616 1928 papalitteris
1648 1864 1704 1912 et
1730 1855 2071 1923 hominibus,
2103 1872 2150 1932 Β

488 1959 552 2006 ut
598 1950 980 2022 praediximus,
1004 1949 1153 2007 etab
1196 1949 1486 2006 Antiochia
1512 1959 1565 2004 et
1601 1949 1950 2006 Alexandria.
2010 1949 2078 2003 Et

487 2041 725 2114 septimo
752 2039 882 2098 ldus
917 2043 1193 2112 Augustas
1221 2054 1382 2095 nonae
1415 2037 1736 2094 indictionis
1770 2038 2080 2110 praesidem

489 2145 576 2190 tes
606 2135 660 2190 in
700 2137 906 2208 templo
927 2134 1258 2192 Sanctorum
1287 2133 1676 2204 Apostolorum
1703 2131 1847 2202 apud
1872 2131 2078 2203 regiam

490 2227 688 2283 urbem
707 2239 926 2297 carpere
953 2233 1174 2282 sanctas
1201 2223 1518 2295 Scripturas
1548 2224 1814 2295 relegere,
1846 2233 1900 2279 et
1933 2223 2078 2295 obji-

489 2333 618 2374 cere
671 2317 932 2385 invicem,
991 2316 1424 2390 imperatoribus
1461 2332 1526 2372 ac
1546 2316 1964 2373 catechumenis
1997 2316 2081 2371 in-

488 2411 878 2483 spicientibus.
921 2412 1020 2466 Ast
1050 2411 1288 2484 populus
1329 2409 1735 2467 scholariorum
1767 2419 1823 2464 ct
1848 2409 2083 2465 excubi-

491 2515 650 2562 tuum
683 2517 848 2579 atque
885 2505 1146 2562 ordinum
1178 2515 1504 2561 ceterorum
1533 2505 1774 2561 accusati
1813 2521 1841 2560 a
1871 2505 2082 2576 princi-

490 2597 657 2668 pibus
716 2597 854 2663 suis,
884 2612 1009 2654 cum
1061 2595 1336 2653 haberent
1374 2597 1560 2653 adhuc
1584 2605 1643 2652 et
1700 2597 2081 2667 magisterium

487 2705 716 2764 quoque
761 2705 1000 2763 nequam
1057 2681 1305 2746 doctoris
1365 2689 1474 2757 sui,
1527 2689 1825 2748 denudatis
1884 2692 2083 2764 gladiis

493 2784 785 2840 irruerunt
821 2783 878 2837 in
908 2797 1029 2849 eos,
1071 2783 1393 2837 minitantes
1425 2781 1762 2840 mortificare
1793 2793 1901 2838 tam
1933 2799 2080 2839 sum-

492 2893 646 2932 mum
688 2877 1030 2932 sacerdotem
1077 2890 1244 2946 quam
1275 2875 1618 2935 orthodoxos
1669 2876 1968 2946 episcopos
2024 2885 2082 2933 et

492 2971 744 3027 abbates.
773 2967 1010 3041 Imperio
1037 2985 1168 3025 vero
1191 2985 1292 3041 per
1312 2966 1637 3024 assistentes
1657 2968 1761 3023 sibi
1782 2967 2085 3027 familiares

493 3061 750 3117 homines
781 3060 882 3116 hos
918 3060 1110 3117 sedare
1131 3060 1345 3117 nitente
1367 3074 1480 3116 non
1509 3059 1930 3131 acquieverunt,
1949 3061 2084 3132 quin

494 3156 684 3230 potius
711 3154 1203 3226 exprobraverunt.
1237 3153 1376 3211 Cum
1400 3162 1584 3212 autem
1618 3153 1935 3226 patriarcha
1957 3170 2084 3209 sur-

497 3246 734 3303 rexisset
783 3255 840 3302 et
888 3247 1130 3302 tribunal
1173 3261 1300 3302 cum
1355 3246 1637 3317 episcopis
1682 3253 1740 3302 et
1795 3247 2085 3304 monachis
2114 3245 2155 3300 C

496 3342 696 3397 fuisset
756 3341 1058 3412 ingressus,
1111 3340 1168 3395 bi
1222 3340 1318 3412 qui
1377 3340 1602 3412 maligni
1655 3355 1852 3396 sensus
1886 3356 2082 3397 eorum

496 3442 657 3489 erant
704 3430 952 3503 episcopi
987 3431 1246 3488 exierunt
1301 3431 1369 3486 ad
1403 3446 1521 3498 eos,
1566 3431 1867 3486 clamantes
1901 3441 2072 3501 atque

498 3525 789 3582 dicentes:
825 3525 1074 3580 Vicimus.
1115 3523 1185 3583 Et
1209 3524 1383 3596 gratia
1410 3523 1508 3580 Dei
1539 3521 1748 3578 nemini
1770 3531 2086 3579 nocuerunt

497 3617 695 3674 furiosi
731 3617 810 3675 illi
835 3625 891 3674 et
915 3616 1224 3676 inhumani.
1251 3616 1319 3676 Et
1352 3615 1538 3674 taliter
1575 3615 1845 3672 dissoluta
1870 3616 2085 3690 synodo

495 3711 638 3768 abiit
669 3711 1049 3781 unusquisque
1078 3708 1148 3765 ad
1188 3707 1435 3780 propria.

571 3849 732 3903 Anno
753 3844 969 3918 imperii
996 3844 1082 3901 sui
1106 3844 1339 3915 septimo
1381 3843 1551 3899 misso
1585 3844 1826 3900 lieirene
1850 3842 2086 3900 Staura-

499 3942 594 4000 cio
634 3940 869 4013 patricio
915 3949 971 3996 et
1001 3939 1278 4010 logotheta
1315 3937 1372 3994 in
1401 3937 1698 4004 Thracem,
1729 3952 1922 3993 mense
1977 3936 2082 3993 Se-

501 4033 801 4105 ptembrio,
855 4031 1012 4088 initio
1064 4027 1648 4096 deeimteindictionis,
1701 4028 1770 4083 ad
1821 4029 2086 4085 ulteriora

505 4125 768 4188 themata,
794 4122 1068 4194 persuasit
1093 4121 1176 4177 eis
1208 4122 1315 4177 sibi
1357 4121 1647 4193 cooperari
1692 4130 1750 4176 et
1803 4120 2083 4191 depellere

503 4219 574 4274 ab
607 4218 745 4273 urbe
767 4216 996 4288 impium
1032 4217 1502 4287 populum,quem
1537 4214 1912 4285 nequissimus
1937 4214 2084 4271 Con-

502 4312 782 4369 stantinus
814 4313 1150 4368 instruxerat
1177 4307 1553 4365 eterudierat.
1579 4306 1647 4361 Et
1675 4322 1800 4362 cum
1830 4321 1888 4362 se
1911 4306 2083 4377 finge~

504 4416 591 4462 ret
639 4405 785 4476 quod
842 4407 1147 4461 exercitum
1204 4413 1422 4459 motura
1470 4410 1619 4459 esset
1669 4402 1726 4458 in
1772 4399 2084 4458 Orientales

503 4506 710 4570 partes,
729 4513 796 4552 eo
820 4496 966 4567 quod
987 4496 1195 4551 Arabes
1221 4494 1457 4550 fuissent
1484 4492 1715 4563 egressi,
1746 4489 1882 4546 exiit
1902 4490 2082 4544 omnis

2174 980 2364 1028 sancta
2386 981 2444 1027 et
2468 975 2800 1030 universalis
2825 977 3065 1047 septima
3092 978 3338 1050 synodus
3355 979 3770 1050 episc0porum,

2170 1074 2230 1120 et
2254 1066 2464 1136 recepit
2485 1066 2760 1123 catholica
2814 1069 3061 1126 Ecclesia
3092 1071 3340 1142 priscum
3374 1084 3770 1130 ornamentum

2173 1173 2357 1225 suum,
2410 1157 2486 1213 nil
2548 1175 2754 1215 novum
2811 1162 3143 1232 praedicans,
3209 1165 3306 1220 sed
3364 1172 3688 1222 sanctorum
3716 1176 3773 1222 et

2173 1249 2466 1306 beatorum
2505 1251 2736 1308 Patrum
2760 1253 3017 1325 dogmata
3059 1254 3284 1312 immota
3329 1257 3675 1323 custodiens,
3714 1266 3774 1315 et

2174 1358 2376 1398 novam
2408 1343 2661 1400 haeresim
2690 1345 2977 1415 abdicans,
3006 1357 3230 1419 tresque
3259 1348 3428 1406 falsos
3454 1350 3774 1410 nominatos

2175 1430 2518 1502 patriarchas
2567 1435 3062 1505 anathematizans,
3099 1439 3448 1496 Anastasium
3481 1441 3770 1505 videlicet,

2173 1525 2601 1583 Constantinum
2648 1538 2704 1584 et
2751 1529 3022 1597 Nicetani,
3061 1539 3223 1604 atque
3248 1547 3443 1590 omnes
3469 1544 3770 1590 consenta-

2174 1633 2314 1675 neos-
2339 1634 2557 1675 eorum.
2602 1620 2768 1678 Facta
2813 1635 2901 1679 est
2931 1639 3123 1680 autem
3157 1625 3334 1696 prima
3368 1628 3672 1684 conventio
3709 1642 3776 1685 ac

2175 1711 2351 1768 sessio
2372 1712 2762 1784 episcoporum
2787 1715 2843 1771 in
2888 1717 3128 1772 ecclesia
3151 1717 3427 1774 catholica
3461 1717 3519 1774 S.
3552 1718 3778 1788 Sophia:

2176 1806 2409 1862 Nicaeus:
2439 1807 2679 1863 civitatis
2709 1807 2905 1880 quinto
2937 1809 3066 1865 ldus
3111 1808 3404 1866 Octobrias
3451 1809 3778 1868 indictionis

2181 1897 2507 1954 undecimae.
2573 1898 2638 1955 Et
2687 1899 3026 1956 Novembrio
3100 1917 3292 1957 mense
3350 1902 3588 1975 ingressi
3644 1910 3778 1959 sunt

2181 2006 2376 2047 omnes
2404 1993 2608 2064 regiam
2638 1994 2855 2060 urbem,
2881 2002 2936 2050 et
2962 1994 3398 2066 praesidentibus
3418 1996 3780 2067 imperatori-

2182 2083 2288 2140 bus
2321 2100 2431 2140 una
2467 2101 2593 2141 cum
2624 2086 2902 2158 episcopis
2952 2087 3007 2142 in
3034 2086 3332 2160 Magnaura
3362 2089 3540 2144 lectus
3575 2099 3662 2145 est
3686 2099 3777 2144 to-

2181 2185 2406 2243 mus,ct
2456 2178 2788 2252 subscripsit
2842 2188 2952 2235 tam
3015 2179 3325 2252 imperator
3372 2197 3537 2254 quam
3595 2192 3779 2238 mater

2181 2265 2322 2338 ejus,
2381 2265 2665 2324 firmantes
2732 2268 2993 2340 pietatem
3049 2269 3358 2327 secundum
3401 2272 3630 2343 antiqua
3677 2273 3779 2328 do-

2183 2372 2388 2434 gmata,
2449 2377 2620 2434 opera
2677 2363 3028 2421 sacerdotum
3078 2365 3302 2432 honori,
3346 2375 3409 2423 et
3437 2365 3779 2423 dimiserunt

2182 2469 2300 2520 eos,
2330 2462 2388 2510 et
2432 2470 2565 2526 pace
2623 2456 2798 2527 potita
2855 2465 2943 2512 est
2971 2455 3216 2512 Ecclesia
3268 2457 3392 2523 Dei,
3452 2472 3775 2528 quanquam

2187 2548 2449 2604 inimicus
2504 2549 2714 2605 zizania
2770 2547 2827 2606 in
2881 2550 3439 2622 operationibussuis
3495 2552 3777 2608 seminare

2186 2655 2298 2694 non
2325 2648 2524 2697 cesset.
2575 2639 2684 2697 Sed
2725 2640 2974 2696 Ecclesia
3017 2639 3115 2697 Dei
3171 2655 3393 2714 semper
3447 2639 3773 2715 impugnata

2185 2732 2514 2804 triumphat.

2259 2823 2417 2880 Anno
2449 2823 2668 2896 imperii
2701 2825 2787 2882 sui
2809 2841 2956 2882 nono
2985 2825 3223 2884 Heirene
3266 2825 3616 2899 imperatrix,
3639 2844 3778 2899 pace

2188 2915 2368 2973 soluta
2400 2917 2642 2974 faciendi
2695 2934 2821 2974 cum
2848 2918 3074 2977 Francis
3115 2921 3392 2990 nuptiales
3423 2929 3774 2990 contractus,

2189 3009 2393 3067 direxit
2443 3011 2840 3082 Theophanem
2890 3013 3398 3084 protospatharium
3429 3021 3487 3069 et
3544 3013 3780 3070 abduxit

2187 3105 2427 3176 puellam
2447 3120 2516 3160 ex
2544 3102 2888 3161 Armeniacis
2917 3105 3144 3161 nomine
3181 3105 3414 3161 Mariam
3461 3105 3530 3160 ab
3555 3107 3778 3172 Amnia,

2188 3210 2246 3257 et
2271 3200 2458 3272 junxit
2489 3214 2614 3255 eam
2642 3197 3008 3255 Constantino
3062 3199 3385 3270 imperatori
3413 3207 3469 3254 et
3501 3197 3616 3254 filio
3647 3213 3775 3263 suo,

2187 3308 2316 3350 cum
2366 3293 2486 3364 ipse
2536 3293 2773 3348 multum
2821 3291 3138 3348 tristaretur
3198 3302 3254 3349 et
3297 3293 3494 3358 nollet,
3548 3301 3780 3364 propter

2187 3387 2449 3443 affectum
2475 3402 2584 3459 quo
2617 3402 2747 3458 erga
2782 3386 2964 3443 Caroli
3023 3386 3191 3441 filiam
3239 3384 3580 3442 Francorum
3631 3385 3778 3456 regis

2186 3480 2473 3553 ﬂagrabat,
2523 3495 2688 3551 quam
2734 3479 2948 3536 scilicet
2980 3487 3143 3534 antea
3195 3479 3646 3551 desponsaverat.
3699 3479 3765 3535 Et

2187 3577 2719 3629 consummaverunt
2776 3571 3000 3642 nuptias
3046 3573 3168 3644 ejus
3214 3587 3403 3628 mense
3435 3572 3775 3628 Novembrio

2187 3660 2508 3724 indictionis
2528 3665 2894 3722 duodecima}.
2923 3667 3138 3722 Interea
3167 3665 3404 3722 ileircne
3441 3666 3778 3722 misitJoano

2186 3777 2310 3815 nem
2345 3759 2704 3816 Sacellarium
2755 3767 2812 3814 et
2846 3759 3182 3830 logothctam
3227 3758 3282 3812 in
3305 3757 3775 3828 Longobardiam,

2187 3871 2296 3909 una
2335 3868 2460 3908 eum
2517 3851 2805 3908 Theodoto
2860 3852 3069 3907 dudum
3126 3866 3256 3922 rege
3303 3851 3530 3921 majoris
3555 3849 3777 3920 Longo-

2186 3946 2415 4013 bardiae,
2465 3945 2534 4002 ad
2557 3945 2824 4001 ultionem
2872 3943 3244 4008 inferendam,
3269 3942 3315 3998 si
3343 3953 3549 4013 posset,
3587 3943 3645 3997 in
3672 3941 3775 3998 Ca-

2188 4039 2369 4094 rolum
2389 4046 2449 4093 et
2477 4037 2745 4108 quosdam
2774 4034 3166 4091 subducendas
3198 4033 3267 4089 ab
3317 4032 3432 4089 illo.
3460 4032 3773 4088 Descende.-

2188 4112 2322 4187 runt
2338 4145 2469 4201 ergo
2484 4145 2609 4184 cum
2633 4127 2927 4184 Theodoro
2945 4127 3179 4196 patricio
3208 4135 3264 4181 et
3283 4133 3516 4196 praetore
3551 4123 3775 4191 Siciiis,

2185 4237 2241 4285 et
2264 4227 2401 4283 inito
2429 4227 2576 4282 bello
2594 4234 2777 4281 tentus
2800 4239 2829 4278 a
2849 4223 3073 4279 Francis
3101 4238 3286 4278 amare
3309 4231 3632 4293 peremptus
3666 4231 3772 4279 est.

2255 4322 2416 4378 Anno
2435 4314 2650 4390 imperii
2664 4316 2903 4372 Heirene
2926 4326 2982 4371 et
2997 4315 3346 4372 Constantini
3369 4314 3586 4371 decimo
3604 4317 3780 4374 movit

2187 4413 2442 4470 diabolus
2465 4411 2639 4466 livore
2674 4410 2896 4481 pietatis
2934 4409 3336 4479 imperatorum
3367 4407 3646 4474 homines,
3680 4409 3777 4480 qui

2188 4506 2592 4576 instigaverunt
2621 4510 2856 4556 matrem
2879 4500 3149 4556 adversus
3172 4500 3343 4556 filium
3369 4510 3425 4555 et
3458 4499 3632 4554 filium
3671 4500 3776 4555 ad-

506 4590 688 4660 regius
746 4598 1044 4660 apparatus
1096 4597 1263 4658 atque
1335 4585 1580 4655 supellex
1630 4599 1804 4654 usque
1851 4583 1919 4637 ad
1967 4583 2084 4635 Μει-
2119 4609 2160 4661 D
2191 4611 2383 4651 versus
2406 4603 2636 4648 matrem
2667 4591 3199 4648 :inﬂexeruntenim
3217 4608 3340 4647 eam
3361 4592 3518 4663 quasi
3546 4608 3614 4648 ex
3636 4610 3777 4664 prae-

505 4687 682 4758 lagma
703 4706 718 4755 ;
739 4699 797 4744 et
823 4687 1174 4743 introeuntes
1203 4686 1260 4741 hi
1290 4685 1742 4758 quiexteriorum
1775 4683 2083 4736 thematum

503 4791 664 4836 erant
717 4788 1017 4836 tenuerunt
1075 4779 1291 4834 urbem.
1351 4779 1573 4832 Mittens
1627 4785 1814 4830 autem
1851 4772 1921 4828 ad
1963 4772 2088 4827 illos

503 4872 777 4943 significat
831 4873 914 4928 eis
974 4870 1209 4926 dicens:
1264 4870 1455 4924 Mittite
1490 4868 1616 4922 mihi
1653 4883 1806 4921 arma
1861 4873 2034 4919 uestra
2069 4879 2088 4918 τ

501 4982 633 5035 opus
674 4967 815 5021 enim
854 4967 994 5020 vobis
1018 4964 1202 5019 habeo.
1249 4962 1318 5016 At
1362 4961 1442 5017 illi
1484 4961 1633 5016 stulti
1665 4959 1928 5016 divinitus
1959 4957 2088 5014 facti

505 5059 783 5116 dederunt
811 5074 896 5115 ea.
958 5059 1117 5114 Tunc
1171 5058 1355 5112 missis
1377 5056 1598 5110 familiis
1621 5069 1812 5109 eorum
1839 5052 1892 5107 in
1919 5068 2088 5106 naves

500 5152 726 5206 exsules
752 5167 848 5205 eos
881 5151 1064 5206 emisit
1089 5149 1158 5204 ab
1190 5149 1350 5213 urbe,
1386 5147 1438 5201 in
1486 5146 1761 5219 propriam
1809 5146 2088 5218 regionem

506 5257 966 5314 unumquemque
1019 5242 1219 5315 jubens
1295 5239 1450 5295 abire
1478 5280 1492 5302 ,
1527 5239 1582 5293 in
1622 5253 1727 5308 qua
1763 5246 1819 5292 et
1872 5237 2091 5308 genitus

504 5346 675 5392 esset.
706 5337 773 5391 Et
798 5352 922 5392 cum
947 5335 1172 5391 fecisset
1194 5333 1498 5390 exercitum
1538 5332 1825 5404 proprium
1855 5340 1909 5385 et
1944 5330 2092 5400 prin-

512 5431 666 5501 cipes
693 5431 800 5486 sibi
854 5431 1324 5500 obtemperantes,
1360 5429 1477 5498 ipsa
1514 5442 1702 5482 mense
1728 5424 1867 5479 Maio
1890 5424 2089 5478 ilerum

513 5522 740 5577 mittens
788 5537 887 5592 per
909 5537 1129 5577 omnem
1185 5522 1367 5577 locum
1421 5517 1744 5573 convocavit
1779 5514 2088 5585 episcopos,

504 5625 625 5685 quo
657 5615 913 5670 venirent
943 5615 998 5668 in
1030 5613 1398 5669 Nicaeensium
1428 5611 1708 5666 civitatem
1738 5607 2005 5678 Bithyniae
2024 5605 2092 5661 ad

515 5704 866 5760 efficiendum
901 5706 1012 5760 illic
1035 5705 1352 5759 concilium.
1376 5704 1446 5759 Et
1490 5717 1588 5772 per
1625 5709 1798 5755 totum
1841 5698 2091 5753 aestivum

517 5805 737 5867 tempus
791 5798 1107 5868 congregati
1166 5806 1298 5854 sunt
1355 5810 1548 5851 omnes
1613 5791 1756 5862 apud
1814 5790 2092 5854 Nicaeam,

520 5890 789 5964 siquidem
812 5907 908 5948 cos
938 5891 1029 5962 qui
1054 5907 1118 5947 ex
1145 5891 1404 5947 Romanae
1455 5886 1601 5944 sedis
1642 5896 1695 5942 et
1731 5883 2092 5942 Orientalium

2189 4687 2534 4760 signantibus
2549 4686 2733 4740 futura
2753 4685 3164 4761 cognitionibus
3185 4685 3498 4750 certificati,
3518 4701 3780 4741 asseren-

2188 4791 2273 4836 tes
2320 4781 2371 4835 ei
2403 4779 2561 4835 :Non
2585 4788 2658 4833 est
2707 4779 3140 4849 pra'destinatum
3163 4777 3306 4850 apud
3338 4777 3506 4832 Deum
3561 4779 3778 4832 tenendi

2187 4872 2360 4942 ﬁlium
2395 4881 2543 4926 tuum
2582 4871 2882 4944 imperium,
2912 4869 3001 4923 sed
3046 4877 3196 4924 tuum
3221 4878 3298 4924 est
3327 4888 3358 4923 α
3389 4868 3501 4924 Deo
3555 4871 3646 4924 tibi
3675 4872 3776 4924 da-

2191 4972 2322 5017 tum.
2347 4965 2412 5018 At
2437 4962 2528 5016 illa
2549 4970 2610 5017 ut
2628 4961 2830 5015 mulier
2850 4960 3101 5026 seducta,
3132 4962 3438 5032 praesertim
3467 4976 3590 5016 cum
3614 4978 3774 5016 amo—

2191 5073 2306 5112 rem
2340 5072 2558 5126 quoque
2586 5054 2929 5124 principatus
2964 5053 3214 5116 haberet,
3249 5053 3487 5109 credidit
3515 5054 3588 5109 ita
3629 5070 3774 5121 esse,

2189 5157 2244 5204 et
2279 5164 2388 5201 non
2427 5146 2749 5215 recOgitavit
2791 5145 2940 5216 quod
2990 5144 3096 5215 ipsi
3147 5143 3401 5200 volentes
3451 5146 3776 5215 dispensare

2191 5256 2280 5295 res
2303 5239 2358 5294 id
2417 5238 2521 5294 sub
2545 5237 2836 5293 occasione
2865 5237 3296 5308 praetenderent.
3326 5237 3470 5309 Ergo
3514 5255 3641 5294 cum
3674 5241 3777 5295 im—

2190 5340 2414 5404 perator
2444 5333 2552 5403 jam
2583 5331 2778 5402 viginti
2827 5341 2976 5387 esset
3039 5347 3312 5386 annorum
3382 5332 3560 5388 factus
3605 5342 3773 5404 atque

2192 5425 2453 5479 robustus
2497 5421 2794 5478 admodum
2839 5416 2897 5478 et
2950 5422 3206 5488 idoneus,
3249 5421 3475 5477 videbat
3532 5439 3590 5479 se
3631 5425 3775 5482 nihil

2193 5513 2485 5583 potestatis
2513 5519 2820 5583 gerentem,
2856 5519 2911 5566 et
2945 5511 3291 5576 tristabatur,
3329 5513 3553 5568 intuens
3580 5528 3611 5568 e
3643 5529 3771 5569 cono

2197 5606 2366 5661 trario
2393 5605 2744 5661 Stauracium
2773 5607 3066 5675 patricium
3099 5615 3156 5662 et
3195 5605 3536 5678 logothetam
3587 5608 3774 5664 omnia

2194 5700 2496 5771 possidere,
2532 5715 2834 5770 omnesque
2864 5700 2931 5753 ad
2967 5700 3123 5753 illum
3165 5699 3490 5770 procedere,
3519 5710 3574 5756 et
3596 5705 3772 5756 nemi-

2195 5806 2318 5845 nem
2341 5790 2408 5846 ad
2440 5805 2499 5845 se
2530 5789 2884 5860 frequentare
2920 5788 3146 5846 audere.
3179 5789 3337 5844 Tunc
3369 5791 3605 5846 consilio
3635 5792 3772 5848 inito

2198 5899 2320 5939 cum
2377 5881 2749 5937 familiaribus
2811 5883 3105 5954 perpaucis
3152 5882 3473 5939 hominibus
3522 5884 3656 5949 suis,
3718 5899 3774 5947 ei
