  <div class='ocr_page' id='page_1' title='image "/cluster/home/n/w/nwhite01/storage/ocr_20150623/108/mdp.39015037042556/708.png"; bbox 0 0 4050 6308; ppageno 0'>
   <div class='ocr_carea' id='block_1_1' title="bbox 312 404 444 467">
    <p class='ocr_par' dir='ltr' id='par_1_1' title="bbox 312 404 444 467">
     <span class='ocr_line' id='line_1_1' title="bbox 312 404 444 467; baseline 0 0"><span class='ocrx_word' id='word_1_1' title='bbox 312 404 444 467; x_wconf 75' lang='grc'><strong>1401</strong></span> 
     </span>
    </p>
   </div>
   <div class='ocr_carea' id='block_1_2' title="bbox 307 605 1887 678">
    <p class='ocr_par' dir='ltr' id='par_1_2' title="bbox 307 605 1887 678">
     <span class='ocr_line' id='line_1_2' title="bbox 307 605 1887 678; baseline -0.003 -14"><span class='ocrx_word' id='word_1_2' title='bbox 307 623 466 678; x_wconf 73' lang='lat' dir='ltr'><strong>aeque</strong></span> <span class='ocrx_word' id='word_1_3' title='bbox 506 606 762 677; x_wconf 88' lang='lat' dir='ltr'><strong>patricio,</strong></span> <span class='ocrx_word' id='word_1_4' title='bbox 811 605 1047 660; x_wconf 84' lang='lat' dir='ltr'><strong>ﬁrmavit</strong></span> <span class='ocrx_word' id='word_1_5' title='bbox 1071 621 1180 676; x_wconf 89' lang='lat' dir='ltr'><strong>quo</strong></span> <span class='ocrx_word' id='word_1_6' title='bbox 1215 606 1717 677; x_wconf 88' lang='lat' dir='ltr'><strong>comprehenderet</strong></span> <span class='ocrx_word' id='word_1_7' title='bbox 1758 622 1887 662; x_wconf 89' lang='lat' dir='ltr'><strong>eum</strong></span> 
     </span>
    </p>
   </div>
   <div class='ocr_carea' id='block_1_3' title="bbox 307 698 1892 771">
    <p class='ocr_par' dir='ltr' id='par_1_3' title="bbox 307 698 1892 771">
     <span class='ocr_line' id='line_1_3' title="bbox 307 698 1892 771; baseline -0.001 -15"><span class='ocrx_word' id='word_1_8' title='bbox 307 710 363 756; x_wconf 86' lang='lat' dir='ltr'><strong>et</strong></span> <span class='ocrx_word' id='word_1_9' title='bbox 400 701 648 756; x_wconf 89' lang='lat' dir='ltr'><strong>exsulem</strong></span> <span class='ocrx_word' id='word_1_10' title='bbox 689 700 744 754; x_wconf 91' lang='lat' dir='ltr'><strong>in</strong></span> <span class='ocrx_word' id='word_1_11' title='bbox 777 698 1022 754; x_wconf 87' lang='lat' dir='ltr'><strong>Siciliam</strong></span> <span class='ocrx_word' id='word_1_12' title='bbox 1045 699 1371 764; x_wconf 74' lang='lat' dir='ltr'><strong>destinaret,</strong></span> <span class='ocrx_word' id='word_1_13' title='bbox 1401 700 1628 771; x_wconf 84' lang='lat' dir='ltr'><strong>ipseque</strong></span> <span class='ocrx_word' id='word_1_14' title='bbox 1679 707 1892 754; x_wconf 86' lang='lat' dir='ltr'><strong>teneret</strong></span> 
     </span>
    </p>
   </div>
   <div class='ocr_carea' id='block_1_4' title="bbox 309 789 1892 862">
    <p class='ocr_par' dir='ltr' id='par_1_4' title="bbox 309 789 1892 862">
     <span class='ocr_line' id='line_1_4' title="bbox 309 789 1892 862; baseline -0.002 -14"><span class='ocrx_word' id='word_1_15' title='bbox 309 791 606 862; x_wconf 89' lang='lat' dir='ltr'><strong>imperium</strong></span> <span class='ocrx_word' id='word_1_16' title='bbox 639 807 766 846; x_wconf 91' lang='lat' dir='ltr'><strong>cum</strong></span> <span class='ocrx_word' id='word_1_17' title='bbox 794 799 969 845; x_wconf 86' lang='lat' dir='ltr'><strong>matre</strong></span> <span class='ocrx_word' id='word_1_18' title='bbox 995 805 1114 845; x_wconf 88' lang='lat' dir='ltr'><strong>sua.</strong></span> <span class='ocrx_word' id='word_1_19' title='bbox 1148 790 1322 845; x_wconf 88' lang='lat' dir='ltr'><strong>Porro</strong></span> <span class='ocrx_word' id='word_1_20' title='bbox 1373 789 1569 860; x_wconf 86' lang='lat' dir='ltr'><strong>quinto</strong></span> <span class='ocrx_word' id='word_1_21' title='bbox 1597 789 1726 845; x_wconf 86' lang='lat' dir='ltr'><strong>ldus</strong></span> <span class='ocrx_word' id='word_1_22' title='bbox 1787 791 1892 845; x_wconf 85' lang='lat' dir='ltr'><strong>Fe-</strong></span> 
     </span>
    </p>
   </div>
   <div class='ocr_carea' id='block_1_5' title="bbox 310 874 1891 960">
    <p class='ocr_par' dir='ltr' id='par_1_5' title="bbox 310 874 1891 960">
     <span class='ocr_line' id='line_1_5' title="bbox 310 874 1891 960; baseline -0.001 -20"><span class='ocrx_word' id='word_1_23' title='bbox 310 885 564 940; x_wconf 79' lang='lat' dir='ltr'><strong>bruarias</strong></span> <span class='ocrx_word' id='word_1_24' title='bbox 611 883 792 960; x_wconf 87' lang='lat' dir='ltr'><strong>factus</strong></span> <span class='ocrx_word' id='word_1_25' title='bbox 834 891 920 938; x_wconf 91' lang='lat' dir='ltr'><strong>est</strong></span> <span class='ocrx_word' id='word_1_26' title='bbox 959 874 1244 939; x_wconf 76' lang='lat' dir='ltr'><strong>horribilis</strong></span> <span class='ocrx_word' id='word_1_27' title='bbox 1282 888 1444 938; x_wconf 76' lang='lat' dir='ltr'><strong>terra:</strong></span> <span class='ocrx_word' id='word_1_28' title='bbox 1487 892 1691 948; x_wconf 82' lang='lat' dir='ltr'><strong>motus,</strong></span> <span class='ocrx_word' id='word_1_29' title='bbox 1731 884 1805 938; x_wconf 91' lang='lat' dir='ltr'><strong>ita</strong></span> <span class='ocrx_word' id='word_1_30' title='bbox 1830 891 1891 938; x_wconf 93' lang='lat' dir='ltr'><strong>ut</strong></span> 
     </span>
    </p>
   </div>
   <div class='ocr_carea' id='block_1_6' title="bbox 311 975 1892 1050">
    <p class='ocr_par' dir='ltr' id='par_1_6' title="bbox 311 975 1892 1050">
     <span class='ocr_line' id='line_1_6' title="bbox 311 975 1892 1050; baseline -0.002 -15"><span class='ocrx_word' id='word_1_31' title='bbox 311 995 420 1035; x_wconf 91' lang='lat' dir='ltr'><strong>non</strong></span> <span class='ocrx_word' id='word_1_32' title='bbox 447 978 681 1034; x_wconf 87' lang='lat' dir='ltr'><strong>auderet</strong></span> <span class='ocrx_word' id='word_1_33' title='bbox 716 976 1008 1050; x_wconf 83' lang='lat' dir='ltr'><strong>quisquam</strong></span> <span class='ocrx_word' id='word_1_34' title='bbox 1042 977 1192 1031; x_wconf 88' lang='lat' dir='ltr'><strong>domi</strong></span> <span class='ocrx_word' id='word_1_35' title='bbox 1251 975 1515 1042; x_wconf 84' lang='lat' dir='ltr'><strong>dormire,</strong></span> <span class='ocrx_word' id='word_1_36' title='bbox 1573 976 1666 1032; x_wconf 88' lang='lat' dir='ltr'><strong>sed</strong></span> <span class='ocrx_word' id='word_1_37' title='bbox 1699 991 1892 1032; x_wconf 87' lang='lat' dir='ltr'><strong>omnes</strong></span> 
     </span>
    </p>
   </div>
   <div class='ocr_carea' id='block_1_7' title="bbox 311 1069 1893 1130">
    <p class='ocr_par' dir='ltr' id='par_1_7' title="bbox 311 1069 1893 1130">
     <span class='ocr_line' id='line_1_7' title="bbox 311 1069 1893 1130; baseline -0.003 0"><span class='ocrx_word' id='word_1_38' title='bbox 311 1075 364 1130; x_wconf 92' lang='lat' dir='ltr'><strong>in</strong></span> <span class='ocrx_word' id='word_1_39' title='bbox 392 1074 571 1129; x_wconf 91' lang='lat' dir='ltr'><strong>hortis</strong></span> <span class='ocrx_word' id='word_1_40' title='bbox 596 1082 653 1129; x_wconf 87' lang='lat' dir='ltr'><strong>et</strong></span> <span class='ocrx_word' id='word_1_41' title='bbox 681 1073 784 1128; x_wconf 88' lang='lat' dir='ltr'><strong>sub</strong></span> <span class='ocrx_word' id='word_1_42' title='bbox 818 1071 911 1128; x_wconf 91' lang='lat' dir='ltr'><strong>dio</strong></span> <span class='ocrx_word' id='word_1_43' title='bbox 941 1071 1314 1129; x_wconf 83' lang='lat' dir='ltr'><strong>tabernaculis</strong></span> <span class='ocrx_word' id='word_1_44' title='bbox 1352 1069 1512 1127; x_wconf 91' lang='lat' dir='ltr'><strong>factis</strong></span> <span class='ocrx_word' id='word_1_45' title='bbox 1550 1080 1605 1127; x_wconf 87' lang='lat' dir='ltr'><strong>et</strong></span> <span class='ocrx_word' id='word_1_46' title='bbox 1635 1070 1893 1126; x_wconf 88' lang='lat' dir='ltr'><strong>tentoriis</strong></span> 
     </span>
    </p>
   </div>
   <div class='ocr_carea' id='block_1_8' title="bbox 309 1161 1892 1236">
    <p class='ocr_par' dir='ltr' id='par_1_8' title="bbox 309 1161 1892 1236">
     <span class='ocr_line' id='line_1_8' title="bbox 309 1161 1892 1236; baseline -0.003 -13"><span class='ocrx_word' id='word_1_47' title='bbox 309 1163 555 1224; x_wconf 76' lang='lat' dir='ltr'><strong>extensis</strong></span> <span class='ocrx_word' id='word_1_48' title='bbox 611 1165 909 1236; x_wconf 82' lang='lat' dir='ltr'><strong>degebant.</strong></span> <span class='ocrx_word' id='word_1_49' title='bbox 939 1164 1042 1221; x_wconf 88' lang='lat' dir='ltr'><strong>Ast</strong></span> <span class='ocrx_word' id='word_1_50' title='bbox 1092 1163 1417 1234; x_wconf 88' lang='lat' dir='ltr'><strong>imperatrix</strong></span> <span class='ocrx_word' id='word_1_51' title='bbox 1455 1178 1564 1219; x_wconf 91' lang='lat' dir='ltr'><strong>una</strong></span> <span class='ocrx_word' id='word_1_52' title='bbox 1614 1178 1740 1217; x_wconf 82' lang='lat' dir='ltr'><strong>cum</strong></span> <span class='ocrx_word' id='word_1_53' title='bbox 1776 1161 1892 1218; x_wconf 79' lang='lat' dir='ltr'><strong>tilio</strong></span> 
     </span>
    </p>
   </div>
   <div class='ocr_carea' id='block_1_9' title="bbox 308 1254 1893 1328">
    <p class='ocr_par' dir='ltr' id='par_1_9' title="bbox 308 1254 1893 1328">
     <span class='ocr_line' id='line_1_9' title="bbox 308 1254 1893 1328; baseline -0.005 -10"><span class='ocrx_word' id='word_1_54' title='bbox 308 1277 412 1318; x_wconf 88' lang='lat' dir='ltr'><strong>suo</strong></span> <span class='ocrx_word' id='word_1_55' title='bbox 450 1274 666 1328; x_wconf 80' lang='lat' dir='ltr'><strong>egressa</strong></span> <span class='ocrx_word' id='word_1_56' title='bbox 697 1268 782 1315; x_wconf 87' lang='lat' dir='ltr'><strong>est</strong></span> <span class='ocrx_word' id='word_1_57' title='bbox 809 1257 879 1312; x_wconf 90' lang='lat' dir='ltr'><strong>ad</strong></span> <span class='ocrx_word' id='word_1_58' title='bbox 912 1257 971 1313; x_wconf 91' lang='lat' dir='ltr'><strong>S.</strong></span> <span class='ocrx_word' id='word_1_59' title='bbox 1001 1256 1257 1312; x_wconf 81' lang='lat' dir='ltr'><strong>Mamam.</strong></span> <span class='ocrx_word' id='word_1_60' title='bbox 1280 1254 1419 1311; x_wconf 89' lang='lat' dir='ltr'><strong>Cum</strong></span> <span class='ocrx_word' id='word_1_61' title='bbox 1445 1263 1628 1310; x_wconf 90' lang='lat' dir='ltr'><strong>autem</strong></span> <span class='ocrx_word' id='word_1_62' title='bbox 1660 1254 1893 1311; x_wconf 83' lang='lat' dir='ltr'><strong>Staura-</strong></span> 
     </span>
    </p>
   </div>
   <div class='ocr_carea' id='block_1_10' title="bbox 310 1347 1894 1420">
    <p class='ocr_par' dir='ltr' id='par_1_10' title="bbox 310 1347 1894 1420">
     <span class='ocr_line' id='line_1_10' title="bbox 310 1347 1894 1420; baseline -0.003 -12"><span class='ocrx_word' id='word_1_63' title='bbox 310 1354 396 1409; x_wconf 92' lang='lat' dir='ltr'><strong>cio</strong></span> <span class='ocrx_word' id='word_1_64' title='bbox 453 1351 708 1408; x_wconf 88' lang='lat' dir='ltr'><strong>nuntiata</strong></span> <span class='ocrx_word' id='word_1_65' title='bbox 761 1349 958 1405; x_wconf 81' lang='lat' dir='ltr'><strong>fuisset</strong></span> <span class='ocrx_word' id='word_1_66' title='bbox 1016 1347 1338 1420; x_wconf 70' lang='lat' dir='ltr'><strong>prmsignata</strong></span> <span class='ocrx_word' id='word_1_67' title='bbox 1391 1364 1518 1410; x_wconf 89' lang='lat' dir='ltr'><strong>res.</strong></span> <span class='ocrx_word' id='word_1_68' title='bbox 1583 1357 1894 1404; x_wconf 83' lang='lat' dir='ltr'><strong>commovet</strong></span> 
     </span>
    </p>
   </div>
   <div class='ocr_carea' id='block_1_11' title="bbox 311 1441 1891 1517">
    <p class='ocr_par' dir='ltr' id='par_1_11' title="bbox 311 1441 1891 1517">
     <span class='ocr_line' id='line_1_11' title="bbox 311 1441 1891 1517; baseline -0.001 -17"><span class='ocrx_word' id='word_1_69' title='bbox 311 1446 614 1517; x_wconf 79' lang='lat' dir='ltr'><strong>Augustam</strong></span> <span class='ocrx_word' id='word_1_70' title='bbox 670 1454 866 1499; x_wconf 91' lang='lat' dir='ltr'><strong>contra</strong></span> <span class='ocrx_word' id='word_1_71' title='bbox 923 1441 1095 1497; x_wconf 79' lang='lat' dir='ltr'><strong>tilium</strong></span> <span class='ocrx_word' id='word_1_72' title='bbox 1126 1459 1143 1508; x_wconf 88' lang='lat'><strong>;</strong></span> <span class='ocrx_word' id='word_1_73' title='bbox 1174 1456 1295 1513; x_wconf 81' lang='lat' dir='ltr'><strong>quae</strong></span> <span class='ocrx_word' id='word_1_74' title='bbox 1326 1442 1760 1511; x_wconf 87' lang='lat' dir='ltr'><strong>comprehensos</strong></span> <span class='ocrx_word' id='word_1_75' title='bbox 1791 1443 1891 1498; x_wconf 82' lang='lat' dir='ltr'><strong>ho-</strong></span> 
     </span>
    </p>
   </div>
   <div class='ocr_carea' id='block_1_12' title="bbox 312 1531 1892 1605">
    <p class='ocr_par' dir='ltr' id='par_1_12' title="bbox 312 1531 1892 1605">
     <span class='ocr_line' id='line_1_12' title="bbox 312 1531 1892 1605; baseline -0.001 -15"><span class='ocrx_word' id='word_1_76' title='bbox 312 1537 491 1591; x_wconf 86' lang='lat' dir='ltr'><strong>mines</strong></span> <span class='ocrx_word' id='word_1_77' title='bbox 551 1534 904 1605; x_wconf 86' lang='lat' dir='ltr'><strong>imperatoris</strong></span> <span class='ocrx_word' id='word_1_78' title='bbox 953 1548 1150 1589; x_wconf 89' lang='lat' dir='ltr'><strong>omnes</strong></span> <span class='ocrx_word' id='word_1_79' title='bbox 1179 1531 1381 1588; x_wconf 86' lang='lat' dir='ltr'><strong>cecidit</strong></span> <span class='ocrx_word' id='word_1_80' title='bbox 1413 1544 1579 1604; x_wconf 87' lang='lat' dir='ltr'><strong>atque</strong></span> <span class='ocrx_word' id='word_1_81' title='bbox 1630 1534 1892 1599; x_wconf 89' lang='lat' dir='ltr'><strong>totondit,</strong></span> 
     </span>
    </p>
   </div>
   <div class='ocr_carea' id='block_1_13' title="bbox 313 1626 1892 1699">
    <p class='ocr_par' dir='ltr' id='par_1_13' title="bbox 313 1626 1892 1699">
     <span class='ocr_line' id='line_1_13' title="bbox 313 1626 1892 1699; baseline -0.002 -13"><span class='ocrx_word' id='word_1_82' title='bbox 313 1646 422 1686; x_wconf 85' lang='lat' dir='ltr'><strong>una</strong></span> <span class='ocrx_word' id='word_1_83' title='bbox 455 1644 583 1686; x_wconf 89' lang='lat' dir='ltr'><strong>cum</strong></span> <span class='ocrx_word' id='word_1_84' title='bbox 624 1627 836 1684; x_wconf 80' lang='lat' dir='ltr'><strong>Joanne</strong></span> <span class='ocrx_word' id='word_1_85' title='bbox 893 1627 1343 1699; x_wconf 88' lang='lat' dir='ltr'><strong>protospathario</strong></span> <span class='ocrx_word' id='word_1_86' title='bbox 1375 1636 1432 1682; x_wconf 89' lang='lat' dir='ltr'><strong>et</strong></span> <span class='ocrx_word' id='word_1_87' title='bbox 1465 1626 1652 1698; x_wconf 87' lang='lat' dir='ltr'><strong>baiulo</strong></span> <span class='ocrx_word' id='word_1_88' title='bbox 1697 1628 1892 1699; x_wconf 86' lang='lat' dir='ltr'><strong>ipsius,</strong></span> 
     </span>
    </p>
   </div>
   <div class='ocr_carea' id='block_1_14' title="bbox 309 1719 1894 1792">
    <p class='ocr_par' dir='ltr' id='par_1_14' title="bbox 309 1719 1894 1792">
     <span class='ocr_line' id='line_1_14' title="bbox 309 1719 1894 1792; baseline -0.001 -14"><span class='ocrx_word' id='word_1_89' title='bbox 309 1733 365 1778; x_wconf 90' lang='lat' dir='ltr'><strong>et</strong></span> <span class='ocrx_word' id='word_1_90' title='bbox 406 1722 603 1778; x_wconf 90' lang='lat' dir='ltr'><strong>exsilio</strong></span> <span class='ocrx_word' id='word_1_91' title='bbox 652 1721 916 1792; x_wconf 79' lang='lat' dir='ltr'><strong>relegavit</strong></span> <span class='ocrx_word' id='word_1_92' title='bbox 943 1724 999 1775; x_wconf 89' lang='lat' dir='ltr'><strong>in</strong></span> <span class='ocrx_word' id='word_1_93' title='bbox 1044 1719 1408 1776; x_wconf 85' lang='lat' dir='ltr'><strong>inferioribus</strong></span> <span class='ocrx_word' id='word_1_94' title='bbox 1432 1720 1685 1791; x_wconf 89' lang='lat' dir='ltr'><strong>partibus</strong></span> <span class='ocrx_word' id='word_1_95' title='bbox 1718 1736 1894 1791; x_wconf 89' lang='lat' dir='ltr'><strong>usque</strong></span> 
     </span>
    </p>
   </div>
   <div class='ocr_carea' id='block_1_15' title="bbox 309 1814 1891 1885">
    <p class='ocr_par' dir='ltr' id='par_1_15' title="bbox 309 1814 1891 1885">
     <span class='ocr_line' id='line_1_15' title="bbox 309 1814 1891 1885; baseline -0.003 -12"><span class='ocrx_word' id='word_1_96' title='bbox 309 1818 364 1873; x_wconf 92' lang='lat' dir='ltr'><strong>in</strong></span> <span class='ocrx_word' id='word_1_97' title='bbox 393 1816 662 1880; x_wconf 89' lang='lat' dir='ltr'><strong>Siciliam,</strong></span> <span class='ocrx_word' id='word_1_98' title='bbox 687 1815 914 1871; x_wconf 85' lang='lat' dir='ltr'><strong>Petrum</strong></span> <span class='ocrx_word' id='word_1_99' title='bbox 950 1830 1085 1870; x_wconf 86' lang='lat' dir='ltr'><strong>vero</strong></span> <span class='ocrx_word' id='word_1_100' title='bbox 1123 1815 1506 1885; x_wconf 83' lang='lat' dir='ltr'><strong>magistratum</strong></span> <span class='ocrx_word' id='word_1_101' title='bbox 1557 1814 1891 1871; x_wconf 84' lang='lat' dir='ltr'><strong>dehonesta-</strong></span> 
     </span>
    </p>
   </div>
   <div class='ocr_carea' id='block_1_16' title="bbox 308 1907 1888 1979">
    <p class='ocr_par' dir='ltr' id='par_1_16' title="bbox 308 1907 1888 1979">
     <span class='ocr_line' id='line_1_16' title="bbox 308 1907 1888 1979; baseline -0.003 -14"><span class='ocrx_word' id='word_1_102' title='bbox 308 1909 559 1965; x_wconf 90' lang='lat' dir='ltr'><strong>tionibus</strong></span> <span class='ocrx_word' id='word_1_103' title='bbox 588 1908 924 1963; x_wconf 84' lang='lat' dir='ltr'><strong>submittens</strong></span> <span class='ocrx_word' id='word_1_104' title='bbox 956 1908 1010 1961; x_wconf 92' lang='lat' dir='ltr'><strong>in</strong></span> <span class='ocrx_word' id='word_1_105' title='bbox 1050 1907 1215 1962; x_wconf 90' lang='lat' dir='ltr'><strong>domo</strong></span> <span class='ocrx_word' id='word_1_106' title='bbox 1241 1923 1338 1962; x_wconf 88' lang='lat' dir='ltr'><strong>sua</strong></span> <span class='ocrx_word' id='word_1_107' title='bbox 1371 1907 1566 1963; x_wconf 90' lang='lat' dir='ltr'><strong>sedere</strong></span> <span class='ocrx_word' id='word_1_108' title='bbox 1602 1909 1888 1979; x_wconf 58' lang='lat' dir='ltr'><strong>praecepit,</strong></span> 
     </span>
    </p>
   </div>
   <div class='ocr_carea' id='block_1_17' title="bbox 306 1996 1890 2066">
    <p class='ocr_par' dir='ltr' id='par_1_17' title="bbox 306 1996 1890 2066">
     <span class='ocr_line' id='line_1_17' title="bbox 306 1996 1890 2066; baseline 0.001 -12"><span class='ocrx_word' id='word_1_109' title='bbox 306 1999 566 2055; x_wconf 83' lang='lat' dir='ltr'><strong>similiter</strong></span> <span class='ocrx_word' id='word_1_110' title='bbox 614 2008 670 2053; x_wconf 89' lang='lat' dir='ltr'><strong>et</strong></span> <span class='ocrx_word' id='word_1_111' title='bbox 706 1996 1060 2052; x_wconf 86' lang='lat' dir='ltr'><strong>Theodorum</strong></span> <span class='ocrx_word' id='word_1_112' title='bbox 1091 1997 1411 2066; x_wconf 88' lang='lat' dir='ltr'><strong>patricium.</strong></span> <span class='ocrx_word' id='word_1_113' title='bbox 1459 1998 1632 2054; x_wconf 89' lang='lat' dir='ltr'><strong>Porro</strong></span> <span class='ocrx_word' id='word_1_114' title='bbox 1671 1999 1890 2058; x_wconf 83' lang='lat' dir='ltr'><strong>Damia-</strong></span> 
     </span>
    </p>
   </div>
   <div class='ocr_carea' id='block_1_18' title="bbox 308 2090 1894 2165">
    <p class='ocr_par' dir='ltr' id='par_1_18' title="bbox 308 2090 1894 2165">
     <span class='ocr_line' id='line_1_18' title="bbox 308 2090 1894 2165; baseline 0.002 -18"><span class='ocrx_word' id='word_1_115' title='bbox 308 2109 441 2147; x_wconf 91' lang='lat' dir='ltr'><strong>num</strong></span> <span class='ocrx_word' id='word_1_116' title='bbox 473 2090 772 2162; x_wconf 86' lang='lat' dir='ltr'><strong>patricium</strong></span> <span class='ocrx_word' id='word_1_117' title='bbox 795 2106 995 2146; x_wconf 73' lang='lat' dir='ltr'><strong>czesum</strong></span> <span class='ocrx_word' id='word_1_118' title='bbox 1029 2098 1086 2145; x_wconf 88' lang='lat' dir='ltr'><strong>et</strong></span> <span class='ocrx_word' id='word_1_119' title='bbox 1111 2100 1329 2145; x_wconf 85' lang='lat' dir='ltr'><strong>tonsum</strong></span> <span class='ocrx_word' id='word_1_120' title='bbox 1365 2090 1420 2146; x_wconf 93' lang='lat' dir='ltr'><strong>in</strong></span> <span class='ocrx_word' id='word_1_121' title='bbox 1450 2100 1691 2148; x_wconf 87' lang='lat' dir='ltr'><strong>castrum</strong></span> <span class='ocrx_word' id='word_1_122' title='bbox 1721 2095 1894 2165; x_wconf 87' lang='lat' dir='ltr'><strong>Apol-</strong></span> 
     </span>
    </p>
   </div>
   <div class='ocr_carea' id='block_1_19' title="bbox 307 2183 1890 2242">
    <p class='ocr_par' dir='ltr' id='par_1_19' title="bbox 307 2183 1890 2242">
     <span class='ocr_line' id='line_1_19' title="bbox 307 2183 1890 2242; baseline 0.001 -2"><span class='ocrx_word' id='word_1_123' title='bbox 307 2184 588 2241; x_wconf 88' lang='lat' dir='ltr'><strong>loniadem</strong></span> <span class='ocrx_word' id='word_1_124' title='bbox 631 2184 878 2239; x_wconf 82' lang='lat' dir='ltr'><strong>exsulem</strong></span> <span class='ocrx_word' id='word_1_125' title='bbox 917 2183 1036 2239; x_wconf 82' lang='lat' dir='ltr'><strong>fore</strong></span> <span class='ocrx_word' id='word_1_126' title='bbox 1066 2183 1373 2238; x_wconf 83' lang='lat' dir='ltr'><strong>constituit.</strong></span> <span class='ocrx_word' id='word_1_127' title='bbox 1423 2184 1746 2240; x_wconf 83' lang='lat' dir='ltr'><strong>Percutiens</strong></span> <span class='ocrx_word' id='word_1_128' title='bbox 1791 2204 1890 2242; x_wconf 87' lang='lat' dir='ltr'><strong>au-</strong></span> 
     </span>
    </p>
   </div>
   <div class='ocr_carea' id='block_1_20' title="bbox 312 2277 1891 2350">
    <p class='ocr_par' dir='ltr' id='par_1_20' title="bbox 312 2277 1891 2350">
     <span class='ocr_line' id='line_1_20' title="bbox 312 2277 1891 2350; baseline 0.003 -17"><span class='ocrx_word' id='word_1_129' title='bbox 312 2291 421 2333; x_wconf 90' lang='lat' dir='ltr'><strong>tem</strong></span> <span class='ocrx_word' id='word_1_130' title='bbox 449 2287 503 2334; x_wconf 92' lang='lat' dir='ltr'><strong>et</strong></span> <span class='ocrx_word' id='word_1_131' title='bbox 542 2277 716 2337; x_wconf 85' lang='lat' dir='ltr'><strong>filium</strong></span> <span class='ocrx_word' id='word_1_132' title='bbox 747 2277 1120 2348; x_wconf 89' lang='lat' dir='ltr'><strong>conviciisque</strong></span> <span class='ocrx_word' id='word_1_133' title='bbox 1150 2277 1339 2332; x_wconf 90' lang='lat' dir='ltr'><strong>multis</strong></span> <span class='ocrx_word' id='word_1_134' title='bbox 1361 2277 1640 2334; x_wconf 88' lang='lat' dir='ltr'><strong>lacessens</strong></span> <span class='ocrx_word' id='word_1_135' title='bbox 1679 2280 1792 2350; x_wconf 82' lang='lat' dir='ltr'><strong>egit</strong></span> <span class='ocrx_word' id='word_1_136' title='bbox 1822 2297 1891 2337; x_wconf 84' lang='lat' dir='ltr'><strong>ne</strong></span> 
     </span>
    </p>
   </div>
   <div class='ocr_carea' id='block_1_21' title="bbox 308 2369 1891 2444">
    <p class='ocr_par' dir='ltr' id='par_1_21' title="bbox 308 2369 1891 2444">
     <span class='ocr_line' id='line_1_21' title="bbox 308 2369 1891 2444; baseline 0.001 -18"><span class='ocrx_word' id='word_1_137' title='bbox 308 2371 633 2444; x_wconf 87' lang='lat' dir='ltr'><strong>procederet</strong></span> <span class='ocrx_word' id='word_1_138' title='bbox 694 2385 792 2441; x_wconf 88' lang='lat' dir='ltr'><strong>per</strong></span> <span class='ocrx_word' id='word_1_139' title='bbox 840 2369 960 2425; x_wconf 88' lang='lat' dir='ltr'><strong>dies</strong></span> <span class='ocrx_word' id='word_1_140' title='bbox 1026 2383 1136 2423; x_wconf 90' lang='lat' dir='ltr'><strong>non</strong></span> <span class='ocrx_word' id='word_1_141' title='bbox 1182 2384 1407 2439; x_wconf 89' lang='lat' dir='ltr'><strong>paucos.</strong></span> <span class='ocrx_word' id='word_1_142' title='bbox 1449 2370 1632 2442; x_wconf 66' lang='lat' dir='ltr'><strong>Carpit</strong></span> <span class='ocrx_word' id='word_1_143' title='bbox 1706 2382 1891 2428; x_wconf 91' lang='lat' dir='ltr'><strong>autem</strong></span> 
     </span>
    </p>
   </div>
   <div class='ocr_carea' id='block_1_22' title="bbox 309 2459 1894 2537">
    <p class='ocr_par' dir='ltr' id='par_1_22' title="bbox 309 2459 1894 2537">
     <span class='ocr_line' id='line_1_22' title="bbox 309 2459 1894 2537; baseline 0.001 -17"><span class='ocrx_word' id='word_1_144' title='bbox 309 2463 706 2537; x_wconf 85' lang='lat' dir='ltr'><strong>adiuramentis</strong></span> <span class='ocrx_word' id='word_1_145' title='bbox 742 2461 1068 2518; x_wconf 89' lang='lat' dir='ltr'><strong>submittere</strong></span> <span class='ocrx_word' id='word_1_146' title='bbox 1103 2459 1338 2535; x_wconf 85' lang='lat' dir='ltr'><strong>[iurare]</strong></span> <span class='ocrx_word' id='word_1_147' title='bbox 1382 2463 1633 2518; x_wconf 84' lang='lat' dir='ltr'><strong>militiam</strong></span> <span class='ocrx_word' id='word_1_148' title='bbox 1662 2466 1772 2535; x_wconf 90' lang='lat' dir='ltr'><strong>iam</strong></span> <span class='ocrx_word' id='word_1_149' title='bbox 1809 2467 1894 2521; x_wconf 86' lang='lat' dir='ltr'><strong>di-</strong></span> 
     </span>
    </p>
   </div>
   <div class='ocr_carea' id='block_1_23' title="bbox 309 2556 1893 2629">
    <p class='ocr_par' dir='ltr' id='par_1_23' title="bbox 309 2556 1893 2629">
     <span class='ocr_line' id='line_1_23' title="bbox 309 2556 1893 2629; baseline 0.002 -16"><span class='ocrx_word' id='word_1_150' title='bbox 309 2568 552 2622; x_wconf 88' lang='lat' dir='ltr'><strong>centem,</strong></span> <span class='ocrx_word' id='word_1_151' title='bbox 588 2557 716 2629; x_wconf 89' lang='lat' dir='ltr'><strong>quia</strong></span> <span class='ocrx_word' id='word_1_152' title='bbox 751 2557 1053 2627; x_wconf 86' lang='lat' dir='ltr'><strong>Quousque</strong></span> <span class='ocrx_word' id='word_1_153' title='bbox 1082 2566 1137 2612; x_wconf 92' lang='lat' dir='ltr'><strong>tu</strong></span> <span class='ocrx_word' id='word_1_154' title='bbox 1176 2556 1338 2624; x_wconf 87' lang='lat' dir='ltr'><strong>vivis,</strong></span> <span class='ocrx_word' id='word_1_155' title='bbox 1361 2572 1473 2612; x_wconf 92' lang='lat' dir='ltr'><strong>non</strong></span> <span class='ocrx_word' id='word_1_156' title='bbox 1508 2559 1893 2626; x_wconf 87' lang='lat' dir='ltr'><strong>permittemus</strong></span> 
     </span>
    </p>
   </div>
   <div class='ocr_carea' id='block_1_24' title="bbox 309 2648 1890 2721">
    <p class='ocr_par' dir='ltr' id='par_1_24' title="bbox 309 2648 1890 2721">
     <span class='ocr_line' id='line_1_24' title="bbox 309 2648 1890 2721; baseline 0.001 -15"><span class='ocrx_word' id='word_1_157' title='bbox 309 2650 584 2721; x_wconf 90' lang='lat' dir='ltr'><strong>imperare</strong></span> <span class='ocrx_word' id='word_1_158' title='bbox 615 2649 788 2704; x_wconf 86' lang='lat' dir='ltr'><strong>tilium</strong></span> <span class='ocrx_word' id='word_1_159' title='bbox 823 2659 1002 2704; x_wconf 90' lang='lat' dir='ltr'><strong>tuum.</strong></span> <span class='ocrx_word' id='word_1_160' title='bbox 1036 2648 1104 2704; x_wconf 88' lang='lat' dir='ltr'><strong>Et</strong></span> <span class='ocrx_word' id='word_1_161' title='bbox 1147 2648 1406 2720; x_wconf 84' lang='lat' dir='ltr'><strong>iurabant</strong></span> <span class='ocrx_word' id='word_1_162' title='bbox 1433 2663 1629 2706; x_wconf 89' lang='lat' dir='ltr'><strong>omnes</strong></span> <span class='ocrx_word' id='word_1_163' title='bbox 1654 2651 1754 2716; x_wconf 92' lang='lat' dir='ltr'><strong>sic,</strong></span> <span class='ocrx_word' id='word_1_164' title='bbox 1794 2668 1890 2708; x_wconf 91' lang='lat' dir='ltr'><strong>ne-</strong></span> 
     </span>
    </p>
   </div>
   <div class='ocr_carea' id='block_1_25' title="bbox 306 2740 1892 2811">
    <p class='ocr_par' dir='ltr' id='par_1_25' title="bbox 306 2740 1892 2811">
     <span class='ocr_line' id='line_1_25' title="bbox 306 2740 1892 2811; baseline -0.001 -12"><span class='ocrx_word' id='word_1_165' title='bbox 306 2744 458 2799; x_wconf 91' lang='lat' dir='ltr'><strong>mine</strong></span> <span class='ocrx_word' id='word_1_166' title='bbox 519 2741 898 2798; x_wconf 88' lang='lat' dir='ltr'><strong>contradicere</strong></span> <span class='ocrx_word' id='word_1_167' title='bbox 954 2756 1122 2811; x_wconf 86' lang='lat' dir='ltr'><strong>super</strong></span> <span class='ocrx_word' id='word_1_168' title='bbox 1185 2740 1292 2795; x_wconf 91' lang='lat' dir='ltr'><strong>hoc</strong></span> <span class='ocrx_word' id='word_1_169' title='bbox 1352 2740 1614 2798; x_wconf 86' lang='lat' dir='ltr'><strong>audente.</strong></span> <span class='ocrx_word' id='word_1_170' title='bbox 1679 2743 1892 2799; x_wconf 84' lang='lat' dir='ltr'><strong>interea</strong></span> 
     </span>
    </p>
   </div>
   <div class='ocr_carea' id='block_1_26' title="bbox 308 2833 1893 2909">
    <p class='ocr_par' dir='ltr' id='par_1_26' title="bbox 308 2833 1893 2909">
     <span class='ocr_line' id='line_1_26' title="bbox 308 2833 1893 2909; baseline 0.001 -18"><span class='ocrx_word' id='word_1_171' title='bbox 308 2837 500 2892; x_wconf 88' lang='lat' dir='ltr'><strong>classis</strong></span> <span class='ocrx_word' id='word_1_172' title='bbox 534 2835 773 2891; x_wconf 86' lang='lat' dir='ltr'><strong>Arabum</strong></span> <span class='ocrx_word' id='word_1_173' title='bbox 797 2835 852 2889; x_wconf 88' lang='lat' dir='ltr'><strong>in</strong></span> <span class='ocrx_word' id='word_1_174' title='bbox 897 2835 1138 2905; x_wconf 83' lang='lat' dir='ltr'><strong>Cyprum</strong></span> <span class='ocrx_word' id='word_1_175' title='bbox 1191 2833 1382 2890; x_wconf 78' lang='lat' dir='ltr'><strong>exivit.</strong></span> <span class='ocrx_word' id='word_1_176' title='bbox 1433 2833 1592 2901; x_wconf 87' lang='lat' dir='ltr'><strong>Quod</strong></span> <span class='ocrx_word' id='word_1_177' title='bbox 1649 2852 1893 2909; x_wconf 56' lang='lat' dir='ltr'><strong>praecog-</strong></span> 
     </span>
    </p>
   </div>
   <div class='ocr_carea' id='block_1_27' title="bbox 303 2926 1895 2999">
    <p class='ocr_par' dir='ltr' id='par_1_27' title="bbox 303 2926 1895 2999">
     <span class='ocr_line' id='line_1_27' title="bbox 303 2926 1895 2999; baseline 0 -14"><span class='ocrx_word' id='word_1_178' title='bbox 303 2944 546 2985; x_wconf 87' lang='lat' dir='ltr'><strong>noscens</strong></span> <span class='ocrx_word' id='word_1_179' title='bbox 583 2927 906 2999; x_wconf 88' lang='lat' dir='ltr'><strong>imperatrix</strong></span> <span class='ocrx_word' id='word_1_180' title='bbox 944 2926 1290 2983; x_wconf 89' lang='lat' dir='ltr'><strong>coacervavit</strong></span> <span class='ocrx_word' id='word_1_181' title='bbox 1328 2935 1386 2983; x_wconf 90' lang='lat' dir='ltr'><strong>et</strong></span> <span class='ocrx_word' id='word_1_182' title='bbox 1412 2927 1529 2998; x_wconf 89' lang='lat' dir='ltr'><strong>ipsa</strong></span> <span class='ocrx_word' id='word_1_183' title='bbox 1570 2930 1755 2985; x_wconf 84' lang='lat' dir='ltr'><strong>omnia</strong></span> <span class='ocrx_word' id='word_1_184' title='bbox 1783 2931 1895 2985; x_wconf 78' lang='lat' dir='ltr'><strong>Ro-</strong></span> 
     </span>
    </p>
   </div>
   <div class='ocr_carea' id='block_1_28' title="bbox 306 3019 1893 3093">
    <p class='ocr_par' dir='ltr' id='par_1_28' title="bbox 306 3019 1893 3093">
     <span class='ocr_line' id='line_1_28' title="bbox 306 3019 1893 3093; baseline 0.002 -17"><span class='ocrx_word' id='word_1_185' title='bbox 306 3037 470 3078; x_wconf 90' lang='lat' dir='ltr'><strong>mana</strong></span> <span class='ocrx_word' id='word_1_186' title='bbox 517 3020 757 3093; x_wconf 86' lang='lat' dir='ltr'><strong>navigia,</strong></span> <span class='ocrx_word' id='word_1_187' title='bbox 801 3029 858 3075; x_wconf 91' lang='lat' dir='ltr'><strong>et</strong></span> <span class='ocrx_word' id='word_1_188' title='bbox 907 3019 1059 3075; x_wconf 87' lang='lat' dir='ltr'><strong>misit</strong></span> <span class='ocrx_word' id='word_1_189' title='bbox 1101 3019 1366 3076; x_wconf 86' lang='lat' dir='ltr'><strong>adversus</strong></span> <span class='ocrx_word' id='word_1_190' title='bbox 1394 3037 1510 3077; x_wconf 90' lang='lat' dir='ltr'><strong>eos.</strong></span> <span class='ocrx_word' id='word_1_191' title='bbox 1540 3021 1677 3079; x_wconf 89' lang='lat' dir='ltr'><strong>Cum</strong></span> <span class='ocrx_word' id='word_1_192' title='bbox 1709 3035 1893 3079; x_wconf 89' lang='lat' dir='ltr'><strong>autem</strong></span> 
     </span>
    </p>
   </div>
   <div class='ocr_carea' id='block_1_29' title="bbox 303 3115 1895 3188">
    <p class='ocr_par' dir='ltr' id='par_1_29' title="bbox 303 3115 1895 3188">
     <span class='ocr_line' id='line_1_29' title="bbox 303 3115 1895 3188; baseline 0.004 -18"><span class='ocrx_word' id='word_1_193' title='bbox 303 3128 486 3187; x_wconf 86' lang='lat' dir='ltr'><strong>usque</strong></span> <span class='ocrx_word' id='word_1_194' title='bbox 535 3116 683 3188; x_wconf 85' lang='lat' dir='ltr'><strong>Myra</strong></span> <span class='ocrx_word' id='word_1_195' title='bbox 725 3123 962 3186; x_wconf 89' lang='lat' dir='ltr'><strong>uterque</strong></span> <span class='ocrx_word' id='word_1_196' title='bbox 1013 3123 1219 3185; x_wconf 66' lang='lat' dir='ltr'><strong>praetor</strong></span> <span class='ocrx_word' id='word_1_197' title='bbox 1263 3115 1541 3182; x_wconf 76' lang='lat' dir='ltr'><strong>venisset,</strong></span> <span class='ocrx_word' id='word_1_198' title='bbox 1609 3117 1832 3174; x_wconf 86' lang='lat' dir='ltr'><strong>divertit</strong></span> <span class='ocrx_word' id='word_1_199' title='bbox 1864 3135 1895 3177; x_wconf 67' lang='grc' dir='ltr'><strong>δ</strong></span> 
     </span>
    </p>
   </div>
   <div class='ocr_carea' id='block_1_30' title="bbox 1102 396 2714 474">
    <p class='ocr_par' dir='ltr' id='par_1_30' title="bbox 1102 396 2714 474">
     <span class='ocr_line' id='line_1_30' title="bbox 1102 396 2714 474; baseline 0.006 -10"><span class='ocrx_word' id='word_1_200' title='bbox 1102 396 1472 464; x_wconf 70' lang='lat' dir='ltr'><strong>HISTORIA</strong></span> <span class='ocrx_word' id='word_1_201' title='bbox 1499 403 2072 467; x_wconf 79' lang='lat' dir='ltr'><strong>ECCLESIASTICA</strong></span> <span class='ocrx_word' id='word_1_202' title='bbox 2099 406 2204 469; x_wconf 85' lang='lat' dir='ltr'><strong>EX</strong></span> <span class='ocrx_word' id='word_1_203' title='bbox 2230 407 2714 474; x_wconf 80' lang='grc' dir='ltr'><strong>ΤΗΕΟΡΗΑΝΕ.</strong></span> 
     </span>
    </p>
   </div>
   <div class='ocr_carea' id='block_1_31' title="bbox 311 512 2287 608">
    <p class='ocr_par' dir='ltr' id='par_1_31' title="bbox 311 512 2287 608">
     <span class='ocr_line' id='line_1_31' title="bbox 311 512 2287 608; baseline 0.001 -37"><span class='ocrx_word' id='word_1_204' title='bbox 311 519 473 572; x_wconf 88' lang='lat' dir='ltr'><strong>Petro</strong></span> <span class='ocrx_word' id='word_1_205' title='bbox 508 514 838 608; x_wconf 75' lang='lat' dir='ltr'><strong>magistratu</strong></span> <span class='ocrx_word' id='word_1_206' title='bbox 854 519 910 568; x_wconf 92' lang='lat' dir='ltr'><strong>et</strong></span> <span class='ocrx_word' id='word_1_207' title='bbox 942 512 1238 569; x_wconf 87' lang='lat' dir='ltr'><strong>Theodoro</strong></span> <span class='ocrx_word' id='word_1_208' title='bbox 1265 514 1502 608; x_wconf 80' lang='lat' dir='ltr'><strong>patricio</strong></span> <span class='ocrx_word' id='word_1_209' title='bbox 1543 524 1598 608; x_wconf 76' lang='lat' dir='ltr'><strong>et</strong></span> <span class='ocrx_word' id='word_1_210' title='bbox 1626 513 1893 570; x_wconf 78' lang='lat' dir='ltr'><strong>Damiano</strong></span> <span class='ocrx_word' id='word_1_211' title='bbox 1920 514 1971 573; x_wconf 86' lang='lat' dir='ltr'><strong>A</strong></span> <span class='ocrx_word' id='word_1_212' title='bbox 1996 541 2287 608; x_wconf 53' lang='lat' dir='ltr'><strong>versuti”,</strong></span> 
     </span>
    </p>
   </div>
   <div class='ocr_carea' id='block_1_32' title="bbox 3443 409 3588 479">
    <p class='ocr_par' dir='ltr' id='par_1_32' title="bbox 3443 409 3588 479">
     <span class='ocr_line' id='line_1_32' title="bbox 3443 409 3588 479; baseline 0.028 -4"><span class='ocrx_word' id='word_1_213' title='bbox 3443 409 3588 479; x_wconf 72' lang='lat'><strong>1402</strong></span> 
     </span>
    </p>
   </div>
   <div class='ocr_carea' id='block_1_33' title="bbox 2308 545 3588 620">
    <p class='ocr_par' dir='ltr' id='par_1_33' title="bbox 2308 545 3588 620">
     <span class='ocr_line' id='line_1_33' title="bbox 2308 545 3588 620; baseline 0.006 -23"><span class='ocrx_word' id='word_1_214' title='bbox 2308 548 2588 614; x_wconf 88' lang='lat' dir='ltr'><strong>quomodo</strong></span> <span class='ocrx_word' id='word_1_215' title='bbox 2607 560 2710 616; x_wconf 89' lang='lat' dir='ltr'><strong>per</strong></span> <span class='ocrx_word' id='word_1_216' title='bbox 2737 546 2906 601; x_wconf 88' lang='lat' dir='ltr'><strong>multa</strong></span> <span class='ocrx_word' id='word_1_217' title='bbox 2931 545 3118 602; x_wconf 89' lang='lat' dir='ltr'><strong>studet</strong></span> <span class='ocrx_word' id='word_1_218' title='bbox 3135 557 3457 617; x_wconf 85' lang='lat' dir='ltr'><strong>argumenta</strong></span> <span class='ocrx_word' id='word_1_219' title='bbox 3487 564 3588 620; x_wconf 85' lang='lat' dir='ltr'><strong>ge-</strong></span> 
     </span>
    </p>
   </div>
   <div class='ocr_carea' id='block_1_34' title="bbox 1990 633 3591 712">
    <p class='ocr_par' dir='ltr' id='par_1_34' title="bbox 1990 633 3591 712">
     <span class='ocr_line' id='line_1_34' title="bbox 1990 633 3591 712; baseline 0.006 -25"><span class='ocrx_word' id='word_1_220' title='bbox 1990 647 2098 688; x_wconf 88' lang='lat' dir='ltr'><strong>nus</strong></span> <span class='ocrx_word' id='word_1_221' title='bbox 2126 633 2410 691; x_wconf 82' lang='lat' dir='ltr'><strong>hominum</strong></span> <span class='ocrx_word' id='word_1_222' title='bbox 2436 638 2670 708; x_wconf 88' lang='lat' dir='ltr'><strong>perdere</strong></span> <span class='ocrx_word' id='word_1_223' title='bbox 2688 639 2701 695; x_wconf 77' lang='lat' dir='ltr'><strong>i</strong></span> <span class='ocrx_word' id='word_1_224' title='bbox 2719 638 2822 707; x_wconf 87' lang='lat' dir='ltr'><strong>Qui</strong></span> <span class='ocrx_word' id='word_1_225' title='bbox 2845 640 2991 696; x_wconf 89' lang='lat' dir='ltr'><strong>enim</strong></span> <span class='ocrx_word' id='word_1_226' title='bbox 3010 650 3137 696; x_wconf 86' lang='lat' dir='ltr'><strong>ante</strong></span> <span class='ocrx_word' id='word_1_227' title='bbox 3154 641 3469 712; x_wconf 83' lang='lat' dir='ltr'><strong>quindecim</strong></span> <span class='ocrx_word' id='word_1_228' title='bbox 3485 659 3591 697; x_wconf 87' lang='lat' dir='ltr'><strong>an-</strong></span> 
     </span>
    </p>
   </div>
   <div class='ocr_carea' id='block_1_35' title="bbox 1990 727 3589 804">
    <p class='ocr_par' dir='ltr' id='par_1_35' title="bbox 1990 727 3589 804">
     <span class='ocr_line' id='line_1_35' title="bbox 1990 727 3589 804; baseline 0.006 -25"><span class='ocrx_word' id='word_1_229' title='bbox 1990 734 2094 779; x_wconf 87' lang='lat' dir='ltr'><strong>nos</strong></span> <span class='ocrx_word' id='word_1_230' title='bbox 2117 727 2348 782; x_wconf 88' lang='lat' dir='ltr'><strong>terribili</strong></span> <span class='ocrx_word' id='word_1_231' title='bbox 2361 730 2725 800; x_wconf 84' lang='lat' dir='ltr'><strong>jurejurando</strong></span> <span class='ocrx_word' id='word_1_232' title='bbox 2746 731 3073 802; x_wconf 88' lang='lat' dir='ltr'><strong>iuraverunt</strong></span> <span class='ocrx_word' id='word_1_233' title='bbox 3101 739 3157 788; x_wconf 89' lang='lat' dir='ltr'><strong>et</strong></span> <span class='ocrx_word' id='word_1_234' title='bbox 3185 732 3324 787; x_wconf 87' lang='lat' dir='ltr'><strong>facta</strong></span> <span class='ocrx_word' id='word_1_235' title='bbox 3349 733 3589 804; x_wconf 73' lang='lat' dir='ltr'><strong>propria:</strong></span> 
     </span>
    </p>
   </div>
   <div class='ocr_carea' id='block_1_36' title="bbox 1992 820 3576 890">
    <p class='ocr_par' dir='ltr' id='par_1_36' title="bbox 1992 820 3576 890">
     <span class='ocr_line' id='line_1_36' title="bbox 1992 820 3576 890; baseline 0.005 -20"><span class='ocrx_word' id='word_1_236' title='bbox 1992 831 2191 873; x_wconf 90' lang='lat' dir='ltr'><strong>manus</strong></span> <span class='ocrx_word' id='word_1_237' title='bbox 2230 820 2436 890; x_wconf 90' lang='lat' dir='ltr'><strong>scripta</strong></span> <span class='ocrx_word' id='word_1_238' title='bbox 2480 822 2536 876; x_wconf 90' lang='lat' dir='ltr'><strong>in</strong></span> <span class='ocrx_word' id='word_1_239' title='bbox 2596 832 2789 878; x_wconf 88' lang='lat' dir='ltr'><strong>sancto</strong></span> <span class='ocrx_word' id='word_1_240' title='bbox 2817 823 3077 878; x_wconf 87' lang='lat' dir='ltr'><strong>tribunali</strong></span> <span class='ocrx_word' id='word_1_241' title='bbox 3115 823 3576 888; x_wconf 90' lang='lat' dir='ltr'><strong>recondiderunt,</strong></span> 
     </span>
    </p>
   </div>
   <div class='ocr_carea' id='block_1_37' title="bbox 1994 908 3586 984">
    <p class='ocr_par' dir='ltr' id='par_1_37' title="bbox 1994 908 3586 984">
     <span class='ocr_line' id='line_1_37' title="bbox 1994 908 3586 984; baseline 0.003 -21"><span class='ocrx_word' id='word_1_242' title='bbox 1994 908 2201 964; x_wconf 86' lang='lat' dir='ltr'><strong>iterum</strong></span> <span class='ocrx_word' id='word_1_243' title='bbox 2229 910 2493 981; x_wconf 85' lang='lat' dir='ltr'><strong>iurabant</strong></span> <span class='ocrx_word' id='word_1_244' title='bbox 2520 928 2578 967; x_wconf 89' lang='lat' dir='ltr'><strong>se</strong></span> <span class='ocrx_word' id='word_1_245' title='bbox 2610 928 2640 967; x_wconf 91' lang='lat' dir='ltr'><strong>a</strong></span> <span class='ocrx_word' id='word_1_246' title='bbox 2667 913 2783 968; x_wconf 87' lang='lat' dir='ltr'><strong>ﬁlio</strong></span> <span class='ocrx_word' id='word_1_247' title='bbox 2814 914 2939 984; x_wconf 84' lang='lat' dir='ltr'><strong>ejus</strong></span> <span class='ocrx_word' id='word_1_248' title='bbox 2979 929 3091 968; x_wconf 90' lang='lat' dir='ltr'><strong>non</strong></span> <span class='ocrx_word' id='word_1_249' title='bbox 3143 914 3498 984; x_wconf 86' lang='lat' dir='ltr'><strong>imperandos</strong></span> <span class='ocrx_word' id='word_1_250' title='bbox 3529 913 3586 968; x_wconf 90' lang='lat' dir='ltr'><strong>in</strong></span> 
     </span>
    </p>
   </div>
   <div class='ocr_carea' id='block_1_38' title="bbox 1996 999 3576 1071">
    <p class='ocr_par' dir='ltr' id='par_1_38' title="bbox 1996 999 3576 1071">
     <span class='ocr_line' id='line_1_38' title="bbox 1996 999 3576 1071; baseline 0.004 -20"><span class='ocrx_word' id='word_1_251' title='bbox 1996 999 2109 1054; x_wconf 83' lang='lat' dir='ltr'><strong>vita</strong></span> <span class='ocrx_word' id='word_1_252' title='bbox 2138 999 2330 1071; x_wconf 88' lang='lat' dir='ltr'><strong>ipsius,</strong></span> <span class='ocrx_word' id='word_1_253' title='bbox 2355 1010 2410 1056; x_wconf 93' lang='lat' dir='ltr'><strong>et</strong></span> <span class='ocrx_word' id='word_1_254' title='bbox 2441 1018 2634 1058; x_wconf 89' lang='lat' dir='ltr'><strong>rursus</strong></span> <span class='ocrx_word' id='word_1_255' title='bbox 2668 1003 2773 1059; x_wconf 84' lang='lat' dir='ltr'><strong>hoc</strong></span> <span class='ocrx_word' id='word_1_256' title='bbox 2806 1000 3072 1059; x_wconf 88' lang='lat' dir='ltr'><strong>oblivioni</strong></span> <span class='ocrx_word' id='word_1_257' title='bbox 3095 1005 3381 1060; x_wconf 86' lang='lat' dir='ltr'><strong>tradentes</strong></span> <span class='ocrx_word' id='word_1_258' title='bbox 3426 1003 3576 1060; x_wconf 85' lang='lat' dir='ltr'><strong>Con—</strong></span> 
     </span>
    </p>
   </div>
   <div class='ocr_carea' id='block_1_39' title="bbox 1994 1094 3573 1168">
    <p class='ocr_par' dir='ltr' id='par_1_39' title="bbox 1994 1094 3573 1168">
     <span class='ocr_line' id='line_1_39' title="bbox 1994 1094 3573 1168; baseline 0.003 -20"><span class='ocrx_word' id='word_1_259' title='bbox 1994 1094 2297 1149; x_wconf 83' lang='lat' dir='ltr'><strong>stantinum</strong></span> <span class='ocrx_word' id='word_1_260' title='bbox 2329 1094 2716 1168; x_wconf 88' lang='lat' dir='ltr'><strong>imperatorem</strong></span> <span class='ocrx_word' id='word_1_261' title='bbox 2759 1096 2919 1153; x_wconf 65' lang='lat' dir='ltr'><strong>bonae</strong></span> <span class='ocrx_word' id='word_1_262' title='bbox 2945 1097 3104 1153; x_wconf 72' lang='lat' dir='ltr'><strong>fama:</strong></span> <span class='ocrx_word' id='word_1_263' title='bbox 3149 1098 3410 1154; x_wconf 90' lang='lat' dir='ltr'><strong>laudibus</strong></span> <span class='ocrx_word' id='word_1_264' title='bbox 3431 1099 3573 1153; x_wconf 83' lang='lat' dir='ltr'><strong>eﬂ’e-</strong></span> 
     </span>
    </p>
   </div>
   <div class='ocr_carea' id='block_1_40' title="bbox 1998 1186 3587 1260">
    <p class='ocr_par' dir='ltr' id='par_1_40' title="bbox 1998 1186 3587 1260">
     <span class='ocr_line' id='line_1_40' title="bbox 1998 1186 3587 1260; baseline 0.002 -20"><span class='ocrx_word' id='word_1_265' title='bbox 1998 1186 2215 1251; x_wconf 88' lang='lat' dir='ltr'><strong>rebant,</strong></span> <span class='ocrx_word' id='word_1_266' title='bbox 2264 1202 2374 1242; x_wconf 89' lang='lat' dir='ltr'><strong>non</strong></span> <span class='ocrx_word' id='word_1_267' title='bbox 2410 1187 2821 1258; x_wconf 87' lang='lat' dir='ltr'><strong>perpendentes</strong></span> <span class='ocrx_word' id='word_1_268' title='bbox 2851 1189 3043 1245; x_wconf 90' lang='lat' dir='ltr'><strong>miseri</strong></span> <span class='ocrx_word' id='word_1_269' title='bbox 3079 1188 3234 1260; x_wconf 87' lang='lat' dir='ltr'><strong>quod</strong></span> <span class='ocrx_word' id='word_1_270' title='bbox 3268 1205 3379 1244; x_wconf 92' lang='lat' dir='ltr'><strong>non</strong></span> <span class='ocrx_word' id='word_1_271' title='bbox 3415 1203 3587 1260; x_wconf 73' lang='lat' dir='ltr'><strong>opor-</strong></span> 
     </span>
    </p>
   </div>
   <div class='ocr_carea' id='block_1_41' title="bbox 1996 1279 3573 1354">
    <p class='ocr_par' dir='ltr' id='par_1_41' title="bbox 1996 1279 3573 1354">
     <span class='ocr_line' id='line_1_41' title="bbox 1996 1279 3573 1354; baseline 0.002 -22"><span class='ocrx_word' id='word_1_272' title='bbox 1996 1286 2108 1334; x_wconf 89' lang='lat' dir='ltr'><strong>teat</strong></span> <span class='ocrx_word' id='word_1_273' title='bbox 2135 1279 2476 1350; x_wconf 87' lang='lat' dir='ltr'><strong>reciprocum</strong></span> <span class='ocrx_word' id='word_1_274' title='bbox 2499 1280 2618 1336; x_wconf 83' lang='lat' dir='ltr'><strong>fieri</strong></span> <span class='ocrx_word' id='word_1_275' title='bbox 2635 1283 3037 1354; x_wconf 88' lang='lat' dir='ltr'><strong>iuramentum.</strong></span> <span class='ocrx_word' id='word_1_276' title='bbox 3085 1283 3398 1338; x_wconf 85' lang='lat' dir='ltr'><strong>Necessitas</strong></span> <span class='ocrx_word' id='word_1_277' title='bbox 3419 1281 3573 1337; x_wconf 89' lang='lat' dir='ltr'><strong>enim</strong></span> 
     </span>
    </p>
   </div>
   <div class='ocr_carea' id='block_1_42' title="bbox 1995 1371 3586 1448">
    <p class='ocr_par' dir='ltr' id='par_1_42' title="bbox 1995 1371 3586 1448">
     <span class='ocr_line' id='line_1_42' title="bbox 1995 1371 3586 1448; baseline -0.001 -21"><span class='ocrx_word' id='word_1_278' title='bbox 1995 1371 2269 1429; x_wconf 87' lang='lat' dir='ltr'><strong>incumbit</strong></span> <span class='ocrx_word' id='word_1_279' title='bbox 2299 1383 2359 1429; x_wconf 91' lang='lat' dir='ltr'><strong>ut</strong></span> <span class='ocrx_word' id='word_1_280' title='bbox 2403 1388 2627 1430; x_wconf 92' lang='lat' dir='ltr'><strong>omnem</strong></span> <span class='ocrx_word' id='word_1_281' title='bbox 2660 1375 2999 1446; x_wconf 87' lang='lat' dir='ltr'><strong>reciprocam</strong></span> <span class='ocrx_word' id='word_1_282' title='bbox 3026 1374 3363 1448; x_wconf 72' lang='lat' dir='ltr'><strong>iurationem</strong></span> <span class='ocrx_word' id='word_1_283' title='bbox 3391 1373 3508 1445; x_wconf 88' lang='lat' dir='ltr'><strong>peri</strong></span> <span class='ocrx_word' id='word_1_284' title='bbox 3521 1388 3586 1426; x_wconf 94' lang='lat' dir='ltr'><strong>u-</strong></span> 
     </span>
    </p>
   </div>
   <div class='ocr_carea' id='block_1_43' title="bbox 1995 1461 3578 1537">
    <p class='ocr_par' dir='ltr' id='par_1_43' title="bbox 1995 1461 3578 1537">
     <span class='ocr_line' id='line_1_43' title="bbox 1995 1461 3578 1537; baseline 0.001 -18"><span class='ocrx_word' id='word_1_285' title='bbox 1995 1465 2138 1519; x_wconf 88' lang='lat' dir='ltr'><strong>rium</strong></span> <span class='ocrx_word' id='word_1_286' title='bbox 2174 1461 2569 1536; x_wconf 86' lang='lat' dir='ltr'><strong>subsequatur.</strong></span> <span class='ocrx_word' id='word_1_287' title='bbox 2600 1467 2914 1537; x_wconf 86' lang='lat' dir='ltr'><strong>Periurinm</strong></span> <span class='ocrx_word' id='word_1_288' title='bbox 2941 1476 3125 1524; x_wconf 79' lang='lat' dir='ltr'><strong>autem</strong></span> <span class='ocrx_word' id='word_1_289' title='bbox 3159 1476 3245 1523; x_wconf 89' lang='lat' dir='ltr'><strong>est</strong></span> <span class='ocrx_word' id='word_1_290' title='bbox 3283 1467 3578 1537; x_wconf 85' lang='lat' dir='ltr'><strong>abnegatio</strong></span> 
     </span>
    </p>
   </div>
   <div class='ocr_carea' id='block_1_44' title="bbox 1995 1557 3582 1628">
    <p class='ocr_par' dir='ltr' id='par_1_44' title="bbox 1995 1557 3582 1628">
     <span class='ocr_line' id='line_1_44' title="bbox 1995 1557 3582 1628; baseline -0.003 -13"><span class='ocrx_word' id='word_1_291' title='bbox 1995 1559 2114 1615; x_wconf 86' lang='lat' dir='ltr'><strong>Dei.</strong></span> <span class='ocrx_word' id='word_1_292' title='bbox 2144 1558 2372 1615; x_wconf 88' lang='lat' dir='ltr'><strong>Collecti</strong></span> <span class='ocrx_word' id='word_1_293' title='bbox 2405 1568 2589 1615; x_wconf 89' lang='lat' dir='ltr'><strong>autem</strong></span> <span class='ocrx_word' id='word_1_294' title='bbox 2611 1557 2876 1616; x_wconf 89' lang='lat' dir='ltr'><strong>Octobrio</strong></span> <span class='ocrx_word' id='word_1_295' title='bbox 2904 1575 3092 1615; x_wconf 91' lang='lat' dir='ltr'><strong>mense</strong></span> <span class='ocrx_word' id='word_1_296' title='bbox 3119 1559 3347 1615; x_wconf 84' lang='lat' dir='ltr'><strong>decimae</strong></span> <span class='ocrx_word' id='word_1_297' title='bbox 3369 1566 3582 1628; x_wconf 72' lang='lat' dir='ltr'><strong>quarta:</strong></span> 
     </span>
    </p>
   </div>
   <div class='ocr_carea' id='block_1_45' title="bbox 1996 1652 3582 1724">
    <p class='ocr_par' dir='ltr' id='par_1_45' title="bbox 1996 1652 3582 1724">
     <span class='ocr_line' id='line_1_45' title="bbox 1996 1652 3582 1724; baseline -0.004 -13"><span class='ocrx_word' id='word_1_298' title='bbox 1996 1652 2316 1712; x_wconf 85' lang='lat' dir='ltr'><strong>iudictionis</strong></span> <span class='ocrx_word' id='word_1_299' title='bbox 2336 1653 2389 1709; x_wconf 88' lang='lat' dir='ltr'><strong>bi</strong></span> <span class='ocrx_word' id='word_1_300' title='bbox 2411 1655 2509 1724; x_wconf 89' lang='lat' dir='ltr'><strong>qui</strong></span> <span class='ocrx_word' id='word_1_301' title='bbox 2534 1669 2600 1708; x_wconf 85' lang='lat' dir='ltr'><strong>ex</strong></span> <span class='ocrx_word' id='word_1_302' title='bbox 2623 1653 2960 1708; x_wconf 87' lang='lat' dir='ltr'><strong>thematibus</strong></span> <span class='ocrx_word' id='word_1_303' title='bbox 2991 1663 3148 1708; x_wconf 91' lang='lat' dir='ltr'><strong>erant</strong></span> <span class='ocrx_word' id='word_1_304' title='bbox 3169 1652 3312 1724; x_wconf 89' lang='lat' dir='ltr'><strong>apud</strong></span> <span class='ocrx_word' id='word_1_305' title='bbox 3332 1652 3582 1715; x_wconf 86' lang='lat' dir='ltr'><strong>Atroam,</strong></span> 
     </span>
    </p>
   </div>
   <div class='ocr_carea' id='block_1_46' title="bbox 1995 1743 3582 1818">
    <p class='ocr_par' dir='ltr' id='par_1_46' title="bbox 1995 1743 3582 1818">
     <span class='ocr_line' id='line_1_46' title="bbox 1995 1743 3582 1818; baseline -0.003 -17"><span class='ocrx_word' id='word_1_306' title='bbox 1995 1747 2579 1818; x_wconf 85' lang='lat' dir='ltr'><strong>exquisieruntomnes</strong></span> <span class='ocrx_word' id='word_1_307' title='bbox 2607 1745 2886 1800; x_wconf 84' lang='lat' dir='ltr'><strong>communi</strong></span> <span class='ocrx_word' id='word_1_308' title='bbox 2916 1743 3582 1801; x_wconf 88' lang='lat' dir='ltr'><strong>eonsilioConstantinum</strong></span> 
     </span>
    </p>
   </div>
   <div class='ocr_carea' id='block_1_47' title="bbox 1999 1837 3584 1912">
    <p class='ocr_par' dir='ltr' id='par_1_47' title="bbox 1999 1837 3584 1912">
     <span class='ocr_line' id='line_1_47' title="bbox 1999 1837 3584 1912; baseline -0.003 -15"><span class='ocrx_word' id='word_1_309' title='bbox 1999 1843 2410 1912; x_wconf 85' lang='lat' dir='ltr'><strong>imperatorem.</strong></span> <span class='ocrx_word' id='word_1_310' title='bbox 2445 1840 2768 1895; x_wconf 88' lang='lat' dir='ltr'><strong>vicesimum</strong></span> <span class='ocrx_word' id='word_1_311' title='bbox 2799 1849 3050 1911; x_wconf 86' lang='lat' dir='ltr'><strong>agentem</strong></span> <span class='ocrx_word' id='word_1_312' title='bbox 3096 1854 3322 1893; x_wconf 89' lang='lat' dir='ltr'><strong>annum.</strong></span> <span class='ocrx_word' id='word_1_313' title='bbox 3355 1837 3584 1892; x_wconf 81' lang='lat' dir='ltr'><strong>Timens</strong></span> 
     </span>
    </p>
   </div>
   <div class='ocr_carea' id='block_1_48' title="bbox 1998 1930 3585 2001">
    <p class='ocr_par' dir='ltr' id='par_1_48' title="bbox 1998 1930 3585 2001">
     <span class='ocr_line' id='line_1_48' title="bbox 1998 1930 3585 2001; baseline -0.002 -15"><span class='ocrx_word' id='word_1_314' title='bbox 1998 1941 2183 1987; x_wconf 91' lang='lat' dir='ltr'><strong>autem</strong></span> <span class='ocrx_word' id='word_1_315' title='bbox 2220 1930 2457 1986; x_wconf 78' lang='lat' dir='ltr'><strong>lleirene</strong></span> <span class='ocrx_word' id='word_1_316' title='bbox 2501 1930 2769 2000; x_wconf 90' lang='lat' dir='ltr'><strong>impetum</strong></span> <span class='ocrx_word' id='word_1_317' title='bbox 2826 1930 3012 2001; x_wconf 84' lang='lat' dir='ltr'><strong>p0puli</strong></span> <span class='ocrx_word' id='word_1_318' title='bbox 3053 1930 3292 1984; x_wconf 87' lang='lat' dir='ltr'><strong>absolvit</strong></span> <span class='ocrx_word' id='word_1_319' title='bbox 3335 1944 3485 1984; x_wconf 92' lang='lat' dir='ltr'><strong>eum.</strong></span> <span class='ocrx_word' id='word_1_320' title='bbox 3513 1930 3585 1984; x_wconf 83' lang='lat' dir='ltr'><strong>At</strong></span> 
     </span>
    </p>
   </div>
   <div class='ocr_carea' id='block_1_49' title="bbox 1999 2019 3582 2091">
    <p class='ocr_par' dir='ltr' id='par_1_49' title="bbox 1999 2019 3582 2091">
     <span class='ocr_line' id='line_1_49' title="bbox 1999 2019 3582 2091; baseline -0.003 -14"><span class='ocrx_word' id='word_1_321' title='bbox 1999 2022 2079 2077; x_wconf 90' lang='lat' dir='ltr'><strong>illi</strong></span> <span class='ocrx_word' id='word_1_322' title='bbox 2122 2023 2271 2078; x_wconf 84' lang='lat' dir='ltr'><strong>hunc</strong></span> <span class='ocrx_word' id='word_1_323' title='bbox 2296 2021 2522 2091; x_wconf 89' lang='lat' dir='ltr'><strong>quidem</strong></span> <span class='ocrx_word' id='word_1_324' title='bbox 2558 2020 2949 2091; x_wconf 83' lang='lat' dir='ltr'><strong>imperatorem</strong></span> <span class='ocrx_word' id='word_1_325' title='bbox 3003 2019 3436 2085; x_wconf 75' lang='lat' dir='ltr'><strong>afﬁrmaverunt,</strong></span> <span class='ocrx_word' id='word_1_326' title='bbox 3472 2019 3582 2072; x_wconf 87' lang='lat' dir='ltr'><strong>hu-</strong></span> 
     </span>
    </p>
   </div>
   <div class='ocr_carea' id='block_1_50' title="bbox 1993 2105 3576 2189">
    <p class='ocr_par' dir='ltr' id='par_1_50' title="bbox 1993 2105 3576 2189">
     <span class='ocr_line' id='line_1_50' title="bbox 1993 2105 3576 2189; baseline -0.003 -18"><span class='ocrx_word' id='word_1_327' title='bbox 1993 2117 2083 2189; x_wconf 89' lang='lat' dir='ltr'><strong>ius</strong></span> <span class='ocrx_word' id='word_1_328' title='bbox 2107 2127 2290 2170; x_wconf 89' lang='lat' dir='ltr'><strong>autem</strong></span> <span class='ocrx_word' id='word_1_329' title='bbox 2351 2123 2584 2171; x_wconf 89' lang='lat' dir='ltr'><strong>matrem</strong></span> <span class='ocrx_word' id='word_1_330' title='bbox 2633 2120 2989 2184; x_wconf 86' lang='lat' dir='ltr'><strong>respuerunt.</strong></span> <span class='ocrx_word' id='word_1_331' title='bbox 3048 2105 3319 2168; x_wconf 74' lang='lat' dir='ltr'><strong>Praeterea</strong></span> <span class='ocrx_word' id='word_1_332' title='bbox 3368 2111 3576 2167; x_wconf 83' lang='lat' dir='ltr'><strong>direxit</strong></span> 
     </span>
    </p>
   </div>
   <div class='ocr_carea' id='block_1_51' title="bbox 1997 2205 3581 2280">
    <p class='ocr_par' dir='ltr' id='par_1_51' title="bbox 1997 2205 3581 2280">
     <span class='ocr_line' id='line_1_51' title="bbox 1997 2205 3581 2280; baseline -0.003 -17"><span class='ocrx_word' id='word_1_333' title='bbox 1997 2209 2253 2280; x_wconf 87' lang='lat' dir='ltr'><strong>protinus</strong></span> <span class='ocrx_word' id='word_1_334' title='bbox 2308 2207 2611 2278; x_wconf 86' lang='lat' dir='ltr'><strong>imperator</strong></span> <span class='ocrx_word' id='word_1_335' title='bbox 2639 2205 2964 2260; x_wconf 83' lang='lat' dir='ltr'><strong>Michaelem</strong></span> <span class='ocrx_word' id='word_1_336' title='bbox 3019 2205 3581 2260; x_wconf 88' lang='lat' dir='ltr'><strong>Lachanodraconem</strong></span> 
     </span>
    </p>
   </div>
   <div class='ocr_carea' id='block_1_52' title="bbox 1997 2297 3579 2370">
    <p class='ocr_par' dir='ltr' id='par_1_52' title="bbox 1997 2297 3579 2370">
     <span class='ocr_line' id='line_1_52' title="bbox 1997 2297 3579 2370; baseline -0.004 -12"><span class='ocrx_word' id='word_1_337' title='bbox 1997 2312 2054 2358; x_wconf 92' lang='lat' dir='ltr'><strong>et</strong></span> <span class='ocrx_word' id='word_1_338' title='bbox 2083 2301 2351 2357; x_wconf 83' lang='lat' dir='ltr'><strong>Joannem</strong></span> <span class='ocrx_word' id='word_1_339' title='bbox 2375 2300 2624 2365; x_wconf 85' lang='lat' dir='ltr'><strong>baiulum</strong></span> <span class='ocrx_word' id='word_1_340' title='bbox 2665 2315 2825 2354; x_wconf 92' lang='lat' dir='ltr'><strong>suum</strong></span> <span class='ocrx_word' id='word_1_341' title='bbox 2851 2313 2916 2352; x_wconf 89' lang='lat' dir='ltr'><strong>ac</strong></span> <span class='ocrx_word' id='word_1_342' title='bbox 2946 2297 3480 2370; x_wconf 85' lang='lat' dir='ltr'><strong>protospatharinm,</strong></span> <span class='ocrx_word' id='word_1_343' title='bbox 3521 2307 3579 2352; x_wconf 90' lang='lat' dir='ltr'><strong>et</strong></span> 
     </span>
    </p>
   </div>
   <div class='ocr_carea' id='block_1_53' title="bbox 1993 2389 3585 2466">
    <p class='ocr_par' dir='ltr' id='par_1_53' title="bbox 1993 2389 3585 2466">
     <span class='ocr_line' id='line_1_53' title="bbox 1993 2389 3585 2466; baseline -0.004 -16"><span class='ocrx_word' id='word_1_344' title='bbox 1993 2393 2323 2466; x_wconf 87' lang='lat' dir='ltr'><strong>iuramentis</strong></span> <span class='ocrx_word' id='word_1_345' title='bbox 2347 2391 3116 2455; x_wconf 89' lang='lat' dir='ltr'><strong>submiseruntArmcniacos,</strong></span> <span class='ocrx_word' id='word_1_346' title='bbox 3137 2405 3206 2444; x_wconf 90' lang='lat' dir='ltr'><strong>ne</strong></span> <span class='ocrx_word' id='word_1_347' title='bbox 3231 2389 3585 2459; x_wconf 87' lang='lat' dir='ltr'><strong>susciperent</strong></span> 
     </span>
    </p>
   </div>
   <div class='ocr_carea' id='block_1_54' title="bbox 1999 2479 3580 2552">
    <p class='ocr_par' dir='ltr' id='par_1_54' title="bbox 1999 2479 3580 2552">
     <span class='ocr_line' id='line_1_54' title="bbox 1999 2479 3580 2552; baseline -0.006 -9"><span class='ocrx_word' id='word_1_348' title='bbox 1999 2488 2294 2550; x_wconf 85' lang='lat' dir='ltr'><strong>Heirenem</strong></span> <span class='ocrx_word' id='word_1_349' title='bbox 2351 2492 2581 2540; x_wconf 89' lang='lat' dir='ltr'><strong>matrem</strong></span> <span class='ocrx_word' id='word_1_350' title='bbox 2608 2499 2765 2538; x_wconf 90' lang='lat' dir='ltr'><strong>suam</strong></span> <span class='ocrx_word' id='word_1_351' title='bbox 2823 2483 3252 2552; x_wconf 87' lang='lat' dir='ltr'><strong>impcratricem.</strong></span> <span class='ocrx_word' id='word_1_352' title='bbox 3325 2479 3580 2538; x_wconf 79' lang='lat' dir='ltr'><strong>Alexium</strong></span> 
     </span>
    </p>
   </div>
   <div class='ocr_carea' id='block_1_55' title="bbox 1997 2570 3582 2644">
    <p class='ocr_par' dir='ltr' id='par_1_55' title="bbox 1997 2570 3582 2644">
     <span class='ocr_line' id='line_1_55' title="bbox 1997 2570 3582 2644; baseline -0.005 -10"><span class='ocrx_word' id='word_1_353' title='bbox 1997 2593 2131 2634; x_wconf 87' lang='lat' dir='ltr'><strong>vero</strong></span> <span class='ocrx_word' id='word_1_354' title='bbox 2161 2575 2508 2632; x_wconf 79' lang='lat' dir='ltr'><strong>confirmavit</strong></span> <span class='ocrx_word' id='word_1_355' title='bbox 2539 2575 2597 2630; x_wconf 88' lang='lat' dir='ltr'><strong>in</strong></span> <span class='ocrx_word' id='word_1_356' title='bbox 2628 2583 2918 2644; x_wconf 83' lang='lat' dir='ltr'><strong>praetorem</strong></span> <span class='ocrx_word' id='word_1_357' title='bbox 2943 2588 3127 2630; x_wconf 87' lang='lat' dir='ltr'><strong>suum.</strong></span> <span class='ocrx_word' id='word_1_358' title='bbox 3162 2573 3230 2628; x_wconf 88' lang='lat' dir='ltr'><strong>Et</strong></span> <span class='ocrx_word' id='word_1_359' title='bbox 3258 2588 3385 2628; x_wconf 90' lang='lat' dir='ltr'><strong>cum</strong></span> <span class='ocrx_word' id='word_1_360' title='bbox 3430 2570 3582 2628; x_wconf 91' lang='lat' dir='ltr'><strong>redi-</strong></span> 
     </span>
    </p>
   </div>
   <div class='ocr_carea' id='block_1_56' title="bbox 2000 2663 3581 2738">
    <p class='ocr_par' dir='ltr' id='par_1_56' title="bbox 2000 2663 3581 2738">
     <span class='ocr_line' id='line_1_56' title="bbox 2000 2663 3581 2738; baseline -0.004 -14"><span class='ocrx_word' id='word_1_361' title='bbox 2000 2669 2134 2724; x_wconf 87' lang='lat' dir='ltr'><strong>isset</strong></span> <span class='ocrx_word' id='word_1_362' title='bbox 2178 2667 2485 2738; x_wconf 84' lang='lat' dir='ltr'><strong>imperator</strong></span> <span class='ocrx_word' id='word_1_363' title='bbox 2515 2668 2570 2721; x_wconf 91' lang='lat' dir='ltr'><strong>in</strong></span> <span class='ocrx_word' id='word_1_364' title='bbox 2605 2667 2800 2721; x_wconf 91' lang='lat' dir='ltr'><strong>urbem</strong></span> <span class='ocrx_word' id='word_1_365' title='bbox 2847 2682 3035 2721; x_wconf 88' lang='lat' dir='ltr'><strong>mense</strong></span> <span class='ocrx_word' id='word_1_366' title='bbox 3089 2663 3440 2729; x_wconf 90' lang='lat' dir='ltr'><strong>Decembrio,</strong></span> <span class='ocrx_word' id='word_1_367' title='bbox 3469 2679 3581 2719; x_wconf 75' lang='lat' dir='ltr'><strong>cae-</strong></span> 
     </span>
    </p>
   </div>
   <div class='ocr_carea' id='block_1_57' title="bbox 1999 2753 3584 2825">
    <p class='ocr_par' dir='ltr' id='par_1_57' title="bbox 1999 2753 3584 2825">
     <span class='ocr_line' id='line_1_57' title="bbox 1999 2753 3584 2825; baseline -0.003 -12"><span class='ocrx_word' id='word_1_368' title='bbox 1999 2774 2118 2813; x_wconf 89' lang='lat' dir='ltr'><strong>sum</strong></span> <span class='ocrx_word' id='word_1_369' title='bbox 2149 2766 2208 2814; x_wconf 88' lang='lat' dir='ltr'><strong>et</strong></span> <span class='ocrx_word' id='word_1_370' title='bbox 2237 2765 2462 2812; x_wconf 90' lang='lat' dir='ltr'><strong>tonsum</strong></span> <span class='ocrx_word' id='word_1_371' title='bbox 2490 2755 2837 2812; x_wconf 87' lang='lat' dir='ltr'><strong>Stauracium</strong></span> <span class='ocrx_word' id='word_1_372' title='bbox 2869 2757 3112 2810; x_wconf 90' lang='lat' dir='ltr'><strong>exsulem</strong></span> <span class='ocrx_word' id='word_1_373' title='bbox 3147 2754 3278 2810; x_wconf 86' lang='lat' dir='ltr'><strong>fecit</strong></span> <span class='ocrx_word' id='word_1_374' title='bbox 3309 2753 3454 2825; x_wconf 89' lang='lat' dir='ltr'><strong>apud</strong></span> <span class='ocrx_word' id='word_1_375' title='bbox 3478 2754 3584 2810; x_wconf 76' lang='lat' dir='ltr'><strong>Ar-</strong></span> 
     </span>
    </p>
   </div>
   <div class='ocr_carea' id='block_1_58' title="bbox 2000 2845 3578 2906">
    <p class='ocr_par' dir='ltr' id='par_1_58' title="bbox 2000 2845 3578 2906">
     <span class='ocr_line' id='line_1_58' title="bbox 2000 2845 3578 2906; baseline -0.003 -1"><span class='ocrx_word' id='word_1_376' title='bbox 2000 2850 2384 2906; x_wconf 86' lang='lat' dir='ltr'><strong>meniacorum</strong></span> <span class='ocrx_word' id='word_1_377' title='bbox 2430 2848 2612 2905; x_wconf 90' lang='lat' dir='ltr'><strong>thema</strong></span> <span class='ocrx_word' id='word_1_378' title='bbox 2642 2849 2711 2903; x_wconf 91' lang='lat' dir='ltr'><strong>ad</strong></span> <span class='ocrx_word' id='word_1_379' title='bbox 2767 2848 3199 2904; x_wconf 78' lang='lat' dir='ltr'><strong>satisfactionem</strong></span> <span class='ocrx_word' id='word_1_380' title='bbox 3247 2861 3462 2902; x_wconf 89' lang='lat' dir='ltr'><strong>eorum.</strong></span> <span class='ocrx_word' id='word_1_381' title='bbox 3517 2845 3578 2902; x_wconf 85' lang='lat' dir='ltr'><strong>In</strong></span> 
     </span>
    </p>
   </div>
   <div class='ocr_carea' id='block_1_59' title="bbox 2002 2937 3584 3010">
    <p class='ocr_par' dir='ltr' id='par_1_59' title="bbox 2002 2937 3584 3010">
     <span class='ocr_line' id='line_1_59' title="bbox 2002 2937 3584 3010; baseline -0.004 -11"><span class='ocrx_word' id='word_1_382' title='bbox 2002 2941 2263 2999; x_wconf 83' lang='lat' dir='ltr'><strong>exsilium</strong></span> <span class='ocrx_word' id='word_1_383' title='bbox 2308 2941 2674 2996; x_wconf 88' lang='lat' dir='ltr'><strong>nihilominus</strong></span> <span class='ocrx_word' id='word_1_384' title='bbox 2702 2948 2758 2994; x_wconf 90' lang='lat' dir='ltr'><strong>et</strong></span> <span class='ocrx_word' id='word_1_385' title='bbox 2787 2939 3006 2995; x_wconf 83' lang='lat' dir='ltr'><strong>Aetium</strong></span> <span class='ocrx_word' id='word_1_386' title='bbox 3061 2938 3232 3004; x_wconf 90' lang='lat' dir='ltr'><strong>misit,</strong></span> <span class='ocrx_word' id='word_1_387' title='bbox 3283 2937 3584 3010; x_wconf 86' lang='lat' dir='ltr'><strong>spadonem</strong></span> 
     </span>
    </p>
   </div>
   <div class='ocr_carea' id='block_1_60' title="bbox 1999 3029 3583 3108">
    <p class='ocr_par' dir='ltr' id='par_1_60' title="bbox 1999 3029 3583 3108">
     <span class='ocr_line' id='line_1_60' title="bbox 1999 3029 3583 3108; baseline -0.003 -18"><span class='ocrx_word' id='word_1_388' title='bbox 1999 3033 2511 3108; x_wconf 89' lang='lat' dir='ltr'><strong>protospatharinm</strong></span> <span class='ocrx_word' id='word_1_389' title='bbox 2542 3040 2597 3088; x_wconf 87' lang='lat' dir='ltr'><strong>et</strong></span> <span class='ocrx_word' id='word_1_390' title='bbox 2628 3033 2885 3086; x_wconf 90' lang='lat' dir='ltr'><strong>intimum</strong></span> <span class='ocrx_word' id='word_1_391' title='bbox 2909 3033 3054 3102; x_wconf 89' lang='lat' dir='ltr'><strong>ejus,</strong></span> <span class='ocrx_word' id='word_1_392' title='bbox 3084 3040 3141 3086; x_wconf 92' lang='lat' dir='ltr'><strong>et</strong></span> <span class='ocrx_word' id='word_1_393' title='bbox 3165 3045 3356 3086; x_wconf 88' lang='lat' dir='ltr'><strong>omnes</strong></span> <span class='ocrx_word' id='word_1_394' title='bbox 3390 3029 3583 3086; x_wconf 89' lang='lat' dir='ltr'><strong>dome-</strong></span> 
     </span>
    </p>
   </div>
   <div class='ocr_carea' id='block_1_61' title="bbox 2001 3122 3585 3197">
    <p class='ocr_par' dir='ltr' id='par_1_61' title="bbox 2001 3122 3585 3197">
     <span class='ocr_line' id='line_1_61' title="bbox 2001 3122 3585 3197; baseline -0.003 -15"><span class='ocrx_word' id='word_1_395' title='bbox 2001 3127 2170 3183; x_wconf 90' lang='lat' dir='ltr'><strong>sticos</strong></span> <span class='ocrx_word' id='word_1_396' title='bbox 2205 3125 2378 3197; x_wconf 88' lang='lat' dir='ltr'><strong>ipsius</strong></span> <span class='ocrx_word' id='word_1_397' title='bbox 2415 3125 2713 3195; x_wconf 88' lang='lat' dir='ltr'><strong>spadones.</strong></span> <span class='ocrx_word' id='word_1_398' title='bbox 2747 3124 2897 3179; x_wconf 86' lang='lat' dir='ltr'><strong>Hanc</strong></span> <span class='ocrx_word' id='word_1_399' title='bbox 2921 3133 3103 3178; x_wconf 90' lang='lat' dir='ltr'><strong>autem</strong></span> <span class='ocrx_word' id='word_1_400' title='bbox 3150 3137 3274 3177; x_wconf 92' lang='lat' dir='ltr'><strong>cum</strong></span> <span class='ocrx_word' id='word_1_401' title='bbox 3313 3122 3585 3178; x_wconf 80' lang='lat' dir='ltr'><strong>suavitate</strong></span> 
     </span>
    </p>
   </div>
   <div class='ocr_carea' id='block_1_62' title="bbox 305 3207 1905 3293">
    <p class='ocr_par' dir='ltr' id='par_1_62' title="bbox 305 3207 1889 3282">
     <span class='ocr_line' id='line_1_62' title="bbox 305 3207 1889 3282; baseline 0.001 -16"><span class='ocrx_word' id='word_1_402' title='bbox 305 3213 688 3282; x_wconf 89' lang='lat' dir='ltr'><strong>promontorio</strong></span> <span class='ocrx_word' id='word_1_403' title='bbox 743 3207 1303 3274; x_wconf 75' lang='lat' dir='ltr'><strong>Chelidoniarum,et</strong></span> <span class='ocrx_word' id='word_1_404' title='bbox 1353 3210 1636 3282; x_wconf 83' lang='lat' dir='ltr'><strong>ingressus</strong></span> <span class='ocrx_word' id='word_1_405' title='bbox 1700 3221 1786 3267; x_wconf 88' lang='lat' dir='ltr'><strong>est</strong></span> <span class='ocrx_word' id='word_1_406' title='bbox 1832 3211 1889 3268; x_wconf 90' lang='lat' dir='ltr'><strong>in</strong></span> 
     </span>
    </p>
   </div>
   <div class='ocr_carea' id='block_1_63' title="bbox 1997 3207 3584 3293">
    <p class='ocr_par' dir='ltr' id='par_1_63' title="bbox 1997 3215 3584 3288">
     <span class='ocr_line' id='line_1_63' title="bbox 1997 3215 3584 3288; baseline -0.005 -9"><span class='ocrx_word' id='word_1_407' title='bbox 1997 3237 2095 3280; x_wconf 89' lang='lat' dir='ltr'><strong>sua</strong></span> <span class='ocrx_word' id='word_1_408' title='bbox 2117 3228 2173 3276; x_wconf 91' lang='lat' dir='ltr'><strong>et</strong></span> <span class='ocrx_word' id='word_1_409' title='bbox 2206 3219 2486 3274; x_wconf 83' lang='lat' dir='ltr'><strong>amuentia</strong></span> <span class='ocrx_word' id='word_1_410' title='bbox 2516 3218 2718 3273; x_wconf 85' lang='lat' dir='ltr'><strong>locavit</strong></span> <span class='ocrx_word' id='word_1_411' title='bbox 2751 3218 2803 3272; x_wconf 91' lang='lat' dir='ltr'><strong>in</strong></span> <span class='ocrx_word' id='word_1_412' title='bbox 2831 3216 3036 3288; x_wconf 89' lang='lat' dir='ltr'><strong>palatio</strong></span> <span class='ocrx_word' id='word_1_413' title='bbox 3068 3215 3396 3282; x_wconf 82' lang='lat' dir='ltr'><strong>Eleutherii,</strong></span> <span class='ocrx_word' id='word_1_414' title='bbox 3434 3215 3584 3286; x_wconf 87' lang='lat' dir='ltr'><strong>quod</strong></span> 
     </span>
    </p>
   </div>
   <div class='ocr_carea' id='block_1_64' title="bbox 302 3301 1881 3376">
    <p class='ocr_par' dir='ltr' id='par_1_64' title="bbox 302 3301 1881 3376">
     <span class='ocr_line' id='line_1_64' title="bbox 302 3301 1881 3376; baseline -0.001 -14"><span class='ocrx_word' id='word_1_415' title='bbox 302 3305 522 3362; x_wconf 74' lang='lat' dir='ltr'><strong>Attalize</strong></span> <span class='ocrx_word' id='word_1_416' title='bbox 550 3303 756 3361; x_wconf 89' lang='lat' dir='ltr'><strong>sinum.</strong></span> <span class='ocrx_word' id='word_1_417' title='bbox 795 3301 866 3357; x_wconf 81' lang='lat' dir='ltr'><strong>At</strong></span> <span class='ocrx_word' id='word_1_418' title='bbox 893 3317 1027 3358; x_wconf 87' lang='lat' dir='ltr'><strong>vero</strong></span> <span class='ocrx_word' id='word_1_419' title='bbox 1059 3302 1268 3358; x_wconf 81' lang='lat' dir='ltr'><strong>Arabes</strong></span> <span class='ocrx_word' id='word_1_420' title='bbox 1308 3303 1444 3358; x_wconf 89' lang='lat' dir='ltr'><strong>moti</strong></span> <span class='ocrx_word' id='word_1_421' title='bbox 1468 3321 1498 3359; x_wconf 89' lang='lat' dir='ltr'><strong>a</strong></span> <span class='ocrx_word' id='word_1_422' title='bbox 1533 3303 1731 3376; x_wconf 81' lang='lat' dir='ltr'><strong>Cypro,</strong></span> <span class='ocrx_word' id='word_1_423' title='bbox 1755 3321 1881 3361; x_wconf 93' lang='lat' dir='ltr'><strong>cum</strong></span> 
     </span>
    </p>
   </div>
   <div class='ocr_carea' id='block_1_65' title="bbox 305 3395 1870 3469">
    <p class='ocr_par' dir='ltr' id='par_1_65' title="bbox 305 3395 1870 3469">
     <span class='ocr_line' id='line_1_65' title="bbox 305 3395 1870 3469; baseline -0.001 -15"><span class='ocrx_word' id='word_1_424' title='bbox 305 3397 576 3454; x_wconf 87' lang='lat' dir='ltr'><strong>serenitas</strong></span> <span class='ocrx_word' id='word_1_425' title='bbox 600 3411 700 3452; x_wconf 90' lang='lat' dir='ltr'><strong>eos</strong></span> <span class='ocrx_word' id='word_1_426' title='bbox 736 3395 993 3466; x_wconf 87' lang='lat' dir='ltr'><strong>cepisset,</strong></span> <span class='ocrx_word' id='word_1_427' title='bbox 1014 3395 1551 3452; x_wconf 83' lang='lat' dir='ltr'><strong>circumferebantur</strong></span> <span class='ocrx_word' id='word_1_428' title='bbox 1573 3399 1630 3452; x_wconf 93' lang='lat' dir='ltr'><strong>in</strong></span> <span class='ocrx_word' id='word_1_429' title='bbox 1657 3398 1870 3469; x_wconf 80' lang='lat' dir='ltr'><strong>pelago.</strong></span> 
     </span>
    </p>
   </div>
   <div class='ocr_carea' id='block_1_66' title="bbox 303 3486 1882 3559">
    <p class='ocr_par' dir='ltr' id='par_1_66' title="bbox 303 3486 1882 3559">
     <span class='ocr_line' id='line_1_66' title="bbox 303 3486 1882 3559; baseline 0.001 -15"><span class='ocrx_word' id='word_1_430' title='bbox 303 3488 555 3559; x_wconf 84' lang='lat' dir='ltr'><strong>Cumque</strong></span> <span class='ocrx_word' id='word_1_431' title='bbox 595 3494 759 3542; x_wconf 61' lang='lat' dir='ltr'><strong>terra:</strong></span> <span class='ocrx_word' id='word_1_432' title='bbox 799 3486 1034 3556; x_wconf 80' lang='lat' dir='ltr'><strong>proximi</strong></span> <span class='ocrx_word' id='word_1_433' title='bbox 1071 3495 1413 3552; x_wconf 89' lang='lat' dir='ltr'><strong>tenerentur,</strong></span> <span class='ocrx_word' id='word_1_434' title='bbox 1469 3488 1727 3545; x_wconf 88' lang='lat' dir='ltr'><strong>viderunt</strong></span> <span class='ocrx_word' id='word_1_435' title='bbox 1787 3505 1882 3546; x_wconf 90' lang='lat' dir='ltr'><strong>eos</strong></span> 
     </span>
    </p>
   </div>
   <div class='ocr_carea' id='block_1_67' title="bbox 303 3579 1881 3652">
    <p class='ocr_par' dir='ltr' id='par_1_67' title="bbox 303 3579 1881 3652">
     <span class='ocr_line' id='line_1_67' title="bbox 303 3579 1881 3652; baseline 0.003 -19"><span class='ocrx_word' id='word_1_436' title='bbox 303 3590 591 3652; x_wconf 73' lang='lat' dir='ltr'><strong>praetores,</strong></span> <span class='ocrx_word' id='word_1_437' title='bbox 628 3587 684 3634; x_wconf 92' lang='lat' dir='ltr'><strong>et</strong></span> <span class='ocrx_word' id='word_1_438' title='bbox 712 3579 830 3634; x_wconf 87' lang='lat' dir='ltr'><strong>acie</strong></span> <span class='ocrx_word' id='word_1_439' title='bbox 855 3579 1063 3634; x_wconf 90' lang='lat' dir='ltr'><strong>directa</strong></span> <span class='ocrx_word' id='word_1_440' title='bbox 1091 3581 1384 3650; x_wconf 76' lang='lat' dir='ltr'><strong>praeparati</strong></span> <span class='ocrx_word' id='word_1_441' title='bbox 1409 3591 1535 3638; x_wconf 88' lang='lat' dir='ltr'><strong>sunt</strong></span> <span class='ocrx_word' id='word_1_442' title='bbox 1562 3582 1630 3637; x_wconf 89' lang='lat' dir='ltr'><strong>ad</strong></span> <span class='ocrx_word' id='word_1_443' title='bbox 1665 3583 1881 3639; x_wconf 89' lang='lat' dir='ltr'><strong>bellan—</strong></span> 
     </span>
    </p>
   </div>
   <div class='ocr_carea' id='block_1_68' title="bbox 305 3673 1881 3747">
    <p class='ocr_par' dir='ltr' id='par_1_68' title="bbox 305 3673 1881 3747">
     <span class='ocr_line' id='line_1_68' title="bbox 305 3673 1881 3747; baseline -0.001 -16"><span class='ocrx_word' id='word_1_444' title='bbox 305 3675 461 3731; x_wconf 91' lang='lat' dir='ltr'><strong>dum.</strong></span> <span class='ocrx_word' id='word_1_445' title='bbox 509 3673 852 3744; x_wconf 87' lang='lat' dir='ltr'><strong>Theophilus</strong></span> <span class='ocrx_word' id='word_1_446' title='bbox 915 3684 1098 3728; x_wconf 89' lang='lat' dir='ltr'><strong>autem</strong></span> <span class='ocrx_word' id='word_1_447' title='bbox 1123 3673 1629 3747; x_wconf 62' lang='lat' dir='ltr'><strong>Cibyrrhmotorum</strong></span> <span class='ocrx_word' id='word_1_448' title='bbox 1659 3687 1881 3747; x_wconf 65' lang='lat' dir='ltr'><strong>praetor,</strong></span> 
     </span>
    </p>
   </div>
   <div class='ocr_carea' id='block_1_69' title="bbox 307 3763 1883 3834">
    <p class='ocr_par' dir='ltr' id='par_1_69' title="bbox 307 3763 1883 3834">
     <span class='ocr_line' id='line_1_69' title="bbox 307 3763 1883 3834; baseline 0.001 -13"><span class='ocrx_word' id='word_1_449' title='bbox 307 3779 432 3821; x_wconf 92' lang='lat' dir='ltr'><strong>cum</strong></span> <span class='ocrx_word' id='word_1_450' title='bbox 472 3763 559 3817; x_wconf 81' lang='lat' dir='ltr'><strong>vir</strong></span> <span class='ocrx_word' id='word_1_451' title='bbox 583 3770 730 3819; x_wconf 89' lang='lat' dir='ltr'><strong>esset</strong></span> <span class='ocrx_word' id='word_1_452' title='bbox 754 3763 1016 3818; x_wconf 89' lang='lat' dir='ltr'><strong>robustus</strong></span> <span class='ocrx_word' id='word_1_453' title='bbox 1046 3773 1211 3833; x_wconf 91' lang='lat' dir='ltr'><strong>atque</strong></span> <span class='ocrx_word' id='word_1_454' title='bbox 1260 3764 1618 3834; x_wconf 84' lang='lat' dir='ltr'><strong>fortissimus,</strong></span> <span class='ocrx_word' id='word_1_455' title='bbox 1643 3766 1776 3822; x_wconf 84' lang='lat' dir='ltr'><strong>fisus</strong></span> <span class='ocrx_word' id='word_1_456' title='bbox 1824 3776 1883 3824; x_wconf 91' lang='lat' dir='ltr'><strong>et</strong></span> 
     </span>
    </p>
   </div>
   <div class='ocr_carea' id='block_1_70' title="bbox 309 3857 1885 3928">
    <p class='ocr_par' dir='ltr' id='par_1_70' title="bbox 309 3857 1885 3928">
     <span class='ocr_line' id='line_1_70' title="bbox 309 3857 1885 3928; baseline 0.001 -16"><span class='ocrx_word' id='word_1_457' title='bbox 309 3865 440 3912; x_wconf 82' lang='lat' dir='ltr'><strong>ante</strong></span> <span class='ocrx_word' id='word_1_458' title='bbox 501 3869 693 3910; x_wconf 90' lang='lat' dir='ltr'><strong>omnes</strong></span> <span class='ocrx_word' id='word_1_459' title='bbox 720 3870 975 3926; x_wconf 86' lang='lat' dir='ltr'><strong>egressus</strong></span> <span class='ocrx_word' id='word_1_460' title='bbox 1009 3863 1194 3910; x_wconf 88' lang='lat' dir='ltr'><strong>tentus</strong></span> <span class='ocrx_word' id='word_1_461' title='bbox 1221 3866 1307 3912; x_wconf 87' lang='lat' dir='ltr'><strong>est</strong></span> <span class='ocrx_word' id='word_1_462' title='bbox 1357 3857 1425 3911; x_wconf 90' lang='lat' dir='ltr'><strong>ab</strong></span> <span class='ocrx_word' id='word_1_463' title='bbox 1461 3858 1541 3914; x_wconf 88' lang='lat' dir='ltr'><strong>eis</strong></span> <span class='ocrx_word' id='word_1_464' title='bbox 1576 3857 1708 3928; x_wconf 89' lang='lat' dir='ltr'><strong>;qui</strong></span> <span class='ocrx_word' id='word_1_465' title='bbox 1756 3874 1885 3914; x_wconf 88' lang='lat' dir='ltr'><strong>cum</strong></span> 
     </span>
    </p>
   </div>
   <div class='ocr_carea' id='block_1_71' title="bbox 308 3945 1886 4016">
    <p class='ocr_par' dir='ltr' id='par_1_71' title="bbox 308 3945 1886 4016">
     <span class='ocr_line' id='line_1_71' title="bbox 308 3945 1886 4016; baseline 0 -9"><span class='ocrx_word' id='word_1_466' title='bbox 308 3952 509 4007; x_wconf 90' lang='lat' dir='ltr'><strong>ductus</strong></span> <span class='ocrx_word' id='word_1_467' title='bbox 535 3951 602 4006; x_wconf 91' lang='lat' dir='ltr'><strong>ad</strong></span> <span class='ocrx_word' id='word_1_468' title='bbox 634 3950 817 4004; x_wconf 86' lang='lat' dir='ltr'><strong>Aaron</strong></span> <span class='ocrx_word' id='word_1_469' title='bbox 850 3947 1045 4005; x_wconf 78' lang='lat' dir='ltr'><strong>fuisset</strong></span> <span class='ocrx_word' id='word_1_470' title='bbox 1087 3949 1155 4004; x_wconf 92' lang='lat' dir='ltr'><strong>ab</strong></span> <span class='ocrx_word' id='word_1_471' title='bbox 1179 3965 1246 4004; x_wconf 92' lang='lat' dir='ltr'><strong>eo</strong></span> <span class='ocrx_word' id='word_1_472' title='bbox 1282 3945 1578 4016; x_wconf 82' lang='lat' dir='ltr'><strong>videndus,</strong></span> <span class='ocrx_word' id='word_1_473' title='bbox 1619 3951 1886 4008; x_wconf 87' lang='lat' dir='ltr'><strong>adhorta-</strong></span> 
     </span>
    </p>
   </div>
   <div class='ocr_carea' id='block_1_72' title="bbox 306 4040 1885 4113">
    <p class='ocr_par' dir='ltr' id='par_1_72' title="bbox 306 4040 1885 4113">
     <span class='ocr_line' id='line_1_72' title="bbox 306 4040 1885 4113; baseline 0 -13"><span class='ocrx_word' id='word_1_474' title='bbox 306 4054 402 4100; x_wconf 90' lang='lat' dir='ltr'><strong>tus</strong></span> <span class='ocrx_word' id='word_1_475' title='bbox 431 4053 517 4099; x_wconf 91' lang='lat' dir='ltr'><strong>est</strong></span> <span class='ocrx_word' id='word_1_476' title='bbox 564 4050 627 4097; x_wconf 90' lang='lat' dir='ltr'><strong>ut</strong></span> <span class='ocrx_word' id='word_1_477' title='bbox 659 4040 913 4113; x_wconf 90' lang='lat' dir='ltr'><strong>proditor</strong></span> <span class='ocrx_word' id='word_1_478' title='bbox 941 4040 1100 4096; x_wconf 80' lang='lat' dir='ltr'><strong>ﬂeret</strong></span> <span class='ocrx_word' id='word_1_479' title='bbox 1130 4049 1186 4096; x_wconf 91' lang='lat' dir='ltr'><strong>et</strong></span> <span class='ocrx_word' id='word_1_480' title='bbox 1221 4043 1543 4112; x_wconf 88' lang='lat' dir='ltr'><strong>temporalia</strong></span> <span class='ocrx_word' id='word_1_481' title='bbox 1573 4043 1717 4099; x_wconf 90' lang='lat' dir='ltr'><strong>dona</strong></span> <span class='ocrx_word' id='word_1_482' title='bbox 1759 4061 1885 4100; x_wconf 49' lang='lat' dir='ltr'><strong>sus.</strong></span> 
     </span>
    </p>
   </div>
   <div class='ocr_carea' id='block_1_73' title="bbox 309 4116 1886 4205">
    <p class='ocr_par' dir='ltr' id='par_1_73' title="bbox 309 4116 1886 4205">
     <span class='ocr_line' id='line_1_73' title="bbox 309 4116 1886 4205; baseline -0.001 -14"><span class='ocrx_word' id='word_1_483' title='bbox 309 4136 536 4205; x_wconf 91' lang='lat' dir='ltr'><strong>ciperet.</strong></span> <span class='ocrx_word' id='word_1_484' title='bbox 555 4132 660 4201; x_wconf 90' lang='lat' dir='ltr'><strong>Qui</strong></span> <span class='ocrx_word' id='word_1_485' title='bbox 681 4146 807 4188; x_wconf 87' lang='lat' dir='ltr'><strong>cum</strong></span> <span class='ocrx_word' id='word_1_486' title='bbox 824 4131 930 4187; x_wconf 91' lang='lat' dir='ltr'><strong>hoc</strong></span> <span class='ocrx_word' id='word_1_487' title='bbox 951 4116 1268 4186; x_wconf 81' lang='lat' dir='ltr'><strong>nullatenus</strong></span> <span class='ocrx_word' id='word_1_488' title='bbox 1283 4131 1614 4198; x_wconf 85' lang='lat' dir='ltr'><strong>admisisset,</strong></span> <span class='ocrx_word' id='word_1_489' title='bbox 1643 4149 1742 4204; x_wconf 91' lang='lat' dir='ltr'><strong>per</strong></span> <span class='ocrx_word' id='word_1_490' title='bbox 1769 4149 1886 4189; x_wconf 89' lang='lat' dir='ltr'><strong>am-</strong></span> 
     </span>
    </p>
   </div>
   <div class='ocr_carea' id='block_1_74' title="bbox 307 4222 1891 4297">
    <p class='ocr_par' dir='ltr' id='par_1_74' title="bbox 307 4222 1891 4297">
     <span class='ocr_line' id='line_1_74' title="bbox 307 4222 1891 4297; baseline 0 -16"><span class='ocrx_word' id='word_1_491' title='bbox 307 4225 564 4297; x_wconf 89' lang='lat' dir='ltr'><strong>pliusque</strong></span> <span class='ocrx_word' id='word_1_492' title='bbox 579 4232 805 4282; x_wconf 81' lang='lat' dir='ltr'><strong>coactus</strong></span> <span class='ocrx_word' id='word_1_493' title='bbox 819 4239 1165 4295; x_wconf 80' lang='lat' dir='ltr'><strong>nequaquam</strong></span> <span class='ocrx_word' id='word_1_494' title='bbox 1184 4225 1458 4290; x_wconf 87' lang='lat' dir='ltr'><strong>cessisset,</strong></span> <span class='ocrx_word' id='word_1_495' title='bbox 1473 4222 1636 4296; x_wconf 83' lang='lat' dir='ltr'><strong>gladii</strong></span> <span class='ocrx_word' id='word_1_496' title='bbox 1650 4225 1891 4282; x_wconf 84' lang='lat' dir='ltr'><strong>animad-</strong></span> 
     </span>
    </p>
   </div>
   <div class='ocr_carea' id='block_1_75' title="bbox 308 4317 1887 4390">
    <p class='ocr_par' dir='ltr' id='par_1_75' title="bbox 308 4317 1887 4390">
     <span class='ocr_line' id='line_1_75' title="bbox 308 4317 1887 4390; baseline -0.001 -14"><span class='ocrx_word' id='word_1_497' title='bbox 308 4319 620 4376; x_wconf 83' lang='lat' dir='ltr'><strong>versionem</strong></span> <span class='ocrx_word' id='word_1_498' title='bbox 644 4319 923 4376; x_wconf 89' lang='lat' dir='ltr'><strong>sustinens</strong></span> <span class='ocrx_word' id='word_1_499' title='bbox 949 4327 1160 4390; x_wconf 82' lang='lat' dir='ltr'><strong>martyr</strong></span> <span class='ocrx_word' id='word_1_500' title='bbox 1205 4317 1449 4389; x_wconf 87' lang='lat' dir='ltr'><strong>optimus</strong></span> <span class='ocrx_word' id='word_1_501' title='bbox 1493 4328 1573 4373; x_wconf 88' lang='lat' dir='ltr'><strong>est</strong></span> <span class='ocrx_word' id='word_1_502' title='bbox 1606 4328 1887 4376; x_wconf 88' lang='lat' dir='ltr'><strong>ostensus.</strong></span> 
     </span>
    </p>
   </div>
   <div class='ocr_carea' id='block_1_76' title="bbox 377 4405 1892 4476">
    <p class='ocr_par' dir='ltr' id='par_1_76' title="bbox 377 4405 1892 4476">
     <span class='ocr_line' id='line_1_76' title="bbox 377 4405 1892 4476; baseline -0.001 -8"><span class='ocrx_word' id='word_1_503' title='bbox 377 4412 566 4469; x_wconf 86' lang='lat' dir='ltr'><strong>Mundi</strong></span> <span class='ocrx_word' id='word_1_504' title='bbox 609 4427 754 4467; x_wconf 87' lang='lat' dir='ltr'><strong>anno</strong></span> <span class='ocrx_word' id='word_1_505' title='bbox 815 4405 955 4466; x_wconf 70' lang='lat'><strong>6285</strong></span> <span class='ocrx_word' id='word_1_506' title='bbox 989 4452 1004 4476; x_wconf 93' lang='lat'><strong>,</strong></span> <span class='ocrx_word' id='word_1_507' title='bbox 1068 4411 1270 4466; x_wconf 70' lang='lat' dir='ltr'><strong>divinae</strong></span> <span class='ocrx_word' id='word_1_508' title='bbox 1336 4410 1734 4468; x_wconf 88' lang='lat' dir='ltr'><strong>incarnationis</strong></span> <span class='ocrx_word' id='word_1_509' title='bbox 1790 4427 1892 4467; x_wconf 82' lang='lat' dir='ltr'><strong>an-</strong></span> 
     </span>
    </p>
   </div>
   <div class='ocr_carea' id='block_1_77' title="bbox 308 4501 1890 4576">
    <p class='ocr_par' dir='ltr' id='par_1_77' title="bbox 308 4501 1890 4576">
     <span class='ocr_line' id='line_1_77' title="bbox 308 4501 1890 4576; baseline -0.001 -16"><span class='ocrx_word' id='word_1_510' title='bbox 308 4521 382 4562; x_wconf 93' lang='lat' dir='ltr'><strong>no</strong></span> <span class='ocrx_word' id='word_1_511' title='bbox 405 4503 535 4570; x_wconf 78' lang='lat'><strong>785,</strong></span> <span class='ocrx_word' id='word_1_512' title='bbox 588 4518 733 4558; x_wconf 92' lang='lat' dir='ltr'><strong>anno</strong></span> <span class='ocrx_word' id='word_1_513' title='bbox 807 4518 941 4558; x_wconf 86' lang='lat' dir='ltr'><strong>vero</strong></span> <span class='ocrx_word' id='word_1_514' title='bbox 1011 4502 1230 4573; x_wconf 89' lang='lat' dir='ltr'><strong>imperii</strong></span> <span class='ocrx_word' id='word_1_515' title='bbox 1289 4501 1637 4558; x_wconf 87' lang='lat' dir='ltr'><strong>Constantini</strong></span> <span class='ocrx_word' id='word_1_516' title='bbox 1706 4503 1890 4576; x_wconf 89' lang='lat' dir='ltr'><strong>primo</strong></span> 
     </span>
    </p>
   </div>
   <div class='ocr_carea' id='block_1_78' title="bbox 1983 3307 3586 3385">
    <p class='ocr_par' dir='ltr' id='par_1_78' title="bbox 1983 3307 3586 3385">
     <span class='ocr_line' id='line_1_78' title="bbox 1983 3307 3586 3385; baseline -0.004 -17"><span class='ocrx_word' id='word_1_517' title='bbox 1983 3313 2101 3385; x_wconf 89' lang='lat' dir='ltr'><strong>ipsa</strong></span> <span class='ocrx_word' id='word_1_518' title='bbox 2154 3311 2564 3377; x_wconf 57' lang='lat' dir='ltr'><strong>adificaverat,</strong></span> <span class='ocrx_word' id='word_1_519' title='bbox 2599 3309 2658 3365; x_wconf 89' lang='lat' dir='ltr'><strong>in</strong></span> <span class='ocrx_word' id='word_1_520' title='bbox 2696 3324 2807 3380; x_wconf 91' lang='lat' dir='ltr'><strong>quo</strong></span> <span class='ocrx_word' id='word_1_521' title='bbox 2855 3310 3025 3365; x_wconf 89' lang='lat' dir='ltr'><strong>etiam</strong></span> <span class='ocrx_word' id='word_1_522' title='bbox 3074 3307 3340 3378; x_wconf 87' lang='lat' dir='ltr'><strong>pecunias</strong></span> <span class='ocrx_word' id='word_1_523' title='bbox 3383 3308 3586 3362; x_wconf 82' lang='lat' dir='ltr'><strong>multas</strong></span> 
     </span>
    </p>
   </div>
   <div class='ocr_carea' id='block_1_79' title="bbox 1982 3405 2371 3465">
    <p class='ocr_par' dir='ltr' id='par_1_79' title="bbox 1982 3405 2371 3465">
     <span class='ocr_line' id='line_1_79' title="bbox 1982 3405 2371 3465; baseline -0.01 0"><span class='ocrx_word' id='word_1_524' title='bbox 1982 3405 2371 3465; x_wconf 83' lang='lat' dir='ltr'><strong>absconderat.</strong></span> 
     </span>
    </p>
   </div>
   <div class='ocr_carea' id='block_1_80' title="bbox 2058 3494 3571 3559">
    <p class='ocr_par' dir='ltr' id='par_1_80' title="bbox 2058 3494 3571 3559">
     <span class='ocr_line' id='line_1_80' title="bbox 2058 3494 3571 3559; baseline -0.005 -4"><span class='ocrx_word' id='word_1_525' title='bbox 2058 3501 2289 3556; x_wconf 89' lang='lat' dir='ltr'><strong>Factum</strong></span> <span class='ocrx_word' id='word_1_526' title='bbox 2326 3514 2459 3554; x_wconf 88' lang='lat' dir='ltr'><strong>vero</strong></span> <span class='ocrx_word' id='word_1_527' title='bbox 2494 3505 2581 3554; x_wconf 89' lang='lat' dir='ltr'><strong>est</strong></span> <span class='ocrx_word' id='word_1_528' title='bbox 2634 3496 2829 3552; x_wconf 89' lang='lat' dir='ltr'><strong>eodem</strong></span> <span class='ocrx_word' id='word_1_529' title='bbox 2885 3511 3076 3552; x_wconf 90' lang='lat' dir='ltr'><strong>mense</strong></span> <span class='ocrx_word' id='word_1_530' title='bbox 3110 3494 3453 3559; x_wconf 90' lang='lat' dir='ltr'><strong>incendium,</strong></span> <span class='ocrx_word' id='word_1_531' title='bbox 3510 3501 3571 3549; x_wconf 91' lang='lat' dir='ltr'><strong>et</strong></span> 
     </span>
    </p>
   </div>
   <div class='ocr_carea' id='block_1_81' title="bbox 1984 3587 3585 3660">
    <p class='ocr_par' dir='ltr' id='par_1_81' title="bbox 1984 3587 3585 3660">
     <span class='ocr_line' id='line_1_81' title="bbox 1984 3587 3585 3660; baseline -0.006 -10"><span class='ocrx_word' id='word_1_532' title='bbox 1984 3602 2396 3651; x_wconf 88' lang='lat' dir='ltr'><strong>conerematum</strong></span> <span class='ocrx_word' id='word_1_533' title='bbox 2433 3601 2518 3647; x_wconf 91' lang='lat' dir='ltr'><strong>est</strong></span> <span class='ocrx_word' id='word_1_534' title='bbox 2548 3590 2852 3646; x_wconf 89' lang='lat' dir='ltr'><strong>triclinium</strong></span> <span class='ocrx_word' id='word_1_535' title='bbox 2884 3589 3229 3660; x_wconf 86' lang='lat' dir='ltr'><strong>patriarchii,</strong></span> <span class='ocrx_word' id='word_1_536' title='bbox 3255 3587 3402 3659; x_wconf 91' lang='lat' dir='ltr'><strong>quod</strong></span> <span class='ocrx_word' id='word_1_537' title='bbox 3431 3587 3585 3643; x_wconf 76' lang='lat' dir='ltr'><strong>dici‘</strong></span> 
     </span>
    </p>
   </div>
   <div class='ocr_carea' id='block_1_82' title="bbox 1984 3680 3596 3754">
    <p class='ocr_par' dir='ltr' id='par_1_82' title="bbox 1984 3680 3596 3754">
     <span class='ocr_line' id='line_1_82' title="bbox 1984 3680 3596 3754; baseline -0.005 -11"><span class='ocrx_word' id='word_1_538' title='bbox 1984 3695 2079 3743; x_wconf 90' lang='lat' dir='ltr'><strong>tur</strong></span> <span class='ocrx_word' id='word_1_539' title='bbox 2106 3687 2444 3749; x_wconf 87' lang='lat' dir='ltr'><strong>Thomaites,</strong></span> <span class='ocrx_word' id='word_1_540' title='bbox 2468 3692 2523 3740; x_wconf 93' lang='lat' dir='ltr'><strong>et</strong></span> <span class='ocrx_word' id='word_1_541' title='bbox 2554 3692 2915 3754; x_wconf 62' lang='lat' dir='ltr'><strong>quaestorum,</strong></span> <span class='ocrx_word' id='word_1_542' title='bbox 2939 3689 2993 3736; x_wconf 88' lang='lat' dir='ltr'><strong>et</strong></span> <span class='ocrx_word' id='word_1_543' title='bbox 3019 3681 3139 3736; x_wconf 77' lang='lat' dir='ltr'><strong>alia:</strong></span> <span class='ocrx_word' id='word_1_544' title='bbox 3159 3680 3359 3735; x_wconf 92' lang='lat' dir='ltr'><strong>domus</strong></span> <span class='ocrx_word' id='word_1_545' title='bbox 3407 3694 3596 3750; x_wconf 73' lang='lat' dir='ltr'><strong>usque</strong></span> 
     </span>
    </p>
   </div>
   <div class='ocr_carea' id='block_1_83' title="bbox 1993 3773 3580 3846">
    <p class='ocr_par' dir='ltr' id='par_1_83' title="bbox 1993 3773 3580 3846">
     <span class='ocr_line' id='line_1_83' title="bbox 1993 3773 3580 3846; baseline -0.008 -8"><span class='ocrx_word' id='word_1_546' title='bbox 1993 3781 2064 3838; x_wconf 92' lang='lat' dir='ltr'><strong>ad</strong></span> <span class='ocrx_word' id='word_1_547' title='bbox 2094 3779 2332 3836; x_wconf 81' lang='lat' dir='ltr'><strong>Milium.</strong></span> <span class='ocrx_word' id='word_1_548' title='bbox 2375 3776 2647 3833; x_wconf 68' lang='lat' dir='ltr'><strong>Caeterum</strong></span> <span class='ocrx_word' id='word_1_549' title='bbox 2704 3774 2879 3846; x_wconf 87' lang='lat' dir='ltr'><strong>Aprili</strong></span> <span class='ocrx_word' id='word_1_550' title='bbox 2924 3789 3112 3830; x_wconf 90' lang='lat' dir='ltr'><strong>mense</strong></span> <span class='ocrx_word' id='word_1_551' title='bbox 3180 3773 3580 3830; x_wconf 86' lang='lat' dir='ltr'><strong>Constantinus</strong></span> 
     </span>
    </p>
   </div>
   <div class='ocr_carea' id='block_1_84' title="bbox 1985 3860 3581 3937">
    <p class='ocr_par' dir='ltr' id='par_1_84' title="bbox 1985 3860 3581 3937">
     <span class='ocr_line' id='line_1_84' title="bbox 1985 3860 3581 3937; baseline -0.009 -5"><span class='ocrx_word' id='word_1_552' title='bbox 1985 3889 2113 3934; x_wconf 89' lang='lat' dir='ltr'><strong>cum</strong></span> <span class='ocrx_word' id='word_1_553' title='bbox 2147 3881 2329 3928; x_wconf 87' lang='lat' dir='ltr'><strong>castra</strong></span> <span class='ocrx_word' id='word_1_554' title='bbox 2377 3869 2638 3924; x_wconf 81' lang='lat' dir='ltr'><strong>movisset</strong></span> <span class='ocrx_word' id='word_1_555' title='bbox 2689 3876 2883 3924; x_wconf 86' lang='lat' dir='ltr'><strong>contra</strong></span> <span class='ocrx_word' id='word_1_556' title='bbox 2943 3866 3251 3937; x_wconf 77' lang='lat' dir='ltr'><strong>Vulgares,</strong></span> <span class='ocrx_word' id='word_1_557' title='bbox 3303 3863 3459 3918; x_wconf 85' lang='lat' dir='ltr'><strong>venit</strong></span> <span class='ocrx_word' id='word_1_558' title='bbox 3508 3860 3581 3919; x_wconf 79' lang='lat' dir='ltr'><strong>ad</strong></span> 
     </span>
    </p>
   </div>
   <div class='ocr_carea' id='block_1_85' title="bbox 1986 3951 3576 4034">
    <p class='ocr_par' dir='ltr' id='par_1_85' title="bbox 1986 3951 3576 4034">
     <span class='ocr_line' id='line_1_85' title="bbox 1986 3951 3576 4034; baseline -0.006 -14"><span class='ocrx_word' id='word_1_559' title='bbox 1986 3964 2278 4020; x_wconf 88' lang='lat' dir='ltr'><strong>castellum</strong></span> <span class='ocrx_word' id='word_1_560' title='bbox 2301 3959 2450 4034; x_wconf 92' lang='lat' dir='ltr'><strong>quod</strong></span> <span class='ocrx_word' id='word_1_561' title='bbox 2475 3958 2680 4014; x_wconf 84' lang='lat' dir='ltr'><strong>dicitur</strong></span> <span class='ocrx_word' id='word_1_562' title='bbox 2709 3957 2952 4022; x_wconf 88' lang='lat' dir='ltr'><strong>Probati,</strong></span> <span class='ocrx_word' id='word_1_563' title='bbox 2971 3958 3037 4011; x_wconf 90' lang='lat' dir='ltr'><strong>ad</strong></span> <span class='ocrx_word' id='word_1_564' title='bbox 3066 3957 3243 4010; x_wconf 90' lang='lat' dir='ltr'><strong>rivum</strong></span> <span class='ocrx_word' id='word_1_565' title='bbox 3269 3954 3484 4010; x_wconf 84' lang='lat' dir='ltr'><strong>scilicet</strong></span> <span class='ocrx_word' id='word_1_566' title='bbox 3506 3951 3576 4011; x_wconf 78' lang='lat'><strong>3.</strong></span> 
     </span>
    </p>
   </div>
   <div class='ocr_carea' id='block_1_86' title="bbox 1985 4045 3577 4129">
    <p class='ocr_par' dir='ltr' id='par_1_86' title="bbox 1985 4045 3577 4129">
     <span class='ocr_line' id='line_1_86' title="bbox 1985 4045 3577 4129; baseline -0.009 -16"><span class='ocrx_word' id='word_1_567' title='bbox 1985 4056 2260 4129; x_wconf 77' lang='lat' dir='ltr'><strong>Georgii;</strong></span> <span class='ocrx_word' id='word_1_568' title='bbox 2305 4064 2554 4127; x_wconf 81' lang='lat' dir='ltr'><strong>etcum</strong></span> <span class='ocrx_word' id='word_1_569' title='bbox 2627 4050 2960 4107; x_wconf 86' lang='lat' dir='ltr'><strong>occurrisset</strong></span> <span class='ocrx_word' id='word_1_570' title='bbox 3008 4047 3282 4103; x_wconf 86' lang='lat' dir='ltr'><strong>Cardamo</strong></span> <span class='ocrx_word' id='word_1_571' title='bbox 3349 4045 3577 4100; x_wconf 90' lang='lat' dir='ltr'><strong>domino</strong></span> 
     </span>
    </p>
   </div>
   <div class='ocr_carea' id='block_1_87' title="bbox 1985 4135 3578 4220">
    <p class='ocr_par' dir='ltr' id='par_1_87' title="bbox 1985 4135 3578 4220">
     <span class='ocr_line' id='line_1_87' title="bbox 1985 4135 3578 4220; baseline -0.009 -15"><span class='ocrx_word' id='word_1_572' title='bbox 1985 4148 2306 4220; x_wconf 75' lang='lat' dir='ltr'><strong>Vulgarize,</strong></span> <span class='ocrx_word' id='word_1_573' title='bbox 2353 4146 2556 4218; x_wconf 90' lang='lat' dir='ltr'><strong>pusillo</strong></span> <span class='ocrx_word' id='word_1_574' title='bbox 2612 4144 2758 4200; x_wconf 91' lang='lat' dir='ltr'><strong>circa</strong></span> <span class='ocrx_word' id='word_1_575' title='bbox 2828 4155 3119 4211; x_wconf 87' lang='lat' dir='ltr'><strong>vesperam</strong></span> <span class='ocrx_word' id='word_1_576' title='bbox 3195 4138 3340 4193; x_wconf 86' lang='lat' dir='ltr'><strong>facto</strong></span> <span class='ocrx_word' id='word_1_577' title='bbox 3399 4135 3578 4202; x_wconf 88' lang='lat' dir='ltr'><strong>bello,</strong></span> 
     </span>
    </p>
   </div>
   <div class='ocr_carea' id='block_1_88' title="bbox 1993 4233 3576 4308">
    <p class='ocr_par' dir='ltr' id='par_1_88' title="bbox 1993 4233 3576 4308">
     <span class='ocr_line' id='line_1_88' title="bbox 1993 4233 3576 4308; baseline -0.009 -11"><span class='ocrx_word' id='word_1_578' title='bbox 1993 4240 2364 4297; x_wconf 78' lang='lat' dir='ltr'><strong>formidantes</strong></span> <span class='ocrx_word' id='word_1_579' title='bbox 2405 4237 2461 4294; x_wconf 89' lang='lat' dir='ltr'><strong>hi</strong></span> <span class='ocrx_word' id='word_1_580' title='bbox 2499 4237 2595 4308; x_wconf 90' lang='lat' dir='ltr'><strong>qui</strong></span> <span class='ocrx_word' id='word_1_581' title='bbox 2651 4251 2719 4290; x_wconf 92' lang='lat' dir='ltr'><strong>ex</strong></span> <span class='ocrx_word' id='word_1_582' title='bbox 2767 4247 2923 4304; x_wconf 86' lang='lat' dir='ltr'><strong>parte</strong></span> <span class='ocrx_word' id='word_1_583' title='bbox 2957 4233 3332 4286; x_wconf 76' lang='lat' dir='ltr'><strong>Romanorum</strong></span> <span class='ocrx_word' id='word_1_584' title='bbox 3391 4237 3576 4294; x_wconf 89' lang='lat' dir='ltr'><strong>erant,</strong></span> 
     </span>
    </p>
   </div>
   <div class='ocr_carea' id='block_1_89' title="bbox 1993 4323 3575 4409">
    <p class='ocr_par' dir='ltr' id='par_1_89' title="bbox 1993 4323 3575 4409">
     <span class='ocr_line' id='line_1_89' title="bbox 1993 4323 3575 4409; baseline -0.009 -17"><span class='ocrx_word' id='word_1_585' title='bbox 1993 4351 2094 4409; x_wconf 89' lang='lat' dir='ltr'><strong>per</strong></span> <span class='ocrx_word' id='word_1_586' title='bbox 2115 4344 2336 4390; x_wconf 90' lang='lat' dir='ltr'><strong>noctem</strong></span> <span class='ocrx_word' id='word_1_587' title='bbox 2375 4332 2636 4403; x_wconf 81' lang='lat' dir='ltr'><strong>fugerunt</strong></span> <span class='ocrx_word' id='word_1_588' title='bbox 2663 4336 2718 4385; x_wconf 91' lang='lat' dir='ltr'><strong>et</strong></span> <span class='ocrx_word' id='word_1_589' title='bbox 2748 4327 2964 4398; x_wconf 80' lang='lat' dir='ltr'><strong>inglorii</strong></span> <span class='ocrx_word' id='word_1_590' title='bbox 2994 4327 3320 4391; x_wconf 88' lang='lat' dir='ltr'><strong>redierunt;</strong></span> <span class='ocrx_word' id='word_1_591' title='bbox 3351 4323 3487 4396; x_wconf 88' lang='lat' dir='ltr'><strong>quin</strong></span> <span class='ocrx_word' id='word_1_592' title='bbox 3514 4331 3575 4378; x_wconf 90' lang='lat' dir='ltr'><strong>et</strong></span> 
     </span>
    </p>
   </div>
   <div class='ocr_carea' id='block_1_90' title="bbox 2001 4418 3012 4498">
    <p class='ocr_par' dir='ltr' id='par_1_90' title="bbox 2001 4418 3012 4498">
     <span class='ocr_line' id='line_1_90' title="bbox 2001 4418 3012 4498; baseline -0.012 -15"><span class='ocrx_word' id='word_1_593' title='bbox 2001 4425 2256 4498; x_wconf 80' lang='lat' dir='ltr'><strong>Vulgares</strong></span> <span class='ocrx_word' id='word_1_594' title='bbox 2283 4428 2594 4477; x_wconf 89' lang='lat' dir='ltr'><strong>metuentes</strong></span> <span class='ocrx_word' id='word_1_595' title='bbox 2623 4418 2832 4474; x_wconf 89' lang='lat' dir='ltr'><strong>reversi</strong></span> <span class='ocrx_word' id='word_1_596' title='bbox 2863 4425 3012 4473; x_wconf 91' lang='lat' dir='ltr'><strong>sunt.</strong></span> 
     </span>
    </p>
   </div>
   <div class='ocr_carea' id='block_1_91' title="bbox 2059 4502 3583 4584">
    <p class='ocr_par' dir='ltr' id='par_1_91' title="bbox 2059 4502 3583 4584">
     <span class='ocr_line' id='line_1_91' title="bbox 2059 4502 3583 4584; baseline -0.009 -13"><span class='ocrx_word' id='word_1_597' title='bbox 2059 4513 2221 4572; x_wconf 82' lang='lat' dir='ltr'><strong>Anno</strong></span> <span class='ocrx_word' id='word_1_598' title='bbox 2271 4512 2498 4584; x_wconf 88' lang='lat' dir='ltr'><strong>imperii</strong></span> <span class='ocrx_word' id='word_1_599' title='bbox 2555 4509 2646 4566; x_wconf 89' lang='lat' dir='ltr'><strong>sui</strong></span> <span class='ocrx_word' id='word_1_600' title='bbox 2690 4507 3185 4564; x_wconf 81' lang='lat' dir='ltr'><strong>secundomense</strong></span> <span class='ocrx_word' id='word_1_601' title='bbox 3233 4502 3583 4576; x_wconf 88' lang='lat' dir='ltr'><strong>Septembrio</strong></span> 
     </span>
    </p>
   </div>
   <div class='ocr_carea' id='block_1_92' title="bbox 306 4579 3586 4674">
    <p class='ocr_par' dir='ltr' id='par_1_92' title="bbox 306 4579 3586 4674">
     <span class='ocr_line' id='line_1_92' title="bbox 306 4579 3586 4674; baseline -0.005 -23"><span class='ocrx_word' id='word_1_602' title='bbox 306 4609 502 4652; x_wconf 85' lang='lat' dir='ltr'><strong>mense</strong></span> <span class='ocrx_word' id='word_1_603' title='bbox 556 4592 928 4664; x_wconf 88' lang='lat' dir='ltr'><strong>Septembrio,</strong></span> <span class='ocrx_word' id='word_1_604' title='bbox 993 4592 1318 4648; x_wconf 88' lang='lat' dir='ltr'><strong>indictionis</strong></span> <span class='ocrx_word' id='word_1_605' title='bbox 1372 4593 1602 4648; x_wconf 71' lang='lat' dir='ltr'><strong>decimae</strong></span> <span class='ocrx_word' id='word_1_606' title='bbox 1648 4603 1884 4663; x_wconf 65' lang='lat' dir='ltr'><strong>quartae,</strong></span> <span class='ocrx_word' id='word_1_607' title='bbox 1921 4579 2172 4666; x_wconf 58' lang='lat' dir='ltr'><strong>Deam-3</strong></span> <span class='ocrx_word' id='word_1_608' title='bbox 2207 4579 2379 4662; x_wconf 64' lang='lat' dir='ltr'><strong>movi},</strong></span> <span class='ocrx_word' id='word_1_609' title='bbox 2421 4605 2723 4674; x_wconf 53' lang='lat' dir='ltr'><strong>imperator</strong></span> <span class='ocrx_word' id='word_1_610' title='bbox 2769 4601 3037 4656; x_wconf 66' lang='lat' dir='ltr'><strong>adversus</strong></span> <span class='ocrx_word' id='word_1_611' title='bbox 3063 4597 3292 4665; x_wconf 59' lang='lat' dir='ltr'><strong>Arabes,</strong></span> <span class='ocrx_word' id='word_1_612' title='bbox 3318 4604 3376 4653; x_wconf 68' lang='grc' dir='ltr'><strong>ει</strong></span> <span class='ocrx_word' id='word_1_613' title='bbox 3402 4596 3586 4668; x_wconf 67' lang='lat' dir='ltr'><strong>prore-</strong></span> 
     </span>
    </p>
   </div>
   <div class='ocr_carea' id='block_1_93' title="bbox 308 4683 1880 4753">
    <p class='ocr_par' dir='ltr' id='par_1_93' title="bbox 308 4683 1880 4753">
     <span class='ocr_line' id='line_1_93' title="bbox 308 4683 1880 4753; baseline -0.002 -11"><span class='ocrx_word' id='word_1_614' title='bbox 308 4693 583 4742; x_wconf 75' lang='lat' dir='ltr'><strong>venerunt</strong></span> <span class='ocrx_word' id='word_1_615' title='bbox 616 4683 712 4753; x_wconf 90' lang='lat' dir='ltr'><strong>qui</strong></span> <span class='ocrx_word' id='word_1_616' title='bbox 737 4683 1068 4753; x_wconf 88' lang='lat' dir='ltr'><strong>adiurabant</strong></span> <span class='ocrx_word' id='word_1_617' title='bbox 1093 4683 1161 4737; x_wconf 89' lang='lat' dir='ltr'><strong>ad</strong></span> <span class='ocrx_word' id='word_1_618' title='bbox 1182 4685 1634 4739; x_wconf 86' lang='lat' dir='ltr'><strong>Armeniacorum</strong></span> <span class='ocrx_word' id='word_1_619' title='bbox 1660 4685 1880 4750; x_wconf 86' lang='lat' dir='ltr'><strong>thema;</strong></span> 
     </span>
    </p>
   </div>
   <div class='ocr_carea' id='block_1_94' title="bbox 307 4775 1891 4849">
    <p class='ocr_par' dir='ltr' id='par_1_94' title="bbox 307 4775 1891 4849">
     <span class='ocr_line' id='line_1_94' title="bbox 307 4775 1891 4849; baseline -0.001 -16"><span class='ocrx_word' id='word_1_620' title='bbox 307 4778 400 4848; x_wconf 91' lang='lat' dir='ltr'><strong>qui</strong></span> <span class='ocrx_word' id='word_1_621' title='bbox 423 4779 612 4849; x_wconf 89' lang='lat' dir='ltr'><strong>iurare</strong></span> <span class='ocrx_word' id='word_1_622' title='bbox 637 4775 864 4831; x_wconf 89' lang='lat' dir='ltr'><strong>minime</strong></span> <span class='ocrx_word' id='word_1_623' title='bbox 895 4785 1315 4840; x_wconf 87' lang='lat' dir='ltr'><strong>consenserunt,</strong></span> <span class='ocrx_word' id='word_1_624' title='bbox 1354 4776 1481 4847; x_wconf 91' lang='lat' dir='ltr'><strong>quia</strong></span> <span class='ocrx_word' id='word_1_625' title='bbox 1505 4776 1624 4831; x_wconf 86' lang='lat' dir='ltr'><strong>Non</strong></span> <span class='ocrx_word' id='word_1_626' title='bbox 1657 4777 1891 4846; x_wconf 83' lang='lat' dir='ltr'><strong>impera-</strong></span> 
     </span>
    </p>
   </div>
   <div class='ocr_carea' id='block_1_95' title="bbox 306 4866 1888 4938">
    <p class='ocr_par' dir='ltr' id='par_1_95' title="bbox 306 4866 1888 4938">
     <span class='ocr_line' id='line_1_95' title="bbox 306 4866 1888 4938; baseline -0.002 -13"><span class='ocrx_word' id='word_1_627' title='bbox 306 4869 494 4925; x_wconf 90' lang='lat' dir='ltr'><strong>bimur</strong></span> <span class='ocrx_word' id='word_1_628' title='bbox 516 4883 548 4922; x_wconf 89' lang='lat' dir='ltr'><strong>a</strong></span> <span class='ocrx_word' id='word_1_629' title='bbox 582 4866 692 4922; x_wconf 79' lang='lat' dir='ltr'><strong>tilio</strong></span> <span class='ocrx_word' id='word_1_630' title='bbox 722 4875 816 4922; x_wconf 92' lang='lat' dir='ltr'><strong>tuo</strong></span> <span class='ocrx_word' id='word_1_631' title='bbox 848 4867 904 4921; x_wconf 91' lang='lat' dir='ltr'><strong>in</strong></span> <span class='ocrx_word' id='word_1_632' title='bbox 939 4867 1053 4920; x_wconf 89' lang='lat' dir='ltr'><strong>vita</strong></span> <span class='ocrx_word' id='word_1_633' title='bbox 1100 4875 1212 4932; x_wconf 86' lang='lat' dir='ltr'><strong>tua,</strong></span> <span class='ocrx_word' id='word_1_634' title='bbox 1243 4867 1338 4921; x_wconf 88' lang='lat' dir='ltr'><strong>sed</strong></span> <span class='ocrx_word' id='word_1_635' title='bbox 1365 4883 1465 4922; x_wconf 88' lang='lat' dir='ltr'><strong>nec</strong></span> <span class='ocrx_word' id='word_1_636' title='bbox 1494 4869 1888 4938; x_wconf 84' lang='lat' dir='ltr'><strong>praeponimus,</strong></span> 
     </span>
    </p>
   </div>
   <div class='ocr_carea' id='block_1_96' title="bbox 308 4957 1888 5032">
    <p class='ocr_par' dir='ltr' id='par_1_96' title="bbox 308 4957 1888 5032">
     <span class='ocr_line' id='line_1_96' title="bbox 308 4957 1888 5032; baseline -0.001 -15"><span class='ocrx_word' id='word_1_637' title='bbox 308 4960 590 5032; x_wconf 88' lang='lat' dir='ltr'><strong>inquiunt,</strong></span> <span class='ocrx_word' id='word_1_638' title='bbox 616 4975 817 5014; x_wconf 90' lang='lat' dir='ltr'><strong>nomen</strong></span> <span class='ocrx_word' id='word_1_639' title='bbox 849 4959 1098 5014; x_wconf 71' lang='lat' dir='ltr'><strong>Reiz-cna:</strong></span> <span class='ocrx_word' id='word_1_640' title='bbox 1129 4969 1258 5014; x_wconf 87' lang='lat' dir='ltr'><strong>ante</strong></span> <span class='ocrx_word' id='word_1_641' title='bbox 1285 4957 1628 5014; x_wconf 89' lang='lat' dir='ltr'><strong>Constantini</strong></span> <span class='ocrx_word' id='word_1_642' title='bbox 1665 4977 1888 5027; x_wconf 91' lang='lat' dir='ltr'><strong>nomen,</strong></span> 
     </span>
    </p>
   </div>
   <div class='ocr_carea' id='block_1_97' title="bbox 308 5051 1896 5123">
    <p class='ocr_par' dir='ltr' id='par_1_97' title="bbox 308 5051 1896 5123">
     <span class='ocr_line' id='line_1_97' title="bbox 308 5051 1896 5123; baseline -0.003 -12"><span class='ocrx_word' id='word_1_643' title='bbox 308 5054 404 5111; x_wconf 86' lang='lat' dir='ltr'><strong>sed</strong></span> <span class='ocrx_word' id='word_1_644' title='bbox 428 5053 774 5109; x_wconf 80' lang='lat' dir='ltr'><strong>Constantini</strong></span> <span class='ocrx_word' id='word_1_645' title='bbox 805 5061 861 5108; x_wconf 92' lang='lat' dir='ltr'><strong>et</strong></span> <span class='ocrx_word' id='word_1_646' title='bbox 911 5051 1183 5116; x_wconf 65' lang='lat' dir='ltr'><strong>Heirenae,</strong></span> <span class='ocrx_word' id='word_1_647' title='bbox 1226 5058 1288 5105; x_wconf 92' lang='lat' dir='ltr'><strong>ut</strong></span> <span class='ocrx_word' id='word_1_648' title='bbox 1337 5052 1406 5106; x_wconf 92' lang='lat' dir='ltr'><strong>ab</strong></span> <span class='ocrx_word' id='word_1_649' title='bbox 1440 5052 1600 5107; x_wconf 90' lang='lat' dir='ltr'><strong>initio</strong></span> <span class='ocrx_word' id='word_1_650' title='bbox 1647 5053 1896 5123; x_wconf 84' lang='lat' dir='ltr'><strong>suscepi-</strong></span> 
     </span>
    </p>
   </div>
   <div class='ocr_carea' id='block_1_98' title="bbox 310 5143 1894 5202">
    <p class='ocr_par' dir='ltr' id='par_1_98' title="bbox 310 5143 1894 5202">
     <span class='ocr_line' id='line_1_98' title="bbox 310 5143 1894 5202; baseline -0.001 -1"><span class='ocrx_word' id='word_1_651' title='bbox 310 5163 456 5202; x_wconf 91' lang='lat' dir='ltr'><strong>mus.</strong></span> <span class='ocrx_word' id='word_1_652' title='bbox 521 5143 668 5200; x_wconf 81' lang='lat' dir='ltr'><strong>Misit</strong></span> <span class='ocrx_word' id='word_1_653' title='bbox 711 5153 898 5200; x_wconf 89' lang='lat' dir='ltr'><strong>autem</strong></span> <span class='ocrx_word' id='word_1_654' title='bbox 956 5145 1161 5200; x_wconf 84' lang='lat' dir='ltr'><strong>iterum</strong></span> <span class='ocrx_word' id='word_1_655' title='bbox 1220 5143 1290 5197; x_wconf 88' lang='lat' dir='ltr'><strong>ad</strong></span> <span class='ocrx_word' id='word_1_656' title='bbox 1353 5143 1745 5199; x_wconf 76' lang='lat' dir='ltr'><strong>inflectendum</strong></span> <span class='ocrx_word' id='word_1_657' title='bbox 1799 5161 1894 5200; x_wconf 90' lang='lat' dir='ltr'><strong>eos</strong></span> 
     </span>
    </p>
   </div>
   <div class='ocr_carea' id='block_1_99' title="bbox 309 5232 1894 5310">
    <p class='ocr_par' dir='ltr' id='par_1_99' title="bbox 309 5232 1894 5310">
     <span class='ocr_line' id='line_1_99' title="bbox 309 5232 1894 5310; baseline 0 -15"><span class='ocrx_word' id='word_1_658' title='bbox 309 5241 564 5297; x_wconf 85' lang='lat' dir='ltr'><strong>Alexium</strong></span> <span class='ocrx_word' id='word_1_659' title='bbox 592 5239 934 5310; x_wconf 86' lang='lat' dir='ltr'><strong>spatharium</strong></span> <span class='ocrx_word' id='word_1_660' title='bbox 966 5248 1021 5294; x_wconf 91' lang='lat' dir='ltr'><strong>et</strong></span> <span class='ocrx_word' id='word_1_661' title='bbox 1049 5232 1411 5310; x_wconf 86' lang='lat' dir='ltr'><strong>drungarium</strong></span> <span class='ocrx_word' id='word_1_662' title='bbox 1442 5239 1666 5310; x_wconf 77' lang='lat' dir='ltr'><strong>vigiliae.</strong></span> <span class='ocrx_word' id='word_1_663' title='bbox 1706 5243 1776 5294; x_wconf 86' lang='lat' dir='ltr'><strong>At</strong></span> <span class='ocrx_word' id='word_1_664' title='bbox 1815 5240 1894 5295; x_wconf 91' lang='lat' dir='ltr'><strong>illi</strong></span> 
     </span>
    </p>
   </div>
   <div class='ocr_carea' id='block_1_100' title="bbox 311 5329 1898 5400">
    <p class='ocr_par' dir='ltr' id='par_1_100' title="bbox 311 5329 1898 5400">
     <span class='ocr_line' id='line_1_100' title="bbox 311 5329 1898 5400; baseline -0.002 -13"><span class='ocrx_word' id='word_1_665' title='bbox 311 5338 565 5387; x_wconf 89' lang='lat' dir='ltr'><strong>tenentes</strong></span> <span class='ocrx_word' id='word_1_666' title='bbox 596 5346 744 5393; x_wconf 89' lang='lat' dir='ltr'><strong>eum,</strong></span> <span class='ocrx_word' id='word_1_667' title='bbox 767 5340 831 5385; x_wconf 90' lang='lat' dir='ltr'><strong>ut</strong></span> <span class='ocrx_word' id='word_1_668' title='bbox 854 5330 990 5385; x_wconf 89' lang='lat' dir='ltr'><strong>sibit</strong></span> <span class='ocrx_word' id='word_1_669' title='bbox 1011 5339 1291 5400; x_wconf 76' lang='lat' dir='ltr'><strong>praeesset,</strong></span> <span class='ocrx_word' id='word_1_670' title='bbox 1324 5339 1718 5399; x_wconf 86' lang='lat' dir='ltr'><strong>provexerunt.</strong></span> <span class='ocrx_word' id='word_1_671' title='bbox 1739 5329 1898 5384; x_wconf 85' lang='lat' dir='ltr'><strong>Nice-</strong></span> 
     </span>
    </p>
   </div>
   <div class='ocr_carea' id='block_1_101' title="bbox 312 5422 1900 5497">
    <p class='ocr_par' dir='ltr' id='par_1_101' title="bbox 312 5422 1900 5497">
     <span class='ocr_line' id='line_1_101' title="bbox 312 5422 1900 5497; baseline 0.001 -20"><span class='ocrx_word' id='word_1_672' title='bbox 312 5426 553 5497; x_wconf 87' lang='lat' dir='ltr'><strong>phorum</strong></span> <span class='ocrx_word' id='word_1_673' title='bbox 579 5438 708 5477; x_wconf 90' lang='lat' dir='ltr'><strong>vero</strong></span> <span class='ocrx_word' id='word_1_674' title='bbox 730 5422 1025 5493; x_wconf 88' lang='lat' dir='ltr'><strong>patricium</strong></span> <span class='ocrx_word' id='word_1_675' title='bbox 1046 5431 1101 5477; x_wconf 92' lang='lat' dir='ltr'><strong>et</strong></span> <span class='ocrx_word' id='word_1_676' title='bbox 1128 5429 1414 5492; x_wconf 68' lang='lat' dir='ltr'><strong>praetorem</strong></span> <span class='ocrx_word' id='word_1_677' title='bbox 1446 5438 1606 5476; x_wconf 90' lang='lat' dir='ltr'><strong>suum</strong></span> <span class='ocrx_word' id='word_1_678' title='bbox 1636 5423 1900 5478; x_wconf 72' lang='lat' dir='ltr'><strong>custodia:</strong></span> 
     </span>
    </p>
   </div>
   <div class='ocr_carea' id='block_1_102' title="bbox 312 5514 1898 5587">
    <p class='ocr_par' dir='ltr' id='par_1_102' title="bbox 312 5514 1898 5587">
     <span class='ocr_line' id='line_1_102' title="bbox 312 5514 1898 5587; baseline -0.001 -15"><span class='ocrx_word' id='word_1_679' title='bbox 312 5517 719 5586; x_wconf 76' lang='lat' dir='ltr'><strong>mancipat-unt,</strong></span> <span class='ocrx_word' id='word_1_680' title='bbox 777 5514 1313 5586; x_wconf 87' lang='lat' dir='ltr'><strong>Constantinumque</strong></span> <span class='ocrx_word' id='word_1_681' title='bbox 1372 5515 1548 5569; x_wconf 91' lang='lat' dir='ltr'><strong>solum</strong></span> <span class='ocrx_word' id='word_1_682' title='bbox 1590 5517 1898 5587; x_wconf 90' lang='lat' dir='ltr'><strong>principem</strong></span> 
     </span>
    </p>
   </div>
   <div class='ocr_carea' id='block_1_103' title="bbox 316 5611 1899 5682">
    <p class='ocr_par' dir='ltr' id='par_1_103' title="bbox 316 5611 1899 5682">
     <span class='ocr_line' id='line_1_103' title="bbox 316 5611 1899 5682; baseline -0.002 -14"><span class='ocrx_word' id='word_1_683' title='bbox 316 5621 371 5668; x_wconf 89' lang='lat' dir='ltr'><strong>et</strong></span> <span class='ocrx_word' id='word_1_684' title='bbox 428 5614 823 5682; x_wconf 88' lang='lat' dir='ltr'><strong>imperatorem</strong></span> <span class='ocrx_word' id='word_1_685' title='bbox 891 5611 1257 5670; x_wconf 88' lang='lat' dir='ltr'><strong>laudaverunt</strong></span> <span class='ocrx_word' id='word_1_686' title='bbox 1304 5619 1364 5665; x_wconf 88' lang='lat' dir='ltr'><strong>et</strong></span> <span class='ocrx_word' id='word_1_687' title='bbox 1433 5612 1899 5666; x_wconf 89' lang='lat' dir='ltr'><strong>acclamavcrunt.</strong></span> 
     </span>
    </p>
   </div>
   <div class='ocr_carea' id='block_1_104' title="bbox 314 5705 1904 5776">
    <p class='ocr_par' dir='ltr' id='par_1_104' title="bbox 314 5705 1904 5776">
     <span class='ocr_line' id='line_1_104' title="bbox 314 5705 1904 5776; baseline -0.003 -14"><span class='ocrx_word' id='word_1_688' title='bbox 314 5706 431 5764; x_wconf 78' lang='lat' dir='ltr'><strong>Hoc</strong></span> <span class='ocrx_word' id='word_1_689' title='bbox 465 5715 748 5776; x_wconf 89' lang='lat' dir='ltr'><strong>comperto</strong></span> <span class='ocrx_word' id='word_1_690' title='bbox 794 5705 1129 5775; x_wconf 84' lang='lat' dir='ltr'><strong>reliquorum</strong></span> <span class='ocrx_word' id='word_1_691' title='bbox 1160 5705 1350 5775; x_wconf 90' lang='lat' dir='ltr'><strong>populi</strong></span> <span class='ocrx_word' id='word_1_692' title='bbox 1404 5708 1728 5770; x_wconf 87' lang='lat' dir='ltr'><strong>thematum,</strong></span> <span class='ocrx_word' id='word_1_693' title='bbox 1763 5721 1904 5774; x_wconf 70' lang='lat' dir='ltr'><strong>prte-</strong></span> 
     </span>
    </p>
   </div>
   <div class='ocr_carea' id='block_1_105' title="bbox 318 5798 1904 5869">
    <p class='ocr_par' dir='ltr' id='par_1_105' title="bbox 318 5798 1904 5869">
     <span class='ocr_line' id='line_1_105' title="bbox 318 5798 1904 5869; baseline -0.001 -17"><span class='ocrx_word' id='word_1_694' title='bbox 318 5799 534 5854; x_wconf 89' lang='lat' dir='ltr'><strong>toribus</strong></span> <span class='ocrx_word' id='word_1_695' title='bbox 560 5798 674 5854; x_wconf 89' lang='lat' dir='ltr'><strong>suis</strong></span> <span class='ocrx_word' id='word_1_696' title='bbox 707 5800 953 5869; x_wconf 79' lang='lat' dir='ltr'><strong>expulsis</strong></span> <span class='ocrx_word' id='word_1_697' title='bbox 999 5799 1423 5856; x_wconf 85' lang='lat' dir='ltr'><strong>Constantinum</strong></span> <span class='ocrx_word' id='word_1_698' title='bbox 1476 5810 1686 5856; x_wconf 90' lang='lat' dir='ltr'><strong>tantum</strong></span> <span class='ocrx_word' id='word_1_699' title='bbox 1728 5800 1904 5868; x_wconf 80' lang='lat' dir='ltr'><strong>impe-</strong></span> 
     </span>
    </p>
   </div>
   <div class='ocr_carea' id='block_1_106' title="bbox 328 5891 1904 5966">
    <p class='ocr_par' dir='ltr' id='par_1_106' title="bbox 328 5891 1904 5966">
     <span class='ocr_line' id='line_1_106' title="bbox 328 5891 1904 5966; baseline -0.001 -18"><span class='ocrx_word' id='word_1_700' title='bbox 328 5905 564 5952; x_wconf 86' lang='lat' dir='ltr'><strong>ratorem</strong></span> <span class='ocrx_word' id='word_1_701' title='bbox 608 5904 663 5950; x_wconf 89' lang='lat' dir='ltr'><strong>et</strong></span> <span class='ocrx_word' id='word_1_702' title='bbox 713 5895 816 5965; x_wconf 87' lang='lat' dir='ltr'><strong>ipsi</strong></span> <span class='ocrx_word' id='word_1_703' title='bbox 877 5895 1265 5966; x_wconf 79' lang='lat' dir='ltr'><strong>praedicabant.</strong></span> <span class='ocrx_word' id='word_1_704' title='bbox 1304 5895 1348 5950; x_wconf 91' lang='grc' dir='ltr'><strong>Ο</strong></span> <span class='ocrx_word' id='word_1_705' title='bbox 1414 5893 1636 5966; x_wconf 81' lang='lat' dir='ltr'><strong>maligni</strong></span> <span class='ocrx_word' id='word_1_706' title='bbox 1699 5891 1904 5948; x_wconf 81' lang='lat' dir='ltr'><strong>diaboli</strong></span> 
     </span>
    </p>
   </div>
   <div class='ocr_carea' id='block_1_107' title="bbox 1994 4691 3583 4757">
    <p class='ocr_par' dir='ltr' id='par_1_107' title="bbox 1994 4691 3583 4757">
     <span class='ocr_line' id='line_1_107' title="bbox 1994 4691 3583 4757; baseline -0.009 0"><span class='ocrx_word' id='word_1_707' title='bbox 1994 4709 2122 4757; x_wconf 90' lang='lat' dir='ltr'><strong>ctus</strong></span> <span class='ocrx_word' id='word_1_708' title='bbox 2156 4699 2226 4756; x_wconf 88' lang='lat' dir='ltr'><strong>ab</strong></span> <span class='ocrx_word' id='word_1_709' title='bbox 2260 4698 2482 4754; x_wconf 85' lang='lat' dir='ltr'><strong>Amorio</strong></span> <span class='ocrx_word' id='word_1_710' title='bbox 2519 4695 2654 4752; x_wconf 87' lang='lat' dir='ltr'><strong>abiit</strong></span> <span class='ocrx_word' id='word_1_711' title='bbox 2679 4694 2911 4750; x_wconf 86' lang='lat' dir='ltr'><strong>Tarsum</strong></span> <span class='ocrx_word' id='word_1_712' title='bbox 2944 4693 3169 4749; x_wconf 64' lang='lat' dir='ltr'><strong>Ciliciae.</strong></span> <span class='ocrx_word' id='word_1_713' title='bbox 3206 4691 3342 4746; x_wconf 93' lang='lat' dir='ltr'><strong>Cum</strong></span> <span class='ocrx_word' id='word_1_714' title='bbox 3395 4697 3583 4744; x_wconf 88' lang='lat' dir='ltr'><strong>autem</strong></span> 
     </span>
    </p>
   </div>
   <div class='ocr_carea' id='block_1_108' title="bbox 1993 4779 3586 4858">
    <p class='ocr_par' dir='ltr' id='par_1_108' title="bbox 1993 4779 3586 4858">
     <span class='ocr_line' id='line_1_108' title="bbox 1993 4779 3586 4858; baseline -0.009 -11"><span class='ocrx_word' id='word_1_715' title='bbox 1993 4792 2243 4847; x_wconf 79' lang='lat' dir='ltr'><strong>venisset</strong></span> <span class='ocrx_word' id='word_1_716' title='bbox 2297 4790 2366 4844; x_wconf 92' lang='lat' dir='ltr'><strong>ad</strong></span> <span class='ocrx_word' id='word_1_717' title='bbox 2414 4790 2709 4858; x_wconf 89' lang='lat' dir='ltr'><strong>inaquosas</strong></span> <span class='ocrx_word' id='word_1_718' title='bbox 2771 4798 2952 4842; x_wconf 88' lang='lat' dir='ltr'><strong>turres</strong></span> <span class='ocrx_word' id='word_1_719' title='bbox 2988 4826 3002 4849; x_wconf 91' lang='lat'><strong>,</strong></span> <span class='ocrx_word' id='word_1_720' title='bbox 3063 4783 3349 4854; x_wconf 90' lang='lat' dir='ltr'><strong>repedavit</strong></span> <span class='ocrx_word' id='word_1_721' title='bbox 3404 4779 3586 4836; x_wconf 90' lang='lat' dir='ltr'><strong>inanis</strong></span> 
     </span>
    </p>
   </div>
   <div class='ocr_carea' id='block_1_109' title="bbox 2001 4872 3585 4946">
    <p class='ocr_par' dir='ltr' id='par_1_109' title="bbox 2001 4872 3585 4946">
     <span class='ocr_line' id='line_1_109' title="bbox 2001 4872 3585 4946; baseline -0.008 -8"><span class='ocrx_word' id='word_1_722' title='bbox 2001 4897 2192 4938; x_wconf 89' lang='lat' dir='ltr'><strong>mense</strong></span> <span class='ocrx_word' id='word_1_723' title='bbox 2221 4881 2483 4937; x_wconf 90' lang='lat' dir='ltr'><strong>Octobrio</strong></span> <span class='ocrx_word' id='word_1_724' title='bbox 2513 4879 2837 4934; x_wconf 85' lang='lat' dir='ltr'><strong>indietionis</strong></span> <span class='ocrx_word' id='word_1_725' title='bbox 2865 4877 3091 4932; x_wconf 64' lang='lat' dir='ltr'><strong>decima</strong></span> <span class='ocrx_word' id='word_1_726' title='bbox 3139 4874 3369 4946; x_wconf 63' lang='lat' dir='ltr'><strong>quinta.</strong></span> <span class='ocrx_word' id='word_1_727' title='bbox 3401 4872 3585 4927; x_wconf 83' lang='lat' dir='ltr'><strong>Porro</strong></span> 
     </span>
    </p>
   </div>
   <div class='ocr_carea' id='block_1_110' title="bbox 1997 4954 3586 5038">
    <p class='ocr_par' dir='ltr' id='par_1_110' title="bbox 1997 4954 3586 5038">
     <span class='ocr_line' id='line_1_110' title="bbox 1997 4954 3586 5038; baseline -0.007 -9"><span class='ocrx_word' id='word_1_728' title='bbox 1997 4954 2214 5030; x_wconf 83' lang='lat' dir='ltr'><strong>decimo</strong></span> <span class='ocrx_word' id='word_1_729' title='bbox 2251 4982 2446 5028; x_wconf 89' lang='lat' dir='ltr'><strong>octavo</strong></span> <span class='ocrx_word' id='word_1_730' title='bbox 2479 4971 2749 5028; x_wconf 87' lang='lat' dir='ltr'><strong>Kalendas</strong></span> <span class='ocrx_word' id='word_1_731' title='bbox 2780 4969 3106 5025; x_wconf 83' lang='lat' dir='ltr'><strong>Februarias</strong></span> <span class='ocrx_word' id='word_1_732' title='bbox 3155 4976 3376 5038; x_wconf 80' lang='lat' dir='ltr'><strong>rogatus</strong></span> <span class='ocrx_word' id='word_1_733' title='bbox 3408 4966 3586 5032; x_wconf 86' lang='lat' dir='ltr'><strong>impe-</strong></span> 
     </span>
    </p>
   </div>
   <div class='ocr_carea' id='block_1_111' title="bbox 1996 5057 3589 5134">
    <p class='ocr_par' dir='ltr' id='par_1_111' title="bbox 1996 5057 3589 5134">
     <span class='ocr_line' id='line_1_111' title="bbox 1996 5057 3589 5134; baseline -0.006 -17"><span class='ocrx_word' id='word_1_734' title='bbox 1996 5073 2150 5119; x_wconf 88' lang='lat' dir='ltr'><strong>rator</strong></span> <span class='ocrx_word' id='word_1_735' title='bbox 2170 5079 2200 5118; x_wconf 90' lang='lat' dir='ltr'><strong>a</strong></span> <span class='ocrx_word' id='word_1_736' title='bbox 2227 5062 2451 5134; x_wconf 89' lang='lat' dir='ltr'><strong>propria</strong></span> <span class='ocrx_word' id='word_1_737' title='bbox 2478 5071 2652 5117; x_wconf 87' lang='lat' dir='ltr'><strong>matre</strong></span> <span class='ocrx_word' id='word_1_738' title='bbox 2676 5072 2732 5116; x_wconf 93' lang='lat' dir='ltr'><strong>et</strong></span> <span class='ocrx_word' id='word_1_739' title='bbox 2761 5077 2791 5114; x_wconf 89' lang='lat' dir='ltr'><strong>a</strong></span> <span class='ocrx_word' id='word_1_740' title='bbox 2823 5061 3010 5114; x_wconf 88' lang='lat' dir='ltr'><strong>multis</strong></span> <span class='ocrx_word' id='word_1_741' title='bbox 3053 5057 3413 5128; x_wconf 90' lang='lat' dir='ltr'><strong>optimatibus</strong></span> <span class='ocrx_word' id='word_1_742' title='bbox 3458 5071 3589 5128; x_wconf 77' lang='lat' dir='ltr'><strong>pro~</strong></span> 
     </span>
    </p>
   </div>
   <div class='ocr_carea' id='block_1_112' title="bbox 1997 5145 3582 5220">
    <p class='ocr_par' dir='ltr' id='par_1_112' title="bbox 1997 5145 3582 5220">
     <span class='ocr_line' id='line_1_112' title="bbox 1997 5145 3582 5220; baseline -0.008 -11"><span class='ocrx_word' id='word_1_743' title='bbox 1997 5155 2223 5209; x_wconf 90' lang='lat' dir='ltr'><strong>nuntiat</strong></span> <span class='ocrx_word' id='word_1_744' title='bbox 2255 5169 2373 5208; x_wconf 91' lang='lat' dir='ltr'><strong>eam</strong></span> <span class='ocrx_word' id='word_1_745' title='bbox 2419 5153 2622 5206; x_wconf 89' lang='lat' dir='ltr'><strong>iterum</strong></span> <span class='ocrx_word' id='word_1_746' title='bbox 2672 5149 3104 5220; x_wconf 87' lang='lat' dir='ltr'><strong>imperatricem,</strong></span> <span class='ocrx_word' id='word_1_747' title='bbox 3133 5154 3190 5202; x_wconf 88' lang='lat' dir='ltr'><strong>et</strong></span> <span class='ocrx_word' id='word_1_748' title='bbox 3237 5145 3398 5200; x_wconf 89' lang='lat' dir='ltr'><strong>laude</strong></span> <span class='ocrx_word' id='word_1_749' title='bbox 3451 5159 3582 5199; x_wconf 90' lang='lat' dir='ltr'><strong>cum</strong></span> 
     </span>
    </p>
   </div>
   <div class='ocr_carea' id='block_1_113' title="bbox 2005 5236 3588 5310">
    <p class='ocr_par' dir='ltr' id='par_1_113' title="bbox 2005 5236 3588 5310">
     <span class='ocr_line' id='line_1_113' title="bbox 2005 5236 3588 5310; baseline -0.005 -9"><span class='ocrx_word' id='word_1_750' title='bbox 2005 5247 2099 5301; x_wconf 90' lang='lat' dir='ltr'><strong>illo</strong></span> <span class='ocrx_word' id='word_1_751' title='bbox 2122 5246 2284 5300; x_wconf 89' lang='lat' dir='ltr'><strong>simul</strong></span> <span class='ocrx_word' id='word_1_752' title='bbox 2317 5245 2612 5307; x_wconf 87' lang='lat' dir='ltr'><strong>attollitur,</strong></span> <span class='ocrx_word' id='word_1_753' title='bbox 2649 5250 2706 5296; x_wconf 90' lang='lat' dir='ltr'><strong>ut</strong></span> <span class='ocrx_word' id='word_1_754' title='bbox 2737 5257 2769 5296; x_wconf 91' lang='lat' dir='ltr'><strong>a</strong></span> <span class='ocrx_word' id='word_1_755' title='bbox 2801 5241 3106 5310; x_wconf 88' lang='lat' dir='ltr'><strong>primordio</strong></span> <span class='ocrx_word' id='word_1_756' title='bbox 3150 5236 3498 5294; x_wconf 83' lang='lat' dir='ltr'><strong>Constantini</strong></span> <span class='ocrx_word' id='word_1_757' title='bbox 3528 5243 3588 5293; x_wconf 85' lang='lat' dir='ltr'><strong>et</strong></span> 
     </span>
    </p>
   </div>
   <div class='ocr_carea' id='block_1_114' title="bbox 2000 5328 3590 5405">
    <p class='ocr_par' dir='ltr' id='par_1_114' title="bbox 2000 5328 3590 5405">
     <span class='ocr_line' id='line_1_114' title="bbox 2000 5328 3590 5405; baseline -0.008 -11"><span class='ocrx_word' id='word_1_758' title='bbox 2000 5339 2276 5397; x_wconf 65' lang='lat' dir='ltr'><strong>Heirenaz.</strong></span> <span class='ocrx_word' id='word_1_759' title='bbox 2303 5336 2507 5393; x_wconf 89' lang='lat' dir='ltr'><strong>Omnes</strong></span> <span class='ocrx_word' id='word_1_760' title='bbox 2537 5335 2760 5405; x_wconf 90' lang='lat' dir='ltr'><strong>quidem</strong></span> <span class='ocrx_word' id='word_1_761' title='bbox 2795 5333 3082 5388; x_wconf 89' lang='lat' dir='ltr'><strong>obediunt.</strong></span> <span class='ocrx_word' id='word_1_762' title='bbox 3135 5331 3234 5385; x_wconf 85' lang='lat' dir='ltr'><strong>Ast</strong></span> <span class='ocrx_word' id='word_1_763' title='bbox 3296 5328 3590 5384; x_wconf 83' lang='lat' dir='ltr'><strong>Armenia-</strong></span> 
     </span>
    </p>
   </div>
   <div class='ocr_carea' id='block_1_115' title="bbox 2000 5418 3589 5498">
    <p class='ocr_par' dir='ltr' id='par_1_115' title="bbox 2000 5418 3589 5498">
     <span class='ocr_line' id='line_1_115' title="bbox 2000 5418 3589 5498; baseline -0.008 -12"><span class='ocrx_word' id='word_1_764' title='bbox 2000 5418 2401 5487; x_wconf 49' lang='lat' dir='ltr'><strong>corum&#39;thenia</strong></span> <span class='ocrx_word' id='word_1_765' title='bbox 2429 5428 2788 5498; x_wconf 87' lang='lat' dir='ltr'><strong>pertinaciter</strong></span> <span class='ocrx_word' id='word_1_766' title='bbox 2822 5427 3035 5482; x_wconf 89' lang='lat' dir='ltr'><strong>instans</strong></span> <span class='ocrx_word' id='word_1_767' title='bbox 3065 5424 3136 5479; x_wconf 85' lang='lat' dir='ltr'><strong>ad</strong></span> <span class='ocrx_word' id='word_1_768' title='bbox 3166 5425 3271 5478; x_wconf 87' lang='lat' dir='ltr'><strong>hoc</strong></span> <span class='ocrx_word' id='word_1_769' title='bbox 3298 5421 3589 5486; x_wconf 82' lang='lat' dir='ltr'><strong>renititur;</strong></span> 
     </span>
    </p>
   </div>
   <div class='ocr_carea' id='block_1_116' title="bbox 2003 5512 3590 5592">
    <p class='ocr_par' dir='ltr' id='par_1_116' title="bbox 2003 5512 3590 5592">
     <span class='ocr_line' id='line_1_116' title="bbox 2003 5512 3590 5592; baseline -0.006 -14"><span class='ocrx_word' id='word_1_770' title='bbox 2003 5532 2059 5578; x_wconf 91' lang='lat' dir='ltr'><strong>et</strong></span> <span class='ocrx_word' id='word_1_771' title='bbox 2087 5521 2284 5592; x_wconf 63' lang='lat' dir='ltr'><strong>quierit</strong></span> <span class='ocrx_word' id='word_1_772' title='bbox 2320 5520 2593 5583; x_wconf 88' lang='lat' dir='ltr'><strong>Alexium,</strong></span> <span class='ocrx_word' id='word_1_773' title='bbox 2625 5520 2721 5589; x_wconf 89' lang='lat' dir='ltr'><strong>qui</strong></span> <span class='ocrx_word' id='word_1_774' title='bbox 2759 5519 3106 5590; x_wconf 81' lang='lat' dir='ltr'><strong>paulo-ante</strong></span> <span class='ocrx_word' id='word_1_775' title='bbox 3139 5524 3346 5588; x_wconf 64' lang='lat' dir='ltr'><strong>praetor</strong></span> <span class='ocrx_word' id='word_1_776' title='bbox 3396 5514 3452 5567; x_wconf 90' lang='lat' dir='ltr'><strong>in</strong></span> <span class='ocrx_word' id='word_1_777' title='bbox 3503 5512 3590 5569; x_wconf 87' lang='lat' dir='ltr'><strong>eis</strong></span> 
     </span>
    </p>
   </div>
   <div class='ocr_carea' id='block_1_117' title="bbox 2005 5605 3589 5681">
    <p class='ocr_par' dir='ltr' id='par_1_117' title="bbox 2005 5605 3589 5681">
     <span class='ocr_line' id='line_1_117' title="bbox 2005 5605 3589 5681; baseline -0.007 -11"><span class='ocrx_word' id='word_1_778' title='bbox 2005 5614 2204 5678; x_wconf 72' lang='lat' dir='ltr'><strong>fuerat,</strong></span> <span class='ocrx_word' id='word_1_779' title='bbox 2230 5623 2286 5668; x_wconf 90' lang='lat' dir='ltr'><strong>et</strong></span> <span class='ocrx_word' id='word_1_780' title='bbox 2314 5613 2382 5668; x_wconf 88' lang='lat' dir='ltr'><strong>ab</strong></span> <span class='ocrx_word' id='word_1_781' title='bbox 2410 5612 2753 5681; x_wconf 90' lang='lat' dir='ltr'><strong>imperatore</strong></span> <span class='ocrx_word' id='word_1_782' title='bbox 2787 5619 2919 5664; x_wconf 90' lang='lat' dir='ltr'><strong>tunc</strong></span> <span class='ocrx_word' id='word_1_783' title='bbox 2943 5617 3206 5663; x_wconf 90' lang='lat' dir='ltr'><strong>evocatus</strong></span> <span class='ocrx_word' id='word_1_784' title='bbox 3233 5616 3289 5662; x_wconf 90' lang='lat' dir='ltr'><strong>et</strong></span> <span class='ocrx_word' id='word_1_785' title='bbox 3314 5605 3589 5674; x_wconf 77' lang='lat' dir='ltr'><strong>dignitate</strong></span> 
     </span>
    </p>
   </div>
   <div class='ocr_carea' id='block_1_118' title="bbox 2005 5697 3585 5778">
    <p class='ocr_par' dir='ltr' id='par_1_118' title="bbox 2005 5697 3585 5778">
     <span class='ocr_line' id='line_1_118' title="bbox 2005 5697 3585 5778; baseline -0.008 -16"><span class='ocrx_word' id='word_1_786' title='bbox 2005 5705 2224 5778; x_wconf 88' lang='lat' dir='ltr'><strong>patricii</strong></span> <span class='ocrx_word' id='word_1_787' title='bbox 2267 5704 2573 5759; x_wconf 83' lang='lat' dir='ltr'><strong>honoratus</strong></span> <span class='ocrx_word' id='word_1_788' title='bbox 2606 5717 2776 5772; x_wconf 89' lang='lat' dir='ltr'><strong>penes</strong></span> <span class='ocrx_word' id='word_1_789' title='bbox 2808 5702 2989 5770; x_wconf 86' lang='lat' dir='ltr'><strong>ipsum</strong></span> <span class='ocrx_word' id='word_1_790' title='bbox 3020 5697 3217 5768; x_wconf 85' lang='lat' dir='ltr'><strong>degere</strong></span> <span class='ocrx_word' id='word_1_791' title='bbox 3264 5697 3585 5751; x_wconf 90' lang='lat' dir='ltr'><strong>videbatur.</strong></span> 
     </span>
    </p>
   </div>
   <div class='ocr_carea' id='block_1_119' title="bbox 2006 5789 3592 5865">
    <p class='ocr_par' dir='ltr' id='par_1_119' title="bbox 2006 5789 3592 5865">
     <span class='ocr_line' id='line_1_119' title="bbox 2006 5789 3592 5865; baseline -0.008 -12"><span class='ocrx_word' id='word_1_792' title='bbox 2006 5798 2168 5853; x_wconf 84' lang='lat' dir='ltr'><strong>Hunc</strong></span> <span class='ocrx_word' id='word_1_793' title='bbox 2216 5811 2348 5864; x_wconf 85' lang='lat' dir='ltr'><strong>ergo</strong></span> <span class='ocrx_word' id='word_1_794' title='bbox 2398 5803 2625 5865; x_wconf 90' lang='lat' dir='ltr'><strong>propter</strong></span> <span class='ocrx_word' id='word_1_795' title='bbox 2693 5789 3007 5863; x_wconf 87' lang='lat' dir='ltr'><strong>bniusmodi</strong></span> <span class='ocrx_word' id='word_1_796' title='bbox 3055 5789 3473 5860; x_wconf 89' lang='lat' dir='ltr'><strong>requisitionem</strong></span> <span class='ocrx_word' id='word_1_797' title='bbox 3533 5794 3592 5842; x_wconf 91' lang='lat' dir='ltr'><strong>et</strong></span> 
     </span>
    </p>
   </div>
   <div class='ocr_carea' id='block_1_120' title="bbox 2013 5880 3588 5964">
    <p class='ocr_par' dir='ltr' id='par_1_120' title="bbox 2013 5880 3588 5964">
     <span class='ocr_line' id='line_1_120' title="bbox 2013 5880 3588 5964; baseline -0.006 -17"><span class='ocrx_word' id='word_1_798' title='bbox 2013 5889 2279 5964; x_wconf 82' lang='lat' dir='ltr'><strong>quosdam</strong></span> <span class='ocrx_word' id='word_1_799' title='bbox 2303 5902 2587 5944; x_wconf 88' lang='lat' dir='ltr'><strong>sermones</strong></span> <span class='ocrx_word' id='word_1_800' title='bbox 2610 5902 2774 5958; x_wconf 79' lang='lat' dir='ltr'><strong>super</strong></span> <span class='ocrx_word' id='word_1_801' title='bbox 2818 5885 2940 5942; x_wconf 85' lang='lat' dir='ltr'><strong>illos</strong></span> <span class='ocrx_word' id='word_1_802' title='bbox 2970 5884 3168 5948; x_wconf 89' lang='lat' dir='ltr'><strong>dictos,</strong></span> <span class='ocrx_word' id='word_1_803' title='bbox 3217 5882 3342 5954; x_wconf 86' lang='lat' dir='ltr'><strong>quia</strong></span> <span class='ocrx_word' id='word_1_804' title='bbox 3392 5880 3588 5938; x_wconf 80' lang='lat' dir='ltr'><strong>videli-</strong></span> 
     </span>
    </p>
   </div>
  </div>
