4050 6308
285 347 420 416 1405

1092 354 1467 416 HISTORIA
1503 357 2099 430 ECCLESIASTICA
2137 361 2240 423 EX
2279 362 2764 426 TIIEOPHANE.

3416 365 3552 434 uoti

349 461 510 521 Anno
558 477 694 516 vero
753 461 970 532 imperii
1022 465 1105 518 sui
1157 466 1430 534 septimo,
1492 482 1678 522 mense
1737 484 1868 524 vero
1899 476 1944 530 Α
1975 477 2287 540 r-entatque
2319 471 2718 528 conﬁterentur
2769 472 2917 547 quod
2947 483 3178 547 propter
3203 474 3559 550 imperatoris

278 553 650 622 Scptembrio,
704 569 958 625 egressus
1008 565 1093 610 est
1147 556 1446 626 imperator
1504 573 1627 613 cum
1687 570 1861 614 matre

275 667 396 718 sua,
441 659 505 711 ut
561 653 839 713 caleﬁeret
892 654 1036 723 apud
1099 654 1350 710 Prusam.
1405 652 1668 708 Octobrio
1727 669 1862 708 vero

273 761 464 801 mense
493 756 652 801 natus
683 729 766 802 est
799 747 1120 817 imperatori
1150 746 1316 811 ﬁlius,
1357 762 1521 817 quem
1553 747 1861 801 nominavit

275 839 538 902 Leonem.
572 839 701 906 Quae
727 857 850 896 cum
878 840 1226 912 cognovisset
1253 840 1571 910 imperator,
1600 839 1858 894 derelicta

275 945 455 994 matre
506 934 650 1005 apud
714 935 983 994 Thermas
1006 951 1112 989 una
1165 950 1288 990 cum
1325 934 1519 990 ordine
1549 934 1700 1004 regio
1733 934 1859 988 uni-

272 1041 436 1086 verso
458 1037 622 1098 atque
649 1027 996 1099 principibus
1027 1029 1230 1084 cursim
1277 1027 1330 1081 in
1354 1027 1545 1082 urbem
1579 1043 1860 1098 regressus

272 1130 376 1180 est.
407 1119 756 1190 Quapropter
779 1121 944 1192 hujus
965 1131 1140 1175 mater
1169 1120 1346 1190 spatio
1377 1131 1597 1190 reperto
1622 1121 1858 1175 allocuta

271 1220 356 1268 est
399 1224 458 1271 et
514 1214 788 1269 subtraxit
836 1215 1165 1269 muneribus
1226 1231 1289 1271 ac
1335 1214 1859 1287 repromissionibus

272 1307 551 1385 agminum
580 1307 877 1377 principes.
910 1317 969 1362 ut
1001 1308 1375 1378 deponeretur
1431 1307 1576 1370 ﬁlius
1627 1323 1760 1363 suus
1802 1317 1859 1362 et

272 1403 390 1470 ipsa
447 1402 804 1471 singulariter
846 1402 1166 1472 imperaret,
1232 1402 1370 1457 alios
1410 1403 1607 1456 borum
1659 1417 1758 1472 per
1798 1417 1857 1460 se

272 1491 469 1562 ipsam,
507 1492 642 1551 alios
675 1508 807 1546 vero
833 1509 933 1563 per
986 1492 1240 1550 homines
1286 1507 1416 1548 suos
1455 1491 1764 1550 blandiens.
1790 1493 1855 1548 Et

269 1586 498 1648 attraxit
531 1586 598 1642 ad
637 1601 696 1640 se
749 1600 962 1651 onmes,
997 1595 1054 1641 et
1084 1586 1511 1657 praestolabatur
1550 1601 1856 1656 congruum

269 1677 524 1734 invenire
575 1678 747 1734 diem.
805 1678 1020 1734 Interea
1085 1681 1272 1741 [totum
1329 1679 1569 1734 obcunte
1616 1679 1856 1761 Adriano

269 1787 407 1843 papa
433 1787 794 1830 consecmtur
827 1775 962 1840 Leo,
995 1775 1083 1829 vir
1114 1773 1636 1837 honorabilissimus
1673 1780 1728 1827 et
1757 1788 1856 1842 per

267 1863 452 1929 omnia
479 1867 842 1925 reverendus.
873 1866 1060 1930 Mense
1105 1880 1236 1922 vero
1265 1865 1462 1920 Martio
1489 1864 1658 1920 exivit
1685 1863 1860 1935 impe-

269 1967 420 2015 rator
451 1959 726 2024 adversus
773 1961 1005 2035 Arabes,
1033 1974 1220 2024 secum
1252 1958 1462 2014 habens
1508 1957 1855 2017 Stauracium
1914 1968 1917 1972 '

267 2053 564 2124 patricium
598 2063 656 2116 et
688 2061 918 2114 cmteros
962 2053 1168 2110 amicos
1219 2052 1411 2107 matris
1459 2066 1593 2114 suae,
1637 2067 1854 2107 necnon

266 2155 323 2213 et
349 2148 585 2209 electam
642 2156 919 2204 catervam
964 2145 1348 2218 expeditorum
1397 2143 1658 2206 videlicet
1708 2143 1856 2197 mili-

268 2251 384 2298 tum
427 2257 496 2301 ex
528 2242 821 2314 utriusque
879 2239 1236 2307 thematibus,
1281 2237 1478 2308 viginti
1537 2236 1728 2298 millia.
1757 2236 1858 2294 νὶετ

267 2332 462 2398 dentes
487 2332 544 2388 hi
570 2334 666 2404 qui
702 2334 851 2394 circa
890 2332 1242 2399 Stauracium
1293 2341 1455 2394 erant
1512 2334 1855 2398 alacritatem

267 2425 458 2496 populi
517 2433 574 2480 et
627 2425 1003 2497 imperatoris,
1063 2424 1368 2480 timuerunt
1411 2441 1480 2491 ne
1532 2425 1678 2487 forte
1709 2424 1855 2490 bello

267 2515 407 2579 inito
441 2515 532 2576 ille
568 2516 816 2577 vinceret
846 2525 903 2573 et
940 2515 1042 2594 ipsi
1087 2517 1402 2578 adinventis
1440 2516 1710 2579 adversus
1726 2530 1851 2572 eum

266 2611 669 2674 frustrarentur
698 2610 936 2672 insidiis.
975 2609 1116 2685 Ergo
1151 2611 1456 2674 muneratis
1491 2611 1695 2682 vigiliis
1730 2625 1856 2681 per.

268 2711 566 2764 suaserunt
610 2702 692 2757 eis
751 2701 995 2769 mentiri,
1045 2701 1389 2772 perhibendo
1435 2702 1738 2765 Saracenos
1771 2701 1857 2766 tua

266 2797 433 2871 gisse.
462 2794 774 2866 Imperator
807 2795 995 2871 itaque
1047 2795 1284 2854 multum
1314 2793 1569 2854 tristatus
1604 2787 1854 2858 ineﬁieas

266 2889 460 2952 urbem
490 2891 769 2961 ingressus
785 2899 888 2950 est.
913 2896 970 2946 et
997 2888 1258 2948 Kalendis
1288 2887 1444 2950 Maiis
1473 2895 1726 2945 mortuus
1767 2893 1854 2945 est

267 2983 418 3040 ﬁlius
449 2984 571 3054 ejus
635 2981 767 3048 Leo,
820 2990 876 3048 et
909 2980 1050 3041 luxit
1082 2996 1207 3042 eum
1254 2980 1640 3045 vehementer.
1678 2980 1855 3044 Porro

266 3075 482 3132 decimo
513 3084 668 3134 sexto
698 3073 969 3134 Kalendas
995 3073 1270 3153 Augustas
1299 3072 1369 3135 ab
1401 3073 1648 3143 equestri
1680 3087 1853 3144 agona,

1963 562 2266 620 caecitatem
2320 563 2398 618 sol
2445 565 2754 624 obcaecatus
2815 583 2946 622 suos
3006 567 3191 632 radios
3237 574 3552 636 retraxerit.

1963 652 2032 708 Et
2059 654 2239 713 taliter
2265 655 2333 709 de
2368 665 2570 728 caetero
2622 657 2856 732 imperat
2914 659 3154 715 Ileirene
3198 669 3373 723 mater
3410 664 3551 734 ejus.

2022 745 2230 805 Eodem
2279 747 2444 808 etiam
2490 764 2636 803 anno
2665 759 2721 805 et
2766 750 2952 807 Romae
2979 752 3194 830 cognati
3237 753 3410 810 beatae
3435 765 3577 808 me-'

1961 840 2154 895 moria:
2165 839 2424 899 Hadriani
2456 858 2608 912 papae
2630 858 2956 900 eommoveu
2967 854 3046 905 tes
3063 845 3324 916 populum
3346 848 3552 914 tumul-

1962 934 2099 992 tuati
2125 945 2255 989 sunt
2277 943 2468 990 contra
2493 935 2734 994 Leonem
2760 953 2977 1008 papam,
3010 947 3067 994 et
3096 948 3349 996 tenentes
3383 956 3555 996 caeca-

1960 1035 2160 1079 verunt
2182 1039 2330 1090 eum,
2357 1042 2466 1080 nou
2492 1035 2669 1084 tamen
2702 1029 2924 1097 penitus
2979 1029 3165 1084 lumen
3197 1031 3552 1104 ejusexstin-

1960 1131 2126 1187 gnere
2157 1127 2476 1187 potuerunt.
2510 1119 2577 1176 At
2606 1120 2696 1180 ille
2725 1120 2973 1192 confugit
2998 1121 3064 1178 ad
3093 1121 3348 1184 Carolqu
3382 1123 3553 1178 Fran-

1961 1226 2152 1276 corum
2203 1228 2409 1288 regem,
2447 1215 2540 1285 qui
2576 1217 2727 1273 ultus
2770 1226 2854 1272 est
2905 1216 3162 1278 inimicos
3199 1219 3319 1290 ejus
3341 1233 3546 1284 amare,

1959 1314 2014 1360 et
2038 1305 2237 1365 iterum
2269 1307 2516 1370 restituit
2558 1308 2713 1364 illum
2766 1308 2823 1363 in
2853 1308 3039 1366 sedem
3067 1326 3245 1367 suam.
3273 1309 3548 1372 Caeterum

1959 1400 2135 1454 vicem
2165 1399 2365 1459 Carolo
2393 1417 2819 1471 recompensans
2843 1404 3131 1461 coronavit
3161 1404 3548 1476 imperatorem

1960 1491 2016 1548 iu
2049 1493 2253 1563 templo
2278 1493 2334 1548 S.
2363 1494 2512 1552 Petri
2552 1496 2810 1564 apostoli,
2838 1512 3155 1567 pertingens
3174 1498 3298 1553 oleo
3315 1514 3342 1552 a
3365 1498 3546 1569 capite

1960 1599 2134 1655 usque
2163 1584 2233 1638 ad
2292 1584 2480 1655 pedes,
2510 1593 2566 1642 et
2599 1586 2954 1644 circumdans
2999 1588 3356 1661 imperatoria
3392 1597 3549 1648 veste

1959 1686 2122 1748 atque
2152 1694 2380 1744 corona,
2409 1689 2607 1734 octavo
2635 1679 2908 1740 Kalendas
2949 1682 3239 1738 Januarias
3285 1681 3548 1742 iudictio-
3580 1680 3582 1682 ’

1957 1772 2046 1826 nis
2069 1787 2247 1832 nonae.
2279 1772 2450 1843 Igitur
2485 1773 2751 1836 Romanis
2776 1774 2979 1838 iterum
3030 1775 3269 1846 imperat
3309 1775 3548 1840 Ileirene

1959 1865 2118 1931 annis
2150 1867 2416 1936 quinque.

2028 1958 2188 2018 Anno
2234 1959 2418 2028 itaque
2475 1958 2694 2030 imperii
2747 1959 2833 2015 sui
2884 1959 3124 2025 Ileirene
3157 1960 3360 2031 primo,
3380 1962 3434 2020 id
3462 1973 3548 2024 est

1960 2066 2088 2105 eum
2120 2051 2365 2114 secundo
2417 2051 2690 2124 imperare
2723 2053 3007 2122 coepisset,
3032 2053 3324 2120 confestim
3356 2055 3548 2133 dirigit

1959 2144 2304 2206 Dorotheum
2335 2145 2706 2216 hegumenum
2737 2145 3257 2218 Chrysopolitanum
3307 2157 3364 2205 et
3402 2146 3548 2206 Con-

1958 2238 2260 2302 stantinum
2284 2237 2768 2312 chartophylacem
2794 2240 3045 2300 ecclesiae
3086 2240 3292 2312 Magna:
3319 2239 3388 2297 ad
3416 2241 3548 2296 Abi-

1957 2333 2172 2402 tnelech
2215 2343 2402 2405 partes
2445 2334 2810 2407 Cappadocia:
2885 2336 3318 2411 depopulantem
3377 2345 3546 2405 atque

1956 2425 2571 2492 Calatiae,i11tercedens
2595 2442 2694 2497 pro
2717 2443 2879 2498 pace;
2913 2428 3061 2498 quod
3113 2437 3295 2484 tamen
3339 2425 3545 2481 factum

1957 2533 2067 2576 non
2111 2527 2216 2581 est.
2267 2519 2336 2576 Et
2375 2517 2640 2580 Octobrio
2701 2536 2893 2579 mense
2954 2519 3179 2591 quidam
3233 2518 3467 2585 rebelles
3489 2518 3547 2572 in

1957 2611 2209 2674 custodia
2234 2612 2432 2683 positis
2457 2613 2511 2668 in
2530 2613 2737 2689 palatio
2776 2612 3147 2683 Contherapia
3189 2611 3318 2674 ﬁliis
3362 2611 3547 2681 impu-

1957 2702 2174 2773 gnantis
2205 2703 2376 2770 Deum
2419 2703 2774 2764 Constantini
2819 2705 2884 2764 ad
2948 2703 3194 2775 Magnam
3247 2705 3546 2780 confugere

1957 2795 2294 2867 persuadent
2322 2797 2638 2861 ecclesiam,
2683 2798 2843 2868 quasi
2886 2805 3139 2868 petentes
3187 2797 3546 2861 securitatem

1957 2887 2350 2958 subsequentis
2407 2889 2788 2952 indemnitatis
2831 2905 2967 2956 suae,
2999 2898 3277 2959 quatenus
3312 2905 3411 2964 per
3435 2889 3546 2944 hu-

1951 2980 2196 3053 iusmodi
2221 2980 2570 3046 occasionem
2612 2983 2962 3054 appellarent.
2991 2997 3059 3044 ex
3098 2981 3181 3045 eis
3205 2998 3546 3059 quemquam

1957 3071 2368 3143 imperatorem.
2395 3074 2466 3130 Et
2506 3076 2680 3132 multo
2726 3075 2930 3148 populo
2976 3074 3047 3139 ad,
3078 3075 3369 3137 ecclesiam
3412 3091 3548 3132 con.

265 3170 330 3225 ad
379 3170 440 3226 S.
471 3169 703 3233 Mamam
742 3176 1084 3232 transeunte,
1129 3173 1545 3229 transmearunt
1584 3166 1852 3227 adversus
1881 3193 1924 3260 α
1957 3172 2219 3226 currente
2252 3165 2529 3237 ingressus
2576 3175 2662 3222 est
2694 3165 2887 3224 Aetius
2925 3166 3218 3229 eunuchus
3243 3165 3536 3246 patricius,

263 3279 390 3326 eum
426 3261 1014 3333 comprehendendum
1047 3259 1102 3315 bi
1137 3261 1233 3330 qui
1257 3270 1507 3320 erantex
1539 3259 1850 3328 ordinibus,

260 3371 404 3425 quos
454 3363 632 3417 mater
683 3353 1037 3424 imperatoris
1089 3352 1272 3414 fuerat
1317 3353 1580 3418 allocuta,
1611 3354 1730 3420 Quo
1761 3354 1852 3410 ille

261 3447 483 3522 cognito
539 3447 596 3510 in
652 3447 1008 3512 chelandium
1070 3461 1231 3508 suum
1291 3446 1574 3527 ingressus
1624 3455 1752 3512 est,
1796 3454 1854 3511 et

262 3527 626 3602 transmeavit
655 3541 722 3604 ad
750 3541 930 3614 Pylas,
955 3542 1149 3598 volens
1182 3540 1250 3599 ad
1277 3538 1647 3605 Orientalium
1665 3541 1851 3598 thema

259 3636 580 3706 confugere.
617 3636 790 3698 Erant
837 3645 1019 3700 autem
1075 3650 1204 3691 cum
1261 3650 1330 3695 eo
1383 3644 1441 3696 et
1496 3634 1689 3700 matris
1739 3651 1852 3700 suae

260 3733 444 3798 amici,
475 3721 613 3802 quos
635 3731 726 3790 ille
754 3731 834 3790 sic
861 3746 984 3794 esse
1004 3731 1227 3801 penitus
1244 3729 1555 3807 ignorabat.
1577 3731 1849 3797 Praeterea

257 3825 430 3886 exivit
497 3807 615 3894 ipse
665 3831 722 3878 ct
776 3823 978 3886 mulier
1027 3823 1148 3894 ejus
1191 3837 1366 3893 usque
1420 3823 1486 3879 ad
1539 3822 1848 3888 Tritonem.

259 3917 432 3982 Porro
451 3913 686 3978 consilio
712 3914 848 3975 inito
877 3914 1035 3973 amici
1063 3914 1254 3979 matris
1273 3915 1413 3993 ejus,
1441 3915 1537 3990 qui
1569 3930 1694 3975 cum
1726 3914 1851 3988 ipso

257 4017 439 4074 erant,
509 4008 772 4068 dixerunt
842 4008 910 4064 ad
967 4007 1292 4078 semetipsos
1338 4025 1355 4064 :
1398 4007 1458 4068 Si
1503 4019 1850 4077 coacervatos

259 4104 418 4174 fuerit
445 4103 490 4158 ei
523 4099 766 4178 populus,
787 4117 889 4154 non
908 4101 1028 4169 jam
1046 4100 1281 4174 dominia
1313 4099 1721 4170 constringetur,
1757 4117 1852 4157 nec

260 4197 426 4256 latere
454 4197 742 4266 poterimus
760 4209 898 4256 eum,
923 4201 971 4247 et
990 4199 1169 4262 perdet
1215 4211 1327 4248 nos.
1366 4193 1650 4263 Materque
1675 4192 1849 4266 ipsius

258 4287 606 4360 congregatis
657 4287 712 4340 in
744 4284 950 4356 palatio
977 4285 1281 4340 Eleutherii
1307 4287 1389 4340 eis
1411 4286 1504 4355 qui
1536 4302 1606 4341 ex
1632 4285 1849 4341 ordini-

258 4379 366 4437 bus
407 4381 515 4436 sibi
575 4380 795 4435 fuerant
852 4379 1132 4443 collocuti,
1163 4380 1412 4435 introivit
1463 4378 1749 4450 palatium,
1792 4387 1849 4435 et

258 4489 383 4530 cum
409 4474 697 4530 didicisset
724 4473 912 4544 populi
943 4473 1010 4528 ad
1071 4474 1458 4547 imperatorem
1486 4488 1844 4538 concursum,

1957 3267 2015 3320 et
2041 3256 2234 3321 eduxit
2285 3274 2382 3315 eos
2432 3259 2626 3325 verbo,
2657 3259 2880 3316 nemine
2903 3258 2970 3322 ad
3005 3259 3129 3316 illos
3172 3258 3453 3328 tendente,
3488 3269 3546 3325 et

1954 3349 2148 3406 exsilio
2179 3349 2582 3412 damnaverunt
2614 3367 2709 3406 eos
2739 3351 2883 3422 apud
2908 3351 3170 3415 Athenas.
3207 3351 3326 3406 Duo
3357 3361 3540 3410 autent

1954 3441 2196 3512 patricii,
2238 3441 2562 3502 Stauracius
2617 3443 2832 3500 scilicet
2886 3453 2944 3500 et
2972 3443 3185 3508 Actius,
3222 3445 3319 3514 qui
3350 3444 3539 3500 dilecti

1953 3549 2075 3595 esse
2113 3537 2489 3599 noscebantur
2520 3536 2908 3607 imperatricis,
2955 3536 3084 3592 facti
3113 3537 3260 3604 [sunt
3293 3537 3348 3597 in
3377 3539 3546 3594 alter-

1955 3637 2143 3682 utrum
2164 3629 2372 3694 hostes,
2407 3631 2482 3686 ita
2510 3630 2936 3685 utinimicitiam
2963 3630 3250 3686 manifeste
3268 3641 3543 3688 monstra~

1955 3732 2098 3788 rent,
2127 3722 2289 3780 ambo
2320 3723 2683 3780 intentionem
2715 3724 2984 3779 habentes
3010 3731 3136 3793 post
3165 3733 3400 3781 mortem
3423 3725 3545 3797 ejus
3592 3771 3594 3774 ,

1955 3817 2207 3897 cognatis
2237 3817 2354 3877 suis
2377 3817 2668 3888 imperium
2692 3817 3042 3888 acquirendi.

2022 3909 2183 3975 Anno
2224 3909 2438 3980 imperii
2467 3910 2704 3975 Heirene
2736 3912 2981 3969 secundo
3005 3912 3326 3970 Abimelech
3369 3910 3544 3967 exivit

1953 4011 2149 4067 contra
2193 4003 2540 4069 Romaniam,
2577 4013 2634 4060 et
2668 4005 2838 4061 misso
2882 4005 3263 4079 expeditorum
3313 4005 3544 4059 incursu

1953 4097 2246 4163 descendit
2291 4113 2467 4168 usque
2519 4099 2587 4160 ad
2641 4098 2931 4175 Magalina.
2974 4109 3030 4155 et
3057 4114 3451 4170 praeoccupans
3482 4098 3536 4152 in

1954 4191 2196 4256 stabulis
2260 4190 2534 4256 Statiracii
2592 4206 2767 4265 equos
2833 4191 3192 4268 imperatorio
3266 4190 3543 4262 equitatui

1952 4297 2114 4357 aptos
2137 4285 2255 4350 sine
2279 4285 2500 4348 ltesione
2532 4300 2788 4344 reversus
2808 4295 2893 4342 est
2922 4303 2937 4360 ;
2984 4294 3040 4340 et
3077 4285 3271 4355 reliqui
3309 4286 3540 4340 descen~

1954 4379 2158 4435 derunt
2185 4394 2360 4449 usque
2411 4377 2663 4458 Lydiam,
2707 4389 2763 4446 et
2806 4380 3037 4447 multam
3091 4379 3372 4444 consecuti
3413 4387 3544 4443 sunt

1953 4472 2214 4547 prmdam.

260 4564 442 4619 timuit
469 4563 656 4628 nimis,
687 4575 744 4618 et
771 4562 1042 4623 tractabat
1071 4563 1310 4632 qualiter
1343 4563 1587 4618 mitteret
1625 4563 1846 4634 episco-
1878 4551 1920 4607 ι)
2025 4566 2217 4628 Mense
2269 4581 2402 4626 vero
2459 4565 2656 4632 Martio
2702 4565 2952 4638 septima:
2994 4565 3318 4630 indictionis
3359 4565 3539 4626 voluit

257 4671 354 4725 pos
375 4655 442 4710 ad
471 4670 595 4717 eum
625 4662 680 4711 et
707 4655 988 4725 acciperet
1021 4655 1252 4712 verbum
1304 4665 1369 4711 et'
1392 4655 1614 4712 sederet
1647 4655 1704 4711 in
1740 4670 1842 4710 an-

258 4748 403 4818 gulo.
432 4747 634 4804 Verum
670 4748 892 4818 scripsit
922 4746 1139 4806 occulte
1201 4747 1266 4803 ad
1308 4749 1706 4814 amicossuos,
1747 4743 1844 4819 qui

257 4854 380 4893 cum
419 4853 485 4894 eo
507 4847 690 4903 erant,
715 4839 842 4908 quia
869 4837 984 4904 Nisi
1007 4837 1231 4899 modum
1261 4839 1564 4906 quemlibet
1602 4840 1848 4896 feceritis

255 4940 310 4987 et
361 4931 699 4997 tradideritis
750 4947 899 4995 eum,
933 4931 1102 4995 verba
1145 4947 1267 5002 quae
1318 4931 1595 4989 habebitis
1628 4948 1843 4988 mecum

257 5024 500 5082 indicare
525 5025 702 5081 habeo
733 5024 1075 5095 imperatori.
1103 5024 1174 5088 At
1197 5024 1276 5078 illi
1307 5033 1619 5087 meteuntes
1643 5033 1842 5100 tenue-

252 5130 384 5179 runt
402 5133 530 5179 eum
559 5117 628 5176 ad
685 5133 901 5189 preces,
930 5128 987 5177 et
1034 5119 1090 5173 in
1136 5117 1492 5176 chelandium
1528 5118 1754 5175 inducto
1778 5135 1846 5176 eo

252 5214 492 5280 sabbato
549 5226 710 5266 mane
751 5221 1030 5270 venerunt
1055 5211 1121 5273 ad
1155 5211 1375 5279 urbem,
1400 5220 1456 5267 et
1497 5212 1845 5271 incluserunt

250 5323 378 5366 eum
416 5307 474 5366 in
523 5306 687 5369 domo
739 5320 1042 5386 purpurea,
1095 5305 1152 5362 in
1185 5319 1293 5376 qua
1328 5314 1386 5361 et
1435 5313 1604 5363 natus
1647 5315 1756 5377 est,
1788 5313 1845 5362 et

251 5401 394 5464 circa
417 5400 612 5460 horam
646 5413 852 5459 nonam
880 5397 1180 5462 crudeliter
1204 5407 1262 5457 et
1291 5397 1678 5461 insanabiliter
1708 5413 1842 5456 ocu-

251 5493 333 5559 los
377 5494 500 5576 ejus
547 5491 817 5556 evellunt,
875 5489 949 5550 ita
1003 5498 1065 5553 ut
1123 5491 1272 5546 hunc
1299 5505 1451 5544 mors
1498 5489 1846 5559 subsequens

250 5586 539 5649 confestim
579 5585 977 5655 exstingueret,
1009 5583 1245 5638 consilio
1273 5582 1463 5639 matris
1488 5583 1610 5652 ejus
1632 5593 1842 5644 etcen-

254 5682 584 5749 siliariorum
626 5679 821 5759 ipsius.
857 5677 1267 5735 Obteuebratus
1292 5689 1474 5737 autem
1507 5685 1593 5738 est
1631 5678 1710 5733 sol
1743 5693 1841 5746 per

255 5775 439 5834 decem
468 5779 525 5829 et
554 5781 764 5842 septem
793 5771 933 5837 dies,
959 5779 1014 5827 et
1043 5787 1153 5826 non
1178 5770 1331 5828 dedit
1354 5770 1537 5828 radios
1569 5784 1721 5838 suos,
1764 5769 1837 5825 ita

260 5878 316 5925 ut
341 5869 665 5926 aberrarent
699 5879 865 5922 naves
927 5875 983 5921 et
1030 5865 1330 5932 ferrentur,
1366 5879 1666 5944 omnesque
1687 5863 1837 5940 dice-

1951 4657 2239 4713 Acamirus
2291 4658 2672 4713 Sclavinorum
2726 4657 2976 4712 Belziciae
3005 4659 3262 4727 princeps
3288 4657 3539 4728 pulsatus

1950 4753 2020 4808 ab
2056 4751 2348 4806 llelladicis
2373 4751 2611 4806 educere
2666 4750 2808 4806 ﬁlios
2848 4749 3218 4816 Constantini,
3254 4758 3310 4805 et
3357 4766 3425 4811 ex
3457 4751 3543 4806 eis

1949 4856 2274 4912 promovere
2330 4841 2742 4912 imperatorem.
2780 4840 2918 4902 Cum
2964 4851 3150 4905 autem
3194 4841 3303 4907 hoc
3332 4858 3548 4914 cogno~

1948 4933 2119 4989 visset
2181 4933 2504 5004 imperatrix
2557 4933 2817 4996 lleirene.
2877 4933 3052 4992 mittit
3095 4934 3176 4996 ad
3238 4935 3545 5007 patricium

1945 5020 2365 5083 Constantinum
2388 5022 2844 5094 Serantapicbum
2861 5024 3332 5095 Tbeophylactum
3366 5024 3548 5081 ﬁlium

1947 5117 2090 5186 ejus,
2118 5114 2214 5186 qui
2243 5114 2558 5184 spatharius
2581 5123 2699 5170 erat
2731 5125 2787 5171 et
2817 5131 2990 5187 nepos
3007 5132 3164 5182 suus,
3197 5127 3254 5172 et
3283 5118 3544 5180 omnium

1952 5190 2148 5265 oculos
2179 5205 2347 5271 eruit,
2370 5216 2426 5260 et
2450 5204 2743 5276 dissipavit
2786 5203 3085 5270 consilium
3126 5225 3320 5271 eorum
3347 5220 3546 5272 contra

1949 5312 2008 5358 se
2042 5297 2300 5367 nequiter
2350 5283 2730 5355 adiuventum.
2766 5299 2937 5354 Porro
2967 5299 3246 5360 Paschalis
3273 5300 3545 5366 festivita-

1952 5391 2024 5459 tis
2077 5391 2214 5454 feria
2275 5392 2518 5453 secunda
2569 5392 2840 5471 processit
2896 5394 3222 5462 imperatrix
3256 5409 3287 5450 a
3333 5394 3549 5461 sanctis

1950 5485 2216 5556 apostolis
2243 5485 2299 5546 in
2331 5500 2500 5544 curru
2527 5493 2722 5550 aurato
2737 5495 2913 5548 vecta,
2946 5487 3039 5563 qui
3071 5500 3098 5539 a
3119 5496 3359 5561 quatuor
3381 5487 3545 5556 equis

1949 5582 2090 5641 albis
2123 5582 2446 5646 trahebatur
2477 5590 2532 5642 et
2593 5597 2622 5640 a
2667 5590 2906 5658 quatuor
2941 5579 3190 5651 patriciis
3223 5577 3538 5642 tenebatur,

1950 5677 2201 5735 Bardano
2224 5676 2485 5740 videlicet
2509 5684 2748 5748 primore
2799 5675 3249 5740 Thracesiorum,
3288 5673 3538 5730 Sisinuio

1949 5775 2186 5849 pratore
2238 5767 2487 5830 Thracae,
2540 5766 2733 5824 Nieeta
2772 5765 3079 5822 domestico
3125 5766 3438 5820 scholarum
3477 5777 3536 5822 et

1947 5860 2308 5931 Constantino
2379 5860 2550 5926 Boila,
2603 5859 2816 5930 iactans
2874 5857 3180 5914 liberaliter
3229 5856 3534 5930 hypatiam.
