4050 6308
427 326 584 411 14οΤ

1546 350 1950 412 ANASTASII
1986 350 2615 422 BIBLIOTHECAHII

3576 346 3719 414 “08

427 461 610 516 Mense
637 477 770 518 vero
809 463 950 519 Maio
982 463 1259 521 infirmata
1296 474 1382 522 est
1410 466 1726 538 imperatrix
1753 483 1894 539 pene
1939 466 2009 520 ad
2037 471 2086 528 Α
2111 465 2332 535 speria;
2359 481 2484 535 quae
2523 465 2776 536 profecto
2802 464 3146 529 obaudisset,
3188 464 3298 521 nisi
3343 463 3540 520 Aetius
3585 463 3715 528 iste,

428 548 701 617 mortem.
735 565 790 611 et
834 569 1089 628 protenta
1145 570 1231 616 est
1288 562 1572 614 contentio
1609 562 2018 616 cunuchorum.

435 649 631 704 Aetius
687 662 871 706 autem
929 652 1228 708 atixiliatus
1280 663 1365 709 est
1425 653 1630 709 Nicctte
1686 654 1924 724 patricio
1969 663 2027 710 et

435 745 756 800 scholarum
787 745 1115 814 domestico,
1141 757 1190 804 et
1227 749 1601 818 insequuntur
1629 762 1822 802 severe
1863 745 2028 803 Slau-

435 839 673 903 racium,
693 840 922 895 credere
955 841 1222 897 facientes
1245 840 1652 912 imperatricem
1673 840 1820 911 quod
1850 839 2027 911 impe-

437 932 582 985 rium
616 941 920 1003 appeteret,
979 932 1051 988 ita
1090 944 1149 988 ut
1187 935 1451 989 atrociter
1514 934 1653 988 irata
1705 933 1810 998 illi,
1837 948 2031 988 ascen-

437 1023 577 1079 dens
611 1025 665 1079 in
707 1026 967 1096 palatium
1008 1027 1427 1092 Tonchierium,
1470 1025 1675 1081 dixerit
1710 1024 2032 1082 rebellionis

439 1127 496 1172 et
516 1117 813 1175 simultatis
839 1118 1255 1183 sollicitatorem
1285 1135 1412 1175 eum
1440 1134 1584 1185 esse,
1617 1127 1672 1174 et
1697 1120 1800 1175 sibi
1834 1119 2032 1175 celeris

442 1213 837 1283 acquisitorem
863 1212 1212 1284 perditionis.
1243 1211 1346 1281 Qui
1369 1211 1435 1268 ad
1466 1212 1584 1267 haec
1606 1211 1858 1284 apologis
1889 1212 2033 1280 facta

449 1303 736 1361 muniebat
785 1322 844 1361 se
888 1306 1092 1377 ipsum.
1162 1293 1480 1361 Insaniebat
1531 1314 1715 1360 autem
1765 1305 2034 1362 adversus

443 1396 664 1452 Aetium
698 1408 754 1453 et
778 1399 1026 1454 Nicetam
1047 1400 1159 1469 jam
1181 1398 1362 1453 dictos
1383 1396 1672 1468 patricios.

514 1491 673 1546 Anno
701 1491 919 1562 imperii
968 1491 1202 1548 Ileirene
1255 1493 1445 1556 tertio,
1488 1507 1678 1547 mense
1708 1490 2034 1559 Februario,

2124 559 2218 629 qui
2255 575 2396 631 szepe
2425 559 2606 616 dictus
2642 571 2747 626 est,
2795 559 3150 624 inhibuisset,
3181 559 3486 630 praevalens
3508 567 3565 612 et
3603 557 3720 612 lm-

2127 652 2344 722 perium
2385 653 2440 706 in
2474 653 2784 723 proprium,
2816 652 2960 709 sicut
2988 653 3314 724 praedictum
3349 660 3457 720 est,
3484 651 3718 708 fratrem

2129 760 2426 815 usurpans.

2200 833 2466 904 Sequenti
2520 842 2706 890 autem
2761 851 2926 899 anno,
2968 837 3065 905 qui
3106 848 3190 892 est
3227 837 3442 908 primus
3495 839 3720 911 imperii

2131 926 2461 997 Nicephori,
2494 927 2672 999 pridie
2695 927 2968 982 Kalendas
3005 928 3368 985 Novembrias
3397 930 3723 990 indictiouis

2131 1018 2460 1082 undecimae,
2486 1029 2686 1089 quarta
2720 1019 2899 1074 noctis
2936 1019 3092 1084 hora,
3121 1034 3246 1091 cum
3291 1021 3426 1077 feria
3467 1023 3721 1080 secunda

2130 1112 2382 1178 lucescit,
2418 1111 2563 1167 idem
2609 1111 2954 1182 Nicephorus
2999 1129 3124 1168 cum
3172 1114 3440 1185 patricius
3485 1123 3634 1172 esset
3660 1125 3726 1173 et

2130 1201 2410 1273 logotheta
2438 1203 2736 1275 generalis,
2761 1203 3108 1275 tyrannidem
3127 1204 3396 1260 adversus
3425 1189 3724 1262 Heireneni

2130 1294 2438 1366 piissimam
2477 1293 2800 1360 concitavit,
2829 1295 2946 1352 Deo
2975 1297 3201 1366 quidem
3244 1295 3619 1356 ineffabilibus
3647 1300 3725 1356 ob

2133 1395 2450 1442 nostrorum
2503 1387 2915 1443 multitudinem
2970 1397 3323 1460 peccatorum
3358 1389 3588 1461 judiciis
3632 1391 3728 1447 in-

2133 1478 2417 1550 dulgente,
2455 1480 2884 1551 cooperantibus
2921 1481 2971 1535 ei
3022 1480 3213 1536 Niceta
3253 1479 3486 1552 patricio
3525 1491 3583 1538 et
3619 1482 3727 1537 do-

447 1585 751 1641 indictione
790 1594 1013 1652 octava,
1057 1585 1167 1656 jam
1203 1584 1388 1640 dictus
1433 1585 1755 1641 Slauracius
1789 1585 2039 1657 tyranni-

2146 1571 2366 1626 mestico
2417 1570 2774 1638 scholarum,
2833 1581 2891 1628 et
2946 1571 3190 1628 Sis'innio
3254 1570 3488 1643 patricio
3551 1573 3727 1630 fratre

448 1683 576 1737 dem
629 1695 693 1736 ac
733 1680 1070 1736 simultatem
1135 1677 1192 1734 in
1246 1679 1383 1734 urbe
1427 1682 1576 1750 regia
1632 1680 2033 1747 construebat,
2137 1663 2514 1753 ipsum-iiiis
2565 1663 2810 1736 Periuris
2857 1679 2940 1722 ³ο
2983 1663 3354 1720 hamulum“
3399 1664 3725 1737 Triphl'iiis-

446 1774 773 1837 scholarios,
802 1774 896 1844 qui
923 1773 1164 1829 erantin
1197 1787 1286 1836 ea.
1309 1782 1368 1829 et
1391 1773 1745 1830 excubitores
1776 1790 1884 1829 una
1906 1789 2032 1830 cum
2074 1838 2107 1844 __
2137 1758 2310 1814 Ετίωί
2339 1765 2527 1812 autem
2557 1773 2684 1814 cum
2723 1757 2834 1813 “iis
2866 1766 2923 1813 εί
2957 1757 3068 1813 Ῑιθο
3105 1759 3369 1830 Pallidus
3404 1757 3733 1831 seriumPi"

448 1867 642 1940 primis
670 1882 861 1921 eorum
897 1865 1149 1936 pecuniis
1182 1882 1248 1922 ac
1301 1866 1629 1922 muneribus
1660 1881 1947 1922 assumens
1974 1882 2038 1922 ac

2146 1853 2297 1921 chus,
2327 1861 2384 1908 et
2431 1851 2732 1923 Gregorius
2782 1852 3054 1923 patricius
3097 1852 3407 1920 Musulacii,
3449 1861 3506 1907 et
3539 1852 3733 1908 Theo-

450 1960 697 2030 placaris.
728 1957 966 2013 lleirene
1010 1973 1166 2024 sane,
1224 1959 1313 2030 pia
1368 1959 1711 2029 imperatrix,
1739 1959 1961 2016 silentio
1981 1961 2038 2016 in

344 2121 351 2127 ἢ
447 2051 746 2108 Justiuiani
810 2049 1054 2106 triclinio
1107 2051 1254 2106 facto
1308 2050 1599 2122 prohibuit
1637 2065 1882 2118 omnem,
1943 2053 2041 2123 qui

335 2141 344 2148 ’
451 2144 736 2210 militaret,
771 2143 1056 2201 adhwrene
1109 2143 1417 2209 Stauracio,
1451 2154 1506 2200 et
1549 2145 1633 2201 sic
1669 2145 1870 2216 adepta
1911 2154 2040 2201 sunt

455 2235 728 2291 modicam
759 2235 1220 2306 tranquillitatem
1253 2237 1492 2306 negotia.
1528 2236 1721 2292 Actius
1767 2252 1902 2291 vero
1924 2237 2040 2306 jam

455 2336 797 2384 memoratus
809 2337 865 2384 et
891 2327 1114 2384 Nicetas
1141 2343 1266 2384 eum
1288 2327 1412 2384 aliis
1431 2329 2037 2400 quibusdam.certatim

455 2421 893 2478 adversabantur
922 2421 1232 2487 Stauracio,
1275 2422 1372 2492 qui
1408 2422 1573 2478 corde
1604 2423 1893 2493 perculsus
1916 2438 2043 2478 san-

454 2512 676 2584 guinem
708 2527 808 2584 per
835 2527 898 2567 os
923 2511 1110 2568 emisit
1137 2527 1459 2583 spumosum
1486 2527 1554 2570 ex
1581 2513 1828 2582 partibus
1854 2521 2041 2582 pecto-

456 2605 535 2662 ris
584 2615 642 2661 et
695 2604 994 2676 pulmonis.
1038 2604 1156 2661 Hoc
1205 2605 1409 2661 medici
1434 2606 1768 2676 aspicientes
1808 2606 2041 2660 mortale

455 2697 978 2770 pronuntiaverunt.
1022 2696 1122 2753 Ast
1167 2697 1482 2754 adulatores
1515 2685 1573 2754 et
1623 2698 1888 2768 imperiti.
1929 2715 2040 2754 non

455 2788 633 2845 solum
659 2786 880 2856 medici,
901 2789 997 2844 sed
1027 2797 1084 2846 et
1107 2788 1331 2860 quidam
1373 2789 1843 2863 pseudomonachi
1869 2801 1927 2847 et
1957 2792 2042 2847 di-

456 2881 594 2947 vini,
626 2881 961 2953 iuramentis
1007 2881 1240 2938 credere
1310 2893 1708 2954 persuaserunt
1746 2899 1924 2953 usque
1971 2883 2040 2939 ad

456 2972 608 3028 diem
642 2973 838 3028 mortis
865 2973 1005 3044 ejus,
1032 2989 1154 3043 quae
1183 2973 1324 3029 facta
1347 2984 1432 3030 est
1462 2990 1649 3030 mense
1669 2974 1837 3030 Junio
1869 2975 2046 3046 ipsius

2140 1949 2341 2006 ctistus
2389 1947 2658 2018 patricius
2698 1955 2755 2003 et
2794 1957 3058 2017 quaestor,
3106 1954 3270 2016 atque
3305 1947 3504 2003 Petrus
3549 1947 3736 2018 patri-

2139 2041 2284 2104 cius,
2320 2039 2653 2096 seducentes
2691 2039 2958 2110 quosdam
2991 2055 3060 2093 ex
3085 2039 3310 2110 populo,
3337 2039 3432 2110 qui
3469 2047 3631 2095 erant
3660 2055 3732 2095 ex

2141 2130 2452 2187 ordinibus.
2488 2131 2739 2201 Cumque
2770 2129 3052 2186 venissent
3085 2131 3153 2185 ad
3188 2140 3400 2200 portam
3430 2146 3553 2202 quae
3580 2131 3732 2188 dicta

2139 2232 2227 2279 est
2251 2221 2477 2289 Chalce,
2501 2224 2871 2294 custodesque
2897 2223 3035 2279 falso
3055 2238 3120 2278 ac
3141 2224 3324 2279 subito
3355 2223 3733 2295 decepissent,

2141 2323 2541 2386 persuaserunt
2577 2317 2662 2372 eis
2688 2324 2749 2371 ut
2773 2316 3065 2372 crederent
3090 2316 3240 2386 quod
3270 2317 3338 2372 ab
3371 2317 3490 2388 ipsa
3524 2317 3734 2375 fuerint

2141 2409 2424 2475 destinati,
2479 2419 2757 2481 quatenus
2814 2409 3206 2479 imperatorem
3259 2411 3518 2467 eumdem
3568 2411 3736 2468 Nice—

2140 2504 2380 2574 phorum
2410 2504 2779 2574 appellarent,
2809 2519 2877 2558 eo
2907 2501 3056 2572 quod
3101 2501 3292 2559 Aetius
3323 2502 3594 2574 patricius
3621 2502 3733 2559 sibi

2141 2595 2255 2650 vim
2301 2595 2535 2652 inferret
2580 2597 2648 2652 ad
2702 2596 3146 2654 annuntiandum
3202 2596 3446 2654 Leonem
3502 2597 3732 2654 fratrem

2141 2703 2305 2743 suum
2331 2687 2747 2759 imperatorem.
2775 2689 2878 2756 Qui
2911 2688 3200 2745 mendacio
3231 2698 3385 2746 tanto
3414 2691 3731 2757 credentes,

2143 2781 2532 2852 imperatorem
2563 2781 2774 2852 pariter
2797 2782 3301 2853 pronuntiaverunt
3327 2800 3455 2838 eum
3490 2783 3586 2854 qui
3611 2793 3735 2841 erat

2145 2881 2429 2944 tyrannus.
2462 2873 2673 2930 Taliter
2705 2891 2840 2946 ergo
2866 2875 2933 2930 ad
2971 2891 3228 2946 magnum
3262 2877 3527 2946 palatium
3555 2877 3727 2934 iidem

2142 2966 2363 3037 patricii
2392 2968 2680 3022 venientes
2718 2968 2948 3039 ingressi
2985 2977 3117 3024 sunt
3156 2969 3314 3036 illud,
3366 2970 3604 3041 indeque
3633 2987 3736 3043 per

457 3075 665 3122 octava
733 3066 1076 3133 indictionis,
1127 3067 1276 3137 quod
1332 3067 1582 3122 victurus
1618 3076 1676 3123 et
1713 3077 2043 3138 regnaturus

2147 3063 2315 3113 totam
2338 3059 2531 3114 urbem
2581 3060 2854 3130 ignobiles
2882 3069 2940 3115 et
2990 3075 3182 3117 servos
3210 3061 3519 3132 dirigentes
3553 3064 3736 3119 accla-

457 3166 624 3216 esset.
654 3157 866 3226 Quibus
920 3159 1010 3215 ille
1043 3159 1264 3216 innixus
1311 3161 1638 3216 seditionem
1666 3160 1724 3216 in
1758 3161 2046 3242 capparis.
2070 3187 2118 3249 ο
2149 3156 2448 3212 mationem
2480 3156 2735 3212 fecerunt
2762 3168 2889 3212 ante
2919 3158 3159 3212 mediam
3189 3167 3433 3226 noctem,
3464 3168 3522 3214 et
3545 3168 3736 3215 custo-

457 3247 562 3302 ciis
607 3248 918 3304 construxit
955 3248 1222 3304 adversus
1275 3251 1492 3305 Aetium
1525 3249 1663 3317 fleri,
1718 3267 1882 3321 quam
1934 3267 2047 3307 non
2084 3246 2112 3249 ⁷
2149 3249 2249 3303 des
2293 3246 2350 3303 in
2408 3250 2646 3308 circuitu
2707 3250 2934 3322 palatii,
2987 3251 3133 3322 quod
3196 3250 3376 3307 Tentu
3425 3251 3734 3308 Eleutherii

461 3340 666 3396 meruit
720 3340 914 3396 vivens
966 3341 1158 3396 audire
1196 3358 1209 3395 :
1249 3353 1373 3412 post
1442 3343 1583 3398 duos
1635 3359 1874 3414 namque
1928 3343 2049 3400 dies
2148 3351 2526 3411 nuncupatur,
2556 3353 2883 3412 posuerunt,
2914 3344 3008 3398 ubi
3040 3361 3159 3399 eam
3197 3345 3426 3417 contigit
3464 3361 3605 3401 esse.
3642 3345 3732 3401 Di-

464 3433 663 3494 mortjs
711 3435 832 3504 ejus
886 3448 1054 3504 super
1093 3434 1198 3488 hoc
1238 3436 1470 3491 nuntius
1504 3437 1678 3501 venit,
1708 3445 1766 3490 et
1795 3436 2049 3493 seditiosi
2149 3433 2336 3488 luculo
2373 3449 2505 3500 sane
2539 3435 2906 3490 accersientes
2947 3451 3066 3490 eam
3096 3436 3492 3494 concluserunt
3529 3436 3584 3492 in
3615 3453 3737 3492 ωδε

461 3521 852 3592 comprehensi
913 3523 1130 3580 exsiliis
1192 3533 1324 3580 sunt
1371 3536 1428 3579 et
1473 3525 2053 3589 animadversioniblss

462 3614 692 3671 subditi.
2007 3666 2011 3669 -

533 3711 695 3765 Anno
731 3708 950 3782 imperii
990 3713 1226 3769 Heirene
1277 3722 1496 3786 quarto,
1547 3726 1744 3770 octavo
1781 3715 2050 3773 Kalendas

461 3799 774 3868 Ianuarias,
821 3803 1143 3860 indictionis
1192 3824 1372 3871 nouaz.
1413 3807 1642 3864 Carolus
1675 3825 1767 3864 rex
1816 3808 2054 3866 Franco-

468 3908 590 3948 rum
613 3905 914 3952 coronatus
954 3906 1037 3955 est
1062 3915 1092 3954 a
1123 3900 1308 3955 Leone
1336 3915 1497 3970 papa,
1527 3909 1585 3955 et
1625 3915 1752 3955 cum
1786 3901 2051 3957 voluisset

461 3996 658 4040 contra
685 3984 930 4043 Siciliam
963 3991 1234 4047 classibus
1258 3992 1518 4062 praaliari,
1542 4009 1600 4047 se
1615 3993 1896 4063 pmnituit,
1919 4008 2051 4050 com

459 4075 618 4149 jungi
658 4080 846 4149 potius
875 4097 999 4137 cum
1039 4083 1274 4140 lleirene
1311 4085 1522 4150 volens,
1568 4083 1765 4156 legatis
1823 4088 1889 4140 ad
1946 4074 2052 4141 hoc

466 4172 696 4228 directis
742 4176 996 4244 sequenti
1042 4192 1208 4242 anno,
1247 4179 1548 4234 indictione
1583 4178 1822 4235 decima.
1854 4179 2052 4236 Martio

464 4278 601 4318 vero
624 4280 814 4322 mense
850 4268 1596 4327 nonmindictionisHeirene
1626 4272 1714 4343 pia
1731 4272 2051 4344 imperatrix

466 4354 746 4426 Byzantiis
775 4357 962 4412 civilia
991 4357 1218 4414 donavit
1247 4361 1477 4428 tributa,
1512 4363 1800 4434 Abydiquc
1839 4382 1902 4419 ac
1925 4365 2051 4420 Hie-

467 4445 537 4502 rii
570 4463 633 4502 ea
677 4464 798 4518 qua:
830 4450 1092 4506 dicuntur
1130 4453 1460 4510 commercia
1511 4455 1795 4521 relevavit,
1838 4459 2052 4528 magnis

2144 3526 2252 3596 jori
2283 3527 2505 3594 palatio,
2533 3534 2586 3580 et
2620 3526 2696 3581 ita
2737 3538 3130 3598 processerunt
3168 3529 3237 3584 ad
3270 3529 3521 3601 Magnam
3553 3530 3739 3589 eccle-

2149 3614 2287 3669 siam
2327 3616 2394 3669 ad
2437 3616 2818 3672 coronandum
2846 3617 3170 3674 scelestum.
3217 3617 3490 3674 Convenit
3525 3617 3738 3676 interea

2151 3706 2408 3763 universa
2440 3709 2740 3764 multitudo
2780 3710 2954 3770 urbis.
2982 3722 3040 3766 et
3074 3725 3270 3766 omnes
3292 3726 3464 3783 super
3490 3711 3580 3768 his
3615 3727 3740 3783 qua

2151 3797 2451 3869 agebantur
2474 3800 2702 3856 moleste
2724 3800 2997 3868 ferebant,
3030 3802 3424 3859 maledicentes
3442 3802 3737 3862 coronanti

2148 3899 2204 3947 et
2223 3893 2540 3950 coronando
2559 3895 2882 3965 cunctisque
2904 3895 3415 3967 congratulantibus
3431 3896 3604 3953 eis.Et
3619 3896 3744 3967 qui-

2151 3984 2278 4040 dem
2308 4001 2434 4042 cum
2461 3987 2728 4056 religione
2749 4001 2814 4043 sc
2844 3987 3058 4043 ratione
3087 3989 3338 4045 viventes
3355 3987 3604 4045 divinum
3631 3988 3738 4045 mi-

2151 4077 2415 4134 rabantur
2435 4078 2705 4150 judicium
2720 4080 2979 4151 qualiter
3001 4096 3121 4135 eam
3147 4080 3616 4152 permiserit,quaa
3639 4087 3741 4154 pro

2154 4181 2303 4225 recta
2331 4169 2438 4226 fide
2458 4187 2610 4227 more
2658 4182 2961 4245 martyrum
3010 4174 3467 4244 agonizaverat,s
3505 4174 3742 4230 subulco

2151 4262 2377 4334 expelli,
2415 4264 2724 4335 praesertim
2757 4280 2886 4323 cum
2918 4267 2973 4322 ei
3013 4265 3355 4322 devotissimi
3385 4267 3508 4338 ejus
3546 4266 3743 4338 praeci-

2152 4371 2262 4427 pue
2294 4356 2582 4412 adhaerere
2613 4367 2841 4429 propter
2864 4359 3152 4414 avaritiam
3186 4359 3599 4430 proposuerint,
3625 4357 3743 4416 Leo

2154 4449 2376 4506 scilicet
2411 4451 2724 4516 eunuchus,
2748 4450 3017 4521 patricius
3045 4463 3102 4507 et
3121 4451 3441 4508 sacellarius
3465 4451 3740 4524 Sinopeos

467 4555 636 4610 super
665 4541 753 4597 his
780 4553 836 4598 et
857 4544 981 4599 aliis
1009 4545 1198 4603 multis
1223 4546 1511 4603 beneficiis
1539 4547 1839 4618 gratiarum
1875 4552 2051 4608 actio-
2086 4542 2128 4599 Β
2156 4552 2211 4596 ei
2232 4543 2346 4599 Deo
2371 4543 2555 4615 PerOSi
2595 4544 2865 4616 Triphylii
2891 4556 3059 4615 atque
3086 4547 3328 4617 palFiCii.
3353 4547 3449 4618 qui
3479 4548 3742 4620 ευρετίιιι

469 4632 638 4687 nibus
657 4633 820 4690 freta.

537 4723 698 4779 Anno
747 4724 966 4794 imperii
1020 4725 1255 4783 Heirene
1302 4729 1498 4799 quinto
1551 4731 1743 4789 Aetius
1787 4733 2053 4805 patricius

467 4816 613 4871 liber
639 4833 668 4872 a
700 4817 986 4874 Stauracio
1017 4820 1218 4888 factus,
1250 4832 1306 4876 et
1337 4821 1462 4879 ideo
1486 4826 1784 4880 securitate
1821 4827 2050 4897 potitus,

470 4909 770 4980 imperium
825 4913 893 4968 ad
939 4913 1165 4969 fratrem
1221 4918 1507 4986 proprium
1565 4918 1865 4973 transferre
1907 4926 2052 4974 sata-

468 5002 653 5072 gebat,
687 5020 850 5074 quem
882 5013 939 5061 et
981 5017 1449 5079 monostrategum
1483 5009 1616 5064 fecit
1649 5009 1704 5065 in
1734 5010 1948 5065 Thrace
1976 5010 2053 5066 sic

472 5093 586 5148 mul
612 5102 668 5149 et
708 5093 1048 5162 Macedonia,
1091 5097 1207 5167 ipse
1238 5099 1505 5153 ulteriora
1557 5101 1800 5155 themata
1835 5111 2051 5167 tenens,

453 5185 786 5243 'Orientales
833 5188 1045 5243 scilicet
1081 5199 1141 5244 et
1174 5189 1422 5259 Opsicin.
1453 5192 1592 5246 Cum
1645 5208 1777 5264 ergo
1815 5192 2054 5249 elatione

474 5278 714 5336 refertus
744 5289 912 5349 esset,
934 5296 1031 5338 eos
1052 5283 1349 5354 principes,
1371 5286 1466 5354 qui
1498 5285 1846 5342 sublimiores
1874 5294 2052 5353 erant,

470 5373 847 5429 dehonestans
893 5390 994 5445 pro
1047 5376 1223 5431 nihilo
1285 5378 1598 5448 reputabat,
1641 5379 1736 5449 qui
1783 5389 1841 5435 et
1899 5381 2054 5436 valde

470 5468 657 5524 mmsti
695 5469 959 5524 adversus
989 5485 1084 5525 eos
1120 5470 1325 5536 effecti,
1361 5467 1696 5526 simultatem
1725 5484 1918 5529 contra
1953 5475 2057 5528 im-

475 5559 807 5628 peratricem
858 5559 1210 5628 meditantes,
1272 5562 1416 5617 hanc
1453 5561 1509 5616 in
1567 5577 1706 5631 opus
1755 5563 2054 5620 duxerunt.

475 5651 858 5707 Pervenerunt
896 5661 1080 5709 autem
1109 5653 1455 5722 apocrisiarii
1483 5669 1512 5706 a
1542 5653 1738 5708 Carolo
1769 5664 1826 5709 et
1871 5655 2055 5710 Leone

475 5757 616 5812 papa
649 5744 846 5799 directi
899 5745 966 5800 ad
1017 5745 1307 5802 Heirenem
1343 5743 1670 5817 piissimam,
1710 5747 2057 5820 postulantes

473 5841 537 5888 ut
557 5833 885 5906 jnngeretur
917 5838 994 5893 illi
1054 5838 1118 5894 ad
1151 5839 1372 5910 nuptias
1403 5849 1461 5895 et
1491 5839 1678 5895 uniret
1721 5855 1820 5896 eoa
1855 5849 1910 5897 et
1953 5841 2054 5898 be-

2156 4635 2289 4690 dicti
2321 4646 2470 4702 sunt,
2501 4637 2598 4708 qui
2621 4637 2782 4694 donis
2809 4639 3065 4709 plurimis
3083 4637 3154 4694 ab
3184 4639 3275 4694 illa
3305 4639 3464 4696 dilati
3502 4649 3655 4707 sunt,
3683 4652 3743 4698 et

2155 4743 2280 4782 cum
2305 4743 2368 4784 ea
2417 4745 2560 4796 saepe
2599 4741 3017 4799 convescentes,
3055 4739 3113 4787 et
3160 4732 3570 4789 adulationibus
3607 4749 3735 4790 cum

2149 4821 2484 4892 juramentis
2509 4823 2878 4881 horribilibus
2900 4835 3109 4880 certam
3138 4826 3456 4891 reddentes,
3480 4826 3740 4884 omnibus

2155 4917 2346 4970 mundi
2405 4917 2575 4972 rebus
2637 4933 2695 4972 se
2746 4918 3178 4974 necessariorem
3227 4932 3524 4990 reputare,
3568 4937 3736 4992 quam

2157 5008 2428 5063 haberent
2472 5024 2602 5079 erga
2650 5010 2800 5064 illam
2826 5050 2841 5074 ,
2885 5009 3325 5066 benevolentiam
3367 5012 3733 5068 afﬁrmabant.

2154 5099 2261 5154 Alii
2295 5109 2480 5155 autem
2515 5109 2576 5154 ut
2622 5099 2678 5153 in
2722 5099 2920 5155 ecstasi
2973 5099 3125 5162 facti,
3174 5110 3450 5170 gestorum
3498 5102 3735 5155 certituo

2157 5193 2342 5247 dinem
2381 5193 2576 5248 horum
2609 5191 2838 5246 minime
2879 5193 3201 5254 sentientes,
3236 5192 3508 5246 somnium
3553 5207 3611 5247 se
3651 5194 3736 5249 vi-

2155 5286 2285 5341 dere
2307 5286 2596 5356 putabant.
2623 5284 2728 5341 Alii
2757 5295 2963 5350 autem,
2986 5284 3362 5354 quiduntaxat
3391 5286 3735 5355 perpendere

2155 5380 2297 5434 bene
2327 5379 2597 5446 sciebant,
2625 5379 2961 5450 praeteritam
2997 5379 3314 5435 felicitatem
3347 5378 3738 5434 beatificabant

2154 5480 2212 5525 et
2239 5471 2481 5528 futuram
2514 5488 2612 5542 per
2650 5471 2995 5544 tyrannidem
3029 5471 3405 5526 infelicitatem
3451 5470 3733 5542 lugebant,

2157 5563 2392 5619 maxime
2447 5564 2505 5618 hi
2536 5565 2629 5635 qui
2682 5565 2905 5636 maligni
2937 5564 3052 5620 voti
3082 5564 3294 5634 tyranni
3337 5562 3736 5634 experientiam

2154 5657 2451 5726 quamdam
2487 5664 2613 5711 ante
2647 5664 3024 5726 perceperant.
3071 5655 3242 5710 Porro
3271 5654 3559 5710 universos
3587 5670 3739 5710 com-

2158 5750 2401 5804 muniter
2455 5748 2775 5818 possidebat
2839 5748 3016 5818 caligo
3059 5757 3116 5802 et
3176 5747 3296 5802 sine
3354 5747 3734 5803 consolatione

2157 5842 2360 5898 mentis
2393 5840 2655 5909 defectio,
2705 5856 2772 5897 ne
2819 5856 2919 5912 per
2957 5841 3169 5912 singula
3213 5840 3535 5897 miseranda:
3585 5840 3734 5896 illius
