4070 6304
359 372 504 437 1409

1185 369 1555 434 HISTORIA
1589 365 2175 430 ECCLESIASTICA
2218 369 2320 431 EX
2357 369 2844 437 THEOPHANE.

3491 372 3628 440 1410

355 493 468 548 diei
502 488 771 546 deformia
809 489 978 546 verba
1014 489 1264 545 scribens
1297 489 1567 560 protelem
1603 499 1936 542 sermonem.
1966 487 2013 546 Δ
2043 486 2176 554 quid
2208 489 2382 544 valuit
2437 487 2717 560 hypocrisi
2773 493 2956 560 legere
2999 488 3228 544 inditam
3265 491 3532 547 malitiam
3574 497 3632 548 et

356 585 604 654 Denique
635 583 890 654 sequenti
918 583 1007 638 die
1055 583 1294 653 sumptis
1317 581 1649 652 quibusdam
1685 595 1752 633 ex
1777 575 1949 648 patri-

354 679 461 734 cits
511 677 761 732 ascendit
813 674 882 730 ad
935 676 1346 745 imperatricem
1405 674 1671 728 custodiae
1734 671 1947 726 manci-

357 779 564 840 patam,
595 770 886 835 simulans,
918 777 979 823 ut
1013 769 1064 824 ei
1100 769 1272 822 moris
1299 777 1439 832 erat,
1470 769 1660 821 falsam
1698 763 1949 834 benigni-

358 870 552 925 tatem,
591 875 882 930 perquam
914 867 971 914 et
1012 859 1202 928 plures
1237 858 1474 928 decepit,
1503 866 1558 912 et
1587 871 1856 911 excusans
1890 869 1950 909 se

357 953 506 1024 quod
539 954 744 1008 invitus
769 952 834 1006 ad
864 953 1236 1024 principatum
1270 949 1656 1007 conscenderit
1677 965 1778 1003 nec
1802 947 1951 1002 hunc

359 1062 604 1117 unquam
632 1047 1035 1102 desideraverit
1068 1065 1081 1099 :
1128 1045 1494 1100 maledicebat
1528 1052 1711 1098 autem
1740 1042 1828 1096 bis
1850 1040 1945 1112 qui

358 1156 419 1195 se
467 1149 835 1210 provexerant
885 1148 941 1195 et
988 1140 1135 1194 illam
1175 1139 1395 1194 insidiis
1440 1138 1851 1211 appetiverant,‘
1890 1141 1952 1188 ut

359 1233 614 1303 proditor
637 1234 953 1297 Dominum,
981 1243 1270 1303 postquam
1307 1248 1431 1286 cum
1467 1232 1585 1301 ipso
1617 1228 1947 1296 ccenaverit;

362 1343 503 1398 quos
524 1337 580 1382 et
599 1327 906 1383 imitatores
935 1326 1082 1381 illius
1111 1326 1376 1381 exsistere
1406 1326 1727 1380 testabatur.
1755 1322 1954 1378 Osten—

364 1421 446 1477 sis
484 1420 651 1475 etiam
683 1420 857 1491 nigris
889 1420 1298 1483 calceamentis,
1333 1434 1518 1471 amare
1546 1435 1604 1472 se
1644 1417 1844 1472 talibus
1875 1416 1951 1472 uti

365 1522 572 1584 prater
597 1513 746 1584 leges
790 1512 1178 1582 imperatorias
1207 1511 1549 1578 afﬁrmabat;
1586 1511 1952 1580 fiduciamque

363 1605 571 1661 habere
603 1605 791 1660 dolose
821 1605 1077 1659 monebat
1107 1620 1249 1669 eam,
1272 1612 1326 1657 et
1352 1618 1475 1658 cum
1504 1603 1856 1675 iuramentis,
1884 1601 1953 1656 de

365 1699 520 1756 omni
542 1700 817 1770 corporali
849 1699 1061 1768 requie,
1101 1713 1266 1768 quam
1308 1697 1571 1767 consequi
1610 1696 1890 1752 dominam
1923 1711 1953 1749 a

363 1809 528 1848 servo
551 1792 778 1848 deceret
801 1810 815 1858 ;
844 1794 1162 1862 nullamque
1192 1792 1450 1848 arbitrari
1474 1807 1774 1845 terumnam
1792 1806 1951 1845 casus

367 1886 518 1940 illius
540 1885 1364 1941 exhortabatur.Commonebat
1391 1893 1669 1955 postremo
1693 1884 1768 1938 nil
1785 1899 1951 1938 occu-

365 1981 483 2035 lere
513 1996 542 2034 a
588 1995 647 2035 se
695 1979 1069 2050 imperialium
1103 1979 1514 2042 thesaurorum,
1555 1986 1614 2032 et
1656 1977 1952 2032 damnabat

367 2071 617 2127 avaritiae
667 2073 886 2135 vitium,
947 2072 1053 2126 hoc
1095 2072 1243 2126 illam
1284 2071 1490 2126 habere
1556 2085 1670 2125 non
1725 2071 1950 2125 ferens:

367 2165 663 2238 languebat
709 2168 857 2222 enim
902 2183 970 2222 eo
1016 2169 1379 2222 vehementer
1425 2167 1608 2222 omnia
1657 2166 1951 2229 devorans,

367 2274 704 2331 onmemque
746 2259 802 2313 in
846 2273 981 2313 auro
1029 2273 1180 2329 spem
1224 2266 1279 2313 et
1324 2257 1580 2338 ﬁduciam
1613 2256 1844 2328 ponens.
1882 2257 1955 2313 At

367 2366 505 2407 vero
534 2351 756 2423 sapiens
785 2361 841 2407 et
872 2351 988 2407 Deo
1017 2352 1218 2407 dilecta
1243 2351 1498 2416 Heirene,
1526 2340 1782 2422 quamvis
1814 2365 1951 2405 con-

368 2451 594 2516 grueret
625 2453 687 2499 ut
731 2443 986 2512 passione
1020 2452 1126 2497 tam
1165 2441 1471 2514 repentina:
1502 2439 1952 2496 commutationis

372 2543 565 2605 utpote
595 2535 797 2591 mulier
823 2544 1128 2600 teneretur,
1154 2533 1282 2590 (orti
1313 2543 1370 2588 et
1396 2533 1630 2603 sapienti
1658 2533 1953 2604 prudentia

371 2626 513 2684 dixit
559 2626 628 2683 ad
678 2642 828 2694 eum,
862 2627 959 2698 qui
1008 2625 1129 2682 heri
1180 2625 1406 2696 quidem
1446 2640 1647 2680 servus
1699 2625 1955 2695 periurus

371 2718 579 2784 fuerat,
609 2718 773 2774 hodie
833 2733 962 2774 vero
1010 2717 1184 2773 solers
1215 2725 1271 2771 et
1319 2715 1617 2772 seditiosus
1667 2731 1731 2770 ac
1776 2715 1957 2784 impu-

373 2809 512 2864 dens
544 2806 896 2863 habebatur:
948 2805 1064 2879 Ego
1100 2806 1332 2879 quidem,
1381 2823 1411 2859 ο
1437 2806 1612 2871 homo,
1653 2806 1820 2860 Deum
1861 2810 1954 2861 de-

372 2909 499 2970 puto
533 2900 760 2971 pridem,
799 2916 916 2954 cum
975 2915 1137 2953 essem
1167 2901 1431 2970 orphana,
1477 2897 1742 2954 exultasse
1768 2915 1868 2968 me,
1907 2908 1956 2953 et

373 2992 563 3046 deinde
593 3008 752 3063 super
802 2991 996 3047 solium
1038 2993 1267 3063 imperii,
1319 2990 1438 3046 licet
1499 3007 1662 3045 essem
1712 2992 1954 3063 indigna,

374 3083 668 3156 provexisse
712 3099 812 3139 me.
846 3083 1074 3140 Causam
1129 3099 1251 3138 vero
1299 3083 1634 3154 depositionis
1676 3100 1806 3138 mete
1853 3085 1956 3139 mi-

2049 579 2335 634 avaritiam
2387 580 2688 645 suam,sed
2739 581 2896 650 quasi
2956 583 3236 637 recisurus
3281 582 3631 655 iniustitiam,

2049 686 2287 742 nequam
2334 675 2388 727 in
2435 671 2730 744 Magnaura
2761 681 2817 726 et
2863 672 3132 745 iniustum
3180 675 3473 731 constituit
3517 677 3633 732 fore

2045 767 2340 840 judicium.
2378 767 2620 822 intentio
2672 783 2911 836 namque
2949 776 3180 838 tyranno
3226 775 3367 835 erat,
3401 777 3462 823 ut
3503 768 3635 838 ips:e

2052 876 2143 914 res
2193 860 2585 922 Ostenderunt,
2624 876 2734 914 non
2781 859 3118 930 pauperibus
3167 863 3292 932 jura
3329 862 3632 923 tribuendi.

2051 953 2146 1007 sed
2210 969 2310 1024 per
2368 953 2473 1009 hoc
2539 968 2735 1007 omnes
2787 954 2880 1022 qui
2946 954 3127 1024 magni
3186 954 3635 1009 erant-inhono-

2054 1045 2210 1099 randi
2253 1045 2364 1118 (89)
2402 1055 2458 1100 et
2493 1046 2833 1116 captivandi,
2865 1057 2921 1100 et
2951 1046 3017 1100 ad
3050 1062 3109 1101 se
3154 1062 3275 1116 qua-
3305 1056 3633 1102 cunctorum

2052 1146 2210 1193 erant
2261 1138 2428 1208 impie
2483 1137 2889 1204 transferendi;
2925 1137 3069 1208 quod
3126 1149 3182 1192 et
3227 1137 3378 1192 fecit.
3428 1136 3635 1193 Videas

2053 1241 2238 1287 autem
2272 1246 2467 1287 omnes
2501 1231 2769 1286 adversus
2805 1247 2863 1286 se
2910 1230 3286 1294 contristatos,
3323 1238 3380 1284 et
3429 1245 3635 1299 pavens

2053 1342 2124 1381 ne
2193 1325 2336 1380 forte
2415 1340 2689 1380 memores
2754 1324 3004 1379 lleirenae
3063 1325 3166 1394 pize
3233 1323 3633 1379 beneficiorum

2054 1419 2394 1474 asciscerent
2440 1434 2562 1472 eam
2618 1419 2820 1473 iterum
2847 1417 2915 1473 ad
2957 1417 3274 1488 imperium,
3299 1416 3635 1472 Novembrio

2055 1528 2266 1576 mense,
2311 1511 2491 1566 hieme
2539 1511 2770 1566 nimium
2831 1510 3154 1567 imminente
3186 1510 3357 1583 gravi,
3405 1526 3515 1565 non
3550 1520 3637 1566 est

2057 1605 2229 1676 ipsius
2259 1606 2525 1660 misertus
2571 1605 2972 1660 immisericors
3012 1605 3128 1670 ille,
3160 1606 3254 1659 sed
3305 1605 3501 1660 exsilio
3533 1605 3634 1658 de-

2056 1695 2261 1767 portari
2297 1695 2558 1765 prmcepit
2592 1695 2646 1750 in
2688 1695 2923 1750 insulam
2958 1693 3195 1749 Lesbum
3230 1701 3285 1749 et
3317 1693 3636 1748 cautissime

2058 1789 2347 1854 custodiri,
2376 1789 2510 1859 quin
2537 1796 2591 1842 et
2611 1803 2641 1841 a
2668 1788 2890 1843 nemine
2916 1787 3134 1857 penitus
3165 1785 3439 1842 contueri.
3462 1786 3638 1842 Porro

2057 1884 2233 1955 pridie
2289 1884 2564 1939 Kalendas
2616 1882 2786 1936 Maias
2840 1890 3095 1935 mortuus
3143 1889 3230 1935 est
3274 1879 3467 1935 Niceta
3509 1877 3634 1934 Trio

2053 1976 2296 2047 phylius,
2330 1985 2391 2030 ut
2424 1976 2600 2040 aiunt,
2645 1989 2676 2028 a
2705 1973 3016 2043 Nicephoro
3053 1987 3270 2028 veneno
3297 1972 3633 2029 exstinctus.

2053 2070 2124 2125 Et
2159 2068 2332 2124 Nonis
2379 2068 2554 2134 Maiis,
2601 2066 2736 2122 feria
2766 2066 2978 2137 quinta,
3023 2080 3148 2121 cum
3189 2065 3534 2137 Nicephorus
3565 2065 3635 2122 ad

2055 2161 2372 2217 suburbana
2429 2159 2797 2216 Chalcedonis
2839 2159 3064 2216 exiisset
3106 2175 3424 2230 equumque
3481 2175 3635 2214 man-

2054 2264 2274 2312 suetum
2299 2265 2354 2311 et
2384 2255 2739 2310 mitissimum
2763 2253 3093 2321 asendisset,
3122 2254 3272 2309 hunc
3302 2271 3370 2309 ex
3389 2255 3483 2310 Dei
3508 2270 3639 2326 pro-

2053 2350 2298 2408 videntia
2327 2349 2594 2421 dejiciens
2632 2348 2886 2403 dextrum
2911 2347 3107 2418 pedem
3141 2347 3314 2418 ipsius
3352 2346 3638 2403 contrivit.

2054 2443 2125 2501 At
2155 2459 2289 2499 vero
2324 2442 2542 2498 decimo
2575 2451 2774 2512 quarto
2819 2440 3090 2496 Kalendas
3142 2439 3444 2510 Augustas,
3501 2438 3637 2494 feria

2055 2542 2272 2606 quarta,
2303 2533 2440 2588 hora
2465 2533 2664 2602 prima,
2713 2528 2992 2585 Bardanes
3033 2528 3300 2599 patricius
3351 2535 3408 2582 et
3437 2535 3641 2598 praetor

2055 2626 2446 2692 Orientalium,
2476 2623 2572 2696 qui
2604 2623 3026 2695 cognominatus
3054 2630 3138 2676 est
3178 2621 3413 2684 Tureus,
3441 2620 3634 2692 appel-

2056 2722 2200 2777 latus
2221 2728 2307 2775 est
2355 2718 2655 2789 imperator
2687 2718 2756 2772 ab
2788 2711 3211 2771 omnibus‘ultra
3260 2711 3382 2768 sitis
3425 2712 3637 2767 thems-

2059 2811 2225 2866 tibus.
2245 2807 2350 2877 Qui
2376 2809 2612 2863 multum
2643 2806 2864 2862 renisus
2887 2813 2948 2860 ut
2977 2803 3236 2860 evaderet
3262 2802 3384 2858 illos
3411 2803 3640 2858 minime

2057 2900 2250 2964 valuit,
2288 2909 2344 2954 et
2381 2898 2723 2954 descendens
2751 2913 2922 2968 usque
2966 2897 3032 2952 ad
3074 2895 3476 2968 Chrysopolim,
3511 2913 3637 2952 cum

2057 2995 2348 3051 circuisset
2374 2993 2576 3050 diebus
2609 3000 2735 3048 octo
2768 3000 2824 3047 et
2865 2991 3089 3046 minime
3133 2989 3328 3045 fuisset
3357 2994 3640 3059 receptus,

2061 3087 2228 3143 rediit
2265 3102 2438 3158 usque
2490 3085 2557 3141 ad
2603 3086 2888 3157 Malagma.
2923 3084 3028 3152 Qui
3073 3091 3326 3138 metuens
3355 3084 3549 3150 Deum,
3581 3090 3640 3136 ct

375 3175 535 3228 [timet
570 3173 778 3247 applico
823 3183 872 3228 et
921 3175 1145 3246 peccatis
1198 3176 1326 3229 meis
1382 3175 1607 3229 ascribo.
1651 3175 1715 3228 In
1753 3176 1956 3229 cunctis
1983 3192 2024 3249 ο
2063 3181 2370 3251 recogitans
2402 3196 2474 3236 ne
2507 3178 2647 3234 forte
2677 3194 2778 3249 per
2805 3192 2863 3233 se
2903 3177 3165 3232 mactatio
3195 3177 3637 3231 Christianorum

376 3277 556 3322 autem
584 3285 649 3323 ac
697 3269 866 3322 modis
902 3269 1140 3322 omnibus
1181 3271 1258 3322 sit-
1304 3285 1492 3323 nomen
1547 3268 1758 3324 Domini
1800 3269 1956 3324 bene-

376 3359 598 3422 dictum,
641 3358 804 3414 solius
853 3359 1007 3431 Regis
1047 3377 1228 3432 regum
1258 3370 1306 3414 et
1351 3355 1561 3414 Domini
1600 3361 1956 3418 dominorum.

376 3448 545 3506 Porro
570 3453 781 3506 modum
805 3453 1146 3523 promotionis
1173 3461 1276 3506 tua:
1297 3451 1402 3506 Deo
1428 3453 1606 3518 reddo,
1626 3470 1727 3524 quo
1747 3462 1960 3525 excepto

375 3542 454 3597 nil
483 3541 604 3612 ﬁeri
635 3545 852 3599 credidi.
900 3543 1269 3599 Verumtamen
1298 3545 1504 3599 delatas
1538 3547 1667 3599 mihi
1696 3554 1879 3601 contra
1911 3555 1960 3600 te

375 3648 536 3704 super
589 3634 866 3706 dignitate,
922 3651 1027 3706 qua
1073 3652 1212 3690 nunc
1245 3636 1613 3701 circumdaris,
1664 3637 1958 3693 auditiones

378 3739 484 3778 non
518 3724 766 3796 ignoras;
796 3742 930 3797 quas
960 3743 1112 3780 veras
1151 3726 1310 3798 fuisse
1338 3744 1517 3782 rerum
1552 3729 1673 3800 finis
1708 3730 1956 3798 ostendit,

379 3830 615 3888 quasque
641 3818 690 3871 si
724 3818 937 3872 moleste
956 3817 1226 3886 .tulissem,
1259 3819 1415 3892 facile
1456 3820 1582 3875 mihi
1627 3831 1741 3876 erat
1794 3823 1960 3876 inter-

375 3909 588 3978 ficiendi
622 3918 690 3966 te.
721 3910 825 3966 Sed
863 3912 1014 3968 modo
1036 3913 1361 3983 juramentis
1405 3916 1504 3969 tuis
1536 3913 1769 3984 ﬁdendo,
1805 3917 1959 3970 modo

380 4002 475 4058 tibi
505 4005 791 4075 parcendo,
835 4004 1026 4059 multos
1071 4005 1198 4060 mihi
1231 4006 1438 4061 devotos
1473 4009 1802 4078 parvipendi,
1852 4009 1958 4064 Deo

379 4112 499 4168 qua
528 4113 644 4151 mea
673 4105 797 4152 sunt
825 4098 977 4165 dans,
1008 4115 1098 4167 per
1138 4115 1292 4170 quem
1332 4117 1477 4171 rcges
1516 4109 1744 4172 regnant
1773 4111 1822 4156 et
1867 4120 1962 4174 po—

380 4198 547 4243 tentes
582 4189 816 4245 obtinent
843 4200 1066 4247 terram.
1105 4192 1211 4247 Sed
1236 4203 1285 4247 et
1321 4209 1482 4260 nunc,
1516 4211 1634 4248 cum
1671 4195 1743 4249 sis
1765 4196 1882 4266 pius
1910 4205 1959 4250 et

381 4281 445 4335 ab
475 4283 589 4353 ipso
632 4292 925 4355 provectus,
958 4294 1008 4339 te
1046 4295 1103 4339 ut
1143 4285 1517 4357 imperatorem
1546 4287 1729 4352 adoro,
1763 4295 1812 4340 et
1841 4297 1960 4358 peto

379 4392 512 4431 metu
536 4394 751 4447 parcere
782 4378 1110 4448 infirmitati.
1147 4380 1218 4434 Et
1252 4380 1472 4435 concede
1503 4382 1629 4436 mihi
1659 4401 1690 4436 a
1725 4397 1808 4437 me
1839 4400 1962 4437 con-

378 4479 634 4523 structam
677 4469 970 4526 Eleutherii
1017 4472 1227 4527 domum
1262 4473 1319 4527 in
1350 4473 1828 4528 reconciliationem
1873 4477 1960 4529 in-

383 4559 756 4630 comparabilis
794 4559 1115 4616 calamitatis
1142 4577 1289 4616 mea.
1326 4561 1394 4615 At
1428 4562 1519 4617 ille
1549 4563 1657 4617 ait:
1690 4562 1760 4617 Et
1787 4565 1834 4618 si
1867 4565 1962 4618 hoc
1990 4541 2037 4598 D

382 4652 459 4706 vis
483 4651 600 4721 ﬁeri
622 4653 734 4715 tibi,
749 4654 882 4724 jura
913 4655 1042 4707 mihi
1073 4669 1166 4725 per
1198 4670 1409 4708 omnem
1448 4655 1681 4709 diuinam
1710 4657 1960 4711 virtutem

384 4759 490 4797 non
518 4744 892 4798 absconsuram
919 4755 969 4800 te
1013 4746 1299 4817 quidquam
1337 4763 1401 4802 ex
1434 4748 1693 4802 thesauris
1733 4747 1958 4818 imperii,

383 4845 433 4889 et
460 4835 725 4907 adimpleo
757 4836 1163 4907 postulationem
1189 4847 1360 4901 tuam,
1392 4846 1440 4890 et
1471 4853 1678 4890 omnem
1708 4838 1800 4891 tibi
1838 4839 1961 4908 pla-

382 4930 643 4985 cationem
685 4938 734 4984 et
767 4933 999 5001 requiem
1026 4929 1183 5001 facio.
1217 4929 1347 4996 Quae
1383 4931 1591 5001 iuravit
1633 4930 1684 4984 ei
1733 4931 1798 4984 ad
1834 4947 1962 5001 pre-

383 5024 524 5080 tiosa
551 5032 608 5081 et
636 5023 852 5080 vivifica
881 5024 1047 5096 ligna,
1080 5024 1206 5095 quia
1235 5024 1356 5079 Non
1391 5025 1581 5079 celabo
1608 5033 1660 5078 te
1687 5040 1860 5094 usque
1896 5024 1963 5079 ad

383 5117 607 5172 obolum
659 5133 862 5184 unum;
903 5118 1048 5189 quod
1104 5128 1163 5174 et
1204 5117 1353 5172 fecit.
1407 5118 1609 5172 Verum
1648 5119 1761 5184 ille,
1815 5118 1961 5189 quod

387 5211 743 5267 desiderabat
773 5211 1027 5282 adeptus,
1048 5211 1304 5282 protinus
1325 5211 1522 5266 exsilio
1546 5212 1811 5284 relegavit
1838 5228 1958 5268 eam

387 5320 561 5375 penes
598 5305 832 5359 insulam
869 5303 1156 5374 principis,
1181 5303 1236 5357 in
1276 5303 1615 5358 monasterio
1663 5303 1808 5374 quod
1845 5306 1964 5375 ipsa

388 5399 774 5464 tediﬁcaverat,
810 5415 934 5454 cum
965 5398 1147 5454 adhuc
1180 5407 1367 5453 essent
1408 5399 1461 5453 in
1509 5399 1645 5454 urbe
1679 5399 1830 5455 missi
1863 5397 1966 5454 Ca—

388 5491 492 5546 roli
515 5503 570 5547 et
599 5508 716 5561 quae
745 5493 1045 5562 agebantur
1075 5492 1404 5562 aspicerent.
1433 5492 1613 5546 Verax
1643 5492 1810 5562 igitur
1835 5491 1962 5558 iste,

383 5594 716 5641 cunctorum
769 5587 1004 5656 imperio
1051 5593 1328 5656 percepto,
1390 5600 1494 5640 nec
1531 5586 1722 5640 saltem
1769 5600 1965 5656 parum

2060 3272 2391 3339 efficeretur,
2424 3271 2577 3328 misit
2602 3271 2668 3327 ad
2698 3271 3097 3342 Nicephorum.
3122 3282 3180 3327 et
3213 3279 3439 3338 accepto
3467 3269 3639 3323 verbo

2061 3367 2116 3422 in
2143 3366 2364 3437 scriptis
2397 3365 2633 3436 propriae
2655 3381 2853 3420 manus
2889 3364 3030 3436 eius,
3063 3365 3119 3418 in
3148 3379 3257 3434 quo
3284 3373 3342 3417 et
3375 3360 3638 3417 Tarasius

2060 3459 2444 3516 sanctissimus
2475 3468 2530 3513 et
2569 3458 2884 3529 patriarcha
2917 3467 2971 3513 et
3011 3471 3204 3512 omnes
3251 3454 3469 3525 patricii
3502 3454 3638 3508 sub.

2061 3552 2423 3623 scripserunt,
2449 3550 2596 3621 quod
2625 3550 2824 3606 illaesus
2854 3558 2910 3605 et
2931 3548 3205 3603 indemnis
3226 3562 3350 3601 cum
3380 3545 3641 3600 omnibus

2060 3645 2155 3716 qui
2200 3660 2388 3700 secum
2444 3653 2606 3699 erant
2635 3642 2778 3698 foret
2829 3639 3154 3704 servandus,
3191 3645 3348 3694 sexto
3377 3637 3507 3692 ldus
3542 3636 3646 3692 Se-

2061 3737 2366 3809 ptembrias
2397 3737 2579 3792 media
2607 3745 2772 3792 nocte
2795 3735 2934 3789 clam
2982 3732 3199 3804 fugiens
3237 3729 3524 3786 descendit
3568 3729 3638 3785 ad

2061 3830 2220 3887 Cium
2248 3829 2518 3902 Bithynia:
2545 3830 2599 3884 in
2633 3827 3031 3882 monasterium
3055 3823 3387 3888 lleraclii,et
3412 3822 3640 3876 invento

2061 3924 2382 3989 chelandio,
2417 3922 2566 3994 quod
2615 3922 2686 3977 ab
2723 3921 3058 3992 imperatore
3107 3931 3273 3988 super
3305 3915 3412 3970 hoc
3458 3914 3641 3969 fuerat

2061 4019 2314 4084 missum,
2369 4024 2562 4072 tonsus
2595 4022 2684 4071 est
2732 4023 2789 4069 et
2838 4012 3067 4067 indutus
3104 4009 3245 4065 stola
3279 4007 3638 4073 monachica;

2060 4122 2117 4168 et
2151 4112 2432 4184 ingressus
2465 4109 2599 4165 illud
2639 4108 2777 4164 abiit
2805 4107 2862 4163 in
2906 4105 3162 4169 insulam,
3191 4119 3312 4176 quae
3350 4102 3641 4157 dicebatur

2062 4205 2263 4277 prima,
2286 4203 2485 4274 in.qua
2527 4199 2897 4256 aediﬁcaverat
2937 4195 3352 4259 monasterium,
3381 4194 3638 4265 opinatus

2062 4296 2209 4367 quod
2243 4295 2457 4352 veritus
2498 4293 2645 4349 foret
2673 4291 2917 4347 thrribile
2961 4289 3193 4345 verbum
3233 4285 3379 4358 quod
3411 4285 3640 4341 dederat

2063 4389 2168 4444 sibi
2223 4385 2662 4457 contemptibilis
2697 4384 3065 4454 Nicephorus,
3106 4389 3162 4437 et
3206 4380 3260 4434 in
3299 4378 3452 4433 nullo
3494 4386 3643 4432 esset

2064 4481 2366 4538 lzedendus.
2388 4484 2457 4534 At
2490 4479 2580 4533 ille
2614 4476 2793 4548 primo
2817 4476 3042 4546 quidem
3065 4472 3309 4529 denudat
3330 4472 3484 4525 illum
3510 4469 3642 4524 sub-

2065 4570 2262 4627 stantia
2295 4571 2436 4641 eius,
2469 4579 2525 4625 et
2551 4573 2842 4624 occasione
2869 4575 3096 4636 accepta
3122 4579 3314 4620 omnes
3335 4563 3638 4616 tbematum

2065 4661 2344 4734 principes
2369 4671 2426 4716 et
2451 4660 2827 4726 habitatores;
2857 4657 3124 4729 quosdam
3147 4662 3328 4709 autem
3358 4662 3415 4708 et
3451 4651 3519 4706 de
3552 4666 3642 4705 rc-

2066 4755 2152 4827 gia
2187 4756 2323 4809 urbe
2358 4753 2675 4824 captivavit,
2711 4751 3018 4807 exercitum
3067 4757 3253 4804 autem
3291 4761 3420 4816 roga
3453 4743 3641 4817 priva-

2071 4856 2185 4902 tum
2228 4845 2497 4901 deseruit.
2531 4844 2738 4899 Verum
2793 4841 2920 4913 quis
2964 4855 3146 4896 sermo
3191 4851 3452 4893 enarrare
3500 4850 3639 4891 con-

2069 4937 2230 5009 digne
2256 4935 2489 4991 sufliciet
2517 4950 2705 5004 opera,
2757 4948 2879 5003 qua:
2914 4931 3115 4986 diebus
3156 4929 3268 4982 illis
3305 4927 3373 4982 ab
3407 4941 3474 4981 eo
3505 4933 3638 4980 sunt
3668 4949 3671 4952 -

2066 5038 2215 5101 gesta
2275 5044 2372 5099 per
2435 5025 2834 5097 indulgentiam
2895 5025 2992 5080 Dei
3057 5030 3282 5094 propter
3345 5017 3640 5074 commissa

2067 5121 2293 5177 nostra?
2319 5120 2472 5176 Nona
2517 5119 2606 5174 die
2635 5116 2865 5188 Augusti
2909 5117 3114 5172 mensis
3144 5113 3445 5168 undecima:
3494 5109 3643 5165 indi-

2068 5213 2266 5269 ctionis
2291 5212 2550 5268 defuncta
2583 5219 2672 5266 est
2709 5208 3030 5280 imperatrix
3073 5207 3307 5262 lleirene
3340 5205 3396 5258 in
3444 5203 3641 5257 exsilio

2065 5305 2258 5360 insulae
2309 5304 2494 5368 Lesbi,
2545 5311 2600 5358 et
2653 5301 2977 5356 translatum
3041 5307 3126 5353 est
3182 5310 3382 5366 corpus
3421 5295 3540 5364 eius
3581 5293 3641 5348 in

2065 5395 2301 5450 insulam
2324 5394 2614 5466 principis,
2656 5391 2714 5448 in
2742 5390 3140 5447 monasterium
3173 5386 3329 5458 quod,
3350 5386 3468 5456 ipsa
3504 5399 3641 5439 con-

2065 5492 2290 5547 struxit.

2135 5583 2321 5638 Mundi
2346 5597 2490 5636 anno
2511 5580 2674 5648 6246,
2699 5579 2896 5636 divinae
2925 5573 3320 5633 incarnationis
3342 5587 3488 5628 anno
3513 5573 3639 5638 7m,

1896 5678 2137 5737 NOTAE.

455 5748 568 5819 (89)
598 5747 976 5814 Inhonorandi,
1007 5751 1288 5820 ἀτιμάσαι.
1322 5748 1694 5806 Tertullianus
1726 5751 1804 5806 De
1832 5752 1959 5821 fuga

387 5823 442 5876 in
463 5828 717 5890 persecat.
746 5862 759 5884 ,
785 5840 800 5870 ι
840 5821 1136 5876 inhonores
1193 5821 1383 5887 illum;
1426 5842 1442 5872 ι
1475 5833 1532 5877 et
1578 5823 1958 5879 inhonorabilis

389 5891 531 5962 apud
563 5891 838 5948 eumdem.
861 5892 898 5945 S
933 5892 1173 5963 lgnatius
1201 5893 1374 5964 ep.ad
1406 5894 1970 5966 Philad.,a‘trtpasav-

2065 5770 2156 5817 τες
2184 5749 2398 5813 αὐτούς.
2416 5748 2534 5803 Vet.
2553 5748 2652 5802 int.
2667 5766 2684 5797 c
2711 5746 3180 5802 inhonoraverunt
3205 5743 3352 5813 ipsos
3368 5758 3414 5809 ;i
3441 5738 3534 5796 alii
3551 5739 3642 5794 de-

2064 5825 2325 5879 honorare
2349 5829 2590 5876 vertunt.
2608 5817 2769 5874 FABR.
