4050 6308
488 373 618 440 itii

1604 340 2019 428 ANAS’I‘ASIIV
2061 354 2693 430 BIBLIO’I‘HECARII

3638 353 3799 425 lii}-

483 499 633 550 anno
675 487 893 560 imperil
944 480 1030 543 sui
1073 484 1323 542 seCundo
1376 481 1725 555 Nicephorus
1775 481 2067 539 coronavit
2097 468 2139 542 Ᾰ
2171 467 2585 550 ptingeutorum
2640 462 2904 560 videlicet
2960 458 3188 529 circiter
3238 467 3641 525 monachumm
3670 464 3771 523 sub

482 582 841 642 Stauracium
875 580 1050 635 lilium
1101 586 1265 635 suum
1312 593 1411 649 per
1453 574 1496 631 Τ
1501 576 1741 632 arasium
1792 570 2081 631 sanctissi-

485 686 638 733 mum
673 674 1045 748 patriarcham
1098 672 1154 727 in
1185 672 1423 727 amboue
1469 666 1691 741 Maioris
1722 662 1974 723 coclesize
2022 665 2080 721 in

484 760 907 840 impertitorem,
940 780 1065 822 cum
1109 767 1259 821 esset
1286 762 1501 818 inutilis
1534 760 1605 816 ad
1654 770 1863 816 tantam
1900 751 2081 814 modis

484 862 748 917 omnibus
793 860 1160 931 dignitatem,
1212 866 1322 911 tam
1371 855 1588 911 scilicet
1638 862 1865 925 aspectu
1915 861 2079 923 quam

487 954 691 1009 robore
722 951 891 1008 simul
937 959 995 1007 et
1046 960 1237 1006 sensu.
1276 949 1549 1005 Cmterum
1586 948 1953 1019 NitephOrus,
1984 947 2081 1017 qui

425 1088 428 1092 ι
486 1064 778 1120 nunquam
810 1052 1044 1119 usquam
1080 1048 1371 1103 veritatem
1395 1046 1657 1111 servavit,
1700 1044 2082 1117 Lycaonenses

488 1143 787 1215 quosdam,
840 1141 953 1198 imo
997 1157 1131 1197 vero
1185 1140 1630 1212 Lycanthmpos,
1677 1138 1984 1196 concordes
2027 1147 2084 1194 et

484 1244 899 1294 consentaneos
928 1234 997 1289 ad
1022 1234 1225 1290 Proten
1250 1233 1489 1289 insulam
1518 1233 1769 1299 mittens,
1795 1231 1961 1305 jussit
1986 1242 2082 1286 eos

490 1337 660 1388 noctu
713 1331 856 1387 hanc
913 1328 1217 1386 ascendere
1287 1339 1344 1384 et
1405 1327 1766 1400 przedictum,
1806 1326 1964 1399 Quasi
2024 1338 2085 1383 se

491 1416 805 1496 ignorante,
853 1423 1164 1479 luminibus
1200 1423 1422 1494 privare
1478 1418 1819 1490 Bardanum,
1855 1429 1913 1478 et
1960 1428 2087 1493 pust

492 1517 710 1572 facinus
759 1514 827 1572 ad
876 1516 1171 1571 ecclesiam
1222 1511 1436 1587 fugere.
1472 1515 1593 1590 Quo
1641 1508 1785 1571 facto
1822 1522 1934 1569 tam
1986 1525 2086 1584 pa-

491 1608 740 1663 triarcha
780 1616 838 1663 et
891 1609 1125 1662 senatus
1173 1616 1337 1679 quam
1372 1618 1568 1663 Omnes
1598 1608 1774 1663 Deum
1828 1601 2086 1663 timentes

491 1704 697 1758 ‘acriter
727 1701 1049 1758 doluerunt.
1078 1701 1179 1758 Ast
1224 1702 1534 1773 imperator
1577 1694 1955 1772 netiuissimus
1987 1702 2085 1757 Nl-

490 1796 774 1867 eephorus
800 1806 927 1852 cum
965 1794 1299 1868 iuramentis
1324 1809 1519 1851 omnes
1562 1791 1837 1865 primores
1874 1795 2083 1867 Lycao-

2182 561 2465 629 Tltcodo‘ri
2499 568 2769 643 regimine
2794 558 3203 622 ordinaturum.

2256 660 2462 720 Eodem
2498 675 2721 733 quoque
2776 671 2921 714 anno
2990 645 3165 711 movit
3222 651 3536 708 exercitum
3590 649 3775 706 Aaron

2183 747 2425 811 Arabum
2460 753 2572 808 dux
2609 751 2876 807 adversus
2903 747 3252 810 Romaniam,
3277 746 3335 799 iu
3363 735 3572 799 virtute
3597 741 3773 815 gravi,

2184 856 2559 906 trecentarum
2587 841 2861 903 ’vldelicet
2886 844 3145 907 militum,
3177 850 3286 896 tam
3314 858 3345 896 a
3368 839 3774 911 Maurophoris,

2183 950 2347 1013 Quam
2378 940 2534 1013 Syria
2579 949 2635 995 et
2662 937 2952 994 Palaestina
3006 942 3063 991 et
3101 930 3271 1006 Libya
3320 940 3666 988 coacervata.
3704 922 3772 987 Et

2186 1049 2313 1089 eum
2335 1024 2577 1088 venisset
2593 1030 2800 1103 Tyana,
2824 1026 3116 1085 aediﬁcavit
3141 1023 3365 1082 domum
3392 1022 3773 1095 blasphemiae,

2187 1137 2245 1184 et
2276 1127 2537 1183 obsidens
2561 1125 2707 1198 cepit
2737 1133 2869 1180 tunc
2883 1123 3170 1180 Hei-aelios
3195 1108 3624 1189 castrum,quod
3649 1125 3773 1174 erat

2185 1219 2343 1275 valde
2374 1219 2669 1283 munitum,
2698 1226 2756 1272 et
2785 1211 3077 1273 Thebasan
3108 1224 3164 1269 et
3192 1206 3544 1281 Malocopean
3583 1214 3642 1265 et
3683 1199 3774 1265 Sio-

2187 1314 2509 1385 derOpelum
2560 1321 2617 1369 et
2664 1304 3105 1368 Anandarasum.
3134 1308 3279 1365 Misit
3326 1315 3513 1362 autem
3545 1312 3772 1362 cursum

2187 1408 2468 1480 sexaginta
2521 1397 2758 1462 millium
2794 1405 3146 1469 bellatorum,
3175 1412 3231 1458 et
3274 1397 3567 1457 descendit
3598 1403 3775 1468 usque

2187 1502 2484 1574 Ancyram,
2517 1512 2573 1557 et
2608 1501 2713 1557 hac
2741 1494 2856 1557 visa
2900 1506 3159 1554 reveritus
3190 1506 3297 1552 est.
3343 1495 3442 1549 Ast
3472 1494 3776 1563 imperator

2188 1574 2536 1668 Nicephorus
2564 1604 2714 1651 metu
2739 1604 2795 1650 et
2818 1586 3267 1665 impossibilitate
3298 1590 3557 1645 detentus
3582 1585 3788 1669 exivit,

2189 1699 2246 1747 et
2268 1692 2385 1763 ipse
2410 1690 2466 1746 in
2491 1682 2876 1761 desperatione
2898 1677 3065 1742 fortia
3102 1678 3390 1741 infortunii
3423 1682 3776 1737 demonstra-

2193 1794 2379 1840 turus.
2414 1776 2486 1841 Et
2534 1783 2724 1839 multis
2758 1780 3021 1853 trophteis
3069 1768 3227 1834 laetis
3269 1774 3419 1831 misit
3471 1769 3540 1829 ad
3592 1764 3777 1827 Aaron

489 1844 697 1946 neiises
728 1844 1046 1955 simulatus,
1074 1888 1407 1959 exquirebat
1433 1888 1489 1943 in
1521 1844 1637 1953 eos,
1670 1895 1733 1942 ut
1766 1844 2086 1958 putabatur,
2128 1844 2168 1911 θ
2198 1879 2608 1950 metropolitam
2640 1867 2983 1949 Synadorum
3033 1876 3090 1929 et
3126 1872 3352 1928 Petrum
3402 1869 3775 1941 hegumenum

493 1985 750 2051 ulturus,
791 1984 979 2039 omnia
1024 1982 1333 2039 secundum
1374 1981 1807 2038 ostentationem
1854 1982 1912 2037 et
1951 1979 2090 2036 nihil

493 2073 805 2131 secundum
846 2070 1022 2130 Deum
1058 2073 1263 2146 iugiter
1285 2085 1475 2144 agens.
1508 2072 1642 2127 Erat
1666 2070 1815 2127 enim
1838 2070 1917 2126 illi
1948 2083 2091 2142 prte-

493 2170 661 2241 cipue
705 2174 833 2224 Cum
874 2163 1108 2239 reliquis
1144 2165 1699 2239 praeraricationilms
1728 2168 1787 2224 et
1827 2155 2093 2239 huiusce-

500 2264 655 2319 modi
682 2263 907 2334 quoque
938 2253 1143 2317 mentis
1176 2261 1405 2329 idioma,
1440 2276 1542 2332 per
1570 2254 1719 2331 quod
1750 2250 2013 2317 videlicet
2037 2266 2095 2316 et

493 2358 628 2413 ante
678 2354 975 2427 imperium
1026 2354 1233 2411 multos
1282 2352 1547 2411 seduxit:
1594 2351 1978 2409 verumtamen
2037 2353 2094 2409 ib

496 2448 798 2505 ridiculum
845 2446 1158 2503 habebatur
1198 2444 1307 2503 hoc
1357 2446 1481 2517 eius
1527 2442 1743 2516 liquido
1785 2436 2097 2500 scientibus

497 2542 776 2607 studium,
807 2542 883 2597 ita
917 2550 980 2596 lit
1020 2534 1365 2612 impudentia
1398 2535 1573 2594 multa
1610 2541 1831 2607 Semper
1858 2525 2095 2608 caiigosa

499 2646 558 2695 et
590 2631 800 2710 polluta
840 2630 1010 2691 facies
1042 2636 1165 2708 eius
1199 2644 1335 2690 tunc
1364 2624 1769 2688 inaccessibilis
1810 2626 1969 2687 ﬂeret
1997 2638 2097 2701 per

497 2725 621 2788 dies
655 2738 892 2802 septem,
926 2742 995 2784 eo
1044 2721 1238 2783 dolose
1294 2718 1441 2782 intra
1489 2716 1810 2781 cubiculum
1860 2713 2099 2793 impera-

501 2826 703 2881 torium
731 2816 981 2895 eiulante
1012 2832 1026 2877 :
1069 2830 1199 2876 nam
1229 2828 1286 2875 et
1331 2814 1673 2876 naturaliter
1702 2814 1754 2871 ei
1795 2804 2100 2871 muliebres

499 2912 737 2974 aderant
791 2908 1073 2987 lacrymae,
1110 2924 1252 2982 quas
1292 2896 1485 2964 inultis
1532 2905 1720 2979 pravis
1772 2914 1828 2960 et
1858 2898 2101 2977 pseudo-

499 2999 820 3065 ehristlanis
839 3006 1019 3062 ineSSc
1046 3003 1245 3076 procul
1276 2996 1449 3058 dubio
1504 3004 1757 3063 constat,
1784 3011 2099 3069 quanquam

502 3098 775 3173 plurimos
814 3114 925 3155 non
971 3092 1218 3153 latuerit.
1266 3094 1455 3151 Mense
1507 3100 1644 3149 Vero
1686 3091 1935 3173 Augusto
1975 3097 2100 3147 cum

2190 1964 2365 2030 Cuia‘éi
2403 1978 2459 2030 et
2488 1971 2815 2044 Gregorium
2851 1972 3201 2026 oeconomum
3248 1965 3537 2028 Amastra,
3580 1963 3775 2033 postu-

2191 2070 2314 2126 lans
2371 2063 2493 2125 ﬁeri
2542 2078 2755 2139 pacem.
2793 2066 2864 2121 Et
2920 2063 3156 2120 multum
3209 2044 3624 2133 disputantibus
3673 2053 3776 2118 eis,

2192 2155 2554 2220 ﬁrmarerunt
2583 2170 2795 2233 pacem,
2846 2167 2907 2216 ut
2938 2170 3038 2230 per
3072 2155 3526 2224 tlnumquemque
3568 2154 3793 2233 annum

2190 2256 2469 2315 tribueret
2503 2246 2620 2311 illis
2649 2259 2899 2323 trecenta
2935 2247 3108 2307 millia
3135 2236 3557 2309 numistoatum,
3583 2247 3641 2297 et
3670 2236 3778 2295 tria

2193 2351 2527 2409 nomismata
2552 2348 2609 2405 in
2642 2348 2911 2404 tributum
2955 2333 3153 2416 capitis
3181 2336 3555 2411 imperatoris,
3584 2339 3642 2391 et
3670 2332 3780 2390 tria

2193 2436 2298 2501 filii
2327 2436 2449 2517 eius
2474 2451 2490 2514 ξ
2517 2443 2720 2515 quibus
2750 2439 2992 2512 ac‘ceptis
3022 2439 3205 2494 Aaron
3224 2433 3566 2508 iucundatus
3587 2432 3696 2495 est,
3720 2434 3782 2484 et

2194 2532 2493 2596 exsultavit
2531 2540 2656 2610 plus
2683 2542 2847 2609 quam
2871 2536 2917 2591 si
2952 2532 3093 2590 denti
3122 2522 3297 2587 millia
3330 2524 3668 2598 suscepisset
3696 2531 3777 2579 ta-

2193 2631 2366 2700 lenta,
2399 2641 2658 2702 tanquam
2696 2629 2793 2701 qui
2821 2624 3131 2699 eubegisset
3178 2615 3553 2679 Remanorum
3598 2615 3782 2687 impe-

2198 2722 2367 2783 rium.
2424 2725 2599 2783 Porro
2632 2721 2893 2781 convenit
2944 2721 3091 2776 inter
3145 2732 3241 2773 eos
3281 2718 3639 2787 castra,rqua‘e
3683 2708 3783 2764 de-

2198 2820 2409 2876 structa
2433 2819 2677 2884 fuerant,
2709 2832 2820 2873 non
2850 2808 3252 2871 reaediﬁcanda.
3285 2800 3536 2879 Cumque
3570 2804 3784 2863 Arabes

2198 2909 2406 2967 reversi
2437 2906 2692 2976 fuissent,
2728 2907 3038 2965 construxit
3062 2903 3257 2961 eadem
3286 2899 3554 2959 continuo
3577 2903 3780 2959 castra,

2199 3008 2257 3061 et
2292 2996 2669 3076 praemunivit.
2697 2994 2817 3071 Quo
2849 3010 3135 3073 comperto
3156 3000 3340 3054 Aaron
3370 2990 3520 3051 misit
3551 2992 3778 3051 iterum.

2198 3108 2256 3154 et
2306 3097 2517 3169 recepit
2570 3089 2882 3165 Thebasan,
2934 3093 3218 3165 missoque
3266 3089 3409 3147 stolo
3443 3089 3499 3144 in
3536 3082 3782 3160 Cyprum

502 3170 777 3254 adversus
798 3194 1011 3251 Arabes
1033 3191 1283 3269 exiisset,
1305 3178 1655 3248 occurriteis
1677 3170 2097 3260 apud‘Chras'on
2124 3200 2168 3273 ο
2201 3191 2466 3247 ecclesias
2516 3186 2809 3256 destruxit,
2857 3178 3092 3273 Cyprios
3143 3174 3454 3257 emigravit,
3509 3188 3566 3238 et
3603 3173 3783 3234 multo

503 3282 857 3362 Ρὴτγείιενθῐ
880 3280 1021 3342 inita
1040 3277 1185 3342 bello
1207 3288 1525 3355 superatur,
1551 3273 1857 3352 multisque
1880 3275 2100 3335 amissis
2140 3270 2153 3273 ἡ
2201 3284 2420 3342 excidio
2450 3282 2595 3341 facto
2621 3279 2811 3357 pacem
2837 3270 3107 3339 dissolvit.

505 3381 906 3456 propemOdum
955 3386 1015 3436 et
1062 3379 1181 3450 ipse
1231 3377 1395 3433 virus
1437 3368 1583 3456 foret
1616 3366 1944 3446 capiebatus,
1992 3364 2100 3430 nisi

504 3455 820 3548 principum
860 3467 1086 3545 quidam
1142 3463 1432 3526 fortissimi
1488 3455 1639 3525 hunc
1696 3476 1726 3524 a
1768 3458 2099 3524 necessitate

506 3565 597 3626 vix
616 3562 831 3625 saiVare
863 3565 1311 3638 praevaluissent.

526 3666 527 3669 “
577 3655 738 3717 Anno
776 3659 999 3731 imperii
1043 3650 1342 3728 Nicephori
1384 3648 1575 3721 tertio,
1626 3644 1907 3711 simultate
1955 3654 2097 3712 facta

506 3754 566 3811 in
615 3746 857 3817 Persica,
897 3746 1187 3808 descendit
1244 3746 1491 3805 Arabum
1536 3747 1652 3804 dux
1697 3742 2091 3819 paciﬁcaturus

505 3853 626 3905 eos.
675 3839 1020 3918 Nlcephorus
1063 3852 1249 3900 autem
1306 3833 1490 3915 apatio
1538 3843 1762 3913 reperto
1804 3835 2099 3899 tediﬂcavit

418 3958 421 3959 '
507 3931 785 4011 Ancyram
812 3926 1039 3994 Galatia:
1062 3934 1118 3992 et
1146 3926 1439 3991 Thebasan
1463 3938 1521 3991 et
1566 3926 1901 3990 Andrasum.
1950 3928 2099 3990 Misit

508 4028 676 4089 etiam
704 4042 759 4088 et
784 4044 1005 4097 cursus,
1038 4024 1134 4100 qui
1160 4036 1519 4086 revertuntur
1544 4022 1684 4086 nihil
1714 4022 2092 4101 proﬁcientes,

510 4116 609 4183 sed
634 4137 694 4183 et
719 4133 912 4183 contra
941 4124 1128 4195 potius
1157 4122 1839 4195 plurimos‘admittcntes.

520 4237 524 4242 ·
583 4213 745 4278 Anno
777 4210 999 4292 imperii
1045 4209 1342 4291 Nicephori
1378 4228 1597 4291 quarto,
1627 4210 1959 4277 duodecimo
1986 4210 2098 4276 Kaa

512 4312 709 4372 lendas
760 4307 1008 4380 Martias,
1040 4304 1305 4369 Tarasius
1349 4304 1733 4369 sanctissimus
1784 4300 2099 4383 patriarcha

512 4397 1167 4478 Constantinopolitanus
1216 4397 1459 4477 gloriose
1501 4405 1649 4461 diem
1685 4396 1887 4462 clausit
1913 4412 2100 4461 extre—

428 4572 431 4573 ,
513 4512 688 4568 mum,
727 4509 785 4557 et
812 4500 1018 4557 elatum
1051 4500 1138 4555 est
1196 4492 1472 4570 lipsanum
1516 4500 1638 4572 eius
1681 4500 1740 4555 in
1799 4502 2095 4571 angustum

514 4596 693 4671 ponti,
720 4602 778 4651 et
834 4594 1114 4666 sepultum
1159 4602 1247 4649 est
1295 4592 1353 4648 in
1404 4586 1740 4649 monasterio
1774 4581 1925 4663 quod
1982 4582 2102 4663 ipse

468 4719 471 4722 ‹
520 4697 928 4756 construxerat,
959 4695 1156 4759 quarta
1190 4685 1329 4743 feria
1380 4681 1575 4759 prima
1604 4686 1943 4759 ieiuniorum
1997 4685 2101 4742 lie-

2129 4550 2176 4612 ii

2266 3378 2427 3435 Anno
2461 3370 2678 3450 imperii
2702 3372 2785 3433 sui
2810 3377 3008 3449 quinto
3035 3381 3216 3432 castra
3239 3363 3413 3431 movit
3436 3359 3783 3450 Nicephorus

2198 3475 2391 3528 contra
2424 3449 2709 3544 Volgares.
2738 3461 2806 3528 Et
2848 3487 2973 3528 cum
3017 3464 3262 3527 venisset
3304 3449 3779 3547 Hadrianopolim,

2195 3575 2254 3622 et
2277 3563 2540 3643 sensisset
2567 3566 2716 3638 quod
2751 3556 3091 3625 simultatem
3120 3573 3311 3621 contra
3337 3577 3397 3618 se
3432 3554 3780 3634 imperatorii

2197 3656 2452 3715 homines
2480 3668 2536 3714 et
2559 3650 2779 3730 quidam
2803 3674 2871 3714 ex
2896 3657 3189 3715 ordinibus
3233 3656 3658 3721 meditarentur,
3695 3646 3784 3708 in-

2194 3741 2389 3809 cilicax
2418 3741 2724 3822 repedavit,
2752 3751 2892 3807 nihil
2916 3734 3235 3821 proﬁciens,
3262 3749 3369 3805 nisi
3397 3748 3543 3821 quod
3564 3755 3778 3803 tantum

2196 3838 2464 3904 ultionem
2492 3836 2896 3903 eontribulibus
2915 3846 3123 3912 intulit,
3151 3848 3350 3902 horum
3372 3843 3577 3900 multos
3607 3841 3779 3899 caedit-

2192 3929 2322 4008 hus,
2344 3929 2557 3996 exsiliis
2592 3947 2649 3996 et
2672 3939 3177 4011 proscriptionibus
3202 3954 3388 3995 rerum
3416 3937 3776 3995 submittens.

2265 4026 2428 4091 Anno
2468 4032 2690 4107 imperii
2736 4034 3037 4107 Nieepbori
3070 4042 3246 4099 sexto.
3294 4048 3485 4090 mense
3526 4026 3782 4103 Septem?

2194 4128 2343 4196 brio,
2365 4128 2550 4185 Aaron
2572 4116 2817 4185 Arabum
2838 4129 2951 4185 dux
2974 4144 3100 4186 cum
3124 4129 3286 4185 classi
3308 4136 3499 4185 contra
3520 4126 3780 4184 Rhodum

2194 4212 2427 4279 Cumeid
2458 4212 2702 4288 direxit;
2730 4223 2825 4293 qui
2856 4238 2981 4279 cum
3003 4222 3189 4279 subito
3213 4230 3607 4278 transmeasset
3630 4222 3785 4277 Rho-

2195 4313 2440 4386 dumque
2468 4312 2838 4385 pervenisset,
2869 4314 3107 4369 multum
3140 4313 3197 4369 in
3223 4328 3287 4370 ea
3318 4312 3594 4370 excidium
3627 4311 3778 4369 fecit.

2195 4405 2591 4463 Verumtamen
2639 4393 3009 4476 municipium
3042 4403 3189 4477 quod
3245 4404 3301 4459 in
3332 4404 3450 4475 ipsa
3493 4414 3637 4469 erat,
3668 4418 3779 4458 non

2202 4488 2586 4569 impugnatum
2618 4491 2906 4555 remansit.
2936 4485 3077 4555 Cum
3111 4508 3296 4554 autem
3334 4498 3453 4570 ipse
3484 4506 3780 4565 remearet,

2205 4591 2494 4648 evidenter
2522 4590 2878 4663 impugnatus
2903 4598 2987 4647 est
3013 4606 3049 4649 a
3080 4600 3271 4647 sancto
3301 4598 3358 4646 et
3383 4590 3784 4647 miraculorum

2206 4694 2491 4757 patratore
2521 4684 2772 4741 Nicolao.
2796 4671 2940 4743 Cum
2962 4684 3115 4741 enim
3153 4684 3303 4758 Myra
3331 4684 3577 4741 venisset
3602 4692 3662 4740 et
3691 4699 3783 4741 εει»

522 4774 834 4841 bdomadls.
868 4782 936 4837 Et
959 4787 1150 4837 mense
1202 4781 1402 4852 Aprili,
1434 4780 1526 4836 die
1580 4779 1867 4855 Deminico
1924 4766 2104 4837 sancti
2204 4794 2356 4835 cram
2380 4779 2502 4850 eius
2531 4793 2717 4833 aream
2763 4788 3057 4834 conterere
3105 4777 3448 4842 tentavisset,
3473 4776 3636 4832 aliam
3682 4792 3785 4848 pro

518 4872 765 4943 Pascbae,
806 4881 1166 4930 consecratus
1226 4880 1312 4928 est
1361 4866 1748 4929 Sanctisslmu‘s
1783 4872 2101 4944 patriarcha
2206 4871 2302 4928 illa
2332 4871 2622 4946 contrivit.
2652 4860 2890 4942 Moxque
2915 4870 3140 4927 classim
3178 4870 3352 4927 multa
3392 4878 3687 4925 ventorum
3729 4879 3787 4926 et

518 4960 865 5039 Nicephorus
902 4976 935 5020 a
973 4958 1231 5031 sceretis,
1282 4957 1555 5021 electione
1596 4965 1766 5020 totiu’s
1802 4964 1995 5037 pepuli
2042 4970 2109 5021 ac
2207 4968 2549 5023 marinorum
2575 4968 2865 5027 ﬂuctuum,
2898 4967 3274 5023 tonitruorum
3304 4981 3527 5037 quoque
3570 4981 3636 5021 ac
3682 4966 3782 5027 [ιιι-

522 5051 875 5119 sacerdotum
904 5059 1132 5129 insuper
1162 5066 1215 5114 et
1243 5059 1666 5129 imperatorum.
1687 5055 1833 5114 Sane
1861 5051 2015 5115 Plato
2044 5070 2110 5115 ac
2207 5066 2406 5132 gurum
2438 5059 2784 5131 inaequalitas
2828 5060 3275 5133 comprehendit,
3312 5062 3388 5117 ita
3434 5070 3496 5117 ut
3536 5061 3817 5132 plurimae.

523 5150 857 5211 Theodorus
906 5151 1206 5224 begumeni
1248 5152 1571 5209 monasterii
1614 5143 1798 5209 Studii
1838 5158 1949 5207 non
1976 5168 2110 5208 con-
2208 5153 2427 5225 scaphae
2454 5165 2983 5224 conquassarentur,
3019 5155 3247 5226 ipseque
3298 5156 3648 5227 impugnator
3690 5154 3789 5211 Dei

526 5255 826 5307 senserunt
874 5246 1274 5303 censecrationi
1319 5236 1639 5318 NicephOri,
1672 5246 1766 5301 sed
1801 5255 1859 5301 et
1908 5245 2111 5319 oppido
2208 5246 2439 5303 Cumeid
2469 5250 2736 5305 virtutem
2782 5249 2958 5304 sancti
2988 5260 3345 5321 cognosceret
3378 5259 3434 5305 et
3476 5250 3788 5321 periculum

526 5342 877 5406 restiterunt,
913 5333 1153 5395 schisma
1175 5339 1531 5405 meditantes,
1562 5345 1786 5394 cauSam
1822 5338 1990 5394 veluti
2020 5355 2112 5393 ra-

528 5424 855 5488 tionabilem
890 5418 1181 5497 habentes,
1212 5422 1360 5501 quod
1388 5435 1460 5485 ex
1507 5426 1666 5486 iatcis
1698 5436 1809 5486 non
1859 5437 2115 5502 oporteat

531 5534 763 5603 repente
790 5524 859 5580 ad
882 5524 1261 5595 episcopatum
1284 5524 1619 5581 accelerare.
1637 5523 1786 5592 Quos
1814 5524 2116 5597 imperator

530 5612 879 5691 Nicephorus
906 5612 1045 5674 urbe
1074 5618 1281 5690 pellere
1315 5618 1507 5674 volens
1531 5621 1817 5674 comatus
1857 5621 1963 5682 cst,
1985 5620 2115 5690 qui-

531 5712 766 5770 busdam
800 5710 1095 5789 consilium
1124 5709 1407 5779 dantibus,
1450 5711 1819 5767 asseverando
1854 5726 1964 5767 non
1998 5712 2115 5768 fore

532 5789 871 5861 laudabilem
888 5792 1229 5873 patriarchae
1264 5801 1625 5867 creationem,
1650 5802 1695 5857 si
1722 5800 2112 5873 pmdictorum

532 5894 762 5969 reiectio
794 5900 851 5951 et
893 5893 1031 5951 tanti
1091 5892 1393 5950 destructio
1436 5892 1594 5951 ﬁeret
1636 5895 1995 5963 monasterii,
2028 5910 2112 5951 se-

2211 5349 2412 5410 praster
2439 5344 2591 5411 spem
2622 5340 2906 5397 evaderet.
2942 5344 3116 5398 Porro
3148 5342 3363 5398 decimo
3381 5344 3550 5399 tertio
3586 5343 3789 5398 Kalen-

2214 5433 2312 5488 das
2342 5424 2635 5490 Januarias
2677 5434 3023 5506 Nicephorus
3049 5444 3175 5507 post
3203 5436 3431 5493 multam
3458 5436 3787 5493 electionem

2216 5525 2514 5596 virginum,
2543 5541 2611 5581 ex
2640 5528 2792 5583 omni
2855 5536 3128 5599 potestate
3180 5528 3289 5584 sibi
3342 5526 3585 5592 subdita.
3624 5544 3793 5585 causa

2214 5610 2507 5689 copuiandi
2534 5610 2885 5676 Stauracium
2920 5620 3092 5676 tilium
3119 5638 3279 5678 suum
3306 5622 3525 5695 coniugi
3566 5622 3790 5690 factam,

2216 5701 2611 5782 Theophanem
2661 5713 3076 5779 Atheniensem,
3116 5725 3369 5787 agnatam
3416 5717 3476 5772 Β.
3519 5715 3790 5785 Heirena,

2215 5812 2338 5877 quat
2364 5805 2485 5862 viro
2513 5805 2841 5877 despbnsata
2872 5816 2991 5864 erat
3023 5817 3078 5863 et
3121 5817 3265 5882 saepe
3295 5825 3419 5867 cum
3478 5811 3597 5883 ipso
3626 5812 3794 5868 cuba-‘-

2215 5904 2393 5967 verat,
2424 5898 2701 5972 separavit
2745 5901 2815 5958 ai)
2858 5900 3051 5959 eodem
3093 5906 3230 5974 viro,
3264 5916 3319 5963 ct
3360 5906 3465 5978 ipsi
3508 5906 3793 5963 Statiracio
