4070 6304
335 328 492 401 ,1413

1189 327 1553 390 HISTORIA
1585 327 2170 390 ECCLESIASTICA
2205 329 2307 390 EX
2338 329 2824 414 THEOPHANE.

3472 323 3619 392 151’s

345 442 552 497 misero
611 441 889 511 copulavit
925 439 1297 511 impudenter,
1345 444 1406 495 ut
1446 441 1502 494 in
1555 441 1703 505 aliis,
1755 449 1811 494 et
1867 439 1923 494 in
1951 446 2000 507 Α
2029 450 2200 506 recta,
2242 442 2372 496 dolo
2403 442 2546 497 hanc
2573 444 2720 512 cepit
2747 441 2920 496 verbo‘
2945 481 2958 507 ,
2999 457 3066 496 cx
3093 439 3305 495 militiis
3336 439 3620 497 Romaicis

345 533 453 589 hoc
483 548 702 603 quoque
729 533 1116 603 praevaricator
1142 533 1394 590 enectus.
1428 533 1576 588 Alias
1605 548 1739 588 vero
1787 533 1925 588 duas

341 625 448 681 ista
483 626 856 696 pulchriores,
888 642 1026 696 quas
1050 643 1175 680 cum
1220 642 1285 680 ea
1329 627 1589 696 elegerat,
1636 625 1926 682 manifeste”

343 719 591 789 corrupit
620 719 673 774 in
704 718 914 773 eisdem
948 720 1266 788 nuptiarum
1326 717 1544 784 diebus,
1567 718 1638 772 ab
1666 719 1924 774 omnibus

344 811 487 866 idem
515 812 786 867 obscenus
823 812 1042 866 irrisus.
1084 811 1334 881 Denique
1375 811 1682 867 Februario
1734 826 1924 867 mense

340 902 680 958 simultatem
729 903 1109 973 excogitantes
1157 902 1426 957 adversus
1467 918 1597 958 cum
1649 903 1810 960 multi
1853 919 1921 958 ex

339 996 689 1066 proceribus,
714 997 940 1051 Arsabir
968 1003 1299 1066 quaestorem
1327 1001 1383 1051 et
1403 996 1719 1066 patricium,
1741 999 1920 1052 virum

340 1086 493 1157 pium
527 1095 585 1142 et
625 1085 1198 1151 rationabilissimum,
1257 1086 1566 1156 elegerunt.
1599 1085 1754 1152 Quod
1794 1093 1921 1140 cum

342 1179 696 1234 multiformis
722 1178 1068 1249 Nicephorus
1096 1178 1430 1248 agnovisset,
1482 1179 1664 1250 ipsum
1695 1179 1920 1249 quidem

339 1288 537 1327 «esum
572 1281 628 1327 et
678 1280 898 1326 tonsum
923 1271 1256 1325 monachum
1293 1269 1426 1326 fecit
1452 1281 1510 1325 et
1544 1271 1740 1325 exsilio
1775 1271 1918 1326 rele-

338 1365 578 1436 gandum
611 1362 665 1417 in
691 1361 1002 1433 Bithyniam
1036 1362 1208 1427 misit,
1239 1362 1484 1431 reliquos
1535 1372 1721 1417 autem
1753 1363 1918 1418 credi-

339 1457 444 1512 hus
491 1465 547 1510 et
577 1456 824 1510 tonsuris
854 1465 910 1511 et
936 1454 1412 1526 pubiicationibus
1437 1455 1664 1524 insuper
1689 1465 1746 1509 et
1776 1455 1919 1510 exsi-

337 1550 429 1605 liis
455 1549 723 1614 subdidit,
751 1564 863 1603 non
897 1549 1075 1602 solum
1110 1547 1404 1601 mundialis
1438 1548 1564 1601 vita:
1615 1548 1915 1617 principes,

338 1639 433 1694 sed
477 1647 534 1694 et
576 1641 866 1711 episcopos
901 1647 1122 1696 sanctos
1154 1651 1211 1695 et
1255 1637 1576 1701 monachos,
1601 1653 1816 1693 necnon
1861 1649 1917 1694 et

335 1730 557 1804 Majoris
589 1732 837 1788 ecclesia:
869 1732 1173 1804 syncellum
1199 1742 1255 1788 et
1293 1729 1636 1788 sacellarium
1662 1740 1720 1787 et
1759 1731 1918 1786 char-

2030 535 2338 590 interl'ectis
2373 551 2469 591 sex
2504 536 2768 599 millibus,
2803 537 3006 606 absque
3041 535 3397 591 multitudine
3427 536 3615 605 priva-

2028 639 2208 684 torum
2237 630 2367 701 (9|).
2399 627 2742 699 Nicephorus
2772 637 2955 682 autem
2999 629 3152 698 quasi
3197 628 3461 684 adversus
3485 639 3614 682 eum

2031 721 2192 775 tertia
2219 719 2354 774 feria
2381 721 2739 774 hebdomade:
2761 719 3018 775 salutaris
3041 720 3316 790 passionis
3343 729 3608 792 egressus

2025 811 2250 881 dignum
2285 814 2508 883 quidem
2551 826 2805 869 sermone
2836 813 2971 868 nihil
3004 815 3229 868 omnino
3269 815 3461 885 gessit.
3499 812 3614 868 Bos

2023 919 2208 966 autem
2239 912 2517 981 principes
2538 954 2551 977 ,
2580 912 2674 982 qui
2704 911 2770 965 de
2800 911 2947 967 caede
2981 910 3173 966 salvati
3197 919 3345 975 sunt,
3373 899 3619 966 verbum.

2026 1005 2216 1058 salutis
2257 1004 2585 1074 deposcunt,
2634 1021 2759 1060 cum
2838 1006 2968 1060 dare
3013 1004 3341 1074 dedignatus
3389 997 3624 1067 fuisset,

2026 1096 2091 1150 ad
2142 1097 2329 1150 hostes
2380 1097 2674 1166 confugere
2716 1096 3003 1165 compulit,
3045 1097 3189 1151 inter
3231 1110 3370 1165 quos
3392 1104 3513 1150 erat
3554 1103 3611 1150 et

2023 1188 2352 1242 Eumathius
2378 1189 2710 1257 spatharius,
2737 1188 3072 1245 mechanica:
3098 1189 3232 1244 artis
3253 1188 3609 1258 expetam).

2021 1282 2120 1331 Ast
2138 1277 2484 1346 Nicephorus
2509 1293 2618 1347 prin
2640 1278 2814 1334 multo
2837 1279 3106 1334 dedecore
3128 1278 3415 1347 jttratorils
3437 1279 3614 1332 sacris

2021 1368 2184 1439 regia
2217 1369 2341 1423 urbi
2365 1370 2708 1439 persuadere
2739 1370 3043 1440 satagebat,
3088 1381 3146 1425 ut
3183 1373 3432 1450 crederet
3461 1370 3613 1440 quod

2020 1462 2372 1518 festivitatem
2418 1464 2641 1519 Pascha:
2678 1466 2733 1519 in
2775 1466 2901 1521 aula
2951 1465 3182 1521 Crumni
3223 1460 3614 1520 celebraverit.

2019 1556 2293 1611 Praeterea
2327 1566 2453 1612 cum
2499 1558 2781 1613 civitatem
2836 1553 3141 1623 Serdicam,
3179 1570 3300 1628 qua:
3332 1558 3617 1612 destrueta

2019 1647 2456 1707 erat.mdiﬂcare
2520 1648 3286 1712 voluitset,n1ultitudinibus
3344 1649 3613 1704 resistem

2021 1739 2202 1804 tibus,
2232 1739 2451 1796 timens.
2487 1779 2500 1795 .
2541 1782 2555 1796 .
2590 1783 2606 1797 .
2637 1742 3084 1811 persuadendum
3126 1741 3305 1796 turbis
3371 1734 3610 1812 impera-

338 1825 702 1896 tuphyiacem,
731 1827 882 1880 viros
902 1825 1259 1881 rationabiles
1285 1836 1340 1881 et
1365 1826 1676 1881 reverentia
1699 1825 1912 1896 dignos.
1949 1813 1991 1868 Β
2020 1842 2198 1888 torem
2247 1835 2526 1904 postulare
2556 1848 2724 1906 super
2750 1836 3005 1892 aediﬁcio.
3037 1839 3107 1890 Αι
3148 1836 3227 1891 mi
3268 1843 3429 1890 εθῇεο
3458 1835 3610 1905 inge-

405 1920 566 1974 Anno
597 1918 816 1989 imperii
850 1919 1150 1989 Nicephori
1188 1918 1425 1988 septimo
1455 1917 1647 1973 Aaron
1668 1918 1921 1972 Arabum

337 2008 450 2065 dux
487 2018 740 2065 mortuus
761 2018 847 2064 est
881 2009 937 2064 in
964 2007 1230 2064 interiore
1262 2009 1505 2076 Perside,
1538 2022 1662 2080 quis
1688 2018 1917 2064 vocatur

335 2100 659 2169 Cbirsusan,
692 2110 750 2157 et
791 2101 1039 2172 suscepit
1063 2100 1431 2172 principatum
1475 2100 1728 2156 Maumed
1773 2101 1919 2156 ﬁlius

335 2198 457 2268 ejus
483 2195 844 2265 scrupulosus
870 2208 967 2264 per
999 2193 1208 2260 omnia,
1241 2203 1437 2250 contra
1463 2208 1628 2265 quem
1677 2193 1918 2250 Abdelas

338 2291 508 2345 frater
535 2290 655 2360 ejus
679 2287 1013 2344 seditionem
1047 2287 1334 2344 concitans
1375 2288 1625 2343 intestini
1665 2288 1793 2343 belli
1839 2287 1919 2342 fa-

336 2393 460 2440 ctus
482 2391 569 2439 est
590 2390 804 2438 auctor.
831 2376 902 2436 Et
925 2380 1057 2436 hinc
1085 2381 1144 2435 hi
1177 2381 1273 2452 qui
1304 2381 1360 2436 in
1393 2380 1554 2454 Syria
1593 2390 1650 2436 et
1685 2380 1918 2453 Egypto

335 2496 401 2536 ac
434 2478 604 2550 Libya
632 2485 816 2543 erant,
845 2478 903 2533 in
927 2476 1181 2531 diversos
1206 2475 1370 2530 incisi
1398 2475 1765 2547 principatus,
1806 2486 1915 2529 tam

335 2571 592 2643 publicas
615 2584 704 2626 res
728 2585 893 2640 quam
917 2570 1220 2625 alterutros
1264 2568 1680 2635 subverterunt,
1707 2579 1916 2624 macta-

337 2663 588 2718 tionibus
625 2672 684 2718 et
711 2663 920 2733 rapinis
957 2677 1023 2718 ac
1081 2661 1319 2718 diversis
1362 2661 1583 2734 ﬂagitiis
1615 2671 1808 2717 contra
1857 2677 1918 2717 se

336 2761 642 2823 contraque
670 2751 924 2808 subditos
947 2751 1290 2807 Christianos
1323 2751 1560 2807 confusi.
1582 2753 1661 2808 Ac
1685 2769 1785 2824 per
1814 2753 1919 2808 hoc

336 2847 606 2911 ecclesia,
641 2861 765 2916 quae
819 2846 878 2901 in
917 2855 1106 2902 sancta
1139 2845 1345 2901 Christi
1388 2845 1486 2902 Dei
1531 2847 1712 2901 nostri
1761 2853 1919 2902 erant

338 2939 585 3005 civitate,
616 2939 848 2996 desertae
873 2937 1032 2995 factae
1055 2948 1205 3004 sunt,
1240 2946 1297 2995 et
1325 2939 1658 2995 monasteria
1684 2938 1918 2994 duarum

341 3048 661 3104 magnarum
690 3033 994 3088 Laurarum
1031 3029 1168 3104 (90),
1191 3040 1395 3087 sanctae
1423 3031 1682 3087 videlicet
1710 3047 1919 3088 memo-

342 3128 437 3183 riae
465 3126 782 3199 Charitonis
815 3136 871 3182 et
899 3125 1116 3196 Cyriaei
1166 3134 1332 3195 atque
1363 3123 1422 3180 S.
1469 3123 1646 3192 Sabae,
1700 3121 1916 3180 necnon

339 3233 397 3278 et
450 3220 662 3291 reliqua
720 3220 970 3275 coeuobia
1001 3218 1099 3274 SS.
1161 3216 1442 3290 Euthymii
1493 3226 1550 3272 et
1603 3217 1926 3273 Theodosii.

341 3313 669 3370 Theodorus
696 3322 880 3367 autem
910 3311 1257 3382 hegumenus
1282 3309 1463 3365 Studii
1495 3320 1553 3366 et
1580 3310 1783 3382 Ioseph
1809 3309 1924 3364 fra-

342 3416 428 3463 ter
450 3408 590 3478 ejus,
623 3405 1077 3476 archiepiscopus
1099 3403 1630 3470 Thessalonicensis,
1661 3419 1770 3458 una
1798 3418 1928 3459 cum

343 3499 572 3556 Platone
601 3500 849 3554 inclauso
877 3507 935 3554 et
978 3498 1196 3554 caeteris
1223 3496 1511 3552 monachis
1544 3495 1662 3551 suis
1704 3512 1736 3550 a
1769 3510 1926 3563 coui-

345 3595 605 3649 munione
631 3599 984 3648 recesserunt
1006 3591 1302 3661 Nicephori
1333 3589 1668 3646 sanctissimi
1692 3588 1929 3660 patriar-

342 3686 461 3740 chae
492 3690 721 3755 propter
759 3681 963 3752 Joseph
993 3680 1425 3746 vicedominum,
1471 3681 1567 3751 qui
1601 3680 1928 3751 praevarica-

345 3777 486 3834 torie
506 3784 869 3832 coronaverat
884 3775 1305 3831 Constantinum
1321 3784 1379 3830 et
1401 3774 1928 3830 Theodotetn.'l‘unc

347 3872 692 3943 Nicephorus
749 3870 1051 3941 imperator
1120 3868 1411 3924 occasione
1468 3876 1752 3940 percepta,
1799 3882 1925 3923 cum

345 3966 636 4037 episcopos
679 3962 882 4018 multos
912 3971 968 4016 et
999 3963 1340 4032 hegumenos
1380 3966 1791 4032 congregasset,
1834 3975 1926 4031 sy-

345 4060 553 4117 nodum
581 4059 846 4114 adversus
869 4057 993 4112 ilios
1014 4054 1284 4113 celebrari
1319 4055 1604 4126 praecepit,
1639 4069 1739 4125 per
1759 4068 1926 4125 quam

348 4153 684 4210 monasterio
728 4160 784 4208 et
821 4151 958 4207 urbe
991 4148 1194 4221 dejecti
1227 4149 1426 4205 exsilio
1475 4157 1608 4204 sunt
1639 4147 1924 4216 destinati,

347 4262 536 4303 mense
559 4245 847 4310 Januario,
879 4243 1184 4298 indictione
1213 4241 1480 4299 secunda.

416 4339 624 4395 Eodem
647 4339 812 4394 etiam
842 4351 990 4392 anno
1016 4336 1147 4391 dum
1195 4350 1328 4407 roga
1362 4349 1534 4406 penes
1574 4333 1926 4390 Stromonem

348 4448 564 4488 amnem
595 4431 800 4503 populo
833 4429 1290 4493 distribueretur,
1338 4428 1618 4484 irruentes
1659 4427 1928 4498 Vulgares

2018 1925 2132 1989 nio,
2159 1933 2222 1980 ut
2251 1931 2322 1981 cx
2351 1937 2586 1996 nequam
2619 1927 2770 1982 illius
2799 1926 3370 1997 argumentationibus
3396 1925 3611 1982 submia

2017 2016 2277 2084 nistrato,
2329 2017 2741 2072 tumultuantur
2789 2018 3054 2073 adversus
3081 2033 3207 2072 eum
3245 2024 3303 2072 et
3344 2017 3614 2072 adversus

2018 2111 2300 2182 principes
2325 2126 2458 2166 suos
2497 2125 2595 2182 per
2620 2112 2788 2167 horas
2815 2127 2933 2178 sex,
2966 2119 3023 2168 et
3049 2112 3326 2166 irruentes
3349 2120 3612 2181 rumpunt

2020 2204 2369 2261 tabernacula
2400 2205 2665 2275 ipsorum.
2687 2205 2822 2261 Cum
2845 2213 3027 2260 autem
3041 2206 3510 2274 venissentusque
3540 2204 3608 2258 ad

2018 2296 2454 2368 imperatorium,
2469 2297 2689 2366 injuriis
2709 2306 2764 2352 et
2791 2296 3101 2352 maledictis
3119 2297 3267 2352 hunc
3283 2295 3613 2352 multissub-

2018 2393 2268 2458 mittunt,
2284 2391 2523 2447 ulterius
2538 2405 2597 2446 se
2608 2404 2714 2446 non
2735 2390 2970 2446 suiIerre
2983 2390 3307 2445 immensam
3323 2388 3609 2445 avaritiam

2017 2497 2074 2543 et
2091 2498 2328 2559 nequam
2351 2482 2650 2544 moliminis
2669 2489 2791 2559 ejus
2805 2488 3052 2542 animum
3072 2486 3402 2557 dejerantes.
3431 2485 3610 2540 Atille

2017 2583 2312 2651 repentino
2347 2581 2644 2636 simultatis
2693 2590 2896 2651 pavore
2948 2579 3278 2651 perterritus
3318 2579 3610 2634 surrexita

2018 2679 2226 2730 mensa.
2255 2669 2323 2730 Et
2343 2674 2527 2745 primo
2542 2674 2766 2746 quidem
2787 2691 2887 2745 per
2904 2674 3273 2744 Nieephtirum
3293 2683 3358 2726 ac
3385 2670 3609 2727 Petrum

2017 2766 2282 2837 patricios
2317 2763 2645 2836 iuramentis
2685 2773 2742 2822 et
2775 2767 3180 2836 persuadilihus
3206 2765 3391 2820 verbis
3416 2763 3611 2819 sedare

2016 2856 2321 2912 conabatur
2375 2858 2702 2913 exercitum.
2732 2857 2804 2912 At
2843 2857 2922 2914 iiii
2949 2855 3162 2912 modica
3221 2855 3406 2927 quiete
3450 2852 3610 2926 potiti

2017 2946 2310 3017 quemdam
2328 2947 2522 3002 uellem
2567 2954 2935 3018 ceperunt,“
2987 2955 3145 3003 actus
3204 2959 3368 3016 quem
3423 2959 3522 3014 per
3548 2951 3612 2999 se

2017 3037 2278 3094 mnibus
2301 3033 2584 3094 habebant
2605 3038 2763 3094 obliti
2796 3045 2949 3105 sunt,
2980 3037 3145 3109 Ky'rie'
3177 3037 3397 3104 eleison,
3430 3036 3613 3091 exclaa

2028 3139 2290 3198 mantes,
2337 3143 2402 3188 ae
2441 3115 2491 3187 si
2537 3147 2704 3203 super
2760 3133 2997 3202 quodam
3063 3137 3226 3187 terra:
3299 3137 3450 3185 motu
3498 3122 3604 3184 ιω.

2028 3224 2284 3280 hriumve
2306 3225 2552 3281 defectu.
2568 3221 2663 3280 ille
2680 3231 2865 3280 autem
2891 3231 3081 3295 utpote
3102 3232 3322 3295 semper
3349 3223 3416 3277 ad
3446 3235 3616 3278 omne

2028 3317 2233 3372 malum
2256 3327 2500 3388 paratus,
2529 3306 2889 3373 clandestinis
2919 3309 3246 3372 muneribus
3275 3315 3620 3372 noctu-mul-

2028 3410 2100 3464 tis
2135 3417 2201 3464 ex
2240 3409 2592 3480 principibus
2625 3401 2896 3480 pellectis,
2937 3407 2994 3463 in
3031 3408 3340 3463 crastinum
3373 3407 3490 3479 ipse
3512 3422 3612 3479 per

2027 3519 2088 3560 se
2129 3504 2312 3574 ipsum
2348 3502 2568 3558 medius
2618 3501 2848 3558 veniens
2889 3495 3166 3557 allocutus
3208 3505 3296 3556 est
3324 3500 3517 3556 turbas
3541 3500 3612 3556 dc

2027 3596 2177 3650 omni
2227 3580 2665 3665 tranduillitate,
2713 3604 2779 3648 ac
2824 3600 2994 3661 super
3039 3591 3238 3662 nequin
3278 3600 3406 3662 erga
3450 3597 3621 3648 natos

2027 3698 2220 3739 eorum
2265 3682 2467 3738 aii‘ectu
2520 3681 2852 3755 juramentis
2891 3682 3373 3739 horribilibuseos
3399 3683 3611 3739 certitiu-

2027 3792 2181 3844 cans,
2203 3788 2258 3834 et
2281 3778 2545 3848 continuo
2576 3778 2784 3848 regiam
2808 3776 3064 3848 pervenit
3083 3777 3150 3831 ad
3183 3776 3400 3842 urbem,
3430 3775 3612 3832 Theo-

2028 3865 2190 3922 dosio
2215 3867 2451 3938 patricio
2475 3883 2540 3923 ac
2557 3869 2968 3939 primoscrlnio,
3002 3875 3369 3940 cognomento
3400 3868 3613 3926 Saliba-

2027 3971 2150 4024 ran,
2191 3959 2412 4015 deserto
2433 3958 2502 4014 ad
2536 3959 2964 4031 perdiscendum
2990 3974 3064 4015 ex.
3081 3958 3369 4014 alterutri:
3393 3969 3490 4015 eos
3511 3959 3611 4030 qui

2029 4051 2359 4108 seditionem
2399 4053 2774 4123 patraverant.
2818 4051 3070 4122 Cumque
3108 4051 3500 4107 multitudines
3525 4061 3614 4108 re-

2027 4154 2563 4218 verter‘ehtur,r0gas
2586 4146 2670 4202 eis
2692 4145 2836 4217 apud
2857 4142 3152 4201 S.Mamam
3170 4157 3230 4201 se
3248 4145 3492 4200 tribuere
3512 4145 3614 4200 (in-

2028 4253 2188 4310 gens,
2227 4237 2471 4294 caedibus
2507 4247 2561 4294 et
2596 4238 2836 4293 tonsuris
2860 4253 2926 4292 ac
2953 4238 3159 4292 exsiliis
3197 4237 3387 4293 multis
3428 4247 3494 4292 ex
3531 4238 3616 4292 eis

2029 4332 2262 4404 punitis,
2313 4331 2695 4405 Chrysopolim
2729 4331 2973 4403 reliquos
3015 4332 3344 4398 transduxit,
3395 4332 3616 4387 caleans

2031 4435 2186 4481 tanta
2219 4435 2280 4481 et
2303 4437 2410 4482 tam
2433 4423 2724 4481 horribilia
2752 4425 3085 4496 juramenta.
3111 4422 3197 4477 llli
3227 4433 3357 4476 vero
3385 4429 3617 4493 propter

349 4528 493 4583 hanc
515 4527 860 4592 ademerunt,
890 4524 1012 4580 auri
1043 4524 1216 4579 libras
1245 4533 1468 4582 centum
1495 4531 1552 4578 et
1583 4522 1755 4585 mille,
1789 4521 1932 4576 mul-
1962 4533 2008 4589 ι)
2035 4534 2340 4576 aerumnam
2378 4519 2598 4590 igneum
2631 4513 2866 4574 ﬂuvium
2893 4528 3136 4572 meatum
3170 4516 3613 4588 appellaverunt.

351 4632 578 4693 tumque
637 4622 902 4692 populum
930 4618 1258 4674 occiderunt
1308 4629 1436 4674 eum
1467 4625 1704 4688 praetore
1763 4626 1932 4688 atque

352 4716 714 4790 principibus.
755 4714 930 4769 Erant
975 4713 1123 4768 enim
1151 4720 1212 4770 et
1253 4721 1582 4766 cancrorum
1621 4711 1930 4766 thematum

2102 4614 2263 4669 Anno
2290 4611 2513 4682 imperii
2548 4612 2634 4667 sui
2666 4620 2863 4668 Octavo
2893 4610 3245 4681 Nicephoms
3262 4617 3395 4680 post
3417 4605 3618 4680 impias

2031 4706 2556 4763 animadversiones
2572 4706 2800 4762 militias
2815 4712 3044 4776 prcrsus
3059 4703 3352 4759 hemiliare
3373 4706 3617 4759 tractans

353 4809 560 4866 ibidem
605 4807 773 4864 taxati
810 4805 1088 4877 principes
1115 4820 1229 4860 non
1259 4803 1445 4874 pauci,
1475 4803 1572 4874 qui
1598 4817 1792 4858 omnes
1819 4802 1935 4858 illic
2031 4801 2381 4858 Christianos
2400 4799 2622 4855 exsules
2657 4807 2725 4854 ex
2749 4797 2898 4854 omni
2930 4797 3172 4852 themate
3204 4795 3261 4849 in
3284 4791 3626 4850 Sciaviniam-

352 4904 584 4976 periere.
621 4901 904 4972 Ceperunt
926 4906 1109 4954 autem
1149 4906 1208 4954 et
1234 4904 1408 4954 totam
1438 4896 1736 4961 sarcinam,
1765 4904 1824 4952 et
1853 4895 1931 4952 ita
2035 4893 2157 4951 ﬁeri
2199 4893 2384 4965 jussit,
2417 4893 2617 4948 horum
2652 4900 2837 4946 autem
2869 4889 3210 4947 substantias
3260 4880 3621 4945 venumdari.

354 4996 563 5053 reversi
587 5006 740 5050 sunt.
2037 4987 2106 5042 Et
2128 4995 2251 5042 erat
2291 4985 2407 5040 hinc
2435 4999 2524 5039 res
2553 4984 2870 5053 captivitate
2899 4989 3012 5037 nun
3045 4979 3250 5046 minor,
3311 4978 3501 5034 multis
3548 4991 3620 5034 ex

425 5091 742 5161 Eodemque
765 5095 1046 5143 annoante
1073 5084 1480 5141 solamnitatem
1506 5083 1684 5140 sancti
1713 5083 1935 5139 Paschae
2040 5079 2286 5137 amuntia
2338 5075 2859 5144 blasphemantibus
2886 5083 2942 5129 et
2980 5072 3334 5127 inimicorum
3361 5071 3627 5132 Incursius

353 5184 628 5244 Crumnus
657 5183 955 5254 Vulgarum
987 5179 1120 5245 dux,
1153 5177 1270 5234 acie
1299 5183 1494 5234 contra
1521 5175 1806 5234 Serdicam
1845 5175 1935 5231 di-
2054 5171 2437 5246 poscentibus,
2462 5171 2592 5226 aliis
2617 5167 2981 5224 nihilominus
3009 5166 3160 5221 circa
3204 5163 3507 5234 parentalia
3534 5175 3623 5218 sea-

1877 5266 2114 5325 NO'LE.
3108 5263 3113 5265 ’

429 5375 541 5448 (90)
566 5374 749 5448 Laur‘a
773 5370 1192 5448 monasterium.
1223 5367 1480 5448 Synodus
1504 5368 1725 5448 Nicgnn
1747 5375 1856 5448 act.

2037 5363 2364 5448 ἀποστείλας
2416 5362 2498 5427 αις
2534 5361 2713 5416 πάντα
2754 5358 2823 5414 τὰ
2853 5357 3193 5430 μοναστήρεα
3223 5355 3320 5409 καὶ
3354 5351 3454 5414 τὰς
3482 5348 3616 5403 λαύει

356 5435 603 5504 ειἸὶὶίτο
627 5445 683 5502 S.
718 5443 874 5500 Saba:
904 5463 916 5498 :
971 5441 1037 5495 δι’
1059 5505 1067 5511 ι
1092 5435 1444 5511 Ἀναῡλξασίοψ
1480 5439 1575 5493 τοῦ
1613 5439 1802 5511 deuito;
1837 5439 1938 5511 τῆς

2043 5435 2361 5511 ραςξῇξῆξ
2454 5504 2465 5511 .
3425 5510 3431 5511 ,
3473 5492 3522 5511 η.
3566 5491 3578 5506 .

359 5492 951 5586 ξῖαξωὶξοῖύξὲιξᾶὗιῖᾎὶᾆς
978 5492 1202 5579 signa;
1235 5492 1640 5580 Memphi-astes
1685 5492 1839 5579 Sept.
1879 5492 1935 5563 iii

359 5589 549 5630 Chal-Il
631 5587 731 5630 eho
816 5586 914 5630 ἧδλη
985 5579 1449 5630 ανῇαονευθεῖσαν
1518 5575 1674 5630 ἱερὰν
1729 5579 1935 5630 λαύραν

2043 5492 2060 5507 ’
2113 5492 2226 5579 (91)
2262 5501 2469 5561 Privati
2491 5511 2850 5630 opponuntur
2869 5499 3153 5555 militibus.
3190 5494 3435 5576 Glossai:
3471 5492 3622 5546 (Sub-

2042 5590 2141 5630 τὴς
2190 5580 2218 5630 ὁ
2275 5576 2475 5630 κοινός.
2570 5577 2778 5630 rivatus
2813 5584 3084 5630 paganus,
3131 5566 3404 5630 plebeius.
3451 5561 3526 5618 ll.

356 5561 731 5658 ὃιῑζτιῖῗξῆς
757 5561 949 5658 in;
981 5561 1480 5658 insaniant“
1496 5561 1935 5658 ξξέάνῖλδιίςράφ

2042 5561 2222 5658 “id
2275 5561 2778 5658 sedc-fite!“
2813 5561 3526 5658 Pasa09_§a.9leh£i"_§:.33-

357 5631 1667 5730 3333:3321:"Addé'donfsidiiinﬁnjbaadniti.
1712 5631 1933 5730 p.
2265 5631 2515 5730 .Empers]
2573 5631 2830 5715 peritus.‘
2886 5631 3620 5730 Dosithetisu‘r‘nagisfr'i-n

361 5703 1935 5801 3311133nisi:'ﬁaEJﬁEéiﬁﬁi‘egiitismni1,3,1);estsit
2039 5703 2310 5801 ριόιεάςξο
2340 5703 2608 5788 ξ’θιρὲτιί,
2639 5730 2863 5786 gnarus,
2883 5713 3105 5801 sciens.
3148 5703 3621 5801 (dicacitatis-t1.-

359 5779 969 5892 fit}iv:il5.-:lt-I‘o‘s'cliuinr
994 5795 1292 5892 L‘inmopaii‘i
1326 5811 1394 5892 ac.
1517 5779 1848 5892 ‘Ano'tfjmus
1873 5793 1928 5892 in

2038 5793 2149 5892 tino
2179 5820 2202 5832 -
2232 5779 2472 5846 (ἔναι’αηὶ
2505 5807 2519 5843 :
2593 5779 2820 5858 expers,
2852 5779 3098 5854 ditt-ipa;
3165 5780 3260 5832 καὶ
3335 5779 3621 5848 ἔμπειρος.

358 5859 720 5930 Constantino
773 5869 974 5950 Leonis
1030 5864 1093 5923 Ρ.
1144 5869 1171 5920 ὁ
1224 5865 1279 5921 δὲ
1323 5863 1577 5936 βασιλεὺς
1646 5859 1929 5936 Ῥωμανδς
2037 5863 2089 5917 lo
