4070 6304
482 358 620 424 1415

1572 349 1976 414 ANASTASII
2033 345 2670 409 BIBLIOTIIECARII

3618 341 3750 405 1416

478 477 670 548 pulcra
696 468 1121 526 tamentantibus
1145 477 1198 524 et
1233 466 1522 523 defunctos
1546 465 1737 521 beatos
1757 478 2078 519 asseveran-
2105 465 2148 522 Α
2181 458 2408 529 quidam
2448 470 2568 514 erat
2605 459 2659 513 in
2693 443 2814 512 foro
2844 472 2909 512 ex
2943 456 3228 512 laboribus
3276 454 3390 511 suis
3422 455 3672 525 locuples
3700 466 3752 510 et

489 571 660 622 tibus.
682 565 927 618 Fuerunt
957 571 1140 616 autem
1170 574 1225 614 et
1249 561 1341 630 qui
1382 557 1695 629 suspendiis
1716 558 1800 611 usi
1824 567 1974 622 sunt,
2006 563 2067 610 ut

491 675 519 712 a
555 656 713 710 malis
760 653 1130 723 eriperentur.
1176 650 1394 704 Etenim
1448 647 1771 712 immobilia,
1802 662 1923 716 qua:
1980 645 2066 704 in-

480 756 665 812 erant,
709 745 812 799 sibi
839 758 1026 799 secum
1060 741 1203 797 ferre
1245 757 1354 795 non
1398 748 1672 810 poterant,
1726 745 1780 791 et
1810 736 2069 791 substan-

494 842 657 904 tiam,
683 854 847 909 quam
878 853 946 891 ex
979 834 1365 906 parentalibus
1394 833 1680 886 doloribus
1710 830 2072 901 possederant

480 931 756 1002 perditam
779 927 1319 998 contemplabantur,
1348 933 1401 980 ct
1427 922 1840 994 impossibilitas
1880 919 2068 974 omnis

482 1037 674 1078 omnes
692 1021 950 1076 habebat.
972 1021 1095 1074 Haec
1115 1018 1332 1088 quidem
1357 1017 1608 1071 inchoata
1632 1025 1757 1069 sunt
1773 1030 1800 1067 a
1820 1013 2069 1083 Septem-

482 1117 606 1170 brio
641 1129 852 1176 mense,
880 1127 1044 1182 porro
1088 1111 1235 1164 circa
1267 1109 1472 1163 Pascha
1513 1107 1663 1160 finita
1689 1115 1836 1160 sunt.
1861 1105 2065 1160 Secun-

485 1208 612 1260 dam
644 1220 777 1259 vero
797 1217 921 1256 cum
949 1202 1053 1255 hac
1091 1199 1437 1254 amictionem
1475 1199 1796 1261 admovens,
1826 1196 2066 1249 militare

483 1301 746 1373 praecepit
786 1312 986 1368 egenos
1030 1305 1087 1351 et
1124 1295 1325 1349 armari
1358 1294 1620 1347 adversus
1659 1291 2070 1360 compatriotas,

483 1397 737 1450 conferre
761 1391 1123 1445 nihilominus
1148 1389 1314 1443 etiam
1346 1386 1536 1441 decem
1569 1394 1622 1439 et
1658 1393 1783 1439 octo
1807 1398 1871 1436 ac
1894 1382 2062 1436 dimi-

484 1487 640 1542 dium
667 1484 943 1539 numisma
978 1498 1076 1552 per
1102 1481 1349 1551 singulos
1393 1479 1549 1544 fisco,
1594 1493 1703 1532 una
1749 1492 1873 1531 cum
1917 1475 2070 1530 omni

489 1578 846 1649 proximitate
871 1576 1077 1630 tributa
1117 1573 1358 1644 publica.
1395 1563 1638 1625 Tertiam
1668 1568 2068 1639 malignitatem

487 1669 738 1727 inferens
764 1668 926 1738 jussit
965 1664 1307 1736 perpendere
1326 1669 1382 1716 et
1405 1662 1595 1732 augeri
1623 1662 1817 1715 horum
1839 1661 2068 1724 tributa,

487 1772 541 1816 et
573 1767 836 1832 pra-stare
887 1757 1341 1812 cbartiaticorum
1384 1767 1550 1808 causa
1607 1753 1837 1824 siliquas
1887 1753 2067 1806 binas.

491 1947 679 2018 augeri
709 1945 992 2016 praecepit.
1022 1942 1225 2009 Quinta
1259 1956 1392 1995 vero
1420 1940 1712 1994 afﬂictione
1743 1939 1889 1992 illata
1922 1953 1951 1993 a
1981 1953 2074 1992 ve-

494 2040 830 2096 nerabilium
899 2037 1189 2092 domorum
1250 2032 1558 2104 inquilinis,
1617 2032 2074 2102 orphanotrophii

493 2135 714 2190 scilicet
738 2140 795 2187 et
828 2131 1206 2200 hospitalium,
1257 2128 1696 2197 gerocomiorum
1748 2135 1970 2196 quoqim
2011 2142 2075 2181 ac

497 2227 865 2284 ecclesiarum
893 2233 948 2279 et
985 2223 1451 2279 monasteriorum
1482 2221 1771 2293 regalium.
1803 2238 1901 2291 per
1957 2222 2073 2276 sin-

497 2318 654 2385 gulos
683 2314 836 2368 focos
878 2327 1078 2368 census
1123 2310 1268 2382 exigi
1296 2327 1326 2365 a
1365 2311 1544 2381 primo
1595 2311 1906 2382 tyrannidis
1955 2313 2076 2381 ejus

493 2422 640 2463 anno
669 2407 948 2476 przecepit.
979 2406 1250 2460 Caeterum
1289 2419 1534 2474 quaequze
1568 2403 1797 2461 meliora
1827 2404 2068 2459 erantin

495 2497 683 2564 rebus,
727 2497 780 2551 in
813 2497 1016 2567 regiam
1052 2495 1388 2550 curatoriam
1431 2495 1634 2550 deferri
1655 2495 1902 2567 jubebat.
1939 2496 2074 2551 Sex-

497 2601 611 2645 tam
645 2595 998 2644 commovens
1029 2587 1405 2650 afﬂictionem.
1447 2587 1644 2657 inspici
1675 2604 1704 2642 a
1748 2589 2074 2658 praetoribus

500 2681 661 2752 jubet
693 2696 791 2735 eos
822 2679 915 2750 qui
944 2696 1012 2735 ex
1049 2687 1371 2749 paupertate
1401 2687 1628 2748 repente
1663 2679 1833 2734 creati
1863 2688 2069 2743 essent,

495 2782 554 2828 et
582 2772 651 2827 ab
682 2771 769 2826 bis
807 2771 1070 2843 pecunias
1098 2771 1239 2841 exigi
1260 2770 1415 2840 quasi
1443 2770 1512 2824 ab
1540 2770 1922 2827 inventoribus
1952 2771 2075 2825 the-

495 2880 810 2921 saurorum.
863 2863 1173 2934 Septimam
1197 2878 1418 2933 quoque
1456 2862 1819 2918 adinveniens
1846 2878 1943 2918 eos
1974 2862 2070 2933 qui

498 2965 631 3012 ante
659 2956 726 3011 20
748 2971 920 3011 annos
951 2955 1298 3022 invenerant,
1329 2963 1386 3008 et
1419 2970 1594 3024 usque
1627 2954 1813 3011 adhuc
1863 2955 2070 3010 dolium

495 3055 596 3102 aut
625 3062 718 3102 vas
737 3045 1128 3116 quodcunque,
1157 3046 1419 3102 omnibus
1471 3046 1710 3117 propriis
1743 3045 1943 3115 privari
1975 3063 2070 3116 pe-

497 3139 700 3193 cuniis.
733 3138 1134 3203 0ctavam,eos
1163 3137 1257 3208 qui
1288 3153 1356 3192 ex
1383 3138 1498 3193 avis
1530 3138 1616 3192 vel
1664 3137 1914 3208 patribus
1956 3137 2071 3192 hae-

2170 553 2306 607 nihil
2343 568 2532 624 egens.
2569 552 2689 617 Quo
2718 549 2985 605 accersito
3013 549 3262 602 omnium
3317 564 3483 601 vorax
3518 549 3752 617 impera-

2172 654 2257 700 tor
2289 645 2366 699 ait
2400 663 2415 699 :
2443 644 2587 697 Pone
2615 659 2836 696 manum
2866 651 3013 695 tuam
3041 642 3095 694 in
3145 641 3339 694 vertice
3387 656 3524 703 meo,
3553 648 3603 691 et
3625 640 3755 708 jura

2169 746 2427 808 quantum
2459 737 2552 790 tibi
2579 737 2647 789 sit
2678 752 2892 790 aurum.
2919 733 3024 801 Qui
3070 749 3262 805 parum
3293 742 3551 803 tanquam
3610 733 3754 786 indi-

2168 846 2307 900 gnus
2339 844 2625 896 recusans,
2657 838 2884 883 coactus
2930 835 3014 880 est
3048 826 3117 880 ab
3156 840 3222 880 co
3279 825 3462 878 facere
3513 823 3644 881 hoc.
3705 830 3758 876 et

2170 932 2394 977 centum
2441 923 2612 976 libras
2649 938 2706 976 se
2737 920 2877 974 dixit
2910 919 3152 984 habere,
3202 933 3340 988 quas
3370 917 3566 972 eadem
3623 917 3758 970 hora

2169 1015 2431 1085 praecepit
2457 1013 2666 1080 aﬂ‘erri,
2702 1013 2895 1066 dicens
2924 1029 2939 1066 :
2972 1010 3052 1065 Tu
3086 1012 3211 1082 quid
3261 1028 3389 1081 opus
3419 1010 3576 1063 habes
3611 1009 3761 1063 solli.

2171 1107 2372 1160 citari?
2406 1107 2610 1178 prande
2643 1121 2865 1171 mecum,
2889 1114 2937 1158 et
2971 1103 3096 1158 tolle
3138 1103 3298 1157 libras
3329 1102 3528 1168 dct'ii'm,
3582 1111 3634 1156 et
3681 1102 3758 1156 his

2170 1199 2302 1252 vade
2335 1207 2630 1251 contentus.

2241 1293 2401 1345 Anno
2444 1291 2659 1360 imperii
2692 1290 2778 1344 sui
2805 1304 2952 1344 nono
2975 1287 3322 1359 Nicephorus
3361 1299 3554 1344 contra
3595 1288 3758 1344 Chri-

2173 1385 2384 1439 stianos
2417 1383 2843 1438 adinventiones
2875 1382 3145 1448 extendit,
3200 1383 3577 1452 inspectiones
3640 1384 3757 1436 sine

2161 1478 2283 1532 .Deo
2310 1478 2362 1532 in
2400 1477 2772 1547 emptionibus
2820 1476 3205 1540 animantium.
3260 1476 3606 1529 diversorum
3668 1491 3759 1544 pa-

2174 1570 2433 1625 bulorum
2463 1587 2526 1624 ac
2559 1569 2836 1624 frdctuum
2872 1569 3127 1639 injustas,
3181 1567 3523 1621 titulationes
3575 1575 3633 1620 et
3679 1567 3760 1637 ja-

2173 1673 2361 1716 cturas
2382 1662 2716 1733 principum,
2751 1662 3124 1718 fenerationcs
3155 1659 3213 1715 in
3246 1659 3501 1724 navibus,
3526 1661 3620 1730 qui
3645 1676 3766 1714 om-

2174 1755 2339 1810 nibus
2403 1754 2580 1823 legem
2645 1754 2886 1824 ponebat
2937 1769 3006 1808 ne
3053 1754 3119 1808 ad
3175 1769 3399 1808 usuram
3457 1753 3763 1822 quidquam

397 1841 401 1846 ’
490 1855 560 1910 Et
605 1853 674 1906 ad
733 1859 985 1922 quartam
1048 1849 1352 1918 nequitiam
1409 1863 1562 1902 suam
1618 1845 1829 1899 reditus
1882 1859 2072 1899 omnes
2105 1840 2147 1899 B
2181 1847 2543 1909 tribueretur,
2573 1854 2629 1900 et
2653 1846 2756 1900 alia
2779 1845 2920 1901 dena
2944 1846 3401 1900 milliamalorum
3425 1856 3765 1912 commenta,

2189 1951 2425 2008 quorum
2463 1938 2818 2008 particularis
2854 1939 3085 1993 historia
3121 1953 3354 1992 onerosa
3407 1947 3492 1992 cst
3546 1937 3632 1992 his
3667 1939 3764 2008 qui

2175 2029 2598 2100 compendiosas
2630 2029 2844 2085 discere
2877 2046 3071 2085 causas
3122 2031 3442 2100 exquirunt.
3498 2030 3618 2083 Kal.
3667 2045 3767 2082 au-

2182 2133 2290 2177 tem
2320 2123 2674 2188 Octobribus,
2709 2124 2873 2177 tertia
2908 2123 3068 2187 feria,
3093 2124 3381 2193 evaginato
3401 2122 3627 2191 quidam
3653 2121 3759 2176 dis-

2177 2219 2387 2288 sipatus
2412 2217 2467 2270 in
2498 2216 2691 2271 habitu
2723 2217 2976 2271 monachi
3009 2216 3191 2288 gladio
3212 2216 3498 2287 cujusdam
3521 2213 3766 2269 militan—

2181 2315 2316 2368 tium
2351 2311 2599 2368 cucurrit
2640 2311 2694 2365 in
2724 2312 3013 2381 palatium,
3046 2311 3419 2381 Nicephorum
3449 2307 3766 2364 interficere

2182 2419 2458 2475 quaerens.
2493 2404 2612 2458 Duo
2641 2419 2772 2457 vero
2805 2418 2872 2458 ex
2908 2402 2993 2456 his
3023 2401 3118 2472 qui
3170 2399 3632 2463 circumstabant,
3691 2399 3768 2453 ir-

2177 2507 2404 2552 ruentes
2439 2494 2497 2550 in
2533 2511 2684 2558 eum,
2719 2495 2989 2550 atrociter
3036 2494 3317 2549 vulnerati
3366 2503 3495 2549 sunt
3524 2492 3595 2547 ab
3647 2492 3764 2547 illo.

2109 2623 2138 2646 ι,
2174 2588 2624 2658 Comprehensos
2661 2597 2848 2642 autem
2880 2594 2936 2643 et
2967 2587 3159 2641 multis
3201 2587 3378 2656 poenis
3404 2585 3636 2641 aﬂ'cctus
3666 2601 3770 2640 ero

2177 2682 2390 2737 eusavit
2421 2697 2500 2747 se,
2556 2680 2891 2737 daemonium
2947 2681 3155 2736 habere
3210 2680 3583 2751 praetendens,
3640 2681 3757 2734 nul-

2177 2776 2405 2845 lumque
2431 2789 2663 2845 prorsus
2705 2788 2992 2829 accusans.
3023 2771 3094 2828 At
3144 2772 3237 2827 ille
3293 2772 3443 2827 hunc
3495 2771 3550 2825 in
3615 2770 3767 2842 ligno

2177 2865 2423 2921 munivit
2451 2881 2576 2920 cum
2608 2865 2976 2936 patientibus.
3029 2863 3185 2920 Multi
3217 2879 3350 2934 ergo
3374 2864 3640 2935 deinceps
3670 2880 3768 2919 au-

2177 2957 2355 3030 gurati
2385 2965 2536 3023 sunt,
2565 2957 2811 3013 enormis
2841 2956 2960 3013 fore
2990 2958 3119 3013 mali
3154 2957 3263 3013 hoc
3289 2957 3505 3029 signum
3542 2972 3762 3012 asseve-

2178 3059 2367 3104 rantes
2399 3057 2510 3104 tam
2545 3049 2952 3119 imperantibus
2978 3065 3145 3120 quam
3178 3049 3460 3122 subjectis,
3494 3049 3766 3120 quemad-

2178 3143 2403 3198 modum
2429 3143 2561 3198 etin
2590 3141 2759 3214 impio
2792 3142 3044 3198 Nestorio
3072 3139 3277 3198 factum
3302 3150 3407 3198 est.
3439 3142 3771 3197 Manichaeo-

501 3229 880 3286 reditaveraut
931 3239 988 3285 et
1035 3229 1213 3285 divisa
1257 3230 1565 3285 substantia
1627 3245 1898 3301 pauperes
1948 3230 2147 3294 factic
2180 3252 2304 3292 rum
2355 3252 2530 3301 vero,
2589 3236 2687 3306 qui
2767 3251 2919 3291 nunc
2985 3235 3290 3292 Pauliciani
3357 3244 3414 3292 et
3469 3236 3768 3306 Athingani

499 3322 742 3388 fuerant,
771 3338 835 3377 ex
863 3322 1071 3377 eisdem
1099 3321 1261 3377 annis
1286 3321 1356 3376 20
1397 3323 1828 3378 redhibitionem
1855 3322 2080 3392 publico

504 3414 754 3485 prabere
778 3414 1030 3486 jubebat.
1081 3413 1152 3468 Et
1180 3429 1277 3468 eos
1317 3413 1414 3484 qui
1458 3424 1711 3470 emerant
1741 3425 1900 3470 extra
1935 3417 2083 3488 Aby—

499 3487 632 3560 dum
658 3521 889 3576 corpora
915 3506 1159 3571 servilia,
1186 3506 1316 3562 bina
1349 3507 1681 3561 nomismata
1713 3507 1768 3563 in
1813 3487 2080 3566 tributum

501 3599 636 3655 dare
683 3599 967 3670 praecepit,
1027 3600 1264 3654 maxime
1316 3599 1440 3654 illos
1491 3601 1586 3670 qui
1639 3601 1694 3655 in
1741 3603 2082 3658 Dodecaniso

500 3700 677 3748 erant.
711 3690 945 3754 Nonam,
979 3703 1286 3752 nauccros,
1319 3691 1410 3762 qui
1439 3690 1763 3746 habitabant
1784 3692 2080 3758 maritima,

500 3777 578 3840 et
615 3781 848 3838 maxime
938 3784 1168 3838 minoris
1239 3783 1418 3850 Asiae,
1497 3801 1776 3855 nunquam
1862 3795 2082 3843 terreno

501 3876 692 3933 labore
727 3876 999 3941 viventes,
1045 3891 1232 3931 emere
1285 3877 1354 3932 de
1396 3877 1566 3933 rebus
1596 3894 1719 3949 qua:
1737 3879 1809 3934 ab
1848 3880 1944 3936 illo
1995 3897 2085 3936 ra-

501 3969 799 4041 piebantur
851 3969 1136 4039 cogebat,
1173 3978 1456 4040 utcunque
1518 3973 1964 4042 appretiarentur
2014 3975 2083 4030 ab

505 4059 647 4132 ipso.
678 4059 1319 4132 Decimam,insignibus
1359 4061 1919 4134 Constantinopoleos
1948 4081 2086 4121 nau-

505 4152 698 4210 cleriis
721 4151 972 4208 collectis
1011 4152 1164 4208 dedit
1197 4153 1266 4208 ad
1296 4169 1524 4209 usuram
1574 4165 1814 4226 quatuor
1845 4157 2074 4228 siliqua-

504 4259 630 4298 rum
663 4244 956 4309 numisma,
984 4259 1111 4299 cum
1151 4246 1274 4300 auri
1315 4247 1580 4302 librarum
1613 4249 1907 4305 duodecim
1955 4267 2084 4322 per-

505 4335 812 4400 solverent,
859 4335 1024 4389 simul
1063 4345 1120 4390 et
1155 4346 1422 4392 consueta
1464 4341 1818 4396 commercia.
1847 4341 1975 4398 Haec
2017 4359 2086 4398 ex

508 4426 697 4481 multis
735 4426 868 4482 mihi
909 4429 1224 4484 summatim
1277 4445 1451 4501 pauca
1482 4431 1762 4505 descripta
1807 4445 1957 4505 sunt,
2010 4438 2088 4491 si—

507 4517 792 4588 gnificanti
825 4518 1213 4574 multimodum
1268 4500 1389 4592 ejus
1442 4521 1511 4576 ad
1563 4500 1786 4579 omnem
1842 4500 2082 4595 speciem

508 4610 759 4665 avaritiae
790 4611 1074 4667 molimen.
1107 4610 1237 4677 Quae
1265 4612 1414 4667 enim
1439 4612 1494 4667 in
1525 4614 1677 4685 regia
1708 4615 1846 4670 urbe
1877 4616 2087 4687 primo-
2120 4589 2162 4643 θ

510 4701 667 4756 ribus
699 4702 1072 4759 mediocribus
1114 4714 1172 4760 et
1222 4706 1438 4777 exiguis
1489 4715 1712 4764 ostensa
1755 4719 1883 4764 sunt
1922 4711 2086 4777 mala,

510 4804 796 4864 nequeunt
839 4797 1030 4862 scribi,
1067 4798 1204 4853 alios
1226 4799 1448 4869 quidem
1470 4814 1536 4856 eo
1564 4801 1928 4872 investigante
1956 4817 2091 4874 qua-

507 4886 639 4942 liter
665 4887 816 4942 domi
867 4888 1137 4958 viverent,
1190 4906 1255 4946 ac
1305 4893 1667 4947 submittente
1723 4894 2086 4965 malignorum

510 4977 782 5047 quosdam
835 4993 1123 5034 servorum
1175 4980 1476 5053 derogandi
1507 4982 1770 5046 dominis,
1802 4994 1860 5039 et
1889 4984 1946 5039 in
1975 4986 2092 5056 ιιι-ἱ-

511 5070 746 5126 mordiis
772 5073 929 5143 quasi
963 5072 1250 5130 dubitante
1273 5091 1442 5147 super
1464 5077 1550 5132 his
1573 5093 1696 5147 quae
1737 5077 2090 5144 dicebantur:

512 5163 714 5220 deinde
757 5180 889 5221 vero
928 5164 1234 5222 afﬁrmante
1287 5170 1639 5225 calumniam.
1671 5171 1732 5226 Id
1782 5171 1960 5242 ipsum
1993 5190 2094 5228 au-

513 5266 624 5312 tem
651 5266 708 5312 et
737 5273 903 5329 super
935 5260 1272 5330 ignobilibus
1289 5263 1534 5331 gerebat,
1562 5263 1759 5335 dignos
1783 5265 2091 5321 honoribus

508 5349 763 5420 judicans
805 5351 1182 5409 detrahentes.
1222 5355 1495 5410 Praeterea
1546 5356 1836 5412 domorum
1886 5359 2092 5417 multos

515 5444 889 5499 habitatorum
918 5461 946 5500 a
974 5445 1146 5516 prima
1173 5447 1226 5501 in
1253 5449 1470 5503 tertiam
1514 5450 1919 5520 generationem
1955 5453 2094 5508 sub-

515 5536 790 5601 vertebat,
827 5552 922 5607 spe
949 5537 1125 5594 fretus
1154 5541 1299 5610 quod
1328 5551 1537 5611 quanto
1566 5543 1806 5599 celerius
1839 5556 2091 5612 ruerent,

517 5637 672 5683 tanto
709 5627 808 5684 has
844 5631 961 5701 ipse
995 5630 1139 5687 foret
1167 5633 1491 5689 haereditate
1511 5635 1677 5691 citius
1705 5652 2091 5707 possessurus.

517 5720 753 5790 Dignum
784 5734 970 5780 autem
1004 5734 1090 5780 est
1113 5735 1175 5780 ut
1203 5733 1260 5780 et
1293 5726 1399 5781 hoc
1432 5743 1600 5782 causa
1648 5729 1948 5799 voluptatis
1995 5747 2095 5786 seu

514 5814 910 5888 paradigmatis
948 5819 1228 5876 memoriae
1254 5820 1726 5878 commendemus.
1775 5821 2098 5883 Cerularius

2182 3329 2467 3395 dicuntur,
2495 3329 2702 3400 quique
2730 3329 2786 3384 in
2819 3328 3054 3401 Phrygia
3083 3337 3142 3384 et
3164 3328 3437 3400 Lycaonia
3481 3329 3769 3384 constituti

2182 3421 2431 3477 confines
2469 3429 2525 3475 et
2554 3419 2722 3474 vicini
2750 3422 2871 3490 ejus
2893 3419 3266 3484 habebantur,
3300 3419 3513 3474 amicus
3546 3418 3770 3474 ferven-

2183 3514 2440 3569 tissimus
2463 3520 2603 3579 erat,
2645 3514 2930 3584 responsis
2963 3529 3156 3568 eorum
3212 3527 3432 3577 semper
3460 3519 3518 3567 et
3567 3513 3769 3566 immo-

2182 3607 2486 3663 lationibus
2515 3607 2950 3678 congratulatus,
3011 3605 3068 3661 in
3132 3605 3359 3677 quibus,
3423 3613 3480 3661 et
3547 3604 3772 3675 quando

2185 3697 2470 3753 Bardanus
2500 3697 2769 3768 patricius
2794 3706 2990 3752 contra
3015 3712 3073 3752 se
3104 3695 3432 3763 insurrexit,
3468 3695 3557 3751 bis
3597 3695 3771 3751 advo-

2186 3791 2326 3847 catis
2357 3790 2509 3845 hunc
2541 3790 2925 3846 molitionibus
2957 3790 3203 3862 ipsorum
3255 3790 3493 3861 subegit.
3526 3789 3774 3844 Taurum

2187 3884 2395 3955 quippe
2431 3883 2488 3938 in
2535 3881 2775 3952 quodam
2818 3883 2942 3938 lacu
2978 3883 3159 3938 ferreo
3197 3883 3323 3953 palo
3353 3883 3614 3938 cornibus
3651 3883 3774 3939 alli-

2188 3990 2323 4048 gans
2358 3974 2424 4030 ad
2460 3983 2664 4029 terram
2694 3975 3078 4041 incurvatum,
3116 3975 3198 4029 sic
3250 3975 3383 4029 dum
3435 3975 3674 4047 mugiret
3720 3985 3779 4032 et

2185 4067 2538 4122 volutaretur
2566 4065 2749 4121 occidi
2788 4065 2946 4132 fecit,
2992 4066 3269 4138 hujusque
3299 4077 3509 4123 vestem
3538 4067 3594 4122 in
3631 4068 3776 4124 mola

2187 4175 2348 4216 versa
2366 4161 2488 4214 vice
2521 4160 2735 4215 molens
2759 4168 2816 4214 et
2833 4159 3310 4216 incantationibus
3330 4177 3467 4217 usus
3485 4160 3778 4218 victoriam

2189 4255 2335 4318 tulit,
2367 4253 2720 4324 permittente
2751 4253 2862 4308 Deo
2878 4262 3106 4324 propter
3131 4253 3545 4311 multitudinem
3585 4272 3781 4328 pecca-

2189 4356 2371 4402 torum
2395 4356 2730 4402 nostrorum.
2749 4345 2844 4400 Isti
2871 4347 3052 4402 locum
3077 4347 3180 4402 sub
3200 4349 3434 4419 imperio
3457 4350 3579 4422 ejus
3593 4351 3778 4421 adepti

2189 4451 2320 4496 sunt
2372 4439 2647 4510 intrepide
2674 4441 3077 4509 conversandi;
3111 4443 3258 4499 unde
3292 4443 3453 4499 multi
3508 4445 3778 4500 leviorum

2194 4531 2439 4588 infandis
2489 4547 2686 4587 eorum
2714 4534 2966 4604 corrupti
2993 4545 3124 4590 sunt
3153 4535 3341 4592 sectis.
3368 4535 3430 4592 In
3478 4537 3782 4595 Exacionio

2193 4637 2328 4677 vero
2381 4621 2604 4692 quidam
2666 4621 2839 4678 falsus
2889 4624 3129 4680 eremita
3153 4625 3412 4682 Nicotaus
3457 4628 3683 4683 nomine
3723 4638 3784 4685 et

2197 4713 2422 4783 quidam
2450 4727 2576 4768 eum
2603 4728 2670 4768 eo
2693 4714 2998 4784 blasphemi
3031 4714 3162 4771 facti
3195 4714 3418 4771 fuerant
3444 4717 3613 4772 etiam
3643 4719 3783 4774 recti

2197 4807 2473 4861 sermonis
2521 4805 3036 4878 venerabiliumque
3097 4808 3402 4880 imaginum
3454 4810 3781 4877 adversarii,

2196 4915 2338 4969 quos
2371 4899 2719 4970 Nicephorus
2752 4899 3123 4969 defendebat,
3157 4912 3217 4959 ct
3270 4919 3548 4958 summum
3602 4919 3787 4960 sacer-

2191 4990 2376 5046 dotem
2427 5007 2733 5062 omnesque
2759 4993 3065 5050 secundum
3097 4995 3270 5050 Deum
3301 4995 3553 5052 viventes
3596 4997 3785 5054 tristes

2188 5083 2293 5138 hac
2319 5099 2421 5154 pro
2446 5100 2612 5140 causa
2643 5085 2930 5143 reddebat.
2951 5087 3106 5159 Saepe
3126 5105 3370 5160 namque
3393 5090 3662 5148 adversus
3688 5109 3785 5148 eos

2188 5175 2599 5245 queritantibus
2621 5178 2939 5249 indignatus
2958 5189 3062 5245 est,
3087 5180 3408 5237 inimicitias
3425 5182 3663 5238 invicem
3689 5201 3787 5241 co-

2186 5269 2522 5338 agitantihus
2573 5270 2734 5326 valde
2782 5274 3202 5343 congratularis,
3241 5274 3503 5331 deridens
3562 5291 3787 5333 omnem

2196 5359 2569 5418 Christianum
2589 5363 2899 5433 proximum
2932 5367 3251 5438 diligentem
3271 5369 3442 5425 veluti
3468 5370 3785 5427 divinorum

2200 5454 2582 5510 mandatorum
2607 5473 2834 5513 eversor
2858 5477 2872 5524 ;
2894 5459 2983 5514 cui
3002 5461 3246 5516 studium
3278 5473 3399 5518 erat
3414 5464 3624 5534 judicia
3653 5465 3789 5521 irra-

2199 5550 2485 5604 tionabilia
2515 5551 2933 5609 etrationabilia
2963 5564 3153 5610 contra
3177 5572 3397 5612 omnem
3428 5558 3708 5615 hominem
3729 5561 3787 5617 in

2204 5642 2514 5713 Magnauraa
2539 5647 2784 5715 ptenalio
2832 5649 3237 5716 commovendi,
3272 5666 3396 5723 qua:
3425 5668 3588 5708 nemo
3624 5669 3790 5710 vaca-

2203 5745 2287 5789 ret
2313 5751 2475 5807 agere
2509 5737 2773 5794 adversus
2826 5739 3137 5810 impietates
3162 5741 3302 5812 ejus.
3340 5743 3589 5817 Denique
3640 5747 3787 5802 mili-

2204 5835 2352 5884 tares
2374 5828 2657 5909 principes
2696 5845 2850 5889 more
2883 5848 3169 5892 servorum
3202 5837 3282 5894 uti
3310 5837 3588 5911 episcopis
3619 5849 3673 5896 et
3702 5841 3789 5898 in.
