4070 6304
399 422 535 497 ιω

1516 410 1913 473 ANASTASII
1956 405 2587 472 BIBLlOTHECARII

3551 394 3690 464 1420

397 536 544 595 enim
570 532 824 604 qui-ante
852 527 1282 598 seaimperarunt
1308 521 1705 579 ambitionibus
1741 528 1799 574 et
1825 518 1989 573 luxu-
2020 523 2062 578 Α
2095 515 2454 572 indicabitur.
2486 514 2658 572 Porro
2703 512 3052 583 Nicephorus
3079 511 3390 584 patriarcha
3415 510 3687 585 scriptum

400 633 503 697 riis
533 636 701 700 atque
733 623 1041 684 barbaricis
1073 617 1500 678 crudelitatibus
1539 608 1867 686 superavit;
1918 609 1986 667 de

400 724 604 797 quibus
634 735 737 793 per
762 718 976 790 singula
1004 715 1266 788 prosequi
1294 721 1351 768 et
1390 710 1629 782 posteris
1661 704 1988 762 incredibile

398 827 460 878 et
484 816 650 877 nobis
686 815 795 870 erit
829 811 1191 871 laboriosum.
1223 807 1624 864 Nerumtamen
1655 817 1722 858 ex
1773 799 1988 855 fimbria

420 922 624 970 extura
671 906 984 970 manifesta,
1027 905 1180 976 juxta
1230 899 1606 975 proverbium.
1646 895 1993 950 'Vulneratur

404 1017 588 1064 autem
607 1012 664 1060 et
687 997 1178 1060 Stauraciustilius
1201 996 1322 1066 ejus
1347 992 1660 1064 periculose
1685 990 1740 1043 in
1767 987 1991 1042 dextera

406 1097 534 1157 solli
571 1104 752 1169 parte,
786 1102 842 1151 et
877 1092 972 1149 vix
1003 1106 1035 1146 a
1077 1103 1259 1160 pugna
1293 1087 1464 1143 .vivus
1503 1082 1694 1146 exivit,
1736 1092 1792 1136 ct
1840 1077 1994 1134 venit

408 1188 861 1261 Hadrianopolim
909 1187 1228 1243 atrocitera
1273 1183 1430 1256 plaga
1475 1179 1877 1250 eolapbizatus.
1925 1174 1995 1228 At

407 1301 543 1343 vero
574 1283 891 1354 Stephanus
912 1277 1181 1350 patricius
1202 1286 1258 1332 et
1285 1274 1600 1332 scholarum
1634 1268 1993 1333 domesticus,

406 1391 536 1436 cum
576 1376 795 1432 adesset
817 1387 1038 1444 quoque
1058 1368 1413 1429 Theoctistus
1441 1364 1718 1437 magister,
1750 1375 1998 1431 pronun—

409 1470 568 1530 tiavit
599 1465 945 1526 Stauracium
969 1465 1375 1535 imperatorem
1405 1476 1420 1526 ;
1470 1466 1531 1514 et
1566 1453 1871 1526 disputavit
1897 1467 1997 1523 po-

409 1566 564 1639 pulo,
598 1563 694 1636 qui
731 1562 975 1622 salvatus
1003 1558 1203 1623 fuerat,
1230 1549 1750 1622 contraproprium
1785 1555 1996 1618 patrem

411 1675 572 1725 suum
604 1676 622 1725 ,;
658 1655 753 1730 qui
781 1653 986 1726 oppido
1012 1649 1445 1709 delectatisunt.
1469 1643 1706 1702 Michael
1736 1657 1867 1696 sane
1901 1654 2000 1693 cu-

410 1750 732 1823 ropalatius,
770 1748 974 1804 illusus
1001 1735 1679 1814 exsuperans,admodum
1708 1734 1775 1789 ab
1810 1732 2002 1788 amicis

411 1852 636 1917 rogatus
654 1851 742 1901 est
758 1849 823 1895 ut
837 1839 1140 1912 imperator
1156 1835 1627 1909 appellaretur,et
1644 1838 1753 1885 non
1779 1828 2002 1885 admisit

410 1939 484 1994 ob
517 1938 832 2010 juramenta
867 1931 1108 2004 praestita
1139 1927 1646 2000 Nicephoroatque
1687 1921 1996 1979 Stauracio.

411 2030 555 2089 lluic
613 2028 930 2099 Stephanus
983 2023 1325 2083 domesticus
1369 2019 1676 2078 resultabat
1728 2033 1826 2089 spe
1875 2017 2001 2072 vitae

414 2123 710 2182 Stauracii.
750 2119 1102 2182 Theoctistus
1123 2131 1268 2174 vero
1299 2113 1559 2190 magister
1588 2110 1871 2182 satagebat
1900 2125 2002 2180 pro

413 2219 648 2291 imperio
687 2214 992 2272 Michaelis.
1047 2213 1219 2268 Porro
1260 2207 1583 2267 Stauracius
1631 2220 1732 2277 per
1783 2203 2000 2258 urinam

414 2313 683 2386 sanguine
727 2311 1127 2365 immensurate
1166 2308 1561 2375 prorumpente
1587 2298 1884 2356 -.rarel'.aetus
1917 2303 2004 2351 est

411 2394 720 2466 femoribus
753 2401 919 2460 simul
956 2407 1017 2456 et
1055 2397 1230 2464 tibiis,
1273 2395 1411 2457 adeo
1450 2402 1513 2450 ut
1551 2392 1748 2465 phorio
1787 2391 2004 2446 veniret

413 2497 762 2574 Byzantium.
815 2493 974 2553 Hunc
1029 2489 1378 2561 Nicephorus
1437 2484 1751 2558 patriarcha
1818 2483 2003 2539 valido

393 2607 606 2653 .amans
625 2591 849 2651 affectu.
875 2586 1170 2645 consilium
1196 2583 1361 2639 dabat
1384 2582 1436 2637 ei
1458 2592 1519 2638 ut
1539 2581 1711 2636 Deum
1737 2578 1999 2650 placaret,

411 2694 471 2741 et
504 2699 600 2740 eos
625 2681 720 2754 qui
750 2680 982 2737 avaritia
1027 2675 1350 2749 praegravati
1386 2681 1577 2732 essent
1615 2688 1647 2727 a
1691 2677 1849 2744 patre
1894 2686 1997 2727 suo

411 2777 815 2835 consolaretur.
858 2771 942 2828 Ad
994 2785 1160 2843 quem
1197 2768 1416 2840 paterni
1464 2781 1663 2824 sensus
1707 2779 2004 2838 germanus

413 2869 594 2926 heres
643 2866 865 2923 dicebat
895 2879 1008 2920 non
1044 2877 1117 2918 se
1169 2876 1334 2933 posse
1373 2861 1499 2932 plus
1543 2859 1727 2916 tribus
1766 2857 2002 2914 reddere

396 2960 664 3018 talentis.
698 2959 829 3016 llaec
877 2964 1068 3013 autem
1093 2961 1224 3011 erat
1253 2953 1414 3011 exilis
1448 2969 1578 3025 pars
1608 2951 2002 3024 injustitiarum

416 3054 568 3116 illius
599 3072 612 3108 :
665 3059 1049 3108 verumtaen
1080 3058 1136 3105 et
1169 3047 1318 3105 circa
1348 3047 1466 3103 haec
1493 3043 2004 3118 ,pigritahaturpvi-

413 3163 550 3207 vere
565 3146 767 3205 ﬁdens.
801 3144 938 3201 Cum
979 3149 1168 3199 autem
1213 3140 1394 3198 foedus
1420 3139 1692 3196 illibatum
1722 3152 1878 3194 more
1905 3153 2004 3208 pa-

2090 625 2118 664 a
2148 607 2413 669 Michaele
2441 606 2686 679 prepria:
2718 621 2914 661 manus
2951 606 3134 675 exegit
3171 605 3240 664 de
3271 616 3421 662 recta
3459 605 3593 668 fide.
3633 615 3692 662 et

2090 714 2156 759 ut
2180 703 2597 776 sinesanguine
2624 719 2875 764 manusa
2891 702 3222 764 Christianis
3247 711 3517 769 servaret,
3541 719 3608 760 ac
3621 703 3689 759 de

2092 799 2265 853 sacris
2294 796 2619 856 hominibus
2651 812 2745 852 seu
2779 797 3067 853 monachis
3093 806 3149 852 et
3174 804 3289 855 toto
3309 796 3691 856 ecclesiastico
3716 812 3719 818 ί

2093 891 2369 963 catologo,
2406 906 2478 948 ne
2513 900 2942 961 porcuterentur
2971 890 3039 946 ab
3068 891 3182 946 illo.

2163 984 2322 1040 Anno
2377 983 2566 1054 itaque
2631 984 2825 1038 mundi
2866 982 3216 1040 .conditionis
3274 982 3435 1050 63.04,
3489 983 3696 1043 divinae

2095 1076 2499 1134 incarnationis
2531 1091 2674 1132 anno
2710 1075 3149 1138 smn-mensibus
3178 1085 3325 1144 octo,
3358 1077 3448 1132 die
3471 1078 3693 1148 quinta,

2096 1169 2230 1225 hora
2271 1169 2470 1241 prima,
2520 1169 2824 1226 indictione
2872 1169 3090 1240 quinta,
3139 1169 3371 1225 Michael
3409 1171 3697 1242 piissimus

2099 1267 2447 1337 curopalates
2486 1268 2795 1339 appellatus
2843 1275 2927 1324 est
2971 1269 3275 1338 imperator
3309 1268 3692 1328 Romanorum

2100 1359 2156 1413 in
2175 1359 2583 1431 .llippodromio
2608 1377 2638 1415 a
2673 1369 2786 1415 toto
2818 1370 3010 1416 senatu
3053 1374 3218 1431 atque
3244 1361 3562 1426 ordinibus,
3599 1362 3695 1432 qui

2101 1450 2397 1521 imperavit
2440 1453 2600 1509 annis
2644 1453 2883 1508 duobus.
2929 1452 3258 1509 Stanracius
3288 1462 3485 1515 autem
3529 1455 3697 1527 hujus

2095 1539 2498 1602 acclamatione
2521 1547 2708 1602 audita
2745 1547 2927 1603 statim
2961 1562 3176 1605 comam
3207 1548 3464 1615 totondit,
3491 1559 3547 1604 et
3579 1566 3698 1605 mo-

2103 1637 2352 1693 nachicis
2377 1638 2749 1694 circumdatus
2772 1650 2858 1694 est
2880 1640 3223 1700 vestimentis
3253 1656 3352 1710 per
3379 1638 3695 1698 Simeonem

2103 1730 2460 1794 monachum,
2516 1740 2813 1803 cognatum
2869 1749 3053 1796 suum,
3103 1733 3271 1794 valde
3318 1734 3696 1804 patriarcbam

2091 1823 2428 1894 implorans.
2461 1823 2564 1892 Qui
2596 1826 2829 1881 veniens
2859 1826 2925 1884 .in
2955 1827 3220 1898 palatium
3252 1827 3488 1882 multum
3529 1827 3697 1883 Stati-

2097 1918 2318 1972 racium
2355 1933 2462 1973 una
2507 1933 2632 1974 cum
2672 1919 3006 1992 imperatore
3038 1921 3303 1983 Michaele
3329 1923 3579 1994 rogabat,
3629 1939 3699 1979 ne

2106 2009 2425 2066 tristaretur
2461 2027 2628 2083 super
2655 2029 2723 2069 eo
2751 2014 2900 2084 quod
2949 2014 3154 2070 factum
3203 2024 3291 2071 est
3323 2034 3335 2069 :
3393 2033 3503 2071 non
3549 2018 3696 2072 enim

2101 2117 2204 2174 per
2234 2104 2485 2172 insidias,
2516 2106 2614 2162 sed
2647 2123 2744 2177 per
2784 2108 3229 2180 desperationem
3261 2110 3388 2166 vitae
3428 2110 3603 2182 ipsius
3645 2111 3700 2167 id

2103 2205 2318 2268 gestum
2337 2200 2724 2256 asseverabat.
2753 2201 2822 2256 At
2862 2202 2954 2257 ille
2987 2203 3248 2272 nequitiae
3272 2212 3519 2273 paternae
3544 2205 3701 2260 rabie

2102 2289 2295 2348 furens
2321 2308 2429 2348 non
2465 2293 2771 2364 acquievit,
2790 2294 2984 2351 dicens
3003 2296 3080 2354 ,ad
3103 2312 3229 2351 eum
3258 2297 3538 2352 :Amicum
3585 2314 3698 2353 me-

2106 2383 2400 2443 lioremne
2425 2403 2528 2442 non
2560 2388 2792 2443 habebis.
2824 2386 2970 2450 liora
2999 2404 3134 2446 vero
3171 2389 3280 2446 diei
3312 2399 3508 2461 quarta
3537 2405 3700 2449 coro-

2104 2486 2269 2535 natus
2297 2490 2382 2536 est
2408 2480 2641 2538 Michael
2658 2497 2688 2536 a
2706 2482 3019 2553 Nicephoro
3043 2483 3360 2555 patriarcha
3382 2484 3436 2539 in
3464 2485 3702 2542 amboue

2104 2569 2318 2641 Magna:
2339 2571 2610 2638 ccclesite,
2643 2571 2698 2628 in
2729 2589 2840 2644 quo
2873 2590 3069 2646 magna
3104 2576 3400 2635 exsultatio
3431 2576 3576 2630 facta
3593 2587 3697 2642 est,

2103 2673 2160 2721 et
2205 2664 2433 2721 donavit
2464 2666 2801 2738 patriarcha:
2837 2669 2958 2723 auri
3001 2669 3173 2725 libras
3211 2670 3615 2741 quinquaginta
3645 2679 3704 2728 et

2090 2757 2254 2814 clero
2275 2758 2500 2814 vicenas
2519 2759 2787 2831 quinque.
2813 2759 2951 2818 Cum
2978 2761 3126 2817 enim
3153 2772 3300 2818 esset
3318 2763 3704 2835 magnanimus

2103 2855 2294 2904 etnon
2319 2864 2544 2914 avarus,
2578 2866 2770 2907 omnes
2811 2854 3129 2910 consolatus
3160 2865 3247 2910 est
3279 2855 3373 2925 qui
3404 2855 3702 2926 Nicephori

2103 2941 2334 2997 avaritia
2344 2942 2986 3017 fuerantlaesi,donisque
3002 2957 3251 3010 senatum
3266 2956 3430 3020 atque
3447 2949 3702 3006 militiam

2105 3036 2400 3094 recreavit.
2433 3038 2607 3093 Porro
2638 3049 2835 3109 quarto
2865 3040 2991 3096 idus
3023 3040 3310 3103 Octobrias
3333 3050 3595 3099 coronata
3618 3052 3706 3099 est

2098 3125 2374 3198 Procopia
2400 3127 2646 3198 Augusta
2675 3127 2729 3183 in
2761 3129 3004 3186 triclinio
3039 3133 3371 3204 Augusteos,
3404 3135 3706 3205 multisque

403 3248 587 3298 tenue
618 3238 820 3295 mentis
851 3236 997 3292 circa
1031 3234 1306 3291 neminem
1334 3239 1714 3298 conservaret,
1748 3230 2007 3302 frequen-
2033 3252 2081 3315 α
2109 3216 2272 3272 donis
2326 3228 2580 3274 εεηεῑυιη
2633 3219 2944 3278 liberaliter
2984 3221 3158 3284 aluit.-
3207 3221 3534 3285 Mulieribus
3573 3240 3707 3280 vero

416 3331 531 3388 tius
592 3327 1147 3386 dehonestationibus
1214 3325 1573 3382 submittebat
1620 3325 2007 3382 Theoctistum
2044 3310 2078 3315 ’
2107 3310 2535 3367 αιεῐῐιέιίοοτυῐη
2596 3311 2836 3373 militum
2865 3354 2880 3379 .
2915 3314 3293 3386 quifuerant
3341 3317 3395 3370 in
3450 3316 3706 3389 Vulgaria

417 3424 802 3497 magistratum
831 3431 887 3478 et
912 3418 1276 3479 domesticum
1305 3418 1646 3492 Stephanum
1679 3435 1745 3475 ac
1768 3417 2012 3476 Michae-

415 3517 528 3575 lem
577 3514 959 3587 curopalaten,
1004 3523 1266 3569 avertens
1303 3512 1534 3569 omnino
1585 3520 1643 3569 et
1682 3511 2008 3582 Procopiam

419 3625 667 3668 sororem
742 3623 900 3665 suam
963 3615 1027 3666 ut
1087 3606 1443 3663 insidiantem
1505 3604 1612 3664 sibi
1683 3605 2011 3677 Theophani

421 3705 686 3777 Augusta:
717 3700 1206 3759 submissionibus.
1249 3700 1370 3757 Mox
1419 3715 1642 3772 quoque
1679 3700 1880 3756 misera
1912 3716 2014 3771 per

420 3795 991 3856 beataedm'uationem
1019 3789 1309 3854 .Heirente’
1332 3791 1587 3849 obtinere
1626 3793 1882 3865 sperabat
1907 3792 2013 3848 im-

421 3889 661 3960 perium,
677 3902 818 3944 .cum
832 3886 961 3943 sine
979 3884 1190 3946 .liberia
1213 3893 1384 3943 esset.
1422 3883 1492 3939 At
1515 3897 1649 3941 vero
1689 3882 2014 3956 Stauraeius

422 3999 484 4039 se
528 3981 726 4039 videns
763 3978 1151 4037 insanabiliter
1192 3978 1467 4044 habitum,
1517 3978 1810 4049 imperium
1854 3978 2013 4034 uxori

423 4072 715 4144 acquirere
731 4068 1031 4131 festinabat
1051 4077 1147 4124 aut
1178 4065 1411 4139 Vulgare
1443 4067 1742 4139 imperium
1771 4067 2013 4123 excitare

423 4163 482 4220 in
511 4161 858 4222 Christianos
888 4173 1058 4230 supra
1101 4157 1468 4229 praecedentia
1501 4158 1665 4213 mala.
1701 4155 1882 4228 Super
1902 4173 2014 4227 quo

425 4259 689 4325 paventes
716 4249 1064 4320 Nicephorus
1088 4248 1403 4330 patriarcha
1435 4259 1491 4306 et
1519 4249 1873 4305 Theoctistus
1902 4265 2016 4305 ma-

414 4344 690 4419 gistratus
725 4351 783 4398 et
815 4341 1128 4413 Stephanus
1157 4340 1495 4397 domesticus
1525 4357 1593 4397 ex
1631 4341 1802 4399 multa
1831 4341 2014 4396 inimi-

424 4436 554 4501 citia
573 4435 629 4491 in
647 4435 916 4494 alternam
927 4433 1237 4492 amicitiam
1253 4448 1379 4491 cum
1403 4433 2014 4504 Michaelecuropalate

424 4544 630 4588 venere
655 4529 803 4586 circa
827 4529 991 4587 tinem
1011 4527 1227 4586 mensis
1254 4525 1594 4599 Septembris
1620 4529 1828 4604 quinta:
1867 4527 2013 4584 indi-

2099 3407 2406 3478 ..perempti,
2422 3407 2672 3478 quinque
2692 3409 2814 3463 auri
2833 3408 3034 3463 talenta
3047 3409 3293 3465 donavit.
3311 3410 3704 3483 Theophanem

2110 3507 2298 3555 autem
2320 3515 2550 3555 uxorem
2579 3498 2881 3568 Stauraeii,
2915 3501 3255 3572 singularem
3285 3503 3452 3558 vitam
3491 3506 3706 3576 ample-

2108 3604 2258 3656 xam,
2286 3597 2343 3646 et
2375 3599 2639 3662 cognatos
2667 3592 2835 3660 illius,
2861 3592 2955 3662 qui
2990 3591 3382 3651 miserabiliter
3412 3595 3516 3650 sub
3542 3597 3673 3654 Nice
3691 3625 3710 3642 ι

2111 3682 2289 3754 phoro
2313 3682 2589 3749 vixerant,
2605 3684 2842 3751 ditavit;
2869 3684 3016 3741 inter
3035 3701 3158 3756 quae
3185 3686 3456 3759 insignem
3486 3704 3708 3759 quoque

2112 3777 2338 3833 domum
2402 3777 2804 3834 monasterium
2866 3777 3209 3834 .Tabebraica
3275 3779 3528 3846 dictum,
3609 3784 3706 3839 ubi

2108 3869 2437 3927 Stauracius
2469 3881 2557 3927 est
2575 3871 2846 3942 sepultus,
2881 3871 2961 3928 illi
2987 3872 3280 3928 concessit.
3315 3875 3516 3931 Omnes
3539 3875 3707 3931 etiam

2111 3965 2374 4037 patricios
2399 3976 2456 4022 et
2484 3974 2788 4032 senatores,
2810 3965 3126 4022 sacerdotes
3151 3981 3215 4021 ac
3244 3981 3494 4026 summos
3518 3983 3705 4024 sacer-

2114 4055 2273 4113 dotes
2315 4065 2371 4112 et
2399 4057 2723 4126 monachos,
2747 4057 3052 4113 militantes
3078 4066 3133 4114 et
3163 4073 3437 4130 pauperes
3458 4099 3473 4125 ,
3511 4067 3620 4116 tam
3651 4061 3707 4122 in

2113 4149 2266 4222 regia
2304 4150 2442 4208 urbe
2469 4166 2635 4221 quam
2680 4150 2738 4206 in
2769 4150 3108 4207 thematibus
3139 4151 3422 4222 degentes,
3455 4153 3707 4225 locuple-

2115 4242 2274 4307 tavit,
2295 4243 2451 4299 adeo
2502 4253 2564 4298 ut
2607 4244 3083 4300 immensurabilis
3117 4244 3348 4300 avaritia
3386 4245 3704 4318 Nicephori,

2097 4345 2341 4414 {propter
2371 4351 2538 4408 quam
2562 4344 2617 4392 et
2647 4337 2789 4394 male
2821 4338 3009 4408 periit,
3041 4339 3103 4402 in
3136 4338 3328 4408 paucis
3360 4338 3560 4396 diebus
3593 4340 3706 4395 dis-

2116 4429 2368 4499 paruisse
2399 4428 2754 4501 probaretur.
2787 4429 2968 4502 Super
3008 4432 3216 4488 multos
3250 4442 3523 4503 praeterea
3557 4435 3704 4505 opti-

2117 4537 2237 4579 mos
2259 4537 2444 4579 mores
2460 4538 2610 4588 suos,
2640 4538 2766 4579 cum
2792 4524 2917 4595 pius
2937 4533 2994 4582 et
3014 4525 3517 4586 orthodoxissimus
3538 4536 3700 4592 esset,

425 4621 933 4690 ctionis..Kalendis
968 4628 1152 4677 autem
1177 4602 1754 4692 Octobribus-veSperi
1783 4619 2013 4676 Staura-
2047 4623 2090 4679 ι)
2119 4601 2444 4674 tristabatur
2501 4632 2669 4682 super
2726 4617 2814 4676 his
2858 4617 2956 4689 qui
2999 4634 3030 4673 a
3071 4627 3263 4676 sancta
3305 4620 3704 4678 scindebantur

424 4717 551 4777 eius
571 4715 899 4773 advocatum
926 4713 1271 4786 Stephanum
1292 4713 1656 4769 domesticum
1692 4720 2016 4784 percuncta-

432 4810 638 4877 batur,
695 4823 934 4880 quonam
996 4817 1159 4878 pacto
1228 4806 1551 4864 Michaelem
1613 4806 1828 4862 sororis
1902 4821 2017 4860 suae

426 4903 690 4964 maritum
717 4918 786 4960 ex
826 4902 1051 4973 propria
1099 4899 1305 4957 ducere
1349 4909 1535 4973 posset
1574 4900 1740 4957 domo
1777 4900 1844 4956 ad
1894 4899 2016 4971 ejus

425 4997 620 5056 oculos
650 4994 947 5053 emendos.
981 4993 1100 5062 Quo
1147 4993 1477 5066 perhibente
1510 4994 1863 5065 impossibile
1909 4995 2018 5050 hoc

427 5092 550 5147 fore
594 5090 697 5148 bac
729 5087 865 5145 hora
912 5094 1143 5158 propter
1175 5087 1448 5142 virtutem
1499 5101 1621 5157 quae
1665 5087 1811 5142 circa
1860 5085 2016 5145 illum

426 5184 667 5248 adesset,
710 5190 766 5237 et
799 5180 872 5238 ob
909 5179 1273 5239 munitionem
1313 5181 1419 5236 loci
1452 5179 1874 5251 domus‘ipsius,
1927 5195 2018 5237 r0-

427 5285 519 5350 gat
558 5273 770 5331 nemini
817 5271 938 5332 fieri
970 5281 1098 5330 nota
1142 5288 1264 5343 quae
1292 5272 1438 5332 dicta
1475 5281 1624 5330 sunt.
1661 5275 1730 5327 At
1769 5273 1860 5328 ille
1889 5289 2018 5329 cum

428 5368 615 5427 verbis
648 5365 1108 5441 persuasibilibus
1147 5364 1444 5424 inﬂexissel
1479 5380 1609 5421 eum
1640 5380 1711 5422 ue
1744 5364 2018 5422 sollicitus

428 5472 597 5538 chet,
653 5478 754 5534 per
808 5469 982 5517 totam
1038 5469 1258 5525 noctem
1304 5459 1529 5518 militias
1578 5459 1859 5525 ordinum,
1897 5475 2020 5531 qua:

430 5561 831 5618 remanserant,
885 5551 1106 5624 collegit
1153 5552 1209 5614 in
1257 5550 1682 5624 Hippodromio,
1731 5565 1844 5612 una
1889 5568 2018 5610 cum

428 5645 777 5721 principibus
822 5643 1064 5716 propriis
1099 5642 1177 5702 ad
1227 5641 1708 5714 pronuntiandum
1758 5643 2019 5704 eumdem

428 5741 752 5800 Michaelem
783 5737 1196 5808 imperatorem.
1222 5737 1474 5807 Cumque
1519 5744 1668 5813 totus
1695 5745 1923 5793 senatus
1951 5739 2021 5794 ad

431 5829 700 5903 palatium
730 5833 807 5883 de.
842 5833 965 5884 luce
1016 5837 1277 5893 venisset,
1318 5829 1477 5908 hunc
1521 5826 2021 5900 pronuntiaverunt

435 5924 826 6000 imperatorem
846 5962 861 5983 .
921 5921 1386 5994 quemadmodum
1439 5922 1500 5978 in
1527 5920 2020 5994 subsequentibus

2106 4711 2370 4769 Ecclesia
2401 4727 2736 4785 quacunque
2763 4713 3056 4772 occasione
3089 4713 3204 4770 sive
3231 4715 3548 4772 rationabili
3589 4717 3702 4772 sive

2114 4804 2506 4873 irrationabili;
2527 4807 2874 4877 multumque
2887 4806 3298 4872 sanctissimum
3314 4809 3704 4878 patriarcham,

2114 4909 2170 4956 et
2191 4915 2289 4956 eos
2313 4899 2407 4972 qui
2442 4907 2697 4972 poterant
2729 4914 2832 4972 pro
2861 4900 3142 4956 communi
3189 4902 3324 4971 pace
3353 4915 3703 4966 concurrere,

2116 5008 2316 5066 rogans
2365 5009 2476 5049 non
2513 4993 2857 5065 quiescebat,
2910 4992 3055 5048 inter
3095 5007 3234 5063 quos
3263 5001 3320 5050 et
3353 4993 3707 5053 Theodorum

2116 5084 2488 5157 hegumenum
2517 5084 2704 5140 Studii
2755 5092 2813 5139 et
2861 5084 3148 5140 Platonem
3187 5092 3354 5152 atque
3384 5083 3588 5155 Ioseph
3623 5101 3710 5142 ar-

2115 5177 2530 5248 chiepiscopum
2549 5175 3126 5241 Thessalonicensem,
3157 5174 3379 5232 fratrem
3404 5175 3707 5244 Theodori,

2117 5272 2180 5330 in
2196 5272 2481 5330 custodiis
2523 5272 2780 5329 detentos
2812 5270 3037 5335 amaris,
3069 5284 3178 5324 una
3200 5283 3333 5325 cum
3379 5271 3709 5339 primatibus

2118 5382 2342 5438 quoque
2373 5365 2695 5426 monasterii
2727 5379 2919 5420 eorum
2945 5363 3228 5434 satagebat
3259 5362 3452 5431 unire;
3478 5364 3626 5435 quod
3654 5372 3711 5420 et

2119 5460 2271 5516 fecit.
2290 5459 2577 5518 Caeterum
2615 5459 2768 5516 misit
2811 5465 2870 5515 et
2908 5457 2977 5513 ad
3011 5456 3273 5520 Carolum
3320 5457 3707 5527 imperatorem

2120 5554 2460 5612 Francorum
2490 5569 2590 5624 pro
2621 5567 2757 5624 pace
2781 5560 2948 5624 atque
2985 5560 3270 5608 contractu
3300 5551 3622 5622 nuptiarum
3653 5549 3710 5606 in

2121 5645 2593 5717 'I‘heOphylactum
2647 5643 2819 5701 filium
2863 5658 3048 5700 suum.
3101 5642 3444 5713 Nicephorns
3488 5657 3710 5713 quoque

2121 5737 2505 5795 sanctissimus
2526 5736 2840 5808 patriarcha
2857 5735 3162 5792 transmisit
3182 5734 3477 5807 synodicas
3494 5735 3713 5791 litteras

2122 5826 2189 5883 ad
2215 5826 2454 5885 Leonem
2480 5826 2890 5884 sanctissimum
2917 5841 3113 5897 papam
3152 5824 3464 5885 Romanum
3495 5841 3513 5876 :
3547 5834 3709 5880 antea

2125 5924 2328 6002 quippe
2381 5921 2621 5979 faciendi
2682 5921 2790 5980 hoc
2838 5937 2871 5980 a
2919 5920 3232 5994 Nicephoro
3279 5919 3708 6000 prohibebatur,
