4070 6304
378 390 384 396 ι
448 341 586 410 ηεξ)

1534 342 1937 411 ANASTASII
1979 347 2188 410 BIBLI
2204 300 2630 419 ΟΤΗΕΕΑΒΠ

3569 364 3701 431 Μὲι

437 460 496 510 et
534 452 827 527 Egyptum
847 461 911 510 et
936 450 1175 509 Africam
1208 451 1318 509 duo
1351 453 1535 525 partiti
1566 465 1715 521 sunt,
1744 465 1806 512 .et
1839 456 2008 512 Palae-
2037 458 2446 529 Aacquirenda
2502 472 2684 521 tamen
2727 465 2981 537 pluribus
3028 477 3086 525 et
3149 472 3554 533 contribulibus
3617 495 3694 536 sa-

437 546 640 603 stinam
671 546 813 603 alius
833 545 1067 603 latronis
1093 562 1247 603 more
1269 545 1530 619 depastus
1550 557 1657 605 est.

505 638 667 696 Anno
718 637 934 710 imperii
968 638 1255 695 Michaelis
1302 641 1545 696 secundo
1574 640 1849 697 Crumnus
1878 640 2012 698 Νη]-

433 744 625 802 garum
668 728 1356 801 dux,per.Dargamerum
1408 746 1508 802 pro
1544 748 1676 803 pace
1715 748 1906 788 rursus
1939 733 2006 788 ad

437 822 762 885 Michaelem
792 821 1184 894 imperatorem
1206 823 1535 895 legationem
1568 824 1735 890 misit,
1759 840 2009 896 quaerens

432 916 642 973 fmdera
672 930 795 987 qua:
830 914 932 971 sub
959 915 1280 971 Theodosio
1334 914 1713 973 Hadramitino
1762 927 1817 974 et
1869 918 2008 975 Ger-

428 1021 596 1063 mano
620 1006 930 1079 patriarcha
962 1008 1291 1078 repromissa
1327 1008 1544 1065 fuerant
1572 1010 1875 1078 Cormesio,
1911 1015 2008 1085 qui

430 1114 530 1169 per
555 1096 688 1153 illud
720 1105 936 1169 tempus
968 1098 1234 1170 Vulgariaa
1255 1099 1510 1156 dominus
1533 1100 1857 1168 habebatur,
1888 1118 2009 1173 qua:

429 1185 697 1242 terminos
750 1186 1110 1243 continebant
1165 1203 1199 1245 a
1253 1190 1520 1247 Meleonis
1571 1192 2022 1268 'l‘hracensibus,~

426 1276 755 1333 vestimenta
799 1292 1021 1349 quoque
1066 1294 1167 1335 seu
1206 1282 1494 1338 coccineas
1532 1283 1703 1354 pelles
1736 1300 1908 1356 usque
1940 1287 2009 1344 ad

423 1367 665 1439 pretium
693 1370 1091 1441 quinquaginta
1134 1372 1401 1439 librarum
1415 1376 1577 1440 .auri,
1606 1387 1662 1432 et
1698 1392 1865 1448 super
1894 1379 2011 1436 haec

366 1440 371 1445 ’
424 1460 687 1535 profugos
730 1440 1023 1534 utriusque
1074 1466 1254 1535 partis
1295 1466 1364 1521 ad
1393 1440 1937 1537 alterutrnmreddi,
1962 1473 2009 1529 si

424 1554 751 1627 contigisset
774 1570 871 1611 eos
894 1556 1146 1613 insidiari
1192 1558 1465 1629 praelatis;
1502 1561 1847 1632 negotiantes
1877 1579 2010 1619 vero

423 1644 482 1700 in
503 1654 738 1717 utraque
770 1648 995 1719 regione
1028 1663 1127 1719 per
1160 1658 1432 1720 praecepta
1461 1660 1518 1706 et
1549 1652 2009 1723 signaculacom-

422 1737 673 1794 mendari
712 1756 725 1792 :
764 1738 813 1794 si
848 1740 943 1811 qui
974 1755 1108 1795 vero
1154 1741 1277 1797 sine
1307 1742 1590 1814 signaculo
1632 1744 1841 1800 inventi
1872 1745 2011 1800 fuis-

2114 550 2229 607 lute
2289 556 2581 625 oportebat
2628 560 2812 629 potius
2848 561 3138 620 decertare
3199 583 3366 638 quam
3403 586 3574 642 super
3615 574 3698 628 in-

2113 643 2282 699 certis
2322 654 2378 701 et
2428 646 2807 708 invisibilibus
2869 654 3199 726 locupletari
3232 677 3246 714 :
3278 663 3498 732 gratius
3550 666 3698 722 enim

2111 732 2225 789 Deo
2259 735 2443 805 plures
2463 755 2625 809 quam
2648 742 2939 813 pauciores
2972 748 3207 805 salvare.
3240 749 3413 809 Porro
3437 752 3699 813 damnum

2112 830 2169 884 in
2214 830 2467 900 pluribus
2510 834 2625 903 pati
2673 848 2902 909 propter
2938 837 3213 896 modicuin
3247 842 3466 900 lucrum
3509 846 3701 917 prima:

2111 919 2404 980 dementiae
2434 934 2539 982 est.
2602 927 2711 984 Sed
2740 940 2797 987 et
2823 932 2919 1002 qui
2952 933 3103 989 circa
3132 938 3358 1009 propria
3389 939 3700 1000 inconsulte

2111 1014 2347 1085 laborat,
2378 1018 2541 1075 iidem
2570 1024 2876 1099 secundum
2898 1026 3125 1084 Paulum
3158 1034 3463 1102 negavit,et
3493 1035 3699 1091 inﬁdeli

2112 1106 2356 1165 deterior
2376 1110 2664 1182 judicatur
2690 1129 2703 1168 :
2730 1116 2826 1173 ubi
2873 1119 2980 1174 erit
3013 1129 3070 1174 et
3098 1120 3240 1177 illud
3281 1139 3293 1176 :
3328 1122 3459 1179 Cum
3503 1127 3585 1179 his
3610 1128 3699 1198 qui

2111 1203 2336 1261 oderant
2383 1225 2605 1279 pacem,
2650 1227 2802 1267 eram
2863 1216 3112 1285 paciﬁcus
3135 1235 3154 1283 ;
3186 1218 3292 1274 nisi
3331 1220 3473 1277 forte
3505 1223 3620 1279 sint
3644 1233 3697 1281 et

2113 1294 2282 1352 Paulo
2313 1307 2369 1354 et
2417 1300 2591 1356 David
2624 1302 2713 1359 isti
2750 1305 3135 1375 sapientiores.
3160 1309 3313 1377 Quis
3343 1322 3525 1369 autem
3558 1313 3697 1370 Cer-

2112 1403 2275 1444 mauo
2306 1399 2390 1447 ter
2420 1392 2580 1449 beato
2626 1412 2775 1452 nunc
2808 1398 3129 1469 sapientior,
3160 1404 3268 1459 nisi
3311 1405 3465 1476 juxta
3509 1409 3694 1477 perni-

2084 1530 2085 1533 η
2115 1482 2325 1537 ciosum
2358 1486 2556 1541 animae
2586 1498 2858 1546 tumorem
2885 1509 3119 1564 nequam
3147 1512 3211 1552 ac
3239 1499 3482 1567 perversi
3514 1501 3697 1556 consi-

2113 1574 2279 1640 liarii,
2312 1577 2406 1648 qui
2454 1595 2643 1650 pacem
2675 1584 3039 1643 inhibuerunt
3066 1589 3089 1642 ?
3118 1588 3242 1645 Haec
3273 1587 3538 1649 KAlendis
3570 1607 3698 1651 sunt

2115 1667 2256 1723 facta
2312 1670 2739 1731 Novembribus.
2778 1680 2950 1733 Porro
3003 1679 3181 1751 pridie
3227 1682 3412 1741 Nonas
3457 1685 3694 1743 Novem-

2115 1762 2266 1819 brias
2301 1767 2556 1837 apparuit
2597 1783 2841 1826 cometes
2899 1773 2953 1827 in
3011 1773 3184 1846 ﬁgura
3218 1776 3452 1834 duarum
3483 1776 3695 1851 fulgen-

421 1840 568 1896 sent,
623 1829 1004 1901 diriperentur
1051 1848 1175 1902 qua:
1226 1832 1519 1901 baberent,
1558 1846 1633 1891 .et
1673 1836 2002 1893 inferrentur

421 1919 998 1943 -.-υμεηηεηειμ
1371 1926 1406 1943 .-
1562 1937 1591 1943 η-
1646 1928 1662 1943 ι
1839 1930 1870 1943 -.

2336 1829 2350 1837 .
2375 1829 2389 1836 -
3050 1829 3080 1846 υ
3229 1829 3346 1832 η
3368 1829 3452 1834 πη
3483 1829 3664 1851 ---σω

2118 1853 2254 1908 tium
2291 1857 2569 1927 lunarum,
2594 1864 2957 1921 adunantium
3008 1883 3066 1923 se
3120 1878 3287 1941 atque
3313 1873 3695 1943 separantium

421 1919 662 1992 publicis
691 1922 1021 1979 rationibus.
1052 1922 1291 1996 Scripsit
1332 1926 1501 1982 etiam
1541 1937 1598 1983 et
1630 1928 2014 1986 damnationes

421 2014 493 2069 ad
530 2015 920 2085 imperatorem
953 2034 967 2072 :
1001 2014 1116 2073 Nisi
1164 2018 1562 2086 acceleraveris,
1612 2022 1870 2093 inquiens
1894 2064 1910 2091 ,
1942 2024 2013 2078 ad

419 2121 626 2176 pacem,
667 2106 874 2178 judicio
914 2118 1004 2163 tuo
1057 2109 1343 2180 prwliabor
1393 2121 1578 2168 contra
1622 2113 2008 2174 Mesembriam.

419 2198 517 2255 His
576 2200 857 2271 perceptis
894 2202 1195 2272 imperator
1232 2218 1470 2274 nequam
1504 2203 1881 2263 consiliorum
1911 2210 2012 2265 ad-

418 2289 824 2347 monitionibus
869 2306 1060 2362 pacem
1102 2292 1289 2348 minus
1329 2293 1573 2351 admisit.
1624 2296 1738 2354 Sub
1775 2297 2010 2356 obtentu

415 2379 567 2437 enim
597 2381 746 2438 falsae
794 2382 1036 2453 pietatis,
1077 2382 1189 2437 imo
1216 2383 1748 2456 indisciplinationis
1774 2397 1831 2445 et
1861 2390 2009 2448 circa

415 2487 535 2529 rem
597 2473 879 2545 publicam
924 2474 1276 2545 perditionis,
1340 2494 1574 2550 nequam
1629 2483 2010 2542 eonsiliatorcs

414 2566 737 2625 asserebant
766 2584 780 2621 :
809 2567 928 2622 Non
961 2578 1168 2641 oportet
1202 2571 1418 2642 fugitivo
1448 2574 1684 2641 reddere,
1713 2578 2010 2647 perhiben-

413 2666 499 2714 tes
521 2656 581 2714 in
609 2657 989 2715 testimonium
1027 2662 1163 2717 illud
1216 2657 1601 2736 evangelicum
1641 2668 1859 2726 Domini
1887 2672 2008 2728 elo-

412 2747 605 2821 quium
636 2750 981 2821 perhibentis
1016 2771 1029 2807 :
1069 2753 1208 2810 Eum
1243 2758 1332 2827 qui
1359 2757 1499 2811 venit
1536 2758 1607 2812 ad
1636 2776 1738 2826 me,
1770 2778 1873 2816 non
1906 2765 2006 2834 eji-

412 2842 554 2897 ciam
600 2841 769 2913 foras.
812 2843 1091 2900 Mediante
1143 2861 1279 2901 vero
1323 2863 1514 2904 mense
1541 2848 1802 2907 Octobris
1832 2854 2007 2909 aciem

410 2933 602 3007 dirigit
647 2936 923 2993 Crumnus
971 2949 1166 2995 contra
1198 2939 1585 2999 Mesembriam
1626 2945 1683 2999 in
1719 2946 2007 3002 machina-

409 3008 621 3082 mentis
658 3035 712 3084 et
763 3031 1049 3102 manganis
1102 3041 1162 3086 et
1199 3034 1500 3101 arietibus,
1545 3053 1668 3108 qua:
1706 3038 2005 3111 Nicephori

409 3118 722 3184 occasione,
778 3118 1151 3178 destructoris
1190 3122 1434 3194 .Christi,
1492 3126 1784 3185 didicerat.
1828 3131 2006 3188 Arabs

407 3208 557 3265 enim
583 3207 810 3278 quidam
838 3209 903 3265 ad
935 3209 1273 3283 baptismum
1302 3227 1614 3277 accesserat
1642 3222 1776 3275 satis
1794 3236 2004 3292 expers
2028 3227 2072 3289 C

407 3300 745 3359 mechanicas
790 3301 961 3372 artis,
990 3319 1157 3375 quem
1190 3321 1315 3362 cum
1342 3318 1526 3367 castra
1559 3321 1800 3370 metatus
1824 3324 1995 3382 esset,

407 3396 465 3451 in
484 3391 893 3465 ﬂadrianopoli
940 3396 1271 3465 constituit;
1304 3398 1414 3457 .cui
1439 3401 1662 3460 nullum
1690 3406 1997 3463 secundum

407 3484 667 3543 meritum
702 3486 977 3544 auxilium
1022 3489 1491 3551 velbeneiicium
1516 3497 1829 3565 conferens,
1861 3501 1996 3571 quin

406 3576 594 3648 potius
644 3588 702 3634 et
744 3596 932 3652 rugam
983 3583 1103 3655 ejus
1152 3583 1504 3655 abbrevians,
1554 3605 1997 3652 murmurantem

406 3673 574 3729 nimis
595 3675 818 3731 cecidit.
849 3675 955 3743 Qui
988 3693 1159 3750 super
1188 3679 1296 3737 hoc
1326 3681 1583 3740 tristatus
1609 3685 1749 3758 fugit
1771 3688 1837 3742 ad
1872 3689 1999 3746 Vul-

405 3781 584 3837 gares,
618 3777 675 3824 et
696 3760 1035 3847 docuiteos
1054 3786 1275 3828 omnem
1310 3777 1566 3848 mangani
1597 3788 1795 3835 artem.
1822 3783 1879 3838 In
1911 3784 2000 3840 his

405 3844 699 3923 insistens,
724 3859 946 3915 nemine
984 3860 1055 3915 oh
1104 3862 1334 3921 multam
1362 3844 1652 3923 stultitiam
1684 3873 1994 3943 resistente,

403 3964 505 4021 per
552 3959 730 4013 totum
778 3968 1024 4022 mensem
1090 3956 1238 4026 cepit
1285 3973 1431 4015 eam.
1504 3962 1766 4020 Kalendis
1809 3977 1995 4025 autem

402 4042 753 4103 Novembriis
784 4046 1052 4103 advocato
1104 4050 1410 4123 imperator
1472 4056 1813 4126 patriarcha,
1867 4076 1994 4117 cum

402 4137 837 4209 angustiaretur,
864 4140 933 4195 de
965 4155 1099 4212 pace
1128 4145 1423 4202 consilium
1458 4150 1714 4220 sumpsit.
1750 4137 1997 4209 Aderant

301 4231 304 4234 ’
405 4242 589 4289 autem
634 4241 693 4291 et
737 4234 1180 4305 metropolitani,
1219 4238 1477 4296 Nicaenus
1512 4241 1774 4300 videlicet
1801 4255 1857 4301 et
1887 4246 1994 4320 Cy-

403 4325 630 4381 zicenus
666 4326 936 4398 episcopi,
974 4330 1342 4397 prmsentibus
1369 4348 1593 4405 quoque
1630 4337 1817 4405 pravis
1857 4354 1996 4395 eon-

402 4417 628 4475 siliariis
679 4435 803 4474 cum
858 4420 1153 4478 Theodoro
1200 4424 1511 4496 hegumeno
1543 4428 1745 4488 Studii.
1791 4434 1855 4488 Et
1888 4451 1993 4506 pa-

404 4509 647 4565 triarcha
671 4511 894 4582 quidem
936 4527 1000 4568 ac
1035 4516 1699 4585 metr0politaantistites
1728 4539 1853 4579 cum
1890 4527 1993 4581 im-

403 4612 657 4675 peratore
696 4607 1437 4683 pacemamplectehantur:
1479 4614 1605 4668 mali
1644 4631 1775 4673 vero
1803 4620 1989 4675 consi-

399 4696 547 4751 liarii
580 4712 705 4753 cum
752 4697 1047 4756 Theodoro
1082 4699 1394 4771 hegumeno
1445 4704 1630 4761 Studii
1682 4707 1824 4765 hanc
1854 4713 1988 4767 sub-

399 4789 712 4856 vertebant,
766 4790 1005 4847 fatentes
1058 4810 1071 4845 :
1104 4792 1168 4864 In
1212 4794 1602 4851 subversionem
1636 4801 1798 4855 divini
1837 4822 1991 4860 man-

398 4881 514 4937 dati
539 4899 692 4938 nomo
721 4900 899 4957 pacem
934 4884 1310 4957 amplectitur:
1343 4903 1464 4943 eum
1486 4891 1675 4961 quippe
1696 4896 1787 4962 qui
1824 4900 1984 4964 venit,

396 4974 567 5045 inquit
601 4974 878 5039 Dominus,
917 4977 987 5031 ad
1022 4994 1123 5043 me,
1150 4995 1255 5033 non
1298 4981 1508 5049 ejiciam
1540 4984 1706 5052 foras,
1739 4989 1988 5045 nescien-

397 5073 484 5120 tes
533 5079 717 5136 neque
743 5082 866 5137 quae
896 5066 1148 5126 dicerent
1189 5086 1371 5141 neque
1414 5072 1483 5127 de
1515 5075 1716 5144 quibus
1746 5079 1983 5138 atlirnia-

398 5156 754 5227 rent,,prirno
784 5157 1009 5227 quidem
1036 5160 1300 5230 quoniam
1333 5165 1556 5221 nemine
1596 5168 1662 5221 ad
1684 5185 1786 5226 nos
1821 5187 1887 5227 es
1915 5176 1996 5232 eis

395 5248 751 5319 confugiente
792 5238 896 5305 nos
919 5265 1016 5306 eos
1045 5251 1141 5323 qui
1172 5253 1317 5309 intra
1364 5265 1573 5313 cortem
1608 5270 1770 5317 erant
1809 5266 1997 5333 prodi-

396 5339 603 5406 dimus,
627 5341 879 5398 valentes
936 5341 1039 5398 hos
1091 5359 1219 5399 cum
1266 5360 1412 5416 pace
1463 5349 1996 5419 salvare;secundo

397 5445 532 5488 vero
559 5433 777 5504 quiaet
823 5434 873 5489 si
916 5434 1180 5507 fugerunt
1206 5438 1314 5496 rari
1342 5439 1564 5510 quidam
1603 5444 1670 5499 ad
1722 5462 1843 5514 nos,
1885 5466 1996 5521 pro

465 5637 577 5711 (96)
608 5631 1038 5715 ί)ι›ἰιυιπιὶεεὶξηιε.Δ
1060 5640 1313 5715 nummis
1322 5643 1618 5715 interpres
1643 5648 1875 5711 Eusebii
1905 5650 1977 5711 Η.

394 5706 605 5793 μέχρι,
650 5706 788 5793 ᾔεις.
834 5706 1249 5793 opinatissimus
1302 5713 1391 5793 ille
1441 5706 1820 5793 purpureus.)
1859 5706 1979 5793 Ipse

392 5778 793 5853 Ruiiinus_l._l0
818 5778 893 5853 ~:__i
934 5782 1152 5853 nobiles
1188 5788 1245 5853 e‘t
1282 5785 1648 5853 opinatissimi
1705 5778 1980 5849 convene;

374 5858 539 5906 ‘runt.
582 5850 811 5913 utilius
832 5849 1107 5913 Firmicus
1129 5852 1265 5921 5,5:
1300 5849 1335 5909 ,ι’
1355 5870 1541 5931 magos
1565 5858 1978 5944 famosostaciet
2008 5914 2015 5919 .

2114 1945 2171 2001 in
2206 1948 2422 2006 diversa
2456 1953 2759 2021 schemata,
2791 1957 2865 2013 ita
2904 1969 2962 2014 ut
3006 1960 3061 2016 in
3087 1962 3335 2034 acephali
3374 1966 3476 2021 viri
3519 1966 3695 2028 fictio-

2112 2050 2237 2091 nem
2271 2037 2665 2099 formarentur.
2706 2046 2776 2101 Et
2828 2047 2881 2102 in
2910 2050 3211 2108 crastinum
3242 2055 3311 2113 de
3342 2060 3559 2117 excidio
3587 2062 3697 2118 Me-

2111 2128 2366 2186 sembria:
2411 2135 2566 2190 venit
2614 2137 2775 2201 nobis
2811 2141 3075 2197 miserum
3120 2144 3373 2216 dubium,
3408 2151 3695 2211 deterrens

2110 2233 2303 2275 omnes
2325 2221 2395 2276 ob
2424 2225 2693 2296 majorum
2726 2230 3512 2307 malorumexspectationem.
3541 2244 3695 2303 inve-

2109 2309 2327 2367 nientes
2370 2314 2531 2369 .enim
2553 2332 2689 2373 eam
2731 2321 2939 2379 inimici
2971 2326 3189 2397 plenam
3225 2332 3484 2390 omnibus
3528 2337 3695 2395 rebus

2109 2412 2232 2471 qua:
2288 2403 2362 2461 ad
2419 2404 2818 2467 habitationem
2882 2415 3169 2474 hominum
3227 2422 3421 2480 adesse
3464 2427 3690 2495 debent,

2108 2493 2251 2551 hanc
2289 2506 2590 2558 tenuerunt
2641 2520 2749 2561 una
2807 2524 2934 2563 cum
2990 2511 3245 2581 Debelto,
3299 2516 3356 2572 in
3400 2520 3607 2590 quibus
3636 2493 3723 2580 et

2107 2588 2370 2660 siphones
2405 2609 2591 2653 :eneos
2645 2596 2908 2657 invenere
2940 2619 3035 2659 sex
3065 2615 3122 2662 et
3170 2588 3433 2676 tricenos,
3465 2622 3521 2669 et
3549 2615 3690 2688 ignis

2108 2681 2347 2749 humidi,
2391 2688 2487 2759 qui
2540 2705 2642 2761 per
2678 2707 2775 2748 eos
2806 2694 3193 2766 emittebatur,
3231 2704 3474 2777 aurique
3510 2681 3687 2765 et'ar-

2107 2779 2255 2848 genti
2284 2779 2431 2835 haud
2464 2775 2738 2840 modicam
2763 2788 3001 2858 copiam.

2177 2868 2384 2925 Eodem
2416 2886 2562 2929 anno
2602 2876 2762 2931 multi
2788 2877 3233 2939 Christianorum
3277 2902 3345 2943 ex
3375 2888 3681 2957 Palaestina.

2106 2962 2360 3017 monachi
2390 2964 2604 3023 scilicet
2644 2983 2710 3023 ac
2738 2968 2891 3039 laici,
2921 2980 2979 3028 et
3010 2990 3076 3029 ex
3108 2979 3256 3033 omni
3307 2979 3465 3052 Syria
3498 2985 3556 3040 in
3585 2986 3686 3059 Cy-

2107 3066 2267 3121 prum
2322 3071 2545 3123 venere,
2596 3057 2874 3130 fugientes
2918 3064 3251 3125 immensam
3280 3073 3519 3131 Arabum
3547 3057 3681 3135 aﬂli-

2108 3142 2370 3201 ctionem.
2399 3147 2533 3203 Cum
2563 3151 2713 3207 enim
2754 3153 2875 3211 sine
2906 3161 3151 3228 generali
3175 3164 3497 3237 principatu
3518 3170 3680 3242 Syria

2107 3244 2254 3291 esset
2282 3246 2341 3293 et
2367 3238 2635 3312 IEgyptus
2683 3252 2740 3300 et
2785 3248 2970 3305 Africa
3016 3260 3074 3308 et
3113 3256 3292 3312 omnis
3345 3238 3683 3334 principatus

2103 3326 2197 3397 qui
2231 3329 2333 3386 sub
2372 3331 2507 3402 ipsis
2534 3345 2639 3403 est,
2667 3336 2968 3399 homicidia
3006 3352 3064 3399 et
3108 3348 3314 3417 rapinae
3336 3326 3394 3411 et
3413 3326 3680 3414 adulteria

2102 3418 2449 3493 luxuriaeque
2488 3441 2553 3482 ac
2592 3444 2786 3489 omnes
2824 3432 2937 3491 Deo
2970 3436 3207 3497 odibiles
3253 3444 3497 3504 actiones
3524 3449 3578 3505 in
3606 3454 3682 3507 ci-

2100 3511 2366 3569 vitatibus
2396 3525 2451 3571 et
2483 3519 2630 3575 villis
2656 3537 2687 3577 a
2714 3522 3260 3599 divinitus'peritura
3286 3545 3449 3607 gente
3479 3556 3681 3614 perpe-

2102 3606 2416 3665 trabantur.
2446 3610 2617 3683 inque
2649 3614 2792 3673 alma
2832 3618 2929 3675 Dei
2979 3624 3158 3679 nostri
3190 3627 3416 3688 civitate
3440 3606 3679 3693 colenda

2100 3693 2242 3761 loca,
2304 3708 2506 3757 sanctae
2549 3705 2812 3763 videlicet
2835 3716 3271 3774 resurrectionis
3300 3724 3679 3795 ac-calvariaa,

2101 3802 2200 3842 ceu
2227 3791 2435 3861 reliqua
2462 3796 2750 3864 profanata
2772 3813 2927 3859 sunt.
2962 3803 3231 3865 Similiter
3259 3823 3444 3870 autem
3476 3828 3534 3875 et
3564 3791 3683 3877 ian;

2101 3894 2173 3933 rte
2202 3884 2375 3971 eremi
2404 3886 2800 3957 Opinatissima:
2844 3895 2977 3967 (96),
3026 3903 3202 3958 sancti
3249 3908 3462 3966 scilicet
3482 3912 3681 3971 Chari-

2101 3970 2248 4027 tonis
2273 3983 2330 4029 et
2362 3979 2538 4034 sancti
2570 3979 2748 4049 Sabae,
2774 3996 2849 4042 'et
2879 3990 3091 4062 reliqua
3120 4003 3464 4058 monasteria
3492 4017 3550 4062 et
3584 3970 3680 4065 cc-

2098 4064 2281 4123 clesire
2335 4068 2568 4128 deserta:
2615 4075 2936 4139 faemeunt
2966 4124 2981 4149 ,
3008 4086 3102 4141 alii
3130 4104 3369 4163 namque
3412 4111 3679 4171 percepto

2098 4165 2362 4237 martyrio
2382 4167 2703 4244 interempti
2751 4188 2901 4237 sunt.
2928 4181 3029 4237 alii
3065 4165 3459 4259 veroCyprum
3498 4203 3554 4248 et
3577 4165 3680 4253 hac

2098 4257 2422 4330 Byzantium
2470 4281 2860 4339 properarunt,
2908 4290 3049 4345 quos
3086 4257 3315 4338 Michael
3342 4286 3469 4355 pius
3500 4286 3680 4361 "impe-

2098 4358 2251 4407 rator
2298 4362 2355 4410 et
2388 4355 2740 4429 Nicephorus
2795 4368 3187 4427 sanctissimus
3229 4377 3547 4444 patriarcha
3583 4355 3678 4441 be-

2096 4443 2263 4515 nigna
2295 4448 2672 4511 muniﬁcentia
2710 4469 3041 4527 receperunt
3067 4478 3085 4516 :
3116 4443 3358 4523 nam-his
3389 4471 3483 4539 qui
3510 4489 3678 4533 vene-

2020 4571 2072 4631 D
2101 4543 2232 4589 runt
2256 4537 2324 4591 ad
2348 4538 2542 4595 urbem
2585 4548 2985 4604 monasterium
3031 4550 3250 4624 insigne
3291 4537 3549 4625 donavit.
3588 4563 3674 4621 his

2096 4639 2230 4679 vero
2263 4628 2357 4698 qui
2400 4628 2455 4683 in
2486 4628 2663 4703 Cypro
2700 4650 3115 4709 remanserunt,
3135 4650 3431 4705 monachis
3464 4654 3676 4713 scilicet

2096 4726 2153 4772 et
2198 4719 2374 4785 laicis,
2408 4723 2675 4782 talentum
2726 4730 2848 4786 auri
2880 4735 3204 4804 transmisit,
3230 4748 3285 4795 et
3313 4741 3550 4802 diversis
3572 4747 3673 4804 hos

2095 4816 2412 4874 consolatus
2461 4830 2547 4877 est
2584 4825 2782 4882 modis.
2841 4828 2974 4885 Erat
3020 4831 3226 4905 quippe
3276 4837 3506 4897 Michael
3542 4860 3671 4917 erga

2095 4918 2289 4961 omnes
2311 4910 2496 4966 suavis
2517 4914 2741 4982 quidem
2774 4925 2831 4972 et
2858 4919 3120 4987 clemens,
3147 4924 3294 4981 circa
3323 4910 3671 4999 negotiorum

2094 5012 2227 5053 vero
2260 5000 2679 5071 dispositionem
2712 5008 2883 5076 iners,
2914 5012 3181 5070 servitute
3203 5017 3462 5077 subactus
3492 5024 3672 5081 Theo-

2094 5090 2257 5144 ctisto
2291 5094 2551 5164 magistro
2596 5113 2692 5154 seu
2740 5102 2957 5159 caeteris
2998 5104 3365 5178 principibus.
3402 5113 3671 5173 Praeterea

2094 5195 2284 5236 mense
2328 5182 2636 5244 Februario
2680 5189 2791 5248 duo
2832 5191 3134 5259 Christiani
3171 5213 3240 5254 ex
3284 5201 3543 5275 Vulgaria
3585 5206 3672 5263 fu-

2092 5268 2306 5339 gientes
2340 5276 2740 5336 nuntiaverunt
2770 5282 3092 5354 imperatori
3125 5268 3427 5349 Crumnum
3459 5299 3669 5367 praeda-

2094 5371 2280 5419 turum
2316 5382 2434 5433 eos,
2462 5370 2557 5439 qui
2587 5384 2773 5429 essent
2795 5375 2850 5430 in
2879 5375 3114 5447 Thrace,
3139 5394 3367 5453 repente
3388 5384 3667 5448 festinare.

2084 5451 2401 5515 Etdecimo
2423 5462 2618 5531 quinto
2634 5464 2916 5525 Kalendas
2933 5469 3154 5529 Martias
3178 5451 3349 5531 exivit
3370 5478 3669 5550 imperator

1930 5561 2162 5621 ΝΟΤιΕ.

2091 5654 2859 5750 velphilosopbosnopinatos.
2888 5672 3213 5750 _i_Hi_nemar.
3253 5678 3411 5734 item.
3437 5681 3506 5738 de
3530 5684 3689 5750 Ρι-ωο,

2090 5730 2290 5821 destiti.
2340 5730 2461 5819 διε
2504 5756 2523 5787 ι
2543 5730 2859 5821 Δςὲιίςξεοιῆιιει
2874 5730 3274 5821 Ελιὶεωιεηοέ
3288 5730 3389 5805 in"

2087 5800 2341 5865 doctrina
2372 5800 2803 5878 opinatissimus.
2833 5832 2853 5866 ι
2874 5812 3039 5877 Falli,
