4050 6308
289 429 431 496 14‘25

1067 433 1438 496 HISTORIA
1471 432 2051 495 ECCLESIASTICA
2091 433 2188 494 EX
2227 429 2717 494 THEOPHANE.

3404 435 3542 504 1426

281 550 347 604 ab
389 549 549 613 urbe,
585 557 638 603 et
667 548 761 602 Dei
799 545 1143 618 providentia
1184 546 1434 602 inetlicax
1466 543 1636 600 rediit-
1665 543 1864 599 Crum-
1890 551 1937 608 Α
1966 558 2095 600 suos
2131 543 2621 610 milites'erudivit,
2648 553 2709 600 ut
2728 553 3090 615 non'peceata
3115 559 3214 602 sua
3230 545 3344 618 ipsi
3373 561 3541 605 accur-

279 655 384 695 nus
432 655 539 693 non
571 639 761 708 paucis
809 636 1042 692 amissis.
1081 638 1178 692 Ast
1216 638 1514 708 imperator
1547 635 1858 692 lladriano-

279 732 447 801 polim
489 731 758 793 veniens,
793 738 849 785 et
902 729 1174 785 ordinatis
1225 738 1351 800 apte
1397 744 1519 800 quae
1561 728 1706 783 circa
1735 743 1857 783 eam

278 832 456 886 erant,
487 838 610 877 cum
646 822 844 892 gaudio
891 821 1074 887 rediit,
1126 831 1181 877 et
1232 820 1534 877 ascendens
1580 830 1858 876 monaste-

281 917 424 971 rium
461 915 672 970 Tarasii
713 914 1018 970 beatissimi
1050 914 1395 985 patriarchae,
1421 913 1713 968 celebratis
1740 913 1860 982 ejus

281 1008 590 1074 memoriis,
620 1023 730 1063 una
777 1023 904 1062 cum
961 1005 1204 1079 Augusta
1251 1005 1541 1076 ProcOpia,
1598 1012 1860 1076 argenteo

281 1100 464 1170 petalo
500 1098 769 1154 librarum
809 1099 877 1154 95
907 1113 1124 1153 sacrum
1161 1096 1478 1167 sepulcrum
1529 1096 1649 1166 ejus
1693 1095 1861 1151 vesti-

281 1190 380 1244 vit.
407 1190 534 1245 Post
564 1195 784 1260 captam
811 1204 948 1244 vero
979 1187 1362 1244 Mesembriam
1395 1189 1694 1257 imperator
1723 1187 1861 1241 Cru-

283 1297 414 1336 mno
441 1296 574 1352 pace
606 1289 825 1353 negata,
855 1297 922 1335 ex
957 1281 1216 1336 omnibus
1247 1281 1583 1336 thematibus
1607 1279 1859 1334 militiam

283 1383 409 1430 ante
438 1375 659 1430 vernale
696 1383 912 1445 tempus
942 1373 996 1428 in
1015 1374 1285 1428 Thracem
1308 1374 1541 1429 transire
1571 1373 1855 1444 praecepit,

285 1467 358 1521 ita
387 1474 446 1521 ut
475 1481 669 1522 omnes
696 1466 926 1521 moleste
972 1465 1198 1526 ferrent,
1230 1467 1462 1520 maxime
1501 1465 1860 1536 Cappadoces

283 1570 338 1615 et
375 1558 705 1615 Armeniaci.
736 1559 1073 1628 lmperatore
1103 1569 1282 1613 autem
1313 1566 1549 1614 exeunte
1594 1574 1718 1613 cum
1769 1575 1858 1613 or-

283 1649 506 1704 dinibus
537 1664 727 1705 mense
753 1649 916 1715 Maio,
949 1650 1119 1704 exivit
1157 1665 1280 1704 cum
1327 1665 1394 1704 eo
1431 1649 1635 1719 pariter
1661 1649 1860 1704 Proco-

281 1742 371 1812 pia
429 1740 673 1812 Augusta
721 1754 897 1812 usque
946 1741 1012 1795 ad
1066 1741 1421 1812 aquaeductus
1470 1741 1626 1811 juxta
1685 1742 1860 1797 Hera-

281 1833 469 1890 cliam.
501 1833 572 1888 At
602 1848 735 1888 vero
767 1833 1156 1889 multitudines
1191 1849 1356 1904 super
1403 1834 1509 1888 hoc
1536 1834 1750 1889 duriter
1773 1834 1860 1890 fe-

283 1935 471 1982 rentes
501 1925 557 1981 in
601 1925 1011 1996 derogationem
1043 1942 1107 1980 ac
1144 1926 1583 1982 maledictionem
1624 1943 1856 1983 convero
1885 1918 1932 1978 B

282 2031 356 2070 sae
405 2023 536 2072 sunt
582 2025 778 2072 contra
829 2016 1174 2072 Michaelem.
1240 2016 1412 2072 Porro
1473 2019 1637 2073 tertio
1673 2019 1861 2075 Nonas

281 2107 452 2164 Maias
500 2108 722 2179 eclipsis
758 2108 897 2164 facta
950 2116 1034 2164 est
1100 2109 1232 2164 solis
1277 2110 1426 2164 circa
1479 2109 1859 2165 duodecimam

282 2209 496 2273 partem
526 2201 692 2257 Tauri
733 2203 887 2272 juxta
949 2201 1316 2273 horologium,
1367 2204 1583 2258 oriente
1638 2203 1776 2268 sole,
1806 2209 1864 2256 et

282 2296 493 2352 multus-
525 2296 693 2351 timor
727 2295 929 2353 cecidit
971 2311 1136 2366 super
1183 2295 1392 2350 turbas.
1429 2296 1528 2350 Ast
1559 2295 1861 2366 imperator

283 2387 620 2446 circumibat
665 2388 938 2446 Thracem
972 2403 1096 2442 cum
1128 2387 1460 2460 praetoribus
1508 2403 1572 2442 ac
1623 2387 1858 2453 militiis,

284 2497 467 2552 neque
527 2491 718 2539 contra
768 2481 1150 2537 Mesembriam
1201 2494 1453 2551 pergens,
1505 2495 1683 2550 neque
1714 2480 1863 2536 aliud

293 2576 427 2646 quid
461 2590 653 2631 eorum
679 2590 799 2645 quae
827 2575 909 2645 agi
941 2573 1144 2628 debent
1192 2572 1257 2626 ad
1301 2571 1736 2628 destructionem
1766 2574 1866 2628 ho-

283 2669 452 2724 stium
505 2675 768 2738 patrans,
828 2664 923 2719 sed
989 2673 1198 2719 tantum
1253 2677 1452 2717 suasus
1513 2663 1865 2720 sermonibus

282 2760 442 2816 vanis
479 2760 923 2816 consiliariorum
972 2774 1219 2823 suorum,
1266 2758 1536 2813 bellorum
1583 2758 1865 2829 experien-

286 2851 418 2906 tiam
461 2866 574 2905 non
623 2849 946 2905 habentium
976 2891 990 2916 ,
1032 2864 1094 2903 ac
1147 2864 1244 2920 per
1286 2849 1392 2904 hoc
1428 2844 1864 2904 asseverantium

285 2959 396 3000 non
445 2943 652 2998 audere
697 2942 981 2996 inimicum
1031 2941 1301 2997 adversus
1353 2941 1507 2995 illum
1557 2941 1767 3005 venire,
1809 2942 1864 2996 in

286 3036 510 3108 propria
541 3035 763 3107 regione
810 3035 1117 3090 sedentem.
1169 3035 1238 3089 Et
1291 3043 1409 3090 erat
1442 3035 1733 3090 barbarico
1765 3033 1867 3088 im-

286 3134 417 3197 petu
469 3128 689 3198 gravior
744 3126 1052 3182 concivium
1088 3136 1269 3183 caatus
1299 3127 1677 3182 deficientium
1714 3127 1864 3183 circa

285 3221 623 3278 necessarias
656 3221 924 3277 utilitates
954 3262 968 3287 ,
1022 3233 1076 3276 et
1122 3222 1329 3293 rapinis
1369 3239 1431 3278 ac
1485 3221 1865 3278 invasionibus

284 3311 769 3370 extenminantium
827 3315 1237 3384 eompatriolas.
1303 3313 1462 3369 Circa
1511 3313 1668 3370 initia
1729 3331 1861 3370 vero

283 3405 434 3463 Junii
468 3406 674 3462 mensis
705 3406 840 3462 exiit
895 3406 1170 3461 Crumnus
1224 3407 1519 3478 Vulgarum
1573 3406 1686 3462 dux
1738 3422 1865 3463 cum

283 3495 622 3551 exercitibus
655 3497 792 3560 suis,
828 3495 1056 3560 veritus,
1092 3497 1240 3566 quod
1279 3497 1449 3552 multa
1481 3496 1651 3552 millia
1681 3505 1867 3553 essent

284 3586 743 3644 Christianorum.
820 3587 1070 3660 Cumque
1127 3589 1391 3646 movisset
1447 3591 1755 3646 exercitum
1810 3591 1864 3645 in

287 3680 645 3737 Versiniciam
681 3681 834 3752 quasi
881 3681 1109 3737 tricenis
1163 3682 1336 3753 signis
1371 3682 1441 3736 ab
1484 3675 1867 3753 imperialibus

285 3773 504 3840 castris,
534 3773 648 3830 Leo
680 3774 945 3844 patricius
974 3782 1032 3829 et
1073 3783 1274 3845 praetor
1301 3773 1665 3829 Orientalium
1705 3774 1867 3830 Joan-

286 3883 498 3940 nesqne
554 3868 823 3939 patricius
873 3878 929 3923 et
981 3865 1311 3922 Macedoniae
1370 3876 1594 3937 praeter,
1665 3881 1867 3938 cogno-

286 3969 475 4018 mento
498 3962 750 4032 Aplaces.
783 3961 1016 4016 multum
1045 3958 1285 4031 prompti
1327 3963 1394 4014 ad
1425 3960 1528 4013 hos
1558 3958 1863 4025 bellandos,

287 4053 553 4125 prohibiti
603 4063 733 4109 sunt
775 4053 845 4109 ab
876 4053 1208 4125 imperatore
1241 4067 1340 4124 per
1389 4051 1560 4106 malos
1605 4052 1866 4106 consilia-

289 4148 420 4203 rios.
476 4145 614 4203 Cum
671 4158 854 4202 autem
910 4146 1042 4202 urbs
1096 4146 1329 4201 letanias
1394 4143 1700 4200 celebraret
1742 4160 1867 4199 cum

288 4257 506 4298 summo
537 4242 824 4298 sacerdote
859 4243 911 4297 in
947 4241 1149 4313 templo
1179 4241 1277 4298 SS.
1304 4241 1716 4312 Apostolorum,
1744 4241 1869 4313 quia

289 4337 414 4392 dam
477 4335 772 4407 impiorum
833 4336 1085 4392 obscena:
1138 4336 1248 4391 Deo
1293 4335 1475 4405 perosi
1515 4333 1867 4390 Constantini

289 4431 584 4495 haereseos,
610 4428 863 4485 obserata
884 4437 1045 4502 porta
1075 4428 1441 4498 imperialium
1461 4427 1865 4498 sepulcrorum,

287 4523 512 4579 nemine
546 4522 903 4588 attendente,
957 4529 1183 4592 propter
1241 4521 1419 4576 turba:
1473 4519 1865 4590 frequentiam,

1968 643 2108 700 sent,
2145 633 2241 690 sed
2275 635 2638 691 orthodoxam
2657 643 2762 691 eta
2798 635 3054 693 Patrihus
3087 637 3344 694 traditam
3377 639 3542 697 tidem

1967 741 2294 798 sacrumque
2331 727 2580 782 habitum
2618 727 3044 793 monachorum,
3095 729 3190 799 qui
3223 729 3425 787 divinat
3459 739 3544 787 est

1966 819 2328 891 philosophiae
2352 819 2712 892 gymnasium.
2736 819 2896 875 Multi
2925 827 3108 877 autem
3137 836 3328 877 eorum
3363 823 3456 893 qui
3485 823 3542 878 in

1973 912 2061 968 his
2077 913 2553 983 hlasphemabant,
2579 913 2773 969 habitu
2804 922 3015 969 tantum
3038 923 3201 970 erant
3217 913 3542 983 Christiani,

1968 1007 2200 1062 veritate
2241 1023 2375 1062 vero
2400 1006 2722 1072 Pauliciani,
2754 1007 2847 1076 qui
2869 1022 2978 1062 non
3009 1007 3258 1064 valentes
3295 1007 3543 1064 detesta-

1967 1096 2098 1152 bilia
2150 1097 2402 1168 dogmata
2449 1111 2547 1152 sua
2577 1097 2928 1152 manifestare
2970 1097 3350 1168 hujuscemodi
3377 1113 3542 1154 oeca-

1967 1190 2120 1246 sionc
2173 1189 2426 1245 indoctos
2482 1188 2885 1255 adulterabant,
2942 1188 3384 1256 Constantinum,
3434 1192 3530 1261 qui

1966 1282 2180 1338 Iudaici
2213 1281 2394 1337 fuerat
2425 1297 2639 1346 sensus,
2669 1283 2890 1338 beatum
2925 1281 3176 1338 dicentes
3209 1291 3270 1338 ut
3301 1284 3544 1355 prophet-

1970 1383 2079 1429 tam
2115 1382 2171 1429 et
2201 1375 2491 1433 victorem.
2527 1372 2894 1444 haeresimque
2926 1373 3115 1444 ipsius
3138 1376 3192 1429 in
3223 1374 3542 1430 subversio-

1967 1479 2092 1522 nem
2129 1466 2425 1520 incarnatze
2481 1463 2912 1535 dispensationis
2943 1465 3164 1519 Domini
3199 1465 3374 1520 nostri
3410 1464 3542 1521 Jesu

1965 1557 2169 1614 Christi
2195 1557 2611 1626 amplectentes.
2648 1556 2820 1612 Porro
2845 1555 3062 1611 decimo
3080 1556 3352 1611 Kalendas
3369 1556 3543 1611 Iulias

1967 1650 2215 1722 praelium
2246 1650 2570 1705 ineuntibus
2603 1649 2748 1705 haud
2784 1651 2974 1720 procul
3017 1651 3087 1705 ab
3121 1649 3540 1721 lladrianopoli,

1967 1744 2298 1814 delinquunt
2358 1743 2582 1812 quidem
2639 1741 2939 1798 Christiani
2993 1742 3150 1796 valde
3213 1742 3333 1798 dire
3395 1742 3543 1797 circa

1966 1836 2195 1900 bellum,
2250 1835 2501 1890 obtinent
2528 1844 2711 1889 autem
2754 1834 2962 1889 inimici
2990 1848 3225 1904 pugnam
3262 1849 3289 1887 a
3315 1834 3449 1898 Deo,
3483 1841 3545 1888 ut

1962 1932 2146 2002 plures
2171 1929 2614 1984 Christianorum
2645 1944 2747 1984 nec
2767 1928 2997 1999 primam
3030 1928 3542 1999 congressionem...

1964 2035 2176 2078 summa
2211 2021 2336 2092 fuga
2372 2030 2686 2084 uterentur,
2715 2021 2789 2076 ita
2816 2029 2873 2074 ut
2905 2019 3183 2076 Crumnus
3224 2028 3548 2075 consterna-

1966 2125 2053 2171 tus
2083 2117 2381 2172 aestimaret
2412 2113 2743 2168 insidiarum
2784 2127 3129 2183 quarumque
3160 2119 3544 2182 argumentum

1963 2227 2119 2273 esse;
2149 2226 2258 2280 quo
2282 2209 2488 2264 factum
2512 2217 2596 2263 est
2624 2216 2686 2262 ut
2706 2206 2984 2262 modicum
3018 2206 3285 2261 retineret
3315 2218 3446 2260 suos
3474 2202 3544 2258 ab

1967 2303 2314 2359 insecutione
2348 2319 2362 2356 :
2396 2301 2524 2373 quia
2572 2301 2722 2356 enim
2752 2299 2890 2355 vidit
2930 2313 3025 2355 eos
3052 2298 3170 2354 sine
3225 2297 3334 2353 ulla
3361 2304 3546 2352 reten-

1967 2397 2116 2450 tione
2150 2394 2364 2466 fugere,
2397 2402 2724 2464 persecutus
2773 2390 2979 2447 occidit
3034 2381 3417 2446 multitudines
3445 2403 3543 2442 eo-

1965 2487 2166 2558 piosas,
2186 2486 2416 2542 veniens
2442 2485 2804 2541 nihilominus
2822 2483 2887 2539 ad
2911 2482 3177 2549 sarcinas,
3211 2491 3268 2537 et
3298 2481 3397 2536 has
3416 2496 3543 2536 cum

1965 2578 2179 2634 exuviis
2213 2577 2494 2634 auferens.
2527 2579 2628 2633 Ast
2664 2578 2964 2648 imperator
2990 2576 3209 2648 fugiens
3235 2574 3553 2647 repedabat»

1965 2672 2018 2726 in
2056 2673 2273 2738 urbem,
2326 2670 2780 2727 multitudinibus
2838 2671 3145 2740 harumque
3193 2667 3542 2739 principibus

1966 2767 2226 2837 sumptis.
2260 2765 2490 2836 insuper
2516 2774 2572 2820 et
2599 2764 2816 2835 imperii
2849 2762 3214 2834 pollicebatur
3245 2760 3560 2832 depositio--

1964 2871 2090 2912 nem
2153 2856 2432 2928 dejurans.
2473 2856 2623 2912 lutcr
2674 2870 2813 2926 quos
2851 2863 2908 2910 et
2947 2853 3189 2910 Leonem
3243 2852 3548 2922 patricium

1963 2959 2019 3006 et
2041 2957 2332 3020 pmtorem
2363 2947 2752 3011 Orientalium,
2791 2959 3050 3018 tanquam
3084 2947 3234 3018 pium
3265 2953 3320 3001 et
3350 2944 3544 3000 fortis-

1965 3041 2166 3097 simum
2195 3051 2248 3098 et
2270 3045 2371 3112 per
2395 3041 2580 3097 omnia
2610 3050 2922 3104 strenuum,
2959 3039 3012 3094 in
3037 3037 3275 3094 tenendo
3303 3037 3540 3110 imperio

1964 3134 2236 3189 asciscere
2255 3134 2464 3189 socium
2483 3134 2676 3188 voluit.
2699 3132 2801 3199 Qui
2824 3129 3138 3187 nullatenus
3162 3129 3540 3200 acquieseens,

1966 3223 2177 3279 dimisit
2198 3239 2323 3279 eum
2348 3238 2584 3294 praeesse
2609 3223 2966 3285 thematibus,
2995 3222 3221 3291 ipseque
3244 3219 3311 3275 ad
3338 3219 3543 3290 regiam

1967 3315 2224 3388 pervenit
2267 3317 2463 3371 urbem
2513 3326 2708 3370 octavo
2761 3313 3035 3369 Kalendas
3101 3312 3299 3376 Julias,
3353 3310 3565 3366 volens-

1967 3407 2551 3479 deponereimperium
2583 3406 2822 3461 etalium
2847 3419 3209 3475 promovere;
3241 3401 3336 3474 qui
3362 3412 3556 3457 tamen

1967 3501 2037 3558 ab
2057 3515 2250 3566 uxore,
2280 3510 2335 3556 et
2374 3501 2442 3555 ab
2465 3500 2553 3554 his
2573 3499 2667 3570 qui
2707 3499 2962 3570 nequiter
2992 3496 3414 3568 praevaluerant,
3433 3508 3545 3550 non

1965 3605 2052 3651 est
2081 3593 2400 3665 permissus.
2434 3593 2636 3649 Verum
2669 3592 2723 3646 in
2749 3591 2854 3646 hoc
2889 3589 3232 3659 Nicephorus
3259 3586 3547 3644 sanctissi-

1966 3703 2090 3743 mus
2113 3686 2426 3758 patriarcha
2471 3684 2856 3741 consentiebat
2885 3702 2896 3737 :
2928 3683 2996 3737 Et
3026 3685 3157 3753 ipse,
3182 3681 3464 3752 inquiens,
3495 3689 3549 3733 et

1965 3779 2070 3850 ﬁlii
2091 3781 2204 3851 ejus
2236 3778 2483 3835 salvandi
2512 3784 2686 3842 erunt,
2720 3778 2764 3830 si
2794 3775 2971 3830 taliter
2999 3775 3113 3845 quis
3153 3781 3546 3845 promouentur.

1967 3875 2038 3930 At
2059 3889 2192 3930 vero
2224 3883 2488 3944 praetores
2509 3871 2787 3926 discentes
2810 3869 3201 3939 imperatorem
3242 3880 3369 3920 cum
3409 3864 3551 3920 ml.

1968 3965 2304 4021 titudinibus
2330 3965 2386 4019 in
2421 3963 2612 4018 urbem
2640 3961 2863 4033 fugisse,
2898 3958 3174 4028 desperati
3206 3956 3274 4011 ab
3303 3971 3371 4011 eo
3400 3953 3561 4026 quod-

1967 4058 2036 4114 de
2051 4053 2569 4125 caeteroimperandi
2601 4053 2804 4118 forent,
2831 4061 2886 4106 et
2912 4049 3186 4105 consiliati
3207 4048 3348 4118 apud
3374 4055 3563 4102 semet

1970 4150 2118 4221 ipsos
2141 4148 2513 4220 implorabant
2547 4146 2789 4201 Leonem
2835 4141 3131 4214 patricium
3165 4149 3221 4197 et
3255 4145 3547 4211 praetorem

1968 4243 2352 4308 Orientalium,
2379 4257 2486 4312 quo
2518 4239 2878 4295 auxiliaretur
2908 4235 3185 4292 communi
3212 4235 3291 4290 rei
3317 4233 3551 4304 publica

1968 4346 2025 4394 et
2055 4334 2495 4392 Christianorum
2552 4328 2803 4399 religioni
2860 4325 3248 4398 opitularetur.
3299 4324 3397 4379 Ast
3459 4325 3550 4380 ille

1969 4427 2291 4502 aliquandiu
2317 4427 2677 4482 vehementer
2707 4420 2996 4477 diﬂ‘erebat
3027 4428 3268 4490 tempus,
3292 4416 3547 4474 considet-

1972 4537 2100 4578 rans
2129 4519 2505 4576 difﬁcultatem
2537 4527 2594 4572 et
2621 4515 2986 4570 Barbarorum
3028 4512 3402 4569 incursionem
3453 4512 3544 4566 iu-

288 4633 400 4689 quo
436 4617 620 4673 subito
653 4632 778 4672 cum
800 4614 1037 4687 quodam
1067 4613 1248 4670 sonitu
1279 4614 1588 4683 aperiretur
1610 4620 1862 4682 egerunt,
1899 4619 1942 4674 ι)
1970 4613 2335 4673 tolerabilem,
2376 4619 2432 4666 et
2455 4618 2628 4666 semet
2657 4609 2834 4678 ipsum
2869 4621 2998 4678 erga
3020 4607 3381 4675 imperatores
3416 4618 3550 4657 mn-

288 4709 454 4781 quasi
477 4725 543 4766 ex
574 4709 810 4780 quadam
833 4707 1156 4777 operatione
1200 4705 1469 4761 divinitus
1515 4704 1642 4759 facti
1686 4703 1872 4775 prodi-

290 4804 408 4875 gii,
463 4809 519 4858 et
568 4802 716 4858 intro
781 4801 1094 4857 insilientes
1149 4797 1508 4870 procidebant
1563 4796 1872 4852 seductoris

292 4903 688 4958 monumento,
747 4893 895 4949 hunc
961 4893 1285 4948 invocantes
1348 4897 1404 4944 et
1469 4903 1579 4942 non
1633 4889 1804 4942 Deum
1853 4903 1867 4938 :

292 4985 502 5058 Surge,
560 4985 857 5051 dicentes,
925 4993 973 5038 et
1038 4981 1301 5039 auxiliare
1360 4980 1586 5052 perdita?
1639 4979 1714 5032 rei
1773 4996 1872 5049 pu-

293 5078 477 5144 blica;
506 5077 1037 5146 diﬂ‘amaveruntque
1061 5077 1186 5146 quia
1213 5074 1454 5129 surrexit
1477 5087 1645 5143 super
1666 5087 1870 5142 equum

295 5170 514 5236 sedens,
542 5177 598 5225 et
635 5169 787 5224 vadit
823 5167 1084 5240 Vulgares
1114 5167 1441 5232 bellaturus,
1485 5166 1577 5235 qui
1623 5181 1651 5220 e
1678 5173 1871 5219 contra

295 5264 586 5319 Tartarum
631 5263 843 5317 habitat
889 5277 1014 5318 cum
1045 5259 1407 5315 daemonibus.
1458 5257 1558 5324 Qui
1593 5258 1662 5311 ab
1722 5257 1874 5312 urbis

296 5354 557 5422 prmfecto
586 5353 968 5426 comprehensi
999 5352 1176 5423 primo
1205 5349 1428 5421 quidem
1462 5347 1874 5402 mentiebantur

297 5453 567 5508 divinitus
597 5451 741 5507 ultro
771 5449 939 5505 fuisse
960 5454 1146 5518 portas
1173 5447 1555 5516 sepulcrorum
1601 5453 1821 5514 apertas
1857 5459 1871 5495 :

298 5545 610 5617 praesentati
643 5557 775 5598 vero
798 5541 1052 5596 tribunali
1089 5538 1325 5610 prmfecti
1361 5547 1415 5592 et
1453 5538 1598 5591 circa
1629 5537 1874 5591 testimo-

300 5641 450 5695 nium
504 5637 877 5694 claudicantes
905 5632 1270 5691 obserationis
1308 5630 1554 5685 fraudem
1593 5637 1720 5683 ante
1755 5643 1874 5681 Olli-

301 5749 423 5788 nem
473 5745 691 5802 pernam
739 5727 975 5784 confessi
1011 5735 1332 5796 sunt;quos
1382 5723 1581 5778 merito
1629 5721 1878 5776 vectibus

303 5825 548 5883 subdens
601 5837 813 5895 pompae
881 5821 1114 5893 publica:
1175 5816 1451 5880 submisit,
1507 5815 1878 5872 vociferantes

306 5933 528 5977 causam
567 5931 758 5988 paena.
788 5915 876 5971 Sic
897 5914 1042 5971 enim
1069 5912 1324 5984 nequitia:
1345 5911 1599 5968 inventor
1622 5909 1876 5964 diabolus

1970 4721 2198 4763 servans
2253 4711 2468 4759 rectum
2515 4711 2572 4757 et
2620 4703 2827 4770 absque
2865 4698 3100 4754 insidiis.
3148 4695 3287 4764 Q'uia
3322 4693 3553 4750 veroad

1973 4801 2164 4856 urbem
2192 4811 2490 4869 properare
2516 4795 2800 4850 inimicum
2832 4791 2992 4856 vidit,
3022 4790 3216 4846 scribit
3240 4788 3552 4858 Nieephoro

1970 4891 2298 4965 patriarcha:
2319 4890 2387 4945 de
2423 4897 2572 4943 recta
2598 4886 2703 4942 fide
2725 4901 2822 4942 sua
2852 4883 3148 4948 afﬁrmans,
3174 4891 3368 4954 petens
3385 4881 3550 4938 etiam

1973 4994 2032 5040 ut
2059 5001 2182 5040 cum
2235 4983 2484 5039 oratione
2513 4990 2571 5036 et
2607 4989 2747 5035 nutu
2780 4981 2900 5050 cjus
2949 4977 3244 5048 imperium
3283 4981 3548 5031 sumeret.

1973 5080 2041 5134 Et
2075 5077 2304 5132 veniens
2352 5074 2420 5130 ad
2476 5073 2841 5129 tribunalium
2886 5079 3013 5126 ante
3060 5069 3256 5123 urbem
3313 5066 3552 5137 positum

1975 5189 2080 5226 una
2107 5186 2230 5225 cum
2259 5167 2589 5240 prmtoribus
2611 5174 2668 5221 et
2693 5163 3049 5228 exercitibus,
3091 5162 3249 5215 valde
3273 5159 3556 5231 legitimus

1976 5264 2347 5318 Romanorum
2385 5255 3074 5329 imperator-ostenditur,
3134 5262 3189 5308 et
3233 5251 3323 5306 die
3373 5249 3552 5304 media

1975 5351 2510 5422 Constantinopolim
2537 5365 2636 5420 per
2664 5347 2860 5404 Carisii
2898 5357 3110 5417 portam
3138 5343 3467 5414 ingreditur,
3499 5347 3554 5393 et

1978 5448 2042 5503 ad
2094 5446 2294 5518 regalia
2339 5443 2612 5514 pervenit.
2649 5441 2820 5495 Porro
2866 5439 3119 5498 Michael.
3151 5436 3338 5491 audita
3390 5435 3556 5505 hujus

1976 5537 2385 5597 acclamatione,
2404 5534 2458 5589 in
2477 5532 2777 5589 oratorium
2795 5531 2954 5587 Phari
2975 5544 3292 5590 accurrens,
3310 5541 3416 5582 una
3432 5541 3556 5581 cum

1977 5630 2242 5700 Procopia
2270 5629 2524 5697 natisque
2561 5625 2696 5688 suis,
2721 5624 2965 5678 deton~is
2993 5621 3206 5691 capillis
3256 5619 3557 5674 monastica

1983 5723 2160 5778 induit
2198 5721 2520 5776 vestimenta
2557 5718 2749 5788 quinto
2793 5717 2919 5771 ldus
2967 5713 3142 5769 Julias
3201 5721 3369 5767 sextae
3415 5708 3557 5764 indi-

1980 5813 2200 5876 etionis,
2253 5810 2387 5866 feria
2413 5809 2673 5865 secunda.
2707 5809 2932 5864 Postera
2973 5821 3104 5861 vero
3141 5804 3229 5859 die
3261 5811 3557 5857 eoronatus

1980 5906 2339 5976 aNiccphoro
2376 5903 2686 5975 patriarcha
2715 5903 2766 5956 in
2791 5903 3022 5957 amboue
3059 5900 3275 5972 Major-is
3311 5895 3556 5955 ecclesia:
