3926 6444
833 760 1497 895 ΝΟΤΙΤΙΑ
1585 764 1749 889 ΙΝ
1816 756 2969 892 ῘΤΗΕΟΡΗΑΝΕΜ.

406 1055 546 1114 (Jac.
586 1053 750 1113 Goxu,
773 1052 881 1100 ord.
907 1047 1364 1101 Fratrum‘l‘raedic.
1387 1045 1437 1096 in
1465 1052 1567 1096 not.
1602 1046 1661 1095 ad
1693 1045 2010 1108 Theophanis
2056 1045 2524 1111 Chronoqmphiam,
2563 1063 2612 1111 p.
2641 1050 2730 1101 5L5
2763 1052 3074 1117 ed.Luparte
3106 1068 3185 1105 an.
3214 1055 3379 1121 I655.)

305 1350 420 1404 Non
449 1365 608 1405 unus
640 1349 1002 1418 Theophanes
1051 1349 1296 1405 historia:
1314 1347 1577 1404 Romanae
1637 1348 1719 1403 vel
1779 1348 2097 1418 Byzantinae
2129 1348 2387 1417 scriptor,
2436 1357 2531 1402 aut
2575 1348 2739 1401 etiam
2786 1350 3072 1418 praesentis
3111 1354 3294 1424 operis
3324 1367 3533 1416 auctor

237 1455 475 1504 coaevus,
538 1439 633 1493 vel
667 1454 896 1508 suppar.
952 1439 1389 1507 Antiquissimus
1439 1444 1525 1492 est
1557 1435 1894 1507 Mitylenaeas
1920 1433 2162 1503 Pompeii
2209 1438 2392 1506 magni
2424 1434 2477 1488 in
2535 1434 2743 1490 bellicis
2776 1437 3216 1506 expeditionibus
3259 1443 3443 1514 miles,
3470 1457 3528 1502 et

243 1536 524 1593 gestorum
566 1526 732 1580 testis
759 1540 824 1579 ac
854 1540 1056 1595 przcco,
1091 1540 1122 1578 a
1155 1523 1350 1579 Vossio
1395 1523 1475 1577 De
1503 1522 1769 1577 historicis
1811 1520 2034 1585 Graecis,
2073 1521 2169 1577 lib.
2197 1538 2236 1587 I,
2293 1538 2413 1593 cap.
2475 1521 2547 1576 23
2582 1535 2946 1581 memoratus.
3000 1525 3290 1587 Secundus
3344 1543 3533 1603 poeta,

249 1614 397 1682 cujus
444 1629 659 1684 paucos
697 1629 892 1669 versus
934 1613 1263 1684 Anthologia
1316 1612 1558 1678 exhibet,
1584 1611 1679 1666 lib.
1711 1625 1797 1677 ιιι,
1830 1618 1967 1666 sect.
1997 1610 2051 1664 5.
2086 1610 2237 1665 Alter
2268 1609 2567 1680 Byzantius
2615 1606 2980 1682 Theophanes
3031 1612 3231 1671 Justini
3298 1620 3528 1677 secundi

255 1704 445 1757 bellum
506 1702 816 1765 Persicum,
847 1700 1237 1771 Romanasque
1276 1714 1388 1765 res,
1414 1714 1539 1765 suo,
1604 1699 1658 1754 id
1707 1708 1812 1764 est,
1859 1697 2062 1754 Justini
2120 1708 2384 1771 tempore,
2415 1701 2545 1756 olim
2581 1703 2747 1768 visas,
2787 1702 2942 1758 libris
2973 1704 3183 1768 decem.
3210 1722 3351 1776 quos
3377 1709 3526 1765 Pho-

259 1788 362 1844 tius
386 1790 658 1859 perlectus
685 1800 977 1851 memorat,
1000 1788 1223 1859 scriptis
1250 1787 1613 1858 consignavit.
1666 1786 1908 1853 Quartus
1941 1785 2034 1843 hic
2072 1796 2267 1843 auctor
2299 1799 2510 1852 noster,
2539 1791 2705 1847 etiam
2732 1790 3050 1860 Byzantius,
3071 1791 3387 1863 Byzantium
3421 1796 3525 1852 Hio-

266 1878 440 1932 storite
476 1894 507 1931 a
544 1876 889 1932 Diocletiano
940 1877 1010 1931 ad
1066 1875 1388 1932 Michaelem
1426 1873 1717 1945 Nicephori
1756 1890 2017 1946 generum
2054 1877 2328 1947 scriptor,
2370 1875 2640 1948 Georgius
2702 1880 2947 1944 nomine,
2986 1883 3318 1950 cegnomine
3349 1882 3533 1941 Theo-

273 1964 492 2032 phanes,
527 1965 672 2035 quod
701 1964 923 2036 Georgii
970 1962 1210 2038 Syncelli
1241 1961 1531 2018 familiaris
1560 1962 1854 2030 exstiterit,
1874 1973 1929 2018 et
1956 1963 2076 2035 ejus
2102 1964 2555 2036 chronographize
2598 1968 2973 2032 continuatur,
2994 1982 3281 2038 perperam
3317 1970 3533 2039 Vossio,

286 2053 511 2121 aliisque
557 2068 659 2107 non
695 2053 937 2109 indoctis
972 2054 1127 2118 viris,
1152 2053 1246 2107 lib.
1281 2068 1343 2118 ιι,
1391 2067 1514 2122 cap.
1546 2052 1619 2108 24
1664 2062 2039 2123 nuncupatus.
2089 2053 2243 2108 Alius
2291 2052 2492 2107 iterum
2544 2054 2647 2109 hoc
2711 2064 2903 2110 nostro
2951 2055 3316 2127 Theophanes
3343 2059 3534 2126 junior

290 2138 525 2193 Meterius
551 2140 850 2210 episcopus,
901 2138 1177 2197 Theodori
1222 2140 1411 2204 frater,
1439 2146 1494 2194 et
1549 2153 1671 2192 cum
1705 2153 1772 2192 eo
1824 2148 2139 2215 sanctorum
2177 2139 2476 2211 imaginum
2522 2141 2703 2196 cultus
2746 2140 2957 2197 defensi
3005 2144 3075 2200 ab
3130 2145 3302 2214 impio
3351 2145 3534 2203 Theo-

274 2226 416 2295 phila
439 2244 561 2281 reus
594 2229 1029 2298 pronuntiatus,
1079 2226 1324 2299 κεντητῷ
1356 2227 1550 2303 μέλανι
1591 2227 1882 2294 litteratus,
1914 2228 2120 2299 ingenii
2162 2227 2401 2299 ﬁdeique
2454 2238 2809 2286 monumenta
2848 2232 3069 2303 reliquit
3130 2233 3535 2300 laudatissima,

263 2328 293 2365 ι
318 2312 608 2370 Possevino
638 2318 927 2373 recensita.
977 2317 1300 2372 Coactaneus
1338 2316 1474 2370 alter
1499 2313 1884 2385 Theophanes,
1923 2325 1976 2372 et
2016 2316 2415 2372 monachorum
2462 2316 2480 2388 (
2514 2318 2656 2372 haud
2709 2320 3114 2375 nominatorum
3146 2325 3165 2391 )
3199 2325 3526 2394 praepositus

259 2404 353 2457 sub
381 2403 645 2460 Michaele
672 2404 964 2477 Theophili
997 2406 1130 2472 lilio,
1150 2405 1312 2475 Cujus
1345 2419 1484 2475 opus
1515 2405 1571 2458 in
1599 2400 1892 2473 Nicephori
1920 2403 2244 2474 patriarchae
2280 2404 2533 2459 exsilium
2554 2446 2568 2470 ,
2605 2413 2659 2460 et
2681 2405 3035 2475 reliquiarum
3067 2408 3189 2478 ejus
3215 2411 3536 2466 translatio-

257 2505 372 2545 nem
408 2491 581 2548 refert
615 2494 1032 2564 Metaphrastes,
1063 2503 1116 2549 et
1141 2509 1208 2548 ex
1230 2509 1295 2549 eo
1323 2491 1522 2547 Surius
1570 2491 1746 2545 Martii
1787 2491 1875 2545 die
1927 2490 2142 2545 decimo
2174 2491 2357 2545 tertio.
2398 2490 2679 2561 Septimus
2730 2491 3096 2563 Theophanes
3119 2495 3367 2564 ejusdem
3406 2515 3533 2555 cum

254 2577 450 2635 Basilio
488 2581 793 2638 Macedone
821 2581 1105 2638 Michaelis
1173 2595 1499 2638 successore
1547 2578 1831 2648 temporis,
1868 2576 2166 2634 Cerameus
2228 2588 2335 2645 est,
2373 2579 2464 2635 ille
2518 2580 3012 2637 Tauromenitanus
3060 2587 3259 2653 praesul
3290 2588 3395 2644 :de
3424 2605 3535 2659 quo

250 2670 635 2738 εοεαε-διε,αυί
672 2685 842 2740 opera
868 2670 991 2741 ejus
1015 2671 1075 2724 in
1108 2669 1388 2739 publicum
1421 2666 1718 2738 evolgavit,
1768 2664 2099 2722 Franciscus
2144 2666 2401 2722 Scorsus.
2449 2668 2631 2724 Alium
2680 2685 2876 2726 rursus
2901 2672 3112 2727 amicus
3143 2685 3194 2728 et
3223 2675 3532 2731 litterarum

243 2769 439 2811 amans
466 2755 585 2810 Leo
639 2756 880 2812 Allatius
928 2758 1172 2829 suggerit
1206 2756 1467 2812 familiari
1526 2755 1760 2825 epistola
1796 2770 1863 2810 ex
1915 2751 2142 2809 Joannis
2191 2754 2475 2823 cujusdam
2528 2771 2741 2828 magna:
2780 2755 2871 2812 Dei
2898 2757 3157 2816 Ecclesia:
3210 2761 3429 2817 diaconi
3475 2774 3533 2818 et

239 2842 489 2897 rhetoris
547 2845 798 2915 scripto:
830 2848 938 2911 Εἰς
986 2844 1095 2899 τὸν
1114 2846 1262 2910 βίον
1303 2843 1519 2913 Ἰωσὴφ
1558 2842 1666 2898 τοῦ
1702 2846 1789 2913 ῠμε

1982 2859 2113 2912 μου.
2144 2840 2275 2913 Ejus
2302 2845 2468 2900 verba
2517 2844 2672 2901 huic:
2710 2845 2975 2914 Θεοφάνει
3011 2848 3113 2917 μὲν
3159 2847 3252 2902 οὖν
3301 2866 3408 2904 τινι
3436 2849 3532 2906 τοῦ

238 2932 402 3003 ἱεροῦ
440 2933 840 3005 πρεσϐυτερίου
881 2934 1193 3006 ὴξιωμένῳ,
1234 2934 1330 2988 καὶ
1364 2932 1444 3004 τῷ
1495 2932 1781 3002 καταλόγῳ
1827 2930 2194 3002 ἠριθμημένῳ
2242 2931 2353 2986 τῶν
2405 2931 2654 3004 μοναχῶν
2679 2935 2707 2986 ὁ
2756 2933 2870 3004 βίος
2909 2935 3064 2989 τοῦδε
3113 2935 3206 2990 τοῦ
3247 2939 3527 3009 μακαρίου

232 3024 581 3093 πεπὸνηται.
613 3023 686 3076 Οὐ
716 3024 824 3094 μὴν
861 3023 997 3077 ἀλλὰ
1031 3021 1352 3094 παρέδραμε
1407 3020 1595 3076 τοῦτον
1653 3019 1823 3074 πολλὰ
1847 3059 1863 3084 ,
1894 3019 1977 3074 ὅτι
2034 3019 2179 3073 κατὰ
2223 3020 2463 3091 σπουδὴν
2492 3021 2688 3091 ἐκείνῳ
2732 3022 3110 3094 συνεξυφάνθη
3156 3025 3219 3079 τὸ
3258 3028 3484 3099 πόνημα
3509 3045 3523 3058 ·

232 3111 441 3181 ἀμέλει
471 3115 571 3165 καὶ
613 3105 692 3174 οἷς
723 3113 930 3176 ἐκεῖνος
976 3110 1071 3164 τοῦ
1113 3110 1361 3182 μάκαρος
1406 3109 1562 3163 τοῦδε
1585 3108 1677 3162 τὸν
1707 3107 1822 3179 βίον
1851 3107 2206 3180 ὲσμῐκρυνεν,
2240 3109 2298 3163 ὲν
2347 3108 2562 3173 τούτοις
2593 3109 2742 3180 ἡμᾶς
2793 3109 2888 3164 ἐπὶ
2918 3111 2980 3166 τὸ
3026 3107 3186 3183 εὖρος
3212 3113 3313 3184 τῆς
3342 3113 3534 3187 διηγή-

239 3214 391 3260 σεως
441 3198 809 3270 προε6ί6ασεν
833 3215 849 3232 ⁸
882 3199 1187 3268 Theophani
1222 3214 1352 3254 sane
1380 3198 1596 3253 cuidam
1617 3212 1777 3251 sacra
1824 3197 2116 3267 presbyteri
2147 3196 2406 3267 dignitate
2435 3207 2698 3267 provecto,
2756 3208 2803 3252 et
2838 3200 3214 3253 monachorum
3245 3203 3389 3272 gregi
3429 3204 3532 3258 ad-

240 3286 389 3341 iecto
422 3288 558 3341 beati
588 3288 752 3357 hujus
805 3288 912 3342 vita
942 3288 1217 3344 elaborata
1266 3295 1367 3343 est.
1411 3282 1603 3340 Verum
1626 3301 1787 3356 quam
1825 3282 1995 3337 multa
2025 3283 2114 3337 ille
2141 3285 2437 3352 prwteriit:
2472 3286 2611 3355 quod
2643 3300 2770 3353 opus
2825 3286 2989 3340 nimia
3037 3290 3270 3357 quadam
3308 3289 3532 3359 [estina-

250 3377 420 3440 tione,
468 3393 560 3430 nec
609 3393 815 3431 morose
846 3378 976 3432 satis
1006 3377 1357 3431 contexuerit.
1400 3372 1471 3429 In
1497 3374 1686 3446 quibus
1719 3383 1896 3428 tamen
1933 3372 2072 3426 beati
2102 3371 2261 3443 hujus
2287 3373 2453 3428 vitam
2494 3374 2790 3439 contraxit,
2823 3383 2877 3427 ut
2906 3376 3142 3445 spatium
3180 3393 3274 3446 per
3299 3378 3532 3449 amplius

252 3466 619 3520 narrationem
661 3468 1112 3535 protenderemus,
1136 3467 1194 3520 in
1218 3466 1407 3523 iisdem
1436 3462 1528 3518 ille
1554 3480 1649 3519 nos
1672 3461 1953 3534 promovit.

325 3551 449 3607 Jam
510 3554 659 3624 quod
694 3571 760 3608 es
795 3556 919 3611 istis
947 3570 1058 3609 non
1098 3570 1241 3609 unus
1273 3552 1633 3626 Byzantinam
1669 3548 1926 3607 tractavit
1956 3548 2269 3616 historiam,
2305 3552 2519 3622 primus
2550 3551 2824 3618 videlicet,
2859 3552 3076 3615 tertius,
3111 3564 3364 3623 quartus,
3398 3571 3529 3612 sex-

259 3647 370 3704 tus,
418 3652 478 3697 et
523 3642 797 3710 ultimus;
829 3659 930 3699 nec
986 3642 1184 3698 unicus
1236 3656 1426 3696 sacras
1455 3638 1702 3694 laudavit
1750 3635 2051 3710 imagines,
2083 3645 2338 3707 quartus,
2391 3637 2643 3707 inquam,
2698 3650 2753 3692 et
2784 3638 2981 3707 reliqui
3027 3640 3157 3705 ;vel
3209 3656 3309 3711 pro
3338 3656 3530 3699 earum

256 3729 615 3785 veneratione
640 3731 838 3785 tuenda
874 3740 1155 3786 certamen
1190 3729 1395 3793 inierit,
1429 3727 1578 3784 velut
1622 3733 1877 3796 quartus,
1910 3740 1976 3782 ac
2012 3724 2239 3795 quintus
2271 3740 2289 3792 ;
2319 3731 2380 3779 ut
2400 3725 2631 3780 alterius
2664 3724 2781 3780 vice
2816 3741 2962 3781 unus
2993 3741 3391 3800 nonnunquam
3428 3731 3529 3788 ad-

261 3817 545 3872 duceretur
597 3818 655 3873 in
684 3819 962 3884 medium,
1030 3826 1086 3874 et
1136 3833 1258 3888 qua:
1288 3817 1384 3872 uni
1437 3826 1590 3890 gesta
1624 3813 1709 3868 vel
1735 3812 1961 3882 scripta,
2017 3812 2392 3867 tribuerentur
2438 3811 2620 3878 alteri,
2666 3828 2772 3868 non
2824 3812 3046 3870 diliicile
3076 3816 3323 3889 contigit.
3386 3817 3529 3887 Quid

264 3906 406 3959 enim
470 3906 793 3978 Theophani
868 3907 1045 3977 magis
1102 3905 1281 3962 simile
1330 3922 1496 3978 quam
1533 3902 1901 3973 Theophanes
1937 3899 2324 3972 ?Mity|enzeus
2359 3900 2452 3956 ille
2507 3900 2835 3967 Romanam,
2868 3902 3183 3974 Byzantius,
3232 3907 3325 3977 qui
3384 3909 3530 3963 inter

254 3994 496 4048 nominis
526 3994 696 4064 hujus
736 3994 1033 4066 scriptores
1065 3995 1283 4062 tertius,
1334 3993 1642 4049 Romanam
1690 3991 1916 4062 pariter,
1950 3989 2154 4045 diversi
2184 3989 2312 4046 licet
2351 3991 2636 4061 temporis,
2662 3992 2904 4048 contexit
2959 3993 3271 4051 historiam.
3315 3993 3530 4067 Byzan-

258 4083 366 4137 tius
400 4083 547 4137 idem
580 4083 797 4147 tertius,
839 4098 963 4139 cum
1007 4091 1200 4140 nostro
1229 4083 1439 4154 pariter
1493 4079 1778 4154 Byzantio,
1804 4077 2136 4148 Byzantinus
2177 4093 2266 4134 res
2312 4086 2531 4135 tractat.
2571 4076 2776 4135 Sextus
2813 4087 2869 4136 et
2892 4080 3152 4138 'octavus
3187 4083 3526 4152 privatorum

262 4170 406 4225 vitas
464 4171 742 4240 scribunt,
790 4187 1027 4244 quarum
1082 4171 1244 4227 lectio
1298 4171 1368 4227 ad
1421 4169 1852 4243 Byzantinorum
1902 4165 2156 4221 notitiam
2200 4164 2434 4222 accedit.
2485 4164 2741 4223 Nicaanus
2782 4168 2984 4239 pracsul
3036 4168 3404 4244 Theophanes
3457 4175 3525 4228 ad

257 4257 438 4312 instar
471 4258 745 4330 Byzantii,
772 4259 869 4331 qui
902 4261 1116 4324 tertius,
1171 4274 1361 4317 sacras
1389 4264 1698 4330 propugnat
1734 4252 2026 4326 imagines.
2080 4251 2219 4310 Hinc
2272 4254 2481 4310 incerta
2534 4255 2961 4328 perturbataque
2999 4258 3168 4329 hujus
3200 4272 3253 4315 et
3298 4260 3527 4317 alterius

256 4344 519 4417 cognitio,
552 4347 667 4402 imo
702 4362 918 4402 summa
946 4346 1090 4402 inter
1120 4361 1218 4403 eos
1245 4343 1522 4411 confusio,
1549 4355 1605 4401 et
1636 4345 1724 4400 vix
1753 4342 2197 4401 constituendum
2216 4342 2513 4399 discrimen
2538 4362 2552 4400 :
2582 4343 2720 4399 adeo
2763 4353 2824 4399 ut
2853 4347 2945 4416 qui
2975 4361 3180 4416 paucos
3226 4351 3525 4417 recensuit,

264 4437 322 4481 et
348 4429 674 4499 distinguere
703 4432 933 4487 tentavit
961 4431 1209 4498 Vossius,
1260 4428 1585 4503 Byzantium
1613 4441 1866 4486 nostrum
1923 4431 2084 4486 annis
2117 4430 2186 4486 '50
2224 4431 2596 4503 superiorem,
2627 4442 2683 4489 et
2713 4432 2829 4505 jam
2889 4443 3165 4489 mortuum
3190 4450 3315 4493 cum
3342 4435 3524 4493 Theo-

261 4513 442 4584 phane
466 4518 789 4589 presbytero
816 4528 867 4572 et
898 4520 1213 4589 praeposito,
1242 4516 1536 4590 Nicephori
1588 4532 1839 4588 praecone
1894 4533 1955 4575 se
2003 4517 2322 4575 confudisse
2370 4534 2480 4575 non
2538 4520 3007 4577 animadverterit.
3050 4520 3315 4578 Eumdem
3379 4541 3527 4583 nunc

260 4606 512 4652 nostrum
551 4614 617 4654 ex
649 4601 885 4670 puritate
931 4616 1060 4656 cum
1116 4601 1345 4673 reliquis
1377 4600 1710 4657 conferam?
1749 4617 1972 4671 nomen,
1999 4604 2205 4672 studia,
2269 4606 2488 4678 religio,
2544 4608 2744 4680 pietas,
2803 4609 2929 4663 vitae
2963 4608 3254 4682 professio,
3282 4610 3524 4677 labores,

258 4701 383 4755 quae
426 4688 484 4741 in
546 4689 669 4744 aliis
714 4699 865 4745 certa
925 4690 1206 4745 varietatis
1236 4691 1475 4759 indicia,
1525 4690 1579 4745 in
1616 4690 1742 4747 istis
1805 4690 2224 4750 similitudinem
2280 4694 2552 4761 obtinent,
2580 4704 2634 4752 et
2669 4696 2968 4753 discrimen
3015 4697 3291 4759 auferunt.
3335 4699 3523 4759 Dicam

258 4772 652 4844 Theophanem
690 4776 840 4832 hunc
872 4788 1122 4832 nostrum
1152 4793 1217 4832 ex
1260 4778 1493 4835 diversis
1527 4779 1694 4850 gestis
1724 4779 1780 4834 in
1811 4779 1951 4836 duos
1978 4779 2468 4839 Baroniodivisum
2495 4782 2561 4840 ad
2592 4799 2798 4841 annum
2833 4783 3038 4843 Christi
3071 4787 3373 4852 8l6,num.
3398 4806 3439 4855 I,
3468 4800 3527 4848 et

256 4858 494 4914 Andrea
520 4860 725 4916 Scorso
754 4860 1005 4950 prooemii
1037 4862 1261 4919 secundi
1291 4869 1424 4919 sect.
1459 4878 1474 4917 ι
1509 4863 1565 4917 in
1598 4862 1990 4935 Theophanem
2024 4868 2398 4931 Cerameum?
2448 4874 2578 4943 Ipsi,
2607 4875 2756 4944 quod
2786 4875 3123 4944 mirandum,
3168 4877 3520 4950 eloquuntur,

253 4952 314 5001 et
363 4959 626 5016 errorem,
670 4964 799 5005 cum
844 4965 913 5006 ex
947 4948 1300 5019 TheOphanis
1354 4951 1601 5022 ejusdem
1640 4951 1814 5008 nostri
1857 4954 1988 5024 vita,
2046 4966 2160 5015 tum
2221 4976 2287 5017 ex
2339 4977 2466 5018 mox
2508 4962 2759 5021 dicendis
2805 4948 3525 5034 convincendum,vdemon-

251 5042 455 5125 stt-ant.
488 5036 634 5094 Sane
683 5036 1038 5109 Theophanis
1070 5041 1248 5114 ipsius
1299 5040 1426 5104 vita,
1484 5050 1746 5112 gestaque
1770 5042 1939 5099 variis
1968 5059 2037 5101 ex
2090 5049 2415 5105 auctoribus
2476 5049 2723 5117 collecta,
2769 5053 2874 5109 sub
2907 5060 3265 5125 conspectum
3300 5055 3476 5124 posita
3503 5098 3519 5118 ,

251 5123 410 5192 quod
439 5125 616 5193 ipsum
650 5126 795 5181 inter
845 5128 1200 5201 reliquosque
1234 5128 1532 5195 intercidit,
1565 5129 1905 5187 discriminis
1944 5133 2144 5190 indicia
2170 5134 2476 5207 proferunt.
2513 5137 2750 5197 Tantum
2777 5180 2794 5205 ,
2835 5156 2958 5211 qua:
2982 5123 3180 5197 iniillis
3210 5123 3352 5196 haud
3382 5140 3523 5196 levi-

249 5221 341 5267 ter
392 5214 770 5283 pra:tereunda
793 5253 810 5279 ,
844 5213 1042 5271 Lector
1089 5232 1200 5272 non
1257 5216 1514 5273 incautus
1562 5232 1776 5272 mecum
1806 5218 1923 5277 haec
1950 5222 2283 5279 observabit.
2317 5224 2368 5280 l.
2408 5225 2541 5285 Vitae
2564 5226 2917 5300 Theophanis
2944 5243 2976 5282 a
3006 5227 3371 5297 Metaphraste
3390 5228 3521 5293 ,«vel

248 5317 317 5357 ex
352 5300 580 5358 Baronii
604 5304 815 5374 judicio
840 5321 870 5360 a
897 5303 1189 5362 Theodoro
1216 5305 1430 5363 Studita
1473 5307 1798 5378 conscripta:
1837 5308 2093 5366 versione
2125 5308 2342 5380 Latina,
2382 5315 2637 5371 eumdem
2674 5316 2946 5372 [saucium
3010 5328 3232 5384 quoque
3286 5314 3521 5381 dictum,

244 5407 316 5447 ex
344 5391 547 5463 lingua
596 5390 798 5450 Graece
835 5393 1075 5462 inscitia,
1104 5394 1363 5451 aﬂirmari
1413 5395 1556 5467 apud
1588 5395 1886 5455 Baronium
1932 5396 2000 5455 Α.
2034 5398 2100 5456 C.
2139 5400 2262 5468 777,
2293 5418 2446 5460 num.
2473 5405 2530 5470 3,
2581 5415 2637 5461 et
2688 5403 2814 5471 8i6,
2845 5417 2998 5457 num.
3028 5417 3066 5458 I.
3116 5400 3283 5459 Lecto
3321 5405 3527 5476 quippe

246 5481 381 5535 vitae
407 5491 840 5552 programmate,
872 5481 1202 5554 Θεοφάνους,
1231 5484 1323 5538 τοῦ
1362 5482 1636 5539 Ἰσαακεου
1668 5483 1796 5557 βίος,

1969 5486 2077 5543 fidit
2115 5487 2388 5562 interpres
2420 5512 2435 5548 :
2479 5489 2835 5564 Theophanis,
2864 5490 2955 5561 qui
2990 5499 3040 5570 et
3071 5487 3317 5546 Isaacius
3346 5492 3519 5547 dictus

245 5584 352 5637 est,
382 5574 538 5639 vita;
577 5590 705 5631 cum
743 5585 955 5634 vertere
986 5578 1290 5643 debuisset,
1357 5575 1688 5648 Theophanis
1758 5574 1930 5631 lsacii
1953 5575 2023 5633 F.
2077 5581 2208 5638 vita.
2261 5578 2332 5638 Ut
2362 5581 2507 5638 enim
2546 5597 2577 5639 a
2606 5581 2721 5637 lilio
2776 5580 2948 5652 patris
3001 5581 3223 5637 nomine
3270 5579 3529 5659 vocando.

248 5664 476 5735 penitus
505 5663 808 5720 abhorrent
836 5665 1030 5733 Grzeci,
1065 5668 1141 5722 ita
1173 5682 1204 5722 a
1241 5665 1425 5723 verbis
1458 5666 1633 5732 hisce,
1658 5659 1798 5729 οὗτος

1970 5667 2052 5737 οὺς
2085 5669 2185 5740 μὲν
2233 5669 2335 5740 ἔφυ
2371 5669 2577 5733 Ἰσαάκ,
2620 5668 2742 5740 ejus
2770 5669 2936 5724 vitam
2974 5667 3339 5739 Mcnologium
3372 5668 3520 5724 ordi-

250 5760 367 5819 tur,
423 5758 486 5808 et
538 5748 809 5807 Isaacium
871 5756 1077 5825 pariter
1106 5755 1227 5828 ejus
1266 5762 1479 5827 patrem
1511 5753 1731 5811 laudata
1789 5752 1971 5810 versio
2003 5768 2296 5812 memorat.
2322 5758 2377 5814 Ξ.
2432 5754 2823 5829 Theophanem
2863 5757 3010 5815 circa
3039 5755 3245 5812 Christi
3290 5770 3494 5812 annum

500 5848 781 5910 Parnm.
818 5850 937 5911 Gn.
971 5849 1187 5911 CVIII.
3057 5847 3081 5910 1
