3926 6440
446 361 504 429 ιι
1834 370 2360 434 THEOPHANES.
3659 382 3719 445 l2

436 487 498 531 ut
530 477 647 547 ipse
673 483 950 542 numerat,
983 474 1106 544 741,
1134 487 1191 533 ut
1219 475 1420 534 melius
1449 476 1543 533 alii
1578 477 1673 533 751
1725 480 1810 536 vel
1845 482 1938 536 alii
1974 482 2100 547 752,
2130 480 2477 540 Constantini
2507 483 2837 556 Copronynti
2870 483 3279 551 duodecimum,
3308 489 3556 545 autumni
3583 499 3722 547 tent-

434 575 644 632 pestate
671 574 860 620 natum
897 581 910 619 :
935 564 1030 636 qui
1057 580 1297 637 namque
1323 580 1472 621 anno
1494 566 1623 634 755,
1657 583 1721 623 ex
1754 570 1991 640 propriis
2023 585 2217 642 nempe
2241 572 2486 638 calculis,
2511 586 2577 628 ex
2607 573 3011 643 probatioribus
3037 573 3140 628 763
3180 583 3234 630 et
3257 574 3591 648 Copronymi
3627 581 3721 645 23,

435 651 707 729 ingentem
749 656 944 728 glaciei
989 657 1190 713 molem
1229 658 1365 713 mari
1403 669 1850 729 supernatantem
1880 676 2005 717 cum
2061 663 2240 720 aetatis
2289 662 2533 735 ejusdem
2566 665 2754 735 pueris
2811 666 3029 738 triginta
3075 665 3554 737 Constantinopoli
3579 669 3723 725 ltidi-

433 743 679 800 bundum
707 745 1100 802 conscendisse
1130 745 1246 818 (qui
1268 747 1446 803 aetatis
1476 747 1622 803 illius
1655 748 1962 804 ludentium
1987 764 2287 821 puerorum
2324 766 2441 807 mos
2464 752 2800 826 agnoscitur)
2819 753 2886 810 de
2919 754 3105 824 seipse
3134 754 3346 821 scribit,
3373 755 3721 813 duodennem

432 831 656 887 circiter
684 846 743 888 se
777 841 907 886 tunc
945 832 1227 888 exstitisse
1265 834 1457 888 Iect0ri
1486 835 1893 902 conjiciendum
1925 838 2168 909 suggerit
2215 854 2268 908 p.
2298 839 2421 894 565.
2455 840 2508 895 3.
2541 837 2890 895 Duodennem
2945 841 3138 896 iniisse
3176 840 3492 913 coujugium
3527 842 3723 915 (.quod

432 917 703 977 Romanis
771 919 983 992 legibus
1047 922 1300 976 masculo
1354 921 1603 978 nondum
1659 924 1786 979 licet
1819 924 1838 996 )
1871 923 2035 992 falso,
2090 935 2151 981 ut
2191 926 2432 991 videtur,
2492 928 2551 997 in.
2597 926 2891 999 Menologii
2951 936 3102 984 testu
3135 928 3331 984 asseri.
3363 929 3422 984 4.
3482 929 3725 987 Erronee

429 1011 638 1078 pariter
679 1008 859 1066 aetatis
905 1023 1111 1064 annum
1144 1009 1473 1067 vicesimum
1510 1011 1750 1081 primum
1791 1027 2114 1069 numerasse
2168 1012 2578 1085 Theophanem,
2604 1014 2788 1071 Leone
2831 1027 3030 1086 quarto
3077 1014 3428 1072 Constantini
3474 1012 3538 1071 F.
3572 1033 3721 1074 mor-

430 1106 539 1151 tem
574 1105 890 1167 oppeteute,
920 1096 1122 1151 ibidem
1153 1096 1301 1167 legi:
1337 1097 1727 1167 quadrimuhts
1754 1099 1901 1155 enim
1964 1102 2113 1172 (ante
2157 1103 2354 1158 Leonis
2408 1104 2662 1160 videlicet
2714 1121 2893 1162 annos
2951 1107 3221 1178 quinque,
3267 1116 3323 1161 et
3374 1107 3723 1163 Constantini

428 1183 751 1253 duodecim)
811 1199 937 1240 cum
972 1184 1142 1240 sociis
1179 1184 1405 1255 triginta
1439 1186 1698 1241 mobilem
1726 1196 1781 1243 et
1826 1186 2181 1245 ﬂuctuantem
2230 1197 2399 1261 ponto
2430 1191 2660 1263 glaciem
2709 1208 2812 1249 nec
2865 1198 3199 1264 aususipse,
3238 1208 3338 1249 nec
3390 1194 3460 1248 ab
3494 1198 3726 1250 astanti-

431 1277 533 1332 bus
579 1274 635 1330 in
669 1273 776 1330 CP.
806 1282 966 1346 portu
994 1275 1464 1344 superascendere
1508 1276 1811 1347 permissus
1869 1275 2084 1333 fuisset.
2129 1279 2183 1335 5.
2230 1279 2491 1334 Eumdem
2540 1281 2701 1334 modo
2749 1280 2900 1351 Agri,
2934 1283 3094 1335 modo
3150 1280 3432 1351 Sigrianes
3459 1283 3724 1352 praeposi-

429 1378 545 1422 tum
589 1363 984 1435 Theophanem
1026 1365 1238 1430 vocari,
1287 1365 1380 1435 qui
1416 1380 1526 1421 non
1553 1382 1733 1432 unus,
1780 1368 1875 1423 sed
1943 1367 2097 1439 quasi
2137 1366 2226 1422 hic
2255 1366 2326 1421 ab
2378 1364 2554 1421 altero
2601 1367 2874 1431 diversus,
2905 1368 3168 1423 scribitur
3200 1382 3231 1423 a
3263 1366 3501 1422 Baronio
3533 1369 3599 1423 ad
3628 1384 3725 1423 an-

430 1470 563 1510 num
605 1454 669 1510 C.
708 1454 834 1518 814,
860 1470 1019 1511 num.
1046 1455 1139 1522 51,
1170 1464 1225 1511 et
1265 1454 1393 1523 816,
1421 1473 1478 1513 n.
1529 1457 1583 1522 1,
1624 1456 1692 1513 de
1749 1472 1861 1527 quo
1910 1472 2053 1513 nova
2082 1470 2208 1511 mox
2247 1454 2643 1526 subjungenda.
2688 1455 2742 1512 6.
2773 1454 3150 1512 Confessionis
3192 1470 3307 1511 sua:
3374 1457 3610 1527 palmam
3666 1457 3722 1512 in

433 1542 574 1599 ratio
628 1540 1022 1613 Theophanem
1053 1552 1305 1598 nostrum
1348 1541 1549 1599 Leonis
1596 1545 1819 1599 Armeni
1877 1542 2195 1615 imperantis
2252 1557 2400 1598 anno
2431 1544 2485 1611 5,
2523 1541 2735 1599 Christi
2779 1542 2907 1610 818,
2960 1543 3245 1613 excepisse
3277 1561 3291 1598 :
3323 1545 3486 1613 cujus
3525 1544 3722 1598 asserti

433 1630 700 1686 adversus
734 1639 1099 1685 memoratum
1143 1629 1440 1686 Baronium
1499 1631 1618 1687 haec
1673 1631 2068 1687 demonstratio
2120 1629 2449 1687 certissima.
2514 1630 2733 1702 Imperii
2788 1645 2933 1685 anno
2976 1630 3222 1687 secundo
3265 1631 3379 1702 jam
3426 1631 3719 1702 completo,

433 1718 803 1790 Nicephorum
869 1718 1238 1789 patriarcham
1292 1719 1734 1783 sanctissimum,
1791 1719 1992 1773 throno
2019 1726 2074 1774 et
2113 1716 2250 1774 urbe
2305 1726 2605 1783 extorrem,
2641 1719 2698 1773 in
2750 1716 3134 1774 Prmeonesum
3162 1721 3249 1789 agi
3309 1718 3477 1789 jussit
3520 1719 3722 1789 iinpius

430 1807 792 1872 lconoelasta,
868 1806 979 1863 Leo
1030 1807 1326 1873 Armenns,
1393 1822 1459 1863 ex
1507 1806 1709 1862 Leonis
1759 1806 1979 1862 Gramm

2171 1805 2326 1861 'erbis
2380 1805 2535 1861 hisce
2589 1824 2604 1862 :
2653 1806 2711 1862 Ὀ
2741 1806 2798 1861 δὲ
2831 1807 2985 1862 Λέων
3012 1807 3151 1878 μετὰ
3209 1807 3304 1861 δύο
3358 1808 3591 1879 χρόνους
3621 1806 3721 1878 τῆς

428 1895 598 1950 αὑτοῦ
655 1894 932 1967 βασιλείας
962 1894 1176 1967 μανεὶς,
1207 1895 1303 1948 καὶ
1344 1893 1439 1947 τὸν
1472 1892 1744 1963 στέψαντα
1769 1891 1933 1945 αὐτὸν
1965 1891 2111 1946 θεῖον
2151 1892 2466 1963 Νικηφόρον
2495 1893 2770 1964 ὲξορῐσας,
2788 1894 3046 1948 Θεόδοτον
3086 1896 3441 1966 πατριάρχην
3478 1889 3747 1965 ἀντιχει·’

429 1985 657 2057 ροτονεϊ.
708 1983 829 2055 Ipse
861 1983 971 2039 Leo
1000 1984 1277 2054 aliquibus
1312 1983 1505 2038 diebus
1527 1983 1642 2052 jam
1687 1982 1959 2038 salutatus
2025 1982 2344 2053 imperator,
2397 1979 2703 2050 Nicephoro
2766 1982 3018 2037 diadema
3047 1983 3211 2053 capiti
3246 1984 3584 2054 imponente,
3635 1991 3716 2054 ty-

429 2072 718 2129 rannidem
759 2073 1033 2127 invaserat
1060 2084 1205 2126 anno
1232 2069 1438 2126 Christi
1463 2069 1588 2136 814,
1616 2066 1765 2123 Junii
1800 2068 1888 2123 die
1916 2068 2003 2135 12,
2025 2067 2321 2125 indictione
2355 2067 2606 2139 septima,
2641 2076 2803 2137 prout
2833 2067 3122 2137 Baronius,
3140 2079 3195 2126 et
3223 2071 3548 2143 Anonytnus
3575 2069 3722 2125 Grae-

427 2178 530 2219 cus
564 2162 730 2219 Leoni
783 2160 1152 2217 Grammatice
1184 2159 1373 2215 eodem
1408 2157 1595 2215 codice
1614 2156 1783 2229 Regio
1818 2156 1921 2213 sub
1981 2173 2205 2214 nurnero
2250 2157 2356 2211 7l3
2388 2156 2715 2228 conjunctus
2760 2155 3058 2225 aflirmant,
3096 2160 3345 2215 nonnihil
3367 2176 3395 2215 a
3428 2159 3723 2229 Theopha-

429 2268 498 2308 ne
531 2259 723 2307 nostro
766 2246 1060 2304 variantes.
1097 2245 1417 2303 Declaratus
1470 2246 1767 2316 imperator
1807 2244 1956 2300 varia
1994 2244 2232 2308 fortuna.
2266 2261 2390 2301 eum
2423 2245 2685 2301 Cruuuno
2743 2245 2994 2316 principe
3040 2244 3277 2317 Bulgaro
3333 2249 3399 2301 ad
3448 2247 3581 2301 anni
3622 2262 3718 2302 sc-

427 2343 646 2411 quentis
692 2338 1013 2395 Paschalem
1066 2345 1473 2407 tempestatem,
1518 2333 1713 2390 eodem
1755 2346 2031 2404 anonymo
2092 2333 2278 2405 praelia
2327 2333 2693 2399 deseribente,
2739 2338 3001 2402 decertat,
3029 2350 3129 2390 nec
3175 2335 3323 2391 circa
3368 2337 3716 2411 religionem,

428 2433 624 2503 inquo
672 2428 944 2485 Baronius
1002 2426 1409 2491 hallucinatnr,
1460 2422 1759 2495 quidquam
1816 2421 2062 2476 innovat.
2123 2417 2268 2473 Anni
2320 2416 2428 2472 815
2494 2425 2549 2472 et
2614 2417 2929 2473 intlietionis
2982 2427 3220 2484 octavae,
3280 2420 3506 2475 ineunte
3568 2436 3715 2481 vere,

426 2522 722 2577 Ct'uutmus
785 2516 1036 2572 moritur.
1068 2513 1236 2569 Οὔπω
1279 2512 1441 2583 ἔαρος
1461 2509 1883 2573 καταλαϐόντος.
1933 2507 2010 2571 ὥς
2059 2505 2192 2576 φασί
2238 2522 2385 2569 τινες
2414 2503 2771 2567 διασωθέντες
2808 2504 2910 2575 τῆς
2952 2506 3359 2577 αἰχμαλωσίας,
3405 2507 3518 2560 ἀπὸ
3548 2506 3717 2561 Βουλ-

426 2608 632 2682 γαρίας
661 2607 793 2675 περὶ
842 2602 943 2675 τὴν
1010 2601 1258 2674 μεγάλην
1304 2601 1574 2671 Πέμπτην
1620 2598 1651 2651 6
1692 2596 1996 2668 Κροῢμμος
2028 2595 2056 2648 ὁ
2086 2592 2422 2682 περίφημος,
2452 2592 2481 2645 ὁ
2523 2592 2624 2663 τὴν
2661 2593 2815 2682 πολιν
2856 2593 3023 2682 Ϋὲλεῖν-
3056 2592 3407 2664 βουλόμενος,
3443 2595 3592 2649 τέλει
3618 2595 3713 2650 τοῦ

427 2679 545 2764 βίου
574 2693 869 2766 ἐχρήσατο.
897 2690 1033 2746 Belli
1060 2689 1333 2761 Bulgarici
1356 2701 1488 2743 cura
1516 2685 1631 2741 Leo
1683 2684 1965 2742 liberatus.
1999 2680 2379 2768 irreligiosum
2395 2680 2450 2735 in
2484 2679 2969 2768 sacrasgimagines
2992 2679 3211 2737 dentem
3240 2682 3467 2749 exserit,
3489 2694 3546 2738 et
3562 2684 3715 2740 virus

424 2782 732 2852 ejaculatur
756 2798 769 2835 :
795 2781 905 2834 Kal.
927 2778 1114 2833 λοιπὸν
1149 2776 1288 2848 μετά
1318 2775 1478 2831 τοῦτο
1503 2773 1687 2828 λαϐὼν
1715 2772 2004 2843 εὐκαιρίαν
2030 2768 2231 2840 ἡρξειιτο
2249 2766 2474 2838 πορθεῖν
2502 2767 2602 2839 τὴν
2654 2766 3005 2838 Ἐκκλήσίαν,
3040 2768 3281 2839 δευτέρῳ
3324 2768 3436 2823 ἔτει
3470 2771 3576 2841 τῆς
3612 2771 3710 2842 βπ·
3772 2776 3779 2784 ·

426 2869 636 2934 σιλείας
681 2866 849 2924 αὐτοῦ
883 2864 1389 2939 περιεργαζόμενος
1417 2862 1565 2918 κατὰ
1588 2861 1698 2916 τῶν
1733 2859 1872 2916 Θεοῦ
1915 2875 1976 2930 κε

2158 2873 2222 2909 w.
2254 2854 2527 2927 Propositi
2562 2867 2850 2911 consortes
2887 2856 3039 2927 impii
3077 2858 3243 2913 rebus
3274 2861 3431 2915 novis
3459 2861 3708 2913 animum

427 2955 592 3012 simul
630 2954 917 3025 adjiciunt,
962 2953 1208 3023 ejusdem
1240 2951 1369 3006 anni
1417 2950 1768 3006 Pentecostes
1813 2947 1973 3012 festo,
2002 2955 2057 3001 et
2084 2959 2271 3001 mense
2300 2942 2447 2999 Julio
2473 2953 2651 3013 empta
2686 2956 3043 3014 promovent:
3089 2946 3411 3016 Ἀρξάμενοι
3449 2948 3563 3001 ἀπὸ
3608 2948 3710 3017 τῆς

427 3041 807 3114 ιιεντηκοστῆς
849 3040 900 3094 οἱ
954 3039 1085 3112 ιπερὶ⁵
1151 3039 1246 3093 τὸν
1279 3037 1537 3107 Ἰωάννην
1590 3035 1687 3089 καὶ
1729 3034 1823 3089 τὸν
1873 3031 2094 3086 Ὕλιλᾶν
2139 3027 2399 3098 σωρεύειν
2438 3028 2506 3080 τὰ
2547 3026 2748 3097 βιϐλία,
2788 3028 2879 3081 τὸν
2922 3028 2979 3082 δὲ
3022 3029 3306 3084 ’Λντώνιον
3342 3031 3711 3102 προσελάϐον-

424 3146 489 3184 το
542 3131 653 3185 ἀπὸ
684 3129 780 3184 τοῦ
828 3126 1051 3182 Ἰουλίου
1092 3127 1281 3197 μηνός.
1319 3126 1427 3181 Leo
1479 3127 1546 3180 de
1575 3121 1908 3194 imaginibus
1948 3134 1974 3190 ι]

2155 3117 2302 3173 indis
2359 3116 2669 3188 Nicephoro
2736 3120 3064 3190 patriarchae
3117 3122 3460 3190 propositum
3503 3123 3705 3193 aperit,

427 3234 620 3275 mense
673 3216 959 3274 Decembri
994 3234 1007 3272 :
1035 3216 1169 3286 Περὶ
1194 3214 1286 3269 τὸν
1332 3212 1668 3283 Δεκέμῦριον
1711 3210 1856 3281 μῆνα
1888 3207 2041 3279 δηλοῖ
2096 3205 2173 3277 τῷ
2208 3204 2522 3278 πατριάρχῃ
2554 3208 2581 3261 ὁ
2604 3209 2758 3262 Λέων
2787 3249 2803 3273 ,
2830 3208 2913 3261 ὅτι
2945 3210 2973 3262 ὁ
3006 3207 3135 3270 λαὸς
3168 3208 3590 3275 σκανδαλίζεται
3619 3211 3709 3265 διὰ

425 3308 526 3373 τὰς
565 3306 802 3371 εἰκόνας.
855 3304 937 3360 Ad
960 3303 1392 3376 quadragesima:
1422 3303 1580 3356 linem
1610 3315 1752 3355 anno
1776 3297 1879 3353 816
1901 3296 2093 3352 indict.
2125 3295 2158 3350 9
2196 3292 2508 3365 Nicephoro
2547 3295 2723 3349 tendit
2750 3295 3015 3361 insidias,
3045 3305 3100 3350 et
3143 3296 3272 3351 sede
3329 3297 3555 3354 abdicat
3590 3316 3605 3355 :
3650 3299 3707 3354 ὐ

429 3394 759 3467 Χαμαιλέων
786 3393 1013 3466 (Λέων)
1049 3387 1461 3463 παρασκευάζει
1518 3387 1695 3460 λάθρα
1740 3385 1833 3440 διά
1859 3402 2024 3439 τινων
2051 3383 2179 3445 τοὺς
2237 3381 2578 3452 στρατιώτας
2633 3382 2877 3437 ἀνελθεῖν
2922 3384 3004 3446 εἰς
3048 3382 3109 3436 τὸ
3152 3386 3565 3456 πατριαρχείον,
3614 3388 3710 3441 καὶ

310 3532 318 3540 .
431 3484 604 3555 συρτά
636 3481 946 3537 καταϐᾶσαι
993 3477 1403 3550 (καταϐιϐάσαι)
1458 3478 1642 3533 αὐτόν.
1678 3470 1787 3529 Ἦν
1811 3473 1871 3529 δὲ
1913 3471 2226 3543 παράϐασις
2261 3471 2370 3524 τῶν
2390 3471 2695 3541 Νηστειῶν.
2729 3470 2901 3525 Infra:
2935 3471 3197 3534 Βαλόντες
3230 3474 3290 3527 ὲν
3313 3475 3527 3547 ἀκατίῳ
3566 3476 3708 3549 Epeo

427 3571 538 3641 ψαν
577 3571 750 3643 πέραν
781 3570 861 3633 είς
900 3566 1263 3639 Χρυσόπολιν.
1321 3564 1497 3621 Festis
1525 3563 1743 3619 tandem
1792 3560 1977 3617 Pasch.

2153 3597 2155 3606 ,
2201 3558 2522 3623 celebratis,
2578 3557 2920 3614 Theodotum
2966 3562 3286 3616 haereticum
3319 3562 3373 3616 in
3404 3561 3703 3635 Nicephori

430 3660 611 3715 locum
647 3656 972 3713 substituit:
1003 3654 1115 3710 Καὶ
1141 3652 1330 3707 λοιπὸν
1388 3652 1527 3723 μετὰ
1576 3651 1639 3705 τὸ
1665 3651 1859 3720 Πάσχα
1888 3664 1979 3703 ποι

2153 3646 2318 3709 νοδον,
2360 3646 2457 3698 καὶ
2501 3645 2737 3710 καθίσας
2784 3646 2876 3699 τὸν
2922 3646 3196 3704 Θεόδοτον.
3228 3649 3422 3705 Paucis
3452 3662 3703 3722 postmo-

429 3746 560 3801 dum
592 3744 788 3801 diebus
832 3742 1199 3814 Theophanes
1238 3756 1385 3797 anno
1430 3741 1624 3797 eodem
1662 3739 1768 3796 816
1828 3744 2213 3810 oppugnatur,
2263 3734 2341 3788 ait
2370 3733 2493 3803 ejus
2522 3732 2660 3787 Vita:
2690 3734 2950 3804 scriptor,
3004 3746 3057 3791 et
3089 3745 3213 3806 post
3242 3740 3482 3794 carceris
3524 3754 3704 3797 annos

429 3836 592 3898 duos,
624 3832 677 3888 id
721 3840 827 3895 est,
860 3830 1063 3887 Christi
1116 3829 1222 3886 818
1252 3831 1487 3885 mittitur
1533 3830 1587 3884 in
1636 3829 1913 3893 exsilium,
1949 3841 2061 3899 quo
2082 3827 2275 3883 diebus
2304 3825 2437 3880 solis
2477 3814 2670 3879 tribus.
2713 3839 2779 3880 ac
2814 3828 3006 3896 viginti
3060 3828 3409 3900 deportatus,
3444 3831 3698 3888 laborum

428 3922 663 3992 vitatque
697 3921 992 3975 terminum
1031 3917 1230 3988 attigit.
1264 3916 1358 3972 His
1409 3918 1729 3988 perspectis,
1758 3932 1881 3987 quae
1917 3916 2184 3973 Baronius
2209 3916 2329 3970 loco
2372 3919 2696 3979 memorato,
2737 3924 2793 3969 et
2819 3916 2887 3970 ad
2952 3932 3161 3973 annum
3192 3919 3253 3974 C.
3290 3918 3430 3988 814,
3475 3937 3633 3981 num.
3656 3938 3696 3990 ι,

430 4009 675 4080 scripsit,
711 4021 867 4063 ruere
905 4006 1124 4077 penitus
1161 4015 1217 4060 et
1274 4004 1450 4060 everti
1485 4004 1927 4073 conspiciuntur.

501 4097 794 4171 Σιγριανῆς
812 4095 943 4170 ήγού
952 4112 1111 4167 μενος
1127 4109 1158 4149 a
1182 4094 1456 4150 nonnullis
1483 4094 1682 4150 dicitur
1719 4105 1904 4151 noster
1920 4092 2051 4149 Thet

2150 4110 2307 4162 anes;
2339 4096 2393 4152 in
2421 4095 2603 4168 operis
2630 4095 2995 4167 inscriptione
3018 4097 3325 4169 ἡγούμενος
3347 4097 3440 4152 τοῦ
3471 4099 3697 4171 Ἀγροῦ·

429 4186 522 4255 qui
567 4201 596 4241 a
650 4184 886 4241 Baronio
917 4184 986 4238 ab
1016 4196 1083 4238 eo
1111 4182 1205 4253 qui
1234 4180 1515 4252 Sigrianes
1562 4182 1736 4247 audit,
1768 4184 2017 4239 diversus
2053 4184 2357 4240 aestimatur
2385 4184 2453 4241 ad
2472 4200 2676 4239 annum
2717 4184 2840 4252 8i6,
2879 4200 3032 4240 num.
3057 4185 3106 4242 1.
3127 4183 3272 4241 idem
3302 4196 3481 4241 tamen
3501 4187 3700 4258 Ἀγροῦ

430 4284 485 4329 et
545 4272 842 4346 Σιγριανῆς
895 4269 1202 4343 ἡγούμενος
1255 4269 1635 4341 Theophanes,
1699 4280 1889 4327 monet
1955 4270 1980 4324 1“;

2150 4271 2211 4326 tri
2279 4272 2511 4344 epistola
2584 4272 2780 4329 litteris
2863 4274 3122 4330 onmibus
3203 4273 3700 4331 excellentissimus

431 4363 680 4419 Allatius.
712 4360 965 4433 Sigriane
1001 4359 1146 4416 enim
1191 4358 1333 4415 Asiae
1376 4359 1523 4428 regio
1545 4358 1611 4413 ad
1644 4358 1938 4431 Cyzicum;
1980 4370 1981 4395 ξ

2144 4358 2236 4425 ιός,
2275 4364 2370 4432 qttl
2417 4370 2472 4416 et
2508 4362 2699 4430 Μέγας
2740 4362 2954 4436 Ἀγρ6;,
2981 4364 3229 4433 privatus
3255 4362 3491 4435 regionis
3516 4363 3694 4419 locus.

433 4451 716 4522 Sigrianos
745 4456 956 4505 montes
984 4447 1038 4503 in
1070 4445 1199 4503 Asia
1239 4446 1385 4502 locat
1407 4445 1665 4516 ,Ortelius
1694 4446 1746 4500 in
1780 4445 1999 4500 Lexico.
2046 4446 2254 4502 Auctor
2282 4448 2418 4505 Vitae
2443 4450 2817 4521 Theophanis,
2869 4462 2990 4522 post
3035 4452 3155 4521 ejus
3180 4453 3231 4507 in
3256 4451 3454 4505 dictam
3505 4451 3698 4506 urbem

433 4538 756 4610 Cyzicenam
794 4536 1111 4601 adventum,
1155 4536 1239 4590 Ad
1269 4551 1541 4606 magnum,
1592 4536 1793 4606 inquit,
1828 4550 2000 4590 senem
2042 4536 2220 4598 rediit,
2251 4539 2344 4609 qui
2382 4539 2524 4609 apud
2574 4539 2874 4611 Sigrianem
2901 4540 3114 4609 degebat
3147 4541 3203 4592 in
3238 4537 3510 4608 oppidulo,
3561 4551 3697 4604 cte.;

433 4624 576 4682 infra
623 4624 746 4679 :ad
798 4622 1063 4694 Sigriana:
1110 4632 1339 4678 montem
1392 4623 1667 4684 pervenit:
1698 4622 1947 4679 eumdem
2006 4623 2398 4683 Constantinus
2445 4625 2922 4698 Porphyrogeneta
2969 4641 3089 4696 cap.
3135 4624 3206 4679 25
3262 4624 3339 4679 De
3383 4625 3697 4680 adminislr.

432 4715 587 4783 imp.,
620 4720 674 4767 et
723 4709 944 4766 Nirctas
978 4711 1276 4797 Σιγριανῆς
1327 4710 1427 4781 τῆς
1479 4709 1780 4780 λεγομένης
1841 4713 1976 4782 μονῆ

2149 4715 2304 4785 ιστὴν
2354 4716 2409 4770 in
2453 4714 2644 4788 lgnatii
2699 4714 2823 4771 Vita
2862 4724 3183 4785 nuncupat:
3225 4730 3386 4782 quem
3425 4725 3581 4771 vetus
3612 4718 3698 4771 itt-

434 4811 643 4872 terpres
675 4799 914 4870 Sigriani
944 4799 1255 4855 monasterii
1310 4799 1417 4853 sive
1463 4798 1689 4869 Agriani
1732 4799 2059 4855 conditorem
2116 4803 2314 4857 reddit.
2370 4803 2752 4860 Difficultatetn
2804 4804 3001 4860 tollunt
3044 4802 3331 4874 MenOIOgii
3400 4805 3566 4860 verba
3628 4807 3697 4861 ad

433 4888 555 4962 ejus
595 4889 723 4945 vita:
754 4889 1138 4960 compendium
1172 4889 1456 4960 praemissa
1497 4905 1511 4942 :
1547 4887 1752 4958 Μνήμη
1784 4887 1878 4941 τοῦ
1920 4889 1982 4940 ὀσ

2147 4891 2336 4964 ἰατρὸς
2378 4894 2538 4966 ἡμῶν
2583 4893 2891 4963 Θεοφάνους
2940 4892 3035 4947 τοῦ
3081 4892 3420 4964 ὁμολογητοῦ
3465 4893 3561 4948 τοῦ
3596 4894 3697 4965 τῆς

434 4980 731 5054 Σιγριανῆς
795 4979 1171 5050 (ἡγουμένου),
1227 4976 1324 5032 τοῦ
1382 4979 1439 5030 ὲν
1480 4975 1557 5048 τῷ
1601 4976 1839 5047 Μεγάλῳ
1878 4977 1979 5047 ’Δγ

2145 4980 2404 5051 ειμένουο
2449 4979 2639 5038 Sancti
2686 4980 2868 5035 Patris
2904 4980 3071 5035 nostri
3114 4980 3448 5052 Theophanis
3487 4982 3695 5052 confes-

433 5071 593 5132 soris,
648 5069 956 5123 monasterii
1011 5065 1284 5137 Sigrianes
1348 5065 1653 5136 prapositi,
1709 5066 1765 5120 in
1824 5084 2015 5137 magno
2043 5066 2184 5137 Agre
2199 5067 2450 5139 jacentis,
2471 5070 2579 5124 sive
2601 5067 2914 5138 quiescentis
2958 5067 3232 5123 memoria.
3269 5067 3409 5125 Hinc
3454 5068 3510 5123 in
3533 5083 3699 5138 pseu-

434 5157 786 5230 dophotianis
831 5154 1096 5210 analectis
1148 5169 1314 5223 penes
1361 5154 1645 5218 Allatium,
1694 5153 1771 5218 ὥς
1804 5157 1984 5227 φησιὲ

2143 5174 2247 5229 ινης
2282 5158 2311 5211 ὁ
2361 5157 2726 5229 ὁμολογητὴς,
2767 5159 2796 5212 ὁ
2828 5157 3255 5230 Μεγαλαγριτής
3275 5175 3289 5188 ·
3325 5168 3382 5210 ιιι
3422 5156 3693 5225 Theopha-

436 5263 523 5303 nes
540 5239 815 5317 Zonfessor
853 5245 1228 5318 Megatagrites
1279 5243 1540 5315 (μεγάλου
1582 5243 1781 5315 Ἀγροῦ
1823 5245 2172 5317 praepositum
2226 5246 2487 5318 intellige)
2526 5256 2771 5302 testatur.
2815 5244 3090 5303 Joannicii
3134 5260 3354 5315 quoque
3394 5242 3532 5301 Vita:
3559 5244 3701 5300 scri-

434 5345 558 5406 ptor
588 5335 731 5408 apud
762 5333 984 5391 Surium
1027 5333 1350 5390 Novembris
1376 5332 1465 5388 die
1493 5345 1728 5404 quarto:
1760 5332 2047 5407 Nauigauit
2103 5334 2428 5390 adoraturus
2473 5336 2644 5390 sancti
2696 5334 3025 5408 Theophanis
3084 5334 3507 5401 tabernaculum,
3553 5332 3696 5402 quod

434 5438 507 5482 est
553 5426 611 5481 in
653 5424 927 5497 Sigriamt.
981 5423 1176 5495 Ἀγρὸς
1223 5435 1374 5494 ergo,
1418 5422 1536 5479 sive
1576 5422 1766 5494 Μέγας
1823 5424 2017 5497 Ἀγρὸς
2045 5423 2322 5496 Sigrianes
2343 5424 2730 5481 exstititloeus
2764 5426 3103 5495 designatus,
3142 5437 3253 5493 quo
3292 5421 3696 5479 monasterium

435 5513 700 5580 condidit,
753 5521 809 5570 et
837 5513 904 5568 ad
929 5513 1077 5584 quod
1120 5518 1243 5582 post
1295 5510 1416 5582 ejus
1463 5519 1696 5567 mortem
1735 5527 1935 5584 corpus
1957 5513 2078 5586 ejus
2121 5515 2355 5570 relatum
2389 5532 2403 5569 :
2441 5513 2547 5570 alia
2588 5524 2770 5570 tamen
2800 5512 3133 5569 monasteria
3164 5510 3220 5565 in
3261 5510 3452 5567 eadem
3484 5510 3695 5580 Sigria-

438 5618 534 5680 [res
574 5603 802 5675 rcgione
845 5618 875 5658 a
915 5600 1180 5672 Gregorio
1206 5599 1558 5671 TlteOphanis
1586 5601 1782 5657 abbate
1826 5603 2149 5675 gubernata,
2175 5619 2240 5660 ex
2265 5604 2385 5676 ejus
2423 5601 2561 5666 Yita:
2605 5603 2747 5660 serie
2771 5601 3113 5659 observabis.
3166 5599 3433 5658 Advertes
3490 5602 3690 5658 iterum

436 5688 822 5761 Theophanem
850 5689 1152 5761 ἡγούμενον
1180 5687 1274 5743 τοῦ
1312 5687 1529 5759 Ἀγροῦ,
1559 5690 1687 5761 Agri
1716 5690 1920 5760 ducent,
1961 5707 1986 5750 ε

2139 5693 2252 5748 ssio
2290 5702 2345 5748 et
2373 5690 2605 5749 Cedreni
2648 5690 2976 5763 interprete,
3004 5697 3260 5745 vocatum
3298 5687 3638 5761 ineptissime
3672 5702 3688 5743 :

438 5781 539 5837 nisi
564 5778 749 5836 forsan
777 5779 1150 5835 Alexandrum
1188 5778 1453 5835 exercitus
1487 5777 1728 5835 abbatem
1767 5780 2036 5841 voluerint
2068 5782 2273 5855 pariter
2304 5779 2758 5853 nuncupandum.
2797 5779 2888 5835 Sic
2929 5777 3146 5835 fabrilia
3180 5789 3397 5836 sutores
3432 5783 3690 5834 tractant.
