3926 6496
410 432 476 497 15
1460 430 1579 490 FB.
1615 374 2052 487 COMBEFISli
2109 423 2525 484 PREFATIO.
3600 414 3672 481 15

401 547 633 607 cedonio
668 541 1016 618 pransulibus,
1041 554 1162 611 qutr
1189 540 1310 599 loco
1335 539 1558 610 praprio
1585 550 1913 596 revocantur
1951 539 2005 593 in
2030 537 2381 594 concordiam
2418 557 2431 594 :
2467 550 2656 592 verum
2683 536 2777 606 qui
2800 534 3188 590 dormitantem
3218 534 3424 605 patitur
3454 532 3674 591 Homo-

402 651 547 700 rum,
584 630 969 702 Theophanem
1002 628 1209 699 lapsum
1259 641 1370 684 nou
1402 627 1593 696 eriget,
1623 636 1718 684 aut
1746 627 1867 698 ejus
1902 640 2147 685 errorem
2195 626 2252 682 in
2286 626 2408 681 aliis
2435 640 2542 681 non
2582 624 3052 708 eugriget.?........
3085 622 3541 678 Emendationem
3575 639 3677 679 su-

402 730 553 795 perat
583 734 798 787 omnem
822 717 1191 781 Romanorum
1219 715 1602 786 episcoporum
1628 730 1826 773 nomen
1854 714 2198 786 frequentius
2241 714 2531 775 omissum,
2561 723 2615 767 ct
2653 723 2785 767 aetas
2829 726 2860 765 a
2911 725 3035 781 pag.
3060 709 3167 764 208
3193 711 3405 765 auctori
3447 711 3685 780 penitus

403 814 608 883 ignota.
646 806 727 862 l9.
772 803 1117 861 Alexandriae
1163 802 1412 874 quamvis
1478 811 1533 858 et
1586 802 1888 861 Antiochiae
1934 801 2254 873 pontiﬁcum
2302 815 2526 863 nomen.
2578 810 2902 869 attateutque
2973 799 3027 850 in
3099 797 3367 853 haereseos
3416 798 3687 853 admissae

402 900 588 955 odium
638 904 693 955 et
737 896 1042 958 horrorem,
1077 900 1200 963 post
1228 890 1471 948 historiae
1517 890 1839 946 umbilicum
1888 890 1959 945 ab
2006 905 2073 946 eo
2120 889 2395 960 praeterita
2446 888 2777 943 existimem.
2809 886 2901 942 20.
2965 885 3227 940 Errorum
3286 900 3422 940 sane
3475 885 3683 955 hujus-

402 985 570 1051 molli,
624 985 671 1042 si
722 999 943 1041 causam
975 981 1200 1044 diceret.
1224 994 1333 1035 non
1386 979 1569 1043 aliam,
1599 993 1686 1033 me
1712 978 2044 1049 conjecture,
2080 991 2244 1046 quam
2286 978 2559 1033 variorum
2588 982 2874 1030 auctorum
2906 973 3256 1038 sententiam,
3303 987 3687 1044 numerosque

404 1073 585 1127 varios
644 1079 910 1134 secutum,
945 1081 1193 1138 opusque
1254 1065 1557 1136 proprium,
1607 1075 1836 1138 urgente
1881 1063 2277 1135 persecutionis
2305 1064 2660 1127 necessitate,
2690 1078 2798 1116 non
2836 1061 3204 1123 recensuisse,
3239 1060 3533 1131 proferret.

477 1158 766 1217 Beatitatis
790 1171 1060 1228 possessa:
1092 1155 1336 1219 titulum,
1370 1154 1661 1223 sanctique
1694 1167 1894 1209 nomen
1954 1152 2139 1222 operis
2178 1151 2410 1223 hujusce
2440 1150 2633 1205 titulus
2662 1165 2693 1203 a
2737 1166 2845 1216 me,
2884 1150 3078 1214 lateor,
3106 1148 3275 1205 verbo
3323 1148 3441 1204 solo
3469 1150 3684 1203 immu~

406 1260 554 1305 tatus
593 1247 808 1302 auctori
846 1242 1165 1316 Theophani
1198 1241 1450 1298 ascribit.
1482 1241 1587 1303 Sed
1631 1256 1730 1303 nec
1760 1241 2082 1297 mutationis
2117 1239 2354 1294 inductae
2382 1239 2647 1310 penitet:
2680 1253 2847 1308 quem
2905 1237 3107 1291 etenim
3154 1236 3426 1291 virtutum
3463 1234 3690 1293 facinov-

407 1337 559 1391 ri-bus
590 1332 890 1405 prmclaris,
930 1330 1244 1400 diilicilique
1273 1339 1325 1387 et
1355 1329 1555 1399 insigni
1589 1328 1710 1385 tidci
1762 1328 2082 1385 testimonio
2126 1326 2498 1399 perfunctum,
2537 1338 2592 1382 et
2630 1340 2854 1383 sanctos
2922 1326 3064 1380 inter
3100 1325 3371 1381 adlectum
3426 1324 3687 1381 ctelitum

404 1421 730 1485 honoribus,
770 1435 916 1477 anno
961 1432 1181 1490 quoque
1226 1417 1506 1482 redeunte,
1554 1417 1843 1477 orientalis
1894 1415 2140 1473 Ecclesia
2182 1414 2425 1473 celebrat
2463 1456 2479 1482 ,
2514 1415 2663 1471 hunc
2717 1428 2837 1484 ego,
2874 1413 3092 1484 iuratus
3138 1413 3495 1483 quantumvis
3542 1428 3688 1468 mss.

405 1511 527 1580 ejus
549 1509 946 1579 exemplarium
993 1514 1199 1576 septem
1232 1513 1468 1561 sectator
1512 1503 1757 1572 futurus,
1790 1515 1845 1561 et
1879 1521 1955 1565 βω

2171 1503 2381 1570 ﬁdelis;
2412 1501 2624 1573 ahjecta
2653 1502 2960 1571 Θεοφάνους
3006 1500 3362 1570 ἁμαρτωλοῦ,
3396 1509 3562 1572 prout
3590 1501 3688 1557 illa

414 1597 567 1652 nullo
616 1612 740 1650 cum
801 1594 1125 1649 discrimine
1161 1590 1469 1663 proferunt,
1508 1592 1892 1667 appellatione,
1928 1589 2330 1661 indignandum
2380 1589 2515 1644 tnihi
2549 1604 2897 1660 nequaquam
2930 1588 3079 1657 potui
3139 1588 3493 1658 persuadere.
3523 1587 3690 1655 Quod

410 1687 514 1741 sibi
558 1696 749 1740 mutuo
778 1681 1032 1741 monachi
1097 1680 1417 1747 orientales,
1452 1680 1777 1759 Theophani
1826 1680 2094 1736 monacho
2136 1679 2385 1749 praestiti.
2429 1677 2507 1732 llli
2559 1677 2922 1748 ἁμαρτωλοὺς
2956 1676 3231 1746 privatim,
3280 1691 3345 1732 ac
3375 1677 3583 1747 passim
3628 1692 3692 1730 sc

410 1775 614 1844 quique
647 1770 896 1843 professi,
928 1769 1116 1839 ᾁγίους
1141 1768 1373 1829 invicem
1402 1783 1461 1823 sc
1484 1768 1723 1827 salutant
1750 1787 1764 1823 :
1792 1768 1869 1823 ita
1893 1776 2051 1825 estet
2076 1767 2205 1821 mihi
2224 1785 2250 1833 ·;
2285 1782 2409 1838 qua:
2463 1765 2771 1835 Θεοφάνους
2799 1780 2939 1835 opus
2970 1767 3075 1819 hoc
3098 1772 3372 1823 testantur
3400 1763 3693 1833 exempla-

414 1862 516 1925 ria,
544 1857 873 1930 ἁμαρτωλοῦ
905 1856 1113 1929 pariter
1150 1868 1425 1913 asserunt.
1467 1854 1610 1922 Quid
1641 1864 1754 1913 tum
1787 1856 1809 1911 ?
1855 1871 2019 1931 quem
2047 1853 2293 1913 Ecclesia
2326 1864 2577 1911 sanctum
2604 1855 2759 1920 colit,
2806 1856 2967 1922 cujus
3003 1854 3144 1911 oculo
3180 1864 3236 1913 et
3265 1853 3693 1909 immortalitate

409 1949 605 2019 dignas
633 1945 881 2001 actiones
915 1946 1057 2016 lego,
1112 1944 1299 2010 laudo,
1332 1942 1512 2001 refero
1552 1944 1621 2001 ad
1651 1944 1772 2014 ejus
1809 1945 1999 2016 operis
2026 1944 2218 2012 limen,
2267 1942 2523 2000 eumdem
2559 1959 2661 2014 ego
2693 1958 2823 2014 erga
2883 1943 3187 2001 litterulam
3212 1942 3530 2013 religiosus,
3560 1957 3695 2012 erga

409 2035 625 2090 caelites
652 2034 979 2106 injuriosus,
1017 2032 1163 2089 inter
1187 2031 1446 2088 Ecclesiae
1487 2029 1678 2088 Patres
1709 2032 1864 2102 ἅγιον
1893 2033 1939 2088 si
1976 2032 2207 2088 minime
2240 2032 2645 2088 recensuissem
2667 2083 2682 2111 ,
2716 2046 2785 2086 ne
2818 2030 3120 2100 impietatis
3166 2044 3502 2096 arcesseres,
3529 2030 3696 2084 Chri-

409 2123 587 2179 stiane
609 2123 801 2188 lector,
841 2120 1090 2178 verebar.
1128 2116 1431 2177 Verborum
1464 2120 1632 2191 igitur
1667 2120 1937 2191 ipsorum,

2145 2138 2276 2185 ινους
2305 2119 2639 2191 ἁμαρτωλοῦ
2675 2120 2819 2186 vice,
2852 2117 2951 2173 τοῦ
2981 2119 3040 2173 ὲν
3075 2118 3257 2187 ἁγίοις
3281 2118 3495 2189 [ἰατρὸς
3531 2116 3695 2192 ἡμῶν

410 2211 856 2269 substituendum
891 2219 1045 2266 ratus
1077 2227 1219 2269 sum.
1253 2209 1355 2266 Ms.
1382 2210 1555 2266 codex
1573 2226 1640 2266 ex
1664 2226 1773 2281 quo
1802 2211 2038 2281 reliqua,
2058 2212 2208 2269 nulla
2242 2211 2546 2265 mutatione
2572 2208 2816 2275 inducta,
2844 2208 3149 2276 desumpsi,
3171 2207 3355 2278 regius
3382 2215 3491 2272 est,
3521 2220 3693 2260 manu

414 2298 557 2355 lidcli
606 2300 835 2370 antiqua
883 2308 939 2355 et
979 2298 1204 2371 probata
1236 2307 1520 2364 exaratos,
1560 2306 1616 2355 et
1649 2300 1714 2354 ad
1745 2298 1949 2357 Leonis
1975 2297 2357 2365 Grammatici,
2393 2298 2484 2368 qui
2508 2296 2899 2367 Theophanem
2924 2295 3198 2366 sequitur,
3233 2305 3292 2351 ut
3320 2293 3696 2364 Theophanes

414 2385 708 2463 Georgium
752 2388 1067 2463 Syncellum
1113 2388 1338 2460 excipit,
1365 2389 1833 2460 comparationem
1863 2390 2149 2461 inspectus
2171 2402 2239 2443 ex
2265 2385 2623 2441 amanuensis
2655 2384 2999 2448 testimonio,
3031 2394 3159 2439 ante
3185 2396 3361 2438 annos
3399 2390 3697 2439 sescentos

416 2482 472 2530 et
507 2477 745 2547 amplius
777 2479 1084 2549 descriptus
1112 2476 1445 2549 agnoscitur.
1476 2476 1685 2534 Asserti
1728 2476 1895 2550 hujus
1923 2484 2251 2551 argumenta
2280 2473 2610 2547 protulimus
2640 2472 2708 2528 ad
2739 2470 2958 2543 Georgii
2997 2471 3236 2544 Syncelli
3283 2470 3694 2543 praefationem.

1352 2776 1997 2871 CANDIDO
2150 2775 2748 2871 LECTORI

1562 2960 1626 3019 F.
1667 2957 2141 3020 FRANCISCUS
2179 2955 2558 3017 COMBEFIS

1060 3115 1311 3163 ORDINIS
1374 3116 1466 3158 FF.
1517 3111 2017 3158 PREDICATORUM
2069 3111 2604 3159 CONGREGATIONIS
2642 3113 2694 3159 8.
2739 3113 3056 3158 LUDOVICI.

503 3387 583 3441 En
617 3387 711 3440 tibi
735 3386 830 3440 diu
862 3395 1220 3454 exspectatun:
1254 3388 1353 3440 viri
1386 3388 1741 3453 sanctissimi,
1771 3403 1863 3443 nec
1893 3388 2127 3458 ἀσκήσει
2160 3387 2336 3442 minus
2376 3400 2440 3441 ac
2466 3384 2822 3455 confessione,
2855 3397 3014 3453 quant
3045 3382 3312 3436 scribendi
3335 3384 3611 3440 industria
3642 3403 3708 3440 ac

428 3476 609 3531 labore
652 3473 911 3541 illustris,
952 3472 1286 3544 Theophanis
1326 3475 1849 3545 chronographicum-
1886 3491 2040 3547 opus,
2070 3491 2133 3529 ac
2173 3474 2455 3527 historiam
2483 3488 2507 3537 ;ν
2537 3480 2597 3525 ut
2636 3470 2789 3540 cujus
2824 3472 3133 3524 summariis
3181 3466 3383 3527 (It-arcis
3409 3474 3619 3542 pariter
3645 3491 3710 3528 ac

428 3563 642 3621 Latinis
668 3563 928 3618 hactenus
956 3561 1244 3634 fruebaris,
1297 3562 1414 3630 ipso
1442 3578 1584 3616 nunc
1612 3562 1793 3633 pleno,
1827 3579 1893 3616 ac
1920 3564 2076 3634 quale
2109 3567 2186 3620 uel
2220 3565 2333 3635 ipse
2367 3563 2559 3628 edidit,
2589 3562 2667 3618 uel
2703 3562 2772 3615 ad
2802 3577 2898 3616 nos
2932 3561 3176 3615 codicum
3213 3577 3314 3616 non
3353 3577 3525 3630 parva
3561 3581 3708 3636 seges

430 3652 755 3718 transmisit,
784 3650 1149 3706 abundantius
1167 3649 1467 3708 delecteris.
1488 3650 1558 3704 Et
1579 3667 1644 3706 ea
1676 3649 2009 3723 TheOphanis
2041 3670 2143 3708 non
2174 3653 2396 3707 minima
2425 3652 2723 3722 laus,quod
2753 3650 2867 3721 ejus
2899 3652 3054 3705 toties
3077 3651 3341 3720 descripta
3371 3651 3706 3718 lucubratio,

427 3741 548 3809 ipsa
586 3738 846 3793 brevitate
883 3753 1005 3792 cum
1047 3737 1168 3806 pari
1196 3736 1573 3807 perspicuitate
1610 3738 1859 3796 lectorem
1902 3757 2165 3803 recreans,
2186 3740 2604 3810 immensumque
2640 3739 2987 3793 historiarum
3019 3753 3199 3808 aequor
3224 3737 3367 3790 haud
3399 3738 3478 3791 ita
3521 3739 3710 3794 multis

430 3824 671 3881 uersibus
718 3834 1102 3894 repraesentans
1135 3839 1155 3878 :
1203 3826 1343 3894 quod
1376 3825 1503 3877 item
1530 3826 1578 3879 si
1627 3827 1718 3895 qui
1753 3826 1863 3896 fere
1891 3826 2059 3882 Graeci
2096 3822 2380 3900 Latinique
2425 3839 2542 3899 post
2572 3845 2690 3883 eum
2730 3844 2790 3882 co
2822 3828 2961 3882 velut
2996 3828 3298 3883 charactere
3333 3827 3612 3897 scripsere,
3649 3844 3714 3884 ac

430 3913 780 3967 hi.~.tariarum
833 3912 1099 3967 breuiaria
1147 3912 1375 3982 posteris
1402 3911 1681 3982 reliquere,
1726 3915 1902 3984 quoad
1932 3914 2030 3969 illa
2059 3918 2373 3989 porrigitur,
2407 3934 2510 3972 non
2543 3928 2654 3972 tam
2690 3932 2844 3969 suum
2886 3916 3092 3986 aliquid
3128 3915 3503 3984 produxerim,
3546 3933 3712 3987 quam

431 4001 731 4059 sublectum
762 4000 1147 4070 Theophanem,
1179 4001 1336 4070 inque
1366 3998 1596 4069 majores
1627 4011 1869 4056 coactum
1900 4005 2204 4073 angustias,
2225 4005 2523 4076 suppressis
2557 4020 2660 4059 non
2693 4004 2899 4073 paucis,
2928 4003 3096 4073 iisque
3129 4002 3344 4057 minime
3374 4004 3711 4071 spernendis,

434 4088 544 4142 alio
571 4088 648 4144 rel
676 4086 951 4153 idiomate,
983 4087 1061 4142 vel
1085 4087 1225 4159 stylo
1252 4087 1491 4141 nonnihil
1521 4089 1727 4158 puriori
1766 4089 2110 4148 reddiderint.
2163 4076 2171 4084 ’

504 4176 582 4239 De
644 4174 979 4245 Theophane,
1028 4176 1244 4246 ejusque
1315 4174 1611 4241 natalibus,
1677 4192 1741 4231 ac
1801 4178 1924 4234 uitta
1983 4187 2095 4235 tota
2148 4181 2514 4248 institutione,
2571 4196 2773 4235 necnon
2833 4178 2896 4233 de
2944 4181 3089 4235 illius
3142 4196 3294 4249 opere
3353 4180 3471 4245 hoc,
3548 4196 3614 4234 ac
3664 4180 3713 4234 ei

437 4265 626 4320 comis
661 4263 788 4325 aliis.
819 4263 1057 4333 quidem
1077 4263 1333 4328 nominis,
1363 4279 1428 4320 ac
1456 4264 1690 4319 instituti
1719 4281 1740 4330 ;
1781 4275 1975 4330 praeter
2003 4278 2346 4324 monumenta
2373 4268 2474 4339 ipsi
2500 4266 2623 4321 libri
2656 4267 2824 4337 fronti
2851 4268 3099 4337 prie/51a,
3139 4266 3324 4321 multis
3355 4268 3488 4323 satis
3532 4267 3602 4323 Π.
3641 4265 3712 4321 Ρ.

437 4349 675 4406 Iacobus
705 4349 851 4405 Goar
882 4352 913 4405 ὁ
966 4350 1304 4423 μακαρίτης,
1337 4353 1452 4421 ipso
1479 4352 1662 4406 statim
1700 4352 1883 4407 limine
1906 4369 2092 4408 earum
2119 4354 2410 4421 Natarum,
2444 4371 2577 4426 quas
2612 4355 2761 4408 illius
2784 4354 3094 4424 posthumas
3122 4355 3374 4424 produxi.
3406 4352 3535 4407 .lam
3569 4355 3713 4408 enim

442 4440 776 4512 Theophanis
812 4449 923 4496 toto
949 4443 1062 4512 ipso
1092 4450 1263 4510 textu,
1296 4442 1526 4513 adeoque
1555 4454 1603 4499 et
1630 4441 1818 4498 Leonis
1844 4442 2217 4507 Grammatici,
2258 4443 2486 4513 exceptis
2515 4442 2743 4512 fortasse
2779 4443 3023 4510 pauculis
3054 4442 3220 4512 foliis,
3256 4443 3390 4511 typis
3427 4441 3710 4504 mandato,

434 4530 679 4601 notisque
702 4530 773 4584 ad
807 4528 1173 4598 Theophanem
1204 4530 1469 4589 duntaxat
1502 4532 1740 4602 digestis,
1775 4532 1904 4587 dum
1948 4530 2354 4596 absolutionem,
2394 4530 2701 4600 majoraque
2729 4530 2842 4584 alia
2880 4533 2961 4585 vir
2985 4531 3195 4599 pietati,
3235 4529 3452 4593 litteris,
3486 4528 3713 4585 erciw

436 4626 599 4679 natus
632 4620 835 4687 cogitat
867 4635 885 4682 ;
916 4632 1039 4675 ωοω
1066 4617 1176 4687 fere
1217 4616 1987 4673 sanctissimiPradicatorum
2011 4620 2267 4674 antistitis
2298 4618 2568 4673 Dominici
2596 4618 2666 4672 ad
2688 4617 2875 4671 Nonas
2898 4618 3125 4688 Augusti
3148 4619 3275 4671 anni
3309 4617 3453 4673 1655
3487 4616 3711 4688 expletis

439 4704 616 4774 feriis,
650 4705 830 4776 grauis
861 4720 1087 4760 accensa
1108 4703 1212 4759 bile
1250 4704 1464 4760 morbus
1491 4706 1696 4761 inuadit
1727 4748 1741 4771 ,
1779 4724 1842 4762 ac
1874 4708 1943 4762 ad
1983 4707 2339 4780 Septembrem
2357 4708 2476 4779 jam
2502 4720 2792 4779 vergentem
2836 4709 2980 4762 varie
3018 4710 3370 4774 discrucians,
3401 4727 3463 4764 ac
3485 4725 3711 4779 corpus-

438 4793 618 4846 culum
653 4794 913 4859 deterens,
940 4793 1004 4848 de
1036 4794 1216 4864 patria
1271 4803 1428 4866 atque
1454 4797 1601 4855 exitu
1622 4795 1913 4857 sollicitum
1941 4797 2073 4869 facit
2095 4815 2115 4864 ;
2135 4797 2347 4870 quando
2372 4806 2422 4851 et
2455 4798 2539 4866 pie
2567 4798 2705 4852 inter
2730 4797 2960 4866 fratrum
2989 4813 3178 4853 manus
3202 4798 3351 4868 (quin
3381 4807 3430 4861 et
3445 4798 3709 4868 ﬁliorum.

436 4880 683 4937 sodalitii
744 4882 909 4939 totius
949 4882 1059 4938 vice
1104 4882 1351 4953 magistri
1405 4884 1630 4950 ordinis,
1671 4893 1729 4938 ut
1777 4895 1987 4954 uocant,
2027 4903 2220 4957 prtescs
2256 4887 2538 4955 exsistam)
2585 4886 2726 4940 diem
2778 4887 2908 4941 obit.
2967 4886 3163 4941 Statim
3218 4889 3397 4958 itaque
3438 4896 3715 4957 appetente

440 4968 821 5037 invaletudine,
855 4979 912 5025 ut
945 4970 1081 5026 nihil
1112 4987 1177 5026 ea
1211 4974 1327 5042 ipso
1352 4972 1570 5027 exordio
1599 4974 1780 5027 mitior
1804 4973 1929 5042 fuit,
1953 4984 2009 5027 ut
2041 4976 2180 5045 quod
2206 4983 2496 5044 superesset
2524 4971 2826 5040 Theophani
2850 4984 3160 5043 prcestarem
3190 4992 3285 5045 pro
3327 4976 3545 5047 antiquo
3573 4974 3714 5028 ami-

440 5060 587 5114 citia:
606 5061 752 5130 jure,
788 5074 850 5112 ac
880 5061 1243 5115 communibus
1278 5063 1473 5117 studiis
1510 5064 1670 5117 etiam
1701 5064 1964 5133 etiamque
2002 5062 2227 5132 rogavit.
2257 5062 2436 5114 Annui
2452 5077 2473 5127 ;
2524 5076 2617 5115 nec
2639 5061 2779 5114 enim
2810 5061 2889 5114 vel
2917 5062 3086 5117 amico
3114 5060 3340 5133 aliquid,
3373 5071 3464 5117 aut
3496 5076 3604 5115 rem
3632 5060 3713 5114 sic

437 5147 667 5216 justam,
699 5162 827 5218 eque
852 5164 907 5202 re
929 5151 1196 5204 communi
1231 5167 1421 5221 negare
1442 5152 1610 5219 potui.
1656 5149 1832 5206 Notas
1861 5151 2038 5222 itaque
2065 5149 2247 5219 quales
2279 5150 2477 5206 relictae
2520 5159 2696 5217 erant,
2721 5149 2866 5220 prelo
2895 5149 3134 5219 subjeci,
3167 5166 3232 5204 ac
3268 5167 3429 5220 quam
3453 5150 3623 5221 potui,
3649 5157 3708 5205 ut

448 5235 725 5292 emendate
756 5235 1037 5306 prodeant,
1074 5239 1277 5295 curaui.
1324 5237 1565 5297 Iudicem
1602 5240 2027 5309 copiosissimum
2046 5280 2063 5307 ,
2093 5240 2231 5310 quod
2261 5240 2338 5299 ita
2381 5240 2719 5297 commodum
2750 5240 3017 5295 uideretur
3048 5241 3512 5312 chronographicaz
3541 5245 3707 5290 tanta:

436 5324 727 5393 molitioni,
755 5323 949 5394 adieci,
983 5334 1256 5395 totumque
1280 5328 1413 5381 adeo
1438 5326 1765 5397 Theophanis
1788 5330 1963 5391 ipsum
2000 5336 2220 5395 textum,
2258 5343 2324 5381 ac
2345 5326 2534 5383 bonis
2564 5327 2919 5384 Grammatici
2940 5369 2955 5395 ,
2998 5330 3385 5399 eersionemque
3415 5340 3704 5389 recensens,

436 5423 793 5466 occurrerunt
836 5415 1029 5483 multa,
1072 5429 1192 5484 quas
1233 5414 1492 5469 secundas
1542 5432 1698 5470 curas
1747 5416 1823 5470 sic
1875 5417 2043 5486 spisso
2093 5432 2240 5483 opere
2271 5415 2569 5470 riderentur
2597 5416 2919 5472 desiderare.
2955 5414 3022 5471 In
3064 5433 3179 5473 eam
3227 5433 3334 5471 rem
3363 5417 3527 5486 igitur
3553 5422 3712 5467 notas

432 5501 783 5568 posteriores,
820 5517 884 5555 ac
926 5503 1317 5558 emendationes
1362 5504 1608 5569 strictim,
1646 5520 1872 5577 pencque
1894 5503 2222 5576 defunctorie
2259 5504 2615 5559 instituendas
2637 5507 2841 5575 putaui,
2873 5514 2932 5558 ut
2960 5504 3015 5559 id
3057 5504 3166 5575 fere
3194 5513 3505 5575 pt'a’starem
3552 5499 3708 5555 Patri

441 5583 587 5641 ϐοω-
611 5588 665 5640 in
707 5586 1044 5659 Theophane,
1073 5593 1214 5662 quod
1249 5592 1337 5647 ille
1361 5591 1642 5663 Xylaudro
1664 5595 1720 5647 in
1746 5592 1925 5664 Regina
1949 5594 2197 5649 editionis
2229 5592 2484 5651 Cedreno.
2530 5592 2642 5648 Nec
2670 5595 2810 5648 enim
2838 5594 2978 5663 quod
3006 5592 3249 5648 Grctsoro
3281 5596 3338 5647 in
3371 5593 3597 5653 Codino,
3621 5589 3707 5642 ubi

432 5689 543 5729 non
595 5674 979 5745 defunctorius,
1006 5680 1113 5747 _sed
1150 5680 1307 5749 plane
1354 5683 1616 5751 caquisito
1648 5697 1818 5750 opere,
1850 5680 1916 5734 de
1948 5682 2138 5735 tirtcca
2161 5681 2421 5751 sequioris
2450 5683 2744 5748 prtesertim
2782 5682 3044 5753 mediique
3086 5683 3182 5737 teni
3215 5682 3542 5744 litteratura,
3570 5676 3707 5731 idem

437 5760 655 5816 laudem
683 5762 858 5819 habet.
893 5764 1116 5820 Interim
1157 5767 1379 5839 angebat
1410 5770 1668 5832 animum,
1715 5770 1853 5839 quod
1893 5768 2136 5824 Graecum
2162 5768 2435 5837 exemplar
2455 5767 2811 5824 Laudationis
2870 5771 3200 5842 Thmphanis
3236 5786 3491 5843 nusquam
3522 5780 3704 5820 occur—

430 5859 572 5903 reret
614 5865 632 5903 :
671 5848 996 5921 Lipomanus
1024 5853 1316 5925 duntaxat,
1345 5871 1512 5926 exque
1538 5874 1597 5913 eo
1626 5856 1817 5915 Surius
1842 5859 1912 5911 ad
1944 5856 2129 5912 Martii
2156 5856 2244 5925 12,
2278 5855 2529 5911 Latinam
2554 5869 2978 5929 rept-a'sentaret.
3013 5857 3196 5931 Ipsum
3236 5860 3376 5932 quod
3406 5860 3484 5913 ita
3521 5852 3707 5908 Latine
