3926 6488
382 462 449 526 19
1651 466 2149 533 THEOPHANIS
2187 468 2390 532 VITA.
3606 461 3686 531 20

382 571 530 637 enim
567 569 932 627 tentationum
952 576 1088 626 azstu
1113 568 1991 650 laborantibus,densissimisque

2113 578 2212 633 iiou
2262 573 2597 649 διεκπερῶσι
2628 574 2922 642 θάλατταν,
2952 574 3048 630 καὶ
3076 576 3214 649 πρδς
3238 580 3365 643 τούς
3394 579 3686 650 ἀκύμονας

377 679 611 721 casuum
655 663 993 720 daemoniaca
1039 670 1176 731 arte,
1219 678 1285 720 ac
1319 664 1524 722 invidia
1566 683 1655 724 res
1704 669 1981 728 humanas

379 757 769 830 excipientium
799 756 1038 813 tenebris
1060 757 1434 823 circumfusis,
1450 776 1536 816 res
1559 776 1591 816 a
1616 763 1826 819 sanctis
1852 764 1983 819 viris

380 859 546 921 gesta:
586 850 691 907 sub
739 857 1020 921 aspectum
1063 849 1210 906 velut
1259 851 1488 922 positae,
1539 854 1833 925 splendore
1880 870 1985 913 suo

382 941 638 998 nebulam
673 957 794 998 eam
842 941 1146 998 discutiunt
1179 960 1196 1011 ;
1237 943 1530 1016 divinaque
1573 945 1823 1003 doctrina
1855 963 1984 1019 per-

380 1035 761 1090 turbationum
806 1033 953 1092 feros
994 1036 1275 1106 sopientes
1317 1035 1541 1102 ﬂuctus,
1580 1039 1986 1110 iucundissima

385 1127 616 1199 implent
655 1128 1094 1197 tranquillitate;
1144 1144 1211 1184 ac
1246 1131 1502 1199 pretiosis
1535 1132 1811 1188 mercibus
1845 1148 1986 1189 onu-

386 1231 503 1278 stos
538 1230 704 1293 atque
751 1221 1020 1284 lactantes.
1073 1223 1140 1279 ad
1187 1234 1428 1295 optatatn
1468 1224 1629 1280 facile
1679 1226 1990 1296 provehunt

389 1315 786 1370 limreditatem.
816 1316 974 1372 Alios
999 1316 1167 1387 igitur
1188 1316 1312 1372 aliis
1334 1326 1563 1374 ornatos
1584 1318 1878 1375 virtutibus
1902 1319 1988 1374 in-

388 1406 578 1464 venies
613 1425 627 1464 :
667 1408 758 1464 hic
795 1408 1143 1466 abstinentiae
1173 1409 1412 1481 rigorem
1443 1410 1610 1468 rebus
1642 1411 1775 1481 ipsis
1806 1412 1987 1481 palam

2081 670 2176 727 τοῦ
2213 671 2503 743 μέλλοντος
2548 669 2745 733 αίῶνος
2801 668 3195 741 ἐνορμισθῆναι
3249 671 3482 742 λιμένας
3538 692 3682 728 κατ-

2084 764 2470 837 επειγομένοις
2511 761 2934 835 ἐπισυμσαίνειν
2969 762 3186 818 εἴωθεν.
3227 762 3521 836 Ἀφράστῳ
3569 767 3687 837 γάρ

2083 859 2193 912 τῶν
2246 854 2576 929 πειρασμῶν
2631 855 3127 926 καταντλουμένοις
3177 854 3434 919 κλύδωνι,
3462 857 3563 912 καὶ
3587 858 3688 930 βα-

2086 951 2303 1021 θυτάτῳ
2345 948 2529 1003 σκότει
2562 947 2675 1002 τῶν
2728 947 3064 1020 δαιμονικῶν
3095 949 3534 1020 κατεσχημένοις
3577 966 3686 1004 πε-

2088 1042 2415 1116 ριστάσεων,
2439 1041 2499 1095 ai
2524 1040 2633 1095 τῶν
2659 1036 2927 1110 θεοφιλῶν
2960 1039 3173 1111 ἀνδρῶν
3206 1039 3399 1112 ῶσπερ
3429 1042 3525 1096 ὑπ’
3558 1041 3687 1112 δψιν

2087 1136 2318 1208 πράξεις
2372 1133 2681 1205 τιθέμεναι,
2727 1136 2795 1204 τῇ
2855 1132 2956 1203 μὲν
3009 1132 3191 1204 οίκείᾳ
3229 1133 3542 1206 λαμπηδόνι
3590 1135 3687 1190 τδν

2089 1226 2315 1282 ἐκείνων
2342 1224 2534 1279 σκότον
2566 1222 3022 1290 ἀποπεδὰζουσι,
3056 1223 3433 1287 διδασκαλίαις
3466 1225 3525 1279 δὲ
3559 1227 3687 1290 ταῖς

2090 1318 2470 1380 θεοπνεύστοις
2506 1315 2567 1370 τὸ
2590 1314 2701 1368 τῶν
2728 1315 2922 1373 παθῶν
2950 1316 3427 1386 καταστορέσασαι
3469 1315 3685 1371 κλυδώ-

2089 1426 2225 1477 νιον,
2255 1409 2481 1479 ἡδίστης
2536 1405 2779 1476 γαλήνης
2830 1406 3331 1478 κατεμπιμπλῶσι,
3385 1408 3478 1462 καὶ
3540 1406 3688 1479 πρὸς

388 1496 522 1555 facit
554 1515 569 1553 :
608 1499 699 1555 ille
722 1501 993 1557 castitatis
1016 1501 1364 1571 splendorem
1393 1543 1410 1570 ,
1442 1511 1613 1575 utque
1644 1504 1989 1560 incontinen-

2089 1502 2191 1574 τὴν
2226 1500 2573 1572 ποθουμένην
2606 1502 2781 1573 ῥᾷστα
2829 1502 3270 1574 παραπέμπουσι
3312 1498 3684 1573 κληρουχίαν,

392 1590 482 1647 tie
505 1590 589 1647 vis
629 1602 942 1662 superetur,
998 1602 1222 1650 strenue
1261 1594 1557 1651 admodum
1599 1595 1801 1652 docet:
1852 1596 1988 1652 alter

2089 1594 2169 1666 τῷ
2209 1594 2394 1665 φόρτῳ
2424 1592 2534 1646 τῶν
2588 1593 2893 1665 ἀγωγίμων
2951 1591 3389 1663 ἀγαλλομένους.
3449 1590 3689 1655 ’Ἄλλους

392 1681 627 1739 virtutes
650 1683 801 1738 velut
830 1684 1065 1756 principi
1104 1686 1318 1741 tabellae
1360 1687 1613 1742 humanm
1651 1687 1776 1743 vita:
1798 1688 1990 1757 appin-

2113 1687 2196 1742 ιέν
2238 1688 2423 1749 ἄλλοις
2476 1688 2869 1761 ἐμπρέποντας
2922 1685 2990 1739 ἂν
3038 1684 3226 1758 εὕροις
3256 1687 3370 1748 τοῖς
3399 1683 3689 1755 κατορθώ-

392 1773 473 1847 git
504 1792 519 1831 :
547 1775 691 1832 alius
725 1776 791 1831 ad
828 1768 1015 1832 saeculi
1049 1778 1220 1833 totius
1250 1787 1622 1849 contemptum
1658 1780 1834 1835 erudit
1866 1794 1879 1834 :
1909 1788 1993 1833 est

2113 1797 2253 1846 ιασι,
2285 1780 2381 1835 καὶ
2403 1781 2495 1835 τὸν
2533 1781 2634 1852 μὲν
2663 1780 2724 1834 τὸ
2755 1781 2855 1850 τῆς
2875 1777 3209 1850 ἐγκρατείας
3235 1777 3466 1849 στερρὸν
3501 1776 3692 1841 αὐτοῖς

393 1869 633 1942 denique
677 1870 770 1942 qui
798 1871 867 1927 ad
907 1872 1127 1927 inanem
1160 1872 1387 1943 gloriam
1417 1871 1780 1943 spernendam
1813 1871 2006 1927 valide‘

2113 1873 2279 1943 ἔργοις
2309 1874 2500 1944 σαφῶς
2549 1872 2960 1944 ὑπογράφοντα,
2995 1871 3089 1925 τὸν
3141 1870 3200 1924 δέ
3239 1871 3301 1924 τὸ
3343 1870 3443 1940 τῆς
3475 1883 3698 1940 σωφρο-

395 1936 791 2017 ποώδη-Μ
812 1960 859 2017 si
911 1936 1240 2018 αἰνὶιιίεείἶιιί
1293 1936 1472 2018 Patris
1508 1960 1861 2032 Theophanis
1900 1979 1990 2020 res

2113 1936 2268 2038 riivn;
2299 1936 2574 2037 λαμπρὸν,
2760 1936 2909 2030 όπως
2944 1936 2996 2037 νή
3037 1965 3137 2034 τῆς
3184 1936 3482 2024 ἀκολασίας
3536 1936 3698 2034 πετρι-

396 2064 578 2122 gestas
600 2052 1056 2120 consideraveris,
1093 2064 1354 2124 tanquam
1378 2055 1431 2109 in
1471 2055 1628 2110 horto
1656 2052 1852 2110 florido
1878 2058 1991 2112 vir-

2113 2056 2308 2128 γίνεται
2364 2058 2657 2112 δεσποτεία
2687 2096 2703 2123 ,
2750 2057 2897 2129 μάλα
2953 2055 3221 2120 νεανικῶς
3263 2055 3695 2110 ἐκδιδάσκονταο

394 2153 577 2201 tutum
622 2160 787 2201 omne
833 2161 1006 2218 genus
1045 2145 1172 2201 altis
1214 2146 1274 2200 in
1315 2159 1382 2202 eo
1419 2145 1700 2203 radicibus
1738 2147 1988 2205 adultum

2113 2149 2291 2221 ἓτερον
2317 2151 2427 2203 τῶν
2474 2150 2688 2223 ἀρετῶν
2725 2150 2803 2215 ὡς
2826 2149 3124 2221 ἀρχετύπῳ
3154 2148 3346 2202 πίνακι
3374 2146 3474 2219 τὴν
3502 2146 3699 2218 κτῆσιν

398 2237 696 2295 inveneris.

2113 2243 2593 2315 Βιαζωγραφοῦντα
2627 2244 2707 2317 τῷ
2748 2244 2870 2317 βίῳο
2905 2244 3065 2299 ἄλλον
3095 2242 3235 2315 πρὸς
3287 2241 3386 2314 τὴν
3436 2241 3533 2295 τοῦ
3581 2238 3699 2311 βίον

396 2339 600 2405 παντὸς
629 2338 1086 2411 παιδοτριϐοὖντα
1109 2336 1540 2409 καταφρόνησιν,
1562 2338 1659 2392 καὶ
1673 2336 1833 2392 ἄλλον
1849 2335 1987 2409 πρὸς
2012 2334 2111 2410 τὴν
2135 2339 2233 2404 τῆς
2255 2340 2451 2410 καινῆς
2475 2337 2633 2412 δόξης
2655 2340 2961 2413 ὑπεροψίαν
2991 2338 3272 2413 κραταιῶς
3298 2337 3697 2407 ὑπαλείφοντα.

397 2436 706 2508 Θεοφάνους
734 2437 792 2491 δέ
822 2436 917 2493 τοῦ
945 2436 1222 2492 θειοτάτου
1245 2435 1462 2509 Πατρὸς
1477 2434 1895 2509 προσομιλήσας
1911 2436 2034 2499 ταῖς
2057 2433 2310 2508 πράξεσι,
2343 2437 2526 2491 πᾶσαν
2552 2436 2618 2492 ἂν
2638 2436 2782 2492 ίδέαν
2803 2434 3046 2502 κατίδοις
3076 2420 3261 2490 καλῶν
3284 2432 3360 2497 ὼς
3388 2435 3445 2486 ἐν
3478 2430 3702 2490 εὐθαλεῖ

399 2532 715 2605 παραδείσῳ
745 2549 915 2604 φυτου
924 2549 1056 2605 ργου
1064 2531 1253 2604 μένην.

472 2623 583 2681 llas
629 2641 732 2699 ego
784 2634 843 2681 ut
888 2626 1202 2682 laudatione
1250 2639 1649 2698 prosequerer,
1696 2623 1996 2680 multorum

2178 2625 2401 2691 Ταύτας
2444 2625 2745 2697 ἐγκωμίοις
2797 2625 3091 2680 ὑποϐαλεῖν
3144 2621 3521 2694 προτραπεὶς,
3552 2618 3695 2675 ἑτοί-

403 2717 787 2774 adhortatione
819 2717 1114 2783 adductus,
1156 2726 1412 2788 prompto
1434 2718 1622 2772 animo
1656 2714 1997 2787 provinciam

2113 2735 2229 2789 μως
2258 2713 2380 2783 εἶξα
2428 2721 2496 2790 τῇ
2537 2720 2890 2790 παραινέσει,
2922 2717 3024 2789 τὴν
3057 2720 3121 2770 ἐκ
3169 2715 3273 2786 τῆς
3318 2712 3530 2768 ἐκείνου
3562 2726 3696 2781 πρε-

403 2810 643 2881 suscepi,
688 2810 836 2866 illius
881 2824 1104 2880 precum
1136 2809 1344 2865 auxilio
1389 2807 1563 2865 fretus
1596 2825 1611 2863 :
1645 2821 1756 2863 non
1795 2818 1852 2862 ut
1880 2807 2002 2861 viro

2113 2811 2300 2876 σσείας
2342 2811 2668 2882 ἐπικουρίαν
2718 2808 3148 2866 καταπιστεύων
3192 2804 3580 2880 θηράσασθαιο
3628 2800 3691 2856 οὐ

405 2900 593 2956 divino
648 2915 713 2956 ac
772 2899 1102 2956 admirando
1157 2900 1390 2972 gloriam
1449 2898 1824 2962 conciliarem,
1858 2895 2003 2966 (quae

2114 2905 2254 2975 πρὸς
2304 2904 2464 2971 δόξαν
2496 2903 2592 2958 τοῦ
2623 2904 2935 2975 θαυμασίου
2966 2902 3151 2971 (ποίαν
3179 2902 3200 2935 ³
3223 2899 3333 2972 γὰρ
3365 2899 3507 2953 οίσει
3534 2896 3694 2960 δόξαν

405 2991 554 3046 enim
582 2990 658 3046 illi
677 2990 850 3063 gloria
878 3006 944 3047 ex
971 2992 1221 3048 oratione
1250 3006 1392 3057 mea,
1411 3004 1534 3062 qua:
1561 2987 1859 3044 virtutibus
1881 2985 2004 3056 ejus

2113 2994 2270 3063 λόγος
2321 2994 2521 3067 μακρῷ
2551 2996 2629 3049 τῶ
2665 2997 2818 3067 μέσῳ
2861 2994 2972 3048 τῶν
2999 2991 3212 3046 ἐκείνου
3245 2987 3696 3059 κατορθωμάτων

408 3085 570 3156 longe
615 3093 701 3142 est
756 3083 1006 3149 inferior,
1056 3083 1269 3155 acquiri
1314 3082 1537 3154 potest?
1569 3082 1609 3153 ),
1670 3080 1764 3135 sed
1817 3089 2006 3134 contra

2113 3085 2543 3159 ἀπολειπόμενος
2563 3088 2626 3158 ;),
2663 3086 2986 3142 τουναντίον
3017 3086 3076 3142 δὲ
3113 3084 3334 3158 μᾶλλον,
3386 3082 3451 3153 τῇ
3498 3077 3695 3132 τούτου

410 3154 618 3247 potius,
648 3187 703 3233 ut
736 3177 903 3234 rebus
929 3178 1000 3234 ab
1028 3154 1150 3249 ipso
1182 3175 1351 3247 gestis
1376 3172 1877 3229 commemorandis
1901 3171 2006 3226 vim

2114 3178 2305 3252 μνήμῃ
2340 3154 2436 3234 καὶ
2466 3154 2663 3248 λόγους
2711 3180 2911 3244 αὐτοὺς
2960 3154 3262 3249 κοσμῆσαι,
3295 3173 3390 3227 καὶ
3425 3170 3695 3244 μεγίστην
3812 3154 3832 3173 “

411 3273 589 3342 ipsam
627 3272 845 3329 dicendi
880 3286 1227 3337 exornarem,
1268 3279 1324 3325 et
1364 3285 1459 3325 eas
1491 3268 1695 3323 imitari
1745 3267 2006 3324 studenti-

412 3363 518 3421 bus
542 3362 920 3434 adjutnentum
954 3362 1251 3417 maximum
1281 3360 1556 3417 offerrem.
1589 3358 1914 3430 Quanquam
1948 3363 2001 3414 in

413 3455 535 3527 ipso
566 3456 754 3512 statim
787 3456 1080 3529 principio,
1111 3465 1408 3525 antequam
1439 3453 1493 3508 in
1519 3453 1697 3525 ipsum
1737 3452 2008 3509 laudatio-

2113 3269 2371 3323 ὑπόθεσιν
2404 3269 2675 3340 ὠφελείας
2713 3274 2827 3335 τοῖς
2861 3271 2883 3302 ⁸
2921 3267 3278 3340 ἐκμιμεῖσθαι
3325 3260 3699 3334 πειρωμένοις

2119 3360 2491 3432 πρυτανεῦσαι
2551 3361 2896 3433 γλιχόμενος.
2946 3361 3107 3415 Ἀλλὰ
3167 3357 3275 3431 πρὸ
3316 3354 3413 3410 τοῦ
3456 3352 3701 3426 κρηπῖδα

2115 3454 2192 3525 τῷ
2220 3454 2368 3527 λόγῳ
2395 3455 2830 3525 προστήσασθαι,
2860 3454 2960 3508 καὶ⁷
2985 3455 3098 3516 τοῖς
3136 3450 3360 3531 ίδρῶθσιν
3398 3445 3701 3515 ἐναθλῆσαι

414 3551 504 3607 nis
545 3550 784 3605 stadium
835 3549 1135 3620 ingrediar,
1180 3555 1335 3602 tanto
1380 3562 1470 3602 me
1520 3545 1676 3601 eneri
1738 3545 2004 3617 imparem

413 3641 611 3700 sentio.
660 3640 837 3697 Simul
875 3641 1018 3696 enim
1063 3648 1119 3698 et
1151 3640 1346 3710 patria,
1391 3649 1445 3696 et
1476 3654 1671 3711 genus,
1711 3647 1767 3694 et
1810 3648 2007 3693 natura

417 3734 785 3804 praestantior,
845 3742 901 3787 et
947 3749 1055 3802 qua
1091 3732 1463 3805 magnitudine
1486 3741 1737 3787 naturam
1787 3738 2010 3801 superat

418 3825 633 3892 virtus,
686 3826 865 3880 virum
913 3825 1243 3881 laudationis
1295 3832 1619 3895 argumento
1669 3822 2008 3893 propositum

417 3916 633 3988 egregie
668 3915 964 3973 honestam
996 3933 1011 3983 ;
1070 3926 1130 3972 ut
1162 3916 1380 3972 cunctis
1408 3915 1636 3971 exordio
1672 3914 2010 3972 occurrenti-

422 4010 547 4077 bus,
578 4008 711 4080 quid
744 4008 941 4063 horum
984 4007 1158 4080 magis
1198 4015 1486 4079 congruat,
1532 4007 1675 4063 haud
1703 4006 1861 4063 facile
1886 4004 2011 4078 quis

420 4100 687 4156 inveniat.
737 4100 920 4155 Patria
968 4101 1115 4156 enim
1174 4109 1291 4155 tum
1350 4099 1728 4156 laudationum
1777 4099 2009 4171 legibus,

422 4202 542 4249 tum
586 4193 832 4264 parentis
872 4194 1032 4251 titulo
1061 4194 1360 4262 instructa,
1394 4194 1600 4262 primas
1639 4193 1744 4249 sibi
1772 4192 2014 4250 vindicat

423 4292 609 4357 partes
637 4303 654 4342 :
690 4294 919 4357 oratque
953 4300 1078 4352 nos,
1109 4294 1275 4357 atque
1314 4286 1638 4353 obtestatur,
1672 4301 1737 4340 ne
1776 4284 2013 4356 propriis

426 4379 769 4435 ornamentis
811 4380 1100 4450 spolietur.
1146 4380 1408 4436 Parentes
1442 4388 1622 4434 autem
1660 4379 1804 4435 hanc
1831 4377 2015 4435 cubito

425 4473 679 4543 opposito
698 4472 1032 4544 propellunt,
1066 4472 1395 4528 educatione
1427 4486 1493 4527 ac
1520 4471 1805 4542 disciplina
1839 4471 2014 4542 ipsius

425 4563 744 4633 gloriantes.
776 4561 1020 4621 Virtutes
1042 4579 1195 4629 vero,
1222 4564 1505 4635 proposito
1527 4563 1646 4635 ejus
1683 4579 1749 4619 ac
1791 4578 2013 4634 posses-

427 4654 583 4711 sione
611 4654 855 4722 confisae,
898 4655 1192 4727 gloriosam
1232 4657 1503 4713 cervicem
1541 4658 1817 4721 attollunt,
1892 4670 2015 4710 ma-

430 4760 648 4819 gnaque
672 4762 805 4803 voce
823 4746 1053 4819 reliquis
1086 4748 1342 4813 clamant,
1391 4748 1568 4804 solum
1600 4748 1744 4803 illius
1775 4747 2017 4802 studium

430 4845 597 4909 atque
643 4839 889 4893 animum
917 4848 1265 4911 spectantes,
1297 4839 1562 4897 facillime
1596 4840 1768 4896 victas
1802 4855 1862 4896 se
1912 4839 2020 4894 illa:

432 4941 757 5004 agnoscant.
793 4931 908 5006 Ego
948 4934 1134 5006 itaque
1163 4935 1306 4992 inter
1332 4951 1444 5003 res,
1474 4951 1597 5008 qua:
1628 4952 1688 4993 se
1718 4933 1865 4990 vinci
1909 4946 2019 4988 non

431 5026 740 5096 patiuntur,
769 5024 939 5098 judex
970 5028 1302 5085 constitutus
1330 5029 1462 5101 quid
1496 5028 1693 5086 faciam
1725 5030 1749 5084 ’ἔ
1786 5027 2020 5084 Parum-

432 5130 534 5185 per
558 5116 770 5173 scilicet
807 5118 859 5173 in
891 5119 1169 5189 prioribus
1201 5119 1577 5187 immorabor,
1618 5128 1680 5177 ut
1707 5121 2016 5186 ostendam,

434 5224 688 5278 quanam
719 5211 837 5282 ipse
858 5210 1136 5270 Creatoris
1164 5228 1352 5270 amore
1375 5213 1748 5270 inﬂammatus
1774 5221 2023 5269 contem-

433 5300 628 5372 pserit,
641 5309 699 5358 et
711 5315 811 5372 pro
824 5303 999 5361 nihilo
1012 5303 1231 5360 duxerit
1247 5324 1260 5360 :
1275 5304 1471 5363 deinde
1488 5323 1586 5377 pro
1599 5306 1745 5361 illius
1758 5306 2020 5377 propositi

434 5391 656 5446 ratione
700 5391 993 5452 virtutibus
1021 5395 1145 5467 ejus
1182 5397 1518 5469 exponendis
1563 5407 1707 5453 totus
1748 5399 2024 5456 insistam.

510 5479 661 5537 Tulit
693 5482 870 5540 virum
918 5486 1067 5543 hunc
1107 5488 1485 5545 admirabilem
1528 5489 1619 5545 illa
1655 5490 1853 5560 patria,
1903 5506 2028 5563 qua:

441 5570 658 5644 imperii
689 5575 949 5648 dignitate
972 5579 1253 5649 decorata,
1295 5580 1508 5638 caeteris
1529 5581 1789 5639 omnibus
1814 5593 2024 5642 tantum

443 5667 750 5735 antecellit,
794 5680 1062 5741 quantum
1093 5673 1337 5744 reginam
1371 5675 1607 5732 subditis
1634 5687 1897 5747 praastare
1924 5695 2026 5750 par

2114 3550 2223 3604 τῶν
2253 3550 2571 3619 ἐγκωμίων,
2609 3551 2708 3621 τῆς
2759 3548 2996 3619 ἀπορίας
3038 3543 3392 3613 αἰσθάνομαι.
3448 3540 3562 3613 Βοᾷ
3591 3539 3702 3611 γάρ

2113 3639 2209 3695 τὸν
2243 3643 2325 3706 είς
2358 3641 2644 3712 εὐφημίαν
2697 3640 3061 3713 προκείμενον
3118 3634 3320 3707 πατρὶς
3371 3633 3468 3688 καὶ
3519 3633 3704 3704 γένος,

2117 3734 2216 3789 καὶ
2234 3733 2442 3789 νικῶσα
2473 3735 2495 3766 ⁵
2524 3734 2710 3805 φύσις,
2750 3734 2846 3787 καὶ
2879 3731 3085 3803 ταύτην
3119 3730 3186 3784 ἐκ
3218 3725 3487 3801 μεγέθους
3533 3723 3705 3797 ἀρετὴ

2117 3828 2564 3900 παρατρέχουσα,
2586 3828 2683 3882 καὶ
2708 3825 2929 3880 πάντων
2966 3826 3048 3886 είς
3073 3821 3249 3895 ἀρχὴν
3276 3819 3588 3890 ἀγομένων,
3606 3816 3705 3887 τὴν

2120 3920 2513 3992 προσήκουσαν
2548 3918 2748 3992 ῥᾳδίως
2779 3916 2881 3969 οὐκ
2910 3915 3062 3967 ἔστιν
3108 3912 3313 3984 εὑρεῖν.
3358 3909 3573 3978 Πατρὶς
3606 3908 3706 3979 μὲν

2118 4015 2228 4086 γὰρ
2264 4012 2453 4084 νόμοις
2490 4009 2805 4083 ἐγκωμίων,
2865 4008 2962 4062 καὶ
3001 4008 3070 4078 τῇ
3115 4003 3305 4059 τούτου
3360 4001 3516 4074 αίτίιτ⁸
3569 4001 3709 4056 καθ-

2118 4105 2462 4170 οπλισθεῖσα,
2489 4103 2562 4159 τά
2586 4104 2829 4175 πρωτεῖα
2851 4100 2959 4154 τῶν
2982 4100 3157 4155 ἄλλων
3177 4094 3596 4166 ἀπενέγκασθαι
3622 4110 3709 4161 φι-

2120 4199 2376 4264 λονεικεῖ,
2407 4197 2482 4268 μὴ
2511 4195 2606 4252 τοῦ
2640 4194 2844 4250 οίκείου
2889 4193 2991 4265 τὴν
3025 4191 3283 4263 στέρησιν
3312 4188 3711 4258 καλλωπίσμα-

2120 4307 2214 4356 τος
2252 4290 2545 4360 ὑπομεῖναι
2576 4287 2674 4341 σὺν
2717 4288 2901 4359 ὅρκοις
2931 4281 3363 4340 καθικετεύουσα
3388 4298 3403 4314 ’
3447 4282 3709 4352 γεννήτο-

2125 4399 2217 4455 ρες
2263 4383 2320 4437 δὲ
2351 4380 2490 4455 πρὸς
2525 4380 2761 4444 τούτοις,
2796 4378 3020 4450 παιδείᾳ
3050 4395 3110 4432 τε
3133 4380 3200 4450 τῇ
3225 4375 3417 4430 τούτου
3451 4374 3548 4428 καὶ
3579 4390 3710 4446 τρο-

2126 4477 2301 4549 φείοις
2339 4474 2764 4548 ὲναόρυνόμενοι
2789 4516 2805 4539 ,
2850 4473 3083 4528 κατόπιν
3109 4469 3316 4539 ταύτην
3348 4463 3710 4537 παραγκωνίο

2125 4567 2333 4635 ζονται·
2362 4565 2557 4638 ἀρεταὶ
2580 4565 2640 4619 δὲ
2670 4567 2733 4634 τῇ
2762 4564 2976 4617 ἐκείνου
3017 4560 3277 4632 προθέσει
3303 4575 3363 4611 τε
3392 4556 3488 4610 καὶ
3518 4556 3712 4627 κτήσει

2053 4691 2095 4746 D
2128 4658 2669 4732 μεγαλαυχούμεναι,
2719 4655 2924 4726 αὐχένα
2944 4671 3003 4707 τε
3049 4652 3258 4746 γαῦρον
3294 4647 3712 4746 ἐπαίρουσι-καὶ

2128 4753 2273 4825 μέγα
2331 4753 2445 4817 τοῖς
2490 4751 2673 4813 ἀλλοις
2730 4747 2919 4819 βοῶσι,
2952 4747 3089 4818 πρὸς
3142 4745 3241 4817 τὴν
3273 4744 3488 4799 ἐκείνου
3540 4744 3713 4817 μόνην

2125 4843 2410 4907 ἀπιδόντες
2443 4842 2649 4911 ἔφεσιν·
2694 4840 2901 4911 Ῥᾷστα
2960 4838 3062 4909 τὴν
3101 4830 3273 4909 ἦτταν
3327 4836 3619 4905 ἐπίγνωτε.
3645 4831 3712 4885 Τί

2124 4938 2264 5009 δῆτα
2288 4936 2472 5009 δράσω
2500 4933 2695 5007 κριτὴς
2721 4930 3066 5005 πραγμάτων
3097 4926 3269 5003 ἧτταν
3299 4930 3360 4983 οὐ
3396 4928 3710 4998 δυναμένων

2128 5029 2430 5101 ὑποστῆναι
2477 5027 2801 5096 γενόμενος;
2852 5025 2926 5078 Ἢ
2987 5023 3145 5096 δῆλον
3171 5064 3187 5089 ,
3237 5023 3314 5087 ὡς
3361 5020 3537 5094 μικρά
3597 5019 3712 5082 τοῖς

2130 5123 2423 5195 προτέροις
2455 5120 2817 5193 ἐνομιλήιτιις⁹
2852 5118 2947 5174 τοῦ
2983 5117 3268 5190 δειχθῆναι
3301 5116 3464 5189 χάριν
3508 5112 3711 5168 ὁποίων

2129 5214 2449 5285 ὑπερόπτης
2478 5209 2775 5282 γεγένηται
2823 5208 2902 5275 τῷ
2952 5207 3161 5279 φίλτρῳ
3193 5205 3572 5276 πεπεδημένος
3612 5197 3709 5254 τοῦ

2130 5307 2456 5369 Κτίσαντος,
2489 5303 2627 5366 ὅλως
2678 5300 2790 5356 τῶν
2830 5299 3044 5371 ἀρετῶν
3071 5297 3215 5353 κατὰ
3244 5298 3347 5367 τὴν
3379 5296 3586 5351 ἐκείνου
3622 5307 3708 5361 γε-

2129 5401 2367 5474 νήσομαι
2396 5398 2677 5472 πρόθεσιν.

2205 5496 2409 5565 Ἤνεγε
2436 5494 2527 5549 τδν
2559 5493 2862 5565 θαυμάσιον
2884 5490 3106 5563 Πατέρα
3139 5487 3339 5559 πατρὶς
3370 5486 3404 5557 ὴ
3433 5477 3709 5556 βασιλείας

2128 5586 2655 5659 ἐγκαλλωπιζομένη
2688 5585 2766 5657 τῷ
2792 5582 3065 5655 ἀξιώματι
3096 5582 3193 5637 καὶ
3218 5580 3328 5635 τῶν
3365 5578 3544 5633 ἄλλων
3566 5574 3706 5628 ἅπα-

2133 5679 2243 5736 σῶν
2264 5680 2360 5735 ἐπὶ
2395 5678 2651 5735 τοσοῦτον
2693 5675 3070 5750 ἀνῳκισμένη,
3120 5674 3249 5730 ὅσον
3294 5670 3446 5735 εἰκὸς
3482 5667 3582 5723 τῶν
3611 5663 3702 5731 ἀρε

1450 5820 1480 5894 ι
1776 5813 2010 5874 vanum
2054 5815 2466 5879 LECTIONES.

515 5924 540 5961 ³
564 5926 724 5983 ποίαν
749 5924 876 5983 Par.
952 5925 974 5961 ⁸
1002 5923 1141 6000 τοῖς]
1166 5926 1347 5995 αὐτοῖς
1378 5926 1502 5984 Par.
1577 5931 1598 5963 ⁵
1632 5932 1841 5986 νικεῖσα
1863 5930 1987 5990 Par.
