3926 6450
1374 352 1485 364 ____,
1559 343 1664 356 .9»

269 483 326 548 εἰ
1532 493 1951 554 ΤΗΕΟΡΠΑΝ
1964 495 2030 553 IS
2074 496 2264 555 Vle.
3477 501 3547 563 22

263 595 502 664 χομένων
531 599 638 670 τὴν
689 598 1147 653 δεσποτεύουσαν.
1204 601 1341 670 Περὶ
1371 595 1438 672 ἦς
1474 601 1644 655 πολλὰ
1676 601 1855 671 λέγειν

1961 614 2044 658 est
2071 621 2084 657 :
2116 605 2184 658 de
2208 619 2315 674 qua
2347 606 2514 660 multa
2543 619 2628 659 tne
2653 605 2837 661 dicere
2863 607 3132 663 volentem
3163 608 3404 680 impedit,
3431 623 3548 666 tum

260 688 453 743 ἐθέλων
502 692 590 762 τῷ
627 709 688 744 τε
732 693 916 746 πάντα
950 692 1042 747 τὸν
1077 693 1212 764 περὶ
1248 692 1418 766 αὐτῆς
1457 693 1616 764 λόγον
1657 697 1857 767 μακρῷ

257 780 325 850 τῷ
350 783 516 853 μέσῳ
545 786 933 857 παρατρέχειν
969 789 1072 856 τὴν
1120 786 1375 858 αἴσθησιν
1394 827 1410 851 ,
1465 789 1562 842 καὶ
1591 787 1670 859 τῷ
1717 789 1857 860 δῆλα

255 875 380 926 πᾶσι
414 874 775 929 καθεστάναι
801 875 875 929 τὰ
913 875 1046 947 περὶ
1069 875 1276 947 ταύτης
1304 877 1578 948 λεγόμενα
1605 880 1718 941 τοῖς
1751 877 1858 932 ἀνὰ

254 967 430 1020 πὶσαν
462 966 720 1020 οίκοῦσιν
770 967 907 1039 ὅσην
953 967 1126 1040 ἐφορᾷ
1169 968 1351 1040 ἥλιος,
1395 969 1854 1041 άνακάμπτομαι.

257 1061 594 1132 Γεννὴτορες
625 1061 686 1114 δὲ
729 1062 783 1115 οί
826 1061 1134 1136 τηλικαύτῃ
1164 1065 1295 1135 γονῇ
1330 1062 1426 1118 καὶ
1467 1064 1691 1136 πατρίδι
1724 1081 1858 1118 κατ-

251 1152 397 1218 αξίαν
423 1153 901 1224 ἐπιγραφόμενοι,
939 1153 1160 1225 πλούτῳ
1201 1153 1484 1225 κομῶντες
1503 1194 1520 1220 ,
1546 1157 1857 1227 στρατηγίᾳ

251 1243 598 1313 λαμπόμενοι
618 1285 635 1309 ,
687 1245 919 1314 ἀρεταῖς
953 1245 1197 1309 ἁπάσαις
1245 1247 1710 1320 δορυφορούμενοι
1731 1290 1746 1318 ,
1776 1248 1857 1322 τῷ

258 1336 454 1407 φίλτρῳ
509 1337 750 1390 πάντων
811 1337 1050 1408 μάλιστα
1096 1340 1486 1409 κατεστίφοντο
1531 1342 1574 1406 ⁸,
1631 1342 1695 1396 οὐ
1745 1343 1856 1397 τῶν

263 1430 515 1494 θεοφιλῶν
554 1430 752 1500 μόνον,
790 1431 886 1484 καὶ
916 1428 1062 1502 οἷςὴ
1101 1432 1484 1504 καλοκαγαθία
1529 1435 1628 1507 τὴν
1673 1437 1856 1504 φιλίαν

258 1520 560 1592 προύξένει,
596 1521 725 1575 οὐδὲ
757 1521 870 1576 τῶν
903 1522 1040 1588 ῖσοις
1069 1524 1514 1596 φαιδρυνομένων
1541 1529 1656 1590 τοῖς
1688 1526 1854 1595 ἀξιώ-

258 1630 440 1680 μασιν,
467 1614 518 1665 εἰ
538 1613 643 1665 καὶ
665 1613 928 1685 χειρίστη
951 1614 1268 1668 συνδεθεῖσα
1287 1615 1433 1688 ψυχὴ
1460 1617 1503 1681 ⁷,
1528 1612 1611 1682 οἷς
1636 1621 1668 1690 ἡ
1695 1622 1855 1690 χρεία

257 1705 331 1774 τῷ
366 1706 582 1778 ei).th
618 1707 946 1777 παρείχετο,
978 1708 1114 1788 ἀλλὰ
1147 1709 1431 1780 τυράννων
1461 1712 1557 1764 καὶ
1584 1710 1854 1783 βασιλέων

263 1799 457 1863 αὐτῶν,
486 1801 542 1852 οἱ
573 1800 637 1852 τὸ
661 1799 1009 1870 ὑπερϐάλλον
1040 1800 1142 1871 τῆς
1180 1801 1383 1872 ἀρετῆς
1413 1802 1640 1858 ἐκείνων
1670 1805 1852 1860 αἰδού-

271 1909 438 1960 μενοι,
468 1893 842 1963 διαφερόντως
866 1892 970 1962 τὴν
998 1893 1182 1961 φιλίαν
1209 1895 1540 1964 ἠσπάζοντο.
1584 1898 1853 1964 Ἰσαάκιος

273 1983 363 2035 καὶ
389 1984 626 2054 θεοδότη
650 1983 861 2048 τούτοις
891 1985 1140 2055 ὀνόματα
1162 2027 1178 2052 ,
1233 1985 1290 2039 εί
1333 2003 1396 2056 γε
1446 1989 1544 2043 καὶ
1589 1988 1856 2060 ὀνόματος

286 2075 409 2142 ύμῖν
436 2075 614 2144 μέλει.
639 2076 840 2130 Ῡὶνεται
859 2076 1080 2142 τούτοις
1103 2077 1200 2132 τοῦ
1235 2078 1438 2136 πολλοῦ
1464 2081 1560 2134 καὶ
1594 2083 1854 2154 μεγίστου

296 2167 490 2237 κλήρου
519 2170 749 2240 διάδοχος
769 2171 914 2224 όνῢν
950 2170 1087 2242 ἡμῖν
1127 2173 1208 2235 είς
1241 2174 1520 2244 εὐφημίαν
1555 2178 1855 2249 προκείμεο

291 2273 392 2322 νος,
440 2259 534 2311 καί
595 2260 689 2329 τῆς
734 2260 1001 2332 μητρῴας
1041 2261 1234 2332 νηδύος
1281 2264 1604 2321 ἐκϐάλλεται
1663 2270 1856 2342 ἀστέρι

276 2349 522 2420 ὀπωρινῷ
564 2351 898 2418 ἐναλίγκιος,
929 2351 1032 2424 τὴν
1075 2353 1174 2423 τῆς
1204 2354 1386 2425 ψυχῆς
1430 2355 1746 2429 ὡραιότητα
1787 2364 1854 2433 τῇ

271 2442 567 2514 εὐπρεπείᾳ
622 2444 1050 2514 καθυποφαίνων
1109 2445 1206 2498 τοῦ
1270 2444 1552 2518 σώματος.
1615 2451 1689 2503 Ού
1744 2452 1854 2523 γὰρ

262 2536 423 2605 ἐῴκει
473 2536 674 2608 ἀνδρὸς
707 2537 975 2608 γεννητοῦ
1021 2540 1155 2602 παῖς
1189 2537 1450 2609 ἔμμεναι,
1504 2541 1642 2596 ἀλλὰ
1677 2544 1853 2608 Θεοῖο,

257 2629 320 2680 ἐκ
353 2629 579 2699 μήτρας
625 2629 994 2700 ἡγιασμένος,
1043 2630 1190 2684 κατὰ
1236 2631 1328 2685 τὸν
1359 2634 1650 2705 προφήτην
1689 2634 1850 2706 Ἱερε-

255 2720 388 2789 μίαν
409 2763 426 2785 ,
464 2722 566 2774 καὶ
603 2723 745 2776 πᾶσι
795 2723 984 2786 καλοῖς
1023 2723 1262 2796 ἀρχῆθεν
1291 2724 1455 2798 μέχρι
1485 2725 1603 2796 βίου
1635 2727 1856 2800 δυσμῶν

250 2814 702 2885 ἐλλαμπόμενος.

330 2907 482 2960 Ἀλλ’
521 2909 553 2961 ὁ
585 2907 695 2977 μὲν
731 2907 924 2962 τούτου
955 2908 1182 2980 γενέτης
1207 2909 1285 2980 τῷ
1312 2912 1499 2984 χωρίῳ
1531 2914 1641 2968 τῶν
1671 2916 1856 2969 κακῶν

255 2999 428 3069 βραχὺ
479 3000 838 3070 προσϐιοὺς,
921 3001 1115 3065 αὑταῖς
1185 3004 1435 3074 φροντίσι
1497 3006 1592 3059 καὶ
1663 3024 1858 3077 στρατ-

253 3088 382 3160 ηγίᾳ
429 3087 604 3142 τοῦτο
661 3087 861 3155 λιπὼν,
919 3089 1020 3160 τὴν
1067 3091 1383 3163 ὡρισμένην
1435 3094 1643 3164 ὑπῆλθε
1688 3097 1856 3150 πᾶσιν

255 3180 594 3250 ἀποδημίαν,
653 3180 904 3252 τριετοῦς
933 3182 1050 3254 ίῆδη
1103 3181 1202 3238 τοῦ
1247 3184 1439 3250 παιδὸς
1469 3187 1852 3258 τυγχάνοντος.

267 3273 532 3329 ’11δὲ.....
549 3273 598 3326 ⁸.

324 3365 533 3419 Τοῦτον
553 3365 785 3437 ἐκείνην
817 3365 1142 3433 ἐξεικόνιξον
1172 3369 1443 3440 ἁρμονίαν
1463 3411 1476 3433 .
1507 3373 1567 3425 ὲν
1663 3374 1857 3439 παῖδες

257 3463 310 3515 οξ
347 3464 502 3532 τρεῖς
555 3460 704 3531 μετὰ
758 3461 857 3531 τῆς
878 3462 1148 3534 ἁρμονίας
1198 3463 1294 3517 τοῦ
1329 3467 1658 3534 τυραννικοῦ
1691 3486 1859 3539 προσ·-

259 3558 542 3625 τάγματος
573 3553 1055 3621 καταπτύσαντες,
1099 3557 1161 3611 ὲν
1213 3557 1365 3629 μέσῳ
1390 3559 1626 3630 καμίνου
1658 3562 1858 3631 φλογὸς

263 3648 352 3700 τὸν
401 3649 759 3719 παγκόσμιον
818 3647 968 3704 αἶνον
1021 3650 1099 3722 τῷ
1157 3653 1424 3706 σεσωκότι
1480 3656 1854 3726 προσήγαγον.

265 3741 468 3805 “iure;
515 3741 571 3796 δὲ
617 3741 762 3808 πρὸς
799 3742 862 3795 τὸ
892 3741 1136 3815 θυμῆρες
1182 3745 1277 3798 καὶ
1305 3746 1528 3815 φαιδρὸν
1555 3748 1853 3817 ἀνειμένοι,

269 3831 365 3900 τὴν
397 3833 765 3903 ἐπιθαλάμιον
814 3834 1030 3906 ἐκείνην
1085 3836 1498 3909 ὲπανηγύριζον
1529 3839 1770 3910 εὐωχίαν
1809 3841 1854 3906 ⁸,

419 3925 515 3977 οὒκ
543 3926 797 3996 ἤμϐλυνε
846 3926 1020 3982 ταῦτα
1072 3927 1198 3982 νοῦν
1243 3931 1359 3994 τοῖς
1409 3929 1574 3994 θείοις
1614 3931 1856 4003 ἐμμελε-

268 4017 438 4072 τῶντα
489 4021 586 4072 καὶ
636 4019 742 4090 τὴν
784 4020 1097 4091 προσοῦσαν
1139 4022 1405 4093 πρόθεσιν
1435 4022 1699 4088 ἐξανύσαι
1735 4026 1855 4079 δια-

267 4112 663 4176 σπωδὰζοντα.
697 4112 914 4177 Νυκτὸς
945 4114 1011 4185 δὴ
1033 4113 1113 4185 τῷ
1139 4115 1363 4170 κοιτῶνι
1394 4118 1462 4187 τῇ
1491 4117 1712 4190 συμϐίῳ
1736 4118 1856 4190 ἅμα

260 4203 700 4274 προσορμισθεὶς
759 4203 854 4258 ἐπὶ
905 4204 1006 4275 τῆς
1063 4205 1253 4277 κλίνης
1299 4206 1852 4278 παρακαθισάμενος,

252 4292 376 4355 επ
409 4309 475 4345 τε
522 4291 636 4345 τῶν
685 4293 846 4345 θείων
879 4287 1194 4364 γενόμενος,
1226 4295 1523 4366 στεναγμῷ
1557 4296 1620 4350 τὸ
1646 4297 1855 4368 προσὸν

253 4388 320 4456 τῇ
347 4385 507 4456 ψυχῇ
547 4385 720 4450 πάθος
754 4386 1171 4457 ὑποσημαίνων,
1206 4387 1430 4442 τοιῶνδε
1460 4388 1639 4459 λόγων
1668 4390 1852 4461 ἀπάρ-

253 4494 432 4546 χεται·
479 4477 546 4532 '0
580 4477 682 4547 μὲν
737 4476 931 4549 παρὼν
995 4477 1138 4548 βίος,
1171 4471 1216 4534 ὦ
1255 4479 1441 4549 γύναι,
1501 4479 1732 4552 βραχὺς,
1781 4479 1858 4545 ὡς

1960 697 2107 766 quod
2145 697 2290 752 nulla
2323 698 2596 754 sermonis
2633 698 2687 753 vi
2721 699 2981 770 explicari
3029 712 3279 772 possunt,
3323 719 3447 774 qua:
3477 704 3548 760 de

1960 786 2051 841 illa
2078 803 2275 844 sensus
2305 791 2618 858 renuntiat;
2655 798 2769 846 tum
2794 791 2944 862 quod
2975 793 3250 860 omnibus,
3270 811 3548 865 quascun-

1959 893 2068 948 que
2100 879 2183 935 sol
2212 880 2427 951 aspicit,
2460 889 2618 938 terra:
2645 893 2831 954 partes
2874 883 3245 942 habitantibus
3271 895 3401 943 sunt
3448 902 3550 945 00-

1958 972 2144 1042 guitze.
2199 971 2530 1031 Parentibus
2579 985 2735 1032 ortus
2764 985 2849 1032 est
2889 976 2982 1032 tali
3029 977 3238 1040 sobole,
3265 979 3548 1050 patriaque

1958 1061 2160 1132 dignis,
2196 1063 2289 1134 qui
2335 1064 2540 1121 divitiis
2583 1065 2887 1133 alliuentes,
2919 1067 3143 1124 militari
3184 1070 3357 1140 gloria
3386 1070 3544 1136 clari,

1958 1154 2110 1209 omni
2131 1155 2393 1211 virtutum
2425 1158 2594 1214 choro
2619 1158 2823 1224 ornati,
2857 1159 3103 1215 omnium
3130 1161 3184 1216 in
3212 1177 3272 1218 se
3298 1178 3547 1219 amorem

1958 1247 2392 1318 propensissimo
2445 1249 2642 1307 alfectu
2697 1263 3082 1308 converterant
3130 1273 3144 1309 :
3192 1270 3299 1310 non
3351 1271 3545 1310 eorum

1958 1339 2225 1395 duntaxat
2266 1341 2361 1411 qui
2399 1340 2672 1412 religiosis
2700 1343 2950 1399 moribus
2976 1344 3282 1413 eniterent,
3318 1361 3384 1400 ac
3415 1346 3544 1416 qui-

1957 1429 2061 1485 bus
2085 1430 2327 1500 probitas
2347 1431 2462 1502 ipsa
2478 1433 2776 1489 amicitiam
2809 1435 3050 1502 faceret;
3082 1447 3179 1491 aut
3197 1437 3294 1507 qui
3320 1438 3544 1507 paribus

1958 1532 2117 1576 erant
2158 1522 2517 1592 dignitatibus
2560 1525 2844 1597 insignes,
2896 1527 3024 1582 licet
3073 1529 3314 1598 pessimo
3359 1539 3548 1586 essent

1957 1616 2143 1672 animo
2176 1617 2408 1686 praediti,
2439 1628 2602 1690 atque
2633 1621 2928 1677 amicitiam
2959 1623 3198 1692 proni-iis
3236 1625 3558 1681 commodis-

1959 1709 2324 1766 metirentur:
2365 1726 2553 1767 verum
2575 1714 2738 1768 etiam
2769 1723 3150 1785 tyrannorum,
3185 1717 3556 1787 ipsorumque

1959 1799 2374 1870 imperatorum,
2409 1801 2502 1872 qui
2538 1802 2643 1872 ipsi
2674 1803 2896 1860 virtutis
2934 1819 3126 1859 eorum
3170 1806 3548 1874 praestantiam

1959 1891 2198 1954 reveriti,
2249 1891 2410 1962 longe
2454 1892 2816 1949 charissimos
2859 1895 3156 1951 habebant.
3207 1896 3448 1952 Isaacius
3492 1909 3546 1952 et

1959 1982 2260 2050 Theodota,
2291 1983 2335 2039 si
2367 1984 2495 2053 quid
2529 1985 2683 2040 vobis
2711 1987 2874 2042 etiam
2908 2003 3106 2042 nomen
3132 1999 3217 2043 est
3243 2005 3409 2052 curae,-
3444 2005 3544 2044 vo-

1959 2075 2245 2130 cabantur.
2301 2074 2397 2130 His
2447 2075 2803 2146 amplissimae
2849 2077 3186 2132 hmreditatis
3244 2088 3406 2135 natus
3461 2089 3548 2135 est

1959 2167 2264 2232 haeresille,
2301 2169 2392 2240 qui
2433 2168 2593 2224 nobis
2639 2168 2692 2222 in
2727 2170 3010 2238 praesentia
3059 2169 3368 2227 laudandus
3408 2179 3494 2226 est
3529 2191 3540 2224 :

1959 2270 2314 2330 maternaque
2333 2260 2544 2317 eli'usus
2575 2261 2697 2316 alvo
2716 2262 3020 2316 autumnali
3046 2263 3214 2318 stellae
3231 2264 3547 2334 persimilis,

1957 2351 2158 2406 eximia
2198 2352 2448 2422 corporis
2487 2351 2914 2422 pulchritudine,
2954 2368 3140 2423 parem
3173 2356 3341 2411 animi
3373 2372 3549 2412 venu-

1959 2453 2153 2499 statem
2194 2445 2298 2500 sub
2328 2445 2579 2500 obscuris
2608 2444 2826 2500 indiciis
2855 2447 3140 2515 prodebat.
3183 2447 3368 2518 Neque
3399 2451 3546 2504 enim

1960 2534 2207 2590 mortalis
2247 2535 2507 2598 hominis,
2549 2535 2646 2590 sed
2679 2534 2772 2590 Dei
2805 2529 3100 2614 {ilius-esse
3141 2538 3447 2604 videbatur,
3480 2557 3545 2597 ex

1960 2627 2151 2682 matris
2170 2636 2324 2682 utero
2355 2628 2408 2682 in
2431 2625 2682 2683 Jeremitc
2701 2627 2977 2698 propheta:
2999 2644 3208 2685 morem
3233 2632 3546 2688 sanctiﬁca-

1960 2728 2068 2783 lus,
2095 2729 2150 2774 et
2175 2719 2286 2788 jam
2325 2719 2451 2775 inde
2488 2720 2556 2773 ab
2587 2719 2707 2789 ipso
2737 2731 2858 2776 ortu
2895 2723 2962 2775 ad
3012 2733 3318 2776 extremum
3371 2739 3546 2794 usque

1959 2812 2082 2865 vita:
2107 2811 2268 2865 tinem
2301 2811 2600 2867 virtutibus
2633 2812 2895 2868 omnibus
2929 2813 3162 2869 illustris
3197 2829 3261 2870 ac
3291 2816 3493 2872 clarus.

2028 2905 2097 2960 At
2131 2913 2287 2975 pater
2328 2906 2523 2974 ipsius,
2565 2921 2689 2960 cum
2718 2905 2918 2977 exiguo
2962 2907 3224 2976 temporis
3271 2909 3456 2978 spatio
3494 2910 3549 2962 in

1959 3000 2226 3054 malorum
2268 2998 2372 3053 hac
2423 2998 2644 3066 regione
2678 2999 2845 3053 vitam
2886 3000 3264 3068 produxisset,
3313 3015 3375 3056 ea
3417 3017 3544 3056 cum

1957 3091 2108 3147 curis
2149 3099 2313 3160 atque
2360 3090 2682 3160 praefectura
2730 3089 2918 3146 relicta
2947 3131 2962 3153 ,
3011 3091 3288 3161 praeﬁnita:
3334 3095 3562 3148 cunctis

1958 3183 2414 3256 peregrinationis
2455 3182 2750 3239 terminum
2794 3183 3050 3248 absolvit,
3090 3199 3214 3240 cum
3258 3184 3372 3256 jam
3413 3200 3552 3255 puer

1884 3289 1929 3348 ο
1965 3277 2219 3332 trimulus
2249 3285 2434 3332 esset-
2453 3277 2630 3332 Mater
2654 3286 2955 3333 autem.....

2033 3369 2166 3424 Illud
2199 3369 2474 3424 canticum
2499 3379 2910 3438 expresserunt,
2940 3383 3050 3439 quo
3081 3379 3192 3425 tres
3221 3370 3398 3440 pueri,
3417 3385 3550 3426 cou-

1961 3472 2165 3534 tempto
2219 3461 2443 3533 tyranni
2473 3460 2655 3531 jussu,
2705 3460 2760 3515 in
2811 3461 2995 3516 medio
3045 3460 3244 3516 camini
3301 3459 3550 3518 ardentis

1958 3563 2294 3608 servatorem
2332 3551 2739 3606 eollaudarunt.
2778 3550 2884 3606 Sed
2917 3566 3042 3607 cum
3075 3567 3268 3608 omnes
3297 3553 3366 3606 ad
3403 3553 3546 3607 hila-

1958 3645 2174 3700 ritatem
2226 3643 2582 3712 laetitiamque
2621 3641 2855 3712 profusi,
2890 3642 3202 3712 nuptiarum
3232 3643 3550 3699 convivium

1957 3737 2320 3802 celebrarent,
2351 3750 2506 3788 mens
2532 3744 2713 3789 tamen
2738 3734 2886 3789 illius
2919 3734 3056 3788 nihil
3087 3734 3174 3791 his
3215 3735 3412 3790 obtusa
3441 3745 3548 3803 est,

1957 3847 2080 3902 qua:
2112 3830 2295 3885 divina
2323 3828 2705 3894 meditaretur,
2749 3827 3036 3898 animique
3070 3829 3416 3899 propositum
3452 3844 3550 3883 ex-

1959 3923 2108 3994 plere
2137 3930 2382 3992 cuperet.
2408 3918 2548 3975 Cum
2573 3920 2686 3990 jam
2711 3919 2896 3990 itaque
2913 3929 3204 3991 appetente
3235 3929 3396 3976 nocte
3423 3935 3549 3976 cum

1957 4030 2162 4087 sponsa
2185 4013 2425 4070 cubiculi
2457 4021 2668 4069 secreta
2699 4012 2970 4082 petiisset,
2993 4027 3058 4066 ac
3090 4013 3230 4067 lecto
3257 4012 3548 4078 assideret,

1959 4116 2186 4178 totoque
2205 4106 2392 4161 animo
2415 4120 2505 4161 res
2525 4104 2739 4160 divinas
2759 4103 3014 4176 agitaret,
3035 4103 3277 4173 suspirio
3297 4104 3551 4159 itulicans

1957 4201 2289 4258 desiderium
2328 4214 2512 4263 suum,
2550 4197 2632 4254 sic
2673 4212 2796 4252 eam
2838 4197 3042 4268 alloqui
3095 4212 3386 4268 aggressus
3419 4205 3504 4253 est
3543 4221 3550 4253 λ

1959 4293 2096 4350 Vitas
2116 4289 2713 4359 curriculum,conjux,
2738 4297 2798 4344 ut
2815 4289 3072 4345 omnibus
3102 4296 3266 4357 patet,
3292 4290 3550 4359 exiguum

1959 4396 2064 4453 est,
2105 4397 2444 4462 prorsusque
2494 4381 2790 4437 incertum.
2833 4378 3006 4436 Nemo
3040 4381 3188 4436 enim
3235 4381 3550 4436 mortalium

1959 4479 2133 4542 novit,
2181 4475 2397 4544 quando
2437 4489 2586 4529 mors
2612 4487 2909 4527 accessura
2951 4471 3042 4536 sit,
3073 4486 3286 4542 nosque
3328 4472 3458 4527 hinc
3483 4473 3550 4528 ad

254 4570 425 4622 πᾶσιν
474 4569 726 4640 εύδηλον,
784 4570 878 4622 καὶ
924 4570 1123 4643 ἀδηλίᾳ
1164 4571 1260 4625 τοῦ
1323 4573 1614 4642 μέλλοντος
1670 4573 1855 4628 τέλεον

1962 4569 2205 4624 futurum
2234 4564 2364 4619 illud
2388 4604 2408 4629 ,
2436 4563 2586 4632 quod
2612 4561 2871 4616 omnibus
2891 4570 2977 4617 est
3007 4575 3322 4622 commune,
3357 4575 3550 4614 aman-

250 4637 714 4733 κεκρατημένος·
768 4663 828 4716 οὐ
875 4662 986 4734 γὰρ
1015 4637 1287 4733 ⁷ἐμφανές
1323 4637 1446 4720 *τινι
1492 4665 1602 4719 τῶν
1634 4664 1854 4720 πάντων

1961 4661 2154 4716 datura
2196 4656 2490 4728 judicium,
2524 4657 2578 4710 in
2607 4669 2718 4724 quo
2762 4669 2945 4708 rerum
2979 4661 3256 4724 gestarum
3291 4653 3430 4709 ratio
3459 4668 3552 4708 sc-
3604 4720 3620 4736 δ

254 4753 596 4823 καθέστηκε,
635 4752 768 4805 πότε
805 4753 1035 4817 θάνατος
1065 4753 1332 4820 ἐπελθὼν,
1374 4755 1471 4808 καί
1519 4753 1710 4807 τούτου
1744 4771 1855 4824 χω-

258 4846 421 4910 ρίσας
456 4845 600 4918 πρὸς
628 4845 691 4898 τὸ
722 4845 917 4915 μέλλον
955 4846 1317 4917 παραπέμψει
1364 4849 1459 4900 καὶ
1490 4847 1671 4902 κοινὸν
1705 4847 1859 4901 δικαη

258 4939 511 5010 στήριον,
550 4940 817 5009 ἑτασμοῖς
848 4939 1104 5010 ἀκριϐέσι
1136 4939 1247 4994 τῶν
1286 4938 1698 5011 πεπραγμένων
1725 4938 1860 4991 ὑπο-

260 5031 700 5102 ιρληθησόμενον.
777 5031 1060 5086 Ἐντεῦθεν
1118 5031 1406 5102 ἀνέτοιμον
1453 5031 1626 5085 ἐνίοτε
1675 5030 1858 5084 λαϐὼν

264 5124 353 5174 καὶ
378 5122 672 5185 πλείστοις
717 5123 961 5194 φορτίοις
1015 5123 1431 5194 ἁμαρτημάτων
1459 5122 1854 5194 βαρυνόμενον,

263 5217 356 5282 τῆς
400 5215 505 5269 τοῦ
551 5215 793 5269 κτίστου
841 5216 1134 5271 καλοποιοῦ
1168 5217 1212 5249 ¹⁰
1239 5216 1575 5287 ὡραιὼητος
1603 5218 1684 5280 εἰς
1709 5214 1857 5269 ἅπαν

267 5305 667 5377 αὶλοτριὼσας,
693 5307 869 5377 οἴμοιί
889 5307 1093 5379 αἰωνίῳ
1125 5308 1483 5381 καταδικάζει
1505 5306 1658 5378 πυρί·
1683 5308 1858 5377 μικρὰ

261 5397 321 5448 ἑὲ
347 5401 443 5451 καὶ
471 5399 701 5470 δοκήσει
747 5399 882 5471 μόνῃ
913 5401 983 5454 τὰ
1031 5400 1172 5455 καλὰ
1201 5402 1568 5471 κεκτημένος,
1604 5399 1858 5472 ἀπείροις

263 5491 520 5562 ἀνιαροῖς
585 5493 1015 5564 περιτειχίζεται
1077 5492 1396 5548 ίδιοποιοῦσι
1441 5492 1542 5565 τὴν
1568 5494 1853 5566 τελευτήν.

1959 4749 2104 4804 veris
2149 4745 2544 4816 quastionibus
2574 4743 2848 4800 reddenda
2888 4744 3012 4799 erit.
3056 4743 3198 4799 Hinc
3219 4743 3555 4815 quandoque

1961 4845 2284 4914 imparatos,
2320 4838 2642 4910 magnisque
2683 4825 3066 4907 peccatorum'
3087 4838 3322 4895 cumulis
3353 4852 3553 4892 onera-

1963 4946 2067 5001 tos,
2103 4951 2135 4990 a
2167 4933 2441 4991 Creatoris
2470 4931 2900 5003 pulchritudine,
2942 4946 3011 4987 ex
3044 4946 3152 5000 qua
3189 4937 3378 4984 manat
3403 4931 3552 5000 quod

1960 5031 2248 5102 pulchrum
2279 5037 2384 5097 est,
2414 5029 2633 5100 penitus
2662 5036 2932 5091 extorres,
2963 5025 3186 5082 aeternis
3215 5025 3318 5081 heu
3345 5025 3360 5078 !
3392 5023 3553 5078 liam-

1962 5127 2067 5181 rnis
2099 5124 2344 5179 addicit:
2402 5132 2566 5192 atque
2597 5121 2679 5186 is,
2717 5121 2808 5190 qui
2842 5119 3038 5190 exigua
3073 5119 3238 5184 bona,
3280 5116 3325 5171 si
3368 5125 3548 5170 tamen

1960 5216 2188 5272 dicenda
2221 5225 2348 5270 sunt
2383 5214 2554 5278 bona;
2582 5227 2706 5282 qua:
2739 5209 2922 5281 specie
2956 5216 3169 5263 tantum
3201 5217 3256 5261 et
3293 5205 3551 5275 opinione

1961 5318 2092 5368 sunt
2135 5307 2450 5379 ejusmodi,
2503 5303 2846 5376 possederit,
2885 5299 3187 5362 innumeris
3241 5296 3551 5367 implicatur

1962 5400 2254 5464 molestiis,
2273 5399 2472 5469 quibus
2494 5398 2618 5450 vitae
2639 5395 2765 5450 linis
2791 5408 2933 5466 aegre
2960 5390 3226 5446 immunis
3249 5390 3342 5446 sit.
3376 5389 3548 5456 Quid-

1963 5509 2090 5549 nam
2112 5507 2242 5547 vero
2264 5490 2416 5546 exiis
2433 5505 2554 5561 qua:
2575 5488 2702 5544 huic
2725 5493 3022 5557 suppetunt
3039 5483 3220 5549 bonis,
3245 5482 3548 5538 lirmumac

1576 5650 1814 5708 VARIZE
1855 5650 2150 5709 LECTION
2160 5651 2262 5707 ES.

335 5795 357 5824 ‘
385 5793 523 5867 fort.
561 5794 983 5867 κατεστέφοντο.
1019 5865 1026 5867 Α
1055 5796 1079 5867 ,⁷
1108 5795 1237 5854 fort.
1266 5795 1516 5867 χειρίστη
1539 5793 2031 5865 συνδεθεῖσιψυχῇ.
2109 5793 2130 5824 ⁸
2166 5791 2365 5867 Desunt
2407 5788 2598 5867 uiuite,
2637 5795 2696 5867 ut
2722 5785 2878 5867 et_i_rr
2906 5783 3190 5867 Lipom-(‘mi
3238 5782 3354 5867 cod.
3393 5798 3543 5867 ᾳιιςηι

262 5866 441 5938 ipsum
464 5865 617 5938 hunc
663 5852 909 5921 Venetam
946 5852 1232 5933 arbitror,
1264 5852 1416 5936 suj'us
1473 5852 1836 5938 d'pograplmm
1877 5852 2215 5935 'rép'rwsento
2242 5859 2387 5936 (Nat.
2424 5860 2511 5916 cd.
2547 5860 2704 5931 Par.)
2781 5859 2800 5888 ⁹
2831 5852 3062 5927 ὲνωχίαν
3085 5853 3210 5909 Par.
3277 5853 3320 5886 "
3354 5852 3546 5907 καλλο-

270 5935 426 5990 ποιοῦ
461 5937 584 5992 Par.
