3926 6438
477 465 547 530 23
1750 464 2242 528 THEOPHANIS
2282 466 2474 530 VITA.
3688 476 3757 543 24

476 577 706 640 stabile?
727 592 859 632 num
888 575 1128 633 divitiae?
1149 574 1221 632 At
1261 584 1410 632 certe
1431 573 1556 641 illae,
1578 588 1702 644 quae
1735 575 1851 630 vitii
1879 574 2061 645 magis

2182 577 2341 630 Ποῖον
2372 575 2431 630 δὲ
2472 575 2582 630 τῶν
2622 574 2812 630 τούτου
2842 575 3022 630 καλῶν
3063 576 3294 649 μόνιμον
3325 577 3528 651 ἕστηκε
3553 599 3567 649 ;
3597 584 3759 640 πλοῦ-

475 685 642 740 quam
688 669 908 726 virtutis
951 668 1221 728 ministra:
1259 677 1427 733 sunt,
1470 681 1579 724 non
1630 675 1779 724 recte
1836 667 2073 722 admini-

475 761 687 828 stratae,
710 776 774 817 ac
797 776 922 816 cum
951 761 1252 818 multorum
1275 758 1492 817 insidiis
1508 759 1765 816 obnoxia:
1781 759 2070 826 exsistant,

475 855 720 909 nondum
737 869 804 908 ex
827 863 953 908 voto
970 863 1137 922 parta:
1154 853 1354 924 sepius
1369 852 1708 910 dilabuntur.
1729 855 1810 907 An
1835 852 2073 922 pulchri.

475 946 610 1003 tndo
655 948 923 1017 corporis,
971 959 1092 1016 qute
1124 960 1192 1003 ex
1223 945 1464 1014 quadam
1517 945 1724 1000 coloris
1780 944 2070 1009 suavitate,

475 1048 644 1110 atque
687 1048 812 1110 apta
871 1039 1042 1108 figura
1095 1037 1470 1094 membrorum
1519 1037 1769 1093 consistit
1806 1037 1829 1091 7
1869 1035 2069 1091 Verum

475 1133 572 1189 illa
593 1142 687 1187 aut
710 1125 955 1201 tempore
980 1130 1380 1201 exstinguitur.
1405 1139 1502 1185 aut
1525 1129 1719 1184 morbo
1736 1127 2069 1183 deﬂorescit.

473 1223 740 1280 Humana
769 1223 956 1292 gloriae
981 1221 1322 1279 ostentatio?
1345 1219 1487 1287 Quid
1522 1236 1653 1278 vero
1669 1221 1759 1275 illa
1778 1219 2066 1288 abjectius,

473 1331 508 1371 ο
535 1315 736 1384 conjux
771 1315 1121 1378 charissima,
1163 1313 1464 1384 praesertim
1497 1313 1544 1369 si
1577 1329 1702 1368 cum
1733 1311 2066 1376 aeternailla,

471 1423 635 1478 quam
666 1423 758 1462 nec
787 1407 973 1461 oculus
999 1407 1152 1471 vidit,
1187 1423 1280 1460 nec
1301 1406 1450 1460 auris
1474 1405 1680 1459 audivit
1703 1418 1751 1471 ι,
1782 1417 2069 1474 compare-

472 1501 605 1557 tur?
654 1515 778 1570 quae
827 1499 975 1556 enim
1023 1498 1294 1566 ejusmodi
1339 1507 1444 1564 est,
1487 1506 1550 1552 ut
1579 1512 1702 1552 cum
1737 1511 1858 1552 eam
1911 1509 2070 1551 mane

471 1595 702 1662 adeptus
735 1592 835 1658 sis,
871 1591 1087 1647 nescias
1114 1607 1182 1644 an
1225 1605 1404 1660 usque
1436 1590 1505 1645 ad
1539 1603 1821 1658 vesperam
1850 1587 1922 1642 sit
1951 1603 2070 1656 per.

471 1700 756 1749 mansura,
809 1683 942 1752 quid
995 1690 1079 1738 est
1115 1697 1214 1738 cur
1257 1681 1312 1737 in
1349 1682 1510 1737 bonis
1541 1679 1907 1736 numeretur?
1939 1677 2068 1734 Haec

470 1791 596 1832 cum
631 1775 707 1829 ita
738 1775 852 1830 sint
878 1817 890 1839 ,
927 1774 972 1829 si
1002 1774 1218 1828 videtur
1242 1812 1259 1839 ,
1285 1773 1554 1842 tantisper
1584 1781 1795 1828 natura:
1819 1771 2066 1826 obsecuti

472 1868 707 1939 legibus,
748 1867 908 1924 nobis
947 1867 1051 1937 ipsi
1074 1867 1442 1937 supernisque
1471 1864 1811 1930 studeamus,
1845 1865 1912 1919 iis
1945 1879 2067 1918 om-

470 1963 634 2018 nibus
663 1973 972 2032 opportune
1017 1961 1237 2031 rejectis
1261 2002 1276 2025 ,
1309 1976 1431 2032 qua:
1462 1959 1650 2014 futuro
1683 1974 1797 2016 aevo
1837 1959 2064 2016 minime

474 2063 854 2124 perseverant.

539 2142 669 2199 Haec
709 2153 876 2214 atque
927 2143 1032 2198 alia
1079 2143 1249 2197 multa
1290 2142 1380 2197 ille
1409 2158 1640 2212 corpore
1681 2143 1919 2212 juvenis,
1969 2144 2062 2198 sed

468 2237 756 2308 prudentia
793 2252 961 2294 senex
992 2235 1320 2304 loquebatur
1351 2255 1367 2300 ;
1411 2250 1536 2288 cum
1577 2250 1712 2304 pura
1779 2244 1943 2304 atque
1979 2235 2065 2288 in-

471 2341 620 2400 tegra
649 2327 858 2383 Christi
887 2327 1168 2392 columba,
1199 2333 1256 2381 et
1287 2333 1470 2381 turtur
1513 2326 1850 2393 solitudinis,
1883 2334 1938 2382 et
1973 2342 2062 2380 ca-

468 2421 674 2476 stitatis
709 2420 963 2490 cupidior
1012 2433 1176 2487 quam
1218 2419 1554 2488 nuptiarum,
1588 2426 1754 2488 atque
1807 2417 2062 2472 Mardarii

465 2511 727 2584 martyris
747 2511 937 2566 uxoris
951 2523 1240 2565 accensum
1260 2509 1314 2563 in
1332 2509 1613 2565 Christum
1638 2524 1880 2564 amorem
1904 2510 2064 2580 longe

467 2622 758 2678 superans,
798 2619 909 2676 quo
941 2605 1169 2660 meliora
1227 2605 1524 2662 consulens
1551 2604 1605 2658 in
1651 2604 1910 2658 omnibus
1954 2605 2063 2660 illis

466 2700 586 2754 viro
617 2698 767 2754 socia
796 2697 1026 2762 exstitit,
1045 2697 1226 2751 verbis
1248 2694 1584 2767 ejuscemodi
1603 2695 1805 2750 marito
1835 2709 2064 2763 respon-

467 2792 548 2846 dit
577 2809 590 2846 :
628 2791 798 2844 Multo
826 2789 1040 2858 aequius
1072 2787 1258 2852 fuerit,
1293 2802 1493 2858 sponse
1529 2787 2064 2857 charissime,virgi-

468 2880 658 2935 uitatis
704 2879 1170 2949 pulchritudinem
1217 2893 1433 2948 semper
1483 2879 1748 2947 integram
1803 2893 2058 2950 servare,

470 2985 635 3040 quam
668 2969 906 3024 maxima
935 2985 1000 3024 ex
1029 2977 1184 3039 parte
1213 2983 1333 3023 eam
1365 2969 1654 3038 inquinare
1682 2987 1695 3023 :
1730 2969 1853 3040 quis
1875 2980 2060 3024 autem

466 3062 588 3118 fore
611 3062 900 3134 spondeat,
936 3071 996 3116 ut
1032 3063 1126 3131 qui
1153 3061 1281 3116 huic
1306 3063 1508 3117 saeculo
1529 3062 1796 3128 serviunt,
1821 3063 2062 3132 dantque

469 3155 626 3211 libris
650 3169 898 3224 operam,
932 3155 1042 3209 voti
1078 3165 1358 3225 compotes
1387 3156 1725 3226 quandoque
1762 3157 1914 3223 (lant,
1951 3173 2059 3212 non

2177 684 2271 729 τος
2289 685 2304 734 ;
2322 668 2382 721 '0
2407 667 2609 732 κακίας
2644 665 2848 738 μᾶλλον
2870 669 2904 738 ἢ
2935 668 3140 740 ἀρετῆς
3168 670 3453 742 ὑπηρέτης
3485 675 3560 746 μὴ
3585 678 3763 745 καλῶς

2180 758 2624 830 κυὸερνώμενος,
2676 758 2818 813 ἀλλὰ
2857 761 3089 833 μυρίους
3134 763 3262 827 τοὺς
3317 764 3762 838 ἐπιϐουλεύοντας

2180 850 2343 922 ἔχων,
2389 852 2521 922 πρὶν
2571 852 2716 908 κατὰ
2771 852 3002 924 γνώμην
3048 853 3322 924 κτηθῆναι
3382 857 3648 926 πολλάκις
3683 863 3761 916 δι·

2179 941 2372 997 ὠλολε.
2403 942 2613 1008 Κάλλος
2639 943 2891 1015 σώματος
2919 945 3146 1018 εὐχροίᾳ
3164 947 3205 980 ¹¹
3238 963 3296 999 τε
3325 948 3421 1001 καὶ
3455 955 3764 1026 συμμετρίᾳ

2181 1035 2361 1105 μελῶν
2388 1038 2818 1107 προσγινόμενον
2835 1055 2850 1102 ;
2869 1038 3008 1092 Ἀλλ’
3036 1038 3068 1110 ἢ
3096 1040 3274 1111 χρόνῳ
3300 1041 3527 1097 σῦεσθὲν
3557 1045 3590 1116 ἢ
3623 1047 3763 1120 νόσῳ

2180 1126 2456 1198 μαρανθὲν
2485 1123 2741 1198 διαρρυὲν
2786 1126 2979 1198 ᾤχετο.
3013 1129 3183 1200 Δόξης
3223 1130 3574 1204 ἀνθρωπίνης
3603 1151 3760 1208 περι-

2177 1218 2404 1283 πέτειας
2437 1217 2549 1271 Καὶ
2587 1218 2640 1270 τί
2685 1218 2891 1286 ταύτης
2948 1220 3353 1292 εὐτελέστερον,
3410 1215 3457 1276 ὧ
3508 1225 3761 1302 φιλτάτη,

2178 1310 2415 1381 μάλιστα
2468 1309 2605 1380 πρὸς
2659 1311 2760 1381 τὴν
2806 1309 2977 1364 ἀΐδιον
3025 1312 3286 1383 ἐκείνην,
3331 1315 3400 1384 ῆν
3451 1316 3762 1389 ὀφθαλμὸς

2174 1403 2286 1457 οὐκ
2337 1397 2460 1456 εἶδε
2492 1403 2536 1434 ¹¹
2577 1402 2675 1455 καὶ
2716 1399 2826 1469 οὖς
2871 1406 2984 1460 οὐκ
3018 1404 3290 1474 ἢκουσε,
3337 1410 3764 1484 παραϐαλλομέ-

2174 1509 2303 1563 νηςς
2344 1494 2448 1547 Ἦν
2487 1495 2596 1565 γάρ
2642 1496 2670 1548 6
2711 1493 2858 1565 πρωῒ
2898 1496 3249 1568 κτησάμενος
3298 1500 3403 1555 οὐκ
3447 1496 3593 1556 οἶδεν
3642 1504 3692 1558 εί
3717 1505 3764 1539 ⁸⁸

2177 1587 2341 1658 μέχρι
2368 1585 2548 1652 δείλης
2593 1586 2753 1656 ὀψίας
2812 1591 3142 1659 παραμενεῖ,
3185 1589 3305 1655 πῶς
3354 1591 3426 1647 ἂν
3470 1593 3677 1665 ταύτην
3704 1597 3762 1650 ὲν

2173 1681 2364 1744 καλοῖς
2406 1679 2691 1749 λογίσαιτο
2749 1680 2828 1747 ¹¹⁵;
2885 1681 3102 1752 Μικρὸν
3162 1681 3293 1749 οὐν,
3343 1686 3394 1738 εί
3431 1685 3600 1751 δοκεῖ,
3651 1691 3763 1752 τοῖς

2172 1773 2272 1844 τῆς
2319 1772 2536 1841 φύσεως
2580 1773 3071 1845 λειτουργήσαντες
3123 1775 3348 1848 νόμοις,
3390 1777 3552 1848 ήμῶν
3582 1781 3762 1834 αὐτῶν

2173 1865 2269 1919 καὶ
2305 1865 2416 1918 τῶν
2468 1865 2581 1920 ἄνω
2623 1865 2931 1935 γενώμεθα,
2969 1868 3080 1920 πᾶν
3131 1867 3160 1921 ὃ
3211 1868 3287 1941 μὴ
3334 1871 3653 1942 παραμένει
3687 1872 3765 1944 τῷ

2098 1941 2138 1997 Β
2170 1956 2420 2026 μέλλοντι
2449 1957 2747 2029 προσφυῶς
2785 1959 3272 2031 ἀποτιναεάμενοι.

2238 2135 2476 2189 Τοιαῦτα
2526 2135 2625 2204 μὲν
2679 2137 2708 2189 ό
2756 2136 2878 2200 νέος
2913 2136 2993 2207 τῷ
3030 2137 3248 2207 σώματι
3294 2140 3392 2194 καὶ
3419 2139 3658 2203 παλαιὸς
3687 2142 3765 2211 τῷ

2167 2225 2500 2297 φρονήματι,
2547 2226 2644 2279 καὶ
2693 2227 2829 2280 πολὺ
2877 2226 3085 2284 τούτων
3127 2229 3283 2297 ἔλεγε
3343 2228 3595 2285 πλείονα·
3649 2233 3765 2303 ἡδὶ

2165 2314 2259 2368 τοῦ
2300 2315 2542 2386 Χριστοῦ
2586 2316 2850 2385 ἀμίαντος
2907 2319 3000 2370 καὶ
3052 2319 3292 2389 ὰκεραία
3344 2321 3679 2392 περιστερὰ,
3730 2323 3761 2394 ἠ

2165 2407 2384 2480 τρυγὼν
2415 2411 2448 2478 ἠ
2489 2407 2796 2480 φιλέρημος
2844 2409 3049 2478 μᾶλλον
3081 2413 3180 2466 καὶ
3209 2411 3496 2481 φίλαγνος,
3541 2414 3576 2484 ἢ
3611 2414 3762 2484 φιλό-

2165 2519 2366 2571 γαμος,
2431 2503 2464 2572 ἠ
2529 2503 2591 2555 τὸ
2655 2502 2751 2556 τοῦ
2813 2505 3092 2575 μάρτυρος
3154 2505 3478 2578 Μαρδαρίου
3543 2506 3765 2575 γύναιον

2166 2595 2348 2665 πολλῷ
2401 2594 2480 2666 τῷ
2523 2595 2677 2666 μέσῳ
2717 2595 2776 2649 τὸ
2823 2597 2904 2659 είς
2945 2597 3182 2666 Χριστὸν
3223 2599 3446 2670 φίλτρον
3475 2601 3765 2672 παραδρα-

2169 2687 2368 2759 μοῦσα,
2404 2690 2526 2742 ὅσον
2569 2688 2640 2742 τὰ
2705 2689 2921 2760 χρηστὰ
2982 2691 3464 2762 συμϐουλεύσασα,
3505 2696 3763 2758 κοινωνὸς

2164 2781 2370 2834 τούτων
2414 2780 2659 2850 ὑπῆρξεν
2709 2784 2767 2835 ἐν
2817 2782 3012 2848 ἅπασι,
3056 2785 3317 2849 τοιούτοις
3356 2787 3762 2856 ὰμείϐεταιλό-

2165 2889 2281 2941 γοις
2309 2873 2400 2926 τὸν
2443 2872 2719 2927 σύνευνον*
2761 2875 2873 2928 Καὶ
2905 2875 3057 2946 πόσῳ
3089 2877 3290 2946 μᾶλλον
3321 2878 3686 2951 δικαιότερον,
3713 2873 3758 2932 ὦ

2166 2962 2413 3031 φίλτατε,
2441 2961 2508 3015 δι’
2539 2962 2662 3016 ὅλου
2710 2964 2772 3017 τὸ
2805 2965 2902 3034 τῆς
2934 2965 3240 3035 παρθενίας
3283 2968 3527 3038 τηρῆσαι
3572 2969 3761 3035 καλὸν,

2164 3055 2197 3126 ἢ
2229 3055 2306 3126 τῷ
2330 3055 2567 3126 πλείστῳ
2593 3055 2749 3126 μέρει
2783 3059 3224 3128 καταρῤυπῶσαι
3249 3061 3314 3113 ¹⁵ῑ
3354 3061 3441 3124 τίς
3470 3061 3529 3114 δὲ
3556 3063 3770 3116 τούτων

2166 3145 2464 3217 ἐγγυητὴς,
2497 3147 2580 3201 ὅτι
2624 3147 2702 3216 τῷ
2738 3147 2840 3219 βίῳ
2867 3149 3249 3220 λειτουργοῦσι
3279 3153 3374 3205 καὶ
3403 3153 3540 3225 πρὸς
3578 3154 3770 3207 παιδο-

468 3248 766 3302 maturiore
789 3249 1035 3318 praerepti
1073 3247 1179 3302 lato
1207 3248 1354 3302 inani
1379 3263 1474 3318 spe
1501 3248 1770 3319 emigrent
1794 3250 1817 3303 ?
1852 3259 2061 3320 quanto

2171 3237 2353 3290 ποιίαν
2408 3237 2782 3309 ὑπαγομένοις
2822 3239 2883 3292 τὸ
2945 3241 3139 3312 ἄδηλον
3195 3243 3476 3308 ἐκδέξεται
3525 3245 3768 3312 τούτων,

466 3339 694 3403 clarius,
727 3348 786 3394 ut
821 3339 937 3394 leve
971 3339 1174 3395 Christi
1213 3340 1406 3411 jugum
1441 3341 1510 3395 ab
1542 3343 1909 3398 adolescentia
1950 3345 2052 3397 tol-

468 3432 663 3496 lentes,
706 3431 1078 3495 beatitudine,
1118 3447 1240 3502 qua:
1277 3433 1403 3488 inde
1431 3434 1702 3502 sequitur,
1733 3449 1833 3490 nos
1861 3435 2056 3505 dignos

467 3534 994 3596 praestemus,quam
1029 3533 1088 3580 ut
1116 3526 1183 3581 ad
1216 3525 1379 3581 breve
1433 3537 1646 3596 tempus
1680 3529 1904 3584 caducis
1935 3530 2054 3592 istis

466 3631 530 3672 ac
559 3618 817 3674 inanibus
859 3632 1085 3688 operam
1113 3628 1401 3688 ponentes,
1439 3621 1677 3676 haerente
1709 3622 1816 3676 illis
1845 3622 2050 3689 animo,

465 3709 720 3777 pessimis
763 3711 929 3768 rebus
961 3713 1167 3784 jugiter
1206 3715 1572 3771 insistantus?
1613 3716 1739 3772 Hth
1786 3717 1877 3772 illa
1927 3734 2051 3773 cum

464 3801 718 3868 dixisset,
747 3803 1028 3873 obstupuit
1055 3805 1376 3862 adolescens
1406 3826 1420 3873 ;
1453 3809 1654 3877 quippe
1692 3810 1786 3876 qui
1815 3825 1928 3863 rem
1955 3827 2055 3866 no-

466 3905 612 3956 vam,
649 3893 912 3962 omnique
940 3894 1204 3962 majorem
1245 3898 1654 3966 exspectatione
1679 3896 1940 3952 audisset.
1979 3900 2056 3953 Ac

466 3984 706 4053 primum
737 3986 956 4055 quidem
991 3987 1140 4042 ltuuti
1165 3997 1494 4058 prostratus,
1519 3989 1722 4058 gratias
1750 3988 1860 4058 egit
1883 3989 2054 4044 Crea-

467 4077 619 4142 tori;
656 4077 852 4134 deinde
898 4078 1096 4134 laetiori
1130 4083 1282 4136 vultu
1335 4081 1626 4150 conjugem
1689 4081 1941 4146 intuitus,
1991 4090 2057 4138 ac

468 4167 784 4236 pollicitus,
827 4183 887 4224 se
920 4169 1069 4224 illam
1115 4169 1361 4224 honestis
1411 4169 1671 4223 omnibus
1717 4168 1769 4221 in
1824 4169 2054 4236 studiis,

465 4259 712 4329 adeoque
747 4262 799 4314 in
837 4259 1029 4315 futuro
1074 4262 1278 4317 saeculo
1317 4262 1526 4317 sociam
1566 4261 1905 4326 habiturum,
1947 4278 2057 4318 una

465 4355 792 4421 praclarum
818 4369 957 4424 opus
985 4355 1324 4421 auspicatur.
1361 4352 1667 4423 Statimque
1690 4356 2054 4411 monasticum

467 4446 780 4502 institutum
815 4447 869 4500 in
892 4447 1143 4502 saeculari
1183 4447 1292 4500 vita
1328 4453 1732 4512 consectantes,
1772 4448 1920 4501 omni
1940 4449 2055 4503 vir-

467 4548 645 4594 tutum
672 4553 872 4609 genere
897 4539 1064 4592 vitam
1099 4538 1360 4593 excolunt
1390 4554 1406 4602 ;
1453 4550 1703 4592 sanetum
1731 4553 1925 4609 nempe
1957 4555 2056 4611 par

2161 3330 2299 3382 ἀλλὰ
2339 3331 2415 3402 μὴ
2457 3329 2566 3384 τῶν
2605 3331 2864 3402 χρηστῶν
2898 3332 3134 3388 ἐλπίδων
3177 3338 3627 3408 προαναρπάζειν
3663 3356 3772 3409 μα-

2154 3421 2316 3484 ταίας
2349 3421 2554 3493 ταύτης
2588 3424 2631 3454 "
2669 3424 3028 3496 ἐναποδείξῃ;
3080 3427 3232 3498 πόσῳ
3270 3429 3327 3482 δὲ
3374 3429 3775 3502 εὐκλεέστερον

2155 3514 2245 3568 τὸν
2273 3514 2508 3587 ἐλαφρὸν
2531 3517 2625 3571 τοῦ
2653 3519 2890 3588 Χριστοῦ
2922 3517 3087 3588 ζυγὸν
3121 3523 3185 3574 ἐκ
3210 3523 3462 3594 νεότητος
3493 3525 3772 3595 ἄραντας,

2155 3607 2249 3662 τοῦ
2275 3609 2541 3679 ἑπομένου
2563 3611 2735 3684 τούτῳ
2763 3615 3164 3686 καταξιωθῆναι
3186 3619 3611 3690 μακαρισμοῦ,ἤ
3635 3620 3777 3690 πρὸς

2158 3701 2330 3773 βραχὺ
2346 3701 2508 3769 δῆθεν
2529 3706 2641 3767 τοῖς
2665 3706 2915 3776 ματαίοις
2950 3707 3410 3777 ἐνασχοληθέντας
3433 3747 3450 3772 ,
3486 3708 3664 3778 πῆξιν
3718 3711 3779 3762 ἐν

2157 3794 2368 3858 τούτοις
2383 3795 2478 3849 τοῦ
2511 3795 2773 3867 λογισμοῦ
2792 3797 3049 3862 λαϐόντος
3077 3799 3306 3866 “ﬁsci;
3341 3801 3654 3870 χειρίστοις
3689 3802 3782 3854 ὲνο

2157 3886 2454 3954 απομείναι
2483 3886 2495 3939 l
2544 3887 2849 3958 Ἐκπληξις
2881 3887 2992 3962 εἶχε
3022 3892 3130 3948 τῶν
3157 3893 3467 3966 λεγομένων
3513 3897 3612 3951 τὸν
3648 3915 3782 3951 νεα-

2157 3975 2298 4031 νίαν·
2322 3975 2393 4029 τὰ
2429 3977 2622 4046 πρῶτα
2639 3979 2747 4049 γὰρ
2766 3982 2918 4052 παρὰ
2953 3985 3134 4039 πᾶσαν
3164 3985 3494 4057 προσδοκίαν
3527 3989 3788 4060 παραδό-

2159 4066 2267 4134 ξως
2301 4069 2559 4140 ἀκήκοεν
2587 4071 2682 4124 καὶ
2713 4073 2906 4144 πρῶτα
2943 4076 3044 4146 μὲν
3077 4080 3174 4132 σὺν
3196 4078 3429 4150 δάκρυσι
3461 4081 3696 4152 πρηνὴς
3714 4085 3784 4152 τῇ

2161 4163 2232 4232 γῇ
2273 4163 2698 4231 προσκυλισθεὶς
2732 4166 2799 4230 ¹⁷,
2850 4169 2949 4237 τὴν
2983 4171 3124 4242 ὑπὲρ
3164 4172 3368 4226 τούτων
3401 4173 3786 4244 εὐχαριστίαν

2159 4255 2396 4310 ἀνετίθει
2437 4257 2515 4327 τῷ
2562 4259 2823 4314 Κτίσαντι
2862 4263 2927 4295 ¹⁸·
2959 4265 3150 4320 ἔπειτα
3195 4267 3274 4337 τῷ
3322 4267 3538 4337 γυναίῳ
3595 4287 3786 4340 προσ-

2158 4347 2362 4419 ϐλέψας
2393 4350 2740 4423 ἱλαρώτερον,
2773 4355 2868 4407 καὶ
2895 4357 3166 4428 συνθήκας
3201 4358 3337 4429 πρὸς
3365 4359 3582 4431 ταύτην
3614 4379 3791 4431 ποιη-

2159 4442 2393 4514 σάμενος
2423 4445 2498 4508 ὡς
2534 4447 2791 4501 κοινωνὸν
2820 4451 2878 4502 ὲν
2919 4452 3054 4504 πᾶσι
3093 4451 3276 4515 καλοῖς
3309 4452 3418 4518 ἔξει
3449 4453 3519 4517 ¹⁹,
3557 4460 3665 4507 καὶ
3701 4458 3788 4519 εἰς

2159 4535 2334 4591 αἰῶνα
2381 4537 2474 4591 τὸν
2527 4537 2794 4610 μέλλοντα
2837 4541 2934 4594 σὺν
2967 4541 3244 4613 αὐτῷ·τῆς
3287 4543 3458 4616 καλῆς
3485 4545 3791 4616 ἐργασίας

465 4630 666 4696 ellecti,
697 4631 791 4700 qui
820 4629 1094 4698 spiritales
1122 4629 1309 4684 sulcos
1330 4629 1661 4694 scinderent,
1696 4629 1860 4700 inque
1889 4633 2058 4688 coele-

2171 4626 2472 4699 Ξιπάρχεται
2505 4645 2521 4661 ο
2572 4631 2668 4684 καὶ
2732 4633 3049 4702 παραυτίκα
3121 4634 3454 4703 μονάζοντες
3499 4630 3663 4705 ἦσαν
3723 4641 3792 4690 ἐν

361 4746 368 4755 ι
466 4723 645 4779 stibus
672 4723 886 4778 horreis
920 4721 1167 4792 spiritale
1197 4720 1384 4775 itidem
1411 4721 1650 4775 triticum
1681 4723 2052 4782 reconderem.

467 4816 671 4872 Christi
714 4816 892 4870 bonus
933 4797 1072 4870 odor
1109 4813 1285 4869 ell‘ecti
1321 4814 1498 4884 ipsum
1537 4814 1922 4882 oblectabant;
1961 4819 2057 4873 bo-

469 4923 716 4978 numque
755 4907 878 4978 ejus
925 4918 1332 4978 unguentorum
1379 4907 1600 4964 odorem
1665 4911 2054 4981 percipientes,

473 5003 624 5059 illius
656 5002 944 5072 praesentia
975 5000 1324 5055 fruebantur:

547 5271 688 5327 Cum
747 5271 916 5342 igitur
963 5286 1066 5342 pro
1116 5286 1445 5341 sponsorum
1497 5289 1649 5329 more
1707 5276 1788 5331 sic
1841 5286 2054 5332 noctem

477 5362 896 5433 transegissent,
934 5373 1048 5419 tota
1091 5364 1290 5421 domus
1334 5365 1463 5420 boni
1507 5366 1695 5423 odoris
1759 5367 2056 5439 fragrantia

475 5457 684 5528 repleta
727 5465 831 5522 est,
881 5471 1004 5525 qua:
1037 5457 1198 5528 longo
1249 5458 1536 5514 intervallo
1591 5460 1780 5516 odoris
1829 5476 2050 5517 omnem

549 5608 570 5635 ο
616 5595 635 5649 l
665 5593 792 5650 Cor.
817 5612 878 5663 ll,
903 5597 954 5652 9.

2161 4721 2412 4793 κοσμικῷ
2459 4721 2816 4794 πολιτεύματι
2864 4724 2956 4777 τὸν
3005 4726 3378 4796 ἐκείνωνιβίον
3409 4727 3795 4798 διακριϐοῦν-

2157 4829 2270 4880 τες,
2329 4813 2558 4888 ξυνωρὶς
2621 4817 2863 4886 παναγία
2890 4858 2906 4883 ,
2957 4817 3056 4880 τὰς
3108 4821 3308 4889 νοητὰς
3357 4822 3794 4892 ἀνατέμνοντες

2159 4905 2402 4970 αὔλακας
2445 4909 2540 4962 καὶ
2573 4912 2695 4973 ταῖς
2725 4910 3005 4979 οὐρανίαις
3031 4913 3220 4980 σηκοῖς
3258 4913 3348 4965 τὸν
3384 4912 3590 4983 νοητὸν
3627 4918 3795 4970 σῖτον

2160 5000 2626 5070 ὲναποτιθέμενοι.
2691 5003 2963 5072 Ἐτερπον
3016 5004 3252 5074 Χριστὸν
3300 5005 3503 5059 εὐωδία
3564 5009 3790 5062 τούτου

2158 5090 2442 5160 γενόμενοι
2469 5093 2537 5124 ’θ’
2561 5092 2651 5145 καὶ
2665 5091 2768 5162 τῆς
2797 5093 3007 5147 ἐκείνου
3031 5093 3138 5147 τῶν
3172 5095 3359 5166 μύρων
3387 5096 3576 5168 ὀσμῆς
3617 5099 3795 5154 ἀντι-

2157 5182 2580 5253 λαμϐανόμενοι,
2607 5183 2710 5253 τὴν
2753 5185 2965 5238 ἐκείνου
2996 5186 3400 5241 κατεπλούτουν
3424 5189 3792 5260 ἐπιδημίαν.

2228 5275 2342 5344 Τῆς
2372 5278 2634 5346 συνήθους
2669 5277 2801 5346 γοῦν
2849 5279 2978 5348 παρ’
3005 5279 3188 5342 αὐτοῖς
3236 5279 3573 5353 νυκτερινῆς
3613 5283 3799 5338 ὲκτε-

2157 5369 2426 5440 λουμένης
2463 5369 2734 5436 συνάξεως
2759 5410 2774 5435 ,
2818 5369 3047 5433 εὐωδίας
3090 5374 3118 5425 ὁ
3167 5366 3317 5437 οἶκος
3351 5376 3458 5438 πᾶς
3505 5375 3797 5448 ἀναπίμ-

2162 5461 2384 5524 πλαται,
2423 5463 2605 5514 πᾶσαν
2655 5461 2863 5529 συνήθη
2899 5460 3093 5531 μακρῷ
3143 5462 3224 5533 τῷ
3281 5466 3434 5537 μέσῳ
3464 5481 3793 5538 παρατρε-

1779 5689 2013 5745 VABl/E
2054 5690 2463 5747 LECTIONES.

551 5797 847 5879 ’ξεῦχροια
876 5797 1004 5856 Par.
1070 5802 1112 5834 ’³
1138 5803 1212 5857 ὼε
1235 5802 1356 5858 l’ar.
1438 5804 1606 5929 ¹³εὲἢ
1635 5805 1758 5862 Par.
1837 5807 1878 5840 “
1903 5807 2031 5864 fort.
2054 5807 2320 5876 λογίσαιο.
2400 5810 2441 5842 ⁵⁵
2464 5812 2891 5883 κατεῤῥυπῶσαι
2921 5814 3046 5869 Par.
3128 5815 3170 5848 ¹⁶
3194 5818 3325 5871 ταύτ
3391 5832 3601 5885 margo
3643 5823 3792 5884 Par.

551 5868 661 5923 Illm
691 5869 893 5929 ταύτας
998 5870 1071 5903 ⁸⁸*
1097 5873 1402 5929 Lracbatur
1455 5875 1520 5929 λα
1560 5879 1718 5929 dum:
1790 5877 1832 5909 ¹⁷
1867 5878 2254 5929 ποοσκαλιθεὶε
2318 5879 2442 5929 Par.
2534 5880 2578 5913 ¹⁸
2611 5882 3018 5929 κτήσαντιῐδαν.
3115 5888 3156 5918 ιο
3190 5888 3284 5929 ἔβη
3321 5836 3427 5929 ῐηιη·
3533 5891 3587 5923 ιο
3635 5894 3757 5929 ιλ..

482 5868 661 5924 Malim
687 5868 893 5936 ’ταύτας

477 5942 793 6012 γενομένου.

998 5870 1071 5903 ⁸⁸*
1097 5873 1402 5947 Lt‘gcbatur
1455 5870 1718 5941 λαϐόντας
1790 5870 2254 5950 ¹⁷προσκαλίθεὶς
2318 5879 2442 5935 Par.
2534 5870 2873 5953 ’δ’δὶτήσαντι
2897 5885 3020 5940 Par.

3115 5888 3156 5918 ιο
3190 5888 3284 5961 agn
3321 5888 3444 5944 Par.
3533 5891 3587 5923 ω
3635 5894 3764 5952 [οη
