3926 6494
254 470 323 535 2'1
1534 453 2030 517 TllEOPl—lANlS
2062 454 2262 519 \‘lTA.
3461 450 3537 516 ΞΒ

250 586 401 644 illum
430 575 699 635 miraculo
721 569 1019 629 decoravit.
1058 565 1162 636 Qui
1191 566 1338 621 enim
1376 564 1593 636 ingrato
1622 564 1822 635 populo
1851 576 1863 622 λ

1969 563 2146 617 εανίαν
2189 561 2353 632 ὁρῶν,
2398 559 2753 632 μεγαλοτίμῳ
2791 560 3277 631 τερατουργήματι
3319 562 3375 632 (ό
3418 563 3535 633 γὰρ

245 688 316 727 ea
348 667 651 726 durissima
678 674 831 734 petra
863 662 1052 716 latices
1074 656 1288 721 eﬂ‘udit,
1318 671 1420 712 cur
1452 654 1629 726 probo
1645 654 1835 725 juveni

1969 656 2217 727 ιγνὼμονι
2243 656 2359 727 λαῷ
2386 657 2445 724 ἐξ
2482 655 2793 728 ἀκροτόμου
2842 655 3046 727 βλύσας
3071 656 3140 712 τὰ
3170 655 3389 729 νάματα
3412 657 3537 721 πῶς

228 759 566 821 necessaria
606 774 718 815 non
742 752 1238 813 subministraret?
1262 749 1443 805 Probe
1472 749 1636 821 igitur
1666 748 1757 803 ubi
1789 747 1836 803 is

1971 751 2041 804 ὑκ
2069 749 2297 822 ἔμελλεν
2325 750 2371 782 ³⁷
2399 750 2706 821 εὐγνώμονι
2734 749 2924 822 νεανίᾳ
2955 750 3025 803 τὰ
3047 750 3146 821 τῆς
3171 751 3362 823 χρείας
3389 767 3537 822 παρ-

251 865 427 912 strato
452 860 636 922 tapete
662 848 904 919 iacebat,
946 845 1132 903 divino
1157 843 1320 914 jussu
1344 840 1469 897 fons
1488 840 1712 911 quidam
1743 840 1839 894 ad-

252 944 506 1004 miranda
536 941 870 1009 scaturigine
894 936 1065 1008 proflu
1076 936 1155 991 xit
1177 955 1191 990 :
1215 943 1474 1005 tactuque
1497 948 1599 989 suo
1616 948 1837 988 servum

259 1039 354 1096 Dei
379 1038 644 1102 excitans,
671 1049 793 1090 sese
818 1033 895 1088 illi
926 1029 1183 1099 patefecit
1211 1043 1226 1084 :
1254 1028 1346 1100 qui
1376 1028 1542 1085 sociis
1562 1042 1834 1083 convoca-

259 1130 355 1195 tis,
380 1128 503 1185 silis
530 1124 828 1181 remedium
854 1138 887 1178 a
920 1123 1029 1176 Deo
1050 1121 1234 1177 datum
1260 1119 1520 1175 ostendit.
1544 1118 1710 1175 Caris
1743 1119 1845 1190 igi-

258 1230 350 1274 tur
380 1217 631 1272 manibus
658 1229 854 1285 aquam
883 1213 1218 1277 haurientes,
1255 1226 1450 1267 suaves
1471 1211 1595 1266 illos
1627 1210 1844 1266 divino-

259 1327 367 1378 que
415 1324 639 1365 munere
685 1322 980 1363 concessus
1035 1306 1246 1371 latices,
1289 1304 1502 1362 debitas
1566 1307 1844 1362 bonorum

261 1403 508 1459 onmium
542 1398 787 1470 largitori
821 1398 931 1454 Deo
958 1399 1255 1468 gratiarum
1308 1398 1557 1453 actiones
1612 1399 1847 1453 redden-

266 1500 371 1559 tcs,
395 1507 496 1563 pro
526 1507 591 1546 eo
618 1506 683 1545 ac
711 1489 870 1545 oﬂicii
899 1490 1042 1545 ratio
1088 1490 1329 1558 petebat,
1358 1498 1743 1559 perceperunt.
1779 1491 1848 1543 At

265 1598 336 1640 ne
360 1583 489 1655 quis
515 1592 704 1654 posset
726 1582 1025 1653 suspicari,
1055 1580 1261 1638 fontem
1294 1582 1448 1637 illum
1481 1598 1603 1637 cum
1635 1583 1850 1638 occulte

268 1675 481 1741 lateret,
520 1683 747 1744 repente
785 1674 840 1729 in
891 1685 1144 1743 apertum
1198 1674 1526 1743 productum
1575 1675 1850 1743 erupisse,

267 1774 430 1821 nocte
455 1764 536 1819 sic
562 1764 808 1827 evanuit,
844 1771 904 1817 ut
934 1780 1003 1818 ne
1024 1763 1316 1833 vestigium
1365 1764 1587 1833 quidem
1622 1764 1742 1834 ejus
1769 1764 1852 1818 ul-

1943 842 2163 908 ἕξεσθαι
2192 845 2233 909 ;)
2255 858 2270 873 '
2307 842 2534 913 πλησίον
2585 841 2714 910 γοῦν
2743 835 2917 913 οὗπερ
2962 841 3214 896 ἐπέκειτο
3255 843 3536 914 τάπητος,

1942 936 2098 1004 πηγή
2133 950 2219 997 τις
2255 932 2386 1004 θείῳ
2423 933 2812 1005 προστάγματι
2854 932 3178 1003 παραδόξως
3242 933 3537 997 ἁνέϐλυσε,

1945 1027 2042 1083 καὶ
2089 1025 2226 1093 θίξει
2278 1025 2357 1096 τῷ
2396 1027 2689 1098 θεράποντι
2738 1025 2838 1098 τὴν
2866 1024 3120 1094 αἴσθησιν
3159 1027 3539 1096 ὲμποιήσασα,

1946 1119 2085 1190 πρὸς
2118 1119 2419 1185 ἐπίγνωσιν
2466 1118 2635 1189 αὐτῆς
2675 1117 2972 1189 διήγειρενο
3000 1116 3094 1171 καὶ
3122 1117 3251 1180 τοὺς
3278 1116 3542 1180 συνόντας

1949 1211 2467 1284 προσκαλεσάμενος
2498 1210 2561 1265 τδ
2592 1209 2925 1283 θεοδώρητον
2970 1210 3282 1264 ἐπεδείκνυε
3321 1212 3417 1264 τοῦ
3454 1210 3541 1263 δί-

1948 1305 2083 1376 ψους
2115 1305 2272 1375 ίαμα·
2307 1307 2401 1359 καὶ
2428 1304 2633 1370 κοίλαις
2660 1304 2848 1375 χερσὶν
2877 1304 3213 1375 ἀρυσάμενοι
3246 1302 3340 1358 τοῦ
3368 1319 3537 1374 προσ-

1950 1398 2115 1469 ηνοῦς
2142 1397 2353 1451 ἐκείνου
2395 1397 2493 1451 καὶ
2544 1397 2827 1451 θεοσδότου
2863 1397 3255 1465 καταπήλαυον
3277 1398 3323 1429 ³⁸
3362 1398 3545 1466 νάμαο

1951 1507 2064 1555 τος,
2099 1490 2200 1561 τὴν
2236 1490 2629 1561 προσήκουσαν
2662 1488 3017 1559 εὐχαριστίαν
3060 1488 3140 1561 τῷ
3173 1488 3362 1559 δοτῆρι
3407 1489 3546 1543 πάν-

1952 1601 2062 1637 των
2091 1583 2294 1651 καλῶν,
2318 1582 2394 1647 ὠς
2423 1582 2484 1636 τὸ
2519 1582 2687 1650 εἰκὸς,
2712 1582 3152 1654 ἀναπέμποντες.
3176 1580 3285 1637 Τοῦ
3320 1582 3395 1653 μή
3434 1600 3545 1635 τινι

1954 1676 2012 1729 δὲ
2040 1674 2265 1745 δόκησιν
2318 1674 2649 1745 ἐμποιῆσαι,
2691 1674 2768 1738 ὡς
2810 1676 3009 1744 ἀφανεῖ
3059 1675 3104 1708 ¹⁹
3150 1673 3546 1745 καλυπτομένη

1955 1765 2092 1837 τύχῃ
2121 1766 2258 1834 πρὸς
2287 1765 2598 1836 τούμφανὲς
2640 1766 2769 1835 ἥκει
2818 1763 3016 1837 ἀθρόον
3049 1765 3407 1834 ἀναφανεῖσα,
3452 1763 3551 1817 διὰ

270 1856 382 1910 lum
415 1871 577 1911 mane
612 1857 1034 1926 relinqueretur.
1071 1856 1186 1911 lloc
1211 1856 1442 1919 amoris,
1472 1872 1584 1926 quo
1625 1866 1851 1912 sanctus

1969 1858 2153 1921 νυκτὸς
2186 1857 2460 1928 ἀπῴχετο,
2510 1857 2587 1921 ὡς
2619 1856 2753 1928 μηδὲ
2803 1857 2949 1928 ίχνος
2983 1857 3041 1920 ἐς
3072 1857 3134 1910 τὸ
3164 1855 3310 1927 πρωῒ
3338 1853 3550 1924 ταύτης

269 1948 362 2002 hic
384 1948 500 2019 jam
550 1948 677 2002 inde
701 1963 733 2002 a
760 1962 900 2018 puro
930 1951 1096 2003 Deum
1133 1948 1589 2019 prosequebatur,
1634 1949 1852 2019 signum

1969 1948 2388 2019 ἐμφανισθῆναι.
2422 1947 2594 2002 Τοῦτο
2624 1927 2727 2019 τῆς
2750 1927 2843 2002 τού
2869 1948 3016 2002 θείου
3051 1946 3384 2018 θεράποντος
3418 1964 3543 2001 παι·

271 2039 416 2095 fuit:
456 2050 606 2094 tanto
640 2039 821 2109 majus
852 2040 971 2103 illo,
994 2040 1149 2109 quod
1181 2038 1395 2111 Moyses
1443 2040 1541 2096 Dei
1576 2041 1856 2111 inspector

269 2131 461 2195 edidit,
494 2132 642 2203 quod
678 2132 795 2203 ipse
823 2132 1080 2201 precibus
1107 2147 1220 2188 rem
1246 2133 1591 2202 impetravit;
1627 2135 1717 2190 hic
1754 2151 1857 2190 au-

274 2233 385 2282 tem
419 2241 487 2280 ne
509 2226 562 2280 id
602 2225 888 2293 postulans
916 2225 1163 2294 quidem.
1193 2224 1466 2282 Praeterea
1496 2227 1588 2283 ille
1612 2243 1857 2283 murmu-

276 2315 521 2371 rantium
565 2331 794 2372 suorum
842 2316 1171 2371 necessitate
1226 2317 1523 2377 adductus.
1567 2317 1857 2374 Dominum

276 2407 344 2461 ad
404 2407 752 2478 largiendum
808 2407 1067 2477 impulit:
1106 2408 1196 2465 hie
1257 2419 1437 2465 autem
1491 2411 1770 2479 patientia,
1807 2421 1862 2467 et

274 2498 572 2568 gratiarum
606 2498 822 2555 actione
846 2507 1008 2555 utens
1037 2514 1164 2554 cum
1205 2501 1372 2556 sociis
1400 2502 1539 2566 suis,
1575 2504 1858 2573 proprium

279 2591 572 2649 Dominum
604 2593 810 2659 movit;
850 2592 918 2647 ad
949 2594 1067 2648 hac
1089 2591 1266 2649 Judaei
1295 2594 1397 2663 (ne
1417 2596 1597 2652 dicam
1627 2597 1859 2671 Mosem)

278 2683 889 2753 incredulitatemunus
938 2683 1331 2755 inquinarunt;
1392 2689 1447 2743 hi
1508 2700 1690 2745 autem
1726 2707 1861 2746 con-

274 2792 497 2833 cessum
555 2778 762 2832 donum
833 2777 1145 2835 honestatis
1210 2782 1537 2838 accessione
1599 2785 1862 2841 honesta-

277 2880 427 2926 I‘lllll.

346 2960 599 3018 Nondum
635 2966 763 3021 anni
797 2977 909 3025 tres
932 2970 1331 3040 pmterierant,
1367 2985 1494 3025 cum
1530 2986 1691 3027 socer
1718 2972 1864 3043 ejus,

277 3064 334 3110 ct
370 3056 670 3127 imperator
701 3076 732 3116 a
765 3065 958 3120 mundi
990 3065 1164 3137 gloria
1197 3065 1393 3132 excisi,
1425 3065 1492 3120 ad
1523 3066 1866 3122 domicilium

281 3149 433 3216 quod
457 3165 556 3207 eos
595 3152 833 3220 deceret,
867 3157 1117 3212 translati
1148 3167 1301 3214 sunt.
1333 3156 1487 3213 lrcne
1520 3167 1706 3213 autem
1744 3174 1867 3213 niu-

1955 2038 2108 2094 δόθεν
2129 2038 2269 2111 πρὸς
2303 2037 2437 2091 Θεὸν
2477 2038 2701 2109 ἀγάπης
2734 2038 2873 2109 πρὸς
2900 2038 3213 2110 ὑπόδειγμα
3249 2039 3319 2102 ⁸⁸,
3349 2037 3551 2091 τοσοῦ·

1956 2147 2049 2185 τον
2078 2131 2178 2202 τὴν
2218 2128 2314 2183 τοῦ
2359 2129 2589 2183 θεόπτου
2643 2128 2927 2193 Μωῦσέως
2967 2127 3315 2201 παρατρέχον
3342 2128 3382 2160 ³¹
3415 2129 3552 2181 θαυ-

1963 2219 2322 2292 ματουργίαν,
2350 2220 2473 2273 ὅσον
2495 2221 2523 2273 ό
2551 2220 2650 2289 μὲν
2678 2221 2933 2291 αἰτήσας,
2964 2220 2993 2272 ὀ
3014 2219 3072 2273 δὲ
3103 2219 3179 2290 μὴ
3209 2217 3370 2272 τοῦτο
3397 2218 3551 2288 πρόι-

1961 2313 2060 2382 ξας
2092 2312 2285 2367 ἔλασεο1
2305 2314 2399 2367 καὶ
2424 2314 2452 2365 ὁ
2484 2314 2584 2383 μὲν
2607 2313 2825 2386 ἀνάγκη
2852 2313 2961 2367 τῶν
3003 2312 3332 2382 γογγυσμῶν
3356 2313 3400 2346 ³⁸
3437 2313 3551 2366 τῶν

1960 2409 2182 2462 οἰκείων
2207 2407 2520 2473 ἐξεϐιάζετο
2548 2406 2735 2462 δοῦναι
2783 2407 3089 2478 Δεσπότην·
3135 2408 3163 2460 ό
3184 2407 3241 2460 δὲ
3277 2408 3552 2479 καρτερίᾳ.

1963 2501 2059 2556 καὶ
2083 2504 2149 2572 τῇ
2169 2501 2277 2554 τῶν
2300 2500 2568 2555 συνόντων
2592 2500 2916 2571 εὐχαριστίᾳ
2945 2501 3038 2554 τὸν
3060 2500 3190 2554 ῐδιον
3211 2495 3554 2568 ἐφείλκετοπ

1962 2592 2145 2646 δοῦναι
2170 2593 2468 2664 Δεσπότηνο
2494 2594 2587 2646 καὶ
2611 2593 2662 2646 oi
2694 2592 2793 2663 μὲν
2808 2591 2868 2645 τὸ
2890 2592 3133 2663 δωρηθὲν
3164 2590 3277 2662 (ἵνα
3310 2591 3384 2662 μὴ
3403 2591 3553 2659 λέγω

1965 2686 2233 2757 Μωῦσέα)
2266 2684 2709 2758 κατερρύπωσαν
2735 2685 3059 2758 ἀμφιϐολίᾳ)
3091 2687 3143 2740 οἰ
3169 2686 3228 2740 δὲ
3273 2685 3336 2739 τὸ
3370 2685 3432 2717 ³⁸⁸
3458 2686 3551 2739 δο-

1966 2778 2057 2833 θὲν
2083 2781 2152 2850 τῇ
2180 2777 2278 2832 τοῦ
2321 2776 2489 2832 καλοῦ
2526 2779 2782 2849 προκοπῇ
2818 2777 3267 2849 κατεκόσμησαν.

2039 2981 2206 3037 Οὔπω
2233 2981 2343 3054 γάρ
2368 2982 2536 3054 τριῶν
2558 2980 3063 3052 παριππευσάντων
3090 2979 3250 3045 ἐτῶν,
3272 2978 3547 3051 κηδευτὴς

1967 3078 1998 3131 ό
2025 3073 2214 3130 τούτου
2253 3074 2370 3146 ἃμα
2399 3073 2479 3145 τῷ
2500 3074 2840 3145 βασιλεύοντι
2860 3073 2962 3144 τῆς
2995 3072 3281 3146 παρούσης
3329 3073 3545 3142 ὲκτμη-

1970 3169 2155 3233 θέντες
2186 3167 2461 3233 εὐκλείας,
2520 3168 2657 3237 πρὸς
2692 3167 2792 3239 τὴν
2844 3166 3204 3238 ὀφειλομένην
3259 3165 3557 3236 παρεπέμ-

282 3240 387 3296 lier
423 3242 516 3297 illa
545 3243 709 3301 fortis
741 3248 935 3316 animi,
975 3264 1041 3306 ac
1060 3249 1250 3305 divino
1275 3265 1439 3307 sensu
1462 3250 1710 3320 praedita,
1741 3265 1863 3306 eum

1974 3257 2189 3330 φθησαν
2238 3257 2498 3312 ὲνοικίαν.
2527 3258 2737 3329 Εἰρήνη
2780 3256 2837 3310 δὲ
2868 3256 2930 3311 τὸ
2970 3255 3343 3328 κραταιόφρον
3376 3256 3559 3308 ἐκεῖνο

283 3335 399 3390 tilio
437 3337 654 3408 imperii
685 3340 1061 3411 gubernacula
1086 3344 1332 3414 suscepit
1354 3343 1423 3414 (si
1453 3354 1637 3399 tamen
1672 3342 1871 3398 mulier

281 3428 517 3485 dicenda
559 3441 666 3498 est,
703 3449 847 3504 quae
880 3435 1173 3492 adversum
1221 3436 1411 3492 hostes
1476 3453 1542 3493 ac
1581 3437 1871 3508 perturba-

284 3522 462 3578 tiones
496 3525 714 3580 virilem
746 3527 992 3581 animum
1024 3529 1238 3599 gessit).
1285 3527 1535 3599 Tumque
1567 3530 1869 3584 humanum

285 3630 480 3684 genus,
513 3616 660 3687 quod
686 3617 954 3674 diuturno
973 3619 1116 3676 bello
1139 3620 1503 3688 laboraverat,
1523 3636 1650 3678 cum
1682 3635 1869 3675 secum

285 3707 490 3776 ipsum,
521 3719 636 3764 tum
664 3725 790 3767 cum
820 3710 931 3767 Deo
975 3712 1302 3768 conciliatur
1341 3730 1356 3768 :
1401 3727 1742 3784 prorsusque
1773 3712 1872 3768 de-

289 3801 464 3871 pulsis
493 3804 755 3872 tenebris,
789 3805 1052 3861 latiorem
1094 3807 1281 3862 omnia
1318 3806 1514 3863 faciem
1546 3807 1869 3863 induebant.

287 3892 447 3950 Tunc
467 3910 689 3965 quoque
717 3895 822 3963 sol,
854 3896 947 3965 qui
982 3907 1178 3953 cuneta
1211 3898 1427 3963 lustrat,
1451 3896 1595 3952 diem
1626 3912 1693 3951 ex
1721 3896 1871 3950 omni

289 3993 445 4053 parte
468 3984 665 4039 librum
699 3987 918 4051 extulit,
949 3995 1006 4042 et
1036 4002 1333 4043 mmrorem
1381 3996 1545 4058 atque
1568 3987 1872 4052 tristitiam,

290 4090 415 4144 quae
463 4075 556 4130 diu
609 4075 793 4146 ipsum
845 4086 1251 4147 occupaverat,
1318 4094 1570 4145 exuens,
1644 4078 1875 4135 nitidius

289 4166 480 4221 eluxit.
524 4166 683 4223 Tunc
719 4167 885 4239 igitur
934 4184 965 4224 a
1006 4169 1115 4226 Deo
1153 4183 1411 4226 ornatum
1435 4211 1450 4237 ,
1489 4187 1556 4227 ac
1602 4171 1875 4228 castitatis

290 4274 486 4315 amans
510 4275 611 4330 par
631 4259 786 4324 illud,
810 4261 932 4331 ejus
964 4262 1112 4332 quod
1138 4261 1323 4317 animo
1347 4263 1709 4319 constitutum
1735 4272 1871 4331 erat,

292 4358 515 4406 nactum
546 4359 906 4422 (potestatem,
953 4353 1150 4409 uberes
1198 4353 1362 4408 domo
1418 4351 1637 4410 divitias
1688 4353 1877 4424 profe-

290 4450 502 4509 rentes,
527 4443 581 4498 in
612 4459 809 4500 omnes
838 4446 987 4517 large
1015 4460 1220 4517 egenos
1245 4446 1571 4517 erogabant.
1606 4447 1874 4517 Adeoque

1974 3347 2071 3404 καί
2108 3344 2437 3418 θεοφόρητον
2463 3346 2685 3417 γύναιον
2705 3348 2805 3417 τῆς
2839 3345 3122 3416 βασιλείας
3152 3347 3252 3400 σὺν
3277 3344 3382 3416 υἰῷ
3422 3345 3556 3410 τοὺς

1973 3440 2168 3504 οἴακας
2192 3439 2592 3512 ὲγχειρίζεταιο
2623 3438 2784 3512 είπερ
2813 3438 2920 3511 χρὴ
2964 3439 3204 3510 1γύναιον
3233 3437 3423 3493 καλεῖν
3453 3438 3558 3510 τὴν

1974 3533 2096 3589 κατ’
2146 3532 2359 3604 ἐχθρῶν
2408 3533 2505 3587 καὶ
2535 3530 2726 3585 παθῶν
2755 3532 3064 3604 ἀρῤενωπῷ
3089 3530 3559 3603 καθωπλισμένην

1975 3626 2316 3697 φρονήματιο
2349 3623 2446 3677 καὶ
2473 3624 2763 3677 σπένδεται
2794 3622 2956 3694 φύσις
2979 3620 3189 3695 βροτῶν
3212 3620 3464 3692 ἀλλήλοις
3489 3638 3553 3676 τε

1975 3717 2068 3771 καὶ
2117 3716 2256 3786 Θεῷ,
2290 3716 2643 3786 πολυχρόνιον
2682 3716 2999 3786 κεκτημένη
3036 3713 3128 3768 τὸν
3159 3712 3397 3784 πόλεμον
3417 3729 3431 3743 ·
3461 3711 3557 3766 καὶ

1974 3811 2054 3873 εἰς
2087 3808 2235 3864 ἀπαν
2287 3808 2779 3879 ἐκκαθαρισθείσης
2807 3806 2874 3870 ³⁵,
2916 3806 3093 3861 πάντα
3153 3805 3292 3877 πρὸς
3325 3804 3387 3859 τὸ
3425 3822 3561 3874 φαι-

1973 3898 2100 3970 δρὸν
2145 3897 2532 3969 μετεϐάλλετο.
2587 3897 2723 3951 Τότε
2751 3896 2846 3951 καὶ
2887 3896 3039 3967 ἣλιος
3063 3897 3092 3951 ὁ
3142 3895 3307 3950 πάντ’
3343 3894 3563 3967 ἐφορῶν

1977 3990 2192 4062 ἡμέραν
2221 3989 2405 4044 ἑπίδεν
2432 3990 2496 4022 ³⁵⁸
2516 3988 2827 4061 ὁλοσχερῶς
2856 3987 3187 4058 ἐλευθέριον,
3220 3985 3316 4041 καὶ
3344 3985 3404 4039 τὺ
3432 4002 3565 4040 στυ-

1978 4083 2104 4152 γνὸν
2140 4081 2242 4152 τῆς
2272 4080 2580 4153 κατηφείας
2602 4081 2631 4135 ὃ
2669 4081 2885 4144 πολλοῖς
2921 4078 3313 4150 περιεόέὸλητο
3344 4077 3563 4151 χρόνοις

1978 4175 2390 4246 ἀποδυσάμενος
2443 4174 2847 4245 σταθερώτερον
2881 4172 3178 4243 ἐξέλαμπε.
3202 4172 3338 4225 Τότε
3377 4170 3564 4226 τοίνυν

1978 4268 2090 4321 τῶν
2119 4267 2338 4322 οίκείων
2376 4262 2760 4336 βουλευμάτων
2782 4263 2817 4334 η
2841 4261 3211 4332 θεοκόσμητος
3239 4258 3335 4314 καὶ
3365 4256 3565 4328 φίλαγ-

1976 4376 2068 4424 νος
2099 4355 2328 4430 ξυνωρὶς
2355 4357 2412 4410 ὲν
2440 4354 2657 4425 ἐξουσίᾳ
2679 4352 2971 4423 γενομένη,
3007 4351 3098 4406 τὸν
3123 4348 3397 4422 προσόντα
3436 4365 3559 4401 ποι-

1976 4449 2129 4505 κίλον
2160 4447 2392 4502 πλοῦτον
2419 4446 2521 4517 τῆς
2546 4444 2725 4509 οἰκίας
2751 4443 2796 4476 ³⁵
2831 4439 3218 4514 ἐκφοροῦντες,
3253 4440 3390 4493 πᾶσι
3447 4438 3566 4501 τοῖς

293 4550 402 4590 una
425 4534 517 4591 Dei
539 4537 842 4593 amantium
867 4538 1089 4607 domus,
1118 4536 1328 4604 multis,
1381 4554 1506 4610 quae
1528 4539 1697 4595 victui
1721 4550 1863 4595 erant

1980 4542 2040 4594 ὲν
2077 4539 2238 4612 χρείᾳ
2289 4537 2652 4609 καθεστηκόσι
2696 4536 2981 4606 διένεμον·
3029 4531 3126 4587 καὶ
3162 4532 3261 4603 μία
3300 4528 3564 4601 φιλοθὲων

293 4628 606 4683 necessaria
635 4629 1089 4696 subministrans,
1123 4640 1180 4687 et
1218 4645 1408 4687 eorum
1432 4631 1524 4702 qui
1551 4647 1612 4688 se
1642 4630 1753 4689 Deo
1781 4632 1863 4687 de-

1980 4631 2128 4687 οἰκία
2159 4611 2372 4695 πολλοῖς
2404 4628 2872 4701 ύπηρετησαμένη
2899 4626 2969 4681 τὰ
2997 4627 3307 4698 πρόσφορα,
3342 4622 3565 4678 καὶτῶν

286 4718 576 4785 uiderant,
624 4722 945 4791 pauperiem
1004 4722 1240 4794 vitaeque
1292 4723 1638 4779 incommoda
1677 4725 1881 4783 eximie

295 4805 627 4874 sublevans,
675 4807 843 4891 Deum
903 4812 1123 4883 ipsum,
1179 4813 1275 4885 qui
1328 4814 1445 4870 haec
1496 4830 1597 4871 sua
1652 4813 1876 4884 fecerat,

295 4897 654 4955 vehementer
681 4901 1013 4959 oblectabat.

370 4998 511 5052 Cum
558 4996 725 5067 igitur
774 4993 892 5049 haec
929 5004 986 5050 et
1019 4995 1127 5053 alia
1154 4998 1326 5054 multa
1367 5000 1750 5070 perfecissent,
1788 5002 1881 5058 illa

298 5087 521 5158 quidem
580 5087 636 5143 in
679 5087 1014 5144 monasterio
1076 5091 1224 5160 quod
1290 5091 1347 5148 in
1400 5094 1579 5151 insula
1626 5094 1881 5167 Principe

299 5179 469 5234 situm
497 5187 601 5246 est,
635 5179 853 5236 collatis
900 5195 969 5236 eo
1019 5180 1376 5241 facultatibus
1423 5187 1542 5243 suis
1577 5188 1831 5245 consedit
1863 5204 1877 5242 :

300 5269 394 5325 hic
424 5278 607 5328 autem
645 5273 714 5329 ad
748 5288 1004 5344 magnum
1045 5274 1376 5349 Strategium
1408 5282 1706 5338 revertitur
1737 5283 1880 5353 apud

301 5358 620 5429 Sigrianam
662 5362 950 5434 degentem
1004 5365 1061 5420 in
1117 5370 1630 5441 monasteriotcui
1682 5386 1882 5428 nomen

307 5448 739 5524 Polychronius;
761 5458 905 5529 quod
937 5458 985 5514 is
1012 5460 1082 5515 ab
1106 5463 1226 5531 ipso
1252 5461 1349 5517 otii
1380 5462 1692 5534 quietisque
1711 5466 1883 5531 gratia

1975 4725 2055 4795 τῷ
2076 4724 2199 4796 Θεῷ
2227 4722 2671 4795 προσανεχόντων
2704 4721 2774 4776 τὰ
2801 4719 2982 4792 φαῦλα
3007 4718 3378 4790 διαφερόντως
3401 4715 3457 4769 θε
3468 4733 3567 4787 ρα⁴

1979 4815 2251 4880 πεύσασα,
2299 4814 2392 4869 τὸν
2428 4815 2498 4867 τὰ
2544 4814 2771 4869 ἐκείνων
2824 4810 3257 4882 ἰδιοποιούμενον
3312 4807 3567 4880 μεγάλως

1977 4909 2308 4980 κατέτερπε.

2048 5000 2239 5057 Ταῦτα
2264 4998 2356 5053 οὖν
2385 4998 2482 5052 καὶ
2503 4997 2571 5051 τά
2594 4996 2731 5052 ἀλλα
2773 4997 2876 5051 ὅσα
2901 4996 3153 5068 προσῆκε
3182 4993 3569 5066 διαπραξάμε-

1976 5113 2079 5162 νοι,
2107 5097 2142 5167 ἡ
2178 5093 2278 5165 μὲν
2307 5091 2387 5162 τῷ
2423 5090 2568 5145 κατά
2601 5089 2911 5162 Πρίγκιπον
2935 5089 3173 5161 σεμνείῳ
3204 5087 3391 5152 αὐτοῖς
3434 5087 3568 5159 κτή-

1980 5201 2116 5259 μασι
2168 5180 2634 5254 ὲγκατοικίζεται,
2662 5179 2691 5232 ὁ
2744 5180 2802 5234 δὲ
2853 5179 2992 5251 πρὸς
3020 5178 3111 5231 τὸν
3145 5178 3322 5249 μέγαν
3356 5177 3569 5229 ἐπανα-

1978 5276 2163 5350 τρέχει
2191 5276 2552 5348 Στρατήγιον,
2584 5274 2643 5328 ὲν
2672 5273 2750 5344 τῷ
2773 5273 2917 5329 κατά
2936 5273 3038 5345 τὴν
3069 5269 3367 5342 Σιγριανὴν
3399 5267 3572 5323 Πολυ-

1978 5371 2181 5443 χρονίῳ
2207 5366 2613 5439 τυγχάνοντα,ὃ
2637 5367 2805 5422 πάλαι
2839 5367 3017 5438 τούτῳ
3037 5365 3170 5437 παρ’
3200 5361 3368 5418 αὐτοῦ
3401 5361 3565 5416 δεδὼ-

1985 5481 2118 5537 ρητο
2147 5465 2433 5535 ῥᾳστώνης
2461 5462 2624 5533 χάριν
2652 5462 2748 5517 καὶ
2777 5458 3163 5525 ἀναπαύσεως,
3201 5457 3428 5511 κάκεῖσε
3449 5458 3575 5522 ταῖς

302 5543 571 5600 donatum
607 5557 892 5619 acceperat
925 5568 940 5607 :
984 5552 1206 5625 illicque
1229 5555 1483 5611 manibus
1510 5557 1658 5613 illius
1690 5558 1863 5614 delon«

1990 5556 2202 5611 ἐκείνου
2226 5554 2415 5627 χερσὶν
2447 5552 2837 5625 ἀποκείρεται·
2870 5551 3073 5624 μᾶλλον
3097 5550 3198 5622 μὲν
3225 5544 3321 5604 οὖν
3357 5549 3570 5621 ίερουρς

1567 5696 1799 5755 VARUE
1847 5694 2252 5752 LECTIONES.

402 5804 446 5836 "
478 5804 672 5882 ἔμελεν
703 5803 826 5882 Par.
914 5807 1364 5882 ’ἕᾼκατεπήλαυον
1390 5810 1515 5868 Par.
1607 5813 1653 5845 ”
1677 5811 1914 5882 ἀφανείᾳ
1934 5808 2060 5866 Par.

2174 5809 2377 5887 "1.0"-
2404 5808 2928 5887 πρρσιξπρδειγμας..
2956 5805 2999 5838 ³¹
3033 5797 3574 5887 περατρέκωὲιεπ·

314 5872 360 5903 ⁸⁸
393 5867 714 5956 γογγυστῶν
744 5876 872 5956 Par_._
947 5867 1451 5956 aﬂdttpsilicsso‘l’ar.
1544 5883 1607 5956 if”
1640 5867 1832 5956 τδγτῴ
1864 5867 2000 5956 [iam
2064 5879 2110 5913 “
2147 5879 2348 5956 ἀχλύος
2373 5867 2460 5956 vei
2487 5878 2720 5956 ὁμίχλης
2750 5867 3026 5935 eiicidissc
3057 5867 3317 5933 vitietur:
3368 5871 3431 5904 "’
3461 5867 3579 5927 Le-

312 5947 554 6013 gebatur
579 5948 803 6018 ὲπῇοεν.
839 5949 963 6004 Par.
993 5950 1204 6017 ὲπίθεν,
1239 5961 1291 6007 et
1312 5953 1366 6007 in
1395 5954 1639 6025 margine
1665 5972 1678 6010 :
1711 5947 1853 6010 forte
1876 5951 2156 6024 ἐποίησεν.
2186 5947 2278 5983 ”³⁸
2304 5949 2507 6013 οἰκείας
2538 5947 2663 6003 Par.
