3926 6492
391 424 454 486 3i
1693 428 2184 490 THEOPHANIS
2213 430 2412 495 VITA.

3590 425 3696 495 32

391 539 540 594 riora
572 538 954 594 contendebat.
1006 538 1191 610 Neque
1227 541 1372 595 enim
1403 539 1683 611 profectus
1715 542 1837 597 loco
1867 541 1974 596 du-

2106 562 2260 609 ιενος,
2307 543 2416 597 τῶν
2470 541 2660 597 δπιθεν
2711 540 3230 612 ἐπιλανθανόμενος,
3281 539 3689 602 ἀποστολικῶς

393 631 572 696 cebat,
619 640 680 686 ιιι
710 632 762 686 in
806 633 950 688 bono
981 635 1126 704 quod
1157 633 1387 706 adeptus
1412 647 1552 700 erat,
1595 637 1921 691 consisteret
1960 653 1974 690 :

395 722 507 776 imo
525 736 634 776 non
661 723 934 780 mediocre
954 725 1215 780 damnum
1240 726 1611 791 existimabat,
1639 728 1742 783 nisi
1765 742 1980 798 semper

396 814 452 868 in
483 829 549 868 eo
574 817 919 884 proveheret.
939 815 1139 873 Comes
1168 828 1350 873 autem
1376 829 1432 874 et
1452 820 1691 890 adjutrix
1722 822 1980 878 omnibus

396 905 452 962 in
501 909 657 964 bonis
707 911 782 964 illi
820 921 940 966 erat
973 912 1146 982 gratia
1180 911 1310 976 Dei,
1357 929 1482 982 quae
1515 930 1543 968 a
1581 931 1752 985 puero
1788 916 1842 970 in
1887 916 1980 972 illo

396 1003 808 1071 conquieverat,
843 1021 906 1059 ac
937 1005 1144 1074 iugiter
1185 1006 1429 1062 lucebat.

467 1092 602 1160 Quis
653 1097 772 1166 ejus
817 1112 1042 1166 precum
1077 1098 1130 1152 vi
1177 1099 1231 1154 in
1277 1098 1449 1156 Deum
1488 1117 1782 1169 excessus,
1819 1103 1980 1174 quia

399 1188 632 1243 terrenis
673 1205 905 1258 prorsus
945 1191 1306 1246 emundatum
1344 1193 1659 1249 divinarum
1705 1197 1983 1265 operatio-

398 1296 528 1334 num
565 1297 830 1351 organum
873 1282 1215 1350 efﬁciebant,
1263 1301 1361 1354 pro
1405 1287 1670 1358 dignitate
1711 1288 1984 1359 explicare

397 1383 562 1442 queat
586 1374 608 1428 ?
633 1376 756 1445 quis
780 1377 1118 1432 castimoniae
1143 1378 1312 1434 decus
1338 1380 1522 1435 cordis
1555 1381 1703 1436 illius
1723 1396 1985 1437 enarrare

397 1469 614 1537 possit,
667 1485 792 1540 qua:
830 1471 1004 1525 beatis
1049 1488 1174 1527 eum
1224 1473 1514 1543 spiritibus
1578 1475 1982 1547 coniungebat,

398 1559 604 1630 Deique
631 1562 990 1630 purissimum
1019 1565 1303 1620 vasculum
1337 1567 1654 1634 prastabat,
1683 1579 1906 1638 tumque
1931 1570 1983 1624 in

403 1650 494 1706 Dei
539 1667 895 1724 conspecnum
945 1656 1247 1724 attollebat,
1282 1666 1336 1713 et
1392 1672 1451 1714 ut
1503 1659 1688 1714 futura
1727 1671 1984 1732 tanquam

400 1747 687 1812 presentia
737 1756 925 1803 essent
974 1759 1301 1819 aspectaret,
1359 1751 1678 1807 efﬁciebat?
1735 1770 1984 1824 quamam

400 1836 581 1890 oratio
611 1838 834 1907 assequi
869 1838 1043 1893 valeat
1068 1839 1440 1896 insatiabilem
1477 1843 1627 1898 illius
1654 1858 1782 1912 erga
1815 1845 1983 1900 Deum

400 1937 561 2000 atque
600 1932 914 2001 proximum
949 1933 1310 2000 charitatem,
1357 1935 1487 1990 licet
1535 1937 1585 1989 vi
1633 1951 1731 1990 sua
1781 1938 1983 1992 ethera

400 2028 740 2083 conscendat
768 2031 791 2083 ?
823 2045 946 2099 quae
980 2029 1102 2084 ﬁdei
1139 2031 1480 2097 ﬁrmitatem,
1520 2032 1589 2087 ab
1621 2033 1772 2088 omni
1805 2033 1986 2104 dupli-

399 2116 564 2172 citate
585 2118 819 2174 alienam
847 2120 871 2173 ?
900 2135 1024 2191 quae
1046 2122 1162 2199 spei
1191 2125 1588 2191 constantiam,
1620 2141 1728 2195 qua
1757 2125 1848 2181 ille
1871 2126 1986 2196 jam

402 2209 531 2264 inde
559 2225 590 2264 a
638 2227 816 2281 puero
870 2213 1198 2281 instructus,
1259 2229 1326 2270 ac
1374 2229 1435 2271 se
1479 2215 1680 2272 futuris
1727 2228 1986 2288 tanquam

405 2305 699 2370 praesentia
725 2304 908 2360 forent
933 2307 1096 2376 potiri
1128 2307 1476 2375 existimans,
1510 2310 1991 2366 conﬁrmabatur?

402 2401 684 2459 caeterum,
720 2394 823 2448 viri
865 2403 1013 2450 tanta
1063 2395 1240 2453 virtus
1303 2397 1503 2453 lucidis
1548 2399 1818 2457 irradians
1854 2401 1990 2457 faci-

403 2485 527 2548 bus.
577 2486 644 2540 ad
682 2486 1011 2542 imitandum
1047 2488 1234 2558 plures
1275 2489 1568 2545 invitabat.
1620 2492 1862 2562 Denique
1898 2494 1993 2564 qui

405 2591 576 2631 suave
607 2577 812 2632 Christi
845 2577 1040 2649 jugnm
1075 2580 1381 2645 subierant,
1407 2582 1533 2636 vita:
1558 2598 1683 2637 eum
1713 2583 1995 2640 instituto-

407 2686 549 2734 rem,
583 2671 675 2739 qui
719 2671 786 2725 ad
816 2672 1074 2726 virtutem
1107 2673 1402 2739 animaret,
1430 2674 1638 2745 ingenti
1669 2678 1995 2746 compendio

409 2761 708 2820 habebant.
754 2765 1046 2819 Accuratis
1079 2757 1228 2820 enim
1273 2766 1326 2820 in
1359 2767 1676 2836 proximum
1706 2769 1996 2826 charitatis

409 2854 566 2911 scitis
589 2854 859 2921 munitus,
891 2855 974 2911 sic
1004 2856 1266 2912 humilem
1294 2858 1360 2916 de
1383 2874 1444 2914 se
1473 2874 1694 2919 sensum
1721 2861 1995 2929 vincebat,

410 2961 712 3016 eorumque
751 2946 1069 3016 praelectum
1113 2951 1343 3020 agebat;
1387 2966 1624 3020 quorum
1657 2953 1857 3010 animis
1889 2954 1996 3010 ini-

413 3038 586 3092 tiante
633 3038 730 3093 illo
774 3040 843 3094 ad
882 3042 1139 3096 virtutem
1166 3081 1182 3107 ,
1224 3041 1527 3111 impensior
1574 3044 1665 3099 illa
1704 3045 2000 3102 submissio

415 3139 812 3199 comtemrptum
857 3133 1004 3186 velut
1047 3133 1402 3204 progignebat
1448 3153 1461 3189 :
1503 3136 1726 3191 tametsi
1765 3137 1841 3192 illi
1879 3139 2000 3208 ejus

2079 635 2276 701 εἰπεῖν,
2305 634 2535 706 ἐπηύξει
2563 635 2613 667 ⁸⁸
2630 637 2744 697 τοῖς
2769 632 3104 704 ἔμπροσθεν,
3130 631 3192 684 ού
3217 630 3316 701 τὴν
3339 632 3399 684 ἐν
3415 630 3490 700 τῷ
3512 629 3690 700 καλῷ

2085 730 2253 799 μονὴν
2289 727 2576 799 προκοπὴν
2604 725 2929 799 ἡγούμενος,
2957 724 3094 778 ἀλλά
3131 723 3194 777 τὸ
3235 723 3310 795 μὴ
3347 724 3692 794 προϐαίνειν

2081 818 2140 870 ἐν
2161 817 2358 887 τούτῳ,
2391 817 2596 888 ζημίαν
2622 817 2684 870 οὑ
2715 817 2818 887 τὴν
2848 815 3125 885 τυχοῦσαν
3158 813 3430 884 οἰόμενος.
3455 815 3592 884 Συνή
3605 830 3690 884 ρι-

2081 928 2170 980 γει
2198 912 2256 965 δὲ
2285 911 2462 982 τούτῳ
2491 911 2651 982 χάρις
2679 911 2736 964 ἐν
2760 911 2896 964 πᾶσι
2925 909 3134 973 καλοῖς,
3168 909 3204 978 ἡ
3246 907 3503 961 παιδόθεν
3533 910 3693 961 ἀναο

2084 1001 2410 1070 παυσαμένη
2441 1003 2618 1072 τούτῳ
2645 1003 2741 1056 καὶ
2764 1001 3031 1072 διηνεκῶς
3057 1000 3468 1068 ἐπιλάμπουτα.

2158 1093 2270 1146 Καὶ
2295 1093 2380 1158 τίς
2402 1092 2468 1147 ἂν
2484 1093 2674 1148 τούτου
2713 1094 2811 1157 τὰς
2844 1092 2982 1166 πρὸς
3011 1092 3148 1145 Θεὸν
3193 1091 3263 1144 δι’
3297 1090 3474 1161 εὐχῶν
3502 1091 3694 1161 ἐκδη-

2088 1185 2218 1256 μίας
2235 1185 2311 1256 (αἳ
2339 1185 2448 1239 τῶν
2473 1187 2678 1239 ἐνύλων
2707 1188 2786 1248 είς
2813 1185 2962 1239 ἆπαν
2987 1183 3411 1252 ἀποκαθάρασαι
3433 1182 3692 1254 ὄργανον

2086 1278 2247 1332 θείων
2279 1280 2575 1349 ἐνεργειῶν
2608 1279 2937 1349 εἰργάσαντο
2965 1277 3032 1347 ⁸⁷)
3055 1277 3177 1330 κατ’
3201 1276 3362 1342 ἀξίαν
3390 1277 3692 1345 ἐκφράσαι

2084 1369 2407 1439 δυνήσαιτος
2447 1371 2532 1434 τίς
2565 1370 2622 1424 δέ
2669 1371 2731 1424 τὸ
2783 1371 2880 1439 τῆς
2924 1367 3282 1440 σωφροσύνης
3339 1368 3541 1431 κάλλος
3567 1369 3692 1439 τῆς

2084 1461 2276 1515 τούτου
2304 1463 2532 1531 καρδίας
2559 1461 2798 1527 ἐξειπεῖν
2831 1461 3122 1531 ἰσχύσειεν,
3155 1459 3190 1530 ἣ
3214 1463 3328 1522 τοῖς
3355 1461 3694 1530 ἀσωμάτοις

2088 1554 2438 1608 συνάπτουσα
2483 1553 2578 1606 καὶ⁵
2609 1551 2746 1606 Θεοῦ
2798 1552 3004 1622 δοχεῖον
3035 1549 3379 1622 ἐργαζομένη
3412 1551 3698 1622 καθαρώ-

2087 1664 2269 1712 τατον,
2323 1647 2460 1718 πρός
2497 1665 2557 1700 τε
2603 1646 2862 1700 θεοπτίαν
2902 1645 3074 1716 ἀνῆγε
3124 1648 3218 1699 καὶ
3253 1645 3315 1697 τὸ
3365 1645 3558 1715 μέλλον
3593 1645 3696 1708 ὡς

2089 1741 2266 1809 παρὸν
2291 1741 2425 1811 ὁρᾷν
2458 1741 2881 1810 παρεσκεύασες
2913 1737 2998 1801 τίς
3037 1738 3094 1790 δὲ
3125 1737 3284 1805 λόγος
3319 1741 3417 1807 τῆς
3459 1738 3693 1790 ἐκείνου

2089 1835 2226 1902 πρὸς
2253 1833 2384 1886 Θεὸν
2415 1832 2620 1886 καὶτὸν
2641 1832 2870 1901 πλησίον
2890 1832 3112 1902 ἀγάπης
3134 1829 3412 1899 τρανῶσαι
3438 1829 3618 1896 φιλονε
3631 1847 3695 1882 ι-

2090 1926 2248 1993 κήσει
2305 1925 2366 1979 τὸ
2389 1925 2707 1995 ἀκόρεστον,
2743 1925 2848 1979 κᾶν
2879 1925 3017 1995 πρὸς
3047 1925 3214 1978 αὑτὸν
3247 1923 3442 1993 αἰθέρα
3477 1938 3694 1992 mapa-

2090 2018 2306 2086 φυήσας
2363 2015 2710 2084 ἐπαναϐαίης
2766 2015 2868 2085 τῆς
2898 2014 3140 2079 πίστεως
3185 2014 3249 2069 τδ
3306 2013 3533 2084 στερρδν
3577 2013 3692 2066 καὶ

2089 2107 2317 2178 διπλόης
2346 2108 2568 2177 ἀπάσης
2599 2107 2890 2177 ἀμέτοχον,
2915 2107 3014 2174 τῆς
3045 2106 3262 2169 ἐλπίδος
3285 2106 3347 2159 τὺ
3375 2105 3688 2177 ἄρρηκτον,

2091 2194 2410 2272 ᾖπαιδόθεν
2463 2200 2914 2271 θωρακισάμενος
2948 2199 3047 2269 τήν
3090 2215 3152 2252 τε
3196 2198 3304 2251 τῶν
3370 2197 3691 2269 μελλόντων

2093 2292 2395 2346 ἀπόλαυσιν
2453 2291 2528 2355 ὡς
2561 2291 2845 2360 παροῦσαν
2910 2291 3264 2361 λογιζόμενος
3302 2287 3676 2360 ἐκρατύνετος

2108 2385 2269 2439 Ἀλλά
2290 2385 2398 2456 γὰρ
2421 2385 2591 2456 ἀρετὴ
2614 2386 2942 2454 φωτοϐόλοις
2972 2383 3323 2453 πυρσεύουσα
3343 2383 3527 2452 χάρισι
3547 2380 3685 2434 πολ-

2093 2476 2223 2541 λοὺς
2255 2477 2441 2531 ἐκάλει
2487 2478 2624 2548 πρὸς
2679 2477 2933 2548 μίμησιν.
2984 2476 3202 2546 Ἀμέλει
3233 2477 3324 2529 τὸν
3351 2477 3512 2546 ἤπιον
3535 2473 3685 2544 Χριέ-

2098 2569 2226 2622 στοῢ
2262 2569 2429 2638 ζυγὸν
2479 2570 2811 2634 ὑποδύντες,
2854 2568 3210 2639 παιδοτρίϐην
3257 2567 3350 2621 τοῦ
3408 2564 3506 2638 ζῇν
3540 2565 3692 2636 πρὸς

2096 2661 2299 2733 ἀρετὴν
2321 2662 2689 2730 ὑπαλείφοντα
2709 2661 3136 2715 κατεπλούτουν.
3161 2661 3274 2730 Τῆς
3293 2659 3400 2728 γὰρ
3422 2658 3514 2712 τοῦ
3538 2657 3696 2726 πλη-

2100 2752 2452 2824 σίονάγάπης
2481 2754 2736 2823 ἀκριϐέσι
2763 2753 2986 2822 θεσμοῖς
3013 2752 3409 2822 τειχιζόμενος,
3437 2749 3590 2803 ἐνίκα
3610 2748 3695 2801 δι’

2099 2845 2270 2915 αὑτῆς
2313 2846 2375 2899 τὸ
2415 2846 2669 2900 ταπεινὸν
2697 2845 2793 2900 τοῦ
2837 2845 3212 2915 φρονήματος,
3242 2843 3339 2897 καὶ
3367 2842 3693 2916 προστάτης

2099 2936 2307 2992 τούτων
2337 2937 2637 3002 ἐδείκνυτο,
2680 2931 2756 2990 ὧν
2807 2937 2944 2989 πολὺ
2985 2935 3148 2989 πλέον
3183 2935 3242 2988 τὸ
3288 2933 3548 2988 ταπεινὸν
3586 2931 3698 2986 τοῦ

2103 3031 2454 3101 φρονήματος
2484 3030 2748 3099 ἀμέλειαν
2777 3031 2891 3092 τοῖς
2919 3029 3054 3099 πρὸς
3083 3026 3286 3098 ἀρετὴν
3312 3043 3702 3097 χειραγωγου-

2113 3123 2295 3194 μένοις
2324 3123 2618 3176 ἁπέτικτεν
2639 3139 2653 3152 ·
2681 3121 2796 3175 ἀλλ’
2831 3121 3204 3188 ἀναλογοῦσαν
3228 3121 3292 3190 τῇ
3323 3119 3459 3189 πρὸς
3485 3117 3701 3180 αὑτοὺς

415 3221 672 3276 virtutem
723 3223 967 3289 reveriti,
1001 3237 1102 3294 pro
1132 3223 1514 3281 benevolentia
1555 3243 1663 3296 qua
1689 3243 1784 3283 eos
1813 3207 1998 3298 prose-

2110 3217 2313 3286 στοργῇ
2335 3215 2433 3285 τὴν
2469 3215 2717 3285 ὑπακοὴν
2750 3213 3095 3285 παρείχοντο,
3130 3211 3230 3282 τὴν
3267 3211 3468 3281 ἀρετὴν
3505 3207 3700 3262 αἰδού-

421 3315 714 3383 quebatur,
769 3318 1091 3386 amorisque
1139 3316 1337 3392 modo,
1394 3317 1760 3374 obedientiam
1813 3335 2000 3390 parem

419 3408 810 3478 rependebant.

492 3501 652 3556 Velut
705 3509 887 3556 autem
941 3500 1130 3556 divina
1190 3501 1494 3558 illustratus
1551 3505 1768 3574 gratia,
1831 3520 2007 3575 eoque

421 3593 644 3664 ingenio
681 3594 980 3664 praeditus,
1042 3604 1103 3649 ut
1156 3611 1281 3666 qua
1336 3606 1487 3652 recta
1524 3613 1587 3653 ac
1637 3609 2006 3654 consentanea

419 3695 606 3741 essent
639 3685 798 3742 facile
824 3687 1149 3757 dispiceret,
1195 3703 1316 3758 qum
1359 3689 1415 3744 in
1455 3689 1714 3762 Bithynia
1763 3706 1829 3747 ac
1873 3692 2008 3749 locis

422 3778 546 3833 aliis
581 3780 916 3835 monasteria
949 3780 1054 3835 sita
1093 3790 1223 3836 sunt
1265 3781 1532 3844 invisens,
1578 3783 1746 3853 inque
1781 3784 1862 3840 eis
1893 3798 2010 3839 mo-

424 3869 689 3924 nasticem
717 3871 1105 3936 proﬁtentibus
1129 3871 1460 3927 familiarius
1495 3873 1840 3944 colloquens,
1872 3890 2008 3929 con—

423 3960 588 4028 jectis
610 3959 665 4013 in
695 3960 916 4015 illorqu
946 3961 1210 4016 virtutum
1233 3972 1388 4032 prata
1418 3963 1741 4032 luminibus,
1761 3981 2009 4021 rosarum

429 4054 608 4107 instar
654 4053 856 4122 quibus
893 4055 1265 4124 praelucebant
1308 4055 1636 4126 decerpebat
1685 4059 2008 4126 certamina,

426 4144 766 4215 domumque
793 4146 859 4198 ad
878 4159 1010 4200 suos
1037 4145 1370 4215 reportabat,
1394 4147 1694 4217 perfectam
1729 4149 2013 4206 charilatis

425 4242 484 4289 et
512 4236 767 4292 sublimis
825 4237 1157 4292 humilitatis
1211 4238 1266 4293 in
1310 4253 1371 4296 se
1409 4239 1806 4297 circumferens
1848 4242 2014 4296 docu-

429 4337 634 4382 menta.
668 4327 792 4398 «Ιυεί
815 4337 996 4384 autem
1023 4329 1356 4386 abstinentia
1379 4332 1632 4398 duratus,
1660 4350 1782 4388 cum
1814 4334 2012 4390 amico-

431 4436 552 4474 rum
577 4420 930 4477 invisentium
959 4425 1250 4490 praesentia
1283 4425 1352 4479 ad
1381 4426 1565 4480 cibum
1605 4427 2014 4496 percipiendum

2111 3322 2280 3377 μενοι.

2183 3507 2279 3570 ’Ὡς
2301 3523 2364 3575 γε
2397 3506 2490 3559 καὶ
2527 3505 2648 3577 θεία
2678 3505 3032 3575 λαμπόμενος
3065 3507 3271 3576 χάριτι,
3327 3504 3422 3557 καὶ
3461 3503 3706 3557 συνιδεῖν

2113 3599 2288 3670 ῥᾷστα
2317 3597 2377 3651 τὸ
2409 3598 2527 3651 δέον
2559 3594 2669 3661 οἷός
2705 3615 2766 3650 τε
2798 3597 2895 3662 ὣν,
2928 3599 3042 3661 τοῖς
3063 3597 3206 3652 κατά
3244 3596 3498 3650 Βιθυνίαν
3537 3593 3704 3664 ἐνδη-

2115 3690 2231 3762 μῶν
2257 3690 2642 3761 μοναστηρίοις
2667 3690 2762 3744 καὶ
2785 3689 2997 3760 ἑτέροις
3009 3689 3306 3760 ἀλλαχόθεν
3324 3685 3705 3760 προσομιλῶν,

2111 3785 2224 3846 τοῖς
2256 3782 2483 3836 ἐκείνων
2511 3781 2613 3851 τῆς
2640 3783 2842 3853 ἀρετῆς
2871 3781 3101 3852 λειμῶσι
3125 3782 3223 3845 τὰς
3257 3781 3412 3851 δψεις
3441 3781 3704 3849 ἐπαφεὶς,

2115 3875 2436 3944 συνελέγετο
2464 3875 2542 3938 ὡς
2572 3875 2700 3946 ῥόδα
2727 3874 2794 3929 τὰ
2812 3873 3022 3928 τούτων
3049 3874 3431 3945 ἀγωνίσματα,
3466 3874 3557 3926 καὶ
3587 3877 3709 3936 τοῖς

2113 3969 2334 4032 οἰκείοις
2357 3967 2781 4038 προσεκόμιζεν,
2807 3969 3030 4039 ἀγάπης
3057 3967 3290 4039 ἀρίστης
3307 3967 3401 4020 καὶ
3431 3965 3704 4036 ὑψοποιοῦ

2113 4059 2498 4124 ταπεινώσεως
2536 4062 2594 4113 ἐν
2628 4060 2806 4130 ἑαυτῷ
2837 4060 3155 4132 περιφέρων
3183 4059 3253 4112 τὰ
3293 4059 3703 4127 ὑποδείγματα.

2128 4151 2456 4224 Ἐγκράτεία
2484 4152 2541 4204 δέ
2586 4153 2826 4222 διηνεκεῖ
2871 4151 3262 4224 στομούμενος,
3326 4151 3488 4220 ἡνίκα
3529 4148 3709 4218 φίλων

2117 4245 2301 4297 ἐκάλει
2335 4245 2610 4313 παρουσία
2635 4243 2771 4314 πρὸς
2802 4243 3126 4314 μετάληψιν,
3157 4242 3220 4295 τὸ
3249 4243 3349 4312 τῆς
3371 4240 3710 4310 ἐγκρατείας

2118 4336 2284 4390 καλὸν
2323 4335 2380 4388 ἐν
2416 4336 2654 4406 δευτέρῳ
2689 4337 2990 4406 τιθέμενος,
3043 4337 3144 4407 τὴν
3179 4335 3377 4404 κυρίαν
3423 4332 3709 4402 προὺτίμα

2118 4429 2227 4481 τῶν
2251 4427 2462 4499 ἀρετῶν
2485 4445 2499 4459 ο
2532 4428 2892 4498 χορτάζεσθαί
2916 4445 2975 4481 τε
3006 4428 3099 4481 καὶ
3123 4426 3470 4498 ὑστερεῖσθαι
3492 4425 3540 4457 ’⁵⁸
3562 4424 3710 4478 κατὰ

433 4521 671 4576 vocaret,
703 4513 852 4568 illius
883 4515 1231 4571 honestatem
1268 4515 1322 4568 in
1349 4517 1610 4572 secundis
1640 4518 1872 4582 habens,
1905 4519 1998 4572 vir-

2120 4518 2211 4572 τὸν
2245 4519 2418 4590 μέγαν
2447 4519 2658 4572 Παῦλον
2692 4520 2753 4574 εὖ
2807 4519 2966 4583 εἰδὼς
2989 4520 3056 4586 δ’,
3093 4519 3189 4572 καὶ
3217 4518 3319 4588 τῆς
3347 4518 3510 4587 κενῆς
3545 4516 3711 4585 δόξης

432 4611 610 4656 tutum
640 4603 920 4658 dominam
959 4606 1035 4659 illi
1077 4605 1356 4674 praelatam
1395 4606 1611 4661 volebat
1650 4622 1662 4659 :
1700 4609 1791 4676 qui
1835 4623 1992 4675 magn

2123 4583 2473 4681 δραπετεύων
2493 4611 2590 4681 τὴν
2622 4611 3002 4679 ἐπικράτειαν.
3022 4583 3236 4681 Μικροῦ
3361 4583 3477 4661 τῶν.
3493 4583 3709 4661 ἐκείνου

435 4693 591 4749 Pauli
626 4709 779 4750 more
809 4695 978 4750 sciret
1003 4697 1216 4762 satiari,
1250 4707 1303 4752 et
1329 4700 1614 4766 penuriam
1653 4700 1784 4767 pati.
1816 4699 2018 4754 inanis-

435 4801 545 4854 que
607 4787 796 4856 gloriaa
858 4787 1202 4843 dominatum
1271 4791 1500 4860 fugeret.
1580 4789 2018 4846 Pulcherrimum

439 4879 588 4933 illius
619 4878 825 4934 factum
861 4896 949 4936 me
975 4897 1112 4951 pene
1143 4884 1431 4952 praeteriit.
1475 4881 1613 4938 Cum
1642 4883 1785 4938 enim
1828 4882 2021 4940 Niczeae

438 4973 684 5042 synodus
717 4973 962 5030 secundo
987 4988 1175 5030 coacta
1206 4984 1374 5041 esset,
1415 4977 1481 5031 ad
1517 4993 1636 5032 eam
1662 4978 1777 5047 ipse
1805 4992 2023 5047 quoque

438 5079 566 5120 cum
591 5066 714 5122 aliis
732 5065 986 5122 Patribus
1008 5079 1236 5124 vocatus
1252 5080 1358 5124 est.
1381 5069 1630 5140 Cumque
1653 5087 1846 5126 Olllllcs
1866 5070 2025 5140 equis

440 5159 846 5226 praestantibus,
883 5170 938 5216 et
967 5161 1271 5231 splendidis
1294 5164 1636 5218 vestimentis
1659 5165 1835 5218 ornati
1874 5165 2027 5218 veni-

2127 4701 2311 4755 κῖιλῶν
2359 4702 2544 4773 διέδρα
2588 4703 2648 4755 τὸ
2684 4703 2965 4772 μέγιστον.
3000 4704 3110 4772 Τῆς
3159 4702 3270 4771 γάρ
3299 4701 3442 4754 κατά
3471 4700 3711 4752 Νίκαιαν

2130 4793 2348 4847 συνόδου
2385 4795 2658 4864 συστάσης
2686 4795 2746 4847 τὸ
2773 4793 3046 4866 δεύτερον,
3079 4795 3176 4846 σὺν
3207 4795 3323 4856 τοῖς
3362 4791 3546 4854 ἄλλοις
3595 4792 3712 4842 Πα-

2127 4884 2322 4954 τράσιν
2372 4887 2464 4936 ἐπὶ
2513 4886 2684 4955 αὐτὴν
2715 4885 2998 4956 ἐκέκλητο.
3039 4885 3266 4938 Πάντων
3304 4883 3349 4935 δ’
3386 4884 3472 4950 ἐφ’
3525 4881 3712 4934 ἵππων

2131 4976 2332 5045 ἐξόχων
2379 4977 2822 5044 ἁθροιζομένων,
2879 4977 2971 5029 καὶ
3019 4976 3305 5044 λαμπραῖς
3362 4963 3715 5042 γαννυμένων

2129 5068 2386 5138 ἐσθήταις
2414 5069 2481 5131 ⁵ο,
2509 5067 2672 5130 αὑτὸς
2694 5068 2773 5137 τῷ
2810 5067 3029 5139 συνήθει
3057 5066 3284 5136 τριχίνῳ
3313 5063 3714 5132 κοσμούμενος,

2129 5159 2409 5230 ὑποζυγίῳ
2437 5177 2498 5212 τε
2529 5160 2726 5224 ἐπιϐὰς
2759 5161 3036 5232 κανθηλίῳ
3060 5161 3104 5192 ⁸¹
3134 5163 3233 5230 τὴν
3272 5157 3584 5228 ὁδοιπορίαν
3611 5172 3719 5208 ασ-

440 5259 585 5315 rent,
631 5251 749 5321 ipse
796 5252 960 5308 solito
1002 5253 1225 5308 cilicino
1259 5269 1420 5310 sacco
1455 5255 1718 5320 indutus,
1769 5271 1833 5309 ac
1858 5255 1998 5311 asina

2133 5253 2310 5322 μένως
2339 5254 2595 5306 ἐποιεῖτο.
2635 5253 2722 5316 Ὡς
2737 5253 2781 5306 δ’
2806 5249 2944 5307 εἶδον
2961 5253 3008 5284 ⁸⁸
3033 5253 3269 5315 ἅπαντες
3294 5252 3385 5304 τὸν
3415 5248 3724 5320 τηλικούτῳ

447 5340 727 5410 insidens,
784 5345 944 5402 laetus
999 5345 1102 5401 iter
1157 5347 1416 5416 suscepit.
1488 5346 1595 5402 Sed
1650 5363 1772 5401 cum
1835 5363 2029 5403 omnes

2133 5341 2352 5412 πλούτῳ
2386 5342 2643 5412 κομῶντα
2679 5343 2739 5397 τὸ
2768 5345 3034 5414 πρότερον
3066 5342 3280 5406 τούτοις
3305 5341 3400 5394 νῦν
3428 5338 3722 5392 καλλωπι-

451 5429 705 5489 viderent
728 5449 882 5503 eum,
911 5438 1008 5508 qui
1043 5437 1198 5508 prius
1230 5437 1489 5493 omnibus
1517 5437 1832 5492 divitiarum
1856 5436 1998 5506 copii

2134 5432 2381 5504 ζόμενον,
2425 5435 2485 5501 ἐξ
2508 5434 2676 5490 αὑτοῦ
2712 5435 2914 5506 μᾶλλον
2945 5435 2978 5506 ἢ
3008 5433 3115 5488 τῶν
3151 5433 3330 5488 ἄλλων
3383 5430 3720 5503 δρεψάμενοι

1767 5616 2001 5673 vanus
2041 5606 2444 5678 LECTIONES.

558 5736 994 5802 ⁸⁶ἐπεξετείνετο
1046 5745 1330 5808 exspectes
1391 5738 1690 5808 secundum
1739 5737 1877 5793 Phil.
1909 5738 1973 5808 5,,
2009 5753 2060 5790 ν.
2103 5737 2191 5792 15.

2304 5742 2348 5773 ’⁸⁷
2397 5743 2712 5814 ἠργάσαντο
2761 5741 2902 5814 Part
2988 5739 3031 5771 ⁴⁸
3067 5737 3402 5814 ὑστερῆσθαι
3463 5735 3582 5814 Par.
3613 5735 3715 5791 Cir.

455 5809 597 5866 Phil.
629 5809 682 5870 4,
721 5825 770 5862 v.
805 5809 892 5862 1‘2.
939 5807 1250 5884 _”_oi_er§<bg
1277 5807 1402 5884 Par.
1478 5809 1524 5839 ⁸ο
1558 5807 2120 5884 ἐσθῆσιν-ιιιςηίδειω
2157 5811 2254 5867 sed
2291 5807 2526 5884 scriptor
2559 5815 2848 5869 barbaram
2882 5813 3113 5866 formam
3150 5807 3455 5880 piilrtiilisse
3479 5807 3718 5861 videtur.

498 5923 500 5926 μ
532 5879 862 5950 legebatur,
889 5878 989 5935 κᾶν
1013 5878 1226 5949 θηλείᾳ,
1261 5879 1407 5933 ιιιιΙΙυ
1443 5894 1630 5934 sensu.
1711 5878 1754 5910 θ’
1792 5879 1899 5931 ἴδον
1939 5881 2059 5934 Par.
