3926 6456
465 420 536 482 35
1791 405 2286 473 THEOPHANIS
2328 401 2526 464 VITA.
3668 400 3742 464 36

465 543 574 587 tur.
615 528 696 585 Ac
718 543 854 584 sane
883 527 1184 584 salutarem
1211 524 1846 597 accedentibus'manum
1877 524 2052 594 porri-

2162 516 2362 588 κιχρῶν
2398 517 2690 587 σωτήριον,
2737 513 2872 585 μησὶ
2909 513 3172 584 τέσσαρσι
3218 511 3309 566 τὸν
3352 515 3631 586 προσόντα
3667 523 3740 592 τῇ

465 637 621 694 gens,
674 632 870 690 quarto
916 636 1106 675 mense
1150 621 1294 690 quod
1345 619 1680 674 monasterio
1727 617 2050 688 suppetebat

465 715 826 776 frumentum,
860 713 1138 766 modicum
1171 712 1326 775 illud,
1371 719 1428 765 ut
1454 713 1542 766 vix
1579 711 1803 766 familia:
1855 709 2048 764 usibus

465 805 758 865 sufficeret,
795 803 944 871 large
974 801 1311 856 effundebat.
1346 801 1598 872 Cumque
1647 801 1901 856 minister
1934 813 2049 852 rem

463 913 607 968 aegre
638 895 843 959 ferret,
885 904 1050 964 atque
1109 895 1241 950 illud
1291 911 1357 950 ne
1401 894 1620 950 familia:
1661 893 1880 965 quidem
1917 893 2048 947 satis

463 987 972 1058 essejurejurando
1007 986 1326 1053 affirmaret,
1383 989 1500 1042 miti
1540 1003 1673 1041 voce
1715 986 2046 1041 frumentum

467 1095 761 1136 numerare
806 1079 978 1148 jubet.
1021 1079 1177 1144 Quod
1229 1079 1318 1133 ille
1375 1095 1498 1133 cum
1545 1079 1797 1143 fecisset,
1842 1077 2051 1131 nullum

467 1187 665 1226 acervo
711 1171 954 1224 modium
999 1171 1192 1225 deesse
1245 1172 1530 1241 comperit.
1585 1170 1785 1226 Verum
1837 1169 2053 1224 facilius

467 1265 561 1326 sit,
591 1263 766 1318 undas
788 1263 959 1318 maris
986 1278 1339 1328 enumerare,
1365 1272 1460 1318 aut
1487 1280 1617 1318 cava
1643 1279 1807 1317 manu
1836 1263 2054 1332 pelagus

418 1348 424 1414 ξ
465 1354 728 1418 dimetiri,
749 1370 912 1422 quam
933 1369 1020 1408 res
1037 1354 1216 1408 abillo
1235 1365 1418 1424 gestas
1437 1355 1786 1410 admirabiles
1805 1355 2055 1408 oratione

414 1441 423 1492 ἓ
465 1446 774 1516 complecti.
803 1445 1171 1509 Quamobrem
1204 1447 1331 1502 aliis
1358 1448 1464 1502 alia
1497 1447 1869 1516 relinquentes
1899 1460 2053 1500 com-

467 1541 864 1603 memoranda,
902 1555 1024 1610 quae
1057 1543 1132 1594 rei
1189 1540 1455 1596 institutae
1504 1541 1680 1613 magis
1719 1543 2056 1596 conveniunt

467 1649 533 1689 ac
568 1632 842 1703 praecipua
875 1641 1024 1696 sunt,
1049 1647 1478 1702 prosequemur.

538 1723 800 1778 Ecclesiae
837 1736 967 1792 ager
1002 1721 1164 1775 bouis
1195 1721 1454 1776 omnibus
1475 1719 1811 1776 abundabat.
1834 1717 1969 1774 Nam
2001 1727 2056 1772 et

469 1816 635 1872 rectis
666 1814 932 1869 institutis
965 1829 1210 1882 sanaque
1237 1813 1485 1867 doctrina
1513 1813 1815 1867 instructus
1836 1819 1976 1874 erat,
2005 1819 2058 1864 et

2157 611 2292 678 μονῇ
2343 610 2514 670 σῖτον,
2555 607 2692 677 μηδέ
2741 608 2854 668 τοῖς
2904 603 3044 658 οἴκοι
3098 604 3397 674 δυνάμενον
3451 606 3739 676 ἐπαρκεῖν,

2153 698 2388 768 ἀφειδῶς
2443 699 2464 732 ⁸
2487 696 2756 767 ἐξεφόρει.
2793 694 2900 748 Τοῦ
2928 693 2984 746 δὲ
3023 694 3124 764 τὴν
3155 694 3430 747 διακονίαν
3459 695 3742 761 διέποντος

2153 793 2250 845 ἐπὶ
2270 789 2446 861 τούτῳ
2467 789 2934 860 δυσχεραίνοντος,
2971 787 3066 841 καὶ
3102 786 3236 858 μηδέ
3265 790 3376 850 τοῖς
3409 787 3550 841 οἶκοι
3580 789 3745 842 δυνά-

2157 900 2318 953 μενον
2340 883 2590 952 διαρκεῖν
2614 879 2803 933 τοῦτον
2823 881 3033 948 ἐπομνυ
3043 879 3232 948 μένου,
3266 879 3474 950 πραείᾳ
3507 880 3553 910 ⁶⁹
3579 883 3742 950 φωνῇ

2153 974 2245 1028 τὸν
2284 976 2430 1026 σῖτον
2453 972 2760 1044 ἀριθμῆσαι
2789 971 3190 1026 διακελεύεται.
3241 971 3299 1023 '0
3334 970 3392 1025 δέ
3437 971 3596 1026 τοῦτο
3618 973 3742 1026 δια-

2153 1065 2528 1138 πραξάμενος,
2565 1057 2724 1134 εὓρεν
2765 1063 2842 1125 ὼς
2877 1062 2982 1132 πρὸ
3028 1063 3126 1132 τῆς
3160 1060 3476 1126 διαδόσεως,
3515 1063 3746 1133 μηδενὸς

2157 1157 2418 1228 μεδίμνου
2472 1156 2535 1210 τὸ
2566 1155 2788 1209 σύνολον
2822 1155 3222 1224 ἐπιλείψαντος.
3266 1154 3428 1207 Ἀλλά
3469 1155 3576 1226 γὰρ
3613 1157 3746 1226 ῥᾷον

2156 1245 2379 1316 κύματα
2431 1246 2707 1314 θαλάττης
2762 1245 3104 1315 ἐξαριθμεῖν,
3148 1245 3181 1315 ἢ
3239 1243 3442 1316 κοτύλῃ
3509 1245 3750 1313 πέλαγος

2153 1341 2467 1411 ἐκμετρεῖν,
2502 1339 2535 1410 ἢ
2569 1339 2666 1403 τὰς
2697 1340 2906 1392 ἐκείνου
2939 1338 3049 1390 τῶν
3071 1338 3366 1407 θαυμάτων
3389 1338 3620 1409 νιφάδας
3655 1340 3750 1406 ἐγο

2161 1436 2390 1505 κωμίων
2443 1434 2622 1502 λόγοις
2680 1432 3023 1503 περιλαϐεῖν.
3088 1432 3288 1502 Διόπερ
3341 1430 3523 1494 ἄλλοις
3577 1431 3749 1496 ἄλλας

2155 1527 2452 1598 ἐκφράζειν
2478 1528 2659 1598 ἀφεὶς,
2688 1529 2782 1580 ἐπὶ
2808 1527 2876 1581 τά
2911 1527 3220 1599 κυριώτερα
3261 1528 3355 1580 τοῦ
3381 1528 3543 1595 λόγου
3609 1544 3748 1597 μετ-

2158 1619 2471 1690 ελεύσομαι.

2231 1714 2374 1766 Πᾶσι
2420 1712 2522 1781 μὲν
2552 1711 2643 1764 οῦν
2666 1709 2726 1762 τὸ
2755 1710 2855 1778 τῆς
2896 1709 3229 1781 Ἐκκλησίας
3276 1711 3428 1781 λήϊον
3458 1711 3612 1782 ἡνθει
3646 1729 3751 1766 κα-

2159 1807 2294 1869 λοῖς.
2332 1805 2565 1874 δόγμασι
2600 1805 2700 1873 μὲν
2734 1801 3049 1871 όρθοδόξοις¹
3084 1803 3159 1865 ὠς
3192 1803 3429 1872 μάλιστα
3478 1805 3751 1873 καταρδό-

471 1905 632 1962 factis
656 1907 1086 1975 congruentibus
1111 1905 1387 1959 allluebat.
1417 1905 1496 1959 Ac
1517 1905 1736 1975 quidem
1757 1903 2056 1974 religiosis-

2163 1914 2349 1968 μενον,
2387 1896 2676 1964 άναλόγοις
2722 1895 2778 1948 δὲ
2825 1895 3039 1959 τούτοις
3088 1897 3444 1966 πιαινόμενον
3489 1896 3748 1966 πράξεσι.

471 2000 597 2055 simi
629 1999 991 2068 imperatores
1041 1999 1260 2068 pietatis
1320 1998 1504 2052 studio
1539 1997 1720 2067 potius
1749 2011 1915 2066 quam
1950 1995 2054 2049 im-

471 2091 606 2161 perii
681 2089 1044 2158 amplitudine
1111 2089 1511 2160 gloriabantur.
1586 2089 1757 2143 Porro
1829 2103 2058 2158 magnus

474 2181 715 2251 pontifex
748 2181 1038 2236 sublimem
1079 2181 1397 2236 cathedram
1447 2192 1802 2246 consecutus,
1840 2181 2058 2234 virtutis

472 2272 678 2326 lumina
707 2285 802 2340 per
841 2271 1156 2324 universum
1185 2271 1374 2325 orbem
1412 2281 1678 2325 terrarum
1703 2270 2054 2324 accendebat.

480 2363 587 2430 Qui
641 2371 826 2416 autem
879 2362 984 2416 sub
1033 2377 1099 2416 eo
1149 2370 1307 2415 erant
1334 2362 1628 2426 antistites,
1683 2376 1814 2416 suos
1853 2361 2058 2430 quique

474 2469 667 2525 greges
721 2455 841 2509 sine
877 2445 1307 2524 reprehensione
1355 2463 1504 2509 tutos
1546 2454 1600 2508 in
1637 2465 1827 2524 portus
1862 2452 2060 2523 perdu-

478 2547 696 2601 cebant.
746 2545 1208 2600 Monasteriorum
1255 2546 1490 2616 denique
1540 2547 1819 2615 praesides,
1859 2545 2059 2615 quibus

475 2648 740 2707 tanquam
772 2639 853 2692 sol
887 2637 1253 2692 nitidissimus
1295 2638 1652 2693 admirandus
1687 2639 1774 2694 hic
1807 2639 1889 2693 vir
1920 2654 2059 2709 prae-

473 2729 713 2796 lucebat,
753 2731 896 2784 viam
937 2730 990 2784 in
1045 2731 1243 2785 ccelum
1272 2731 1561 2786 ducentem
1608 2732 1865 2786 docentes
1896 2731 2059 2786 disci-

476 2819 660 2888 pulos,
704 2820 910 2873 nudum
945 2819 1142 2888 opibus
1172 2835 1322 2885 eum,
1364 2821 1453 2890 qui
1501 2821 1642 2875 male
1687 2823 1838 2892 prius
1883 2821 2061 2875 domi-

476 2919 641 2966 natus
705 2919 872 2973 esset,
937 2911 1193 2979 religiosa
1257 2911 1602 2967 abdicatione
1658 2905 2056 2968 monstrabant.

477 3000 584 3056 Sed
639 3001 856 3056 invidus
917 3017 1144 3073 serpens
1177 3001 1479 3057 Ecelesiam
1529 3015 1638 3058 tam
1675 3004 1864 3058 multis
1900 3003 2058 3059 bonis

477 3091 761 3147 florentem
809 3094 992 3148 videre
1024 3108 1131 3148 non
1179 3105 1408 3164 poterat,
1449 3111 1624 3164 exque
1661 3097 1836 3165 plebis
1869 3111 2061 3165 pecca-

478 3185 550 3239 tis
588 3185 936 3240 occasionem
971 3187 1262 3255 arripiens,
1303 3186 1372 3240 ita
1407 3186 1752 3255 permittente
1790 3185 1924 3252 Deo,
1961 3184 2062 3239 Ec-

2161 1991 2274 2044 Καὶ
2299 1988 2541 2060 βασιλεῖς
2567 1989 2664 2059 μὲν
2694 1987 2964 2056 θεοφιλεῖς
2987 1987 3201 2053 τούτοις
3229 1989 3293 2054 ⁶¹,
3322 1989 3354 2058 ἢ
3382 1987 3460 2058 τῷ
3490 1990 3748 2057 προσόντι

2158 2083 2258 2152 τῆς
2288 2081 2573 2151 βασιλείας
2607 2079 2758 2150 δγκῳ
2792 2081 3298 2151 μεγαλαυχούμενοι
3345 2079 3746 2136 διεδείκνυντοο

2159 2173 2454 2244 ἀρχιερεὺς
2499 2172 2556 2224 δὲ
2587 2174 2615 2224 ὁ
2645 2171 2820 2241 μέγας
2858 2171 2902 2202 ⁶²
2942 2175 3042 2241 τῆς
3077 2170 3292 2240 ὑψηλῆς
3345 2170 3748 2240 ἐπειλημμένος

2159 2265 2450 2334 καθέδρας,
2481 2262 2579 2326 τὰς
2628 2263 2728 2330 τῆς
2757 2263 2960 2332 ἀρετῆς
2996 2262 3355 2333 λαμπηδόνας
3392 2265 3494 2332 γῆν
3522 2263 3615 2315 ἐπὶ
3647 2265 3744 2315 πᾶ-

2161 2372 2281 2415 σαν,
2305 2355 2440 2424 ὅσην
2466 2353 2620 2424 ἥλιος
2651 2355 2845 2425 ἐφορᾷ,
2875 2353 3236 2424 διεπύρσευεν
3262 2353 3338 2384 ⁸³·
3377 2355 3424 2407 οί
3459 2354 3503 2405 δ’
3534 2353 3738 2406 ύπάύ-

2158 2448 2252 2500 τὸν
2281 2446 2569 2510 τελοῦντες
2599 2446 2884 2518 ἀρχιερεῖς
2919 2446 3229 2518 ἀμέμπτως
3261 2445 3363 2516 τὴν
3385 2445 3594 2498 οἰκείαν
3615 2445 3742 2498 ἓκαο

2161 2557 2286 2602 στος
2345 2539 2587 2610 ποίμνην
2643 2539 2807 2592 οἱονεί
2843 2555 2965 2592 τινα
3017 2538 3219 2592 ὁλκάδα
3266 2539 3404 2611 πρὸς
3457 2539 3744 2610 γαληνίους

2159 2630 2388 2700 λιμένας
2411 2629 2797 2702 ἐπηδαλιούχει
2820 2645 2834 2660 °
2869 2632 2919 2684 σί
2970 2629 3028 2684 δέ
3059 2630 3168 2684 τῶν
3214 2632 3482 2700 σεμνείων
3510 2630 3747 2701 προστά-

2157 2741 2272 2786 ται,
2307 2720 2382 2776 ὧν
2405 2724 2803 2794 πρωτοστάτης
2826 2722 3041 2795 ὑπῆρχε
3065 2723 3158 2776 καὶ
3180 2723 3574 2793 καθαρώτατος
3601 2723 3750 2794 ἥλιος

2160 2817 2189 2869 ὁ
2239 2816 2570 2887 θαυμάσιος,
2616 2814 2716 2884 τὴν
2759 2815 2817 2878 ἐς
2865 2814 3097 2884 οὐρανὸν
3143 2814 3418 2886 φέρουσαν
3471 2817 3600 2878 τοὺς
3654 2813 3746 2867 ὑπ’

2161 2909 2347 2972 αὐτοῖς
2405 2907 2820 2969 ἐκδιδάσκοντες
2883 2905 3109 2976 τρίϐον,
3177 2907 3387 2976 γυμνὸν
3456 2906 3750 2976 κτημάτων

2160 3003 2436 3056 ἐδείκνυον
2463 2999 2556 3053 τὸν
2587 2999 2856 3070 πρότερον
2888 2999 3075 3061 κακῶς
3104 2997 3564 3052 δυναστεύσαντα.
3611 2997 3749 3051 Ἀλλ’

2161 3095 2261 3147 οὐκ
2287 3095 2517 3164 ἧνεγκεν
2545 3094 2678 3164 ὁρᾷν
2709 3092 2831 3160 ὄφις
2858 3093 2886 3143 ὁ
2909 3090 3179 3161 βάσκανος
3220 3091 3556 3161 τηλικούτιις
3583 3093 3748 3144 ἐπαν-

2164 3187 2277 3239 θεῖν
2323 3185 2422 3256 τὴν
2485 3183 2812 3254 Ἐκκλησίαν
2854 3183 3065 3246 καλοῖς,
3131 3184 3232 3252 τὴν
3291 3183 3346 3236 δὲ
3374 3183 3482 3236 τῶν
3539 3183 3749 3236 πολλῶν

475 3277 660 3332 clesia:
728 3253 1193 3346 pulchritudinem
1254 3253 1570 3347 pervertere
1633 3293 1923 3348 aggressus
1951 3285 2056 3333 est.

2165 3253 2446 3349 ἁμαρτίαν
2489 3253 2750 3348 συνεργὸν
2786 3275 3276 3348 προσκτησάμενος
3310 3276 3376 3337 ⁸⁵,
3411 3277 3752 3344 συγχωρήσει

479 3363 682 3419 Verum
733 3381 858 3420 cum
910 3369 1141 3436 propriae
1180 3368 1556 3436 perversitatis
1589 3369 1900 3421 ministrum
1940 3367 2060 3421 ido-

477 3471 644 3510 neum
689 3466 982 3525 quaereret,
1016 3461 1279 3528 aptiorem
1319 3459 1548 3523 invenit,
1583 3474 1746 3527 quam
1789 3459 2013 3528 optabat
2043 3475 2058 3512 :

479 3546 740 3611 Leonem,
792 3547 1039 3617 inquam,
1092 3550 1545 3605 scelestissimum
1608 3551 1908 3616 hominem,
1964 3550 2060 3620 qui

481 3641 550 3692 ah
609 3637 889 3693 Armeniis
928 3649 984 3693 et
1025 3640 1268 3711 Assyriis
1321 3657 1494 3712 genus
1547 3642 1774 3710 ducens,
1831 3643 2061 3697 alterius

487 3729 670 3799 gentis
732 3730 888 3783 dolos
935 3745 1000 3784 ac
1051 3731 1456 3797 morositatem,
1511 3731 1739 3787 alterius
1790 3733 2060 3791 feritatem

483 3820 732 3875 numeris
764 3822 1025 3875 omnibus
1061 3823 1312 3877 absoluta
1341 3825 1649 3879 imitatione
1669 3833 2016 3893 expresserat
2045 3843 2058 3879 :

483 3912 598 3966 imo
645 3927 776 3966 vero
825 3912 990 3981 longe
1041 3928 1134 3968 eos
1184 3914 1476 3969 intervallo
1519 3929 1808 3984 superans,
1849 3914 2065 3970 feritate

481 4003 664 4069 dolos,
729 4002 872 4058 dolis
923 4004 1195 4058 feritatem
1247 4006 1502 4060 vincebat
1537 4007 1646 4060 :ad
1690 4007 2062 4061 mentiendum

483 4107 789 4166 promptus,
843 4106 896 4150 et
944 4097 1012 4150 ad
1057 4099 1498 4167 persuadendum
1541 4115 1626 4166 ea,
1669 4115 1793 4165 qua:
1839 4099 2066 4154 mentie-

483 4188 664 4251 batur,
713 4187 1053 4255 aptissimus.
1098 4188 1314 4244 Fraude
1348 4189 1468 4244 loco
1517 4191 1737 4244 virtutis
1787 4191 2060 4255 utebatur,

481 4295 718 4348 eamque
759 4281 1026 4334 adversus
1066 4281 1552 4351 eonjunctissimos
1601 4283 1908 4338 exercebat.
1963 4281 2064 4337 Hie

484 4374 538 4425 in
596 4373 884 4437 blandum,
944 4387 1009 4426 ac
1054 4375 1146 4444 qui
1182 4374 1413 4429 multum
1454 4376 1504 4430 ei
1536 4375 1763 4431 honoris
1797 4375 2064 4430 habuerat

483 4464 863 4533 imperatorem
935 4481 1298 4536 consurgens,
1372 4468 1785 4522 ornatissimum
1845 4483 1910 4522 ac
1969 4467 2062 4536 qui

483 4572 762 4626 nunquam
818 4559 1033 4612 occidat
1087 4558 1344 4614 Ecclesia:
1395 4560 1568 4614 solem
1611 4561 1784 4630 ejicit,
1834 4575 1900 4615 ac
1933 4575 2059 4614 cum

485 4647 575 4701 illo
601 4662 795 4702 omnes
827 4647 942 4704 fere
977 4652 1236 4704 exturbat
1257 4652 1552 4707 antistites.
1588 4650 1740 4708 lianc
1774 4653 1958 4722 itaque
1993 4653 2062 4707 ab

481 4741 748 4808 apostolis
799 4757 895 4810 per
940 4757 1138 4798 manus
1174 4746 1429 4798 traditam
1473 4746 1874 4801 institutionem
1907 4761 2063 4815 sper-

479 4844 640 4892 nens,
688 4829 886 4884 divinm
939 4833 1123 4888 carnis
1170 4835 1372 4890 Christi
1405 4837 1699 4906 imaginem
1735 4837 2009 4891 exscindit
2044 4853 2059 4903 ;

481 4920 740 4991 idemque
779 4923 832 4976 in
878 4922 1068 4979 Matris
1126 4926 1246 4995 ejus
1277 4942 1342 4982 ac
1370 4938 1688 4982 sanctorum
1723 4927 2061 4984 venerandae

485 5013 756 5084 imagines
805 5018 1102 5073 committit
1132 5035 1148 5086 ;
1190 5036 1255 5074 ac
1303 5019 1560 5076 Ecclesiae
1591 5021 1870 5089 graviores
1901 5020 2060 5089 longe

479 5105 820 5179 [Egyptiacis
845 5111 1316 5183 densissimasque
1359 5115 1613 5169 tenebras
1635 5113 1889 5168 offundit.
1924 5113 2062 5167 llinc

482 5204 838 5266 tyrannorum
870 5215 1012 5270 quos
1043 5201 1166 5256 tulit
1201 5203 1478 5271 gentilitas
1511 5204 1782 5258 violentiae
1822 5205 2059 5273 patritnn

478 5295 657 5342 astum
689 5289 1022 5355 admiscens,
1048 5307 1114 5348 ac
1135 5301 1374 5348 veterem
1401 5295 1551 5349 illum
1578 5293 1878 5364 Rapsacem
1906 5294 1934 5334 δ
1968 5310 2062 5350 su-

555 5438 581 5477 b
606 5437 712 5494 lsa.
747 5457 940 5509 xxxvi,
976 5442 1034 5496 ‘2.

2161 3371 2283 3441 θείᾳ
2312 3370 2376 3423 τὸ
2417 3369 2624 3438 ταύτης
2656 3370 2853 3430 κάλλος
2895 3367 3338 3438 ἐπιλυμηνασθαι
3383 3368 3750 3420 διανίσταται.

2165 3461 2372 3530 Ἀνδρα
2401 3459 2534 3528 γοῦν
2560 3458 2836 3528 ἐπιζητῶν
2872 3459 2972 3528 τῆς
3005 3457 3140 3522 ίδίας
3182 3458 3502 3528 σκαιότητος
3535 3458 3754 3524 ἀπάσης

2162 3551 2492 3624 χωρητικὸν,
2524 3552 2842 3621 ἐφευρίσκει
2869 3549 3034 3603 πλέον
3065 3550 3098 3619 ἢ
3127 3549 3408 3602 ἐϐούλετο·
3434 3549 3639 3602 Λέοντα
3661 3549 3752 3602 τδν

2164 3643 2471 3713 ἐξάγιστον,
2515 3642 2574 3708 ὃς
2619 3642 2930 3714 Ἀρμενίοις
2958 3658 3019 3694 τε
3060 3643 3156 3695 καὶ
3204 3642 3510 3710 Ἀσσυρίοις
3548 3643 3754 3695 ἐπανα-

2163 3737 2347 3804 φέρων
2383 3735 2446 3788 τὸ
2475 3736 2654 3804 γένος,
2703 3735 2812 3788 τῶν
2848 3734 2948 3806 μὲν
2993 3734 3246 3787 ἐπλούτει
3291 3733 3351 3786 τὸ
3387 3732 3618 3786 ὓπουλον
3661 3733 3752 3786 καὶ

2161 3827 2461 3898 κακόηθες,
2495 3827 2604 3880 τῶν
2636 3827 2694 3882 δὲ
2726 3827 2786 3880 τὸ
2815 3826 3080 3897 θηριῶδες
3114 3827 3194 3890 είς
3225 3825 3371 3880 ἅπαν
3402 3825 3751 3896 ἐκμιμούμε-

2163 3935 2278 3982 νος,
2320 3918 2522 3989 μᾶλλον
2557 3919 2656 3990 μὲν
2685 3917 2780 3971 οὖν
2818 3916 3014 3988 μακρῷ
3039 3917 3118 3986 τῷ
3154 3917 3303 3986 μέσῳ
3335 3915 3563 3978 τούτους
3589 3916 3752 3984 {nesp-

2164 4008 2527 4080 ϐαλλόμενος,
2589 4008 2855 4080 θηριωδίᾳ
2889 4008 2936 4040 ⁸⁵
2971 4008 3068 4078 μὲν
3115 4006 3334 4071 ἐξενίκα
3392 4006 3454 4058 τὸ
3498 4005 3750 4069 ὓπουλον,

2165 4102 2493 4172 ὐπουλότητι
2518 4101 2573 4154 δὲ
2605 4101 2668 4154 τὸ
2691 4101 2958 4171 θηριῶδες
2995 4099 3336 4170 παρέτρεχεν
3361 4115 3373 4127 ο
3408 4098 3626 4168 ἕτοιμος
3651 4098 3750 4166 μὲν

2162 4193 2492 4263 ψεύσασθαι,
2515 4192 2690 4255 δεινὸς
2719 4193 2764 4245 δ’
2783 4191 3056 4246 ἐπιθεῖναι
3077 4193 3122 4222 ⁶⁸
3141 4191 3326 4244 πίστιν
3354 4193 3465 4250 τοῖς
3486 4189 3754 4259 ἐψευσμέ-

2163 4303 2297 4350 νοις,
2327 4285 2529 4358 ἀρετὴν
2555 4284 2862 4356 ἡγούμενος
2892 4283 2992 4354 τὴν
3011 4285 3252 4354 ἀπάτην,
3287 4283 3384 4336 καὶ
3411 4282 3583 4354 ταύτῃ
3612 4281 3754 4334 κατά

2162 4377 2276 4431 τῶν
2333 4377 2686 4430 οἰκειοτάτων
2728 4373 3043 4446 χρώμενος’
3096 4373 3155 4437 ὃς
3203 4373 3306 4442 τῆς
3364 4372 3630 4443 μειλιχίου
3662 4369 3754 4424 καὶ

2165 4469 2337 4522 πολλά
2386 4469 2702 4540 τιμησάσης
2749 4467 3164 4533 κατεξαναστὰς
3214 4466 3512 4537 βασιλείας,
3563 4463 3755 4529 ἐξωθεί

2097 4599 2138 4654 D
2171 4563 2268 4633 μὲν
2287 4562 2384 4632 τῆς
2420 4561 2752 4630 Ἐκκλησίας
2772 4560 2864 4614 τὸν
2885 4559 3230 4630 παγκόσμιον
3257 4560 3351 4612 καὶ
3369 4558 3562 4612 ἄδυτον
3581 4557 3754 4627 ἥλιον,

2169 4653 2463 4718 συνεξωθεῖ
2489 4653 2545 4706 δὲ
2576 4653 2752 4724 τούτῳ
2781 4653 2892 4706 τῶν
2922 4652 3228 4723 ἀρχιερέων
3259 4650 3459 4722 μικροῦ
3490 4650 3600 4703 δεῖν
3630 4649 3756 4712 τοὺς

2167 4747 2448 4808 ἅπανταςο
2498 4745 2591 4797 καὶ
2631 4745 2732 4816 τὴν
2761 4743 3026 4798 ἀνέκαθεν
3073 4742 3134 4808 ἐξ
3184 4743 3502 4796 ἀποστόλων
3551 4741 3756 4809 ταύτην

2167 4838 2472 4908 παράδοσιν
2523 4838 2656 4908 παρ’
2697 4837 2848 4891 οὐδὲν
2895 4837 3269 4908 ἡγησάμενος,
3327 4837 3604 4906 ἐξορύττει
3658 4834 3756 4905 μὲν

2164 4931 2406 5003 Χριστοῦ
2439 4931 2539 5002 τῆς
2583 4931 2735 4994 θείας
2771 4931 2976 5001 σαρκὸς
3009 4929 3069 4984 τὸ
3111 4929 3399 5001 ὁμοίωμαο
3436 4927 3757 4996 συνεξορύτ-

2165 5043 2250 5079 τει
2283 5027 2338 5079 δέ
2367 5025 2468 5095 τῆς
2497 5024 2690 5078 τούτου
2731 5025 2955 5094 Μητρὸς
2985 5025 3080 5078 καὶ
3123 5025 3344 5078 πάντων
3373 5024 3482 5076 τῶν
3509 5023 3554 5055 ⁸⁷
3587 5020 3759 5091 άγίων

2167 5120 2237 5170 τὰ
2269 5117 2445 5169 σεπτὰ
2472 5115 2852 5187 είκονίσματα,
2879 5117 2974 5169 καὶ
3000 5117 3098 5187 τὴν
3137 5117 3468 5186 Ἐκκλησίαν
3508 5115 3758 5186 ψηλαφη-

2166 5209 2261 5261 τοῦ
2287 5210 2515 5273 σκότους
2546 5209 2923 5281 ἐμπίμπλησι,
2959 5209 3140 5281 πολλῷ
3164 5210 3259 5262 τοῦ
3285 5209 3414 5280 παρ’
3442 5207 3758 5276 Αἰγυπτίοις

2166 5299 2573 5371 χαλεπωτέρου.
2629 5301 2911 5355 Ἐντεῦθεν
2942 5304 3008 5373 τῇ
3044 5300 3330 5373 Ἕλληνικῇ
3367 5301 3457 5373 βίᾳ
3501 5299 3598 5361 τὴν
3631 5315 3758 5369 7:99-

1754 5579 1990 5637 VARIJE
2049 5582 2458 5643 LECTIONES.

577 5718 621 5748 ³⁹
657 5718 890 5788 ἁφοιδώς
945 5719 1069 5775 Par.

482 5787 672 5860 ealms.
712 5787 858 5844 'l’ar.
907 5807 1015 5860 mg.

1119 5794 1164 5824 ⁸³
1204 5793 1261 5846 S.
1295 5792 1642 5863 Nicon/(oras
1697 5792 2003 5863 patriarcha
2049 5815 2066 5852 :

482 5859 720 5912 aurium.
757 5861 878 5915 l'ar.
923 5859 1031 5932 mg.

1117 5864 1160 5894 “
1183 5869 1705 5936 προστητησάμενος
1745 5870 1868 5924 l'at'.

1172 5721 1634 5806 ’θηπρῇτείῆῐδδικ
1712 5727 1755 5758 ⁸⁸
1796 5738 1916 5806 μηδι.
1946 5729 2165 5806 ’τούτοις
2203 5731 2680 5806 fortassecxcidit
2714 5734 2938 5806 μᾶλλον.

3045 5735 3089 5765 θ’
3110 5732 3314 5806 Nempe
3345 5733 3573 5789 Michael
3613 5733 3759 5806 Rau:

2119 5819 2220 5854 non
2257 5803 2356 5875 Leo
2409 5803 2500 5857 III
2539 5802 2686 5860 Rom.
2717 5802 2957 5874 ’ροηιίῐη
3027 5817 3080 5859 ιιι
3116 5802 3288 5875 inepte
3346 5815 3584 5875 notqlum
3619 5803 3759 5873 «ψιιλ

1945 5873 1989 5901 ⁵⁵
2023 5872 2287 5941 θηριωδία
2325 5873 2449 5930 Patr.
2529 5877 2574 5905 ⁸⁸
2596 5872 2850 5948 ὲττιθῆναι
2875 5876 2998 5931 l‘ar.

3093 5877 3136 5909 "
3170 5873 3278 5930 τῶν
3308 5891 3418 5932 om.
3454 5873 3578 5928 Par.
