3926 6434
282 392 340 453 3-;
1613 377 2104 441 TIIEOPHANIS
2137 379 2327 441 VITA.

3495 354 3588 452 38'

283 502 491 575 γενικὴν
521 500 813 572 ἀναμίξας
840 500 1122 563 ἀπόνοιαν,
1154 497 1336 550 ἐλάλει
1365 494 1464 567 μὲν
1492 495 1572 558 εἰς
1603 494 1735 564 ὕψος
1759 494 1867 546 ἀνο-

1985 506 2203 556 perans,
2239 489 2585 560 iniquitatem
2619 490 2673 544 in
2707 490 2942 548 sublime
2995 491 3322 565 loquebatur
3354 515 3369 564 ;
3398 507 3453 552 et
3483 501 3564 554 cio

281 597 399 666 μίαν
427 593 526 646 τὸν
553 593 799 647 παλαιόν
822 594 1032 645 ἐκεῖνον
1065 589 1351 660 Ῥαψάκην
1376 587 1874 658 ὑπερϐαλλόμενος

274 689 362 757 τὴν
391 686 560 738 πόλιν
609 685 670 738 δὲ
723 682 892 748 Θεοῦ,
921 682 1024 754 τὴν
1068 681 1398 752 Ἐκκλησίαν
1445 681 1611 751 φημὶ,
1659 681 1879 745 πολλοῖς

273 776 593 832 κατασείειν
615 776 907 846 ἐπεχείρει
938 777 1051 837 τοῖς
1076 778 1455 845 μηχανήμασι.
1487 773 1740 827 Πολιτεία
1777 773 1877 843 μὲν

270 863 357 920 ὧν
391 864 567 928 εὐθὺς
597 865 801 919 ἅπασα
831 865 911 932 τῷ
940 866 1040 936 τῆς
1063 867 1274 919 ἐκείνου
1301 864 1421 936 βίας
1459 864 1719 933 ἐναυάγει
1748 863 1878 918 κλύν

269 961 411 1022 deum,
450 958 590 1028 μηδ’
631 957 924 1027 ἀντισχεῖν
971 957 1382 1029 ὲγχειρήσασαο
1410 957 1460 1009 οί
1506 956 1564 1008 δὲ
1621 957 1700 1029 τῷ
1753 955 1876 1026 ὕψει

270 1052 374 1104 τῶν
421 1050 652 1121 ἀρετῶν
691 1048 1173 1122 χειραγωγοῦντες
1209 1050 1336 1112 τοὺς
1384 1048 1580 1112 ἀλλους
1629 1049 1766 1118 πρὸς
1806 1047 1876 1101 τὰ

271 1144 515 1214 οὐράνια,
575 1145 702 1205 τοῖς
753 1144 854 1213 τῆς
905 1141 1175 1213 πονηρίας
1223 1141 1431 1196 ἐκείνου
1482 1140 1876 1212 παρεσύρησαν

275 1237 500 1307 κύμασι,
536 1238 592 1289 εί
620 1237 726 1290 καὶ
752 1236 1094 1307 μεταμελείᾳ
1117 1235 1218 1304 τὴν
1243 1230 1414 1306 ἧτταν
1442 1231 1840 1286 ἀνεκαλέσαντο
1858 1248 1872 1263 ·

281 1328 401 1381 οίδὲ
429 1327 544 1380 τῶν
605 1327 712 1380 ἐπὶ
744 1327 855 1397 γῆς
909 1329 1002 1380 καὶ
1053 1327 1266 1380 ἑαυτῶν
1315 1325 1735 1396 ἀφειδήσαντες,
1783 1322 1877 1377 καὶ

287 1420 478 1490 ορενῶν
504 1420 785 1490 ἀγχινοίᾳ
816 1419 918 1491 τὴν
953 1419 1219 1491 πονηρίαν
1255 1418 1668 1489 ὲκνικήσαντες,
1700 1416 1749 1469 οἱ
1776 1416 1876 1486 μὲν

283 1510 410 1580 λιμῷ
456 1509 986 1581 προσεκαρτέρουν,
1029 1512 1077 1563 οἱ
1106 1510 1162 1563 δὲ
1207 1508 1429 1580 μάστιξι
1472 1507 1715 1578 ἀνηλεῶς
1747 1507 1876 1579 ῂκίο

277 1603 445 1667 ζοντο,
483 1601 598 1656 ἐσθ’
626 1603 724 1655 ὅτε
751 1602 853 1654 καὶ
879 1602 1036 1654 νυκτὶ
1075 1599 1316 1674 θαλάττῃ
1346 1599 1875 1672 παραπεμπόμενοι.

348 1695 478 1748 Τότε
512 1694 600 1765 δὴ,
655 1693 786 1747 τότε
819 1693 959 1763 πρὸς
1000 1693 1156 1746 πόλιν
1189 1693 1435 1747 καλεῖται
1461 1692 1561 1746 καὶ⁵
1603 1692 1632 1744 ό
1663 1691 1876 1762 θαυμά-

1977 584 2203 638 vitatem
2237 583 2354 649 Dei,
2385 600 2507 654 quae
2533 597 2618 639 εει
2650 582 2912 652 Ecclesia,
2939 588 3127 644 multis
3148 590 3564 647 machinamen-

1979 677 2050 732 tis
2103 676 2357 747 dolisque
2422 688 2721 736 concutere
2767 681 3044 736 studebat.
3116 682 3315 738 Statim
3375 685 3564 755 itaque

1978 771 2158 826 omnis
2205 788 2292 828 res
2321 772 2538 842 publica
2572 773 2720 830 illius
2751 774 3024 831 violentia:
3053 776 3295 846 procella
3327 781 3562 834 naufra-

1979 865 2126 934 gium
2152 863 2353 928 facere,
2390 881 2513 921 cum
2540 882 2610 921 ne
2641 868 2814 922 obniti
2849 869 3069 938 quidem
3109 880 3421 926 conaretur.
3456 872 3561 938 Qui

1977 955 2240 1010 virtutum
2266 973 2376 1025 quo
2402 959 2947 1026 praestabantmento
2973 960 3200 1031 reliquis
3230 962 3296 1017 ad
3319 948 3562 1018 ccelestia

1978 1047 2144 1106 duces
2197 1058 2375 1114 erant,
2427 1049 2576 1104 illius
2623 1051 2882 1120 nequitia
2927 1053 3185 1108 lluetibus
3239 1069 3400 1110 secus
3449 1057 3570 1125 agi,

1977 1147 2212 1208 astuque
2240 1139 2442 1208 decipi,
2480 1140 2694 1195 tametsi
2726 1143 3060 1210 paenitentia:
3089 1145 3331 1199 remedio
3357 1160 3560 1199 noxam

1977 1231 2336 1286 resarcivere.
2390 1229 2493 1298 Qui
2539 1239 2724 1288 autem
2761 1248 2852 1288 res
2883 1241 3149 1297 terrenas,
3191 1251 3359 1304 seque
3410 1239 3561 1306 ipsos

1977 1333 2397 1379 contemnentes
2436 1324 2636 1379 mentis
2665 1325 2890 1380 solertia
2929 1327 3108 1382 scelus
3138 1328 3402 1393 vicerant,
3445 1345 3555 1399 qua

1978 1415 2123 1470 fame
2163 1413 2612 1481 conficiebantur,
2663 1430 2770 1484 qua
2820 1416 3137 1471 verberibus
3177 1415 3296 1471 dire
3359 1419 3560 1472 exerui-

1978 1508 2270 1564 ciabantur
2302 1524 2316 1560 :
2353 1521 2750 1577 nonnunquam
2784 1507 2949 1562 etiam
2983 1517 3145 1562 noctu
3183 1489 3559 1577 conjicieban-

1977 1609 2068 1656 tur
2108 1600 2162 1655 in
2191 1614 2365 1655 mare.

2047 1695 2202 1750 Tunc
2227 1694 2414 1764 igitur,
2448 1704 2577 1748 tunc
2608 1693 2674 1748 ad
2699 1705 2974 1750 certamen
3015 1703 3243 1750 vocatur
3269 1695 3430 1750 etiam
3474 1697 3559 1751 vir

291 1803 419 1849 σιος,
453 1787 512 1838 οὑ
556 1788 868 1856 τυραννικῇ
904 1786 999 1837 καὶ
1042 1783 1196 1855 βιαία
1245 1783 1411 1855 χειρὶ,
1440 1784 1578 1837 ἀλλά
1609 1784 1867 1848 θωπείαις

1977 1787 2359 1852 admirandus,
2416 1803 2526 1840 non
2579 1788 2798 1856 quidem
2857 1803 3019 1842 manu
3079 1789 3378 1859 tyrannica,
3412 1798 3559 1844 etut

292 1880 405 1940 ταῖς
429 1878 485 1941 ἐξ
505 1879 662 1941 ἔθους
713 1875 879 1946 δῆθεν
912 1875 1419 1947 ἐκμαλασσόμενος.
1457 1875 1595 1929 Κατ’
1622 1875 1867 1946 ἐχθρῶν,

1980 1879 2128 1932 illata
2159 1878 2208 1932 vi
2247 1878 2552 1932 adducatur
2581 1895 2596 1940 ;
2628 1881 2721 1933 sed
2756 1886 2813 1932 ut
2840 1887 3070 1949 tyranno
3096 1857 3380 1936 consuetis
3405 1881 3560 1935 blan-

302 1972 478 2039 φτρὶν,
519 1968 842 2040 ἐκστρατεία
899 1985 994 2038 μοι
1058 1968 1308 2041 παρέστη
1340 1968 1406 2038 ⁸⁸,
1438 1969 1535 2024 καί⁸
1584 1970 1704 2025 δέον
1747 1973 1868 2036 ταῖς

314 2063 491 2131 εὑχαῖς
518 2061 941 2115 καθοπλισθέντα
964 2061 1256 2133 πρότερον,
1281 2061 1424 2116 οὕτω
1460 2063 1730 2134 συμμῖξαι
1758 2067 1871 2126 τοῖς

323 2152 609 2222 πολεμίοις.
657 2153 713 2206 Ὀ
737 2153 783 2206 δὲ
809 2153 874 2206 τὸ
921 2152 1035 2206 τῶν
1072 2154 1294 2223 τρόπων
1332 2153 1604 2225 κακόηθες
1644 2155 1870 2209 ἐπιστά-

311 2259 482 2311 μενος,
512 2239 683 2315 νεςρῷ
719 2242 1068 2315 πολυχρονίῳ
1116 2244 1213 2297 καὶ
1242 2243 1504 2315 δυσουρίᾳ
1537 2244 1871 2315 τρυχόμενος

297 2332 515 2403 (ὄργανα
561 2333 666 2404 γὰρ
719 2334 808 2388 διὰ
842 2334 940 2389 τοῦ
985 2333 1221 2404 φυσικοῦ
1267 2336 1540 2407 ὑπονόμου
1581 2339 1646 2406 τῇ
1693 2336 1867 2408 κύστῃ

295 2429 805 2499 παραπεμπόμενα,
848 2431 946 2484 καὶ
995 2429 1127 2493 τοὺς
1180 2429 1539 2501 ἐγκειμένους
1584 2431 1644 2483 ὲν
1694 2429 1868 2503 ταύτῃ

285 2519 680 2588 διαθρύπτοντα
709 2519 918 2585 λίθους,
959 2521 1072 2584 τοῖς
1095 2520 1254 2584 em;
1285 2521 1730 2591 παρεπέμποντο,
1766 2521 1867 2591 τὴν

280 2612 451 2677 ἔξοδον
482 2612 562 2683 τῷ
607 2612 771 2683 ὑγρῷ
807 2611 1212 2684 περιττώματι,
1245 2612 1320 2676 ὡς
1362 2613 1607 2678 δυνατὸν,
1656 2613 1868 2666 ἀκώλυ-

274 2721 362 2755 τον
413 2703 803 2774 μηχανώμενοι
840 2706 908 2774 ⁶⁹)
935 2719 947 2733 ·
992 2704 1204 2769 τούτοις
1246 2699 1338 2759 οὖν
1398 2706 1730 2776 τρυχόμενος
1773 2708 1870 2762 καὶ

269 2795 536 2866 κλινήρης
564 2796 659 2849 δια
681 2795 803 2866 βίου
833 2797 1098 2868 ὑπάρχων
1121 2799 1332 2868 ἀκατίῳ
1372 2799 1704 2869 περαιωθεὶς
1731 2800 1868 2870 πρὸς

268 2888 362 2958 τὴν
397 2887 665 2956 βασιλίδα
697 2889 860 2942 πόλιν
913 2889 1396 2962 ἐγκαθορμίζεται.
1424 2890 1597 2944 Τοῦτο
1638 2892 1704 2960 δὴ
1757 2909 1866 2962 μα-

273 2975 372 3029 θὼν
405 2978 434 3030 ό
456 2977 789 3046 ἐξάγιστος,
818 2979 998 3032 τοιάδε
1027 2980 1205 3053 τούτῳ
1232 2983 1320 3036 διά
1349 3001 1494 3046 τινος
1525 2983 1634 3036 τῶν
1667 2984 1866 3037 οἰκειο-

268 3071 439 3122 τάτων
458 3069 621 3139 δηλοῖ
638 3069 745 3142 (είς
771 3069 894 3140 ὄψιν
921 3070 1029 3143 γὰρ
1048 3074 1299 3143 ἀγαγεῖν,
1330 3074 1389 3127 τὸ
1409 3074 1656 3146 στερρὸν,
1684 3070 1862 3145 οἴμαι,

265 3159 354 3212 τοῦ
378 3161 579 3229 ἀνδρὸς
611 3160 1100 3233 διενθυμούμενος,
1126 3164 1386 3236 ἠρυθρία)
1410 3183 1424 3196 ·
1459 3167 1520 3219 Ei
1546 3167 1646 3236 μὲν
1673 3167 1864 3237 πειθή-

265 3265 375 3312 νιος
419 3250 586 3319 ἥκεις
615 3253 743 3314 ταῖς
791 3253 952 3322 ἐμαῖς
996 3255 1232 3319 ἱκεσίαις
1283 3255 1548 3328 (χρηστὰς
1597 3258 1705 3328 γὰρ
1738 3259 1868 3329 ἡμῖν

266 3343 490 3404 ἐλπίδας
535 3346 600 3395 τὸ
638 3343 736 3396 σὸν
765 3344 1036 3416 προσηνὲς
1085 3346 1404 3419 ἐντίθησιν),
1448 3347 1556 3401 ἴσθι
1595 3349 1868 3404 τοσούτων

267 3434 718 3488 κατα-,τολαύσων
743 3435 792 3467 ⁷ο
821 3436 1018 3502 καλῶν,
1043 3438 1167 3491 ὅσον
1193 3439 1336 3502 είκὺς
1359 3439 1724 3494 ὲπαπολαύειν
1743 3443 1869 3506 τοὺς

269 3526 365 3594 τῆς
384 3527 598 3589 οἰκείας
621 3527 960 3596 φιλονεικίας
993 3527 1278 3600 βασιλικὴν
1313 3529 1621 3602 συμϐουλὴν
1642 3533 1734 3585 καὶ
1763 3549 1870 3587 πα-

274 3617 537 3688 ράκλησιν
563 3619 928 3688 ποιουμένους
951 3619 1285 3691 ἐπίπροσθεν
1308 3637 1324 3652 ⁶
1355 3622 1454 3692 τῆς
1487 3639 1546 3674 τε
1578 3624 1678 3693 σῆς
1697 3624 1868 3694 μονῆς

275 3709 546 3772 πανπίοις
595 3709 968 3780 ἑξαιρομένης
1017 3712 1342 3781 χαρίσμασι,
1381 3715 1474 3766 καὶ
1517 3714 1626 3767 τῶν
1669 3732 1867 3784 συγγε-

281 3795 384 3847 νῶν
409 3797 576 3869 τιμῆς
617 3799 895 3870 μεγίστης
927 3799 1023 3852 καὶ
1064 3801 1384 3872 παῤῥησίας
1416 3803 1756 3874 ἠξιωμένων,
1801 3805 1866 3859 τὰ

295 3889 464 3956 πρῶτα
487 3891 597 3960 τῆς
651 3891 800 3962 ἐμῆς
844 3891 1028 3960 φιλίας
1073 3891 1244 3956 οἴσεις
1293 3893 1388 3947 καὶ
1435 3897 1781 3967 παρρησίας·
1815 3898 1866 3951 εί

282 3978 351 4046 ἐξ,
376 3980 402 4034 ὅ
443 3982 585 4052 μηδὲ
620 3981 954 4050 λογίσασθαι
991 3983 1171 4056 θέμις,
1219 3985 1322 4057 τὴν
1361 3989 1570 4041 οἰκείαν
1604 3991 1720 4056 ἔριν
1766 3992 1866 4058 τῆς

276 4073 406 4143 ἐμῆς
441 4073 664 4138 ἱκεσίας
701 4075 1206 4146 προτιμησάμενος,
1258 4079 1574 4152 ὑπερόπτης
1615 4083 1715 4150 μὲν
1764 4083 1866 4155 τῆς

273 4165 407 4236 ἐμῆς
437 4165 768 4237 συμϐουλῆς
802 4168 870 4232 ⁷¹,
904 4169 1219 4240 ὑπερόπτης
1265 4173 1322 4225 δὲ
1352 4173 1460 4226 τῶν
1507 4175 1862 4246 προτεινομέ-

269 4276 372 4311 νων
405 4260 620 4332 γενήσῃ
652 4259 862 4324 καλῶν,
899 4259 1046 4314 ἄκων
1071 4261 1516 4334 διαπραξάμενος
1546 4268 1691 4337 ἅπερ
1723 4266 1865 4322 ἑκὼν

267 4351 325 4402 οὗ
342 4350 555 4420 βούλει,
579 4351 768 4422 σαυτῷ
787 4352 1053 4424 μεγίστης
1077 4353 1340 4426 αἰσχύνης
1368 4356 1463 4409 καὶ
1478 4354 1798 4423 δυσὸουλίας
1816 4360 1864 4391 ⁷⁸

267 4440 364 4513 ἔσῃ
396 4441 726 4511 παραίτιος.

365 4651 408 4703 0
454 4651 516 4705 δὲ
571 4650 854 4718 θειότατος
907 4653 1006 4725 τῆς
1061 4653 1321 4724 εὐηθείας
1385 4653 1494 4709 τῶν
1549 4654 1860 4725 λεγομένων

1978 1971 2126 2026 ditiis
2165 1984 2228 2024 ac
2253 1970 2392 2024 dolis
2422 1969 2490 2024 ad
2530 1969 2634 2024 iter
2670 1969 2985 2024 inducatur.
3010 1971 3291 2026 Adversus
3335 1971 3550 2039 hostes,

1977 2063 2180 2125 aiebat,
2215 2061 2340 2116 belli
2374 2061 2506 2115 mihi
2566 2061 2740 2116 moles
2774 2061 3045 2116 incumbit
3079 2080 3091 2117 :
3123 2063 3218 2117 sed
3259 2072 3554 2133 antequam

1979 2168 2171 2208 manus
2191 2169 2314 2208 cum
2346 2153 2452 2208 illis
2479 2167 2788 2219 conseram,
2842 2169 3064 2223 precum
3109 2161 3327 2209 tuarum
3364 2155 3558 2225 praesi-

1977 2240 2064 2296 dio
2097 2239 2312 2294 muniar
2336 2255 2562 2295 necesse
2583 2248 2687 2295 est.
2709 2239 3072 2310 Theophanes
3102 2254 3308 2308 autem,
3338 2243 3555 2314 cognita

1978 2330 2216 2386 hominis
2252 2332 2482 2396 malitia,
2515 2332 2769 2400 quamvis
2810 2347 3006 2386 renum
3028 2342 3082 2388 et
3110 2335 3284 2389 urinae
3321 2335 3556 2391 difficul-

1979 2433 2089 2480 tate
2147 2425 2420 2480 laboraret
2454 2422 2874 2495 (instrumentis
2917 2425 3062 2481 enim
3100 2442 3196 2496 per
3249 2429 3553 2485 naturalem

1975 2515 2287 2572 cuniculum
2322 2515 2374 2568 in
2399 2516 2639 2569 vesicam
2692 2515 2972 2583 admissis,
2999 2533 3120 2587 quae
3166 2519 3372 2587 lapides
3417 2521 3556 2577 insi—

1976 2619 2060 2665 tos
2149 2607 2550 2674 commolirent,
2610 2608 2855 2664 humidis
2915 2613 3278 2667 excrementis
3344 2616 3552 2669 exitum

1974 2702 2391 2773 praebebat)ae
2440 2717 2562 2756 cum
2615 2701 2869 2757 maximis
2918 2703 3181 2758 molestiis
3237 2715 3550 2771 vexaretur,

1974 2793 2140 2862 inque
2181 2792 2380 2848 lectulo
2419 2800 2661 2865 trgi-olus
2696 2792 2915 2848 assidue
2947 2792 3318 2860 deeumberet,
3347 2797 3552 2866 scapha

1975 2894 2157 2938 tamen
2186 2885 2252 2938 ad
2287 2884 2477 2938 urbem
2523 2885 2731 2952 regiam
2786 2885 3023 2954 trajecit.
3065 2885 3219 2951 Quod
3265 2901 3390 2942 cum
3433 2904 3554 2944 sce-

1971 2976 2306 3032 lestissimus
2338 2976 2428 3030 ille
2476 2975 2853 3043 intellexisset,
2887 2978 3065 3032 sancti
3123 2978 3230 3033 viri
3261 2989 3546 3049 aspectum

1973 3068 2138 3138 (ejus
2180 3077 2312 3138 puto
2347 3068 2711 3123 constantiam
2756 3069 2942 3123 animo
2984 3072 3288 3140 reputans)
3322 3073 3550 3139 veritus,

1974 3177 2069 3231 per
2101 3176 2269 3214 unum
2298 3161 2538 3230 aliquem
2573 3161 2828 3215 maximas
2860 3161 3003 3215 inter
3034 3163 3180 3218 illius
3221 3163 3553 3221 domesticos

1976 3254 2122 3318 fidei,
2161 3253 2276 3307 haec
2313 3252 2391 3306 illi
2427 3251 2744 3322 signiﬁcat:
2785 3253 2842 3307 Si
2885 3253 3106 3319 venisti,
3143 3263 3204 3309 ut
3246 3256 3381 3310 mihi
3429 3273 3552 3313 tuo-

1971 3363 2088 3401 rem
2127 3363 2286 3418 geras
2314 3347 2564 3418 (morum
2591 3346 2739 3401 enim
2773 3363 2881 3416 qua
2920 3348 3183 3418 prazditus
3233 3364 3293 3404 es
3327 3350 3551 3418 lenitas,

1974 3447 2031 3492 ut
2060 3438 2128 3491 de
2164 3450 2216 3491 te
2256 3437 2306 3490 id
2335 3452 2570 3507 sperem,
2605 3435 2765 3491 facile
2795 3437 3034 3508 suadet),
3055 3439 3172 3494 scio
3206 3449 3317 3494 tam
3365 3441 3554 3498 multis

1972 3541 2024 3585 te
2049 3529 2206 3584 bonis
2252 3529 2568 3592 fruiturum,
2603 3543 2770 3599 quam
2805 3529 2992 3584 multis
3025 3544 3123 3584 eos
3157 3530 3264 3584 frui
3312 3547 3410 3601 par
3441 3543 3549 3594 est,

1969 3622 2062 3692 qui
2113 3621 2350 3690 propriae
2401 3621 2669 3675 voluntati
2714 3621 3063 3690 imperatoris
3115 3621 3449 3676 voluntatem
3497 3633 3552 3678 et

1969 3712 2262 3769 consilium
2316 3723 2706 3782 anteponunt:
2758 3720 2985 3780 tumque
3047 3714 3387 3768 monasterio
3453 3723 3548 3769 tuo

1969 3806 2150 3860 omnis
2186 3805 2403 3875 generis
2439 3805 2764 3859 muneribus
2807 3812 2992 3869 aucto,
3054 3813 3166 3859 tum
3222 3807 3551 3877 propinquis

1969 3895 2079 3951 tuis
2126 3894 2382 3949 maximis
2430 3893 2790 3963 dignitatibus
2854 3894 3152 3966 favoreque
3211 3899 3362 3966 regio
3417 3913 3550 3953 con-

1966 3984 2263 4049 decoratis,
2315 3984 2522 4054 primas
2557 3983 2703 4054 apud
2738 4001 2824 4040 me
2858 3970 3116 4040 amicitiae
3147 4002 3214 4042 ac
3242 3989 3547 4044 auctorita-

1966 4076 2037 4133 tis
2063 4085 2248 4148 partes
2293 4077 2410 4147 ipse
2436 4079 2814 4148 consequeris.
2848 4075 2970 4142 Sin,
3007 4078 3154 4147 quod
3189 4079 3277 4133 vix
3307 4080 3550 4151 cogitare

1969 4167 2054 4224 fas
2097 4179 2204 4234 est,
2241 4169 2514 4239 pervicaci
2561 4171 2749 4224 animo
2799 4181 2892 4226 tuo
2922 4186 3113 4241 preces
3137 4186 3288 4228 meas
3321 4173 3548 4243 postha-

1965 4259 2174 4328 buerls,
2207 4269 2260 4314 et
2300 4261 2596 4315 consilium
2634 4276 2817 4316 meum
2847 4260 3175 4331 neglexeris,
3207 4277 3274 4316 ac
3299 4279 3422 4333 quae
3447 4265 3548 4319 tibi

1967 4362 2372 4424 proponuntur,
2413 4354 2557 4409 bona
2591 4351 2766 4408 fueris
2820 4362 3169 4425 aspernatus,
3225 4354 3431 4410 invitus
3466 4357 3550 4411 fa-

1965 4443 2137 4510 ciens,
2169 4461 2292 4515 quae
2318 4445 2508 4500 volens
2540 4460 2788 4507 recusas,
2821 4446 3046 4500 maximi
3097 4446 3193 4500 tibi
3225 4447 3341 4516 ipse
3383 4447 3549 4504 dede-

1889 4554 1936 4610 ι)
1964 4537 2110 4592 coris
2135 4553 2198 4592 ac
2224 4537 2554 4592 calamitatis
2586 4546 2778 4592 auctor
2812 4537 3064 4592 exsistes.

2030 4647 2111 4703 Ad
2145 4647 2262 4702 haec
2290 4648 2372 4700 vir
2397 4647 2642 4714 divinus,
2675 4657 2960 4718 perspecta
2989 4647 3260 4704 dictorum
3289 4650 3545 4713 stultitia,

269 4739 692 4810 ικμυκτηρίσας
741 4741 834 4794 τὸν
863 4743 1148 4813 εἰρηκότα,
1202 4743 1436 4796 τοιοῖσδε
1482 4742 1662 4813 λόγοις
1699 4743 1861 4814 ἀμεί-

1974 4750 2352 4810 luctoremque
2390 4738 2651 4804 irridens,
2707 4738 2784 4792 ita
2839 4739 3034 4794 nuntio
3075 4741 3548 4811 respondetzEgo

273 4832 423 4886 ὕεται
445 4833 543 4886 τὸν
570 4835 903 4904 πεπομφὸτα
919 4852 933 4866 ·
960 4835 1275 4907 Χρημάτων
1296 4836 1394 4907 μὲν
1416 4835 1511 4890 καὶ
1538 4838 1856 4907 κτημάτων,

274 4926 366 4979 καὶ
392 4927 491 4980 ὅσα
531 4925 636 4996 τῆς
668 4927 954 4997 παρούσης
986 4929 1103 4980 ἐστὶ
1148 4928 1289 4982 καλὰ
1325 4927 1529 4999 βιοτῆς,
1559 4927 1769 4992 οὑδενὺς
1799 4929 1858 4982 ὲν

275 5019 424 5089 χρεία
473 5017 837 5089 καθέστηκα·
883 5019 918 5073 ἂ
948 5020 996 5052 ⁷³
1053 5020 1161 5092 γάρ
1221 5021 1430 5086 νεάζων
1475 5022 1857 5092 ἀπεσεισάμην

276 5107 575 5178 δυνάμενος
638 5108 911 5179 χρῆσθαι,
986 5111 1064 5182 τῷ
1128 5111 1367 5183 Χριστοῦ
1439 5112 1857 5184 κεκρατημένος

278 5199 446 5270 ἔρωτι,
489 5201 616 5264 πῶς
651 5201 719 5255 ἂν
746 5203 973 5274 γηραιὸς
1000 5203 1086 5257 ἐπ’
1112 5203 1367 5276 ἁθετήσει
1391 5203 1487 5258 τοῦ
1519 5203 1855 5277 ποθουμένου

278 5293 677 5365 τρωδέξομαις
725 5295 818 5349 καὶ
843 5295 1016 5350 ταῦτα
1057 5296 1167 5350 τῶν
1209 5297 1577 5369 ἐπικειμένων
1609 5298 1855 5370 νοσημά-

270 5402 369 5437 των
397 5388 478 5458 τῷ
539 5385 759 5458 σώματι
790 5391 1012 5459 ταχεῖαν
1049 5390 1364 5462 μηνυόντων
1404 5389 1505 5462 τὴν
1555 5390 1732 5456 ἔξοδον
1763 5391 1857 5445 καὶ⁸

265 5477 364 5546 τὴν
402 5478 608 5547 κτῆσιν
640 5477 847 5533 τούτων
888 5481 1125 5550 ματαίαν
1167 5482 1649 5551 ὑπεμφαινόντωψ
1686 5484 1855 5555 μονῆς

264 5567 316 5618 ἰὲ
344 5570 442 5621 καὶ
495 5571 782 5640 συγγενῶν
823 5571 942 5644 Θεῷ
983 5572 1232 5644 μελήσει,
1270 5567 1316 5645 ᾧ
1365 5575 1459 5628 καὶ
1506 5575 1856 5648 παρατίθημι

1964 4849 2066 4890 nec
2090 4832 2362 4904 pecuniis,
2385 4847 2486 4887 nec
2509 4832 2987 4902 possessionibus,
3015 4841 3112 4889 aut
3131 4835 3259 4891 ullis
3277 4835 3402 4891 aliis
3425 4837 3548 4891 vitae

1964 4927 2130 4998 hujus
2157 4925 2320 4982 bouis
2350 4925 2591 4996 indigeo.
2615 4925 2749 4992 Quae
2778 4926 2924 4981 enim
2952 4927 3298 4992 adolescens,
3322 4944 3446 4984 cum
3480 4929 3549 4984 iis

1966 5019 2075 5075 frui
2111 5035 2352 5092 possem,
2377 5035 2566 5076 amore
2587 5021 2794 5077 Christi
2829 5021 3204 5080 inflammatus
3233 5023 3544 5094 repudiari,

1965 5129 2027 5169 ea
2059 5114 2173 5185 jam
2207 5129 2374 5170 senex
2419 5115 2698 5184 quomodo
2738 5115 3099 5185 complectar,
3135 5131 3198 5171 ac
3235 5131 3359 5171 eum
3387 5115 3547 5184 cujus

1964 5206 2242 5264 desiderio
2266 5215 2479 5271 teneor,
2503 5217 2852 5262 contemnam
2879 5207 3226 5277 ipraasertim
3259 5220 3384 5260 cum
3419 5220 3547 5260 cor-

1965 5316 2068 5372 pus
2120 5301 2327 5356 morbis
2385 5299 2696 5356 confectum
2741 5300 2832 5365 sit,
2888 5307 2948 5354 ut
2998 5299 3122 5353 vita:
3176 5297 3299 5352 finis
3355 5297 3546 5368 procul

1964 5392 2157 5447 abesse
2200 5407 2310 5447 non
2365 5391 2565 5460 possit,
2612 5401 2666 5446 et
2724 5389 2840 5444 haec
2892 5388 3076 5443 inania
3131 5402 3254 5444 esse
3305 5397 3544 5444 constet.

1963 5482 2120 5550 Quod
2153 5490 2335 5536 autem
2389 5481 2457 5538 ad
2501 5479 2898 5535 monasterium
2939 5479 3388 5550 propinquosque
3418 5495 3546 5549 per-

1964 5576 2119 5642 tinet,
2146 5575 2198 5630 id
2228 5573 2336 5629 Deo
2376 5572 2480 5629 erit
2522 5586 2689 5637 curae,
2737 5571 2826 5628 cui
2866 5581 3128 5642 utrosque
3166 5571 3491 5626 commendo
3526 5585 3543 5624 :

1632 5695 1862 5752 VARUE
1901 5692 2309 5752 LECTIONES.

357 5783 404 5853 5‘
428 5783 677 5853 παρίστη
711 5783 836 5853 ΡΜ.

342 5786 406 5872 .".
423 5786 836 5872 τερὶςῖηεπ·
943 5786 990 5819 ⁶⁹
1025 5789 1392 5862 μηκανδμενοι
1436 5787 1561 5844 9‘"-

271 5851 308 5884 "
338 5851 764 5924 legebaturio‘ﬁ.

1661 5790 1704 5821 ⁷⁰
1748 5788 2143 5845 καταπολαύων
2195 5789 2322 5844 Par.

2427 5786 2468 5818 ⁷⁸
2514 5782 2680 5857 βούλῃ
2709 5783 2830 5840 Par.
2945 5783 2988 5815 7'
3015 5779 3362 5843 δυσϐουλείας
3415 5777 3541 5833 Par.
