3926 6468
393 399 465 460 39
1679 391 1995 453 THEOPH

2104 390 2188 449 'lS
2226 388 2424 451 VITA.
3608 387 3682 450 40

398 524 455 570 et
478 514 683 585 quibus
721 513 867 569 Deus
893 513 1114 574 melius.
1146 526 1312 584 quam
1341 511 1706 581 imperatores
1746 515 1800 562 et
1833 507 1985 577 prino

2104 503 2336 567 ιούτους,
2375 499 2456 572 τῷ
2485 498 2814 571 κρειττόνως
2843 497 3162 569 ἐπικουρεῖν
3184 495 3472 571 δυναμένῳ
3510 499 3544 571 ἢ
3578 500 3682 570 βα-

396 606 572 676 eipes,
619 604 910 661 consulere
955 613 1157 676 potest.
1203 601 1362 671 Quod
1405 602 1474 668 si,
1512 597 1981 670 quemadmodum

397 711 602 768 pueros
622 712 816 768 parum
851 712 1153 768 generosos
1182 695 1432 766 magistri
1457 694 1679 768 scutica
1709 699 1984 763 perterre-

398 765 641 852 iaciunt,
664 786 742 842 ita
785 765 975 843 ιιι-ωε
1003 786 1202 841 morbo
1229 765 1300 841 et,
1327 765 1615 841 senectute
1644 779 1980 844 confectum,

402 879 572 934 minis
614 879 865 935 territum
905 879 971 933 iri
1011 891 1227 949 speras,
1265 892 1433 949 rogus
1475 876 1828 939 accendatur,
1866 882 1984 928 tor-

399 981 588 1026 menta
620 980 900 1040 parentur,
943 978 998 1024 et
1037 968 1224 1024 omnia
1252 968 1598 1024 cruciatuum
1633 980 1856 1038 genera,
1890 979 1986 1019 ea-

401 1076 513 1131 que
557 1060 852 1130 ejusmodi,
897 1069 959 1114 ut
989 1058 1103 1113 vim
1132 1073 1354 1114 omnem
1386 1057 1654 1128 propositi
1698 1064 1983 1126 superent,

402 1150 848 1218 artiﬁciososque
895 1156 1126 1204 cunctos
1160 1149 1354 1204 modos
1395 1148 1663 1203 excedant
1695 1164 1710 1215 ;
1742 1157 1801 1201 ut
1840 1145 1989 1201 scias

400 1242 743 1314 planissime,
780 1241 989 1297 Christi
1019 1243 1287 1297 virtutem
1312 1241 1367 1295 in
1397 1241 1534 1296 meis
1563 1240 1987 1296 inﬁrmitatibus

400 1333 612 1404 perlici.
654 1334 773 1403 Ego
802 1335 895 1403 qui
932 1334 987 1388 in
1021 1342 1164 1389 terra
1193 1332 1349 1404 gradi
1389 1348 1498 1387 non
1538 1333 1719 1399 valeo,
1771 1333 1989 1387 valetu-

402 1425 559 1480 dinis.
618 1424 947 1481 infirmitate
1000 1434 1284 1496 superata,
1339 1424 1395 1480 in
1458 1440 1651 1496 rogum
1706 1436 1990 1496 promptus

398 1517 666 1573 insiliam.
1573 1585 1581 1592 η

480 1628 578 1684 liis
604 1629 831 1694 auditis,
867 1627 1222 1697 turpissimus
1249 1628 1340 1683 ille
1361 1627 1731 1684 constantiam
1766 1629 1991 1700 quidem

406 1722 578 1776 animi
633 1722 796 1777 fortis
856 1721 1165 1776 admiratus
1224 1729 1309 1776 est
1352 1737 1366 1786 ;
1411 1721 1479 1776 de
1529 1722 1758 1778 victoria
1808 1732 1991 1777 tamen

407 1828 559 1883 spem
597 1830 705 1868 non
751 1813 973 1883 abiecit,
1020 1813 1263 1868 hominis
1291 1815 1432 1868 inter
1489 1830 1620 1870 suos
1663 1815 1804 1870 dolis
1854 1825 1994 1871 stre-

2084 595 2255 659 σιλεῖς
2283 611 2342 648 τε
2369 593 2465 647 καὶ
2488 591 2773 663 ἄρχοντες.
2804 590 2867 642 Ei
2890 589 2950 643 δὲ
2975 588 3156 653 νόσοις
3181 589 3275 643 καὶ
3308 591 3513 661 γήρατι
3537 591 3681 663 θαρ-

2088 689 2404 760 ρυνόμενος,
2437 685 2498 740 αῖ
2527 702 2597 757 με
2643 682 2741 739 νῦν
2789 683 3100 754 συνέχουσι,
3134 683 3535 754 μορμολύττεις
3558 686 3685 751 ταῖς

2085 782 2339 845 ἀπειλαῖς
2392 780 2489 834 καὶ
2535 775 2827 850 δειματοῦν
2853 775 3082 843 ἐθέλεις,
3131 775 3390 848 καθάπερ
3432 778 3684 850 σκυτάλῃ

2085 875 2156 930 τὰ
2204 877 2375 946 ἀγενῆ
2428 873 2540 928 τῶν
2596 870 2903 943 μειρακίων
2954 872 3004 924 oi
3060 869 3375 936 παιδευταί,
3423 871 3688 925 ἁπτέσθω

2089 970 2276 1040 πυρά.
2324 964 2707 1037 ἐτοιμαζέσθω
2754 963 3207 1036 στρεϐλωτήρια,
3266 963 3365 1016 καὶ
3422 963 3688 1034 πρόθεσιν

2090 1060 2313 1115 ἃπασαν
2334 1057 2665 1121 ἐκνικῶντα,
2714 1055 2811 1109 καὶ
2842 1053 3082 1124 τρόπους
3127 1052 3542 1124 μηχανημάτων
3575 1069 3689 1106 πα-

2093 1152 2457 1225 ρατρέχοντα,
2481 1151 2632 1213 ὅπως
2655 1149 2804 1220 εἰδῇς
2831 1151 2892 1202 ἐν
2916 1149 3039 1211 ταῖς
3062 1147 3225 1217 ἐμαῖς
3250 1145 3563 1210 ἀσθενείαις
3583 1144 3689 1216 τὴν

2090 1246 2185 1299 τοῦ
2213 1243 2455 1317 Χριστοῦ
2476 1243 2687 1297 τελειου
2696 1242 2866 1313 μένην
2889 1240 3212 1309 σαφέστατα
3233 1238 3485 1309 δύναμιν,
3515 1240 3691 1302 Αὐτὸς

2096 1340 2238 1413 πρὸς
2265 1338 2367 1411 τὴν
2394 1337 2575 1408 πυρὰν
2606 1334 2784 1391 ἐλθεῖν
2827 1334 3253 1404 ἐπειχθήσομαι,
3278 1334 3308 1385 ό
3352 1334 3457 1402 γῆς
3486 1330 3689 1398 ἐπιϐἧ·

2093 1448 2184 1488 ναι
2207 1434 2345 1496 ὅλως
2388 1432 2447 1485 ού
2479 1430 2802 1499 δυνάμενος,
2845 1427 2946 1499 τὴν
2990 1427 3350 1496 ἐπικειμένην
3398 1424 3691 1479 ἀσθένειαν

2095 1525 2392 1596 ἐκνικήσας
2413 1525 2481 1595 τῇ
2512 1520 2816 1593 προθυμίᾳ.

2166 1617 2356 1671 Ταῦτα
2389 1614 2579 1687 μαθὼν
2607 1615 2635 1667 ό
2657 1611 2992 1685 τρισάθλιος,
3023 1609 3344 1681 κατεπλάγη
3378 1610 3477 1682 μὲν
3500 1610 3622 1681 οῖης
3642 1610 3692 1643 ⁷⁸

2096 1708 2192 1762 τοῦ
2225 1708 2478 1777 γενναίου
2503 1704 2685 1777 ψυχῆς
2716 1703 2779 1758 τὸ
2809 1705 3152 1773 παράστημα
3172 1718 3187 1733 '
3220 1701 3284 1754 ού
3327 1702 3437 1771 μὴν
3464 1702 3691 1770 ἀπέγνω

2097 1800 2197 1871 τὴν
2226 1801 2410 1870 νίκην,
2441 1798 2521 1867 τῷ
2556 1796 2930 1866 γενναιοτάτῳ
2956 1795 3065 1846 τῶν
3114 1794 3243 1864 παρ’
3289 1793 3437 1863 αὐτῷ
3466 1793 3690 1865 θαρρῶν

409 1858 559 1883 ηρ...
598 1858 705 1868 ην..
751 1858 973 1883 --.μνη
1489 1858 1619 1870 ην-
1665 1858 1804 1870 πη..
1854 1858 1966 1871 νην

409 1906 663 1960 nuissimi
693 1904 866 1961 fretus
891 1906 1077 1960 suadas
1099 1907 1148 1959 vi
1185 1921 1200 1959 :
1227 1905 1276 1961 is
1307 1919 1505 1976 nempe
1535 1920 1825 1978 magorum
1852 1922 1992 1978 prte-

2104 1858 2367 1960 ἀθλητῶν,
2392 1858 2451 1955 ῦς
2472 1858 2761 1960 requirat;
2792 1886 2870 1957 τῷ
2896 1858 3010 1939 liv-ct
3032 1858 3516 1956 καλλωπιζόμενος
3542 1858 3692 1955 μαγ-

408 1997 607 2066 stigiis,
654 2012 721 2051 ac
763 1997 1131 2066 sophistarum
1188 1997 1532 2066 imposturis,
1566 1997 1993 2071 Graecorumque

407 2087 689 2157 auspiciis,
750 2097 917 2157 atque
972 2087 1241 2159 jecinoris
1295 2087 1755 2159 inspectionibtts,
1823 2108 1992 2165 quam

405 2180 711 2250 disciplinis
757 2180 1082 2234 instructior
1123 2188 1286 2247 erat;
1314 2196 1553 2253 cumque
1593 2185 1856 2241 miserum
1890 2187 1995 2243 bo-

408 2271 613 2326 minem
672 2273 725 2325 in
778 2272 1083 2342 impietatis
1134 2272 1460 2328 barathrum
1518 2278 1804 2343 traxisset,
1849 2280 1996 2349 apud

409 2379 534 2418 eum
572 2364 794 2418 valebat
818 2364 1140 2433 plurimum.
1176 2363 1314 2420 Huic
1356 2366 1575 2423 beatum
1612 2372 1777 2427 tradit
1816 2370 1998 2428 Theo-

408 2453 670 2524 pbanem,
702 2468 930 2524 sperans
957 2455 1109 2510 illius
1137 2456 1430 2511 verborum
1466 2460 1740 2516 lenocinio
1771 2465 1998 2520 omnino

409 2544 703 2615 deceptum
756 2546 846 2600 iri.
894 2543 1100 2601 Verum
1151 2557 1418 2619 tanquam
1464 2553 1657 2608 asinus
1710 2555 1778 2608 ad
1822 2554 1994 2627 lyram

410 2637 793 2707 deprehensus
817 2645 921 2693 est.
953 2638 1219 2693 Invictam
1245 2640 1430 2711 itaque
1454 2642 1557 2696 viri
1582 2646 1756 2699 sancti
1779 2644 1997 2702 dicendi

410 2725 717 2779 libertatem
753 2728 1136 2784 vehementius
1165 2728 1498 2795 admiratus,
1540 2746 1833 2805 antequam
1865 2752 2000 2793 con-

411 2818 754 2890 grederetur,
796 2833 855 2875 se
882 2821 1093 2876 victum
1130 2838 1255 2878 esse
1309 2824 1598 2883 confessus
1625 2837 1710 2885 est
1737 2847 1750 2884 :
1780 2833 2000 2886 nuntia-

411 2912 602 2981 vitque
644 2910 987 2981 imperatori,
1030 2928 1156 2968 eum
1184 2918 1627 2985 prmstantiorem
1656 2933 1799 2987 esse,
1833 2939 1998 2993 quam

415 3013 475 3057 ut
513 3005 789 3072 oratione,
828 3014 924 3060 aut
952 3007 1122 3062 minis
1152 3009 1281 3065 ullis
1310 3013 1559 3080 superari
1611 3023 1797 3084 posset
1826 3034 1841 3070 :
1869 3018 2000 3087 quin

409 3095 578 3150 etiam
610 3095 655 3149 si
689 3095 763 3150 ibi
796 3097 1006 3154 diutius
1050 3111 1513 3171 commoraretur,
1567 3104 1705 3169 fore,
1759 3113 1819 3162 ut
1868 3108 2004 3164 alio-

2094 1984 2341 2055 γανείαις
2371 1984 2468 2037 καὶ
2492 1983 2834 2052 σοφιστικαῖς
2867 1979 3031 2050 δῆθεν
3058 1977 3506 2033 ἐκεκαλλώπιστο
3526 1978 3576 2009 ⁷⁸
3596 1995 3691 2031 τε-

2100 2074 2368 2147 ρατείαις,
2408 2076 2532 2137 ταῖς
2578 2072 2857 2142 Ἐλλήνων
2882 2071 3305 2133 οἱωνοσκοπίαις
3345 2070 3440 2123 καὶ
3464 2072 3586 2135 ταῖς
3618 2069 3691 2123 δι’

2095 2170 2311 2241 ἥπατος
2363 2165 2648 2239 μαντείαις
2692 2165 2786 2218 ἐπὶ
2832 2164 3004 2219 πλείω
3059 2160 3602 2235 μεγαλαυχούμενος,
3652 2161 3687 2232 ἦ

2097 2262 2210 2324 τοῖς
2239 2259 2581 2331 μαθήμασιν.
2619 2253 2792 2321 υῦτος
2827 2256 2964 2328 πρὸς
3008 2255 3071 2309 τὸ
3104 2256 3204 2326 τῆς
3234 2254 3493 2318 ἀσεϐείας
3527 2253 3688 2307 ἐλκύο

2100 2368 2198 2414 σας
2223 2350 2320 2404 τδν
2366 2349 2631 2420 δύστηνον
2677 2345 2973 2418 βάραθρον,
3025 2345 3095 2398 τά
3139 2343 3334 2415 πρῶτα
3381 2342 3511 2412 παρ’
3537 2339 3684 2411 αὐτῷ

2098 2444 2197 2514 τῆς
2221 2442 2543 2504 δυναστείας
2576 2441 2864 2510 ἐκέκτητο.
2898 2436 3089 2508 Τούτῳ
3118 2436 3211 2490 τὸν
3246 2436 3517 2507 μακάριον
3545 2432 3687 2488 ἐκδί-

2098 2536 2253 2599 δωσι,
2285 2534 2493 2589 ἁλῶναι
2546 2534 2766 2595 πάντως
2802 2533 2870 2603 τῇ
2924 2531 3077 2599 ἴυγγι
3109 2530 3221 2583 τῶν
3272 2527 3467 2581 τούτου
3516 2526 3691 2594 λόγων

2099 2628 2366 2698 οίόμενος.
2411 2624 2553 2678 Ἀλλ’
2583 2625 2704 2687 δνος
2729 2622 2871 2695 ᾅδων
2896 2622 3035 2694 πρὸς
3067 2622 3238 2691 λύραν
3268 2620 3524 2694 ἡλίσκετο
3545 2636 3559 2649 ³
3597 2617 3694 2671 καὶ

2098 2724 2166 2794 τῇ
2214 2720 2415 2791 ἀμάχῳ
2455 2720 2553 2772 τοῦ
2592 2717 2785 2790 ἀνδρὸς
2833 2714 3119 2788 παρρησίᾳ
3147 2713 3256 2768 τῶν
3294 2712 3472 2780 λόγων
3522 2726 3697 2766 κατα-

2102 2815 2355 2884 πλαγεὶς,
2382 2811 2488 2884 πρὸ
2533 2810 2857 2883 συμπλοκῆς
2904 2809 3005 2880 τήν
3038 2802 3214 2880 ἧτταν
3258 2805 3558 2876 ἠσπάζετο,
3594 2805 3694 2857 καὶ

2100 2905 2178 2975 τῷ
2202 2902 2501 2975 κρατοῦντι
2529 2900 2839 2973 διήγγειλεν
2871 2900 2947 2963 ὡς
2983 2899 3256 2970 κρείττων
3288 2898 3334 2931 ⁷⁸
3367 2898 3570 2961 παντὸς
3600 2895 3693 2949 λό-

2101 3017 2202 3070 γου
2234 2999 2329 3054 καὶ
2362 2997 2605 3053 ἀπειλῶν
2633 3001 2662 3051 ὁ
2689 2997 2852 3068 ἀνὴρ,
2891 2997 2984 3049 καὶ
3019 2996 3146 3060 τοὺς
3191 2996 3293 3075 ἤδη
3326 2994 3696 3065 πεισθησομέ-

2104 3109 2231 3155 νους
2250 3093 2295 3125 ⁷⁷
2314 3091 2605 3162 ἐπιμείνας
2621 3090 2699 3160 τῷ
2719 3090 2873 3161 τόπῳ
2901 3089 3163 3158 ἀνακύψει
3184 3090 3283 3155 τῆς
3300 3089 3693 3159 ἐγχειρήσεως.

415 3199 538 3239 rum
574 3186 789 3243 animos
820 3187 876 3241 in
915 3193 1246 3247 sententiam
1279 3195 1509 3267 jamJam
1541 3213 1927 3270 concessuros,
1962 3220 1992 3258 ιι

2106 3184 2173 3239 Ὦ
2200 3182 2433 3257 γνώμης
2477 3183 2788 3255 ἀδάμαντος
2827 3182 3191 3254 στερροτέρας
3219 3183 3311 3234 καὶ
3356 3180 3691 3234 ἀνυπείκτου

412 3278 697 3348 proposito
729 3280 1083 3337 altsterreret.
1109 3281 1154 3337 Ο
1182 3297 1419 3342 mentem
1465 3288 1756 3346 adamante
1791 3290 2000 3349 lirmio-

421 3385 560 3437 rem,
599 3377 653 3425 et
686 3372 850 3429 nullis
881 3374 1166 3430 cedentem
1233 3378 1506 3435 machinis
1557 3386 2002 3455 oppugnantibus

416 3462 709 3517 veritatem
741 3464 757 3518 l
789 3463 836 3519 0
887 3467 1094 3522 amoris
1132 3468 1244 3522 vim
1299 3484 1427 3541 erga
1466 3470 1782 3529 Creatorem
1819 3475 2002 3531 incre-

410 3556 658 3619 dibilem,
720 3571 847 3625 quas
908 3559 1096 3614 nullis
1133 3560 1258 3615 vita:
1314 3565 1713 3621 tentationihus
1776 3554 2003 3624 dissolvi

409 3648 618 3719 potuit!
642 3648 914 3704 Craterum
934 3650 1004 3705 ab
1024 3649 1439 3722 impugnatione
1464 3670 1571 3710 non
1599 3657 1808 3712 destitit
1834 3658 2001 3717 homo

411 3742 697 3811 tyrannica
744 3742 941 3813 plenus
990 3743 1361 3801 credulitate:
1395 3747 1490 3802 sed
1525 3748 1703 3804 virum
1749 3761 2000 3808 sanctum

414 3834 471 3887 in
505 3833 806 3889 Eleutherii
834 3835 1043 3905 palatio
1074 3837 1274 3893 includi
1315 3838 1784 3908 jubet,tadltibitis
1813 3854 2003 3901 custo-

419 3923 606 3989 dibus,
643 3939 710 3980 ne
743 3926 867 3994 quis
901 3926 1242 3982 humanitate
1267 3929 1487 3999 ductus,
1514 3932 1562 3985 ei
1593 3943 1814 4004 propter
1841 3934 2005 3992 Chri-

417 4025 564 4070 stum
604 4015 830 4086 patienti
861 4020 1295 4075 consolationem
1328 4022 1495 4076 ullam
1525 4023 1765 4084 all‘erret.
1814 4026 2007 4099 Itaque

416 4120 624 4177 corpus
675 4108 796 4177 ejus
836 4107 1100 4165 diuturna
1155 4111 1304 4168 fame
1354 4113 1690 4184 confectum,
1736 4120 2007 4189 paulatim

418 4197 733 4254 tabescebat
774 4216 789 4265 ;
824 4200 1119 4270 ipsumque
1181 4201 1289 4257 hoc
1341 4202 1657 4261 detrimenti
1707 4207 1826 4264 loco
1866 4219 2006 4278 erat,

418 4290 567 4360 quod
612 4306 720 4345 non
769 4292 876 4346 cita
932 4301 1112 4347 morte
1158 4293 1465 4352 tolleretur.
1506 4295 1679 4353 Morbi
1716 4315 1880 4372 porro
1910 4317 2010 4373 per

420 4381 761 4437 medicorum
793 4399 941 4438 cura:
968 4384 1276 4440 absentiam
1314 4389 1601 4457 grassandi
1636 4393 1783 4447 nacti
1832 4393 2009 4450 licen-

414 4475 574 4540 tiam,
614 4475 835 4546 gravius
863 4476 1183 4543 saevicbant,
1216 4488 1270 4534 et
1291 4480 1457 4535 vitam
1500 4483 1804 4541 reddebant
1830 4500 2007 4543 morte

2108 3279 2243 3332 πᾶσι
2277 3279 2392 3342 τοῖς
2432 3276 2576 3331 κατά
2614 3278 2718 3345 τῆς
2742 3273 3003 3347 ἀληθείας
3047 3273 3469 3344 μηχανήμασινῖ
3505 3271 3549 3326 ὣ
3574 3271 3697 3341 φίλε

2104 3386 2236 3442 τρον
2264 3370 2394 3444 περὶ
2436 3371 2530 3423 τὸν
2559 3371 2801 3439 Κτίστην
2835 3369 3156 3437 ἀκόρεστον,
3187 3366 3292 3420 ὑπὸ
3328 3365 3555 3436 μηδενὸς
3585 3366 3698 3419 τῶν

2105 3462 2202 3518 τοῦ
2252 3463 2370 3536 βίου
2422 3462 2800 3536 πειρατηρίων
2844 3460 3230 3531 διαλυόμενονι
3286 3459 3427 3512 Ἀλλ’
3463 3458 3574 3513 οὐδ’
3620 3457 3698 3522 ῶς

2107 3557 2357 3628 ἀπέληγε
2410 3556 2646 3628 μάχηςό
2695 3555 3034 3626 τυραννικῆς
3085 3554 3369 3625 ὠμότητος
3414 3553 3694 3623 ἔμπλεος*

2106 3634 2221 3716 τοῖς
2276 3652 2389 3704 τῶν
2441 3650 2785 3722 Ἐλευθερίου
2834 3648 2891 3702 δέ
2938 3648 3261 3720 ἀνακτόροις
3309 3646 3697 3720 ἀσφαλεστάτη

2109 3744 2327 3815 φρουρᾷ
2375 3741 2743 3814 παραδίδωσι,
2793 3739 3045 3810 φύλακας
3097 3740 3421 3809 ἐπιστήσας,
3474 3738 3570 3792 τοῦ
3621 3739 3698 3809 μή

2108 3852 2230 3889 τινα
2261 3833 2371 3888 τῶν
2390 3828 2472 3899 οἷς
2497 3832 2775 3902 αίδὼςτῆς
2803 3831 3021 3902 φύσεως
3047 3831 3310 3900 πρόσεστι
3342 3828 3701 3909 παραμυθίαν

2106 3927 2408 3997 ἐμποιῆσαι
2457 3924 2537 3995 τῷ
2568 3924 2657 3977 διὰ
2707 3922 2946 3993 Χριστὸν
2998 3920 3345 3992 κακουμένῳ.
3391 3918 3560 3989 Σῶμα
3601 3918 3704 3989 μὲν

2108 4014 2204 4072 οὖν
2247 4017 2393 4089 λιμῷ
2432 4014 2770 4087 πολυχρονίῳ
2815 4013 3118 4087 τηκόμενον
3164 4012 3307 4066 κατὰ
3355 4009 3524 4083 μέρος
3565 4008 3705 4082 προς

2112 4110 2321 4183 φθορὰν
2354 4110 2621 4181 ἠπείγετο
2638 4108 2730 4175 "‘,
2762 4109 2858 4163 καὶ
2896 4106 3067 4178 αὐτὴν
3099 4104 3199 4178 τὴν
3237 4105 3418 4173 ὀξεῖαν
3444 4103 3706 4175 τελευτὴν

2110 4201 2481 4276 ζημιούμενον
2503 4218 2516 4233 ·
2540 4199 2691 4255 νόσοι
2716 4199 2772 4254 δὲ
2802 4200 2902 4271 τῆς
2930 4199 2976 4232 ⁷³
3007 4198 3116 4253 τῶν
3150 4196 3354 4268 ίατρῶν
3382 4193 3708 4266 ἐπικουρίας

2111 4294 2433 4366 ἐλευθερίαν
2486 4294 2827 4365 εύράμεναι,
2872 4291 3252 4364 ἀλγεινότερον
3303 4285 3708 4357 ἐπεκώμαζον,

2110 4387 2254 4441 κατά
2310 4386 2446 4440 πολὺ
2503 4386 2604 4455 τῆς
2652 4385 2800 4456 ζωῆς
2853 4385 3210 4440 ίδιοποιοῦσαι
3266 4381 3366 4445 τὴν
3418 4379 3706 4450 τελευτήν.

2126 4479 2268 4533 Ἀλλ’
2296 4480 2331 4550 ἡ
2375 4479 2582 4534 διάνοια
2613 4477 2709 4532 τοῦ
2744 4477 2964 4549 πρώτου
2988 4477 3099 4530 τῶν
3136 4473 3384 4545 ὀρεκτῶν
3408 4474 3521 4536 τοῖς
3546 4486 3711 4540 παμ-

415 4565 541 4636 ipsa
586 4567 750 4638 longe
801 4568 1169 4625 acerbiorem.
1214 4573 1286 4627 At
1318 4572 1453 4643 ipse,
1490 4575 1614 4646 ejus
1655 4577 1751 4648 qui
1788 4579 1998 4637 deside.

2115 4574 2375 4644 ποθήτοις
2412 4571 2739 4644 ἐντρυφῶσα
2785 4571 3011 4626 κάλλεσι
3063 4570 3132 4624 τὰ
3183 4570 3297 4631 τοῖς
3347 4565 3528 4628 ἀλλοις
3579 4564 3713 4634 μηδ’

417 4659 680 4715 rabilium
741 4661 1041 4731 primatum
1095 4671 1249 4719 tenet
1303 4667 1834 4728 desideratissimam
1887 4676 2015 4745 pul-

415 4751 790 4808 chritudinem
842 4752 899 4807 in
950 4752 1166 4810 deliciis
1217 4754 1447 4824 habens,
1500 4774 1624 4830 quae
1669 4776 1771 4818 nec
1818 4765 2008 4822 auditu

418 4844 654 4914 reliquis
693 4844 1001 4900 tolerabilia
1049 4857 1198 4913 sunt,
1245 4848 1473 4917 patienti
1509 4864 1575 4907 ac
1617 4868 1777 4924 aequo
1828 4857 2014 4914 animo

420 4936 754 5010 perferebat.
786 4936 1117 4992 Gaudebant
1145 4940 1347 5010 angeli,
1379 4955 1507 4998 cum
1533 4945 1838 5003 tolerantiae
1868 4948 2002 5017 vim,

418 5046 546 5104 quae
572 5030 736 5102 longo
763 5036 1009 5100 tempore
1038 5030 1107 5084 ab
1147 5030 1406 5089 humanis
1443 5036 1823 5105 exsulaverat,
1851 5046 2008 5110 post-

421 5124 640 5179 liminio
665 5137 945 5178 reversam
974 5121 1120 5178 felici
1150 5123 1316 5194 longe
1344 5128 1659 5195 spectaculo
1678 5142 1966 5188 cernerent
1993 5151 2007 5188 :

420 5232 488 5272 ac
527 5217 633 5270 viri
683 5215 861 5271 sancti
917 5217 1196 5285 praestanti
1250 5216 1517 5274 adversus
1569 5223 1756 5278 hostes
1812 5225 2013 5281 virtute

420 5311 691 5377 lactantes,
762 5309 1004 5364 victoriae
1072 5310 1409 5379 prmeonium
1479 5313 1556 5367 illi
1615 5315 2005 5372 concinebant.

2112 4668 2250 4740 ἀκοῇ
2299 4667 2515 4737 φορητά
2569 4667 2703 4736 ῥᾷον
2753 4663 2973 4740 ἔφερεν.
3013 4662 3279 4734 Ἐχαιρον
3333 4659 3556 4729 ἄγγελοι
3605 4657 3712 4727 τὴν

2117 4760 2352 4832 μακροῖς
2403 4758 2623 4831 χρόνοις
2671 4755 2782 4811 τῶν
2826 4755 3039 4828 βροτῶν
3075 4752 3530 4827 δραπετεύσασαν
3570 4764 3713 4820 καρ-

2114 4854 2310 4927 τερίαν
2353 4851 2658 4925 ὀφθαλμοῖς
2709 4847 2867 4916 αὖθις
2902 4848 3311 4907 ἐπανελθοῦσαν
3357 4845 3563 4900 ἐπιδεῖν
3609 4844 3711 4898 εύ-

2113 4948 2456 5020 τυχήσαντες
2477 4961 2491 4976 σ
2526 4946 2623 5000 καὶ
2647 4946 2714 5017 τῇ
2746 4943 2940 4998 τούτου
2968 4940 3321 5013 συνηδόμενοι
3351 4938 3471 4994 κατ’
3493 4934 3713 5009 ἐχθρῶν

2114 5040 2407 5113 ἀριστεία,
2469 5037 2530 5092 τὸ
2597 5036 2869 5092 ἐπινίκιον
2922 5033 3352 5107 ἐπανηγύριζον.
3409 5032 3717 5102 Ἔφριττον

2116 5132 2394 5203 δαίμονες,
2434 5124 2513 5185 ὧν
2563 5130 2690 5200 μηδ’
2721 5130 2858 5202 ἀκοῇ
2903 5129 3094 5201 φέρειν
3147 5127 3429 5198 ἠνείχοντο
3467 5123 3538 5177 τά
3587 5123 3716 5176 ὀνό-

2124 5242 2289 5301 ματα,
2321 5231 2418 5284 καὶ
2441 5222 2516 5284 ὧν
2552 5228 3004 5300 προσεπολέμουν
3034 5225 3149 5287 τοῖς
3182 5222 3553 5293 είκονίσμασι,
3577 5219 3717 5273 τού-

2120 5339 2249 5386 τους
2277 5321 2433 5387 αὖθις
2458 5321 2643 5384 αὐτοῖς
2663 5319 3130 5382 ἐπανατέλλοντας
3159 5316 3450 5388 πράγμασι
3480 5310 3719 5369 θεᾶσθαι

421 5402 734 5462 Horrebam
787 5403 1090 5468 (immunes,
1144 5405 1292 5476 quod
1345 5415 1588 5473 sanctos,
1638 5424 1870 5478 quorum
1924 5411 1998 5465 vel

2120 5413 2716 5483 κακοδαιμονήσαντες,
2740 5411 2837 5465 καὶ
2864 5408 3136 5480 βασκανίᾳ
3157 5405 3556 5477 διαπριόμενοι,
3581 5401 3718 5467 τοὺς

422 5498 650 5558 nomina
701 5499 892 5555 audire
943 5512 1053 5553 non
1098 5508 1376 5570 poterant,
1414 5510 1470 5556 et
1514 5502 1782 5574 imagines
1835 5496 1998 5575 oppu-

2119 5505 2331 5561 ἑαυτῶν
2365 5502 2652 5577 ὑπηρέτας
2696 5502 2797 5574 τῆς
2843 5500 3130 5565 ἀσθενείας
3162 5498 3209 5531 τ’
3250 5497 3531 5562 ἐκάκιζον.
3570 5493 3723 5565 Χρι-

1692 5730 1697 5735 ,
1738 5668 1979 5726 VARUS
2034 5666 2442 5728 LECTIONES.

500 5802 550 5887 ῗ⁵
572 5803 717 5887 εἴης]
746 5803 873 5887 Γρῖῐς
894 5804 1014 5887 τῇς.
1045 5877 1057 5887 _
1089 5775 1477 5887 ὴέκκαλλώπ.
1497 5811 1625 5871 Par.
1687 5817 1731 5849 ⁷⁸
1764 5815 1997 5887 κρείττω
2021 5812 2146 5869 Par.
2223 5816 2271 5849 "
2299 5813 2730 5885 πειθησομένους
2748 5812 2878 5869 Par.
2953 5805 3033 5840 ⁷⁷*
3067 5803 3452 5874 ἐπείγετοΡ;ιι’.
3507 5800 3553 5833 ⁷⁸
3584 5802 3732 5881 τῆςι

434 5881 546 5938 τοῖς
572 5873 720 5929 Pari
771 5877 817 5910 ⁷³
848 5877 1123 5949 ἀσθεινίας
1144 5879 1271 5935 Par.
