3926 6446
317 441 373 506 ιι
1600 444 2099 506 THEOPHANIS
2156 447 2355 509 VlTA.
3542 451 3616 516 42

314 554 426 619 στος
448 554 536 622 δὲ,
568 557 685 619 τοῖς
715 555 897 612 πάντα
919 558 1081 630 λόγον
1112 561 1306 616 νικῶσι
1331 561 1424 616 τὸν
1452 563 1652 617 οἰκεῖον
1683 564 1915 636 ἀριστέα

2033 570 2284 638 gnabant,
2348 586 2572 627 rursum
2630 571 2764 642 ipsis
2835 571 2993 644 lactis
3045 573 3306 650 ﬂorentes
3372 587 3621 647 spectare

309 647 795 720 καταλαμπρύνων
819 653 1153 724 χαρίσμασι,
1180 653 1260 726 τῷ
1279 648 1908 729 νικητικῴοκατηγλάῖζε

307 742 518 810 στέφει.

2019 671 2369 739 cogerentur,
2413 661 2724 734 misereque
2764 667 2870 719 acti
2907 663 3112 720 invidia
3175 667 3441 738 satellites
3485 685 3620 726 suos

2019 764 2086 804 ac
2147 752 2439 808 ministros
2499 753 2897 811 imbecillitatis
2958 756 3282 828 arguebant.
3348 759 3608 818 Christus

303 839 547 908 denique
591 842 923 898 muneribus
965 857 1189 900 omnem
1219 845 1331 902 vim
1403 846 1623 910 dicendi
1693 846 2087 919 superantibus
2146 849 2387 924 pugilem
2441 863 2604 921 suum
2653 851 2980 924 decoratum
3068 851 3316 924 victoriae
3407 873 3616 917 corona

301 931 562 992 donavit.

367 1033 504 1084 Δυσὶ
539 1030 676 1100 γοῦν
723 1033 871 1087 ἔτεσι
926 1037 996 1107 τῇ
1032 1037 1368 1112 ἁτλητοτάτῃ
1415 1041 1906 1111 προσκαρτερήσας

300 1126 518 1194 εἱρκτῇ.
573 1129 647 1195 τῇ
683 1117 1018 1202 Μμοθρᾲκῃ
1075 1117 1512 1202 παραπέμπεται
1546 1132 1727 1204 νήσῳο
1757 1133 1786 1186 ὃ
1817 1133 1912 1188 καὶ

299 1218 466 1287 νοερῷ
531 1219 777 1288 προϊδὼν
837 1209 1123 1292 όφθαλμῷ,
1156 1223 1233 1294 τῷ
1279 1223 1382 1295 τὴν
1437 1226 1746 1296 ὑπηρεσίαν
1777 1226 1916 1297 πλη-

306 1307 480 1378 ροῦντι
511 1309 854 1380 προήγγειλε
877 1327 892 1340 ·
927 1312 1024 1366 καὶ
1072 1315 1250 1385 τρισὶν
1286 1315 1523 1388 ἡμέραις
1571 1317 1709 1389 πρὸς
1737 1317 1913 1371 εἴκοσι

391 1400 553 1470 νήσῳ
579 1399 907 1470 προσδιοὺς,
937 1401 1013 1465 ὡς
1059 1403 1270 1476 εὐώδης
1301 1405 1462 1460 θυσία
1491 1405 1568 1477 τῷ
1599 1406 1767 1477 κοινῷ
1813 1411 1916 1460 Δε-

309 1492 475 1562 σπότῃ
514 1482 924 1563 προσφέρεται,
946 1494 1040 1546 καὶ
1083 1499 1205 1560 ταῖς
1224 1497 1436 1550 ἐκείνου
1468 1500 1657 1568 χερσὶν
1682 1497 1742 1550 τὸ
1773 1498 1918 1570 ἱερὸν

304 1583 394 1633 καὶ
433 1581 722 1648 πάναγνον
747 1584 981 1650 ἐπαφεὶς
1006 1583 1246 1655 πνεῦμα,
1275 1586 1415 1657 πρὸς
1458 1590 1558 1657 τὴν
1610 1585 1778 1653 πάλαι
1821 1604 1920 1640 πο-

308 1672 580 1743 θουμένην
641 1675 1056 1746 ἐπαναφέρεται
1119 1675 1476 1748 κληρουχίαν.
1520 1677 1662 1730 Ἀλλ’
1707 1677 1918 1731 οὐδὲτὸ

313 1765 609 1834 νικηφόρον
657 1762 856 1818 τούτου
892 1765 1072 1837 σῶμα,
1120 1767 1216 1820 καὶ
1264 1762 1330 1840 τῇ
1358 1769 1505 1840 ψυχῇ
1532 1769 1830 1840 σύνδρομον
1857 1771 1919 1823 ἐν

320 1858 452 1909 πᾶσι
489 1855 700 1923 καλοῖς,
752 1855 866 1909 τῶν
895 1857 1042 1910 κατὰ
1072 1857 1306 1932 δύναμιν
1339 1850 1520 1932 γερῶν
1568 1862 1916 1933 ἀπελείπετο.

2078 1034 2229 1091 Duos
2254 1034 2421 1109 igitur
2451 1048 2626 1104 annos
2661 1033 3023 1092 acerbissimo
3045 1033 3342 1092 defunctus
3377 1052 3620 1116 carcere,

2011 1132 2068 1188 in
2111 1128 2528 1184 Samothracen]
2568 1127 2806 1182 insulam
2862 1127 3190 1198 deportatur
3234 1147 3247 1184 :
3301 1131 3450 1198 quod
3499 1120 3620 1202 ipse

2014 1220 2217 1276 mentis
2248 1217 2410 1273 oculo
2435 1217 2806 1289 prospiciens,
2835 1217 2908 1284 ei,
2943 1219 3036 1288 qui
3088 1219 3195 1274 sibi
3238 1220 3622 1276 ministrabat:

2013 1311 2500 1384 praenuntiaverat.
2584 1309 2839 1382 Cumque
2891 1319 3004 1367 tres
3031 1327 3199 1384 supra
3254 1313 3448 1383 viginti
3509 1315 3625 1369 illic

2023 1403 2143 1460 dies
2176 1404 2404 1474 egisset,
2453 1411 2716 1472 tanquam
2765 1402 2953 1458 suavis
2987 1402 3168 1476 hostia
3200 1406 3480 1459 communi
3512 1405 3626 1460 Do—

2019 1494 2173 1567 mino
2217 1494 2438 1548 oblatus
2479 1502 2610 1548 est:
2653 1493 2912 1563 illiusque
2986 1495 3243 1550 manibus
3284 1511 3505 1551 sacrum
3559 1511 3626 1552 ac

2024 1582 2438 1638 sanctissimum
2480 1581 2734 1652 spiritum
2772 1598 2932 1637 suum
2995 1583 3240 1651 tradens,
3295 1586 3361 1639 ad
3395 1587 3626 1641 hatredi-

2022 1683 2194 1749 tatem
2254 1676 2383 1747 olim
2440 1675 2805 1750 desideratam
2863 1677 3166 1752 contendit.
3249 1677 3439 1748 Neque
3496 1695 3628 1735 vero

2024 1765 2269 1835 victoriae
2327 1766 2639 1847 insignibus
2685 1767 2896 1833 clarum
2944 1770 3060 1847 ejus
3091 1783 3326 1841 corpus,
3379 1786 3444 1826 ac
3477 1772 3628 1842 quod

2027 1858 2216 1914 animo
2252 1843 2492 1930 gerenda
2523 1860 2675 1914 omni
2697 1860 2903 1933 virtute
2955 1843 3169 1931 socium
3199 1877 3496 1937 comesque
3531 1879 3628 1919 ex-

326 1951 500 2019 Χερσί
544 1950 642 2019 μὲν
691 1947 964 2017 θεοφιλῶν
1022 1949 1207 2040 ξυλίνῃ
1269 1935 1628 2009 κατατίθεται
1662 1955 1919 2026 λάρνακι,

2033 1954 2267 2022 stiterat,
2292 1952 2509 2009 meritis
2547 1953 2874 2022 muneribus
2904 1954 3105 2027 caruit,
3130 1935 3336 2027 quanta
3361 1956 3414 2011 in
3441 1956 3626 2029 ipsum

339 2042 436 2092 καὶ
460 2043 578 2100 ταῖς
606 2039 1034 2112 προσηκούσαις,
1068 2041 1142 2105 ὡς
1170 2045 1198 2096 6
1249 2044 1442 2115 καιρὸς
1478 2045 1675 2122 ἐδίδου,
1723 2062 1921 2118 γεραι-

357 2131 574 2203 ρόμενον
599 2123 899 2210 ὑμνῳδίαις,
947 2133 1208 2199 ἐξαισίοις
1253 2136 1312 2188 δὲ
1356 2136 1545 2209 χάρισι
1588 2139 1744 2210 παρὰ
1783 2140 1922 2194 Θεοῦ

351 2223 701 2293 κληῖζόμενον.
725 2223 937 2294 Λοιμοῦ
963 2211 1097 2294 γοῦν
1120 2221 1472 2298 ἐπικειμένου
1501 2231 1614 2302 τοῖς
1645 2230 1790 2285 κατὰ
1819 2231 1920 2304 τὴν

339 2315 493 2384 νῆσον
529 2317 766 2386 κτήνεσι,
802 2317 901 2370 καὶ
940 2318 1222 2388 αἰφνιδίως
1251 2318 1330 2390 τῷ
1379 2319 1597 2394 θανάτῳ
1627 2316 1924 2394 παραπέμ-

326 2425 534 2480 ποντος,
564 2411 710 2482 ἄκρᾳ
747 2413 819 2482 τῇ
874 2402 1109 2482 λάρνακι
1159 2400 1307 2484 ὕδωρ
1355 2407 1804 2487 άπομυριίσαντες
1837 2417 1921 2487 (ού

320 2499 423 2571 γὰρ
459 2501 818 2570 προσψαῦσαι
846 2501 944 2556 τοῦ
969 2501 1114 2572 θείου
1150 2504 1570 2577 κατετόλμησαν
1622 2505 1920 2582 σώματος),

313 2596 404 2646 καὶ
426 2597 540 2657 τοῖς
567 2595 827 2649 νοσοῦσιν
855 2596 1280 2668 ἐπιρράναντες,
1301 2597 1564 2674 ἐλεύθερα
1593 2601 1692 2670 τῆς
1707 2591 1925 2654 ’ἐπικει-

309 2687 483 2758 μὲν-ης
510 2689 702 2752 αὐτοῖς
734 2680 1090 2755 ἐναπέδειξαν
1116 2691 1335 2763 λοίμης.
1491 2683 1496 2689 ’
1668 2679 1671 2681 Π

377 2780 456 2832 Οὐ
486 2779 628 2832 πολὺ
661 2780 726 2832 τὸ
751 2782 814 2852 ἐν
835 2780 1012 2853 μέσῳ,
1048 2783 1142 2838 καὶ
1183 2783 1342 2855 δίκην
1369 2783 1589 2838 δίδωσιν
1623 2784 1755 2856 μίαν
1802 2786 1925 2840 ἀντὶ

302 2874 526 2943 πολλῶν
550 2873 669 2927 τῶν
700 2867 1059 2946 ἀδικημάτων
1112 2877 1141 2930 6
1168 2878 1266 2942 τῆς
1315 2877 1557 2950 Χριστοῦ
1597 2879 1926 2950 Ἐκκλησίας

303 2967 502 3036 ἄγριος
529 2966 746 3032 μονιδς,
777 2968 836 3019 ἐν
869 2968 1038 3038 ἱεροῖς
1094 2967 1303 3036 τόποις,
1362 2970 1445 3034 εἰς
1477 2968 1570 3034 οὓς
1599 2972 1790 3038 κακῶς
1831 2972 1922 3024 ἐν·

306 3057 537 3128 ύϐρισεν
556 3057 628 3124 ⁸⁸,
650 3059 796 3129 ἀσχη
806 3057 982 3128 μόνως
1005 3060 1389 3132 καταστρέψας
1422 3060 1513 3115 τὸν
1542 3061 1654 3131 βίον
1674 3078 1688 3092 ·
1720 3062 1929 3132 καὶτῆς

305 3151 549 3219 παχείας
575 3149 817 3220 ὁμίχλης
851 3151 958 3203 ἀπὸ
989 3152 1192 3223 μέρους
1222 3152 1684 3226 ἐκκαθαρθείσης,
1717 3153 1928 3224 ἀχλυώ-

305 3243 404 3313 δης
441 3260 532 3306 τις
599 3241 922 3313 ἐλευθερίας
957 3245 1305 3300 ἐπανέτειλεν
1349 3245 1522 3316 ἥλιος,
1565 3244 1924 3310 λεπτοτάτοις

1966 2102 1972 2104 _
2025 2046 2284 2104 conferre
2307 2045 2483 2106 licuit.
2545 2043 2683 2100 Nam
2719 2045 2937 2117 piorum
2981 2046 3225 2118 virorum
3267 2047 3526 2104 manibus
3569 2048 3626 2115 in

2022 2139 2204 2213 lignea
2227 2153 2356 2194 arca
2374 2139 2766 2208 compositum,
2788 2147 2842 2192 et
2859 2139 3315 2196 convenientibus
3342 2141 3627 2206 cantibus,

2025 2241 2088 2286 ut
2113 2241 2327 2306 tempus
2354 2229 2566 2286 ferebat
2586 2230 2813 2304 elatum,
2847 2231 3184 2287 admirandis
3225 2233 3419 2306 gratiis
3451 2249 3481 2288 a
3516 2233 3628 2302 Deo

2024 2321 2128 2378 fuit
2162 2305 2518 2392 illustratum.
2578 2319 2718 2375 Cum
2756 2320 2903 2376 enim
2933 2321 3054 2376 lues
3086 2316 3155 2392 in
3198 2305 3395 2378 insulae
3430 2339 3628 2395 pecora

2025 2415 2355 2478 desaeviret,
2411 2413 2553 2483 adeo
2586 2421 2648 2466 ut
2688 2420 2909 2481 mortua
2960 2423 3189 2496 repente
3252 2415 3628 2490 conciderent,

2026 2522 2170 2579 aqua
2198 2506 2462 2563 extremis
2488 2505 2639 2561 illius
2659 2521 2802 2560 arcae
2829 2505 2942 2562 oris
2967 2506 3209 2561 delibuta
3252 2505 3455 2580 (neque
3479 2509 3628 2575 enim

2027 2615 2233 2670 corpus
2273 2598 2394 2654 ausi
2437 2605 2598 2652 erant
2635 2596 2979 2670 contingere)
3014 2613 3215 2667 pecora
3267 2609 3421 2670 peste
3466 2600 3630 2660 laba,—

2028 2691 2211 2746 rantia
2233 2689 2698 2760 conspergebant,
2725 2697 2775 2744 et
2812 2688 3057 2756 periculo
3093 2689 3422 2744 liberabant.
3604 2699 3608 2704 '

2098 2783 2254 2839 Haud
2303 2783 2478 2837 multo
2505 2790 2631 2852 post
2683 2782 2914 2837 immitis
2968 2781 3062 2835 ille
3112 2781 3374 2838 Ecclesiae
3423 2783 3631 2839 Christi

2029 2893 2180 2951 aper,
2244 2879 2548 2933 multorum
2601 2884 2817 2931 reatum
2879 2875 3145 2949 scelerum
3187 2891 3300 2931 uno
3360 2878 3631 2949 supplicio

2027 2972 2167 3039 luit;
2205 2972 2371 3041 inque
2410 2969 2588 3025 sacris
2624 2969 2783 3034 locis,
2821 2967 2876 3022 in
2901 2984 3022 3038 quae
3045 2969 3298 3044 nequiter
3326 2971 3633 3036 debaccha-

2030 3073 2121 3121 tus
2153 3063 2352 3128 fuerat,
2383 3062 2619 3132 turpiter
2648 3061 2817 3116 vitam
2853 3062 3059 3131 amisit.
3113 3052 3316 3128 Quare,
3346 3063 3514 3117 densa
3539 3079 3634 3118 ca-

2030 3157 2198 3228 ligine
2245 3157 2524 3227 paulisper
2556 3153 2807 3225 disjecta,
2853 3142 3137 3209 obscurus.
3178 3137 3405 3226 quidam
3470 3155 3634 3210 liber—

2033 3252 2161 3307 tatis
2192 3249 2298 3315 sol,
2342 3246 2692 3324 tenuissimis
2744 3247 2987 3303 nubibus
3042 3247 3342 3318 sublucens
3383 3251 3629 3320 emersit.

309 3312 1029 3408 ὕπολαμπόμενοςνέφεσι.
1068 3339 1204 3392 Τότε
1238 3337 1324 3409 δὴ,
1367 3312 1499 3392 ’τότε
1550 3338 1924 3411 θαρρήσαντες

2033 3340 2188 3397 Tunc
2220 3312 2390 3420 igitur
2424 3318 2600 3395 sancti
2633 3338 2738 3393 viri
2784 3338 3042 3410 discipuli
3069 3312 3372 3410 assumpta
3432 3313 3631 3395 ﬁducia

309 3432 361 3482 oi
399 3430 499 3483 τοῦ
539 3430 862 3500 θαυμασίου
888 3431 1162 3501 φοιτηταὶ,
1221 3431 1409 3506 λέμϐῳ
1435 3433 1502 3510 τῇ
1551 3433 1702 3503 νήσῳ
1750 3449 1927 3504 προσ-

311 3525 666 3596 ορμίζονται,
727 3521 822 3573 καὶ
844 3520 905 3573 τὸ
934 3521 1179 3591 ἀοίδιμον
1202 3522 1379 3575 ἐκεῖνο
1406 3523 1502 3576 καὶ
1529 3516 1926 3595 λαμπροτάτας

313 3613 650 3668 ἀποστίλϐον
685 3613 783 3676 τὰς
805 3612 1034 3684 χάριτας
1069 3613 1228 3683 σῶμα
1261 3613 1360 3668 σὺν
1400 3617 1466 3686 τῇ
1493 3614 1728 3687 λάρνακι
1759 3633 1927 3686 κομιο

316 3711 545 3777 σάμενοι
588 3695 968 3775 ἐπανάγουσιν
999 3710 1079 3770 εἰς
1124 3708 1290 3761 τόπον
1346 3710 1490 3774 τινὰ,
1529 3711 1782 3780 σημείοις
1816 3711 1926 3762 ἀπ-

321 3803 507 3874 έχοντα
546 3801 656 3871 τῆς
687 3800 855 3870 μονῆς
879 3799 971 3855 δύο
993 3799 1089 3853 καὶ
1123 3799 1278 3870 δέκα.
1311 3802 1519 3873 Ὄνομα
1547 3801 1626 3873 τῷ
1648 3804 1799 3874 τόπῳ
1818 3821 1926 3874 φα-

333 3899 407 3950 σιν
441 3879 671 3967 Ἰέρεία.
771 3931 786 3946 .
833 3877 838 3883 ’
1590 3881 1598 3890 ’

397 3991 540 4049 Ἀλλ’
556 3989 586 4042 6
615 3985 864 4052 δοξάζων
888 3985 1016 4055 τοὺς
1045 3984 1212 4053 αὐτὸν
1235 3984 1562 4056 δοξάζοντας
1582 3987 1810 4061 Κύριος,
1831 3988 1931 4059 τῆς

316 4085 625 4155 μελλούσης
676 4079 839 4159 δόξης
891 4078 1082 4146 τούτου
1129 4068 1386 4152 φανερῶν
1424 4081 1525 4158 τὴν
1569 4083 1928 4149 κατάστασιν,

310 4181 433 4242 τοὺς
469 4177 584 4231 ἀνὰ
601 4177 791 4230 πᾶσαν
831 4173 1056 4244 ἐκείνην
1089 4172 1380 4239 οἰκοῦντας
1408 4175 1510 4246 τὴν
1541 4175 1645 4247 γῆν
1673 4177 1782 4230 τῶν
1810 4177 1932 4230 τού-

310 4283 404 4336 του
432 4268 691 4341 χαρίτων
718 4254 1019 4339 μετασχεζν
1065 4267 1152 4321 ὲνε
1163 4268 1408 4338 ποίησεν.
1457 4256 1697 4337 ’Ἥγοντο
1719 4269 1851 4339 γοῦν
1880 4270 1931 4322 οἱ

311 4362 494 4422 νόσοις
539 4359 868 4431 ἀνηκέστοις
930 4357 1328 4429 πεπεδημένοι,
1379 4346 1603 4431 κύματα
1659 4361 1931 4434 θαλάττης

311 4439 794 4524 ἀπομιμούμενοι,
823 4451 932 4506 τῶν
971 4439 1168 4507 τούτου
1201 4451 1384 4506 καλῶν
1439 4454 1770 4527 εὐμοιρῆσαι
1818 4455 1933 4510 δια-

313 4528 727 4613 σπουδάζοντες
748 4561 764 4576 ·
807 4545 903 4613 καὶ
931 4544 1306 4616 δαιμονῶντες
1337 4545 1437 4615 μὲν
1467 4545 1560 4619 βίᾳ
1609 4547 1689 4619 τῷ
1741 4550 1931 4620 κράτει

2029 3437 2083 3491 iu
2149 3434 2386 3491 insulam
2423 3433 2648 3505 navigio
2696 3433 2953 3496 advecti,
3001 3426 3327 3502 praeclarum
3389 3433 3521 3488 illud
3578 3444 3636 3487 ct

2030 3526 2492 3598 splendidissimis
2532 3525 2725 3596 gratiis
2769 3524 3044 3595 eﬂulgens
3082 3538 3285 3593 corpus
3321 3539 3445 3578 cum
3501 3539 3631 3579 arca

2031 3620 2334 3681 sublatum,
2366 3617 2420 3670 in
2443 3618 2629 3671 locum
2657 3615 2953 3684 quemdam
2984 3611 3166 3666 Hier-ia
3199 3613 3404 3685 dictum
3431 3628 3632 3683 aspor-

2030 3722 2168 3779 tant,
2201 3711 2491 3766 duodecim
2551 3708 2855 3763 stadiorum
2898 3707 3191 3761 intervallo
3228 3722 3257 3760 a
3299 3710 3634 3761 monasterio

2032 3807 2309 3870 dissitum,
2375 3804 2544 3874 inque
2583 3802 2787 3872 templo
2840 3800 3019 3873 sancti
3079 3800 3338 3871 martyris
3379 3799 3635 3870 Procopii

2031 3895 2334 3968 deponunt,
2695 3883 2698 3887 λ
3221 3886 3232 3894 ”
3561 3880 3565 3888 ’

2104 3989 2205 4044 Hic
2239 3989 2352 4054 ille,
2389 3987 2627 4059 quieos,
2665 4002 2696 4042 a
2727 3986 2927 4057 quibus
2963 3986 3290 4057 honoratur,
3319 3987 3634 4059 honoribus

2033 4077 2216 4155 allicit,
2251 4085 2314 4147 ut
2341 4077 2542 4147 futura:
2579 4075 2768 4146 gloriae
2808 4075 2983 4131 sancti
3023 4075 3109 4130 sui
3137 4086 3346 4140 statum
3386 4077 3636 4131 declaras-

2033 4179 2135 4236 ret,
2171 4169 2384 4225 incolas
2416 4184 2612 4225 omnes
2644 4168 2796 4224 illius
2849 4168 3090 4238 regionis
3137 4185 3430 4240 munerum
3461 4170 3636 4238 ipsius

2034 4261 2167 4318 fecit
2193 4276 2318 4317 esse
2343 4261 2661 4331 participes.
2721 4257 3089 4314 Conﬂuebant
3131 4263 3303 4324 enim,
3355 4261 3634 4314 undarum

2034 4355 2232 4426 instar,
2266 4355 2360 4425 qui
2385 4353 2597 4409 morbis
2623 4353 2992 4424 gravissimis,
3041 4368 3145 4408 nec
3189 4353 3356 4408 ullam
3391 4354 3638 4408 curatio-

2035 4465 2160 4521 nem
2202 4447 2627 4503 admittentibus
2667 4446 3009 4509 laborantes,
3045 4444 3196 4499 illius
3227 4444 3500 4513 impertiri
3537 4445 3637 4500 bo-

2035 4543 2121 4597 nis
2146 4539 2504 4611 satagebant;
2541 4553 2604 4594 ac
2631 4539 2853 4609 quidem
2881 4554 2910 4592 a
2938 4537 3278 4594 daemonibus
3307 4537 3516 4603 vexati,
3550 4538 3636 4592 in-

312 4641 412 4708 τῆς
447 4638 708 4703 ἐξουσίας
736 4637 1023 4708 ἑλκόμενοι
1057 4638 1406 4712 (ὀλολυ-ίμοίς
1433 4639 1543 4708 γὰρ
1572 4640 1669 4692 καὶ
1724 4643 1925 4710 φωναῖς

2037 4630 2184 4696 vitis,
2216 4644 2281 4684 ac
2305 4628 2557 4684 dolorem
2612 4642 2773 4682 suum
2826 4626 3069 4682 clamore
3117 4625 3288 4680 nimio
3317 4625 3636 4697 gemituque

313 4729 584 4793 ἰξσισίοις
613 4727 780 4781 τοῦτο
827 4729 1226 4800 διεσήμαινον),
1262 4734 1329 4802 τῇ
1378 4727 1520 4792 θίξει
1547 4729 1594 4760 ⁸⁸
1651 4731 1791 4804 μόνῃ
1833 4731 1935 4802 τῆς

317 4823 522 4891 θήκης,
558 4821 591 4891 ἦ
622 4822 722 4873 καὶ
743 4820 790 4852 ³²
811 4821 1238 4892 ἐπιμυρίσματι,
1269 4823 1379 4876 τῶν
1412 4811 1784 4894 ἐνοχλούντων
1803 4827 1938 4895 ᾁπο-

319 4913 578 4984 λώμενοι
622 4911 705 4982 τῷ
734 4913 1000 4967 σεσωκότι
1031 4913 1100 4967 δι’
1128 4914 1294 4970 αὐτοῦ
1335 4915 1454 4987 Θεῷ
1479 4915 1584 4984 τὴν
1617 4916 1934 4986 προσήκου-

315 5022 418 5058 σαν
448 5006 828 5076 ἀναφέροντες
858 5005 1212 5075 εὐχαριστίαν
1252 5009 1588 5086 ἐπανῄεσαν.
1629 5008 1692 5060 OE
1720 5006 1776 5059 δέ
1797 5024 1934 5078 κρυ-

313 5099 454 5167 φόως
484 5098 592 5167 τῆς
633 5099 863 5153 ἐκείνων
897 5097 1095 5171 λοίμης
1128 5100 1542 5171 μετειληφότες,
1584 5101 1701 5162 τοῖς
1747 5099 1930 5163 αὐτοῖς

313 5192 700 5258 κατανὰγκοις
724 5191 805 5253 είς
830 5190 1144 5260 τούμφανὲς
1169 5183 1477 5264 ἀγομένων,
1511 5193 1624 5246 τῶν
1661 5191 1932 5246 ἐνοικούν-

312 5303 421 5341 των
439 5288 688 5356 ἑπιταγῇ
724 5284 817 5338 τοῦ
841 5284 1080 5354 ἀθλητοῦ
1112 5285 1577 5359 δραπετευόντων,
1607 5285 1932 5357 ἐλευθερού-

316 5394 473 5446 μενοι
517 5363 903 5429 διεδείκνοντο.
962 5375 1274 5448 Παράλυτοι
1322 5378 1444 5440 ταῖς
1495 5377 1707 5442 κλίναις
1775 5377 1935 5450 μόλις

311 5471 740 5544 ἐπιφερόμενοι,
795 5468 872 5540 τῷ
909 5469 1102 5523 τούτου
1134 5469 1312 5523 σθένει
1347 5470 1416 5524 τὰ
1449 5470 1592 5542 μέλη
1624 5472 1935 5542 σφιγγόμε-

311 5581 422 5627 νοι,
449 5566 568 5628 τοῖς
624 5561 800 5632 ὡμοις
832 5563 1038 5624 ταύτας
1066 5561 1432 5644 ἀναφέροντες
1480 5564 1580 5617 σὺν
1623 5565 1932 5644 εὐφημίαις

313 5658 596 5728 ἀπῄεσαν.
628 5655 857 5724 Τυφλοὶ,
914 5658 980 5724 τῇ
1025 5655 1282 5724 παντελεῖ
1328 5653 1424 5708 τοῦ
1459 5654 1710 5736 σώματος
1741 5657 1923 5726 ἀπρα·
1979 5676 1982 5678 ν

2038 4721 2396 4787 testantibus,
2445 4734 2570 4776 cum
2619 4718 2868 4774 adhibita
2913 4719 2965 4772 vi
3001 4719 3108 4773 huc
3155 4718 3634 4787 pertraherentur,

2037 4815 2157 4872 solo
2184 4828 2326 4869 arcae
2352 4819 2635 4878 contactu,
2679 4813 2798 4866 sive
2832 4812 2997 4866 etiam
3058 4825 3202 4881 aqua
3237 4825 3381 4866 arere
3423 4821 3635 4867 attactu

2034 4908 2275 4963 delibuta
2331 4907 2401 4961 ab
2454 4905 2747 4975 spirituum
2807 4919 3045 4974 nequam
3101 4904 3394 4959 vexatione
3437 4906 3632 4966 soluti,

2035 5002 2170 5064 Deo.
2201 5000 2293 5071 qui
2325 5015 2422 5071 per
2452 4999 2605 5054 illum
2642 5013 2808 5054 sanos
2854 4998 3149 5063 eﬂ‘ecisset,
3184 5014 3322 5069 quas
3370 5014 3468 5068 par
3514 5007 3636 5053 erat

2036 5077 2242 5166 gratias
2271 5100 2518 5162 agentes,
2545 5091 2772 5162 domum
2822 5083 3260 5163 revertebantur,
3305 5087 3409 5154 Qui
3447 5097 3630 5143 autem

2039 5187 2178 5240 clam
2205 5199 2267 5240 ea
2288 5191 2441 5266 peste
2463 5183 2807 5247 laborabant,
2839 5181 3028 5236 eadem
3062 5197 3120 5236 se
3147 5181 3472 5236 necessitate
3502 5195 3631 5249 pro.

2041 5276 2299 5332 dentibus
2325 5275 2691 5339 daemonibus,
2725 5273 3058 5340 athletarque
3092 5271 3254 5339 jussu
3291 5270 3628 5339 diﬂugieuti-

2044 5369 2170 5436 bus,
2203 5369 2270 5424 ab
2302 5368 2370 5423 iis
2399 5367 2560 5423 liberi
2596 5365 2984 5422 reddebantur.
3049 5362 3369 5435 Paralytiei,
3404 5366 3500 5436 qui
3539 5367 3627 5420 vix

2044 5464 2099 5518 in
2129 5463 2343 5517 lectulis
2373 5464 2489 5517 suis
2509 5461 2712 5532 gestari
2747 5467 3019 5529 poterant,
3066 5459 3244 5515 sancti
3279 5461 3479 5514 virtute
3504 5475 3628 5515 eor-

2042 5554 2319 5609 roboratis
2360 5552 2646 5615 membris,
2688 5550 2922 5618 lectulos
2960 5549 3210 5607 humeris
3261 5560 3628 5623 rcportantes,

2041 5647 2108 5702 ad
2128 5662 2230 5702 sua
2264 5647 2534 5702 redibant.
2583 5645 2750 5714 Caeci,
2803 5645 2899 5714 qui
2941 5644 3092 5700 omni
3133 5646 3384 5730 corporis
3412 5645 3629 5714 actione

1645 5806 1883 5870 varum.
1926 5807 1952 5860 l
1973 5800 2339 5872 ECTIONES,

397 5931 447 5964 ⁸⁸
472 5928 760 6006 ἑνύδρισιν
791 5923 919 5979 Par.
1017 5921 1062 5953 ³⁸
1097 5921 1248 5990 esse:
1275 5921 1398 5975 Par.

660 6020 931 6086 Partica.
978 6017 1094 6078 Gn.
1144 6017 1351 6091 L‘Vl“.

1496 5922 1539 5953 ⁸¹
1574 5923 1619 5973 εί
1651 5923 1742 5974 καί
1766 5921 1889 5990 Par.
