3926 6472
306 405 374 468 ιτ
1477 390 1970 454 THEOPHANIS
2019 389 2412 453 OFFICI’UM.
3510 385 3582 453 ιθ

311 523 578 586 imbutus,
615 515 805 572 mundi
843 513 1028 573 dulcia
1047 509 1427 578 aihilil'ecisti,
1456 525 1723 583 perquam
1754 510 1861 566 beat

2030 507 2457 580 ἀριτιᾞιοτικὴν
2487 508 2838 580 τερπνότητα
2867 505 3022 562 οὐδὲν
3072 506 3282 580 ἡγήσω,
3341 523 3580 579 παμμαο

313 613 548 670 tissime.

1996 601 2245 672 κάριστε.

378 705 558 762 Ferali
589 702 754 759 modo
802 702 1021 756 irruens
1055 698 1166 754 Leo
1216 705 1483 768 tyrannus
1531 693 1736 750 electos
1769 709 1893 764 per-

2081 693 2364 764 Ὀρμήσας
2393 691 2674 765 θηριωδῶς
2706 695 2893 763 ἐδίωξε
2921 693 3073 748 Λέων
3098 693 3127 744 ὁ
3163 691 3426 762 τύραννος
3455 690 3579 754 τοὺς

312 809 535 855 secutus
577 805 682 862 est,
742 809 851 849 non
891 790 1071 846 ferens
1132 788 1318 844 videre
1352 785 1556 842 Christi
1597 785 1862 856 imaginem

2033 787 2306 854 ιιλεκτοὺς,
2354 788 2429 858 μὴ
2484 788 2669 858 φέρων
2701 790 2836 860 όρᾷν
2867 786 3188 857 τιμωμένην
3237 785 3420 838 εἰκόνα
3449 785 3583 855 Χρι-

313 888 724 948 venerationem
783 883 1030 938 habere:
1085 894 1210 934 cum
1263 878 1462 948 quibus
1492 885 1544 932 te
1569 891 1807 948 quoque,
1857 896 1863 926 ι

2031 879 2144 934 τοῦ.
2164 880 2300 934 Μεθ’
2332 877 2411 937 ὢν
2441 881 2535 937 καὶ
2565 880 2650 949 σε,
2679 881 2976 951 Θεόφανες,
3001 878 3266 950 ὑπερορίᾳ
3293 877 3581 931 κατεδίκα-

314 983 697 1055 Theophanes,
732 975 1014 1033 damnavit
1043 971 1258 1028 exsilio.
1992 989 2104 1028 σεν,
2945 1029 2988 1048 1

492 1096 627 1154 ‘Ode
689 1096 742 1163 5,
783 1101 1007 1149 tractus.
1061 1088 1183 1144 Non
1214 1090 1269 1144 in
1302 1087 1587 1158 sapientia.

2259 1087 2370 1159 ᾮδ.
2405 1093 2477 1155 γ’.
2515 1087 2577 1143 '0
2607 1088 2824 1159 εἰρμός.
2865 1089 2988 1142 Οὐκ
3021 1086 3092 1139 ἐν
3129 1084 3336 1154 σοφίᾳ.

367 1193 559 1249 Divina
579 1192 775 1262 plenus
807 1186 1346 1256 luce,"l”heophanes,
1369 1181 1889 1255 apparuisti,chari-

2059 1177 2242 1242 Φωτδς
2287 1179 2382 1232 τοῦ
2413 1179 2561 1234 θείου
2591 1180 2978 1252 πεπλησμένος
3004 1177 3250 1249 ὼράθης,
3288 1175 3581 1244 Θεόφανεςο

300 1289 428 1345 tatis
453 1287 505 1342 vi
539 1284 850 1341 desiderato
877 1281 1182 1346 cohaerens,
1219 1293 1253 1334 o
1284 1278 1443 1334 beate
1479 1293 1493 1330 :
1524 1290 1643 1331 eam
1668 1275 1739 1331 ob
1771 1290 1850 1330 ret

2030 1272 2055 1323 ι’
2078 1270 2301 1342 ἀγάπης
2337 1273 2669 1344 συγκραθεὶς
2690 1272 2768 1343 τῷ
2799 1271 3146 1343 ποθουμένῳ,
3184 1268 3456 1340 μακάριεσ
3498 1268 3580 1321 διὸ

300 1383 593 1454 gloriosam
618 1388 770 1434 tuam
805 1373 1129 1431 memoriam
1153 1384 1503 1428 veneramur.

1991 1363 2085 1418 σοῦ
2109 1364 2213 1436 τὴι
2243 1364 2447 1430 ἔνδοξον
2471 1366 2694 1438 μνήμην
2716 1364 3070 1436 γεραίρομεν.

370 1471 538 1542 Impia
579 1467 779 1523 Leonis
816 1466 1073 1535 dogmata
1115 1461 1214 1517 tibi
1255 1460 1592 1515 interdicens
1656 1455 1747 1527 pie
1787 1456 1886 1512 ad-

2073 1454 2488 1526 Ἀπαγορεύσας
2531 1455 2601 1508 τὰ
2625 1455 2862 1526 suam]
2915 1453 3010 1507 τοῦ
3051 1453 3284 1515 Λέοντος
3313 1451 3581 1520 δόγματα,

301 1564 525 1618 modum
555 1557 892 1616 conﬁrmasti
937 1553 1195 1610 Ecclesiae
1216 1553 1398 1623 leges:
1439 1549 1799 1623 quamobrem
1836 1558 1851 1604 t

2030 1545 2114 1609 οὓς
2142 1545 2380 1617 θεσμοὺς
2413 1547 2763 1611 πανευσεόὦς
2818 1551 2917 1618 τῆς
2980 1545 3310 1616 Ἐκκλησίας
3348 1545 3580 1616 ὲκράτυυ

299 1656 555 1711 Christus
579 1652 788 1708 clarum
825 1646 1112 1704 miraculis
1134 1644 1336 1701 eﬁ‘ecit.

1987 1653 2084 1702 νας
2105 1655 2118 1668 ’
2153 1637 2236 1693 διὸ
2269 1638 2329 1694 σὲ
2359 1638 2604 1710 θαύμασι
2631 1639 2867 1710 Χριστὸς
2889 1637 3131 1708 ὲδόξασε.

375 1749 704 1813 Roboratus,
752 1744 836 1799 vir
865 1751 1075 1805 sancte,
1110 1741 1328 1796 animus
1377 1739 1516 1809 spei,
1569 1747 1734 1810 atque
1761 1736 1886 1792 ﬁdei

2059 1731 2468 1803 Νενευρωμένη
2489 1732 2592 1802 τῆς
2648 1732 2864 1795 ἐλπίδος
2904 1731 3000 1784 καὶ
3032 1730 3294 1794 πίστεως,
3327 1731 3462 1793 ὃσιε,
3488 1729 3583 1798 τῆς

301 1843 578 1906 ﬁrmitate,
648 1835 829 1894 carnis
875 1833 1308 1891 imbecillitatem
1366 1831 1636 1897 roborat;
1695 1831 1849 1901 ntiqu

2035 1823 2192 1894 ιρκδς
2237 1825 2299 1877 τὸ
2323 1826 2548 1889 ἀσθενὲς
2577 1825 2725 1896 ψυχὴ
2777 1825 3103 1897 στερρότητι
3160 1825 3419 1894 ῥώννυσι,
3466 1821 3585 1894 Θεῷ

301 1947 627 1992 conservum
659 1944 862 2001 corpus
893 1929 1004 1982 Deo
1029 1923 1358 1981 concilians.

1287 1939 1358 1980 is.
1913 1906 1958 1962 Β
1985 1913 2321 1970 οἰκειώσασα
2347 1917 2505 1988 σῶμα
2524 1917 2837 1990 ὁμόδουλον.

657 2041 869 2106 Sessio,
898 2047 1063 2093 tonus
1085 2037 1138 2092 5.
1173 2035 1369 2090 Divina
1401 2033 1526 2104 ﬁde.

2254 2031 2538 2103 Κάθισμα.
2579 2027 2677 2104 ἦχ.
2709 2031 2778 2101 γ’.
2815 2032 2991 2099 Θείας
3035 2032 3316 2098 πίστεως.

376 2140 566 2194 Divina
595 2135 855 2207 praeditus
884 2130 1255 2194 aemulatione,
1291 2100 1522 2198 impium
1555 2126 1758 2197 dogma
1787 2123 1883 2180 de-

2057 2125 2228 2196 Ζῆλον
2257 2100 2454 2178 ἔνθεον-
2489 2100 3003 2195 προσκεκτημένος,
3055 2123 3237 2194 δόγμα
3292 2100 3460 2175 ἀθεδν
3488 2119 3588 2173 ἀπ-

301 2240 534 2288 testatus
565 2244 649 2294 es,
699 2223 998 2292 multisque
1048 2235 1112 2275 ac
1142 2220 1313 2275 variis
1367 2217 1628 2288 periculis
1673 2231 1734 2272 es
1790 2215 1851 2271 de

2034 2216 2279 2284 εδελύξω,
2303 2216 2399 2269 καὶ
2424 2216 2690 2279 κινδύνοις
2718 2217 3083 2287 πολυτρόποις
3099 2215 3404 2286 ὡμίλησας,
3425 2214 3584 2282 ὑπερ-

301 2326 549 2388 t'unctus,
579 2319 784 2391 injuste
812 2309 1133 2386 depbrtatus
1166 2311 1385 2375 exsilio,
1415 2312 1634 2381 pieque,
1685 2323 1719 2363 ο
1755 2308 1851 2363 bea

2026 2309 2170 2380 ρίαις
2201 2308 2402 2372 ἀδίκως
2452 2307 2805 2376 στελλόμενος
2835 2309 2926 2362 καὶ
2949 2308 3214 2374 εὐσεϐῶς,
3237 2308 3567 2378 παμμάκαρ,

301 2419 536 2483 tissime,
569 2417 1008 2469 consummatus.
1061 2405 1226 2462 Pater
1254 2403 1638 2474 Theophanes,
1665 2400 1851 2456 Christ

2026 2399 2388 2470 ελειούμενος.
2446 2400 2629 2470 Πάτερ
2692 2399 2989 2470 Θεόφανες,
3049 2401 3284 2469 Χριστὸν
3328 2400 3422 2453 τὸν
3454 2399 3576 2454 Θεὸν

302 2509 414 2566 Deo
444 2507 710 2579 supplica,
733 2513 798 2559 ut
820 2515 1016 2572 magna
1047 2514 1148 2556 nos
1172 2494 1548 2552 misericordia
1579 2496 1782 2558 donet.

1671 2502 1782 2558 iet,
1991 2492 2201 2546 ἰκέτευε
2235 2491 2583 2564 δωρήσασθαι
2613 2493 2744 2561 ἡμῖν
2776 2492 2837 2543 τὸ
2867 2491 3014 2562 μέγα
3045 2491 3221 2556 ἔλεος.

435 2625 551 2681 Ode
578 2623 634 2678 4.
674 2619 964 2676 Sublimem
991 2616 1192 2671 elatum
1241 2613 1418 2667 videns
1447 2621 1494 2665 te
1520 2610 1778 2665 Ecclesia.

2070 2605 2182 2676 ᾮδ.
2213 2604 2276 2658 δ’.
2327 2603 2696 2673 Ἐπαρθέντα
2735 2620 2808 2658 σε
2836 2603 3054 2660 ἰδοῦσα
3086 2606 3123 2673 ἠ
3166 2604 3523 2673 Ἐκκλησία.

371 2719 649 2781 leorum
687 2713 782 2768 tibi
833 2708 1208 2782 regnum,vvir
1241 2713 1454 2769 sancte,
1502 2712 1754 2773 paratum
1807 2711 1892 2759 est

2073 2696 2140 2750 Ἢ
2158 2697 2408 2767 οὐράνιος
2451 2697 2784 2766 ἡτοίμασται
2822 2695 3071 2766 βασιλεία
3113 2695 3188 2760 ὡς
3221 2695 3428 2768 ἀθλητῇ
3476 2713 3582 2762 σοι,

303 2823 567 2882 tanquam
612 2807 832 2865 athletae
863 2821 876 2857 :
909 2813 1129 2858 terreno
1169 2797 1708 2854 enim'tabernaculo
1759 2813 1853 2868 gau

2097 2788 2199 2853 ›ξε·
2238 2788 2338 2858 τῆς
2361 2788 2471 2858 γάρ
2495 2787 2741 2858 ἐπιγείου
2777 2787 2985 2859 χαίρων
3023 2788 3324 2860 μετετέθης
3353 2789 3584 2860 σκηνῆς,
3640 2792 3647 2801 “

304 2880 440 2958 dens
468 2899 767 2956 translatus
785 2911 846 2952 es
869 2894 1132 2950 clamans
1163 2889 1396 2945 Domino
1426 2905 1440 2942 :
1487 2887 1674 2944 Gloria
1698 2897 1854 2960 potem

1995 2880 2136 2952 βοῶν
2163 2880 2243 2953 τῷ
2266 2882 2515 2952 Δεσπότῃ
2543 2897 2552 2912 ·
2582 2880 2718 2945 Δόξα
2747 2883 2812 2951 τῇ
2839 2880 3070 2953 δυνάμει
3101 2897 3218 2949 σου,
3253 2881 3447 2952 Κύριε.

307 2998 396 3050 tiae
429 3002 559 3056 tum,
591 2989 848 3045 Domine.

348 3100 350 3102 '
375 3054 762 3154 Triumphator
782 3078 1146 3149 TheOphanes
1168 3075 1394 3132 effectus
1414 3088 1493 3129 es.
1513 3071 1893 3128 Venerandam

2063 3059 2504 3129 Στεφανηφόρος,
2522 3057 2815 3126 Θεόφανες,
2833 3054 3164 3126 ἀνεδείχθης.
3181 3055 3253 3108 Τὸ
3269 3055 3378 3128 γὰρ
3395 3054 3591 3112 σεπτὸν

304 3181 510 3252 quippe
549 3149 758 3232 Christi
804 3172 1036 3242 eﬁigiem
1089 3185 1198 3225 non
1248 3167 1492 3223 ahnnisti
1529 3167 1729 3232 colere,
1782 3164 1854 3219 De

2042 3150 2284 3222 ,κόνισμα
2308 3149 2569 3222 Χριστοῦ,
2599 3149 2828 3220 θεοφόρε
2872 3150 3090 3219 μάκαρ,
3130 3149 3231 3201 οὐκ
3265 3150 3487 3218 ἠρνήσω
3513 3165 3592 3200 τι-

308 3241 513 3334 ιίΐηξιίε,
543 3269 625 3323 vir
656 3268 813 3322 beate
839 3283 852 3320 :
888 3241 1098 3319 idcirco
1129 3261 1298 3317 etiam
1324 3259 1603 3315 clamabas
1641 3275 1656 3312 :
1710 3256 1858 3311 Glori

2041 3245 2144 3315 ηᾷνο
2197 3241 2279 3296 διὸ
2315 3243 2412 3298 καὶ
2441 3242 2710 3314 ἐκραζεςο
2759 3242 2898 3308 Δόξα
2943 3243 3010 3313 τῇ
3049 3241 3278 3312 δυνάμει
3308 3257 3427 3306 σου,
3477 3241 3591 3293 Κύ-

307 3363 567 3436 potentiae
596 3368 725 3424 tuae,
766 3357 1016 3412 Domine.
2004 3352 2112 3436 ριε.

354 3454 590 3512 .Exsilio
614 3421 824 3522 eiectus
847 3449 932 3503 vir
957 3454 1182 3504 sanctus
1219 3443 1373 3515 impii
1404 3440 1622 3514 tyranni
1653 3440 1899 3504 decreto,

2074 3425 2487 3497 Μεθιστάμενος
2516 3423 2904 3498 προστάγματι
2926 3423 3022 3479 τοῦ
3052 3424 3315 3495 τυράννου
3344 3421 3437 3477 τοῦ
3464 3423 3591 3483 δυσ-

310 3549 600 3607 imbecilla:
638 3546 820 3602 carnis
869 3543 1079 3598 nullam
1124 3553 1352 3612 prorsus
1385 3539 1654 3593 rationem
1685 3534 1860 3590 habuii

2043 3516 2199 3582 εὸοὖς
2233 3519 2262 3572 ὁ
2289 3519 2457 3583 ὅσιος,
2507 3517 2712 3588 σαρκὸς
2739 3518 3028 3581 ἀσθενείας
3055 3516 3192 3580 ὅλως
3220 3517 3320 3569 οὐκ
3351 3515 3593 3589 ἐφρόντι-

309 3643 556 3698 clamans
622 3637 852 3694 Auctori
909 3650 925 3688 :
974 3610 1161 3689 Gloria
1238 3628 1498 3702 potentiae
1569 3637 1710 3694 tute,
1791 3624 1859 3678 Dc

2040 3630 2087 3680 ε,
2112 3611 2444 3684 κραυγάζων
2471 3611 2550 3688 τῷ
2592 3612 2889 3671 Κτίσαντιο
2913 3611 3054 3676 Δόξα
3084 3613 3150 3682 τῇ
3197 3610 3428 3679 δυνάμει
3473 3625 3590 3675 σου,

310 3737 472 3792 mine.

2005 3705 2198 3779 Κύριε.

381 3819 684 3894 Magniﬁcis
745 3814 998 3875 eﬂ‘ulsisti
1055 3811 1363 3878 miraculis,
1403 3810 1485 3866 vir
1534 3809 1646 3865 Deo
1698 3807 1898 3878 plene:

2084 3798 2494 3874 Ἐμεγαλύνθης
2525 3801 2638 3864 τοῖς
2671 3798 2937 3870 θαύμασι,
2967 3795 3222 3868 θεοφόρε·
3273 3799 3302 3849 ό
3329 3798 3438 3867 γὰρ
3461 3797 3595 3861 Θεὸς

312 3889 732 3980 Βευενιιοωίιυε
761 3908 934 3963 vicem
961 3903 1202 3960 reddidit
1267 3901 1655 3967 sustinentiae;
1710 3911 1862 3968 quam

2047 3891 2276 3962 μείψατό
2311 3909 2370 3944 σε
2397 3892 2499 3962 τῆς
2533 3890 2860 3962 καρτερίας·
2907 3889 3028 3943 ὅθεν
3079 3890 3176 3943 καὶ
3228 3889 3432 3960 ἰάματα
3487 3903 3597 3960 πη-

311 4009 498 4062 obrcm
520 4004 685 4060 etiam
711 4001 858 4056 velut
875 4014 905 4053 e
927 3998 1076 4051 lonte
1098 3994 1447 4051 sanationum
1479 3991 1715 4048 remedia
1740 4003 1861 4061 eget

2047 3985 2193 4050 άζεις
2238 3988 2351 4051 τοῖς
2417 3984 2712 4057 χρῄζουσιν
2770 3983 2958 4054 ὥσπερ
3029 3984 3095 4036 ἐκ
3152 3982 3373 4053 πηγῆς,
3436 3980 3597 4052 ἱερώ-

313 4099 461 4156 tibus
491 4093 700 4161 l'undis,
726 4093 808 4147 vir
839 4088 1230 4147 sacratissime.
2001 4094 2156 4133 τατε.

594 4208 708 4265 Ode
729 4207 782 4264 5.
815 4205 914 4275 Tu,
944 4204 1187 4273 Domine,
1211 4217 1382 4260 meum
1420 4200 1617 4254 lumen.

2369 4191 2477 4266 ᾯδ.
2505 4198 2568 4246 ε’.
2598 4190 2705 4258 Σὺ,
2745 4189 2924 4266 Κύριέ
2948 4207 3091 4260 μου,
3123 4189 3270 4260 φῶςο

383 4305 642 4362 Piissima
660 4301 911 4359 doctrina
932 4301 1251 4360 orthodoxae
1277 4295 1408 4356 ﬁdei
1432 4293 1739 4349 doctrinam
1763 4306 1904 4362 pra:-

2073 4286 2232 4356 Δόγῳ
2264 4285 2592 4340 πανευσεϐεῖ
2621 4283 2916 4356 ὀρθοδόξως
2931 4282 3199 4354 ἐκήρυξεν
3228 4283 3256 4334 ὁ
3293 4281 3440 4345 ὅσιος
3465 4279 3597 4334 Θεο-

316 4401 530 4457 dicavit,
549 4405 778 4455 sanctus
799 4392 1195 4466 Theophanes,
1222 4389 1462 4461 Spiritus
1516 4387 1635 4442 luce
1664 4387 1866 4442 illustra

2047 4379 2181 4450 άνης
2212 4377 2273 4431 τὸ
2302 4379 2407 4450 τῆς
2437 4379 2676 4442 πίστεως
2709 4376 2912 4447 δόγμα,
2947 4375 3025 4446 τῷ
3064 4374 3347 4444 Πνεύματι
3383 4372 3596 4444 λαμπό-

318 4503 428 4550 tus.

2008 4490 2189 4545 μενος.

359 4585 602 4656 ⁴υὺετεε
662 4579 882 4636 divitias
933 4577 1118 4633 divino
1172 4591 1336 4632 sensu
1378 4571 1566 4645 egenis
1619 4570 1903 4633 distribui-

2077 4565 2313 4620 Πλοῦτον
2373 4561 2694 4632 παντοδαπῆ
2747 4559 3053 4631 θεοφρόνως
3083 4559 3361 4628 διενειμας
3426 4573 3597 4626 προσ-

320 4678 412 4741 sti,
447 4675 665 4732 Domini
691 4681 966 4748 praecepto
1001 4671 1324 4734 obsecutus,
1358 4669 1442 4723 vir
1467 4667 1791 4725 clarissime.

2047 4660 2243 4729 5ιγματι
2267 4657 2362 4712 τοῦ
2389 4655 2663 4710 Δεσπότου
2695 4655 2806 4718 τοῖς
2844 4654 3007 4725 πενίᾳ
3045 4652 3281 4720 συζῶσιν
3309 4650 3597 4722 ἑπόμενος,

2011 4753 2267 4824 πανεύφη
2275 4769 2365 4822 με.

388 4857 495 4924 Qui
537 4853 606 4910 ad
637 4853 895 4910 Auctoris
930 4851 1220 4922 imaginem
1245 4849 1431 4904 animo
1453 4846 1708 4903 conditus
1728 4860 1902 4912 esses,

2086 4847 2267 4918 Ἔχων
2294 4844 2394 4916 τὴν
2431 4843 2610 4915 ψυχὴν
2636 4841 2755 4897 κατ’
2788 4841 2973 4896 εἰκόνα
2999 4840 3092 4895 τοῦ
3125 4839 3447 4904 Κτίσαντος,
3501 4836 3599 4909 τὴν

322 4952 702 5004 intenicratam
739 4945 960 5002 Domini
1019 4942 1372 5000 venerabaris
1414 4941 1725 5012 imaginem,
1761 4939 1872 4995 desi

2049 4954 2279 5009 χραντον
2304 4934 2398 4990 τοῦ
2429 4935 2703 4988 Δεσπότου
2729 4933 3089 5002 προσεκύνεις
3121 4926 3327 4998 εἰκόνα,
3344 4929 3424 5002 τῷ
3449 4928 3599 5002 πόθῳ

322 5045 472 5098 ιὶυνίο
499 5040 849 5097 exosculans.

2012 5030 2415 5100 ἀσπαζόμενος.

356 5139 468 5192 Ode
494 5137 546 5195 6.
585 5131 921 5203 Sacriﬁcabo
957 5129 1052 5184 tibi
1077 5145 1196 5187 cum
1227 5145 1348 5183 voce
1385 5127 1588 5191 laudis,
1623 5126 1867 5180 Domine.

2049 5122 2157 5196 ᾬδ.
2192 5098 2265 5196 ςί.
2300 5122 2474 5177 Θὺσω
2498 5136 2599 5176 σοι
2621 5120 2772 5190 μετὰ
2797 5119 3006 5190 φωνῆς
3042 5115 3350 5183 αἰνέσεως,
3377 5098 3570 5183 Κύριέ.

398 5230 576 5300 Dirge
619 5229 684 5283 ad
727 5229 986 5281 virtutem
1019 5225 1185 5278 vitam
1220 5239 1422 5287 meam,
1466 5224 1550 5276 vir
1575 5229 1782 5284 sancte,
1811 5232 1914 5272 re-

2089 5215 2297 5270 ἰθυνον
2347 5215 2484 5285 πρὸς
2514 5215 2717 5286 ἀρετὴν
2743 5214 2832 5266 τὸν
2868 5212 2982 5283 βίον
3031 5228 3156 5282 μου,
3188 5210 3304 5262 ὅσιε
3330 5225 3343 5237 ”
3374 5208 3475 5278 τὴν
3506 5210 3603 5278 τῆς

328 5317 914 5386 ligiosaainstitutionis
941 5315 1193 5370 semitam
1230 5316 1360 5380 tuis,
1407 5311 1592 5377 Pater,
1655 5311 1878 5380 precibu

2057 5309 2302 5378 σκήσεως
2347 5307 2534 5384 τρίϐον
2567 5309 2688 5372 ταῖς
2749 5307 2936 5377 εὐχαῖς
2987 5321 3116 5368 σου,
3157 5304 3362 5374 Πάτερ,
3408 5300 3603 5370 ἐξομα-

327 5413 719 5480 complanant);
765 5423 932 5478 quam
963 5423 1119 5477 roga,
1175 5408 1260 5461 vir
1285 5407 1464 5472 beate,
1525 5414 1584 5460 ut
1617 5414 1769 5460 recto
1798 5413 1877 5458 tra

2054 5399 2194 5465 ίσας,
2223 5402 2290 5471 ἣν
2346 5400 2614 5464 συντόνως
2648 5400 2972 5472 εὐθυπορεῖν
3024 5415 3116 5470 με,
3177 5399 3390 5470 μάκαρ,
3442 5393 3601 5460 ἀξίω-

329 5503 459 5558 mite
497 5501 715 5560 concite
748 5515 813 5555 ac
836 5509 1107 5556 contente
1141 5514 1484 5570 percurram.
2020 5512 2132 5550 σον.

398 5594 595 5651 Sobrie
657 5601 918 5662 casteque
973 5591 1138 5645 vitam
1199 5591 1477 5660 peregisti,
1532 5590 1616 5647 vir
1677 5597 1912 5649 sancte:

2083 5588 2386 5660 Σωφρόνως
2442 5605 2537 5650 σου
2595 5588 2694 5662 τῂν
2751 5585 2899 5657 ζωὴν
2953 5584 3233 5655 διήνυσας,
3281 5581 3426 5636 ὄσιε·
3462 5577 3601 5650 μετὰ

330 5688 527 5758 quippe
549 5701 676 5742 cum
704 5659 1016 5756 prudentia,
1041 5659 1382 5748 fortitudine,
1430 5697 1496 5739 ac
1516 5682 1732 5753 justitia
1770 5695 1880 5752 pra

2058 5659 2327 5754 ρονήάεως
2358 5683 2464 5753 γὰρ
2493 5659 2674 5754 ἔσχεξν
2713 5682 2810 5734 σὺν
2847 5677 3070 5750 ἀνδρείᾳ
3119 5677 3229 5747 γὰρ
3257 5673 3357 5747 τὴν
3395 5673 3601 5726 δικαιο-

330 5781 480 5836 ditus
535 5779 725 5848 fuisti,
778 5779 1154 5852 virtutumque
1199 5777 1388 5840 choro
1447 5785 1681 5833 ornatus
1734 5773 1880 5830 eluxi

2053 5775 2206 5847 ὐνην,
2239 5776 2337 5832 καὶ
2367 5776 2444 5848 τῷ
2467 5776 2654 5849 κύκλῳ
2681 5776 2794 5835 τῶν
2821 5770 3038 5848 ἀρετῶν
3068 5770 3276 5844 ὶφάνης
3292 5765 3598 5845 κοσμούμεν

331 5873 421 5930 iiii.
585 5919 598 5929 .

585 5919 598 5929 .
2020 5881 2106 5930 νος
2114 5906 2125 5920 ι
