3926 6506
357 392 418 459 ω
1535 399 2027 462 THEOPHANIS
2079 403 2474 471 OFFICIUM.
3573 427 3646 492 50

414 504 695 571 Εὐκλείας
723 508 1067 580 μαρτυρικῆς
1093 509 1319 582 ἐπέϐης,
1353 511 1650 583 θεόφανες,
1691 515 1790 585 τῆς
1817 515 1913 569 Sec

2023 561 2030 586 ,
2129 521 2388 611 Martyris
2431 527 2760 599 claritatem,
2784 530 3170 606 Theophanes,
3194 537 3426 611 adeptus
3452 557 3532 609 es,
3558 559 3646 602 ve-

349 600 588 672 μήτορος
623 601 794 673 κόρης
849 604 943 655 καὶ
991 604 1307 676 μαρτύρων,
1349 606 1533 679 Πάτερ
1556 651 1570 673 ,
1611 609 1738 673 τοὺς
1768 623 1912 680 χαρά

2049 609 2132 665 lnt
2158 614 2250 680 qui
2273 609 2365 671 Dei
2394 621 2635 686 parentis
2664 623 2878 692 puellae,
2913 600 3326 700 martyru-mque
3351 600 3640 706 imagines,

346 694 557 765 κτῆρας
587 693 666 757 ὡς
695 697 958 766 τιμήσας,
995 697 1088 750 καὶ
1118 701 1232 762 τοῖς
1263 698 1516 763 διώκταις
1551 701 1912 774 ἀντιταττόμε

2047 718 2080 759 ο
2141 707 2322 775 Pater,
2379 721 2673 771 veneratus
2726 716 2827 784 sis,
2893 734 2959 776 ac
3006 725 3454 792 persecutoribus
3505 727 3641 785 resi-

347 803 453 849 νος.

571 882 902 941 Κοντάκιον.
937 879 1113 956 ’Ἡχος
1136 884 1200 957 β’.
1238 886 1320 942 Τὰ·
1342 888 1466 940 ἅνω
1491 887 1706 955 ζητῶν.

422 971 511 1038 Ἐξ
557 973 735 1043 ὕψου-ς
765 975 948 1029 λαϐὼν
985 977 1084 1046 τὴν
1135 977 1286 1032 θείαν
1320 980 1666 1049 ἀποκάλυψιν
1718 982 1942 1053 ἐξῆλθες

341 1065 542 1137 σπουδῇ
579 1069 649 1119 ἐκ
691 1066 880 1137 μέσων
924 1069 1034 1124 τῶν
1065 1069 1334 1142 θορύϐων,
1369 1073 1464 1125 καὶ
1501 1073 1765 1142 μονάσας,
1801 1076 1936 1142 ὃσιε,

2047 805 2242 856 stcres.

2238 891 2584 954 Contacium.
2613 898 2799 959 Tonus
2819 902 2874 957 2.
2928 903 3170 976 Superna
3201 925 3460 981 quaerens.

2115 980 2308 1040 Divina
2349 1003 2379 1043 e
2404 989 2550 1044 celso
2577 993 2912 1050 revelatione
2946 1007 3191 1068 accepta,
3215 980 3261 1056 re
3291 1002 3488 1059 mediis
3519 1011 3636 1061 tur-

2043 1073 2128 1130 bis
2162 1075 2394 1135 festinns
2438 1085 2746 1153 excessisti,
2802 1090 3171 1161 monachique
3221 1096 3508 1167 amplexus
3547 1099 3636 1154 in-

336 1160 564 1230 εῦιηφας
600 1161 891 1231 ἐνεργείας
929 1165 1021 1218 καὶ
1051 1165 1394 1238 προφητείας
1429 1165 1668 1238 ἀξίωμα,
1703 1167 1913 1239 συμϐίοι

2042 1167 2316 1236 stilutum,
2387 1173 2473 1229 vir
2526 1186 2735 1244 sancte,
2797 1160 3134 1250 Operationis
3193 1202 3257 1240 ac
3313 1160 3634 1259 prophetia:

335 1253 423 1306 nl
456 1252 702 1308 πλούτου
736 1256 1121 1327 στερούμενος.

1001 1351 1065 1404 '0
1100 1347 1290 1420 οἰκος.

414 1439 543 1493 Ἐπὶ
591 1441 697 1512 τῆς
735 1442 838 1513 γῆς
897 1444 1064 1514 μηδὲν
1112 1447 1500 1518 προθυμήσας,
1551 1449 1935 1520 ἡκολούθησας

333 1531 533 1602 χαίρων
570 1533 649 1603 τῷ
670 1533 933 1588 καλοῦντί
968 1553 1028 1588 σε
1058 1537 1302 1608 Χριστῷ,
1334 1541 1429 1592 καὶ
1456 1540 1548 1594 τὸν
1573 1540 1737 1609 ζυγὸν
1765 1541 1930 1595 αὑτοῦ

334 1623 521 1689 ἔλαϐες
559 1627 654 1678 ἐπὶ
690 1626 802 1679 τῶν
828 1625 994 1697 ὤμων
1025 1628 1137 1684 τῶν
1171 1630 1278 1683 σῶν
1312 1632 1639 1703 προθύμως,
1677 1635 1771 1688 καὶ
1795 1636 1931 1690 ἀνά-

2043 1273 2248 1317 munus
2277 1264 2562 1336 accepisti,
2601 1283 2776 1323 uxore
2799 1285 2993 1328 carens
3036 1281 3202 1344 atque
3237 1275 3465 1334 divitiis.

2725 1357 2949 1417 Domus.

2107 1446 2244 1502 Cum
2278 1451 2332 1504 in
2367 1458 2527 1508 terra
2548 1453 2961 1527 nihil'cnperes,
3016 1470 3305 1516 vocantem
3343 1461 3629 1522 Christum

2036 1543 2282 1613 gaudens
2307 1557 2528 1602 secutus
2553 1563 2632 1614 es,
2663 1549 2892 1621 ejusque
2913 1552 3103 1623 jugum
3133 1555 3185 1609 in
3213 1556 3473 1613 humeros
3506 1569 3632 1618 tuos

2036 1636 2206 1692 alacri
2258 1637 2446 1694 animo
2473 1642 2770 1707 sustulisti,
2813 1659 2879 1700 ac
2908 1646 3154 1715 requiem
3190 1648 3388 1703 animae
3422 1662 3526 1706 tua:
3550 1653 3632 1708 in-

341 1735 529 1773 πίωσιν
563 1711 726 1788 εὗρες
760 1723 826 1790 τῇ
857 1720 1003 1793 ψυχῇ
1029 1739 1144 1778 σου.
1170 1724 1384 1797 ’Ήνπερ
1419 1726 1589 1797 κάμοὶ
1624 1727 1703 1800 τῷ
1728 1728 1913 1799 πτωχὰ]

2033 1727 2256 1782 venisti.
2291 1727 2446 1786 Hanc
2474 1731 2610 1787 mihi
2638 1749 2862 1806 quoque
2895 1711 3125 1807 pauperi
3157 1739 3421 1811 segnique
3450 1741 3625 1807 mitte,

344 1813 431 1864 καὶ
453 1811 678 1880 ῥαθύμῳ
711 1813 1102 1884 κατάπεμψον,
1131 1815 1212 1887 τῷ
1245 1812 1485 1886 λέγοντι,
1519 1821 1612 1874 καὶ
1637 1817 1762 1891 μηδ’
1789 1822 1913 1885 ὅλως

2033 1817 2126 1887 qui
2159 1818 2363 1884 dicam,
2389 1839 2492 1880 nec
2521 1841 2754 1896 prorsus
2792 1829 3050 1896 eﬂiciam,
3080 1831 3186 1900 {sed
3218 1849 3404 1888 var-cm
3447 1837 3628 1895 adhuc

349 1904 657 1972 ἐκποιοῦντι,
719 1905 837 1959 ἀλλ’
897 1907 982 1962 ἔτι
1037 1910 1353 1980 σχολάζοντι
1411 1911 1470 1966 ἐν
1517 1917 1632 1977 τοῖς
1672 1913 1768 1968 τοῦ
1807 1915 1925 1986 βίου

2032 1913 2218 1967 saeculi
2251 1915 2448 1982 curis;
2497 1919 2796 1992 mirerqne,
2830 1934 2890 1979 ut
2924 1933 3123 1980 cuncta
3175 1924 3450 1998 eﬂ‘ugeris,
3491 1946 3626 1988 con-

361 1999 648 2068 πρὰγμασι,
677 2000 774 2054 καί
807 2001 1151 2074 θαυμάζοντι
1174 2004 1290 2070 πῶς
1317 2007 1500 2061 πάντα
1529 2007 1755 2078 ἔφυγες,
1789 2025 1913 2081 συμ-

2024 2003 2160 2076 jnge
2188 2019 2575 2082 carens‘atque
2610 2014 2844 2074 divitiis.

371 2092 482 2144 ϐίου
499 2091 590 2145 καὶ
612 2093 823 2148 ﬂuis-ou
858 2095 1247 2168 στερούμενος.

371 2181 569 2264 Alfi/nl
596 2184 690 2238 τοῦ
709 2187 888 2264 ὁρίου
925 2189 1170 2264 ματρὸς
1214 2190 1385 2259 ἡμῶν
1425 2194 1774 2264 Θεοφάνους
1816 2195 1923 2252 τοῦ

425 2257 954 2335 όμοᾼοτηςοῦητοῦ
1004 2257 1114 2335 τῆς
1153 2257 1554 2333 Σιγῖπριανῆςξ
1583 2266 1698 2321 τοῦ·
1729 2257 1800 2322 ἐν
1842 2269 1923 2335 τῷ

407 2324 632 2392 μετείω
662 2326 840 2396 Ἇγρῷ
866 2324 1168 2399 κειμένου.

401 2408 557 2478 οὗτος
575 2418 784 2488 πατρὸς
809 2421 912 2490 μὲν
940 2420 1044 2492 ἔφυ
1083 2423 1289 2491 Ἰσαὰκ,
1319 2427 1527 2499 μητρὸς
1547 2429 1604 2483 δὲ
1633 2429 1917 2504 Θεοδότης.

336 2505 433 2559 τοῦ
458 2507 511 2560 δὲ
540 2509 754 2579 πατρὸς
777 2511 1206 2584 τελευτήσαντας
1236 2518 1294 2572 ἐν
1328 2522 1396 2590 τῇ
1425 2521 1516 2574 ὑπ’
1541 2522 1705 2577 αὑτοῦ
1739 2525 1922 2580 διεπο-

329 2598 452 2668 μένῃ
486 2599 596 2652 τῶν
623 2603 1158 2677 Αἰγαιοπελαγητῶν
1186 2611 1358 2684 ἀρχῇ,
1395 2606 1464 2683 ἦν
1509 2613 1664 2686 παρὰ
1699 2618 1767 2686 τῇ
1807 2635 1916 2687 μη·-

320 2690 403 2757 τρὶ
429 2692 775 2761 ἀναγόμενος
805 2697 898 2748 καὶ
927 2697 1288 2768 τρεφόμενος.
1325 2702 1629 2773 Γενομένου
1663 2705 1721 2758 δὲ
1745 2707 1914 2761 αὑτοῦ

314 2780 381 2851 ιβ’
423 2784 611 2851 ἔτους,
659 2787 964 2858 ἁρμόζεται
992 2794 1236 2860 γυναικὶ,
1269 2794 1362 2848 καὶ
1403 2797 1578 2870 ταύτῃ
1610 2800 1916 2871 συνδιάγων

305 2869 370 2943 ἦν
400 2878 640 2947 χρόνους
663 2885 738 2948 η’.
756 2879 994 2946 Πλοῦτος
1020 2878 1161 2954 δὲῆν
1183 2885 1522 2958 ἀμφοτέροις
1550 2869 1739 2955 πολύς.
1775 2869 1915 2964 Συμ-

303 2965 471 3039 ϐούὶῳ
522 2969 586 3022 δέ
618 2988 730 3025 τινι
781 2974 1132 3044 χρησάμενος
1183 2977 1297 3046 ἰδίῳ
1329 2980 1540 3056 οἰκέτῃ,
1570 2982 1737 3038 πόθον
1784 2985 1912 3056 ἔσχε

301 3061 464 3114 πολὺν
496 3063 596 3117 τὸν
631 3064 744 3117 τῶν
779 3067 1064 3135 μοναστῶν
1099 3070 1354 3125 ὑπελθεῖν
1405 3072 1541 3144 βίον.
1576 3075 1689 3148 Τῆς
1717 3077 1774 3132 δὲ
1803 3097 1911 3151 μη-

2029 2185 2487 2281 Μροηγοςὸᾳδαηοῐί
2531 2191 2713 2281 Patris
2744 2204 2913 2281 nostri
2945 2199 3274 2277 Theophanis
3299 2213 3619 2281 confessoris

2097 2257 2400 2332 Singrianw
2433 2271 2698 2337 monac/ii,
2725 2275 2816 2342 qui
2845 2277 2898 2330 in
2923 2257 3112 2350 magno
3142 2282 3281 2352 Agro
3303 2257 3546 2354 quiescit.

2095 2411 2195 2471 ilic
2223 2416 2429 2478 lsaacio
2457 2435 2614 2494 patre
2663 2439 2826 2486 natus
2865 2442 2973 2497 est,
3018 2443 3192 2492 matre
3221 2447 3406 2494 autem
3438 2438 3620 2498 Theo-

2020 2507 2170 2576 dota,
2209 2523 2364 2582 patre
2397 2529 2635 2587 mortuo,
2691 2523 2822 2578 dum
2873 2525 3408 2599 IEgeopelagitarum
3475 2549 3617 2603 pra:-

2019 2600 2288 2662 fecturam
2329 2612 2488 2681 gerit,
2516 2613 2620 2670 sub
2650 2617 2840 2672 matris
2871 2634 3003 2675 cura
3054 2622 3362 2679 instituitur
3394 2641 3458 2681 ac
3475 2600 3619 2682 edu-

2021 2705 2193 2754 catur.
2261 2703 2549 2760 Annorum
2575 2706 2755 2766 factus
2781 2711 3095 2778 duodecim,
3131 2717 3350 2774 feminae
3377 2719 3617 2790 despon-

2017 2794 2364 2863 szejunctus,
2406 2812 2532 2852 cum
2564 2814 2629 2854 ea
2657 2803 2818 2857 annis
2847 2812 2973 2858 octo
3006 2807 3174 2862 vitam
3199 2809 3460 2865 socialem
3479 2812 3611 2883 agit.

2017 2885 2191 2941 Erant
2252 2887 2417 2944 ambo
2471 2890 2668 2958 opibus
2716 2892 3154 2964 locupletissimi.
3211 2896 3381 2955 Porro
3423 2900 3614 2958 [annuli

2015 2980 2306 3050 cujusdam
2364 2981 2654 3039 domestici
2721 2988 2974 3045 consiliis
3035 2989 3338 3058 inductus,
3403 2995 3614 3067 ingenti

2013 3073 2292 3129 desiderio
2325 3075 2618 3132 tenebatur
2651 3080 3017 3150 amplectendi
3068 3092 3245 3141 status
3292 3089 3609 3145 monastici.

295 3153 417 3222 τρὸς
450 3154 546 3207 τὸν
577 3156 708 3226 βίον
737 3159 1113 3234 ἀπολιπούσης
1161 3163 1256 3216 καὶ
1288 3164 1519 3220 πλοῦτον
1550 3167 1776 3240 ἄπειρον
1805 3174 1909 3228 αὐ-

2023 3163 2192 3220 Matre
2220 3166 2358 3222 vivis
2387 3178 2663 3239 exempta,
2706 3171 3102 3244 immensisque
3134 3175 3246 3232 lilio
3290 3178 3495 3236 relictis
3523 3180 3612 3236 di-

296 3248 369 3314 τῷ
399 3250 905 3319 καταλελοιπυίας,
943 3256 970 3307 6
999 3255 1268 3328 κηδεστὴς
1297 3259 1466 3313 αὐτοῦ
1495 3262 1786 3333 πληρῶσαι
1837 3269 1907 3323 τὰ

2023 3260 2191 3326 vitiis,
2223 3261 2453 3332 cogebat
2484 3278 2638 3320 socer
2663 3274 2723 3319 ut
2758 3267 3076 3338 nuptiarum
3117 3269 3359 3342 legitima
3412 3273 3611 3344 imple-

298 3338 368 3410 τῷ
395 3342 565 3414 γάμῳ
606 3347 981 3415 νενομισμένα
1009 3348 1200 3404 τοῦτον
1222 3351 1557 3418 ἐξεϐιάζετο.
1593 3359 1704 3412 Καὶ
1729 3359 1794 3432 δὴ
1809 3363 1909 3432 τῆς

297 3435 482 3506 κυρίας
513 3437 756 3509 ἡμέρας
785 3440 1338 3515 καταλαϐούσης,καὶ
1369 3449 1584 3512 παστὰς
1608 3446 1904 3524 ἐπήγνυτο,

295 3526 382 3580 καὶ
413 3529 699 3598 ὑμέναιος
729 3531 906 3602 ᾔδετο,
957 3536 1051 3588 καὶ
1080 3537 1148 3590 τὰ
1180 3537 1346 3594 λοιπὰ
1375 3542 1634 3599 ἐτελεῖτο.
1663 3548 1818 3601 Ἐπεὶ
1848 3549 1906 3603 δέ

295 3619 525 3692 enim
559 3624 749 3678 αὐτὸν
795 3626 888 3679 τὸν
924 3629 1199 3701 μακάριον
1244 3634 1339 3687 καὶ
1388 3634 1487 3707 τὴν
1518 3637 1778 3694 σύνευνον
1805 3659 1907 3697 κα-

293 3715 522 3783 ταμόνας
574 3717 848 3784 γενέσθαι
895 3721 1105 3787 ἐκάλει,
1163 3724 1233 3778 τὰ
1266 3725 1377 3780 τῶν
1412 3727 1694 3802 λογισμῶν
1735 3734 1902 3788 αὐτοῦ

300 3810 482 3877 κρύφια
514 3811 814 3882 ἐφανέρου
837 3816 902 3885 τῇ
929 3815 1153 3882 νεάνιδι,
1183 3819 1306 3890 ἥτις
1349 3822 1444 3875 καὶ
1491 3826 1863 3892 συγκατέθετο
1885 3845 1898 3859 ·

303 3900 375 3948 καὶ
400 3900 518 3955 εἴτι
546 3900 610 3954 δ’
632 3900 700 3954 ἂν
731 3902 825 3955 καὶ
855 3903 1114 3976 βούληται
1138 3909 1303 3974 αὐτὸς
1332 3913 1621 3983 πράττειν,
1652 3917 1900 3993 καὶαὺτὴ

289 3990 431 4044 τοῦτο
466 3993 638 4064 μετὰ
690 3996 1004 4068 προθυμίας
1053 4000 1430 4058 διεϐεϐαιοῦτο
1483 4012 1678 4062 ποιεῖν.
1720 3990 1900 4085 Ὅπερ

283 4087 541 4154 ἀκούσας,
574 4090 962 4166 ηὑχαρίστησε
989 4095 1068 4167 τῷ
1097 4095 1240 4169 Θεῷ.
1292 4101 1522 4156 Ἔκτοτε
1558 4103 1651 4157 οὖν
1680 4107 1900 4162 ἐποίουν

279 4178 594 4252 ἁμξότεροι
627 4182 725 4245 τὰς
751 4184 1022 4256 ἡμερινὰς
1039 4189 1131 4241 καὶ
1156 4193 1480 4264 νυκτερινὰς
1501 4196 1689 4266 εὐχάς.
1712 4199 1900 4256 Ταῦτα

281 4272 464 4339 μαθὼν
495 4273 674 4328 Λέων
699 4277 728 4328 6
749 4275 1020 4348 δυσσεϐὴς
1049 4278 1306 4350 βασιλεὺς
1358 4284 1454 4338 καὶ
1492 4288 1521 4340 6
1566 4288 1760 4344 τούτου
1795 4309 1898 4362 κη-

274 4361 488 4433 δεστὴς,
566 4363 840 4418 διεκώλυε
904 4369 1032 4432 τοὺς
1104 4369 1260 4436 νέους
1306 4373 1403 4426 τοῦ
1483 4376 1713 4432 σκοποῦ.
1773 4380 1896 4447 Ἐξ-

272 4456 580 4510 απέστειλε
622 4456 678 4510 δέ
708 4459 871 4512 αὐτὸν
901 4461 929 4513 ὁ
958 4460 1213 4530 βασιλεὺς
1261 4466 1399 4536 πρὸς
1422 4469 1484 4522 τὸ
1529 4470 1627 4541 τῆς
1655 4472 1897 4538 Κυζίκου

2010 3364 2112 3420 ret,
2153 3369 2496 3426 uxoremque
2537 3358 2703 3412 tiliam
2750 3359 2994 3417 duceret.
3054 3363 3135 3418 Ac
3167 3379 3300 3419 vero
3325 3381 3452 3422 cum
3471 3383 3608 3424 con-

2008 3443 2198 3499 stituta
2223 3445 2336 3501 dies
2367 3445 2700 3512 advenisset,
2729 3449 2953 3518 ponitur
2973 3450 3272 3518 thalamus,
3295 3455 3612 3526 hymenaeus

2009 3541 2306 3604 orcinitur,
2343 3543 2662 3614 reliquaque
2689 3547 3012 3613 nuptiarum
3041 3547 3313 3604 solemnia
3342 3566 3609 3624 peragun-

2009 3641 2119 3686 tur.
2191 3629 2432 3703 Urgebat
2459 3643 2696 3704 tempus,
2721 3635 2948 3708 jamque
2973 3637 3057 3693 vir
3088 3639 3283 3696 beatus
3311 3657 3436 3696 cum
3471 3658 3607 3700 con-

2001 3725 2134 3797 juge
2166 3725 2394 3780 thalami
2427 3736 2638 3781 secreta
2661 3737 2782 3784 erat
2812 3729 3108 3798 petiturus.
3146 3729 3285 3786 Tum
3309 3732 3404 3788 illo
3435 3735 3605 3792 animi

2006 3832 2272 3872 arcanum
2309 3818 2615 3889 detegente,
2645 3819 2826 3889 puella
2877 3821 3076 3878 lubens
3104 3824 3424 3893 assentitur,
3485 3842 3608 3882 cer-

2005 3921 2171 3976 toque
2195 3910 2447 3977 aﬂirmat,
2483 3911 2529 3967 si
2559 3913 2694 3984 quid
2717 3913 2808 3970 ille
2826 3915 2978 3980 velit,
3015 3931 3074 3972 se
3105 3932 3328 3989 quoque
3354 3931 3606 3990 prompte

2005 4003 2298 4058 facturam.
2355 4003 2455 4060 His
2495 4005 2719 4076 juvenis
2759 4007 2990 4076 auditis,
3051 4009 3165 4065 Deo
3215 4011 3418 4081 gratias
3446 4014 3601 4084 agit:

2001 4098 2314 4168 exindeque
2363 4098 2527 4153 ambo
2593 4100 2688 4155 diu
2742 4109 3018 4173 noctuque
3078 4103 3337 4173 precibus
3391 4106 3601 4162 assidui

2001 4200 2182 4245 erant.
2251 4189 2332 4245 Re
2355 4190 2599 4261 cognita,
2634 4189 2746 4246 Leo
2787 4191 2991 4262 impius
3027 4191 3349 4262 imperator,
3397 4209 3463 4249 ac
3493 4193 3602 4250 viri

2000 4296 2181 4349 socer,
2211 4295 2240 4334 a
2267 4281 2553 4351 proposito
2574 4281 2951 4338 adolescentes
2981 4283 3404 4353 prohibuerunt.
3455 4283 3602 4341 Misit

2000 4392 2244 4448 namque
2273 4377 2576 4448 imperator
2597 4376 2885 4448 Cyzicum,
2945 4393 3067 4434 eam
3121 4380 3176 4434 in
3208 4380 3399 4435 urbem
3438 4395 3596 4434 suam

1999 4485 2224 4542 Operam
2257 4471 2591 4527 collaturum
2625 4485 2639 4522 :
2681 4469 2796 4539 jam
2828 4469 2978 4524 enim
3030 4479 3146 4526 tum
3182 4471 3596 4528 exstruebatur.

269 4551 516 4622 κάστρον
577 4556 1050 4627 συγχειρήσοντα·
1115 4560 1220 4631 ήδη
1269 4562 1380 4635 γὰρ
1427 4567 1548 4620 τότε
1605 4569 1891 4636 ἐκτίζετοο

2023 4564 2206 4618 lbiens
2239 4577 2366 4618 vero
2419 4561 2719 4632 praclarus
2744 4562 2988 4630 juvenis,
3030 4563 3148 4620 suis
3201 4565 3320 4636 ipse
3350 4567 3594 4636 sumpti-

270 4643 361 4695 καὶ
382 4645 661 4700 ἀπελθὼν
690 4650 719 4701 6
753 4650 939 4720 τίμιος
972 4653 1104 4716 παῖς
1128 4651 1190 4719 ἐξ
1219 4653 1367 4710 ἰδίων
1393 4659 1766 4732 ἀναλωμάτων
1791 4666 1893 4736 τὴν

2023 4669 2123 4720 ius,
2164 4653 2314 4724 quod
2340 4651 2692 4724 imperatoris
2705 4652 2866 4723 jussu
2893 4654 3016 4710 urbi
3051 4657 3434 4726 praestandum.
3453 4667 3593 4725 erat,

268 4735 358 4789 τοῦ
387 4737 751 4809 κρατοῦντος
794 4741 1043 4796 δουλείαν
1093 4747 1387 4819 πεποίηκε.
1427 4749 1518 4822 Τῷ
1567 4753 1626 4807 δὲ
1659 4735 1892 4828 εἰκοστῷ

2023 4749 2198 4805 :ﬂ‘ccit.
2258 4746 2468 4804 IEtatis
2495 4761 2663 4831 porro
2701 4746 2852 4805 illius
2905 4764 3053 4805 anno
3087 4749 3351 4807 vicesimo
3388 4751 3594 4822 primo,

267 4828 474 4897 πρώτῳ
499 4829 697 4901 χρόνῳ
724 4831 827 4902 τῆς
857 4832 1025 4888 αὐτοῦ
1055 4834 1294 4906 ἡλικίας,
1317 4839 1346 4892 ὅ
1378 4857 1437 4894 τε
1466 4840 1813 4917 θηριὼνυμος
1842 4848 1889 4880 ⁸⁸

2023 4859 2122 4898 :um
2152 4840 2266 4898 Leo
2297 4828 2618 4913 impera-tor,
2671 4851 2787 4899 tum
2819 4841 2923 4898 viri
2950 4857 3111 4900 socer
3154 4843 3322 4900 vitam
3344 4859 3597 4902 commu-

266 4918 536 4986 βασιλευς
605 4924 702 4976 καὶ
747 4924 776 4977 6
805 4926 1068 4999 πενθερὸς
1095 4930 1265 4984 αὐτοῦ
1321 4937 1767 5007 καταστρέφουσι
1796 4939 1888 4995 τὸν

2023 4945 2130 5004 ant,
2156 4935 2524 5006 deincepsque
2572 4935 2777 4992 nedum
2805 4935 3055 5007 juvenis,
3100 4936 3194 4992 sed
3219 4947 3275 4993 et
3301 4939 3454 4995 orbis
3474 4941 3592 5010 ipse

263 5010 376 5079 βίον
396 5031 412 5044 ’
441 5015 557 5068 καὶ
588 5014 778 5069 λοιπὸν
804 5017 865 5070 ἐν
896 5018 1188 5095 ἐλευθερίᾳ
1219 5025 1283 5077 οὐ
1318 5025 1482 5096 μόνον
1510 5030 1538 5081 6
1568 5029 1707 5096 νέος,
1741 5033 1884 5088 ἀλλὰ

2023 5030 2133 5084 lber
2188 5030 2339 5100 agit,
2406 5027 2564 5083 lrene
2611 5028 2863 5100 Augusta
2936 5038 3192 5101 sceptra.
3236 5034 3588 5100 postmodum

258 5105 353 5157 καὶ
384 5106 422 5176 ἡ
482 5108 791 5179 οἰκουμένη
820 5110 1054 5180 γίνεται,
1103 5115 1346 5188 Είρήνης
1378 5118 1446 5172 τὰ
1477 5123 1738 5193 σκῆπτρα
1766 5124 1884 5178 δια-

2023 5121 2338 5177 moderante.
2425 5120 2566 5176 Cum
2634 5121 2823 5193 itaque
2885 5138 2953 5178 ex
3028 5130 3160 5178 voto
3213 5130 3410 5178 cuncta
3460 5137 3590 5180 sue-

257 5190 605 5263 δεξαμένης.
643 5195 798 5250 Ἐπεὶ
823 5198 880 5252 δὲ
911 5202 1054 5257 κατὰ
1084 5205 1208 5258 νοῦν
1260 5207 1441 5263 πάντα
1479 5190 1631 5284 αὐτῷ
1660 5190 1880 5285 γέγονε,

2023 5215 2330 5283 essissent,
2403 5215 2593 5286 egenis
2670 5190 2747 5270 ac—
2799 5215 3138 5294 pauperibus
3216 5215 3588 5273 substantiam

258 5289 372 5348 τοῖς
413 5287 640 5342 ἐνδεέσι
666 5292 760 5344 καὶ
793 5297 1031 5365 πτωχοῖς
1064 5298 1164 5368 τὴν
1196 5300 1387 5356 οὐσίαν
1439 5305 1605 5358 αὐτοῦ
1635 5307 1886 5378 διεσκόρ-

2023 5309 2302 5374 listribuit,
2337 5323 2640 5380 servosque
2663 5287 2924 5372 libertate
2943 5308 3185 5365 donavit.
3215 5307 3585 5369 Nobilissimaa

256 5392 412 5444 πιπ,
450 5381 559 5434 καὶ
588 5383 717 5447 τοὺς
745 5385 984 5452 οἰκείους
1026 5389 1316 5465 ἐλευθερίᾳ
1365 5397 1632 5470 τετίμηκε
1663 5416 1676 5431 ·
1709 5405 1776 5475 τῇ
1824 5404 1882 5459 δὲ

2026 5413 2174 5459 utem
2205 5403 2431 5475 conjugi
2484 5403 2746 5475 elargitns
2773 5411 2978 5457 muttas
3024 5402 3312 5472 pecunias,
3336 5404 3391 5460 in
3421 5403 3587 5459 Prin-

254 5475 423 5545 τιμία
472 5473 650 5529 αὐτοῦ
677 5477 898 5551 συξύγφ
928 5483 1034 5555 χρή
1046 5501 1192 5555 ματα
1229 5488 1402 5544 πολλὰ
1429 5473 1876 5564 παρασχόμενος,

2024 5496 2130 5567 ipis
2161 5495 2236 5550 ita
2267 5473 2416 5551 dicto
2440 5473 2775 5550 monasterio
2792 5492 3058 5558 detonuit,
3084 5492 3329 5566 Megalus
3356 5495 3582 5553 nomine

258 5563 317 5614 ἐν
340 5568 408 5634 τῇ
446 5565 556 5618 τοῦ
579 5568 885 5640 Πρίγκιπος
912 5579 1048 5649 μονῇ
1079 5578 1398 5653 ἀπέκειρεν,
1428 5563 1668 5656 Εἰρήνην
1705 5587 1876 5661 αὐτὴν

2023 5563 2285 5644 ‘rlrenem
2313 5587 2390 5642 illi
2417 5593 2782 5643 commutato.
2824 5585 2874 5642 Is
2924 5601 3054 5643 vero
3087 5603 3149 5644 se
3195 5588 3427 5644 Domino
3457 5604 3581 5642 mu-

258 5656 385 5712 ἀπὶ
412 5659 715 5730 Μεγαλοῦς
744 5665 1039 5738 ὀνομάσας.
1068 5672 1242 5739 Αὐτὸς
1262 5673 1318 5729 δὲ
1344 5675 1425 5748 τῷ
1464 5677 1658 5751 Κυρίῳ
1679 5656 1874 5737 ἐαυτδν

2024 5699 2090 5740 us
2115 5683 2484 5741 consecratin
2506 5681 2865 5749 monasterio,
2893 5683 3043 5755 quod
3071 5683 3127 5741 in
3153 5683 3574 5758 Singrianorum

1582 5818 1820 5877 vanus
1879 5822 2292 5884 LECTIONES.
3583 5815 3622 5869 κ

339 5887 386 5919 ⁸⁸
429 5887 801 5963 θυριὼνυμος.
833 5895 959 5952 Par.
