3926 6464
504 419 574 482 67
1898 413 2392 478 THEOPIIANI-S
3704 426 3773 489 δε

505 533 818 599 tormentis,
850 533 1114 604 plurimas
1136 541 1438 602 martyrum
1463 532 1737 603 myriadas
1759 532 2076 588 coniecere:

2211 530 2389 594 πολλὰς
2441 531 2708 603 μυριάδας
2769 531 3064 604 μαρτύρων
3090 535 3136 567 ⁴⁸
3179 536 3468 607 ἐποίησαν,
3515 540 3774 607 παντοίας

508 627 576 680 de
610 627 811 696 quibus
851 627 942 696 qui
976 635 1102 681 octo
1132 625 1303 680 libros
1333 624 1724 680 Ecclesiasticte
1761 624 2000 679 historice
2025 623 2094 678 ab

512 719 749 774 Eusebio
806 720 1145 790 compositos
1194 717 1569 788 percurrerit,
1632 717 1888 772 notitiam
1952 717 2098 771 acci-

512 813 646 883 piet.

582 991 647 1048 A.
685 989 746 1046 C.
778 990 902 1045 288.
939 1021 1005 1030 --
1038 988 1216 1042 Roma:
1246 988 1478 1059 episcopi
1512 988 1725 1042 Eusebii
1768 1002 1939 1040 annus
1980 985 2099 1055 pri-

517 1102 657 1142 mus.

585 1179 700 1234 Hoc
737 1194 880 1233 anno
916 1177 1076 1232 novis
1117 1176 1284 1231 rebus
1329 1176 1636 1233 Amandum
1701 1189 1754 1234 et
1811 1179 2093 1235 Elianum

515 1270 571 1325 in
615 1269 807 1324 Galliis
865 1268 1148 1324 studentes
1201 1267 1568 1323 Maximianus
1627 1268 1918 1324 Herculius
1973 1285 2099 1325 sus-

510 1372 667 1431 cepta
728 1363 782 1417 in
832 1379 928 1417 eos
981 1361 1322 1432 profectione
1380 1361 1638 1417 confecit.
1672 1363 1908 1419 Crassus
1962 1379 2100 1434 quo-

513 1470 621 1525 que
651 1455 974 1510 seditionem
1019 1454 1208 1518 movit,
1262 1465 1315 1508 et
1355 1453 1695 1509 Britanniam
1747 1457 2036 1526 occupavit
2083 1473 2097 1509 :

515 1546 977 1616 quemadmodum
1049 1547 1294 1615 quinque
1371 1544 1627 1600 Gentiani
1696 1545 1982 1610 Africam,
2048 1558 2101 1602 et

516 1636 756 1691 Achilles
786 1634 1082 1706 JEgyptum
1121 1636 1462 1688 invaserunt.
1491 1635 1559 1688 At
1585 1633 1844 1689 Crassum
1877 1634 2099 1704 quidem

516 1728 694 1784 tribus
726 1729 887 1782 annis
929 1728 1212 1782 Britannia
1233 1727 1477 1797 potitum
1508 1725 1932 1796 Asclepiodotus
1961 1742 2099 1796 prae-

516 1820 696 1874 l'ectus
743 1819 972 1874 sustulit
1015 1834 1046 1874 e
1089 1819 1270 1873 medio
1306 1835 1319 1870 :
1359 1819 1410 1870 in
1443 1817 1634 1872 Galliis
1667 1827 1852 1872 autem
1898 1832 2100 1888 anceps

2198 624 2469 694 βασάνους
2501 623 2874 690 ἐπινοοῦντες,
2906 626 3198 681 καὶπολλὰ
3229 632 3376 682 κακά
3397 628 3774 699 ἐργαζόμενοι.

2197 715 2332 786 Περὶ
2357 709 2433 768 ὧν
2459 733 2544 780 τις
2570 717 2614 749 ⁸⁸
2641 717 3010 788 ἐπερχόμενος
3038 718 3137 789 τὴν
3168 719 3498 772 ὀκτάϐιϐλον
3529 721 3643 791 (21)
3676 723 3776 793 τῆς

2208 808 2754 878 Ἐκκλησιαστικῆς
2803 811 3073 879 ἱστορίας
3125 811 3389 866 Εὑσεὸίου
3415 813 3508 867 τοῦ
3543 815 3588 846 ⁸⁰
3619 817 3776 887 Παμ-

2198 899 2352 968 φίλου
2375 902 2580 955 εῐσεται
2600 901 2667 956 ⁸¹.

2267 991 2337 1044 A.
2374 991 2446 1045 Μ.
2492 991 2655 1048 5788.
2701 1025 2773 1036 -—
2822 993 3044 1063 Ῥώμης
3101 995 3443 1050 ἐπισκόπου
3485 997 3778 1052 Εὑσεόίυυ

2197 1084 2331 1150 ἔτος
2352 1090 2426 1138 α’.

2269 1176 2456 1246 Τούτῳ
2505 1176 2582 1248 τῷ
2630 1177 2743 1230 ἔτει
2789 1179 3159 1250 νεωτερισμοῦ
3210 1180 3498 1246 γεγονότος
3553 1180 3666 1251 (92)
3723 1183 3781 1236 ὲν

2199 1269 2454 1334 Γαλλίαις
2479 1270 2584 1323 ὑπὸ
2627 1269 2896 1340 Ἀμάνδου
2943 1271 3038 1324 καὶ
3090 1271 3346 1326 Δίλιανοῦ
3381 1273 3729 1342 Μαξιμιανδς
3753 1276 3782 1327 ὁ

2216 1360 2526 1432 Ἐρκούλιος
2574 1362 2765 1425 διαϐὰς
2839 1363 3089 1416 καθεῖλεν
3165 1362 3384 1425 αὐτούς.
3455 1363 3619 1417 Ἀλλὰ
3688 1366 3786 1418 κα)⁹

2201 1455 2457 1524 Κράσσος
2491 1455 2535 1486 ⁸⁸
2561 1455 2673 1525 (:25)
2710 1454 2938 1526 ἁντῆρε,
2966 1455 3063 1508 καὶ
3094 1455 3425 1526 Βρεττανίαν
3452 1456 3500 1488 ⁵³
3522 1457 3782 1526 κατέσχε,

2203 1548 2298 1600 καὶ
2330 1548 2378 1600 οἱ
2406 1546 2569 1600 πέντε
2629 1548 2905 1600 Γεντιανοὶ
2935 1548 2982 1579 ⁸⁸
3014 1547 3113 1619 τὴν
3153 1547 3441 1620 Ἀφρικὴν,
3470 1549 3564 1601 καὶ
3603 1549 3784 1618 Ἀχιλ-

2202 1640 2324 1702 λεὺς
2347 1640 2448 1709 τὴν
2479 1639 2776 1707 Αἴγυπτον.
2818 1638 2981 1692 Ἀλλὰ
3023 1640 3278 1708 Κράσσον
3329 1640 3426 1708 μὲν
3469 1640 3565 1692 ἐπὶ
3607 1641 3785 1710 τρισὶν

2205 1731 2349 1784 ἔτεσι
2378 1733 2477 1802 τὴν
2502 1731 2836 1803 Βρεττανίαν
2891 1731 3236 1800 κατασχόντα
3288 1730 3736 1797 Ἀσκληπιόδοτος
3759 1734 3787 1784 ὁ

2206 1818 2444 1888 ἔπαρχος
2479 1819 2710 1873 ἀνεῖλεν.
2759 1819 2846 1871 Ἐν
2872 1819 2928 1871 δὲ
2948 1821 3067 1882 ταῖς
3085 1819 3337 1883 Γαλλίαις
3371 1819 3480 1889 (24)
3499 1821 3787 1890 ἀγχίστρο-

515 1911 744 1968 omnino
787 1911 1063 1980 dubiaque
1096 1909 1225 1964 belli
1279 1908 1498 1963 fortuna
1533 1908 1859 1965 Constantio
1891 1909 2098 1964 Caesari

2211 1928 2302 1980 po;
2343 1910 2391 1944 ⁵⁸
2448 1913 2512 1963 ὲκ
2579 1909 2884 1981 παραδόξου
2915 1911 3105 1978 γέγονε
3152 1911 3520 1980 Κωνσταντίῳ
3551 1912 3787 1982 Καίσαρι

515 2021 583 2060 ex
609 2004 894 2073 in0pinato
923 2002 1175 2074 contigit.
1212 2000 1468 2070 Ejusdem
1503 2001 1706 2072 quippe
1736 2001 1842 2057 diei
1873 2017 1967 2058 sex
2002 2003 2100 2056 hoc

516 2112 702 2149 rarum
748 2095 1039 2150 intervallo
1083 2094 1261 2150 victus
1300 2105 1358 2148 et
1398 2093 1601 2149 vicisse
1640 2095 1794 2149 visus
1823 2102 1928 2149 est.
1962 2092 2100 2148 Nam

515 2186 674 2241 effusi
705 2187 760 2240 in
789 2185 1100 2242 Constantii
1143 2185 1444 2241 exercitum
1479 2185 1640 2238 Alani
1679 2185 1746 2239 ad
1788 2196 2099 2240 castrorum

519 2293 695 2348 usque
746 2293 936 2333 muros
989 2293 1115 2333 eum
1178 2287 1307 2334 sunt
1350 2278 1626 2333 insecuti:
1662 2276 1777 2347 ipse
1827 2291 1957 2330 vero
1993 2279 2102 2332 dux

517 2383 799 2429 extremus
834 2374 1098 2443 fugientis
1149 2374 1428 2429 exercitus
1477 2388 1738 2442 premens
1774 2372 2004 2442 vestigia
2046 2388 2107 2430 se

518 2465 840 2536 recipiebat.
897 2464 1185 2520 Obseratis
1229 2480 1362 2520 vero
1402 2465 1598 2535 portis,
1632 2479 1759 2518 cum
1810 2463 1956 2520 intro
1995 2479 2104 2518 non

522 2557 792 2624 potuisset
825 2557 1062 2621 admitti,
1098 2568 1357 2611 extensas
1389 2555 1456 2609 ad
1483 2571 1606 2610 eum
1641 2555 2108 2626 comprehenden-

519 2649 649 2703 dum
681 2650 923 2704 hostium
971 2665 1171 2704 manus
1218 2665 1495 2719 nusquam
1535 2649 1826 2714 evasisset,
1875 2649 1980 2703 nisi
2012 2648 2109 2703 de-

523 2741 706 2796 missis
735 2756 831 2810 per
858 2755 1076 2794 murum
1112 2739 1338 2794 fortibus
1367 2739 1433 2793 ad
1464 2746 1643 2792 castra
1682 2738 1877 2794 fuisset
1910 2738 2109 2792 subve-

519 2841 666 2887 ctus.
708 2831 858 2885 Intro
902 2842 1179 2898 receptus,
1215 2829 1399 2884 verbis
1448 2828 1754 2882 exercitum
1799 2827 2010 2882 animat
2055 2837 2112 2882 et

521 2921 870 2985 corroborat,
899 2928 954 2974 et
985 2921 1190 2990 impetu
1218 2919 1270 2972 in
1303 2919 1505 2972 Alanos
1534 2916 1701 2979 iacto,
1735 2917 1892 2972 caesis
1918 2932 2109 2971 eorum

524 3029 625 3070 sex
705 3013 950 3068 millibus
1019 3012 1337 3082 praclaram
1413 3010 1726 3076 assequitur
1799 3008 2109 3064 victoriam.

525 3106 895 3160 Maximianus
922 3103 1215 3159 Herculius
1236 3101 1354 3173 pari
1375 3111 1525 3157 sorte
1549 3102 1794 3170 quinque
1810 3101 2111 3157 Gentianos

2201 2003 2364 2072 τύχη.
2411 2002 2500 2058 Ἐν
2555 2001 2729 2073 ὥραις
2783 2003 2893 2074 γὰρ
2945 2002 3004 2068 ἓξ
3042 2002 3142 2072 τῆς
3173 2004 3343 2072 αὐτῆς
3373 2003 3585 2074 ἡμέρας
3625 2005 3717 2059 καὶ
3741 2004 3786 2035 ⁸⁸

2202 2094 2520 2165 ἡττώμενος
2551 2093 2708 2164 ὤφθη
2748 2096 2842 2148 καὶ
2890 2095 3058 2149 νικῶν
3112 2096 3434 2166 ἀπεδείχθη.
3490 2097 3651 2166 Ἀρτι
3690 2097 3787 2166 μὲν

2205 2187 2314 2258 γὰρ
2378 2186 2775 2249 ἐπικλύσαντες
2826 2187 2876 2239 oi.
2927 2187 3141 2241 Ἀλανοὶ
3178 2187 3223 2218 ⁸⁷
3273 2186 3350 2256 τῷ
3409 2188 3785 2241 Κωνσταντίου

2208 2276 2425 2348 στρατῷ
2451 2277 2578 2348 ἄχρι
2613 2276 2707 2331 καὶ
2756 2277 2837 2341 είς
2867 2277 2936 2331 τὰ
2959 2277 3112 2348 τείχη
3135 2277 3494 2341 κατεδίωξαν.
3523 2278 3690 2339 Αὐτὸς
3721 2277 3784 2330 δὲ

2204 2369 2490 2440 ἠκολούθει
2516 2371 2825 2434 τελευταῖος
2849 2371 3106 2441 φεύγοντι
3123 2371 3202 2441 τῷ
3229 2370 3467 2442 στρατῷ.
3494 2371 3704 2442 Ἐπειδὴ
3719 2371 3780 2424 δὲ

2209 2461 2612 2530 κεκλεισμένων
2657 2462 2768 2515 τῶν
2823 2463 3030 2528 πυλῶν,
3064 2463 3186 2516 οὐδὲ
3231 2461 3340 2516 Εσω
3366 2464 3411 2494 ⁵⁸
3450 2461 3541 2516 τοῦ
3571 2461 3780 2532 τείχους

2207 2551 2444 2621 ἠδυνήθη
2474 2550 2761 2614 εἰσελθεῖν,
2786 2553 2974 2622 χεῖρας
3001 2551 3276 2618 ἐξέτειναν
3305 2552 3353 2604 οί
3380 2552 3625 2622 πολέμιοι
3651 2551 3788 2622 πρὸς

2209 2645 2270 2696 τὸ
2317 2644 2608 2697 συλλαϐεῖν
2655 2644 2854 2698 αὐτόν’
2903 2642 3159 2715 σχοινίοις
3193 2645 3238 2675 ⁸⁸
3275 2643 3354 2708 δὲ,
3401 2643 3659 2707 καθέντες
3685 2645 3794 2698 ἀπὸ

2209 2735 2302 2789 τοῦ
2330 2735 2566 2806 τείχους,
2598 2734 2927 2790 ἀνείλκυσαν
2957 2734 3140 2788 αὐτόν.
3180 2735 3328 2788 Ἔσω
3366 2734 3423 2788 δὲ
3481 2736 3796 2804 γενόμενος,

2212 2833 2308 2883 καὶ
2333 2828 2425 2881 τὸν
2471 2826 2699 2897 στρατὸν
2741 2825 3173 2898 παραθαρσύνας
3217 2828 3282 2892 ⁸⁸,
3336 2826 3644 2894 ἐπεξελθὼν
3683 2831 3799 2893 τοῖς

2225 2919 2490 2982 Ἀλανοῖς,
2527 2919 2685 2988 νίκην
2733 2918 2858 2987 ἔσχε
2892 2919 3176 2990 λαμπρὰν,
3216 2918 3355 2972 ὥστε
3398 2919 3801 2990 ἑξακισχιλίους

2214 3011 2424 3062 πεσεῖν.
2459 3007 2807 3078 Μαξιμιανδς
2837 3008 2894 3060 δὲ
2924 3010 2951 3061 ὁ
2993 3008 3304 3080 Ἑρκούλιος
3343 3009 3450 3062 τῶν
3488 3010 3650 3064 πέντε
3678 3011 3718 3062 Γ
3722 3028 3806 3062 εν-

2214 3100 2414 3156 τιανῶν
2441 3098 2552 3169 (25)
2583 3102 2641 3153 ὲν
2673 3100 2741 3170 τῇ
2804 3097 3038 3171 Ἀφρικῇ
3089 3102 3384 3171 ἐκράτησε.
3417 3101 3806 3171 Διοκλητιανδς

522 3197 579 3268 6
605 3197 658 3252 in
701 3198 884 3252 Africa
928 3197 1169 3252 obtinuit
1204 3211 1219 3249 :
1254 3196 1320 3265 {et
1355 3194 1699 3249 Alexandriae
1738 3192 2102 3249 Diocletianus

2215 3195 2270 3250 δὲ
2299 3197 2356 3249 ὲν
2393 3194 2771 3265 Ἀλεξανδρείᾳ
2826 3193 2916 3246 τὸν
2950 3193 3203 3263 Ἀχιλλέα
3239 3193 3483 3250 καθεῖλε.
3519 3193 3695 3265 Συνῆν
3747 3196 3811 3248 δὲ

1790 3312 2019 3367 VARle
2057 3312 2467 3372 LECTIONES.

637 3407 683 3492 ξδ
719 3406 1006 3528 μάρτυρας
1046 3407 1088 3460 A
1121 3422 1150 3461 a
1175 3421 1226 3460 e.
1303 3407 1348 3438 ’⁸⁸
1379 3423 1465 3470 τις
1493 3406 1620 3459 add.
1653 3421 1719 3460 ex
1759 3407 1801 3458 A
1832 3421 1882 3460 e.

637 3493 749 3528 ισος
842 3516 856 3528 .
917 3479 1177 3528 Κρᾶσσος
1236 3476 1387 3528 vuln.
1500 3477 1546 3508 ⁵³
1577 3475 1882 3528 Βοιττανίαε

527 3476 749 3544 Κρὰσος
791 3476 856 3538 Α,
917 3479 1177 3546 Κρᾶσσος
1236 3476 1387 3546 vulg.

1960 3407 2005 3439 ⁵ο
2033 3407 2126 3460 τοῦ
2167 3407 2358 3478 {uti};
2390 3408 2458 3462 Π.
2483 3407 2549 3460 A.
2626 3407 2670 3478 Ψ
2694 3407 2909 3478 εἵσεται
2943 3407 2984 3478 A
3017 3406 3191 3460 [σεται
3225 3406 3373 3478 vulg.

1500 3477 1546 3508 ⁵³
1577 3475 1900 3546 Βριττανίαν
1932 3479 1976 3530 Α
2012 3478 2044 3530 h
2099 3477 2122 3530 ι’
2160 3475 2507 3533 constanter.

3451 3407 3495 3438 “
3523 3408 3817 3482 Κράσσος]

2614 3477 2660 3549 δξ
2690 3477 2979 3549 Γεντιανοὶγ
3007 3479 3047 3529 A
3112 3492 3170 3549 a_
3201 3493 3288 3549 ε,-
3313 3477 3608 3549 Γεττιανοὶν
3649 3477 3811 3549 vulg:

525 3549 572 3581 ⁵⁸
596 3545 1062 3616 ἀγχίστροφοςΑ,
1091 3545 1426 3617 ἁγχίτροφος
1458 3545 1631 3616 vulg.
1673 3546 1721 3577 "
1748 3545 1845 3599 καὶ
1867 3557 2002 3617 ante
2033 3548 2154 3616 ἡττ.
2191 3549 2318 3602 add.
2359 3564 2427 3602 ex
2465 3549 2530 3602 A.
2606 3548 2651 3579 ⁵⁷
2697 3546 2994 3616 Ἀλαμανοὶ
3047 3547 3196 3617 conj.
3249 3546 3416 3605 Goar.
3489 3548 3538 3581 ⁸⁸
3585 3548 3700 3602 ἔσω
3742 3545 3815 3616 Ᾰ,

523 3617 659 3672 εἴσω
714 3617 864 3688 vulg.
966 3619 1012 3650 ⁸⁸
1061 3617 1293 3687 σχοίνοις
1324 3633 1378 3683 a,
1435 3619 1648 3688 σχοῖνον
1674 3617 1729 3671 b.

1832 3616 1879 3648 ⁶⁰
1905 3618 2340 3689 παραθαρσύνας
2375 3619 2443 3683 A,
2487 3617 2926 3690 παραθαρρύνας
2955 3617 3106 3689 vulg.

1791 3731 1930 3787 JAC.
1985 3731 2197 3790 GOARI
2249 3732 2480 3790 NOTAE.

525 3835 576 3881 et
607 3825 673 3906 in_
682 3825 1047 3906 persecutione
1091 3836 1295 3906 martyr
1329 3824 1633 3906 declaratus
1659 3841 1678 3878 :
1722 3825 1947 3906 Eusebii
1972 3841 2114 3906 quo:

526 3909 635 3966 que
662 3893 756 3966 lib.
791 3910 886 3960 VII,
915 3909 1038 3966 cap.
1066 3895 1167 3966 ult.
1196 3910 1210 3946 :
1236 3893 1366 3966 ’Πρὸ
1397 3896 1492 3948 τοῦ
1520 3893 1763 3966 διωγμοῦ
1793 3896 1977 3966 τρισὶν
2003 3896 2113 3949 οὐδ’

527 3964 672 4027 ὅλοις
703 3964 878 4016 ἐτεσιν
914 3965 1268 4034 ἡγησάμενος
1293 3965 1393 4034 τῆς
1409 3965 1760 4034 Ἐκκλησίας.
1792 3964 1926 4020 Cum
1951 3967 2114 4019 trien-

530 4038 677 4089 nium
727 4049 886 4103 prope
942 4045 1065 4087 ante
1121 4036 1499 4103 persecutionis
1544 4045 1746 4104 tempus
1787 4036 1844 4089 in
1877 4035 2115 4090 Ecclesia

527 4106 871 4176 gubernanda
898 4108 1328 4175 consumpsisset.
1360 4105 1431 4160 lis
1465 4115 1647 4159 tamen
1687 4115 1966 4159 auctorem
2001 4120 2113 4159 non

528 4175 699 4247 probe
759 4190 920 4230 usum
984 4176 1319 4247 Athanasius
1382 4184 1436 4230 et
1500 4176 1934 4247 Eusebius_ipsi
1987 4183 2116 4230 sunt

532 4244 880 4316 argumento,
924 4247 1018 4316 qui
1069 4245 1137 4300 de
1190 4247 1420 4316 saeviore
1469 4246 1644 4301 altera
1684 4261 1728 4316 7a
1777 4244 2116 4300 Diacletiano

531 4315 796 4370 suScitata
847 4315 1230 4384 persecutione
1265 4315 1569 4384 loquuntur
1606 4333 1620 4370 :
1663 4315 1732 4370 de
1775 4331 1885 4386 qua
1925 4326 2118 4371 auctor

529 4387 648 4457 ipse
673 4386 744 4457 ad
759 4386 1096 4457 Diocletiani
1130 4402 1334 4441 annum
1367 4388 1452 4441 l9.

602 4456 716 4526 (21)
757 4455 1165 4528 Demartyrnm
1215 4459 1420 4528 prteliis
1459 4466 1511 4511 et
1543 4457 1798 4528 laudibus
1834 4455 2120 4528 ab_Eccleg

529 4526 750 4579 siastica
782 4525 1029 4580 Historia
1060 4525 1534 4596 opusrdiversum.
1563 4558 1632 4569 -κ
1680 4527 1846 4596 Atqui
1893 4525 2118 4581 Eusebii

2223 3828 2367 3897 apud
2396 3841 2512 3897 eos,
2551 3824 2873 3897 Eutropium
2912 3823 3149 3897 maxime
3177 3823 3272 3878 lib.
3304 3840 3381 3888 ix,
3415 3825 3643 3897 historia
3675 3825 3796 3881 ﬁde

2223 3893 2329 3952 lius
2361 3896 2568 3950 refert:
2613 3897 2658 3950 Α
2705 3895 3039 3948 Maximiano
3074 3893 3260 3962 jussus
3307 3895 3476 3965 occidi
3513 3912 3829 3965 purpuram

2221 3967 2472 4036 sumpsit,
2528 3975 2578 4019 et
2625 3965 2941 4036 Britannias
2989 3966 3330 4034 occupavit...
3371 3964 3453 4036 Ad
3483 3964 3828 4034 postremum

2222 4034 2622 4107 pam‘convenit.
2659 4034 2798 4088 Eum
2844 4045 2960 4102 post
2993 4037 3316 4107 septennium
3362 4035 3600 4090 Allectus
3631 4038 3829 4090 socius

2221 4105 2336 4175 ejus
2373 4106 2590 4166 occidit,
2623 4118 2779 4175 atque
2805 4107 2914 4174 ipse
2939 4117 3053 4174 post
3092 4121 3211 4158 eum
3237 4105 3550 4160 Britannias
3577 4108 3833 4160 triennio

2221 4179 2386 4232 tenuit
2421 4191 2440 4229 :
2484 4177 2573 4246 qui
2603 4178 2781 4246 ductu
2807 4175 3165 4246 Asclepiodoti
3189 4175 3426 4246 praefecti
3449 4179 3711 4246 pmtorio
3747 4187 3842 4232 est

2221 4244 2520 4317 oppressus.
2554 4245 2656 4317 illa
2690 4244 2976 4317 Britannia
3019 4244 3222 4317 decimo
3271 4263 3410 4300 anno
3444 4244 3654 4314 recepta
3720 4258 3842 4302 est.

2222 4315 2405 4384 Quare
2435 4316 2566 4370 tnihi
2591 4318 2895 4372 correCtius
2925 4316 3014 4370 h‘ic
3053 4315 3254 4383 legitur
3291 4331 3304 4368 :
3349 4317 3510 4370 Ἀλλὰ
3543 4319 3640 4370 καὶ
3679 4319 3842 4372 Ἀλ-

2221 4389 2416 4441 λεκτον
2449 4387 2707 4458 Κράσσου
2740 4385 3056 4458 τυραννίδος
3075 4387 3323 4458 διάδοχον
3352 4388 3446 4440 ἐπὶ
3466 4387 3675 4458 τρισίν,
3710 4398 3845 4444 etc.

2300 4458 2414 4528 (24)
2455 4455 3014 4528 Galliarutnlocum,
3073 4455 3384 4528 Lingonas;
3423 4455 3566 4511 inter
3620 4460 3849 4528 praelia

2225 4526 2336 4582 duo
2392 4528 2628 4597 spatium
2674 4526 2824 4582 horis
2883 4528 3128 4596 quinque
3185 4527 3410 4582 minus:
3453 4526 3641 4582 hostes
3713 4545 3848 4584 non

531 4596 771 4650 Historia
795 4580 1118 4666 δεκάόισλοξ
1143 4580 1253 4661 est,
1282 4580 1349 4651 ut
1362 4580 1560 4652 omnes
1591 4580 1794 4652 noruni
1824 4635 1840 4659 ,
1877 4598 1946 4666 16
1970 4580 2116 4659 libri,
2147 4580 2200 4640 D
2227 4580 2583 4662 Alanos',sed
2611 4580 2970 4658 Alemannos,
2993 4580 3169 4666 eoque
3198 4580 3320 4650 cum
3347 4580 3695 4653 Eusebioad
3714 4580 3852 4665 BD,

534 4682 642 4720 non
667 4665 997 4738 octo._Plane
1022 4668 1307 4738 scripserit
1323 4667 1689 4737 Theophanes
1712 4667 1812 4738 τὴν
1834 4665 1885 4736 η’
1911 4666 2115 4738 βίϐλον,

531 4751 600 4789 ex
659 4751 769 4808 quo
818 4736 1106 4808 imperitus
1138 4735 1508 4808 “antiquarius
1566 4753 1719 4792 suam
1767 4735 2120 4808 ’ὀκτὰὅιὸλον

531 4807 906 4878 exscripserit.
954 4807 1074 4878 (Qui
1124 4807 1305 4878 legerit
1357 4810 1550 4862 librum
1597 4818 1838 4862 octavum
1883 4807 2121 4860 historice

531 4876 906 4948 ecclesiasticte
944 4876 1185 4943 Eusebii,
1227 4878 1291 4932 de
1340 4880 1420 4931 his
1459 4889 1770 4948 cognoscet;
1807 4893 1918 4946 quo
1953 4878 2118 4931 etiam

533 4946 676 5000 libro
708 4946 752 5001 is
792 4947 905 5018 ista
955 4949 1194 5002 maxime
1233 4946 1590 5018 exsequitur:
1641 4949 1878 5017 hincque
1913 4949 2119 5018 factum

532 5026 617 5069 est
681 5024 742 5068 ut
789 5016 866 5070 illi
917 5028 1110 5072 octavo
1167 5021 1306 5073 libro
1368 5016 1615 5073 additum
1666 5021 1737 5074 sit
1781 5016 1928 5071 aliud
1981 5031 2120 5086 opus

533 5087 758 5160 Eusebii
813 5088 1250 5160 demartyribus
1297 5085 1632 5152 Palaestinis,
1668 5085 2118 5160 quodHStepAh’ani

532 5157 701 5211 editio
733 5158 961 5213 seorsim
994 5157 1370 5226 repraesentat,
1411 5169 1471 5213 ut
1518 5169 1575 5214 et
1604 5157 1901 5214 cardinalis
1942 5157 2122 5210 Maza-

533 5228 663 5289 rini,
699 5229 932 5300 aliisque
962 5229 1246 5286 codicibus
1284 5246 1418 5285 mss.
1454 5231 1705 5300 maleque
1730 5228 2119 5297 Christophor-

535 5245 663 5289 l‘llll,
699 5245 932 5352 amsgue
962 5245 1246 5286 coutcmus
1284 5246 1418 5285 mss.
1454 5245 1705 5300 maleque
1730 5245 2119 5297 Ultl'lswpnor-

535 5313 700 5370 sonus
717 5312 822 5370 con
855 5300 992 5364 udit,
1027 5301 1362 5370 interpolans
1390 5316 1516 5354 cum
1540 5304 1735 5356 eodem
1757 5300 1898 5355 libro
1923 5307 2120 5353 octavo

535 5367 780 5422 historia:
814 5367 1223 5426 ecclesiasticae.
1255 5371 1550 5425 Counsrts.

605 5437 719 5507 (22)
747 5437 864 5492 Jam
909 5449 1034 5495 ante
1076 5457 1250 5496 annos
1285 5441 1496 5506 decem,
1538 5440 1604 5494 de
1635 5456 1744 5508 quo
1771 5440 1830 5496 S.
1863 5438 2119 5494 Aurelius

533 5503 744 5580 Yictor,
800 5508 1098 5580 Eutropius
1143 5512 1240 5565 lib.
1296 5526 1374 5576 ix,
1420 5503 1759 5580 Pomponius
1816 5511 2018 5572 Laetus,
2065 5517 2120 5580 et

535 5576 797 5646 Egnatius
829 5596 842 5630 :
876 5589 930 5634 et
954 5576 1053 5635 nos
1087 5597 1155 5636 ex
1181 5581 1289 5636 illis
1323 5597 1380 5636 n.
1417 5581 1450 5636 6
1487 5576 1771 5651 superiore
1799 5598 1814 5634 :
1845 5581 1937 5636 sed
1971 5578 2118 5647 quod

534 5662 625 5721 res
665 5655 794 5721 tunc
825 5653 1090 5721 temporis
1143 5654 1432 5716 innovatae,
1480 5652 1534 5707 in
1567 5651 1856 5721 pristinum
1890 5658 2116 5713 Statum,

537 5717 641 5794 sub
685 5716 1006 5794 Diocletiani
1064 5723 1316 5794 videlicet
1371 5716 1694 5794 potestatem
1739 5723 1841 5794 hoc
1873 5734 2118 5794 tempore

537 5787 647 5844 sint
680 5788 937 5855 reductas,
975 5791 1043 5845 de
1077 5793 1185 5848 illis
1224 5787 1421 5848 auctor
1453 5793 1787 5848 mentionem
1818 5787 2003 5846 habet.

607 5857 721 5929 (25)
753 5858 1074 5916 Carausium
1095 5873 1348 5922 auctores
1377 5863 1556 5921 Latini
1588 5871 1931 5934 mmcupant,
1957 5860 2116 5934 cujus

2225 4685 2335 4723 non
2373 4670 2406 4723 6
2447 4667 2616 4722 millia
2653 4668 2847 4723 scribit
2894 4667 3193 4736 Eutropius
3223 4669 3442 4734 citatus,
3477 4669 3572 4736 qui
3611 4670 3858 4725 Allecti

2224 4746 2453 4804 caedem,
2480 4747 2534 4791 et
2561 4738 2870 4792 Constantii
2901 4738 3184 4792 victoriam
3222 4738 3275 4791 in
3313 4740 3565 4792 eumdem
3603 4755 3858 4796 annum

2225 4819 2474 4864 recenset
2507 4827 2520 4862 :
2557 4807 2662 4861 Per
2687 4808 2827 4862 idem
2869 4817 3071 4874 tempus
3114 4826 3144 4860 a
3175 4806 3489 4862 Constantio
3521 4808 3762 4864 Cwsare
3795 4815 3867 4866 in

2225 4879 2410 4933 Gallia
2443 4890 2734 4948 pugnatum
2765 4889 2840 4931 est
2872 4880 3011 4933 circa
3042 4877 3302 4948 Lingones
3331 4895 3349 4931 :
3377 4879 3463 4933 die
3493 4895 3601 4932 una
3631 4881 3866 4935 adver-

2223 4967 2339 5004 sam
2376 4959 2428 5004 et
2461 4949 2747 5003 secundum
2782 4948 3055 5017 fortunam
3091 4959 3336 5018 expertus
3373 4959 3474 5004 est.
3513 4948 3667 5003 Nam
3709 4969 3870 5007 cum

2224 5030 2434 5089 repente
2481 5020 2726 5072 barbaris
2784 5020 3156 5089 ingruentibus
3188 5020 3332 5073 intra
3375 5021 3646 5074 civitatem
3687 5036 3871 5078 esset

2223 5102 2459 5156 coactus,
2493 5099 2600 5142 tam
2642 5091 2906 5159 pt'tt'cipili
2953 5092 3283 5152 neccesitate,
3329 5100 3384 5143 ut
3416 5091 3614 5144 clausis
3643 5099 3873 5159 portis

2222 5178 2314 5230 per
2364 5177 2575 5214 murum
2618 5160 2832 5226 funibus
2891 5165 3198 5226 tolleretur,
3247 5161 3334 5213 vix
3381 5164 3608 5230 quinque
3677 5162 3879 5220 horis

2223 5231 2431 5296 mediis,
2467 5232 2780 5284 adventante
2805 5233 3060 5292 exercitu,
3084 5232 3360 5300 sexaginta
3380 5233 3608 5300 quinque
3638 5235 3878 5289 millia

2224 5302 2645 5354 Alamannorum
2677 5303 2886 5355 cecidit.
2921 5301 3068 5356 ldem
3102 5301 3436 5371 Pomponius
3460 5301 3674 5356 La-tus.
3724 5304 3835 5359 Eu
3858 5338 3882 5348 -

2224 5372 2412 5426 sebius
2455 5373 2520 5424 ad
2559 5386 2762 5426 annum
2798 5371 3124 5428 Diocletiani
3150 5373 3216 5426 15
3243 5375 3295 5425 in
3330 5372 3628 5426 Chronico.

2293 5441 2412 5511 (25)
2447 5441 2992 5512 Qui‘nquegentianos
3030 5457 3144 5496 uno
3182 5441 3357 5512 verbo
3383 5443 3646 5496 dixerunt
3688 5449 3888 5500 scri-

2223 5510 2406 5583 ptares
2441 5513 2583 5566 infra
2610 5510 2903 5577 referendi,
2932 5527 3070 5581 quos
3095 5521 3286 5567 auctor
3317 5510 3628 5583 Gentiattos,
3664 5517 3892 5582 quin-

2219 5580 2318 5652 aue
2338 5598 2584 5655 numero,
2607 5583 2756 5636 viros
2785 5580 3218 5655 arbitratusest.
3241 5583 3473 5655 Eosdem
3499 5580 3891 5655 Gentiiznos,

2221 5651 2441 5723 scripsit
2486 5651 2823 5723 Pomponius
2852 5652 3052 5716 Laetus,
3089 5653 3450 5708 Maximianus
3475 5652 3596 5705 inde
3627 5651 3894 5714 trans-'-

2221 5720 2363 5777 latus
2407 5726 2464 5777 in
2498 5720 2738 5793 Africam
2784 5720 3092 5793 Gentianos.
3116 5723 3343 5787 devicit,
3385 5725 3474 5792 qui
3502 5725 3590 5776 via:
3623 5739 3895 5789 parem

2220 5795 2594 5860 impetrarunt.
2619 5792 3088 5864 Quinguagcnarii
3107 5805 3155 5847 et
3182 5810 3345 5863 supra
3379 5809 3499 5848 eum
3529 5809 3896 5854 numerum

2219 5880 2506 5934 annorum,
2537 5864 2590 5918 Iti
2627 5865 2818 5919 milites
2851 5865 3019 5934 fuere,
3057 5865 3146 5936 qui
3186 5864 3427 5936 Africam
3459 5863 3894 5940 diripiebant,
