3926 6446
483 419 552 488 7t
1848 409 2336 474 THEOPHANIS
3684 407 3756 473 τε

483 539 678 594 benter
712 534 926 605 excepit
949 551 962 590 :
983 545 1038 589 et
1074 541 1185 588 tum
1213 531 1468 602 privatim
1495 539 1746 602 uterque,
1773 540 1887 585 tuu.
1919 546 2069 586 com-

2179 531 2425 598 άσμενως
2440 525 2661 591 ἐδέξατο
2682 524 2924 596 τιμήσας
2941 541 2954 555 ·
2984 522 3077 578 καὶ
3107 523 3213 594 ἰδίᾳ
3233 522 3466 587 ἕκαστος
3485 523 3579 577 καὶ
3599 527 3754 596 κοινῇ

484 627 744 681 munibus
798 627 968 680 armis
1049 626 1314 678 adversus
1390 622 1748 677 barbarorum
1805 621 2072 690 plurimos

483 720 646 772 ambo
674 717 1041 780 decertantes,
1072 732 1160 769 res
1194 713 1488 784 pra-claras
1516 713 1744 766 feliciter
1763 719 2070 782 gesserunt.

486 808 740 861 Secundo
768 822 896 860 vero
934 805 1168 859 fortunae
1197 818 1460 859 successu
1523 801 1896 857 Diocletianus
1959 801 2072 855 ela-

486 906 597 964 tus,
633 914 663 950 a
695 899 991 952 senatoria:
1039 897 1089 966 7
1124 895 1409 965 dignitatis
1440 895 1574 948 viris
1602 909 1661 950 se
1692 895 1932 958 adorari,
1969 908 2073 948 nec

485 998 545 1043 ut
577 991 726 1059 prius
764 991 1027 1053 salutari,
1079 989 1161 1041 vel
1209 999 1472 1042 coitsueto
1528 989 1715 1042 habitu
1774 987 2072 1056 procedere

484 1081 711 1148 expetiit
745 1097 756 1133 τ
794 1094 980 1132 verum
1012 1093 1171 1140 auro,
1198 1078 1515 1148 margaritis
1544 1086 1600 1130 et
1632 1077 1890 1146 pretiosis
1940 1075 2072 1144 lapi-

485 1172 647 1225 dibus
679 1171 1112 1224 caleeaineutuui
1140 1170 1450 1222 adornavit.
1483 1167 1912 1222 Constantinunt
1969 1181 2070 1217 au-

485 1274 592 1318 tem
627 1264 934 1317 Constantii
965 1263 1136 1315 lilium
1172 1262 1224 1314 in
1262 1262 1485 1316 Oriente
1511 1271 1564 1314 et
1623 1259 1911 1312 Palaestina
1942 1267 2071 1311 tunc

484 1367 746 1425 temporis
778 1364 1212 1408 eommorantent
1239 1362 1293 1407 et
1319 1353 1388 1406 de
1423 1353 1735 1407 Christiana
1769 1352 1874 1406 fide
1934 1351 2073 1404 hene

484 1449 836 1507 sentientem.
877 1457 931 1500 et
963 1457 1076 1500 tum
1109 1446 1278 1501 animi
1306 1447 1646 1516 praestantia,
1682 1453 1794 1498 tum
1823 1442 2072 1512 corporis

483 1537 704 1603 robore,
775 1549 888 1592 tum
927 1542 1166 1608 denique
1219 1542 1285 1592 ad
1329 1553 1552 1594 onmem
1591 1537 1875 1590 honestam
1907 1534 2073 1588 disci-

483 1630 688 1698 plinam
734 1632 1101 1698 propensione
1160 1631 1211 1684 in
1241 1630 1360 1685 dies
1394 1632 1729 1684 incrementa
1765 1637 2069 1682 sumentem

480 1736 720 1774 cernens
754 1719 1004 1774 Gali-rius
1051 1720 1438 1784 Maximianus,
1486 1736 1610 1774 cum
1669 1717 1978 1789 tyrannidis
2018 1725 2073 1772 et

481 1809 633 1880 impii
666 1811 989 1880 profanique
1033 1812 1300 1865 idolorum
1332 1812 1512 1866 cultus
1551 1825 1858 1865 eversorem
1922 1809 2071 1862 futu-

2175 623 2380 684 πάντες
2402 613 2550 672 οῦτοι
2583 619 2720 690 πρὸς
2759 617 2992 680 πολλοὺς
3025 617 3135 669 τῶν
3176 616 3470 687 βαρϐάρων
3515 617 3757 688 πολεμή-

2177 731 2398 778 σαντες,
2427 712 2597 765 πολλά
2620 712 2664 743 ⁷⁸
2689 709 3083 779 κατώρθωσαν.
3122 710 3176 760 Ἀ
3188 708 3335 776 ρθεὶς
3365 709 3421 761 δὲ
3452 709 3557 760 ὑπὸ
3588 708 3690 776 τῆς
3710 710 3755 740 ⁷⁷

2173 809 2283 861 τῶν
2307 806 2653 877 πραγμάτων
2689 803 2802 876 (51)
2833 803 3052 873 εὐροίας
3076 802 3483 871 Διοκλητιανὸς,
3520 818 3755 870 προσκυυ

2175 900 2389 953 νεῖσθαι
2425 899 2530 951 ὑπὸ
2569 899 2678 952 τῶν
2699 894 3106 965 συγκλητικῶν,
3139 895 3234 946 καὶ
3265 894 3326 946 οὐ
3351 891 3756 964 προσαγορεύε-

2177 994 2303 1047 σθαι
2361 995 2504 1044 κατὰ
2534 991 2594 1044 τὸ
2626 991 2891 1060 πρότερον
2921 988 3108 1058 σχῆμα
3141 986 3443 1056 ἀπῄτησεν.
3481 984 3758 1037 Ἐκαλλώ-

2175 1102 2300 1138 πισε
2325 1085 2382 1136 δὲ
2418 1085 2512 1136 καὶ
2557 1083 2618 1136 τὸ
2651 1083 2905 1152 ὑπόδημα
2955 1080 3164 1152 χρυσίῳ
3186 1079 3232 1112 ’⁸
3259 1079 3352 1132 καὶ
3387 1079 3757 1149 μαργαρίταις

2177 1177 2272 1230 καὶ
2317 1176 2489 1238 λίθοις
2539 1175 2762 1245 τιμίοις.
2807 1174 3218 1226 Κωνσταντῖνον
3249 1171 3306 1223 δὲ
3343 1170 3439 1222 τὸν
3478 1170 3592 1221 υἱὸν
3641 1169 3756 1243 (32)

2178 1265 2564 1322 Κωνσταντίου
2592 1304 2607 1329 ,
2643 1267 2703 1318 ὲν
2751 1268 2818 1335 τῇ
2857 1265 3116 1332 Ἀνατολῇ
3165 1263 3258 1314 καὶ
3295 1261 3631 1334 Παλαιστίνῃ
3677 1261 3760 1314 δι-

2174 1359 2398 1425 άγοντα,
2425 1359 2520 1411 καλ⁸
2557 1357 2628 1410 τὰ
2677 1355 3024 1426 Χριστιανῶν
3049 1352 3352 1427 φρονοῦντα
3376 1354 3422 1384 ⁷⁸
3448 1351 3582 1424 (55),
3615 1352 3758 1422 ὀρῶν

2173 1450 2361 1503 τοῦτον
2397 1450 2424 1502 6
2457 1448 2750 1518 Γαλλέριος
2790 1445 3138 1516 Μαξιμιανὸς
3195 1447 3410 1497 συνέσει
3451 1444 3631 1513 ψυχῆς
3663 1443 3759 1496 κα)⁸

2175 1543 2427 1612 σώματος
2479 1541 2638 1614 ῥώμῃ
2677 1542 2767 1594 καὶ
2800 1542 2864 1610 τῇ
2897 1541 3024 1610 περὶ
3073 1538 3174 1608 τὴν
3230 1537 3511 1590 παίδευσιν
3558 1538 3759 1608 εὐφυΐᾳ

2174 1634 2578 1704 προκόπτοντα,
2611 1629 2884 1700 μαντευσά
2896 1629 3056 1698 μενός
3083 1628 3195 1699 (54)
3215 1645 3274 1680 τε
3308 1627 3500 1680 τοῦτον
3523 1627 3758 1680 καταλυ-

2172 1727 2272 1797 τὴν
2301 1726 2520 1779 ἔσεσθαι
2541 1725 2640 1794 τῆς
2668 1722 2981 1794 τυραννίδος
3010 1722 3104 1774 καὶ⁵
3123 1721 3168 1752 ⁸⁵
3195 1720 3303 1772 τῶν
3333 1719 3619 1789 δογμάτων
3653 1720 3752 1775 αύ-

2173 1819 2292 1882 τοῦ,
2321 1817 2457 1888 δόλῳ
2481 1815 2794 1871 θανατῶσαι
2825 1812 3014 1866 τοῦτον
3044 1811 3334 1882 ἐσκέψατο.
3361 1812 3493 1881 Θείᾳ
3515 1811 3571 1864 δι
3622 1828 3757 1882 προ-

479 1916 600 1956 rum
662 1904 940 1957 vaticiniis
997 1904 1322 1972 accepisset,
1381 1905 1523 1958 dolis
1566 1919 1690 1957 eum
1757 1903 2069 1958 interficere

2179 1910 2378 1982 μηθείᾳ
2414 1886 2508 1962 τὸν
2523 1910 2566 1942 ⁸⁸
2599 1909 2751 1962 δόλον
2800 1907 3011 1979 μαθὼν,
3037 1907 3113 1971 ὡς
3164 1905 3348 1969 Δαϐὶδ,
3381 1908 3528 1976 φυγῇ
3561 1906 3605 1938 ⁸⁸
3657 1906 3756 1977 τὴν

479 1995 866 2048 meditabatur.
932 1993 1026 2048 Ille
1091 1995 1320 2050 detectis
1377 1996 1616 2060 insidiis,
1677 2011 1800 2065 quae
1831 1995 1932 2050 fuit
1973 1995 2068 2051 Dei

475 2089 837 2156 providentia,
865 2087 1085 2141 Davidis
1107 2089 1360 2158 exemplo
1385 2087 1514 2158 fuga
1545 2087 1776 2143 salutem
1819 2097 1997 2157 parat,
2015 2097 2072 2144 et

477 2183 543 2232 ad
583 2187 813 2248 patrem,
842 2179 1124 2234 Servatori
1162 2180 1387 2235 Christo
1417 2181 1619 2236 debitis
1650 2181 1898 2252 gratibus
1946 2196 2071 2251 per—

477 2269 696 2329 solutis.
732 2285 922 2338 sospes
947 2281 1000 2324 et
1031 2271 1324 2325 incolumis
1352 2271 1677 2341 regreditur.

547 2361 613 2416 A.
644 2361 704 2414 C.
748 2362 878 2414 294.
911 2391 979 2403 —
1004 2361 1119 2415 Hoc
1145 2377 1293 2416 anno
1332 2361 1649 2416 Theotecno
1680 2361 2068 2431 praestigiatori

478 2467 686 2506 morem
711 2455 879 2522 gessit
901 2453 1152 2508 Galerius
1202 2453 1594 2518 Maximianus,
1639 2462 1698 2506 ut
1722 2454 2068 2508 daemonibus

477 2557 632 2597 sacra
668 2543 871 2598 faceret
925 2553 977 2599 et
1037 2546 1262 2600 oracula
1300 2554 1607 2614 reportaret
1661 2561 1675 2597 :
1734 2556 2068 2615 antrumque

477 2636 701 2690 subiens
741 2635 1112 2701 Theotecnus,
1147 2649 1201 2690 ut
1236 2638 1288 2690 in
1312 2635 1672 2690 Christianos
1725 2637 2068 2705 persecutio-

477 2739 600 2779 nem
643 2730 932 2788 excitaret,
996 2727 1282 2780 oraculum
1317 2726 1523 2780 retulit.
1557 2725 1703 2780 Idem
1757 2725 2068 2782 Serratoris

478 2821 687 2871 monita
726 2820 993 2872 confinxit
1032 2831 1086 2872 et
1118 2821 1171 2872 in
1202 2819 1321 2888 ejus
1353 2819 1612 2888 injuriam
1635 2820 1871 2889 sparsim
1898 2821 2068 2875 disse-

477 2911 706 2965 minavit
741 2928 754 2963 :
790 2921 847 2964 ut
884 2913 1004 2966 fidei
1038 2921 1238 2967 nostra!
1277 2913 1605 2982 mysterium
1665 2913 1888 2970 facilius
1917 2914 2067 2968 deri-

477 3002 710 3058 dendiun
741 3013 1090 3072 proponeret,
1152 3004 1562 3076 ludimagistros
1615 3019 1680 3059 ea
1736 3020 1937 3076 pueros
1966 3005 2069 3061 do-

479 3111 605 3152 cere
638 3097 828 3150 edixit.

2171 2003 2450 2074 σωτηρίαν
2471 2003 2777 2073 πορίζεται,
2812 2002 2906 2055 καὶ
2940 2001 3079 2072 πρὸς
3103 1999 3194 2052 τὸν
3246 1999 3376 2052 ίδιον
3402 2001 3615 2068 πατέρα
3639 1999 3754 2053 δια-

2171 2097 2428 2163 σώζεται,
2463 2095 2636 2148 πολλὰ
2662 2095 2762 2148 σὺν
2791 2093 2944 2164 αὐτῷ
2973 2091 3049 2164 τῷ
3069 2090 3290 2163 Χριστῷ
3311 2091 3651 2162 εὐχαριστῶν
3674 2091 3752 2163 τῷ

2172 2187 2408 2242 σώσαντι
2443 2186 2627 2242 αὐτόν.

2239 2367 2302 2422 Α.
2331 2365 2401 2421 M.
2423 2364 2660 2421 5794.-—
2674 2361 2863 2432 Τούτῳ
2879 2360 2960 2433 τῷ
2976 2360 3085 2414 ἔτει
3101 2359 3381 2431 Θεοτέκνῳ
3404 2360 3557 2430 γόητι
3571 2358 3614 2391 ⁸³
3628 2357 3736 2432 (53)

2171 2461 2495 2529 πειθόμενος
2522 2460 2549 2511 6
2584 2455 2872 2527 Γαλλέριος
2906 2453 3253 2524 Μαξιμιανὺς
3277 2454 3335 2505 ὲν
3360 2452 3440 2523 τῷ
3466 2453 3609 2506 θύειν
3632 2455 3736 2514 τοῖς

2168 2553 2407 2623 δαίμοςι,
2437 2552 2532 2605 καὶ
2571 2550 2873 2620 λαμϐάνειν
2902 2548 3220 2619 χρησμούςο
3257 2548 3462 2610 ὑποδὺς
3529 2547 3606 2616 τῷ
3649 2547 3738 2600 ἄν.

2167 2665 2282 2718 τρῳ
2304 2649 2332 2699 ὁ
2354 2646 2400 2679 ⁸⁵
2423 2645 2738 2706 Θεότεκνος,
2767 2641 3036 2712 χρησμὸν,
3070 2639 3212 2692 κατὰ
3234 2637 3581 2710 Χριστιανῶν
3609 2639 3748 2706 €75!-

2171 2754 2261 2808 ραι
2287 2735 2548 2805 διωγμὸν,
2579 2733 2756 2803 τούτῳ
2785 2732 3008 2785 δέδωκε.
3048 2731 3130 2783 Τᾶ
3162 2731 3220 2782 δὲ
3253 2731 3628 2800 ὑπομνήματα
3655 2726 3747 2781 τοῦ

2168 2828 2419 2897 Σωτῆρος
2451 2824 2727 2880 ἐπλάσατο
2781 2823 2918 2894 (56),
2951 2822 3047 2875 καὶ
3101 2821 3408 2891 πανταχόσε
3468 2820 3555 2889 ἐφ’
3599 2820 3750 2890 ὕϐρει

2169 2922 2480 2985 ἀπέστειλε,
2509 2921 2605 2972 καὶ
2643 2920 2758 2980 τοῖς
2787 2915 3432 2986 γραμματοδιδασκάλοις
3469 2916 3597 2975 τοὺς
3631 2915 3754 2968 παῖε

2168 3013 2266 3077 δας
2317 3012 2592 3066 διδάσκειν
2629 3007 2988 3080 προσέταξεν,
3019 3007 3095 3069 ὼς
3148 3006 3508 3075 διαγελᾶσθαι
3532 3005 3592 3058 τὸ
3633 3004 3751 3058 καθ’

2169 3105 2318 3176 ἡμᾶς
2351 3103 2651 3173 μυστήριον
2685 3098 3124 3169 παρασκευάζων
3149 3098 3196 3128 ⁸⁸

549 3189 614 3241 A.
641 3188 702 3240 Ω.
731 3187 859 3242 295.
894 3219 962 3229 -
999 3187 1291 3242 Persarum
1333 3189 1468 3260 regis
1499 3187 1717 3244 Saboris
1751 3206 1921 3244 annua
1950 3189 2065 3259 pri-

2240 3195 2306 3249 Α.
2362 3194 2435 3248 Μ.
2479 3193 2641 3250 5795.
2685 3222 2754 3232 —
2799 3189 3048 3258 Περσῶν
3102 3189 3415 3255 ,βασιλέως
3474 3188 3755 3258 Σαϐὡρου

478 3297 616 3333 mus.

552 3372 666 3427 Hoc
694 3389 839 3426 anno
873 3381 932 3426 ut
959 3372 1159 3426 Christi
1213 3373 1458 3428 ecclesia:
1493 3374 1941 3430 subverterentur
1975 3392 2066 3431 sa-

477 3462 826 3532 criquelibri
883 3465 1226 3518 tradi-rentur
1279 3464 1412 3533 igni,
1469 3466 1733 3536 imperiali
1790 3468 2064 3521 sancitum

477 3565 563 3609 est
590 3555 770 3609 edicto
798 3575 810 3608 :
838 3557 1153 3610 sacerdotes
1175 3573 1393 3626 quoque
1421 3568 1475 3612 et
1493 3573 1686 3612 omnes
1717 3558 2065 3615 Christianos

481 3651 772 3702 tormentis
814 3650 1191 3718 applicandos,
1243 3659 1297 3704 et
1342 3659 1399 3703 ut
1435 3651 1687 3706 victimas
1712 3652 1870 3708 idolis
1900 3654 2068 3708 oﬂer-

479 3750 619 3803 rent,
679 3741 972 3810 cogendos.
1029 3742 1312 3795 Horrenda
1348 3758 1459 3812 pne
1504 3744 1782 3808 omnibus,
1837 3759 2070 3816 quaeque

479 3842 751 3902 martyres
783 3833 1106 3888 innumeros
1145 3835 1515 3900 consecravit,
1562 3836 1774 3892 exstitit
1806 3836 1923 3892 haec
1946 3853 2073 3908 per-

479 3923 714 3977 secutio.

554 4015 621 4070 A.
655 4013 716 4071 C.
745 4013 876 4070 296.
903 4047 970 4058 -—
1001 4015 1114 4073 Hoc
1139 4033 1285 4073 anno
1306 4018 1762 4092 DiocletianusZet
1789 4019 2072 4077 Maximia-

2174 3287 2305 3352 ἔτος
2329 3284 2400 3342 α’.

2244 3379 2432 3450 Τούτῳ
2464 3376 2543 3448 τῷ
2575 3377 2685 3430 ἔτει
2710 3375 3114 3446 προστάγματα
3141 3374 3188 3406 ⁸⁸
3220 3373 3477 3443 βασιλικά
3502 3372 3616 3444 (57)
3640 3373 3758 3427 ἐδό-

2172 3476 2264 3544 θη,
2296 3475 2396 3537 τάς
2454 3473 2749 3540 ἐκκλησίας
2786 3470 2880 3524 τοῦ
2905 3471 2948 3507 ⁸⁷
2972 3469 3211 3542 Χριστοῦ
3261 3470 3634 3538 ὲδαφίζεσθαι,
3663 3473 3760 3524 καὶ

2171 3567 2270 3628 τὰς
2319 3566 2470 3628 θείας
2498 3565 2544 3596 ⁸⁸
2592 3563 2810 3633 βίϐλους
2870 3563 3297 3616 κα-τακοιίεσθαιρ
3356 3565 3523 3633 ἱερεῖς
3571 3563 3629 3616 δὲ
3663 3565 3758 3621 καὶ

2171 3660 2381 3722 πάντας
2405 3659 2768 3728 Χριστιανοὺς
2787 3657 3040 3726 βασάνοις
3064 3654 3477 3725 παραδίδοσθαι,
3499 3654 3762 3708 καὶθύειν

2173 3749 2415 3811 εἰδώλοις
2440 3746 2870 3814 ἀναγκάζεσθαι.
2894 3747 3004 3800 Καὶ
3025 3743 3092 3818 ἧν
3112 3742 3266 3808 οὗτος
3283 3746 3310 3797 6
3342 3745 3585 3814 διωγμὸς
3620 3746 3762 3799 πάν-

2172 3856 2281 3902 των
2311 3838 2750 3910 φρικωδέστατος
2769 3838 2814 3870 ⁸⁸
2872 3838 3284 3909 ἀναριθμήτους
3317 3836 3607 3907 μάρτυρας
3627 3835 3765 3889 ἁπο-

2173 3930 2420 3993 τελέσας.

2249 4023 2310 4076 Α.
2351 4021 2422 4075 Μ.
2455 4020 2614 4076 5796.
2645 4049 2718 4060 —
2743 4021 2931 4090 Τούτῳ
2981 4019 3058 4090 τῷ
3091 4019 3203 4074 ἔτει
3251 4020 3633 4089 Διοκλητιανὸς
3670 4021 3766 4074 καὶ

1793 4163 2026 4219 VARLE
2070 4161 2483 4219 LECTlONES.

575 4259 624 4290 "°
651 4258 862 4333 πολλὰ]
886 4260 1068 4333 πάντα
1099 4275 1151 4333 a.
1201 4331 1208 4333 _
1250 4261 1295 4294 ""
1322 4261 1422 4330 τῆς
1459 4259 1586 4315 add.
1615 4276 1696 4333 ex_
1714 4260 1781 4313 A.

1890 4261 1935 4293 ⁷⁸
1965 4271 2093 4318 ante
2132 4259 2341 4332 χρυσίῳ
2371 4261 2404 4314 b
2439 4258 2568 4332 ad‘d.
2603 4258 2701 4332 tta}
2727 4256 3146 4332 τὰςᾷβασιλικὰς
3184 4256 3439 4332 ἐσθῆταςἐ

3532 4257 3575 4287 19
3599 4255 3772 4321 Κων-

481 4332 782 4404 σταντϊνον,
818 4327 909 4404 τὸν
944 4327 1387 4404 υἱον-ῖδιάγοντα
1414 4329 1801 4404 έ-φρονοῦντα
1853 4333 1919 4404 Α,
1952 4327 2367 4404 Κωνστᾶντίνου
2430 4329 2524 4404 τοῦ
2566 4327 2707 4404 *υἱοῦ
2741 4361 2810 4404 :-
2831 4327 3111 4404 διάγοντος
3139 4358 3208 4367 -—
3239 4327 3566 4404 φρονοῦντος
3605 4330 3769 4404 vulg.

479 4399 525 4432 ⁸ο
548 4401 641 4454 καὶ
677 4417 786 4455 om.
812 4401 878 4454 A.
995 4402 1038 4433 ⁸¹
1069 4402 1159 4454 τὸν
1186 4401 1313 4455 add.
1346 4419 1412 4456 ex
1439 4402 1502 4455 Α.

479 4470 958 4542 ⁸(παρεσκεύαζεν
981 4471 1025 4524 Α
1048 4488 1097 4526 e.
1174 4472 1220 4503 ⁸⁵
1251 4474 1649 4542 προστάγματα

484 4540 651 4604 οὔσας
688 4543 836 4612 vulg.
923 4542 970 4574 ⁸⁸
1001 4542 1153 4606 θείας
1182 4543 1248 4608 Α,
1275 4540 1452 4606 θείους
1481 4540 1636 4612 vulg.

1605 4399 1650 4433 ⁸⁸
1691 4404 1834 4470 φυγῇ
1868 4403 1934 4465 A,
1969 4403 2060 4456 alii
2102 4401 2315 4472 φεύγει,
2362 4400 2454 4452 καὶ
2489 4400 2637 4468 vulg.

1697 4469 1954 4542 βασιλικά
2006 4474 2050 4525 Α
2101 4469 2190 4525 alii
2237 4473 2315 4542 τῷ
2349 4472 2713 4542 προστάγματ
2766 4469 2846 4540 τῷ

1735 4542 1780 4574 ⁸⁸
1817 4543 2153 4613 φρικωδέστε
2162 4559 2254 4611 ρος
2286 4557 2336 4600 a.

3300 4398 3348 4429 “
3375 4400 3404 4451 6
3427 4397 3552 4451 add.
3589 4411 3655 4450 ex
3699 4398 3748 4448 A

2750 4399 2796 4431 ⁸³
2810 4399 2985 4476 ῃγόητι
3019 4413 3198 4476 om._e.
3285 4399 3348 4476 _“
3375 4400 3404 4451 6
3427 4399 3552 4476 θρα.
3589 4411 3624 4476 (ξ

2933 4417 2985 4450 τι
3019 4417 3198 4453 om.e.
3300 4417 3348 4429 ἠ
3375 4417 3552 4451 oriuu.
3589 4417 3655 4450 ex
3699 4417 3748 4448 Α

2895 4417 3171 4539 ⁷βασιλικῷ
3209 4467 3357 4538 vulg.
3450 4467 3496 4499 ⁸⁷
3535 4465 3628 4519 τοῦ
3655 4466 3772 4533 ,A,

2939 4467 3171 4536 ασιλικῷ
3209 4467 3357 4538 vulg.

1762 4631 1905 4690 JAC.
1944 4634 2156 4690 GOARI
2204 4635 2430 4700 NOTAE.

556 4725 674 4794 (3|)
705 4724 812 4780 ista
845 4727 914 4780 ab
941 4741 1086 4781 anno
1125 4727 1159 4781 9
1194 4725 1296 4782 sibi
1336 4741 1626 4792 arrogasse
1675 4725 2070 4781 Diocletianum
2107 4732 2150 4786 D

483 4797 896 4864 scribttut,'qui
935 4797 1228 4851 Eusebium
1282 4804 1587 4866 sequuntur
1637 4796 1689 4848 in
1745 4795 2061 4851 Chronico:

481 4880 549 4919 ex
571 4866 921 4920 victoriarum
951 4877 1131 4920 tamen
1159 4865 1374 4922 tumore
1405 4868 1476 4920 ita
1508 4865 1833 4919 insolevisse
1863 4874 2068 4921 testan-

482 4945 570 4990 tur
593 4951 719 4990 eum
755 4946 978 4991 auctore
1010 4937 1303 5006 Eutropius
1324 4937 1417 4991 lib.
1449 4951 1504 5006 rx
1534 4948 1791 5000 exeunte,
1828 4945 1882 5006 et
1912 4933 2068 4990 Pom-

483 5007 682 5075 ponius
718 5007 920 5072 Laetus,
955 5008 1008 5060 in
1041 5005 1239 5073 Dioel.,
1273 5007 1432 5068 titulo
1466 5005 1530 5058 de
1571 5005 1935 5074 magnitudine
1965 5007 2070 5059 im-

481 5078 614 5145 perii
663 5076 725 5130 R.
786 5075 1067 5132 Videndus
1117 5085 1202 5131 est
1255 5089 1307 5132 et
1367 5075 1644 5131 Pontacus
1691 5079 1744 5130 in
1798 5077 1942 5130 notis
1995 5077 2064 5130 ad

481 5148 708 5202 citatum
743 5147 1060 5210 Eusebium,
1089 5156 1144 5202 et
1176 5147 1571 5205 Genebrandus
1602 5146 1655 5199 iit
1695 5146 1955 5201 Chronic.

553 5218 666 5288 (3‘2)
700 5219 827 5273 Haec
879 5219 1164 5280 historice,
1199 5234 1305 5272 non
1370 5215 1628 5288 chronice
1688 5217 1860 5288 relata
1901 5232 1915 5267 :
1954 5231 2063 5288 non

479 5288 624 5341 enim
650 5286 719 5344 ad
747 5291 894 5344 hunc
916 5305 1122 5344 annum
1149 5297 1420 5358 spectant,
1439 5301 1562 5357 qua:
1584 5286 1728 5348 circa
1753 5286 2064 5341 Constantii

483 5372 712 5430 mortem
739 5371 887 5430 gesta
919 5377 933 5410 :
973 5361 1040 5414 de
1067 5360 1268 5428 quibus
1292 5358 1546 5413 inferius.

555 5429 667 5496 (55)
699 5427 924 5497 Propter
968 5427 1095 5484 eam
1143 5445 1265 5500 qua:
1315 5431 1364 5482 in
1402 5429 1744 5500 Christianos
1790 5427 2068 5500 ferebatur

481 5498 902 5570 humanitatem,
932 5513 986 5555 et
1012 5516 1136 5570 qua:
1163 5498 1230 5555 de
1257 5515 1324 5555 eo
1359 5501 1413 5553 in
1434 5499 1562 5570 ejus
1601 5499 1722 5560 Yita
1756 5499 1923 5570 refert
1959 5499 2065 5550 Eu-

483 5569 669 5640 sebius
699 5571 794 5624 lib.
821 5585 860 5632 t,
897 5568 1125 5640 ealeﬁ.
1157 5569 1543 5626 Constantium
1581 5581 1762 5629 tamen
1790 5568 2064 5624 Constan-

486 5639 666 5711 tiuutn
693 5640 862 5694 ﬁlium
897 5651 1161 5711 praecepta
1196 5641 1318 5694 fidei
1357 5643 1632 5704 docuisse,
1665 5650 1719 5693 et
1749 5642 2066 5711 exercenda:

484 5724 610 5778 erga
634 5709 979 5765 Christianos
1009 5709 1310 5769 clementiae
1333 5712 1636 5772 rudimenta
1658 5711 1875 5766 dedisse
1895 5709 2067 5771 refert

484 5777 718 5835 Pltotius
753 5781 875 5835 cod.
906 5779 1034 5834 256.

556 5850 668 5922 (54)
698 5851 844 5914 Idem
878 5851 1149 5908 Eusebius
1176 5866 1294 5923 cap.
1335 5851 1420 5912 ll.

2252 4729 2366 4800 (55)
2396 4728 2501 4787 Ista
2533 4725 2730 4800 fusius;
2750 4734 2970 4800 narrata
3014 4723 3253 4800 reperies
3281 4721 3438 4800 apud
3462 4721 3776 4800 Eusebium

2177 4790 2484 4857 Eccl.'liist.
2517 4813 2674 4866 capp.
2705 4797 2761 4862 2,
2795 4798 2849 4861 5,
2880 4797 2914 4851 4
2944 4805 2996 4850 et
3025 4790 3090 4861 ὃ,
3111 4807 3166 4850 at
3201 4790 3558 4866 nou—Galerio
3581 4790 3781 4857 Maxi-

2177 4873 2384 4931 miano,
2428 4869 2522 4923 sed
2553 4865 2871 4930 Maximino,
2923 4883 2986 4921 ac
3022 4871 3072 4919 in
3114 4865 3261 4919 aliud
3299 4873 3536 4931 tempus,
3583 4866 3780 4918 ascri-

2174 4941 2372 4996 benda.
2421 4937 2586 4992 Refer
2620 4939 2727 4992 huc
2769 4953 2892 5006 quae
2939 4937 3097 4999 habet
3127 4935 3465 5004 Nicephorus
3498 4932 3780 4997 Callistus

2172 5011 2270 5065 lib.
2301 5026 2398 5064 vtt.
2433 5025 2554 5078 cap.
2587 5007 2679 5070 25.

2247 5079 2359 5152 (56)
2389 5075 2683 5142 ΒειΙὶιίιυη]
2705 5119 2720 5143 ,
2769 5079 3054 5152 servatoris
3108 5078 3352 5152 monita._
3375 5075 3538 5152 Forte
3569 5089 3788 5152 tuonu-

2174 5143 2359 5207 menta
2393 5151 2665 5217 interpres
2698 5149 2952 5202 voluerit.
2986 5149 3177 5202 Anast.
3208 5148 3540 5209 monitiones.
3579 5143 3784 5199 Malim

2175 5237 2275 5290 ego
2305 5230 2448 5286 acta,
2476 5221 2619 5286 quod
2651 5219 2951 5290 etiamvox
2985 5219 3072 5274 illa
3107 5227 3372 5290 sonat,ut
3399 5217 3547 5290 falsis
3574 5231 3792 5290 narra-

2174 5287 2418 5346 tionibus
2446 5290 2728 5344 Christum
2757 5288 3025 5342 infamare
3057 5289 3330 5344 studuerit
3363 5288 3506 5355 quod
3541 5287 3781 5354 praesti-

2174 5363 2309 5416 tisse
2339 5361 2508 5429 liquet
2548 5360 2710 5422 etiam
2749 5359 2888 5414 alios
2919 5357 3221 5413 Christiani
3263 5360 3450 5412 hostes
3490 5355 3787 5413 nominis.

2172 5433 2460 5487 COMBEFIS.

2248 5503 2362 5573 (57)
2396 5503 2466 5553 Ea
2506 5517 2660 5554 mens
2692 5507 2776 5573 est
2827 5499 3047 5573 Eusebii
3089 5500 3154 5573 ad
3188 5513 3414 5573 annum
3437 5495 3788 5573 Diocletiani

2173 5563 2498 5643 praesentem
2536 5587 2550 5622 :
2585 5571 2734 5624 addit
2765 5583 2952 5643 mense
2983 5569 3201 5643 Martia
3224 5570 3277 5622 in
3313 5569 3508 5643 diebus
3535 5563 3791 5643 Pasch;

2173 5636 2412 5697 edictum
2445 5654 2755 5710 emanasse.
2786 5639 3122 5708 Astipulatur
3146 5639 3457 5692 Chronicou
3478 5636 3782 5710 Alexand.

2172 5730 2203 5766 a
2240 5727 2352 5782 quo
2385 5706 2664 5782 geminum
2714 5706 3031 5782 agnoscitur
3086 5710 3350 5782 edictum,
3407 5709 3643 5782 primum
3723 5706 3786 5760 in

2173 5776 2468 5854 Ecclesias,
2508 5797 2614 5836 non
2648 5776 2820 5834 multo
2853 5789 2975 5846 'tost
2999 5781 3054 5847 in
3096 5776 3418 5844 sacerdotes
3447 5776 3614 5846 aliud.
