3926 6440
431 302 531 363 143

1791 291 2279 352 THEOPHANIS

3588 286 3685 351 144

429 415 544 468 ﬁcu:
577 409 755 470 crucis
785 414 1001 483 signum
1027 413 1147 467 luce
1173 425 1366 481 magna
1391 423 1712 473 coruscans,
1735 406 1823 461 die
1847 419 2003 460 sacro

2112 403 2450 474 ροσολύμων,
2475 401 2534 456 ἰδ
2565 403 2790 472 σημεῖον
2822 400 2916 454 τοῦ
2947 399 3211 466 ζωοποιοῦ
3251 401 3485 474 σταυροῦ
3516 403 3684 476 ἐφάνη

426 505 794 571 Pentecostcs,
816 505 1067 574 apparuit
1094 504 1146 556 in
1169 503 1326 568 coelo,
1344 501 1450 571 35
1471 511 1524 555 et
1547 516 1572 552 a
1589 499 1875 570 Golgotha,
1895 511 2005 568 quo

429 599 554 653 loco
577 597 830 652 Christus
859 595 1092 652 ‘sul‘iixus
1139 605 1244 659 est,
1301 595 1366 647 ad
1407 592 1689 645 Olivarum
1740 601 2002 652 montem,

428 705 539 760 quo
571 690 625 744 in
668 689 950 744 cmios‘est
1005 695 1344 756 assumptus,
1399 683 1755 754 pertransiit:
1803 696 2006 736 corona

427 795 560 839 Vero
591 785 827 853 speciem
882 782 1043 837 Iridis
1071 780 1314 835 referens
1350 779 1563 846 signum
1604 784 1871 846 apparens
1899 775 2007 828 ciro

425 876 797 932 cumambib‘at
831 893 841 927 :
870 883 924 929 et
952 872 1140 928 eodem
1169 873 1257 926 die
1280 871 1420 925 visio
1463 866 2006 924 eadetn'Constantio

427 965 778 1022 manifestata
821 964 920 1018 l‘uit
952 982 965 1030 ;
993 964 1060 1017 (le
1086 977 1192 1032 qua
1223 962 1288 1016 ad
1323 961 1709 1030 imperatorem
1735 960 2006 1014 Constan-

424 1054 780 1129 tium-Cy’rilli
812 1056 1039 1126 epistola
1061 1094 1075 1120 ,
1106 1071 1210 1125 qua
1239 1055 1546 1125 piissimum
1571 1067 1697 1108 eum
1746 1052 2004 1123 appellat,

425 1150 836 1207 circumfertur.
871 1147 1216 1218 Quapropter
1243 1147 1460 1202 Arianae
1484 1144 1761 1216 opinionis
1783 1157 2006 1213 suspec-

423 1253 572 1298 ctum
626 1243 804 1312 ipsum
837 1239 1110 1312 Cyrillum
1170 1238 1578 1294 calumniantttr
1638 1235 1920 1299 nonnulli,
1953 1243 2009 1289 et

422 1334 906 1390 eonsubstanti‘alis
945 1342 1131 1386 vocem
1187 1331 1241 1385 in
1303 1328 1680 1385 catechesibus
1707 1369 1721 1391 ,
1763 1343 1901 1398 quas
1939 1328 2008 1381 ob

423 1429 604 1483 visum
623 1427 850 1480 vivilicae
885 1425 1066 1480 crucis
1092 1432 1406 1494 portentum
1443 1423 1508 1477 ad
1540 1423 1841 1476 innumerae
1864 1421 2007 1474 mul-

426 1518 676 1574 titudinis
734 1525 950 1572 sacrnm
998 1516 1267 1586 baptisma
1334 1514 1665 1584 postulantis
1722 1512 2007 1568 utilitatem

423 1608 753 1678 explanavit,
783 1607 1111 1662 subticuisse
1149 1616 1467 1661 caueantur.
1506 1604 1796 1660 Falluntur
1824 1611 2006 1658 autem

421 1712 473 1757 et
498 1701 708 1771 judicio
749 1707 999 1768 peccant.
1049 1699 1343 1769 Oportebat
1388 1697 1536 1753 enim
1578 1713 1643 1752 ex
1673 1695 1843 1750 animi
1875 1695 2009 1750 sim-

420 1797 661 1866 plicitate
706 1796 891 1865 potius
934 1809 1097 1865 quam
1148 1803 1336 1863 aperto
1366 1792 1647 1864 proposito
1675 1791 2004 1846 Arianorum

421 1889 563 1944 dolis
589 1888 639 1941 in
660 1887 909 1941 haeresim
943 1887 1240 1940 abductum
1268 1886 1679 1954 imperatorem,
1705 1881 2008 1953 gentilitate

419 1980 662 2050 alioquin
692 1979 933 2034 nondum
974 1978 1132 2048 plene
1162 1976 1386 2041 abolita,
1427 1976 1737 2047 piissimum
1784 1990 2003 2030 nuncu-

398 2089 550 2144 pare
583 2091 596 2126 :
630 2079 683 2127 et
716 2068 1198 2126 consubstantialis
1236 2083 1427 2124 vocem
1453 2068 1816 2138 plurimorum
1844 2080 2006 2120 aures

419 2163 600 2218 adhuc
628 2160 1016 2223 oﬂ'endentem,
1050 2168 1104 2214 et
1143 2158 1580 2215 adversariorum
1610 2156 2002 2212 controversiis

420 2269 450 2308 a
504 2269 662 2309 sacro
719 2253 1050 2324 baptismate
1117 2251 1501 2308 deterrituram
1557 2250 1815 2320 ignaros,
1872 2264 2011 2318 prae-

423 2346 584 2399 terire
631 2344 877 2409 decebat,
899 2353 954 2399 et
995 2339 1485 2399 consubstantialis
1554 2339 1802 2394 notitiam
1862 2340 2008 2407 paris

421 2435 764 2508 significatus
839 2434 1120 2490 vocabulis
1184 2431 1387 2488 clarius
1455 2430 1759 2500 exprimere
1804 2446 1818 2484 :
1860 2428 2008 2498 quod

420 2529 642 2601 quidem
679 2543 710 2582 a
742 2529 901 2583 beato
929 2526 1135 2598 Cyrillo
1171 2525 1472 2596 praestitum
1499 2535 1600 2589 est,
1649 2522 1742 2591 qui
1766 2520 2010 2590 publica-

421 2632 535 2678 tam
572 2620 767 2676 Nicaaaa
817 2620 940 2676 tidei
967 2634 1217 2674 normam
1242 2617 1308 2672 ad
1337 2616 1562 2672 verbum
1595 2616 2004 2684 interpretatus,

423 2715 594 2769 Deum
634 2727 822 2768 verum
857 2709 1068 2768 debeo
1097 2724 1227 2766 vero
1255 2708 1587 2779 praedicavit.

491 2809 559 2860 Α.
591 2805 655 2861 C.
686 2804 814 2859 ³548.
841 2801 1234 2856 --Αηιὲοσίιίω
1261 2799 1488 2870 episcopi
1521 2797 1715 2852 Ariani
1745 2793 2006 2865 Stephani

420 2915 590 2954 anuus
613 2899 842 2969 primus.

489 2993 555 3045 Α.
596 2990 659 3046 C.
705 2989 832 3045 349.
857 3021 931 3034 —-
978 2989 1092 3044 Hoc
1115 3002 1262 3044 anno
1290 2996 1476 3057 erepto
1505 3000 1536 3042 e
1577 2985 1716 3042 vivis
1744 2984 1998 3080 Eusebio,
2032 3018 2078 3080 α

2106 501 2165 553 έν
2192 497 2272 569 τῷ
2312 498 2548 569 οὐρανῷ,
2582 501 2648 569 τῇ
2677 497 2722 529 ⁸⁵
2764 496 2948 568 ἡμέρᾳ
2985 497 3086 566 τῆς
3132 497 3534 568 Πεντηκοστῆς,
3586 517 3687 568 φω-

2105 590 2332 656 τοειδὲς,
2361 591 2658 660 τεταμένον
2687 589 2733 620 ⁸⁸
2762 589 2870 643 ἀπὸ
2899 588 2992 643 τοῦ
3022 584 3283 657 Γολγοθᾶ,
3316 589 3445 643 ἔνθα
3491 592 3685 644 ἔσται).

2110 681 2259 753 ρώθη
2287 681 2594 752 ὀΧριστὸς,
2634 681 2740 745 ἕως
2775 680 2871 734 τοῦ
2919 680 3080 752 ὅρους
3122 681 3232 734 τῶν
3275 679 3525 746 Ἐλαιῶν,
3569 683 3688 736 ὅθεν

2107 772 2409 845 ἀνελήφθη.
2456 773 2658 844 Κύκλῳ
2703 773 2761 826 δὲ
2792 772 2888 826 τοῦ
2919 773 3182 842 φανέντος
3223 774 3451 844 σημείου
3489 775 3688 842 στέφα-

2109 882 2215 929 νος
2252 865 2328 928 ὡς
2365 864 2502 935 ἶρις,
2532 865 2594 918 τὸ
2640 859 2780 928 εἶδος
2811 863 2984 935 ἔχωνο
3021 866 3116 918 καὶ
3143 867 3209 936 τῇ
3266 866 3406 936 αὐτῇ
3441 865 3486 898 ⁸⁷
3510 867 3690 940 ἡμέρᾳ

2109 955 2204 1009 καὶ
2237 954 2317 1025 τῷ
2345 954 2392 986 ⁸⁸
2434 953 2802 1025 Κωνσταντίῳ
2833 953 3021 1025 ὤφθη.
3049 952 3187 1023 Περὶ
3219 952 3415 1007 τούτου
3437 954 3495 1007 δὲ
3529 955 3690 1026 φέρε-

2108 1063 2196 1101 ται
2228 1046 2499 1117 Κυρίλλου
2540 1045 2965 1118 ὲπιστολὴπρδς
3009 1047 3102 1099 τὸν
3136 1046 3364 1118 βασιλέα
3399 1046 3692 1101 Κωνστάν-

2108 1153 2242 1204 τιον,
2294 1133 2422 1214 ὲνῇ
2479 1138 2870 1192 εὐσεϐέστατον
2904 1137 3067 1192 αὑτὸν
3119 1137 3300 1193 καλεῖ.
3331 1138 3498 1192 Ὅθεν
3548 1141 3692 1205 τινὲς

2122 1233 2546 1304 Ἀρειανὺφρονα
2576 1232 2924 1286 διαϐάλλουσι
2951 1231 3062 1303 (ἳό)
3093 1231 3185 1285 τὸν
3207 1231 3369 1285 αὑτὸν
3400 1231 3690 1303 Κύριλλον,

2109 1324 2359 1393 λέγοντες
2393 1323 2488 1377 καὶ
2519 1324 2617 1394 τὴν
2652 1323 2747 1376 τοῦ
2779 1322 3068 1394 ὁμοουσίου
3101 1320 3286 1393 φωνὴν
3317 1338 3695 1393 παρασεσιγη·

2109 1419 2263 1470 κέναι
2292 1413 2455 1468 αὑτὸν
2493 1415 2552 1467 ὲν
2605 1415 2726 1477 ταῖς
2774 1415 3170 1484 κατηχήσεσιν,
3214 1409 3304 1476 αἷς
3351 1411 3566 1477 ἐξέθετο
3606 1415 3693 1466 ἐπ’

2109 1505 2345 1578 ὠφελείᾳ
2369 1504 2477 1558 τῶν
2503 1505 2747 1578 ἀπείρων
2782 1504 2931 1558 λαῶν
2961 1504 3071 1560 τῶν
3093 1504 3172 1576 τῷ
3208 1503 3338 1575 θείῳ
3370 1505 3693 1575 προσελθόν-

2109 1617 2217 1653 των
2242 1597 2580 1670 βαπτίσματι
2614 1597 2702 1652 διὰ
2728 1597 2788 1650 τὸ
2810 1597 2856 1630 ⁸⁸
2893 1596 3079 1668 θαῦμα
3111 1595 3206 1650 τοῦ
3233 1598 3497 1663 ζωοποιοῦ
3529 1616 3695 1652 σταυο

2115 1689 2236 1760 ροῦ.
2263 1690 2597 1759 Σφάλλονται
2634 1691 2691 1743 δὲ
2735 1689 2830 1744 καὶ
2881 1690 3306 1761 ἁμαρτάνουσιν.
3345 1691 3548 1762 Ἐχρῆν
3586 1693 3696 1762 γὰρ

2111 1784 2202 1836 καὶ
2239 1781 2332 1835 τὸν
2372 1781 2617 1852 βασιλέα,
2665 1783 2724 1849 ἐξ
2756 1782 3079 1852 ἁπλότητος,
3123 1783 3219 1836 καὶ
3263 1784 3363 1836 οὐκ
3396 1786 3461 1837 ὲκ
3509 1783 3693 1838 διαθέ-

2110 1889 2268 1939 σεως,
2315 1875 2380 1944 τῇ
2412 1872 2722 1944 κακουργίᾳ
2750 1872 2860 1926 τῶν
2897 1873 3195 1944 Ἀρειανῶν
3235 1874 3619 1930 ὐποκλαπέντα
3647 1878 3693 1908 ³⁰

2107 1967 2188 2025 είς
2211 1964 2309 2036 τὴν
2333 1965 2564 2036 αἵρεσιν,
2591 1965 2800 2019 καὶτοῦ
2830 1964 3189 2036 Ἑλληνισμοῦ
3216 1969 3381 2036 μήπω
3401 1967 3446 1999 ’ί
3470 1966 3694 2032 τελείως

2107 2052 2608 2125 καταστραφέντος,
2637 2053 3031 2108 εὐσεϐέστατον
3072 2055 3254 2124 λέγειν
3281 2057 3394 2129 (26)
3424 2073 3440 2089 ·
3473 2059 3569 2112 καὶ
3593 2059 3694 2130 τὴν

2106 2144 2202 2199 τοῦ
2249 2145 2539 2216 ὁμοουσίου
2596 2145 2782 2214 φωνὴν
2834 2147 3062 2218 σιγῆσαι
3116 2147 3254 2213 τέως
3310 2148 3692 2220 ταράττουσαν

2106 2239 2234 2301 τοὺς
2281 2237 2532 2300 πολλοὺς,
2565 2239 2660 2291 καὶ
2711 2240 2777 2309 τῇ
2811 2238 3084 2293 ἀντιθέσει
3111 2239 3220 2294 τῶν
3275 2240 3486 2311 ἐχθρῶν
3535 2243 3694 2297 exars-

2109 2346 2348 2383 πτουσαν
2396 2330 2524 2392 τοὺς
2575 2328 3028 2399 βαπτιζομένους,
3065 2329 3153 2384 διὰ
3200 2331 3258 2384 δὲ
3310 2333 3419 2386 τῶν
3450 2333 3696 2388 ἰσοδυνα-

2110 2426 2356 2498 μούντων
2382 2425 2580 2490 λέξεων
2611 2424 2676 2479 τὸ
2715 2425 2810 2478 τοῦ
2844 2426 3132 2496 ὁμοουσίου
3175 2427 3453 2494 τρανῶσαι
3474 2441 3489 2460 ⁸
3531 2428 3562 2481 ὃ
3600 2429 3695 2482 καὶ

2107 2517 2410 2588 πεποίηκεν
2467 2519 2496 2571 ὁ
2557 2517 2828 2588 μακάριος
2885 2516 3156 2588 Κύριλλος
3209 2518 3308 2587 τὴν
3362 2521 3422 2573 έν
3480 2520 3702 2591 Natat;

2108 2609 2289 2662 πίστιν
2320 2608 2459 2661 κατὰ
2487 2608 2632 2673 λέξιν
2657 2607 2993 2672 ἀναπτύξας,
3020 2609 3115 2661 καὶ
3143 2609 3276 2664 Θεὸν
3315 2610 3574 2681 ἀληθινὸν
3601 2615 3696 2664 τὶν

2108 2700 2236 2755 Υἰὸν
2258 2701 2304 2734 ⁸⁸
2335 2703 2400 2754 ἐκ
2427 2701 2560 2754 Θεοῦ
2599 2700 2854 2772 ἀληθινοῦ
2877 2701 2970 2753 τοῦ
3000 2701 3209 2772 [ἰατρὸς
3243 2702 3506 2773 κηρύξας.

2176 2793 2317 2849 ΑΜ.
2360 2794 2519 2849 5848.
2572 2823 2634 2835 -
2677 2793 3033 2861 Ἀντιοχείας
3074 2792 3418 2848 ἐπισκόπου
3477 2795 3696 2862 Ἀρεία-

2105 2887 2219 2942 νοῦ
2248 2885 2560 2956 Στεφάνου
2590 2886 2727 2952 ἔτος
2756 2891 2829 2940 α’.

2177 2978 2322 3034 Α.Μ.
2369 2979 2528 3035 5849.
2559 3007 2631 3020 --
2672 2979 2862 3048 Τούτῳ
2905 2976 2986 3048 τῷ
3041 2977 3152 3031 ἔτει
3221 2976 3539 3042 Ἀθανάσιος
3593 2979 3691 3033 καὶ

420 3085 511 3154 qui
550 3080 849 3152 Cpolitana‘.
908 3081 1023 3137 sedi
1081 3081 1246 3151 impie
1309 3080 1653 3149 praesederat,
1699 3079 1766 3133 ad
1799 3076 2005 3132 Julium

2112 3070 2321 3133 Παῦλος
2353 3069 2467 3142 (27)
2499 3069 2924 3142 τελευτήσαντος
2943 3069 3205 3123 Εὖσεϐίου
3225 3070 3320 3122 τοῦ
3348 3070 3622 3151 δυσσεϐῶς
3645 3072 3693 3104 ⁵³

419 3189 618 3245 papam
637 3172 1074 3228 et'Constantem
1103 3172 1500 3241 imperatorem
1547 3169 1861 3223 Constantii
1887 3166 2002 3222 fra-

421 3275 560 3319 trem
588 3264 930 3319 Athanasius
954 3273 1008 3316 et
1037 3261 1242 3318 Paulus
1277 3260 1508 3316 Romam
1544 3260 1743 3314 iterum
1775 3259 2004 3330 profecti

421 3363 572 3412 sunt.
630 3354 848 3410 Mortuo
885 3354 1153 3425 siquidem
1214 3353 1454 3409 Eusebio
1503 3351 1792 3420 Cpolitana
1848 3351 2002 3422 plebs

421 3445 651 3499 Paulum
675 3443 731 3498 in
763 3443 946 3500 sedem
984 3441 1275 3512 reposuit.)
1325 3441 1512 3494 Ariani
1537 3456 1601 3495 ex
1631 3440 1864 3495 adverso
1892 3439 2005 3494 Ma-

418 3535 708 3590 cedonium
741 3533 1160 3598 ordinaverunt,
1207 3532 1343 3587 adeo
1383 3541 1442 3585 ut
1477 3530 1657 3585 civilis
1695 3529 1819 3585 belli
1858 3530 2002 3585 inter

416 3624 704 3695 utriusque
733 3632 915 3693 partes
940 3624 1228 3680 conﬂictus
1265 3624 1594 3679 exoriretur.
1624 3622 1998 3687 Constantius,

420 3715 511 3785 qui
543 3725 673 3770 tunc
697 3716 999 3772 Antiochiae
1026 3715 1274 3786 degebat,
1305 3715 1410 3771 hoc
1433 3715 1642 3782 audito,
1675 3714 2000 3786 Hermogeni

423 3807 689 3877 magistro
720 3795 955 3862 militum
1002 3809 1056 3862 in
1080 3806 1373 3863 Thraciam
1407 3808 1580 3863 misso
1628 3807 1877 3878 praecipit
1904 3807 1999 3862 iti-

421 3913 553 3954 nere
594 3899 988 3970 aliquantisper
1015 3898 1322 3968 deﬂectere,
1364 3910 1418 3955 et
1451 3899 1676 3955 Paulum
1707 3901 1774 3956 ab
1800 3901 1989 3956 Eccle-

2103 3161 2370 3234 ἄρξαντος
2397 3163 2446 3193 ⁸⁸
2468 3160 3093 3224 Κωνσταντινουπόλεως
3125 3161 3395 3232 κατῆλθον
3422 3144 3582 3216 item
3609 3165 3692 3227 εἰς

2114 3255 2334 3326 Ῥώμην
2367 3254 2476 3326 (28)
2527 3253 2666 3324 πρὸς
2700 3253 2922 3308 Ἰούλιον
2966 3253 3059 3308 τὸν
3085 3254 3131 3286 ⁸³
3175 3255 3366 3308 πάπαν
3402 3256 3497 3308 διαὶ
3533 3255 3691 3309 Κών-

2105 3361 2304 3397 σταντα
2332 3344 2423 3397 τὸν
2466 3344 2698 3414 βασιλέα
2729 3343 2957 3413 ἀδελφὸν
3002 3345 3407 3398 Κωνσταντίου.
3433 3345 3540 3398 Τοῦ
3576 3346 3690 3416 γὰρ

2106 3434 2370 3490 Εὑσεδίου
2420 3433 2671 3496 θανόντος
2696 3434 2744 3466 ⁵⁸
2767 3435 2794 3486 ὁ
2839 3433 2966 3497 λαὸς
3009 3434 3103 3486 τὸν
3133 3433 3345 3487 Παῦλον
3391 3432 3472 3505 τῷ
3510 3435 3691 3506 θρόνῳ

2106 3525 2742 3589 Κωνσταντινουπόλεως
2771 3525 3239 3596 ἀποκατέστησεν.
3269 3527 3331 3579 0i
3369 3525 3426 3578 δὲ
3469 3526 3692 3596 Ἀρεια-

2106 3619 2189 3674 vol
2213 3619 2306 3672 τὸν
2357 3618 2693 3673 Μακεδόνων
2741 3601 3282 3689 ἀντεχειροτόνησαν,
3318 3619 3395 3680 ὼς
3433 3618 3693 3672 ἐντεῦθεν

2107 3710 2372 3782 ἐμφύλιον
2404 3711 2448 3741 ³⁷
2488 3709 2744 3778 γενέσθαι
2767 3709 3026 3778 πόλεμον.
3054 3708 3235 3780 Ὅπερ
3265 3706 3454 3779 μαθὼν
3484 3709 3514 3762 ὁ
3538 3709 3694 3763 Κων-

2109 3804 2358 3864 στάντιος
2413 3801 2470 3854 ὲν
2509 3798 2805 3870 Ἀντιοχείᾳ
2843 3797 3067 3867 διάγων,
3122 3797 3441 3868 Ἑρμογένει
3483 3813 3692 3867 στρατ-

2100 3897 2276 3968 ηλάτῃ
2306 3891 2416 3966 (29)
2446 3891 2588 3945 κατὰ
2611 3891 2710 3962 τὴν
2734 3889 2954 3962 Θρᾴκην
2980 3890 3286 3960 πεμφθέντι
3317 3887 3532 3942 κελεύει
3567 3887 3693 3944 ὀδοῦ

1699 3989 1934 4045 VARle
1978 3983 2388 4044 LECTIONES.

487 4078 533 4110 ι.
563 4079 627 4148 τῇ

693 4089 806 4132 οιιι.
843 4077 934 4149 alii
981 4077 1155 4149 codd.
1217 4073 1281 4149 7"
1309 4079 1605 4149 τεταμένον
1632 4081 1697 4149 Α,
1728 4083 1921 4136 Anast.
1963 4089 2274 4141 extensum,
2312 4073 2636 4149 μεταϐαῖνον
2664 4073 2813 4149 vulg.

500 4121 1021 4223 ήμζπνιῇξξ-Ϊίϊτιῖξ
1199 4148 1264 4206 Α.
1301 4121 1514 4223 μ’ὗηθῖόἷ
1526 4121 1936 4223 ’ῗεῷἼξῖῖίίἽὶ
2979 4121 3033 4144 Ἥ

417 4221 462 4251 ⁵⁸
486 4212 649 4273 verba
676 4212 767 4271 τὸν
789 4218 917 4289 Υἱὸν
939 4212 996 4273 et
1019 4217 1114 4272 τοῦ
1146 4219 1354 4289 Πατρὸς
1370 4236 1433 4274 ex
1465 4222 1574 4274 Aet
1598 4212 1892 4276 Anastasio
1923 4220 2052 4279 add.
2129 4219 2174 4250 ⁵³
2199 4215 2493 4289 δυσσεϐοῦς
2519 4215 2552 4268 b
2571 4229 2628 4289 e_.
2696 4213 2744 4247 ”
2769 4212 3032 4289 ἄρξαντος
3048 4213 3146 4289 -τρν
3174 4212 3370 4289 θρόνον

2891 4071 2936 4163 f’
2967 4073 3033 4144 τῇ
3053 4072 3202 4163 sisi
3221 4072 3330 4163 ﬁe-
3356 4071 3422 4163 δι
3446 4077 3689 4160 statim

3132 4141 3324 4223 μήπφ]
3359 4141 3434 4215 μὴ
3484 4141 3566 4217 λεῷ
3636 4141 3692 4206 a':

3057 4229 3146 4274 ⁴τίον
3174 4215 3360 4274 θρονον
3387 4216 3443 4269 b.
3521 4219 3569 4251 ⁵⁸
3600 4221 3694 4274 τὸν

420 4297 549 4343 ante
571 4289 765 4342 πάπαν
806 4297 859 4342 et
889 4288 1118 4358 βασιλέα
1146 4283 1277 4344 add.
1310 4305 1377 4344 ex
1403 4291 1469 4344 Α.
1546 4291 1592 4322 ⁵⁸
1624 4291 1874 4354 θανέντος
1905 4290 2033 4344 Par.
2112 4289 2156 4320 ⁸⁷
2180 4283 2781 4357 ἐμφύλιον-πόλεμον
2806 4285 2873 4350 Λ,
2896 4285 3160 4354 ἐμφυλίου
3181 4283 3249 4324 4—
3271 4285 3508 4355 πολέμου
3538 4292 3690 4361 vulg.

1753 4378 1894 4436 JAC.
1923 4377 2140 4434 GOARI
2179 4373 2414 4432 ΝΟΤᾸΕ.

415 4471 778 4526 Sozomenum
815 4469 1164 4541 disserentes,
1192 4469 1338 4524 hunc
1367 4469 1461 4524 lib.
1505 4487 1579 4534 ιν,
1611 4486 1730 4540 cap.
1759 4471 1792 4525 5
1839 4479 1893 4525 et
1929 4471 1987 4535 4,
2021 4476 2065 4530 [ι
2095 4469 2175 4524 sic
2241 4471 2294 4522 et
2357 4465 2558 4522 Paulus
2625 4463 2846 4541 Festum
2929 4463 3212 4541 praesidem
3277 4461 3689 4537 iniquissimum

415 4544 568 4597 illum
600 4541 696 4595 lib.
727 4556 788 4606 ιι,
837 4555 958 4609 cap.
997 4541 1093 4603 24,
1129 4540 1282 4595 Gallo
1313 4542 1570 4594 nimirum
1620 4542 1671 4595 in
1716 4542 1986 4596 Caesarem

415 4612 720 4680 designato,
739 4621 793 4664 et
819 4611 872 4662 in
898 4612 1107 4680 Syriam
1131 4611 1300 4664 misso
1331 4627 1359 4663 ιι
1384 4612 1629 4680 patruele
1669 4611 1990 4666 Constantio

413 4697 559 4736 anno
587 4680 800 4749 imperii
836 4681 917 4733 sui
947 4683 1158 4750 decimo
1194 4691 1388 4750 quarto
1417 4699 1429 4733 :
1460 4682 1659 4750 quibus
1680 4681 1990 4735 Chrdnicon

413 4747 842 4804 Alexandrinum
869 4747 1223 4819 suﬂ'ragatur.
1252 4749 1402 4804 Diem
1447 4747 1793 4805 l‘entecostes
1816 4751 1991 4819 ipsius

363 4820 900 4894 _sacr_umdesigna_t
960 4829 1170 4885 auctor,
1230 4819 1398 4894 {datas
1457 4821 1991 4894 nonas_Clirotiicon

411 4888 716 4959 praefatum,
745 4887 797 4943 ei.
844 4887 1156 4944 Graecorum
1217 4889 1622 4960 .ilenologium:
1661 4890 1792 4944 illud
1846 4891 1995 4945 addit

411 4968 602 5014 horam
629 4960 736 5014 diei
761 4961 994 5013 lertiam.

485 5030 602 5097 (25)
640 5029 873 5084 Dubium
930 5029 1056 5084 illud
1087 5030 1233 5084 clare
1263 5030 1484 5086 discutit
1537 5029 1990 5099 Theologicorum

410 5099 734 5171 Dogtnatum
789 5109 980 5155 auctor
1038 5100 1332 5166 Petavius,
1380 5101 1526 5155 lib.t
1576 5101 1653 5154 De
1709 5099 1988 5168 Triuitate,

409 5170 530 5239 cap.
562 5170 650 5237 15,
692 5187 843 5226 num.
881 5171 947 5223 10
972 5181 1026 5224 et
1057 5171 1142 5224 ll.
1171 5173 1315 5224 idem
1343 5173 1517 5226 obiter
1550 5171 1818 5226 videndus
1841 5173 1990 5239 ejus;

2095 4541 2390 4610 κράτιστον
2424 4537 2756 4610 (compellat,
2795 4539 2970 4610 virum
2999 4537 3264 4610 optimum
3297 4541 3522 4610 :_sicque
3562 4543 3691 4596 ubi-

2098 4607 2203 4678 que
2237 4608 2547 4664 Christiana
2610 4607 2920 4679 modestia,
2971 4607 3153 4678 quoad
3217 4608 3420 4674 patitur
3477 4612 3686 4679 pietas,

2096 4677 2272 4752 viros_
2289 4679 2558 4751 praecipue
2578 4677 2855 4747 principes
2904 4693 2968 4733 ac
2991 4677 3348 4747 magistratus
3389 4677 3686 4752 prosequi-
3762 4740 3770 4746 _

2100 4759 2208 4804 tur.
2237 4749 2524 4804 Conserts.

2173 4821 2284 4892 (‘27)
2319 4819 2644 4892 Historicam
2670 4819 2851 4887 potius
2874 4835 3038 4892 quam
3088 4818 3409 4892 chronicam
3462 4822 3690 4876 relatio-

2103 4888 2227 4945 nem
2267 4888 2733 4960 'hiciinstituidex
2787 4906 2852 4944 eo
2906 4888 3331 4957 conjiciendum,
3360 4893 3506 4960 quod
3567 4893 3689 4948 hzec

2100 4962 2314 5084 Erimus
2346 4958 2648 5013 Coxistantii
2685 4961 2843 5014 annis
2879 4965 3029 5041 gesta
3086 4958 3390 5014 luculenter
3441 4975 3688 5043 exponat

2144 5045 2367 5084 aromus
2398 5030 2465 5083 ad
2505 5044 2708 5084 annum
2763 5029 2965 5084 Christi
3045 5031 3171 5084 ⁸542.
3214 5040 3268 5084 et
3320 5030 3686 5084 Constantnti

2144 5031 2367 5085 aronius
2398 5030 2465 5083 ad
2505 5044 2708 5084 annum
2763 5029 2965 5086 Christi
3045 5031 3171 5095 ⁸542,
3214 5040 3268 5085 et
3320 5029 3686 5086 Constantini

2097 5117 2253 5154 num.
2290 5101 2357 5154 47
2397 5107 2450 5154 et
2513 5099 2749 5153 maxime
2779 5101 2870 5156 48.
2917 5103 3137 5157 Eusebii
3170 5103 3351 5158 obitus
3395 5115 3551 5156 num.
3614 5105 3686 5156 45

2095 5174 2382 5226 asseritur.
2424 5168 2718 5224 Hisroriam
2764 5171 2916 5227 Pauli
2947 5184 3001 5228 et
3029 5173 3308 5229 Athanasii
3361 5186 3581 5226 omnem
3611 5175 3684 5228 ad

411 5242 531 5314 dein
571 5241 665 5295 lib.
701 5255 828 5314 cap.
861 5241 951 5314 10,
984 5241 1507 5314 numeror6;locurn
1544 5241 1633 5294 llic
1666 5243 1735 5295 ab
1763 5252 1986 5296 auctore
2093 5257 2295 5314 annum
2355 5246 2672 5314 praesentem
2727 5243 2951 5298 relatam
3011 5244 3154 5314 leges
3195 5243 3336 5314 apud
3395 5241 3685 5314 Socratem

411 5312 636 5366 citatum
666 5310 991 5366 catechesim
1031 5311 1376 5365 undecimam
1419 5310 1670 5366 alllrm'at.

483 5381 599 5452 (26)
637 5379 852 5437 Omissa
885 5396 989 5452 vox
1021 5381 1380 5451 οἰκονομικῶς
1402 5421 1415 5444 ,
1461 5397 1622 5450 quam
1677 5395 1868 5436 omnes
1897 5395 1983 5436 re-

410 5451 921 5522 praesentantcodd.
957 5451 1044 5506 hic
1075 5451 1381 5522 aptissima,
1409 5453 1725 5518 signiﬁcans
1747 5453 1982 5520 quadam

412 5521 938 5588 accommodatione,
972 5523 1226 5590 prudenti
1254 5522 1486 5575 consilio
1514 5531 1571 5574 ut
1600 5523 1775 5574 virum
1809 5524 2006 5576 allice-‘

410 5599 514 5655 ret,
549 5605 652 5644 non
677 5593 993 5654 oll'enderet,
1026 5593 1105 5646 sic
1146 5593 1466 5660 appellasse.
1493 5590 1584 5646 Sic
1609 5607 1823 5660 quoque
1867 5609 1990 5647 sex—

413 5668 524 5732 tam
560 5661 829 5730 synodum
859 5663 912 5716 in
943 5662 1296 5716 Constantem
1351 5662 1660 5732 religiosam
1721 5662 1989 5717 vindicavi

407 5732 479 5788 ab
511 5731 834 5803 importunis
859 5741 1023 5803 atque
1057 5732 1254 5801 inepzis
1275 5735 1509 5803 querelis
1534 5732 1738 5788 Alberti
1769 5732 1977 5802 Pighii:

2090 5311 2185 5366 lib.
2215 5327 2272 5374 ιι,
2303 5327 2422 5380 cap.
2453 5313 2484 5366 9
2509 5320 2561 5363 et
2584 5327 2764 5382 semp,
2793 5322 2847 5366 et
2872 5315 3012 5382 apud
3050 5311 3436 5371 Sozonienum.
3466 5311 3559 5365 lib.
3581 5328 3641 5366 ιιι
3664 5354 3683 5380 ,

2088 5398 2208 5450 cap.
2241 5382 2355 5437 6et
2414 5396 2567 5452 seqq.
2617 5380 3038 5456 Chronologtam
3107 5385 3312 5438 nullam
3364 5383 3453 5436 hic
3490 5385 3686 5452 requi-

2092 5467 2276 5592 les(.28)
2309 5519 2448 5577 Num
2489 5523 2694 5578 Italiam
2751 5523 2920 5578 semei
2951 5533 3004 5577 et
3035 5523 3235 5579 iterum
3271 5521 3472 5578 P'aulus
3516 5537 3684 5592 repe-

2098 5592 2264 5655 tierit,
2301 5595 2556 5648 edisserit
2598 5595 2866 5647 Baronius
2899 5593 3021 5648 loco
3059 5595 3246 5648 citato.

2170 5663 2282 5734 (‘29)
2312 5663 2414 5729 Qui
2452 5675 2752 5734 memprato
2776 5663 3084 5719 Sozomeno
3119 5664 3214 5733 τὴν
3241 5661 3474 5732 ἱππικὴν
3507 5661 3682 5715 δύνα-

2082 5729 2190 5804 ⁹μιν
2225 5729 2694 5804 ὲιτιτετραμμένος
2728 5734 3052 5804 στρατηγός,
3095 5729 3206 5790 duit
3248 5735 3336 5789 cui
3392 5729 3688 5803 etiuesttcs
