4074 6424
330 344 439 407 233

1642 332 2323 399 CHRONOGRAPHIA.

3508 330 3617 410 234

328 447 360 524 ᾗ
386 454 684 525 Γαμαλιὴλ
712 456 742 507 6
771 451 1089 514 διδάσκαλος
1125 449 1339 505 Παύλου
1370 446 1463 501 τοῦ
1489 446 1796 499 ἀποστόλου
1823 446 1921 498 σὺν

2031 448 2300 517 tesignani
2364 466 2564 522 corpus
2628 453 2894 512 Gamaliel
2946 455 3101 511 Pauli
3134 457 3369 528 apostoli
3412 474 3620 530 praece-

340 546 544 616 Ἅὸξδῳ
570 546 652 615 τῷ
684 545 787 612 υἱῷ
816 544 983 597 αὑτοῦ
1019 542 1228 612 ἔθαψαν
1277 539 1641 612 κηδεύσαντες
1666 538 1727 591 τὸ
1762 537 1921 609 σῶμα

330 638 419 691 τοῦ
443 638 952 707 πρωτομάρτυρος.

392 729 459 782 Α.
475 728 525 781 Μ
538 770 553 781 .
571 728 1006 798 5920.·-Τούτῳ
1030 727 1108 798 τῷ
1125 728 1234 782 ἔτει
1255 724 1534 787 Θεοδόσιος
1549 724 1577 777 6
1595 724 1822 795 εὐσεϐὴς
1837 724 1926 794 βα-

333 820 509 881 σιλεὺς
542 820 697 873 κατὰ
742 819 976 889 μίμησιν
996 819 1096 888 τῆς
1120 816 1395 889 μακαρίας
1408 815 1743 887 Πουλχερίας
1756 815 1926 870 πολλὰ

330 916 593 983 χρήματα
610 913 692 982 τῷ
710 909 831 944 ³⁷·³⁸
845 912 1130 981 ἐπισκόπῳ
1140 910 1184 941 ³⁸
1200 908 1465 980 Ἱεροσολύ
1475 926 1590 979 μων
1606 908 1924 962 ἀπέστειλεν

328 1005 457 1075 πρὸς
478 1004 525 1034 ⁸⁸
544 1003 793 1056 διάδοσιν
808 1003 915 1055 τῶν
934 1002 1123 1073 χρείαν
1138 1002 1389 1071 ἐχόντων,
1407 1001 1499 1052 καὶ
1517 1000 1608 1054 τὸν
1625 998 1669 1030 ⁴¹
1690 997 1925 1068 σταυρὸν

322 1098 564 1169 χρυσοῦν
618 1096 867 1151 διάλιθον
898 1098 942 1128 δ’
975 1097 1201 1166 ποιῆσαι
1230 1095 1275 1128 ⁸³
1315 1094 1451 1165 πρὸς
1496 1092 1557 1147 τὸ
1590 1094 1834 1163 παγῆναι
1866 1094 1924 1146 ὲν

318 1191 393 1259 τῷ
440 1190 594 1259 ἁγίῳ
630 1190 893 1260 Κρανίῳ.
941 1189 1000 1243 '0
1038 1189 1095 1242 δὲ
1144 1187 1579 1258 ἀρχιεπίσκοπος
1627 1186 1922 1256 ἀντίδωρον

320 1282 651 1337 ἀπέστειλεν
680 1281 941 1352 λείψανον
979 1280 1081 1351 τῆς
1132 1278 1317 1344 δεξιᾶς
1348 1279 1533 1350 χειρὸς
1558 1276 1654 1330 τοῦ
1710 1294 1923 1347 πρωτο-

318 1377 606 1446 μάρτυρος
638 1375 928 1442 Στεφάνου
952 1373 1041 1426 διὰ
1070 1372 1248 1425 τοῦ’ὲν
1281 1370 1458 1439 ἁγίοις
1508 1369 1921 1439 Πασσαρίωνος.

316 1468 524 1521 Τούτου
580 1467 643 1519 δὲ
687 1470 769 1529 είς
807 1465 1129 1534 Χαλκηδόνα
1159 1464 1488 1533 φθάσαντος,
1528 1463 1726 1534 θεωρεῖ
1754 1462 1788 1533 ή
1821 1478 1923 1532 μα-

317 1561 483 1629 καρία
515 1558 842 1629 Πουλχερία
873 1558 1012 1628 αὐτῇ
1030 1559 1094 1629 τῇ
1116 1556 1273 1610 νυκτὶ
1301 1558 1358 1609 ὲν
1379 1554 1618 1627 ὁράματι
1648 1554 1740 1607 τὸν
1769 1555 1923 1622 ἅγιον

316 1656 598 1723 Στέφανον
626 1653 870 1721 λέγοντα
900 1652 1064 1722 αύτῇο
1108 1650 1262 1714 Ἰδοὺ,
1291 1651 1324 1718 ἡ
1364 1648 1642 1720 προσευχὴ
1687 1664 1780 1701 σου
1810 1648 1923 1701 είσ-

317 1748 567 1818 ηκούσθη
600 1747 674 1810 ⁸⁸,
706 1747 805 1800 καὶ
835 1748 868 1815 ἡ
897 1744 1115 1816 αἵτησίς
1145 1761 1239 1798 σου
1297 1742 1512 1811 γέγονε,
1534 1742 1630 1796 καὶ
1657 1736 1823 1813 ἦλθεν
1846 1742 1925 1804 εἰς

2032 551 2157 611 ptor
2182 558 2287 597 una
2319 558 2445 599 cum
2471 546 2722 603 Abibone
2751 550 2864 605 tilio
2894 550 3130 605 curavit.

2102 724 2169 777 A.
2197 724 2259 779 C.
2288 724 2415 780 420.
2434 755 2503 765 -
2530 726 2647 782 Hoc
2679 740 2823 782 anno
2851 728 3201 784 Theodosius
3223 730 3347 799 pius
3387 729 3623 801 impera-

2035 824 2119 871 tor
2147 817 2361 872 beatam
2392 817 2740 874 Pulcheriam
2774 821 3023 877 imitatus
3058 836 3316 892 magnam
3362 825 3627 893 pecunia.

2033 923 2156 962 rum
2184 909 2292 963 vim
2352 911 2539 981 egenis
2589 912 3051 980 distribuendam,
3117 928 3343 968 auream
3397 929 3625 984 quoque

2032 1015 2251 1055 crucem
2284 1003 2543 1071 pretiosis
2572 1002 2777 1074 lapillis
2825 1005 3230 1060 interstinctam
3264 1013 3455 1059 sancto
3494 1004 3619 1059 Cal-7
3652 1070 3655 1073 Α

2032 1094 2195 1147 variae
2226 1092 2349 1149 loco
2371 1093 2640 1164 ﬁgendam
2675 1097 2741 1151 ad
2764 1095 3271 1167 Hierosolymorum
3297 1097 3618 1166 episcopum

2031 1187 2201 1243 misit.
2233 1190 2442 1244 Prmsul
2480 1189 2598 1245 haec
2627 1190 2769 1245 dona
2805 1191 3017 1245 vicario
3062 1204 3294 1246 munere
3356 1204 3620 1259 compen-

2033 1288 2256 1335 saturus
2309 1281 2516 1337 dextra:
2572 1297 2770 1338 manus
2822 1292 3131 1354 martyrum
3189 1281 3451 1352 principis
3500 1279 3624 1336 Ste-

2032 1371 2197 1441 phani
2233 1374 2495 1445 reliquias
2523 1389 2619 1446 per
2648 1385 2899 1430 sanctum
2952 1375 3342 1431 Passarionem
3399 1375 3618 1430 obtulit.

2033 1463 2110 1519 Eo
2172 1463 2572 1522 Chalcedonem
2633 1483 2808 1539 usque
2863 1468 3153 1538 profecto,
3217 1468 3395 1523 cernit
3463 1468 3622 1522 beata

2031 1554 2320 1611 Puleheria
2349 1567 2625 1614 nocturno
2656 1559 2711 1613 in
2744 1568 2963 1615 ostento
2994 1568 3243 1616 sanctum
3279 1559 3621 1630 Stephanum

2032 1647 2214 1702 verbis
2249 1648 2369 1703 istis
2403 1664 2463 1705 se
2529 1650 2949 1722 compellantem
3000 1666 3014 1703 :
3055 1650 3269 1717 Viden’,
3308 1660 3369 1706 ut
3431 1666 3623 1722 preces

2033 1746 2138 1792 tua:
2160 1738 2270 1793 sint
2297 1739 2591 1804 exauditar,
2633 1750 2688 1796 et
2717 1750 2778 1796 ut
2810 1742 3007 1812 petitio
3038 1751 3127 1796 tua
3157 1742 3270 1812 jam
3320 1741 3623 1813 adimpleta

717 1837 783 1891 Ἦ
927 1814 1211 1890 ἀναστᾶσα
1241 1835 1339 1888 καὶ
1368 1835 1465 1889 τδν
1492 1832 1726 1903 ἀδελφὸν
1752 1832 1923 1903 αὐτῆς

2031 1827 2426 1885 Cbalcedonem
2454 1847 2629 1901 usque
2652 1833 3000 1903 pervenerit?
3029 1832 3347 1904 Exsurgens
3381 1835 3474 1890 illa
3514 1833 3625 1890 l‘ra-

322 1928 498 1982 λα.ῦοῦ
508 1947 599 1992 σα,
616 1927 844 1999 ἐξῆλθεν
867 1929 950 1991 εις
968 1928 1294 1996 συνάντησιν
1313 1925 1423 1978 τῶν
1438 1925 1613 1995 ἁγίων
1629 1923 1922 1993 λειψάνων,

335 2024 438 2075 καὶ
466 2020 650 2074 ταῦτα
676 2022 717 2052 ⁸⁸
740 2024 818 2084 εἰς
856 2020 919 2073 τὸ
966 2018 1231 2073 παλάτιον
1260 2016 1501 2070 λαϐοῦσα
1551 2016 1727 2081 κτίζει
1773 2009 1924 2069 οἶκον

342 2115 564 2181 ἔνδοξον
600 2114 677 2184 τῷ
702 2114 826 2184 ἁγίῳ
843 2109 1305 2185 πρωτομάρτυρι,
1336 2112 1506 2165 κάκεῖ
1528 2110 1599 2164 τά
1629 2110 1764 2179 διγια
1794 2125 1937 2163 κατ--

340 2209 505 2261 ἔθετο
536 2207 775 2275 λείψανα.

404 2301 472 2352 Δ.
514 2295 588 2351 Μ.
613 2297 774 2352 5921.
819 2327 890 2337 -—
924 2295 1627 2361 Κωνσταντινουπόλεως
1674 2293 1924 2349 ἐπισκό-

327 2406 449 2443 30v
475 2390 805 2444 Σισιννίου
831 2390 970 2455 ἔτος
996 2388 1071 2443 α’.

387 2482 587 2551 Τούτῳ
616 2482 702 2552 τῷ
722 2481 841 2535 ἔτει
868 2481 1174 2552 άγαθότητι
1216 2480 1387 2551 πολλῇ
1445 2480 1767 2551 κινούμενος
1796 2480 1926 2533 Θεο-

315 2573 499 2636 δόσιος
523 2575 645 2647 (δε)
681 2578 712 2628 6
744 2574 1025 2645 βασιλεὺς,
1051 2570 1258 2644 καίπερ
1291 2573 1523 2643 νικήσας
1553 2573 1698 2626 κατὰ
1720 2573 1925 2645 κράτος

311 2668 442 2730 τοὺς
490 2668 747 2735 Πέρσας,
806 2665 982 2735 φειδοῖ
1038 2664 1148 2718 τῶν
1188 2664 1590 2719 κατοικούντων
1616 2667 1675 2718 ὲν
1704 2664 1926 2736 Περσίδι

312 2761 730 2831 Χριστιανῶν,
785 2761 1016 2831 εἰρήνην
1061 2756 1398 2821 ἀσπάζεται,
1448 2757 1547 2811 καὶ
1602 2756 1925 2811 ἀποστέλλει

312 2851 686 2921 πρεσϐευτὰς
728 2849 971 2904 ’Πλίωνά
1002 2866 1064 2902 τε
1107 2850 1201 2902 τὸν
1256 2849 1570 2921 πατρίκιον,
1610 2848 1671 2903 ὃν
1704 2849 1847 2904 πάνυ
1879 2848 1927 2882 ³⁸

314 2942 407 2995 διά
438 2941 624 3011 τιμῆς
667 2937 832 3012 ἦγεν,
888 2942 985 2995 καὶ
1020 2939 1331 2996 Ἀνατόλιον
1372 2941 1466 2995 τὸν
1494 2945 1595 3011 τῆς
1634 2939 1929 3010 Ἀνατολῆς

317 3034 648 3105 στρατηγὸν
702 3034 928 3105 εἰρήνην
962 3034 1296 3088 σπείσασθαι
1349 3033 1418 3089 ⁸⁷.
1470 3034 1839 3106 Ούαραράνης
1870 3034 1928 3088 δὲ

319 3126 486 3193 γνοὺς
515 3127 625 3195 τὴν
654 3124 862 3178 ἑαυτοῦ
885 3120 1058 3196 ἧτταν
1087 3107 1303 3196 δέχεται
1339 3124 1439 3198 τὴν
1471 3126 1798 3197 πρεσϐείαν,
1830 3125 1929 3179 καὶ
1956 3161 1999 3222 C

324 3219 500 3281 οὕτως
530 3221 564 3273 6
605 3219 756 3273 κατὰ
784 3216 895 3272 τῶν
942 3218 1291 3289 Χριστιανῶν
1348 3218 1631 3273 ἐπαύσατο
1661 3217 1928 3289 διωγμὸς.

335 3314 395 3364 '0
427 3313 489 3365 δὲ
518 3311 791 3381 βασιλεὺς
822 3310 1101 3374 Θεοδόσιος
1158 3309 1254 3363 ἐπὶ
1283 3312 1406 3373 ταῖς
1464 3308 1744 3373 τοιαύταις
1774 3309 1934 3379 εὐερ-

326 3406 547 3471 γεσίαις
573 3405 657 3474 τῷ
681 3403 803 3475 Θεῷ
821 3403 868 3436 ⁸⁸
900 3404 1260 3476 εὐχαριστῶν,
1290 3403 1575 3473 γεραίρειν
1597 3404 1711 3465 τοῖς
1744 3400 1937 3471 ὕμνοις

325 3500 431 3552 οὐκ
491 3498 742 3552 ἐπαύετο
765 3498 832 3563 ⁸⁸,
895 3498 1189 3561 κοινωνοὺς
1219 3496 1360 3567 ἔλων
1404 3498 1503 3566 τῆς
1535 3494 1808 3566 ύμνῳδίας
1836 3493 1936 3558 τὰς

332 3594 472 3657 ἰδίας
485 3592 740 3663 ἀδελφὰς
767 3591 857 3645 διὰ
891 3590 1008 3661 βίου
1047 3590 1148 3663 τὴν
1174 3588 1475 3661 παρθενίαν
1499 3587 1796 3651 ἀσκούσας.

396 3778 492 3847 Τῷ
544 3778 591 3830 δ’
625 3776 776 3847 αύτῷ
834 3776 945 3828 ἔτει
978 3775 1247 3837 Σισίννιος
1300 3775 1328 3826 6
1369 3772 1670 3833 ἐπίσκοπος
1719 3772 1765 3802 ⁸⁸
1812 3767 1925 3841 (55)

334 3869 977 3932 Κωνσταντινουπόλεως
1023 3866 1273 3939 Πρόκλον
1300 3865 1601 3935 χειροτονεῖ
1626 3863 1925 3916 ἐπίσκοπον

330 3962 583 4026 Κυζίκου
607 3978 621 3991 ο
656 3962 840 4013 ὅντινα
872 3962 922 4013 οί
957 3958 1264 4030 Κυζικηνοὶ
1294 3958 1369 4029 μὴ
1398 3956 1705 4026 δεξάμενοι,
1744 3971 1914 4025 μονα-

330 4054 427 4122 χον
466 4070 596 4105 τινα
624 4050 780 4122 παρὰ
819 4051 1050 4121 γνώμην
1087 4050 1356 4103 Σισιννίου
1391 4046 1731 4119 Δαλματινὸν
1764 4045 1807 4078 σί
1837 4045 1929 4098 λε-

332 4145 578 4215 γόμενον
607 4141 1032 4214 χειροτονοῦσιν.
1070 4142 1129 4195 '0
1154 4142 1211 4195 δὲ
1248 4139 1495 4213 Πρόκλος
1556 4138 1695 4192 ίδίαν
1724 4136 1930 4207 ἐκκλη-

334 4236 462 4289 σίαν
536 4236 618 4305 μὴ
659 4233 825 4304 ἔχων,
889 4235 948 4287 ὲν
1000 4230 1576 4287 Κωνσταντινουπόλει
1644 4230 1930 4301 προτροπῇ

331 4328 610 4381 Σισιννίου
636 4330 759 4391 ταῖς
783 4323 1164 4389 διδασκαλίαις
1192 4319 1262 4396 ἦν
1295 4322 1641 4394 διαπρέπων.

2028 1930 2109 1977 tre
2136 1924 2336 1979 comite
2366 1926 2573 1980 sanctis
2608 1926 2860 1997 reliquiis
2886 1928 2941 1981 in
2973 1941 3273 1982 occursum
3296 1928 3568 1998 processit
3597 1946 3613 1983 :

2028 2016 2133 2086 75
2158 2017 2376 2087 illisque
2413 2017 2633 2073 demum
2682 2018 2738 2072 in
2770 2018 3037 2090 palatium
3084 2020 3274 2086 illatis,
3328 2030 3625 2092 sumptuo-

2028 2125 2143 2164 sam
2170 2112 2342 2165 aedem
2388 2123 2580 2166 sancto
2623 2120 2928 2183 martyrum
2983 2112 3201 2168 ductori
3257 2113 3535 2169 exstruxit
3567 2126 3623 2170 et

2027 2204 2082 2257 iu
2131 2217 2195 2258 ea
2227 2218 2387 2259 sacra
2422 2219 2655 2259 munera
2680 2203 2959 2275 deposuit.

2095 2293 2162 2346 Α.
2201 2292 2263 2348 C.
2318 2292 2445 2348 421.
2477 2322 2547 2333 -
2576 2290 2802 2363 Cpoleos
2853 2296 3085 2365 episcopi
3145 2294 3375 2352 Sisitmii
3444 2312 3620 2353 annus

2025 2384 2251 2452 primus.

2103 2475 2214 2531 Hoc
2239 2490 2385 2533 anno
2410 2476 2756 2535 Theodosius
2794 2479 3120 2551 imperator,
3167 2480 3296 2536 licet
3334 2493 3623 2536 armorum

2028 2567 2078 2620 vi
2104 2566 2301 2622 Persas
2322 2576 2377 2623 et
2401 2568 2652 2623 victoriis
2693 2580 2984 2640 premeret,
3038 2570 3483 2627 Christianorum
3530 2579 3621 2626 ta-

2031 2673 2153 2712 men
2187 2658 2240 2712 in
2263 2657 2488 2715 Perside
2512 2662 2974 2716 commorantium
3002 2662 3258 2732 sanguini
3280 2662 3619 2733 parciturus,

2029 2764 2246 2805 summa
2308 2752 2597 2808 clementia
2656 2752 2856 2809 ductus
2914 2769 3105 2824 pacem
3160 2755 3525 2825 amplexatur,
3567 2763 3626 2808 et

2030 2842 2318 2899 Helionem
2372 2844 2665 2915 patricium
2716 2846 2896 2899 virum
2929 2845 3163 2901 summis
3199 2860 3416 2915 semper
3446 2845 3624 2901 bono-

2032 2935 2186 2991 ribus
2229 2944 2453 2992 auctum
2512 2947 2569 2993 et
2622 2936 2940 2992 Anatolium
3004 2938 3245 2994 Orientis
3303 2937 3621 3008 praefectum

2031 3028 2243 3100 legatos
2295 3032 2448 3101 pacis
2474 3030 2654 3089 ftedus
2695 3033 3015 3089 ﬁrmaturos
3072 3034 3260 3090 mittit.
3295 3035 3623 3099 Vararanes,

2032 3121 2254 3192 cognita
2308 3137 2538 3179 suorum
2572 3125 2812 3195 jactura,
2853 3126 3051 3181 lubens
3112 3126 3351 3182 admittit
3391 3126 3624 3197 legatos,

2034 3224 2198 3286 atque
2253 3217 2326 3272 ita
2379 3217 2651 3275 excitatus
2705 3219 2763 3274 in
2817 3220 3167 3276 Christianos
3213 3220 3620 3291 persecutionis

2033 3317 2218 3363 motus
2247 3310 2474 3366 resedit.
2506 3312 2814 3383 Imperator
2841 3328 3007 3383 porro
3038 3312 3388 3370 Theodosius
3421 3314 3474 3368 iu
3499 3323 3616 3368 tan.

2035 3411 2217 3456 torum
2249 3402 2642 3459 beneﬁciorum
2666 3405 2842 3460 vicem
2866 3414 3049 3476 grates
3100 3417 3330 3462 acturus
3364 3407 3475 3461 Deo
3514 3423 3621 3461 una

2036 3506 2165 3548 cum
2206 3494 2325 3550 suis
2372 3495 2684 3561 sororibus,
2729 3511 2852 3566 qua:
2896 3506 3215 3568 perpetuam
3255 3498 3621 3569 virginitatem

2036 3585 2309 3653 colebant,
2345 3589 2518 3642 sacris
2552 3588 2782 3644 canticis
2824 3587 3039 3643 Numen
3096 3588 3373 3643 celebrare
3400 3598 3453 3642 et
3499 3589 3620 3658 ejus

2038 3678 2228 3734 laudes
2254 3679 2515 3735 extollere
2550 3695 2822 3750 nusquam
2850 3680 3168 3736 desistebat.

2107 3770 2312 3825 Eodem
2345 3784 2492 3825 anno
2536 3770 2813 3827 Sisinnius
2874 3771 3107 3843 Cpoleos
3162 3772 3617 3842 archiepiscOpus

2033 3862 2219 3934 Cyzici
2274 3864 2594 3935 episcopum
2651 3865 2869 3920 ordinat
2917 3864 3226 3921 Proclum:
3275 3880 3439 3936 quem
3493 3881 3618 3921 cum

2034 3970 2335 4026 agnoscere
2359 3957 2611 4029 Cyziceni
2639 3958 3392 4026 detrectassent,monachum
3424 3973 3623 4025 quem-

2029 4046 2156 4102 dam
2195 4050 2419 4103 nomine
2478 4048 2813 4106 Dalmatium
2865 4051 3043 4106 invito
3094 4050 3341 4107 Sisiunio
3395 4049 3623 4105 sibimet

2029 4140 2340 4209 praeﬁciunt
2387 4142 2709 4199 antistitem.
2770 4142 3002 4199 Proclus
3052 4144 3271 4215 propria
3319 4142 3625 4198 destitutus

2030 4234 2286 4300 ecclesia,
2323 4234 2556 4292 Sisiunii
2586 4237 2813 4293 monitis
2837 4246 2892 4294 et
2932 4237 3209 4309 permissu
3261 4235 3623 4293 sermonibus

2033 4326 2239 4395 p0pulo
2262 4325 2512 4383 docendo
2536 4327 2737 4383 habitis
2764 4327 3032 4384 clarebat.

1652 4500 1887 4557 VARIxE
1931 4499 2338 4560 LECTIONES.

443 4624 570 4656 31-“
611 4622 692 4692 τῷ
725 4620 853 4676 add.
889 4636 955 4675 ex
994 4620 1059 4675 A.
1138 4619 1183 4651 ³⁹
1213 4617 1518 4692 ἐπισκύπῳ]
1572 4618 1823 4692 διρχιερξῖ
1870 4632 1921 4692 CA-

330 4696 376 4749 A
416 4711 449 4747 ιι
484 4698 516 4747 b
547 4708 579 4748 c
608 4690 704 4747 dl‘.
781 4692 828 4724 ⁸⁵³
851 4692 1077 4759 ποιῆσαι
1119 4704 1171 4754 e,
1210 4690 1481 4743 ποιεῖσθαι
1525 4690 1673 4759 vulg.

331 4766 379 4797 “
414 4767 563 4818 πάνυ
598 4766 663 4827 Λ,
702 4763 1041 4833 πάλαινιιις.

1754 4688 1800 4719 ιι
1818 4757 1833 4761 Α
1861 4687 2292 4761 εἰσηκορςθήηᾈγ,
2326 4687 2593 4761 ἠκούσθη,
2616 4690 2767 4761 vulg.

1118 4760 1161 4792 ⁸⁷
1191 4758 1538 4821 σπείσασθαι,
1571 4757 1903 4830 ποιήσασθαι
1925 4757 1993 4813 Α.
2070 4759 2115 4790 ⁸⁸
2147 4757 2207 4828 vi}

331 4838 490 4906 vulg.
573 4836 619 4867 '°
656 4837 686 4887 6
720 4835 908 4887 ὲπίσκ.
937 4830 1012 4899 Α,
1038 4833 1261 4903 ἀρχιεπ,
1291 4831 1441 4898 vulg.
1517 4831 1559 4863 ⁸⁸
1584 4830 1989 4900 ΔαλματινέινΑ
2019 4845 2068 4895 e,
2096 4830 2399 4901 Δαλμάτιον
2421 4832 2570 4901 vulg.

2724 4620 2763 4651 “
2802 4622 2890 4674 τὸν
2925 4622 3051 4676 add.
3087 4638 3152 4676 ex
3172 4622 3235 4677 Α.
3309 4622 3355 4654 ⁸³
3385 4621 3623 4677 διάλιθον

2864 4692 2909 4724 ⁸⁵
2939 4692 3111 4746 ταῦτα
3143 4695 3208 4757 Α,
3233 4691 3438 4763 ταύτην
3470 4693 3621 4763 vulg.

2070 4759 2115 4835 δέ
2147 4759 2224 4835 τῷ
2250 4760 2367 4835 Θεῷ
2392 4762 2459 4821 Α,
2488 4760 2576 4835 τὸν
2600 4759 2736 4814 Θεὸν
2749 4762 2893 4833 vulg.
2970 4766 3014 4796 δ’
3049 4764 3284 4818 ἐπαύετο
3308 4762 3374 4828 Α,
3394 4759 3622 4835 επαύθή

2025 4617 2078 4689 δοῖ
2104 4619 2242 4689 πρὸς
2276 4633 2384 4673 om.
2448 4619 2522 4689 Α,
2559 4634 2609 4673 e.

1652 4970 1792 5026 JAC.
1831 4968 2040 5026 GOARI
2070 4968 2302 5025 ΝΟΤᾹΞ.

331 5096 459 5149 sius
503 5089 849 5160 provinciam
906 5088 1154 5155 reliquiis
1184 5089 1472 5152 ditaverit,
1521 5105 1585 5145 ex
1629 5089 1929 5144 Marcellini
1958 5093 2012 5152 D
2040 5091 2295 5145 comitem
2329 5092 2653 5145 restinctum
2687 5107 2834 5161 :quo
2865 5093 3261 5148 trecentesimze
3285 5089 3623 5214 Olympiadis

334 5163 624 5214 Ltu-onieo
660 5161 728 5213 ad
763 5176 967 5213 annum
996 5159 1293 5214 Theodosii
1327 5162 1381 5214 9.
1420 5160 1789 5214 Hieronvmus
1820 5175 1931 5213 au-
2039 5175 2216 5214 annus
2248 5172 2501 5214 uuartus.
2534 5171 2587 5214 et
2622 5161 2845 5214 Honorii
2895 5162 3143 5214 decimus
3169 5161 3384 5214 tertius.
3485 5161 3621 5214 beo-

334 5159 624 5218 tgttronieo
660 5161 728 5213 ad
763 5176 967 5213 annum
996 5159 1293 5219 Theodosii
1327 5162 1381 5225 9,
1420 5160 1789 5230 Hieronymus
1820 5175 1931 5213 au-

333 5247 450 5311 tem
483 5232 627 5311 obiit
684 5232 930 5311 ejusdem
975 5230 1271 5311 Theodosii
1323 5231 1439 5311 12,.
1476 5229 1646 5311 prout
1680 5229 1934 5311 Prosperi

334 5304 670 5358 Chronicon
704 5309 939 5371 testatur
974 5317 986 5351 :
1022 5302 1115 5371 qui
1148 5317 1279 5369 ergo
1325 5301 1442 5355 ﬁeri
1478 5303 1673 5371 potuit,
1699 5310 1758 5353 ut
1790 5301 1937 5369 ejus-

336 5376 466 5428 dem
502 5374 821 5442 impetum
854 5370 920 5442 19
963 5370 1192 5442 reperta:
1223 5372 1427 5425 fuerint
1456 5373 1746 5439 reliquiae?
1785 5371 1937 5442 Adde

336 5439 617 5499 Joannem
649 5439 1154 5509 Hierosolymorum
1188 5442 1489 5497 antistitem
1522 5443 1778 5509 reliquias
1820 5440 1934 5494 Lu-

340 5515 495 5568 ciani
542 5514 756 5567 monitu
804 5509 1085 5573 eﬂodisse,
1145 5527 1308 5580 quem
1350 5521 1477 5566 ante
1521 5527 1696 5566 annos
1736 5527 1930 5566 novem

342 5586 647 5639 immemor
679 5582 922 5637 historia:
955 5584 1327 5652 temporisque
1348 5582 1711 5652 Theophanes
1732 5598 1763 5636 e
1797 5582 1937 5636 vivis

342 5653 664 5710 excessisse
698 5654 751 5706 in
786 5653 1051 5707 cln'onico
1083 5652 1350 5708 laterculo
1379 5654 1581 5721 posuit.

423 5724 543 5793 (δὲ)
591 5723 800 5777 Bellum
853 5721 1133 5793 Persicum
1169 5739 1314 5778 anno
1344 5722 1640 5779 Theodosii
1677 5724 1744 5777 l5
1779 5722 1937 5789 juxta

346 5793 659 5852 Chronica):
696 5792 1127 5858 Alexandrinum,
1160 5795 1243 5849 vel
1273 5795 1339 5847 15
1370 5796 1524 5864 juxta
1568 5795 1939 5850 Marcellinum

680 5889 950 5952 Parnm.
1002 5870 1131 5953 Gn.
1160 5892 1367 5952 CVIII.

2039 5175 2216 5215 annus
2248 5172 2501 5230 quartus,
2534 5171 2587 5216 et
2622 5161 2845 5217 Honorii
2895 5162 3143 5218 decimus
3169 5161 3384 5226 tertius,
3436 5161 3621 5214 Theo-

2039 5231 2177 5286 dosii
2221 5248 2349 5286 vero
2379 5233 2630 5287 decimus
2664 5233 3082 5293 numerabatur,
3108 5248 3173 5287 ex
3205 5231 3363 5285 Socr.
3398 5230 3494 5283 lib.
3524 5247 3623 5296 vn,

2039 5316 2161 5423 ctltp.
2205 5302 2294 5365 20,
2323 5318 2351 5354 :t
2386 5303 2546 5371 cujus
2574 5303 2802 5358 calculis
2835 5302 2994 5373 longe
3025 5303 3182 5357 abest
3217 5309 3406 5355 noster
3438 5301 3623 5356 Theo-

2039 5388 2272 5423 ntanes.

2057 5388 2272 5426 manes.

2038 5388 2321 5513 νυῗέιδῗδῖε
2342 5442 2657 5499 Theodosio
2691 5442 3100 5513 duodecimum,
3138 5449 3191 5494 et
3232 5439 3619 5513 Valentiniano

2036 5510 2264 5567 Juniore
2332 5514 2635 5569 secundum
2693 5529 2838 5567 coss.
2903 5511 3227 5575 ordinatus,
3274 5526 3339 5564 ex
3372 5510 3619 5576 Socrate,

2040 5584 2135 5637 lib.
2153 5599 2249 5649 vtt,
2270 5598 2390 5654 cap.
2412 5583 2503 5647 26,
2527 5599 2677 5651 anno,
2694 5598 2806 5639 suze
2823 5582 3186 5654 promotionis
3207 5581 3403 5654 primo,
3435 5581 3617 5654 Theo-

2042 5654 2260 5708 dosium
2295 5651 2470 5709 annos
2498 5655 2763 5709 duntaxat
2799 5653 3104 5707 octodecim
3135 5668 3200 5706 ex
3229 5651 3620 5706 ChroniciAle-

2042 5724 2237 5777 xandr.
2286 5735 2564 5793 computo,
2626 5725 2710 5779 vel
2763 5723 3138 5778 novemdecim
3195 5738 3258 5777 ex
3321 5722 3621 5778 Marcellini

2048 5796 2269 5865 scriptis
2301 5795 2436 5851 vidit
2468 5797 2853 5867 imperantem.

3253 5886 3286 5946 8
