  <div class='ocr_page' id='page_1' title='image "/cluster/home/n/w/nwhite01/storage/ocr_20150623/108/coo.31924054870120/127.png"; bbox 0 0 4074 6444; ppageno 0'>
   <div class='ocr_carea' id='block_1_1' title="bbox 482 329 591 394">
    <p class='ocr_par' dir='ltr' id='par_1_1' title="bbox 482 329 591 394">
     <span class='ocr_line' id='line_1_1' title="bbox 482 329 591 394; baseline 0.037 -4"><span class='ocrx_word' id='word_1_1' title='bbox 482 329 591 394; x_wconf 80' lang='lat'><strong>239</strong></span> 
     </span>
    </p>
   </div>
   <div class='ocr_carea' id='block_1_2' title="bbox 1883 332 2374 394">
    <p class='ocr_par' dir='ltr' id='par_1_2' title="bbox 1883 332 2374 394">
     <span class='ocr_line' id='line_1_2' title="bbox 1883 332 2374 394; baseline -0.004 0"><span class='ocrx_word' id='word_1_2' title='bbox 1883 332 2374 394; x_wconf 78' lang='lat' dir='ltr'><strong>THEOPHANIS</strong></span> 
     </span>
    </p>
   </div>
   <div class='ocr_carea' id='block_1_3' title="bbox 3649 331 3761 396">
    <p class='ocr_par' dir='ltr' id='par_1_3' title="bbox 3649 331 3761 396">
     <span class='ocr_line' id='line_1_3' title="bbox 3649 331 3761 396; baseline 0 -1"><span class='ocrx_word' id='word_1_3' title='bbox 3649 331 3761 396; x_wconf 66' lang='grc'><strong>210</strong></span> 
     </span>
    </p>
   </div>
   <div class='ocr_carea' id='block_1_4' title="bbox 481 439 2059 514">
    <p class='ocr_par' dir='ltr' id='par_1_4' title="bbox 481 441 2058 512">
     <span class='ocr_line' id='line_1_4' title="bbox 481 441 2058 512; baseline 0.002 -16"><span class='ocrx_word' id='word_1_4' title='bbox 481 444 724 496; x_wconf 83' lang='lat' dir='ltr'><strong>nondum</strong></span> <span class='ocrx_word' id='word_1_5' title='bbox 781 449 1151 512; x_wconf 83' lang='lat' dir='ltr'><strong>comparente,</strong></span> <span class='ocrx_word' id='word_1_6' title='bbox 1202 455 1328 496; x_wconf 88' lang='lat' dir='ltr'><strong>cum</strong></span> <span class='ocrx_word' id='word_1_7' title='bbox 1377 441 1549 496; x_wconf 88' lang='lat' dir='ltr'><strong>multo</strong></span> <span class='ocrx_word' id='word_1_8' title='bbox 1598 442 1860 498; x_wconf 84' lang='lat' dir='ltr'><strong>comitqu</strong></span> <span class='ocrx_word' id='word_1_9' title='bbox 1916 443 2058 499; x_wconf 80' lang='lat' dir='ltr'><strong>fastu</strong></span> 
     </span>
    </p>
   </div>
   <div class='ocr_carea' id='block_1_5' title="bbox 2161 439 3757 514">
    <p class='ocr_par' dir='ltr' id='par_1_5' title="bbox 2163 439 3757 514">
     <span class='ocr_line' id='line_1_5' title="bbox 2163 439 3757 514; baseline -0.001 -18"><span class='ocrx_word' id='word_1_10' title='bbox 2163 461 2254 498; x_wconf 86' lang='grc' dir='ltr'><strong>νου</strong></span> <span class='ocrx_word' id='word_1_11' title='bbox 2291 443 2366 514; x_wconf 84' lang='grc' dir='ltr'><strong>μὴ</strong></span> <span class='ocrx_word' id='word_1_12' title='bbox 2393 440 2658 506; x_wconf 79' lang='grc' dir='ltr'><strong>ἐλθόντος,</strong></span> <span class='ocrx_word' id='word_1_13' title='bbox 2701 439 2938 512; x_wconf 73' lang='grc' dir='ltr'><strong>ἔφθασεν</strong></span> <span class='ocrx_word' id='word_1_14' title='bbox 2968 441 2997 495; x_wconf 81' lang='grc' dir='ltr'>ὁ</span> <span class='ocrx_word' id='word_1_15' title='bbox 3032 439 3333 512; x_wconf 86' lang='grc' dir='ltr'><strong>Νεστόριος</strong></span> <span class='ocrx_word' id='word_1_16' title='bbox 3369 439 3511 511; x_wconf 83' lang='grc' dir='ltr'><strong>μετὰ</strong></span> <span class='ocrx_word' id='word_1_17' title='bbox 3550 441 3757 508; x_wconf 74' lang='grc' dir='ltr'><strong>πολλῆς</strong></span> 
     </span>
    </p>
   </div>
   <div class='ocr_carea' id='block_1_6' title="bbox 482 531 2058 604">
    <p class='ocr_par' dir='ltr' id='par_1_6' title="bbox 482 531 2058 604">
     <span class='ocr_line' id='line_1_6' title="bbox 482 531 2058 604; baseline 0.003 -18"><span class='ocrx_word' id='word_1_18' title='bbox 482 533 769 588; x_wconf 82' lang='lat' dir='ltr'><strong>Nestorius</strong></span> <span class='ocrx_word' id='word_1_19' title='bbox 797 534 1039 589; x_wconf 80' lang='lat' dir='ltr'><strong>advenit.</strong></span> <span class='ocrx_word' id='word_1_20' title='bbox 1058 533 1156 588; x_wconf 88' lang='lat' dir='ltr'><strong>Die</strong></span> <span class='ocrx_word' id='word_1_21' title='bbox 1186 533 1369 604; x_wconf 88' lang='lat' dir='ltr'><strong>itaque</strong></span> <span class='ocrx_word' id='word_1_22' title='bbox 1393 531 1765 590; x_wconf 86' lang='lat' dir='ltr'><strong>Juniimensis</strong></span> <span class='ocrx_word' id='word_1_23' title='bbox 1795 534 2058 590; x_wconf 79' lang='lat' dir='ltr'><strong>vicesima</strong></span> 
     </span>
    </p>
   </div>
   <div class='ocr_carea' id='block_1_7' title="bbox 480 623 2058 697">
    <p class='ocr_par' dir='ltr' id='par_1_7' title="bbox 480 623 2058 697">
     <span class='ocr_line' id='line_1_7' title="bbox 480 623 2058 697; baseline 0.001 -17"><span class='ocrx_word' id='word_1_24' title='bbox 480 625 744 680; x_wconf 77' lang='lat' dir='ltr'><strong>celebrari</strong></span> <span class='ocrx_word' id='word_1_25' title='bbox 796 625 963 696; x_wconf 67' lang='lat' dir='ltr'><strong>erepit</strong></span> <span class='ocrx_word' id='word_1_26' title='bbox 1011 625 1329 690; x_wconf 85' lang='lat' dir='ltr'><strong>concilium,</strong></span> <span class='ocrx_word' id='word_1_27' title='bbox 1395 623 1696 690; x_wconf 85' lang='lat' dir='ltr'><strong>Nestorio,</strong></span> <span class='ocrx_word' id='word_1_28' title='bbox 1745 626 1953 697; x_wconf 83' lang='lat' dir='ltr'><strong>Cyrillo</strong></span> <span class='ocrx_word' id='word_1_29' title='bbox 2002 636 2058 682; x_wconf 92' lang='lat' dir='ltr'><strong>et</strong></span> 
     </span>
    </p>
   </div>
   <div class='ocr_carea' id='block_1_8' title="bbox 481 720 2061 791">
    <p class='ocr_par' dir='ltr' id='par_1_8' title="bbox 481 720 2061 791">
     <span class='ocr_line' id='line_1_8' title="bbox 481 720 2061 791; baseline 0.003 -17"><span class='ocrx_word' id='word_1_30' title='bbox 481 721 701 775; x_wconf 83' lang='lat' dir='ltr'><strong>Praulio</strong></span> <span class='ocrx_word' id='word_1_31' title='bbox 754 720 1046 776; x_wconf 88' lang='lat' dir='ltr'><strong>conventui</strong></span> <span class='ocrx_word' id='word_1_32' title='bbox 1079 720 1524 791; x_wconf 73' lang='lat' dir='ltr'><strong>praesidentibus,</strong></span> <span class='ocrx_word' id='word_1_33' title='bbox 1550 720 1757 791; x_wconf 82' lang='lat' dir='ltr'><strong>Cyrillo</strong></span> <span class='ocrx_word' id='word_1_34' title='bbox 1799 737 1929 778; x_wconf 86' lang='lat' dir='ltr'><strong>vero</strong></span> <span class='ocrx_word' id='word_1_35' title='bbox 1951 721 2061 778; x_wconf 84' lang='lat' dir='ltr'><strong>Ro-</strong></span> 
     </span>
    </p>
   </div>
   <div class='ocr_carea' id='block_1_9' title="bbox 480 812 2058 886">
    <p class='ocr_par' dir='ltr' id='par_1_9' title="bbox 480 812 2058 886">
     <span class='ocr_line' id='line_1_9' title="bbox 480 812 2058 886; baseline 0.002 -20"><span class='ocrx_word' id='word_1_36' title='bbox 480 813 622 868; x_wconf 84' lang='lat' dir='ltr'><strong>mani</strong></span> <span class='ocrx_word' id='word_1_37' title='bbox 666 812 941 883; x_wconf 80' lang='lat' dir='ltr'><strong>pontiﬁcis</strong></span> <span class='ocrx_word' id='word_1_38' title='bbox 997 814 1180 868; x_wconf 87' lang='lat' dir='ltr'><strong>locum</strong></span> <span class='ocrx_word' id='word_1_39' title='bbox 1227 813 1913 885; x_wconf 80' lang='lat' dir='ltr'><strong>obtinentez&#39;cuuctisque</strong></span> <span class='ocrx_word' id='word_1_40' title='bbox 1943 816 2058 886; x_wconf 89' lang='lat' dir='ltr'><strong>jam</strong></span> 
     </span>
    </p>
   </div>
   <div class='ocr_carea' id='block_1_10' title="bbox 479 902 2061 975">
    <p class='ocr_par' dir='ltr' id='par_1_10' title="bbox 479 902 2061 975">
     <span class='ocr_line' id='line_1_10' title="bbox 479 902 2061 975; baseline 0.003 -17"><span class='ocrx_word' id='word_1_41' title='bbox 479 905 814 975; x_wconf 83' lang='lat' dir='ltr'><strong>theologicas</strong></span> <span class='ocrx_word' id='word_1_42' title='bbox 859 904 1275 974; x_wconf 84' lang='lat' dir='ltr'><strong>disquisitiones</strong></span> <span class='ocrx_word' id='word_1_43' title='bbox 1330 902 1766 972; x_wconf 81' lang='lat' dir='ltr'><strong>instituentibus,</strong></span> <span class='ocrx_word' id='word_1_44' title='bbox 1802 921 1909 962; x_wconf 89' lang='lat' dir='ltr'><strong>non</strong></span> <span class='ocrx_word' id='word_1_45' title='bbox 1941 907 2061 963; x_wconf 86' lang='lat' dir='ltr'><strong>sine</strong></span> 
     </span>
    </p>
   </div>
   <div class='ocr_carea' id='block_1_11' title="bbox 481 996 2058 1066">
    <p class='ocr_par' dir='ltr' id='par_1_11' title="bbox 481 996 2058 1066">
     <span class='ocr_line' id='line_1_11' title="bbox 481 996 2058 1066; baseline 0.004 -18"><span class='ocrx_word' id='word_1_46' title='bbox 481 1011 677 1066; x_wconf 81' lang='lat' dir='ltr'><strong>magna</strong></span> <span class='ocrx_word' id='word_1_47' title='bbox 743 996 1070 1064; x_wconf 68' lang='lat' dir='ltr'><strong>arrogantiae</strong></span> <span class='ocrx_word' id='word_1_48' title='bbox 1114 999 1483 1054; x_wconf 89' lang='lat' dir='ltr'><strong>ostentatione</strong></span> <span class='ocrx_word' id='word_1_49' title='bbox 1531 997 1671 1052; x_wconf 84' lang='lat' dir='ltr'><strong>dixit</strong></span> <span class='ocrx_word' id='word_1_50' title='bbox 1727 997 2058 1054; x_wconf 87' lang='lat' dir='ltr'><strong>Nestorius:</strong></span> 
     </span>
    </p>
   </div>
   <div class='ocr_carea' id='block_1_12' title="bbox 480 1088 2063 1160">
    <p class='ocr_par' dir='ltr' id='par_1_12' title="bbox 480 1088 2063 1160">
     <span class='ocr_line' id='line_1_12' title="bbox 480 1088 2063 1160; baseline 0.004 -18"><span class='ocrx_word' id='word_1_51' title='bbox 480 1089 614 1144; x_wconf 82' lang='lat' dir='ltr'><strong>Eum</strong></span> <span class='ocrx_word' id='word_1_52' title='bbox 647 1089 922 1160; x_wconf 85' lang='lat' dir='ltr'><strong>equidem,</strong></span> <span class='ocrx_word' id='word_1_53' title='bbox 959 1089 1052 1160; x_wconf 89' lang='lat' dir='ltr'><strong>qui</strong></span> <span class='ocrx_word' id='word_1_54' title='bbox 1093 1088 1273 1144; x_wconf 88' lang='lat' dir='ltr'><strong>bimus</strong></span> <span class='ocrx_word' id='word_1_55' title='bbox 1297 1099 1393 1146; x_wconf 86' lang='lat' dir='ltr'><strong>aut</strong></span> <span class='ocrx_word' id='word_1_56' title='bbox 1437 1091 1635 1146; x_wconf 89' lang='lat' dir='ltr'><strong>trimus</strong></span> <span class='ocrx_word' id='word_1_57' title='bbox 1667 1091 1890 1160; x_wconf 76' lang='lat' dir='ltr'><strong>agnitus</strong></span> <span class='ocrx_word' id='word_1_58' title='bbox 1945 1089 2063 1148; x_wconf 83' lang='lat' dir='ltr'><strong>fue-</strong></span> 
     </span>
    </p>
   </div>
   <div class='ocr_carea' id='block_1_13' title="bbox 479 1180 2063 1258">
    <p class='ocr_par' dir='ltr' id='par_1_13' title="bbox 479 1180 2063 1258">
     <span class='ocr_line' id='line_1_13' title="bbox 479 1180 2063 1258; baseline 0.005 -24"><span class='ocrx_word' id='word_1_59' title='bbox 479 1182 572 1246; x_wconf 89' lang='lat' dir='ltr'><strong>rit,</strong></span> <span class='ocrx_word' id='word_1_60' title='bbox 613 1195 888 1252; x_wconf 85' lang='lat' dir='ltr'><strong>nusquam</strong></span> <span class='ocrx_word' id='word_1_61' title='bbox 946 1195 1049 1252; x_wconf 82' lang='lat' dir='ltr'><strong>ego</strong></span> <span class='ocrx_word' id='word_1_62' title='bbox 1085 1180 1256 1237; x_wconf 85' lang='lat' dir='ltr'><strong>Deum</strong></span> <span class='ocrx_word' id='word_1_63' title='bbox 1312 1183 1737 1254; x_wconf 90' lang='lat' dir='ltr'><strong>appellaverim:</strong></span> <span class='ocrx_word' id='word_1_64' title='bbox 1769 1195 2063 1258; x_wconf 89' lang='lat' dir='ltr'><strong>eapropter</strong></span> 
     </span>
    </p>
   </div>
   <div class='ocr_carea' id='block_1_14' title="bbox 478 1272 2063 1349">
    <p class='ocr_par' dir='ltr' id='par_1_14' title="bbox 478 1272 2063 1349">
     <span class='ocr_line' id='line_1_14' title="bbox 478 1272 2063 1349; baseline 0.004 -21"><span class='ocrx_word' id='word_1_65' title='bbox 478 1272 718 1329; x_wconf 87' lang='lat' dir='ltr'><strong>mundus</strong></span> <span class='ocrx_word' id='word_1_66' title='bbox 766 1287 888 1327; x_wconf 90' lang='lat' dir='ltr'><strong>sum</strong></span> <span class='ocrx_word' id='word_1_67' title='bbox 936 1273 1005 1326; x_wconf 87' lang='lat' dir='ltr'><strong>ab</strong></span> <span class='ocrx_word' id='word_1_68' title='bbox 1040 1273 1290 1328; x_wconf 89' lang='lat' dir='ltr'><strong>omnium</strong></span> <span class='ocrx_word' id='word_1_69' title='bbox 1335 1285 1582 1330; x_wconf 88' lang='lat' dir='ltr'><strong>vestrum</strong></span> <span class='ocrx_word' id='word_1_70' title='bbox 1615 1277 1916 1349; x_wconf 84' lang='lat' dir='ltr'><strong>sanguine:</strong></span> <span class='ocrx_word' id='word_1_71' title='bbox 1963 1293 2063 1334; x_wconf 89' lang='lat' dir='ltr'><strong>nec</strong></span> 
     </span>
    </p>
   </div>
   <div class='ocr_carea' id='block_1_15' title="bbox 478 1366 2061 1438">
    <p class='ocr_par' dir='ltr' id='par_1_15' title="bbox 478 1366 2061 1438">
     <span class='ocr_line' id='line_1_15' title="bbox 478 1366 2061 1438; baseline 0.003 -16"><span class='ocrx_word' id='word_1_72' title='bbox 478 1369 544 1422; x_wconf 85' lang='lat' dir='ltr'><strong>ad</strong></span> <span class='ocrx_word' id='word_1_73' title='bbox 579 1381 676 1422; x_wconf 87' lang='lat' dir='ltr'><strong>vos</strong></span> <span class='ocrx_word' id='word_1_74' title='bbox 736 1366 1084 1435; x_wconf 84' lang='lat' dir='ltr'><strong>postmodum</strong></span> <span class='ocrx_word' id='word_1_75' title='bbox 1119 1382 1207 1422; x_wconf 92' lang='lat' dir='ltr'><strong>me</strong></span> <span class='ocrx_word' id='word_1_76' title='bbox 1243 1369 1438 1438; x_wconf 87' lang='lat' dir='ltr'><strong>quavis</strong></span> <span class='ocrx_word' id='word_1_77' title='bbox 1492 1370 1704 1425; x_wconf 87' lang='lat' dir='ltr'><strong>ratione</strong></span> <span class='ocrx_word' id='word_1_78' title='bbox 1756 1370 2061 1426; x_wconf 89' lang='lat' dir='ltr'><strong>rediturum</strong></span> 
     </span>
    </p>
   </div>
   <div class='ocr_carea' id='block_1_16' title="bbox 481 1456 2064 1531">
    <p class='ocr_par' dir='ltr' id='par_1_16' title="bbox 481 1456 2064 1531">
     <span class='ocr_line' id='line_1_16' title="bbox 481 1456 2064 1531; baseline 0.001 -17"><span class='ocrx_word' id='word_1_79' title='bbox 481 1469 674 1514; x_wconf 86' lang='lat' dir='ltr'><strong>testor.</strong></span> <span class='ocrx_word' id='word_1_80' title='bbox 712 1456 810 1513; x_wconf 80' lang='lat' dir='ltr'><strong>llis</strong></span> <span class='ocrx_word' id='word_1_81' title='bbox 841 1457 1024 1523; x_wconf 91' lang='lat' dir='ltr'><strong>dictis,</strong></span> <span class='ocrx_word' id='word_1_82' title='bbox 1049 1472 1174 1513; x_wconf 91' lang='lat' dir='ltr'><strong>cum</strong></span> <span class='ocrx_word' id='word_1_83' title='bbox 1205 1473 1300 1514; x_wconf 87' lang='lat' dir='ltr'><strong>sex</strong></span> <span class='ocrx_word' id='word_1_84' title='bbox 1322 1460 1598 1530; x_wconf 86' lang='lat' dir='ltr'><strong>episcopis</strong></span> <span class='ocrx_word' id='word_1_85' title='bbox 1628 1460 1750 1531; x_wconf 83' lang='lat' dir='ltr'><strong>ejus</strong></span> <span class='ocrx_word' id='word_1_86' title='bbox 1777 1463 2064 1517; x_wconf 67' lang='lat' dir='ltr'><strong>sententiae</strong></span> 
     </span>
    </p>
   </div>
   <div class='ocr_carea' id='block_1_17' title="bbox 481 1549 2062 1622">
    <p class='ocr_par' dir='ltr' id='par_1_17' title="bbox 481 1549 2062 1622">
     <span class='ocr_line' id='line_1_17' title="bbox 481 1549 2062 1622; baseline 0.001 -17"><span class='ocrx_word' id='word_1_87' title='bbox 481 1549 915 1620; x_wconf 83' lang='lat' dir='ltr'><strong>obsequentibus</strong></span> <span class='ocrx_word' id='word_1_88' title='bbox 940 1562 1198 1620; x_wconf 83' lang='lat' dir='ltr'><strong>egressus</strong></span> <span class='ocrx_word' id='word_1_89' title='bbox 1249 1557 1356 1605; x_wconf 87' lang='lat' dir='ltr'><strong>est.</strong></span> <span class='ocrx_word' id='word_1_90' title='bbox 1395 1549 1588 1621; x_wconf 87' lang='lat' dir='ltr'><strong>Cyrilli</strong></span> <span class='ocrx_word' id='word_1_91' title='bbox 1631 1565 1898 1622; x_wconf 79' lang='lat' dir='ltr'><strong>sequaces</strong></span> <span class='ocrx_word' id='word_1_92' title='bbox 1961 1563 2062 1621; x_wconf 82' lang='lat' dir='ltr'><strong>po-</strong></span> 
     </span>
    </p>
   </div>
   <div class='ocr_carea' id='block_1_18' title="bbox 480 1639 2063 1712">
    <p class='ocr_par' dir='ltr' id='par_1_18' title="bbox 480 1639 2063 1712">
     <span class='ocr_line' id='line_1_18' title="bbox 480 1639 2063 1712; baseline 0 -14"><span class='ocrx_word' id='word_1_93' title='bbox 480 1653 626 1699; x_wconf 89' lang='lat' dir='ltr'><strong>stera</strong></span> <span class='ocrx_word' id='word_1_94' title='bbox 677 1642 800 1698; x_wconf 88' lang='lat' dir='ltr'><strong>luce</strong></span> <span class='ocrx_word' id='word_1_95' title='bbox 850 1639 1192 1711; x_wconf 79' lang='lat' dir='ltr'><strong>congregati,</strong></span> <span class='ocrx_word' id='word_1_96' title='bbox 1220 1650 1332 1697; x_wconf 87' lang='lat' dir='ltr'><strong>tres</strong></span> <span class='ocrx_word' id='word_1_97' title='bbox 1362 1641 1682 1712; x_wconf 84' lang='lat' dir='ltr'><strong>episcopos,</strong></span> <span class='ocrx_word' id='word_1_98' title='bbox 1741 1640 1834 1712; x_wconf 93' lang='lat' dir='ltr'><strong>qui</strong></span> <span class='ocrx_word' id='word_1_99' title='bbox 1867 1639 2063 1698; x_wconf 84' lang='lat' dir='ltr'><strong>Nesto-</strong></span> 
     </span>
    </p>
   </div>
   <div class='ocr_carea' id='block_1_19' title="bbox 481 1733 2055 1804">
    <p class='ocr_par' dir='ltr' id='par_1_19' title="bbox 481 1733 2055 1804">
     <span class='ocr_line' id='line_1_19' title="bbox 481 1733 2055 1804; baseline 0 -15"><span class='ocrx_word' id='word_1_100' title='bbox 481 1737 622 1790; x_wconf 90' lang='lat' dir='ltr'><strong>rium</strong></span> <span class='ocrx_word' id='word_1_101' title='bbox 664 1741 948 1800; x_wconf 88' lang='lat' dir='ltr'><strong>vocarent,</strong></span> <span class='ocrx_word' id='word_1_102' title='bbox 984 1733 1302 1790; x_wconf 87' lang='lat' dir='ltr'><strong>destinant:</strong></span> <span class='ocrx_word' id='word_1_103' title='bbox 1329 1734 1535 1804; x_wconf 84' lang='lat' dir='ltr'><strong>quibus</strong></span> <span class='ocrx_word' id='word_1_104' title='bbox 1564 1734 1791 1791; x_wconf 86' lang='lat' dir='ltr'><strong>obedire</strong></span> <span class='ocrx_word' id='word_1_105' title='bbox 1839 1734 2055 1791; x_wconf 88' lang='lat' dir='ltr'><strong>renuit:</strong></span> 
     </span>
    </p>
   </div>
   <div class='ocr_carea' id='block_1_20' title="bbox 2163 532 3761 606">
    <p class='ocr_par' dir='ltr' id='par_1_20' title="bbox 2163 532 3761 606">
     <span class='ocr_line' id='line_1_20' title="bbox 2163 532 3761 606; baseline -0.001 -17"><span class='ocrx_word' id='word_1_106' title='bbox 2163 534 2504 600; x_wconf 80' lang='grc' dir='ltr'><strong>ἀλαζονείας.</strong></span> <span class='ocrx_word' id='word_1_107' title='bbox 2539 533 2652 588; x_wconf 77' lang='grc' dir='ltr'><strong>Καὶ</strong></span> <span class='ocrx_word' id='word_1_108' title='bbox 2684 536 2749 606; x_wconf 79' lang='grc' dir='ltr'><strong>τῇ</strong></span> <span class='ocrx_word' id='word_1_109' title='bbox 2783 535 3005 604; x_wconf 77' lang='grc' dir='ltr'><strong>εἰκοστῇ</strong></span> <span class='ocrx_word' id='word_1_110' title='bbox 3029 532 3123 586; x_wconf 77' lang='grc' dir='ltr'><strong>τοῦ</strong></span> <span class='ocrx_word' id='word_1_111' title='bbox 3149 532 3371 588; x_wconf 76' lang='grc' dir='ltr'><strong>Ἰουνίου</strong></span> <span class='ocrx_word' id='word_1_112' title='bbox 3395 533 3566 606; x_wconf 78' lang='grc' dir='ltr'><strong>μηνὸς</strong></span> <span class='ocrx_word' id='word_1_113' title='bbox 3595 535 3761 605; x_wconf 84' lang='grc' dir='ltr'><strong>ἐκρο-</strong></span> 
     </span>
    </p>
   </div>
   <div class='ocr_carea' id='block_1_21' title="bbox 2161 624 3756 698">
    <p class='ocr_par' dir='ltr' id='par_1_21' title="bbox 2161 624 3756 698">
     <span class='ocr_line' id='line_1_21' title="bbox 2161 624 3756 698; baseline -0.003 -17"><span class='ocrx_word' id='word_1_114' title='bbox 2161 629 2302 698; x_wconf 81' lang='grc' dir='ltr'><strong>τήθη</strong></span> <span class='ocrx_word' id='word_1_115' title='bbox 2328 629 2364 698; x_wconf 80' lang='grc' dir='ltr'>ἡ</span> <span class='ocrx_word' id='word_1_116' title='bbox 2396 626 2633 692; x_wconf 78' lang='grc' dir='ltr'><strong>σύνοδος,</strong></span> <span class='ocrx_word' id='word_1_117' title='bbox 2667 626 2966 698; x_wconf 84' lang='grc' dir='ltr'><strong>Νεστορίου</strong></span> <span class='ocrx_word' id='word_1_118' title='bbox 2999 627 3097 680; x_wconf 67' lang='grc' dir='ltr'><strong>κα)⁹</strong></span> <span class='ocrx_word' id='word_1_119' title='bbox 3141 624 3414 696; x_wconf 83' lang='grc' dir='ltr'><strong>Κυρίλλου</strong></span> <span class='ocrx_word' id='word_1_120' title='bbox 3442 625 3539 678; x_wconf 61' lang='grc' dir='ltr'><strong>καὶ⁸</strong></span> <span class='ocrx_word' id='word_1_121' title='bbox 3565 626 3756 696; x_wconf 86' lang='grc' dir='ltr'><strong>Πραυ-</strong></span> 
     </span>
    </p>
   </div>
   <div class='ocr_carea' id='block_1_22' title="bbox 2161 713 3758 791">
    <p class='ocr_par' dir='ltr' id='par_1_22' title="bbox 2161 713 3758 791">
     <span class='ocr_line' id='line_1_22' title="bbox 2161 713 3758 791; baseline -0.003 -20"><span class='ocrx_word' id='word_1_122' title='bbox 2161 719 2276 773; x_wconf 87' lang='grc' dir='ltr'><strong>λίου</strong></span> <span class='ocrx_word' id='word_1_123' title='bbox 2327 717 2838 791; x_wconf 84' lang='grc' dir='ltr'><strong>προκαθεσθέντων,</strong></span> <span class='ocrx_word' id='word_1_124' title='bbox 2887 715 2984 770; x_wconf 81' lang='grc' dir='ltr'><strong>τοῦ</strong></span> <span class='ocrx_word' id='word_1_125' title='bbox 3033 715 3091 770; x_wconf 81' lang='grc' dir='ltr'><strong>δὲ</strong></span> <span class='ocrx_word' id='word_1_126' title='bbox 3147 715 3418 788; x_wconf 75' lang='grc' dir='ltr'><strong>Κυρίλλου</strong></span> <span class='ocrx_word' id='word_1_127' title='bbox 3457 713 3550 768; x_wconf 84' lang='grc' dir='ltr'><strong>τὸν</strong></span> <span class='ocrx_word' id='word_1_128' title='bbox 3589 717 3758 768; x_wconf 85' lang='grc' dir='ltr'><strong>τόπον</strong></span> 
     </span>
    </p>
   </div>
   <div class='ocr_carea' id='block_1_23' title="bbox 2160 803 3758 882">
    <p class='ocr_par' dir='ltr' id='par_1_23' title="bbox 2160 803 3758 882">
     <span class='ocr_line' id='line_1_23' title="bbox 2160 803 3758 882; baseline -0.002 -17"><span class='ocrx_word' id='word_1_129' title='bbox 2160 811 2254 865; x_wconf 81' lang='grc' dir='ltr'><strong>τοῦ</strong></span> <span class='ocrx_word' id='word_1_130' title='bbox 2281 810 2500 882; x_wconf 80' lang='grc' dir='ltr'><strong>Ῥώμης</strong></span> <span class='ocrx_word' id='word_1_131' title='bbox 2513 810 2800 880; x_wconf 79' lang='grc' dir='ltr'><strong>ἐπέχοντος</strong></span> <span class='ocrx_word' id='word_1_132' title='bbox 2820 827 2836 843; x_wconf 77' lang='grc' dir='ltr'><strong>ο</strong></span> <span class='ocrx_word' id='word_1_133' title='bbox 2860 811 2955 864; x_wconf 75' lang='grc' dir='ltr'><strong>καὶ</strong></span> <span class='ocrx_word' id='word_1_134' title='bbox 2979 809 3200 864; x_wconf 80' lang='grc' dir='ltr'><strong>πάντων</strong></span> <span class='ocrx_word' id='word_1_135' title='bbox 3221 807 3619 878; x_wconf 88' lang='grc' dir='ltr'><strong>θεολογούντων</strong></span> <span class='ocrx_word' id='word_1_136' title='bbox 3639 803 3758 879; x_wconf 72' lang='grc'><strong>(45)</strong></span> 
     </span>
    </p>
   </div>
   <div class='ocr_carea' id='block_1_24' title="bbox 2160 895 3759 972">
    <p class='ocr_par' dir='ltr' id='par_1_24' title="bbox 2160 895 3759 972">
     <span class='ocr_line' id='line_1_24' title="bbox 2160 895 3759 972; baseline -0.004 -17"><span class='ocrx_word' id='word_1_137' title='bbox 2160 902 2310 970; x_wconf 82' lang='grc' dir='ltr'>λέγει</span> <span class='ocrx_word' id='word_1_138' title='bbox 2335 903 2364 955; x_wconf 87' lang='grc' dir='ltr'><strong>ό</strong></span> <span class='ocrx_word' id='word_1_139' title='bbox 2389 901 2688 972; x_wconf 84' lang='grc' dir='ltr'><strong>Νεστόριος</strong></span> <span class='ocrx_word' id='word_1_140' title='bbox 2712 900 2852 971; x_wconf 86' lang='grc' dir='ltr'><strong>μετά</strong></span> <span class='ocrx_word' id='word_1_141' title='bbox 2901 899 3103 972; x_wconf 78' lang='grc' dir='ltr'><strong>πολλῆς</strong></span> <span class='ocrx_word' id='word_1_142' title='bbox 3151 898 3474 963; x_wconf 77' lang='grc' dir='ltr'><strong>ἀλαζονείας</strong></span> <span class='ocrx_word' id='word_1_143' title='bbox 3499 913 3514 927; x_wconf 89' lang='grc'><strong>·</strong></span> <span class='ocrx_word' id='word_1_144' title='bbox 3547 916 3566 950; x_wconf 81' lang='grc' dir='ltr'><strong>ι</strong></span> <span class='ocrx_word' id='word_1_145' title='bbox 3611 895 3759 966; x_wconf 84' lang='grc' dir='ltr'><strong>Ἐγὼ</strong></span> 
     </span>
    </p>
   </div>
   <div class='ocr_carea' id='block_1_25' title="bbox 2160 988 3759 1067">
    <p class='ocr_par' dir='ltr' id='par_1_25' title="bbox 2160 988 3759 1067">
     <span class='ocr_line' id='line_1_25' title="bbox 2160 988 3759 1067; baseline -0.006 -17"><span class='ocrx_word' id='word_1_146' title='bbox 2160 996 2223 1050; x_wconf 85' lang='grc' dir='ltr'><strong>τὺ</strong></span> <span class='ocrx_word' id='word_1_147' title='bbox 2255 995 2550 1067; x_wconf 85' lang='grc' dir='ltr'><strong>γενόμενον</strong></span> <span class='ocrx_word' id='word_1_148' title='bbox 2593 995 2638 1027; x_wconf 73' lang='grc'><strong>⁷⁵</strong></span> <span class='ocrx_word' id='word_1_149' title='bbox 2669 993 2962 1064; x_wconf 88' lang='grc' dir='ltr'><strong>διμηναῖον</strong></span> <span class='ocrx_word' id='word_1_150' title='bbox 3025 991 3120 1046; x_wconf 75' lang='grc' dir='ltr'><strong>καὶ</strong></span> <span class='ocrx_word' id='word_1_151' title='bbox 3177 993 3504 1062; x_wconf 85' lang='grc' dir='ltr'><strong>τριμηναῖον</strong></span> <span class='ocrx_word' id='word_1_152' title='bbox 3547 989 3649 1043; x_wconf 84' lang='grc' dir='ltr'><strong>οὐκ</strong></span> <span class='ocrx_word' id='word_1_153' title='bbox 3686 988 3759 1043; x_wconf 80' lang='grc' dir='ltr'><strong>ἂν</strong></span> 
     </span>
    </p>
   </div>
   <div class='ocr_carea' id='block_1_26' title="bbox 2161 1074 3761 1154">
    <p class='ocr_par' dir='ltr' id='par_1_26' title="bbox 2161 1074 3761 1154">
     <span class='ocr_line' id='line_1_26' title="bbox 2161 1074 3761 1154; baseline -0.005 -18"><span class='ocrx_word' id='word_1_154' title='bbox 2161 1083 2295 1138; x_wconf 78' lang='grc' dir='ltr'><strong>Θεὸν</strong></span> <span class='ocrx_word' id='word_1_155' title='bbox 2329 1083 2659 1154; x_wconf 83' lang='grc' dir='ltr'><strong>όνομάσαιμι</strong></span> <span class='ocrx_word' id='word_1_156' title='bbox 2689 1080 2756 1134; x_wconf 85' lang='grc'><strong>⁷⁵.</strong></span> <span class='ocrx_word' id='word_1_157' title='bbox 2796 1079 2910 1135; x_wconf 78' lang='grc' dir='ltr'><strong>Καὶ</strong></span> <span class='ocrx_word' id='word_1_158' title='bbox 2931 1079 3022 1134; x_wconf 80' lang='grc' dir='ltr'><strong>διὰ</strong></span> <span class='ocrx_word' id='word_1_159' title='bbox 3041 1077 3204 1132; x_wconf 80' lang='grc' dir='ltr'><strong>τοῦτο</strong></span> <span class='ocrx_word' id='word_1_160' title='bbox 3230 1078 3472 1150; x_wconf 87' lang='grc' dir='ltr'><strong>καθαρός</strong></span> <span class='ocrx_word' id='word_1_161' title='bbox 3505 1090 3623 1146; x_wconf 87' lang='grc' dir='ltr'><strong>ειμι</strong></span> <span class='ocrx_word' id='word_1_162' title='bbox 3645 1074 3761 1130; x_wconf 85' lang='grc' dir='ltr'><strong>ἀπὸ</strong></span> 
     </span>
    </p>
   </div>
   <div class='ocr_carea' id='block_1_27' title="bbox 2159 1167 3758 1246">
    <p class='ocr_par' dir='ltr' id='par_1_27' title="bbox 2159 1167 3758 1246">
     <span class='ocr_line' id='line_1_27' title="bbox 2159 1167 3758 1246; baseline -0.006 -17"><span class='ocrx_word' id='word_1_163' title='bbox 2159 1173 2255 1229; x_wconf 81' lang='grc' dir='ltr'><strong>τοῦ</strong></span> <span class='ocrx_word' id='word_1_164' title='bbox 2282 1174 2518 1246; x_wconf 75' lang='grc' dir='ltr'><strong>αἵματος</strong></span> <span class='ocrx_word' id='word_1_165' title='bbox 2546 1172 2731 1244; x_wconf 74' lang='grc' dir='ltr'><strong>ὑμῶν’</strong></span> <span class='ocrx_word' id='word_1_166' title='bbox 2769 1173 2864 1226; x_wconf 84' lang='grc' dir='ltr'><strong>καὶ</strong></span> <span class='ocrx_word' id='word_1_167' title='bbox 2897 1171 3008 1228; x_wconf 83' lang='grc' dir='ltr'><strong>ἀπὸ</strong></span> <span class='ocrx_word' id='word_1_168' title='bbox 3032 1170 3129 1226; x_wconf 83' lang='grc' dir='ltr'><strong>τοῦ</strong></span> <span class='ocrx_word' id='word_1_169' title='bbox 3156 1169 3254 1224; x_wconf 82' lang='grc' dir='ltr'><strong>νῦν</strong></span> <span class='ocrx_word' id='word_1_170' title='bbox 3285 1171 3423 1241; x_wconf 68' lang='grc' dir='ltr'><strong>πρὸς</strong></span> <span class='ocrx_word' id='word_1_171' title='bbox 3449 1169 3594 1239; x_wconf 80' lang='grc' dir='ltr'><strong>ὑμᾶς</strong></span> <span class='ocrx_word' id='word_1_172' title='bbox 3648 1167 3758 1220; x_wconf 81' lang='grc' dir='ltr'><strong>οὐκ</strong></span> 
     </span>
    </p>
   </div>
   <div class='ocr_carea' id='block_1_28' title="bbox 2163 1261 3759 1339">
    <p class='ocr_par' dir='ltr' id='par_1_28' title="bbox 2163 1261 3759 1339">
     <span class='ocr_line' id='line_1_28' title="bbox 2163 1261 3759 1339; baseline -0.004 -18"><span class='ocrx_word' id='word_1_173' title='bbox 2163 1265 2604 1339; x_wconf 81' lang='grc' dir='ltr'><strong>ἐπανέρχομαι⁷⁸</strong></span> <span class='ocrx_word' id='word_1_174' title='bbox 2643 1281 2659 1298; x_wconf 76' lang='grc' dir='ltr'><strong>ο</strong></span> <span class='ocrx_word' id='word_1_175' title='bbox 2703 1283 2722 1318; x_wconf 74' lang='grc' dir='ltr'><strong>ι</strong></span> <span class='ocrx_word' id='word_1_176' title='bbox 2759 1265 2855 1320; x_wconf 77' lang='grc' dir='ltr'><strong>καὶ</strong></span> <span class='ocrx_word' id='word_1_177' title='bbox 2901 1263 3077 1320; x_wconf 84' lang='grc' dir='ltr'><strong>ταῦτα</strong></span> <span class='ocrx_word' id='word_1_178' title='bbox 3117 1264 3328 1328; x_wconf 83' lang='grc' dir='ltr'><strong>είπὼν,</strong></span> <span class='ocrx_word' id='word_1_179' title='bbox 3359 1262 3580 1333; x_wconf 73' lang='grc' dir='ltr'><strong>ἐξῆλθεν</strong></span> <span class='ocrx_word' id='word_1_180' title='bbox 3612 1261 3759 1333; x_wconf 82' lang='grc' dir='ltr'><strong>μετά</strong></span> 
     </span>
    </p>
   </div>
   <div class='ocr_carea' id='block_1_29' title="bbox 2163 1351 3755 1430">
    <p class='ocr_par' dir='ltr' id='par_1_29' title="bbox 2163 1351 3755 1430">
     <span class='ocr_line' id='line_1_29' title="bbox 2163 1351 3755 1430; baseline -0.004 -19"><span class='ocrx_word' id='word_1_181' title='bbox 2163 1358 2222 1427; x_wconf 75' lang='grc' dir='ltr'><strong>ἒξ</strong></span> <span class='ocrx_word' id='word_1_182' title='bbox 2254 1359 2572 1414; x_wconf 70' lang='grc' dir='ltr'><strong>ἐπισκόπων</strong></span> <span class='ocrx_word' id='word_1_183' title='bbox 2606 1358 2718 1413; x_wconf 85' lang='grc' dir='ltr'><strong>τῶν</strong></span> <span class='ocrx_word' id='word_1_184' title='bbox 2747 1357 2943 1430; x_wconf 77' lang='grc' dir='ltr'><strong>γνώμη</strong></span> <span class='ocrx_word' id='word_1_185' title='bbox 2972 1355 3460 1427; x_wconf 81' lang='grc' dir='ltr'><strong>ἀκολουθησάντων</strong></span> <span class='ocrx_word' id='word_1_186' title='bbox 3480 1352 3650 1424; x_wconf 79' lang='grc' dir='ltr'><strong>αὐτῷ.</strong></span> <span class='ocrx_word' id='word_1_187' title='bbox 3683 1351 3755 1405; x_wconf 74' lang='lat' dir='ltr'><strong>Oi</strong></span> 
     </span>
    </p>
   </div>
   <div class='ocr_carea' id='block_1_30' title="bbox 2161 1446 3758 1525">
    <p class='ocr_par' dir='ltr' id='par_1_30' title="bbox 2161 1446 3758 1525">
     <span class='ocr_line' id='line_1_30' title="bbox 2161 1446 3758 1525; baseline -0.004 -19"><span class='ocrx_word' id='word_1_188' title='bbox 2161 1452 2219 1507; x_wconf 80' lang='grc' dir='ltr'><strong>δὲ</strong></span> <span class='ocrx_word' id='word_1_189' title='bbox 2249 1453 2377 1525; x_wconf 72' lang='grc' dir='ltr'><strong>περὶ</strong></span> <span class='ocrx_word' id='word_1_190' title='bbox 2409 1450 2680 1525; x_wconf 82' lang='grc' dir='ltr'><strong>Κύριλλον</strong></span> <span class='ocrx_word' id='word_1_191' title='bbox 2729 1453 2796 1522; x_wconf 79' lang='grc' dir='ltr'><strong>τῇ</strong></span> <span class='ocrx_word' id='word_1_192' title='bbox 2844 1451 2974 1522; x_wconf 79' lang='grc' dir='ltr'><strong>ἐξῆς</strong></span> <span class='ocrx_word' id='word_1_193' title='bbox 3004 1450 3372 1514; x_wconf 87' lang='grc' dir='ltr'><strong>συνελθόντες,</strong></span> <span class='ocrx_word' id='word_1_194' title='bbox 3422 1446 3758 1504; x_wconf 72' lang='grc' dir='ltr'><strong>ἀπέστειλαν</strong></span> 
     </span>
    </p>
   </div>
   <div class='ocr_carea' id='block_1_31' title="bbox 2160 1541 3752 1618">
    <p class='ocr_par' dir='ltr' id='par_1_31' title="bbox 2160 1541 3752 1618">
     <span class='ocr_line' id='line_1_31' title="bbox 2160 1541 3752 1618; baseline -0.006 -18"><span class='ocrx_word' id='word_1_195' title='bbox 2160 1548 2310 1618; x_wconf 83' lang='grc' dir='ltr'><strong>τρεῖς</strong></span> <span class='ocrx_word' id='word_1_196' title='bbox 2331 1545 2667 1610; x_wconf 73' lang='grc' dir='ltr'><strong>ἐπισκόπους</strong></span> <span class='ocrx_word' id='word_1_197' title='bbox 2704 1543 2932 1598; x_wconf 84' lang='grc' dir='ltr'><strong>καλέσαι</strong></span> <span class='ocrx_word' id='word_1_198' title='bbox 2955 1543 3141 1610; x_wconf 80' lang='grc' dir='ltr'><strong>αὑτὸν,</strong></span> <span class='ocrx_word' id='word_1_199' title='bbox 3168 1544 3264 1596; x_wconf 81' lang='grc' dir='ltr'><strong>καὶ</strong></span> <span class='ocrx_word' id='word_1_200' title='bbox 3297 1541 3396 1612; x_wconf 78' lang='grc' dir='ltr'><strong>οὐχ</strong></span> <span class='ocrx_word' id='word_1_201' title='bbox 3416 1541 3752 1610; x_wconf 79' lang='grc' dir='ltr'><strong>ὑπήκουσεν.</strong></span> 
     </span>
    </p>
   </div>
   <div class='ocr_carea' id='block_1_32' title="bbox 2177 1633 3756 1711">
    <p class='ocr_par' dir='ltr' id='par_1_32' title="bbox 2177 1633 3756 1711">
     <span class='ocr_line' id='line_1_32' title="bbox 2177 1633 3756 1711; baseline -0.006 -16"><span class='ocrx_word' id='word_1_202' title='bbox 2177 1640 2414 1711; x_wconf 81' lang='grc' dir='ltr'><strong>Ὁμοίως</strong></span> <span class='ocrx_word' id='word_1_203' title='bbox 2466 1638 2525 1694; x_wconf 82' lang='grc' dir='ltr'><strong>δέ</strong></span> <span class='ocrx_word' id='word_1_204' title='bbox 2555 1638 2651 1694; x_wconf 72' lang='grc' dir='ltr'><strong>καὶ</strong></span> <span class='ocrx_word' id='word_1_205' title='bbox 2678 1636 2935 1710; x_wconf 87' lang='grc' dir='ltr'><strong>δεύτερον</strong></span> <span class='ocrx_word' id='word_1_206' title='bbox 2981 1637 3077 1692; x_wconf 76' lang='grc' dir='ltr'><strong>καὶ</strong></span> <span class='ocrx_word' id='word_1_207' title='bbox 3109 1635 3295 1708; x_wconf 88' lang='grc' dir='ltr'><strong>τρίτον</strong></span> <span class='ocrx_word' id='word_1_208' title='bbox 3338 1633 3434 1688; x_wconf 76' lang='grc' dir='ltr'><strong>καὶ</strong></span> <span class='ocrx_word' id='word_1_209' title='bbox 3491 1633 3756 1700; x_wconf 85' lang='grc' dir='ltr'><strong>τέταρτον</strong></span> 
     </span>
    </p>
   </div>
   <div class='ocr_carea' id='block_1_33' title="bbox 2165 1721 3756 1806">
    <p class='ocr_par' dir='ltr' id='par_1_33' title="bbox 2165 1721 3756 1806">
     <span class='ocr_line' id='line_1_33' title="bbox 2165 1721 3756 1806; baseline -0.006 -20"><span class='ocrx_word' id='word_1_210' title='bbox 2165 1731 2529 1806; x_wconf 73' lang='grc' dir='ltr'><strong>προσκληθεὶς</strong></span> <span class='ocrx_word' id='word_1_211' title='bbox 2563 1732 2668 1786; x_wconf 83' lang='grc' dir='ltr'><strong>ὑπὸ</strong></span> <span class='ocrx_word' id='word_1_212' title='bbox 2693 1731 2794 1801; x_wconf 83' lang='grc' dir='ltr'><strong>τῆς</strong></span> <span class='ocrx_word' id='word_1_213' title='bbox 2825 1731 3046 1785; x_wconf 87' lang='grc' dir='ltr'><strong>συνόδου</strong></span> <span class='ocrx_word' id='word_1_214' title='bbox 3065 1769 3082 1796; x_wconf 88' lang='grc'><strong>,</strong></span> <span class='ocrx_word' id='word_1_215' title='bbox 3109 1730 3172 1783; x_wconf 81' lang='grc' dir='ltr'><strong>οὐ</strong></span> <span class='ocrx_word' id='word_1_216' title='bbox 3200 1727 3551 1800; x_wconf 83' lang='grc' dir='ltr'><strong>παρεγένετο.</strong></span> <span class='ocrx_word' id='word_1_217' title='bbox 3591 1721 3756 1777; x_wconf 83' lang='grc' dir='ltr'><strong>Ἀλλά</strong></span> 
     </span>
    </p>
   </div>
   <div class='ocr_carea' id='block_1_34' title="bbox 477 1801 2059 1898">
    <p class='ocr_par' dir='ltr' id='par_1_34' title="bbox 477 1827 2056 1898">
     <span class='ocr_line' id='line_1_34' title="bbox 477 1827 2056 1898; baseline 0 -14"><span class='ocrx_word' id='word_1_218' title='bbox 477 1828 780 1898; x_wconf 87' lang='lat' dir='ltr'><strong>eodemque</strong></span> <span class='ocrx_word' id='word_1_219' title='bbox 806 1835 966 1898; x_wconf 83' lang='lat' dir='ltr'><strong>pacto</strong></span> <span class='ocrx_word' id='word_1_220' title='bbox 991 1827 1236 1882; x_wconf 88' lang='lat' dir='ltr'><strong>secundo</strong></span> <span class='ocrx_word' id='word_1_221' title='bbox 1257 1835 1311 1883; x_wconf 90' lang='lat' dir='ltr'><strong>et</strong></span> <span class='ocrx_word' id='word_1_222' title='bbox 1335 1828 1557 1892; x_wconf 89' lang='lat' dir='ltr'><strong>iterum,</strong></span> <span class='ocrx_word' id='word_1_223' title='bbox 1597 1827 1706 1882; x_wconf 88' lang='lat' dir='ltr'><strong>imo</strong></span> <span class='ocrx_word' id='word_1_224' title='bbox 1729 1836 1930 1898; x_wconf 84' lang='lat' dir='ltr'><strong>quarto</strong></span> <span class='ocrx_word' id='word_1_225' title='bbox 1963 1842 2056 1885; x_wconf 56' lang='lat' dir='ltr'><strong>ac.</strong></span> 
     </span>
    </p>
   </div>
   <div class='ocr_carea' id='block_1_35' title="bbox 2161 1801 3756 1898">
    <p class='ocr_par' dir='ltr' id='par_1_35' title="bbox 2165 1801 3756 1896">
     <span class='ocr_line' id='line_1_35' title="bbox 2165 1801 3756 1896; baseline -0.008 -13"><span class='ocrx_word' id='word_1_226' title='bbox 2165 1801 2262 1883; x_wconf 77' lang='grc' dir='ltr'><strong>καὶ</strong></span> <span class='ocrx_word' id='word_1_227' title='bbox 2285 1801 2412 1892; x_wconf 79' lang='grc' dir='ltr'><strong>τοὺς</strong></span> <span class='ocrx_word' id='word_1_228' title='bbox 2439 1825 2734 1889; x_wconf 83' lang='grc' dir='ltr'><strong>σταλέντας</strong></span> <span class='ocrx_word' id='word_1_229' title='bbox 2749 1822 3072 1896; x_wconf 75' lang='grc' dir='ltr'><strong>ὑϐρισθῆναι</strong></span> <span class='ocrx_word' id='word_1_230' title='bbox 3101 1823 3194 1878; x_wconf 76' lang='grc' dir='ltr'><strong>καὶ</strong></span> <span class='ocrx_word' id='word_1_231' title='bbox 3213 1820 3583 1893; x_wconf 80' lang='grc' dir='ltr'><strong>ἀτιμασθῆναι</strong></span> <span class='ocrx_word' id='word_1_232' title='bbox 3605 1834 3679 1872; x_wconf 82' lang='grc' dir='ltr'><strong>πα</strong></span> <span class='ocrx_word' id='word_1_233' title='bbox 3686 1834 3756 1888; x_wconf 83' lang='grc' dir='ltr'><strong>ρ-</strong></span> 
     </span>
    </p>
   </div>
   <div class='ocr_carea' id='block_1_36' title="bbox 478 1917 2063 1991">
    <p class='ocr_par' dir='ltr' id='par_1_36' title="bbox 478 1917 2063 1991">
     <span class='ocr_line' id='line_1_36' title="bbox 478 1917 2063 1991; baseline 0.001 -17"><span class='ocrx_word' id='word_1_234' title='bbox 478 1920 733 1982; x_wconf 88' lang='lat' dir='ltr'><strong>cersitus.</strong></span> <span class='ocrx_word' id='word_1_235' title='bbox 753 1933 860 1973; x_wconf 88' lang='lat' dir='ltr'><strong>non</strong></span> <span class='ocrx_word' id='word_1_236' title='bbox 874 1918 1135 1986; x_wconf 85' lang='lat' dir='ltr'><strong>accessit;</strong></span> <span class='ocrx_word' id='word_1_237' title='bbox 1149 1918 1248 1975; x_wconf 87' lang='lat' dir='ltr'><strong>sed</strong></span> <span class='ocrx_word' id='word_1_238' title='bbox 1264 1928 1318 1975; x_wconf 92' lang='lat' dir='ltr'><strong>et</strong></span> <span class='ocrx_word' id='word_1_239' title='bbox 1345 1918 1556 1990; x_wconf 77' lang='lat' dir='ltr'><strong>legatos</strong></span> <span class='ocrx_word' id='word_1_240' title='bbox 1580 1917 2063 1991; x_wconf 45' lang='lat' dir='ltr'><strong>injuriisgpt-obris-</strong></span> 
     </span>
    </p>
   </div>
   <div class='ocr_carea' id='block_1_37' title="bbox 477 2007 2062 2083">
    <p class='ocr_par' dir='ltr' id='par_1_37' title="bbox 477 2007 2062 2083">
     <span class='ocr_line' id='line_1_37' title="bbox 477 2007 2062 2083; baseline 0.003 -19"><span class='ocrx_word' id='word_1_241' title='bbox 477 2025 585 2080; x_wconf 84' lang='lat' dir='ltr'><strong>que</strong></span> <span class='ocrx_word' id='word_1_242' title='bbox 614 2009 859 2080; x_wconf 80' lang='lat' dir='ltr'><strong>respergi</strong></span> <span class='ocrx_word' id='word_1_243' title='bbox 887 2007 1302 2079; x_wconf 60' lang='lat' dir='ltr'><strong>providit.’Tutn</strong></span> <span class='ocrx_word' id='word_1_244' title='bbox 1323 2025 1455 2068; x_wconf 89' lang='lat' dir='ltr'><strong>vero</strong></span> <span class='ocrx_word' id='word_1_245' title='bbox 1470 2009 1750 2082; x_wconf 83' lang='lat' dir='ltr'><strong>delegatos</strong></span> <span class='ocrx_word' id='word_1_246' title='bbox 1773 2009 2062 2083; x_wconf 86' lang='lat' dir='ltr'><strong>episcopos</strong></span> 
     </span>
    </p>
   </div>
   <div class='ocr_carea' id='block_1_38' title="bbox 479 2101 2061 2174">
    <p class='ocr_par' dir='ltr' id='par_1_38' title="bbox 479 2101 2061 2174">
     <span class='ocr_line' id='line_1_38' title="bbox 479 2101 2061 2174; baseline 0.003 -18"><span class='ocrx_word' id='word_1_247' title='bbox 479 2101 694 2174; x_wconf 86' lang='lat' dir='ltr'><strong>injuriis</strong></span> <span class='ocrx_word' id='word_1_248' title='bbox 713 2102 785 2157; x_wconf 87' lang='lat' dir='ltr'><strong>ita</strong></span> <span class='ocrx_word' id='word_1_249' title='bbox 803 2102 1132 2173; x_wconf 83' lang='lat' dir='ltr'><strong>probrisque</strong></span> <span class='ocrx_word' id='word_1_250' title='bbox 1150 2101 1379 2160; x_wconf 68' lang='lat' dir='ltr'><strong>allectos</strong></span> <span class='ocrx_word' id='word_1_251' title='bbox 1409 2110 1610 2159; x_wconf 83' lang='lat' dir='ltr'><strong>sancta</strong></span> <span class='ocrx_word' id='word_1_252' title='bbox 1647 2112 1700 2160; x_wconf 87' lang='lat' dir='ltr'><strong>et</strong></span> <span class='ocrx_word' id='word_1_253' title='bbox 1720 2103 2061 2160; x_wconf 68' lang='lat' dir='ltr'><strong>mcumeuica</strong></span> 
     </span>
    </p>
   </div>
   <div class='ocr_carea' id='block_1_39' title="bbox 478 2194 2064 2267">
    <p class='ocr_par' dir='ltr' id='par_1_39' title="bbox 478 2194 2064 2267">
     <span class='ocr_line' id='line_1_39' title="bbox 478 2194 2064 2267; baseline 0.001 -17"><span class='ocrx_word' id='word_1_254' title='bbox 478 2194 718 2267; x_wconf 79' lang='lat' dir='ltr'><strong>synodus</strong></span> <span class='ocrx_word' id='word_1_255' title='bbox 733 2194 1013 2265; x_wconf 79' lang='lat' dir='ltr'><strong>excipiens</strong></span> <span class='ocrx_word' id='word_1_256' title='bbox 1027 2195 1363 2252; x_wconf 86' lang='lat' dir='ltr'><strong>sententiam</strong></span> <span class='ocrx_word' id='word_1_257' title='bbox 1383 2194 1496 2266; x_wconf 72' lang='grc'><strong>78</strong></span> <span class='ocrx_word' id='word_1_258' title='bbox 1507 2195 1771 2253; x_wconf 82' lang='lat' dir='ltr'><strong>adversus</strong></span> <span class='ocrx_word' id='word_1_259' title='bbox 1787 2210 1912 2252; x_wconf 88' lang='lat' dir='ltr'><strong>eum</strong></span> <span class='ocrx_word' id='word_1_260' title='bbox 1936 2210 2064 2266; x_wconf 90' lang='lat' dir='ltr'><strong>pro-</strong></span> 
     </span>
    </p>
   </div>
   <div class='ocr_carea' id='block_1_40' title="bbox 479 2286 2063 2361">
    <p class='ocr_par' dir='ltr' id='par_1_40' title="bbox 479 2286 2063 2361">
     <span class='ocr_line' id='line_1_40' title="bbox 479 2286 2063 2361; baseline 0.003 -19"><span class='ocrx_word' id='word_1_261' title='bbox 479 2287 751 2342; x_wconf 83' lang='lat' dir='ltr'><strong>nuntiavit</strong></span> <span class='ocrx_word' id='word_1_262' title='bbox 773 2295 829 2342; x_wconf 90' lang='lat' dir='ltr'><strong>et</strong></span> <span class='ocrx_word' id='word_1_263' title='bbox 853 2287 1003 2343; x_wconf 87' lang='lat' dir='ltr'><strong>omni</strong></span> <span class='ocrx_word' id='word_1_264' title='bbox 1033 2300 1190 2343; x_wconf 86' lang='lat' dir='ltr'><strong>sacra</strong></span> <span class='ocrx_word' id='word_1_265' title='bbox 1228 2286 1493 2359; x_wconf 85' lang='lat' dir='ltr'><strong>dignitate</strong></span> <span class='ocrx_word' id='word_1_266' title='bbox 1523 2286 1765 2345; x_wconf 88' lang='lat' dir='ltr'><strong>alienum</strong></span> <span class='ocrx_word' id='word_1_267' title='bbox 1804 2288 2063 2361; x_wconf 84' lang='lat' dir='ltr'><strong>deinceps</strong></span> 
     </span>
    </p>
   </div>
   <div class='ocr_carea' id='block_1_41' title="bbox 482 2376 2063 2450">
    <p class='ocr_par' dir='ltr' id='par_1_41' title="bbox 482 2376 2063 2450">
     <span class='ocr_line' id='line_1_41' title="bbox 482 2376 2063 2450; baseline 0.004 -20"><span class='ocrx_word' id='word_1_268' title='bbox 482 2379 724 2433; x_wconf 79' lang='lat' dir='ltr'><strong>futurum</strong></span> <span class='ocrx_word' id='word_1_269' title='bbox 745 2376 930 2433; x_wconf 80' lang='lat' dir='ltr'><strong>sanxit</strong></span> <span class='ocrx_word' id='word_1_270' title='bbox 955 2394 970 2431; x_wconf 85' lang='lat'><strong>:</strong></span> <span class='ocrx_word' id='word_1_271' title='bbox 992 2377 1245 2448; x_wconf 82' lang='lat' dir='ltr'><strong>hancque</strong></span> <span class='ocrx_word' id='word_1_272' title='bbox 1266 2391 1452 2434; x_wconf 86' lang='lat' dir='ltr'><strong>veram</strong></span> <span class='ocrx_word' id='word_1_273' title='bbox 1479 2385 1536 2436; x_wconf 90' lang='lat' dir='ltr'><strong>et</strong></span> <span class='ocrx_word' id='word_1_274' title='bbox 1562 2377 1926 2436; x_wconf 87' lang='lat' dir='ltr'><strong>indubitatam</strong></span> <span class='ocrx_word' id='word_1_275' title='bbox 1944 2378 2063 2450; x_wconf 79' lang='lat' dir='ltr'><strong>ejus</strong></span> 
     </span>
    </p>
   </div>
   <div class='ocr_carea' id='block_1_42' title="bbox 478 2468 2060 2541">
    <p class='ocr_par' dir='ltr' id='par_1_42' title="bbox 478 2468 2060 2541">
     <span class='ocr_line' id='line_1_42' title="bbox 478 2468 2060 2541; baseline 0.003 -15"><span class='ocrx_word' id='word_1_276' title='bbox 478 2468 880 2541; x_wconf 89' lang='lat' dir='ltr'><strong>depositionem</strong></span> <span class='ocrx_word' id='word_1_277' title='bbox 928 2468 1184 2538; x_wconf 75' lang='lat' dir='ltr'><strong>praesenti</strong></span> <span class='ocrx_word' id='word_1_278' title='bbox 1240 2480 1296 2527; x_wconf 89' lang='lat' dir='ltr'><strong>et</strong></span> <span class='ocrx_word' id='word_1_279' title='bbox 1350 2485 1539 2528; x_wconf 87' lang='lat' dir='ltr'><strong>coram</strong></span> <span class='ocrx_word' id='word_1_280' title='bbox 1566 2470 2060 2530; x_wconf 88' lang='lat' dir='ltr'><strong>denuntiaverunt.</strong></span> 
     </span>
    </p>
   </div>
   <div class='ocr_carea' id='block_1_43' title="bbox 478 2563 2064 2638">
    <p class='ocr_par' dir='ltr' id='par_1_43' title="bbox 478 2563 2064 2638">
     <span class='ocr_line' id='line_1_43' title="bbox 478 2563 2064 2638; baseline 0.003 -18"><span class='ocrx_word' id='word_1_281' title='bbox 478 2565 578 2624; x_wconf 83' lang='lat' dir='ltr'><strong>liis</strong></span> <span class='ocrx_word' id='word_1_282' title='bbox 607 2566 692 2632; x_wconf 81' lang='lat' dir='ltr'><strong>ita</strong></span> <span class='ocrx_word' id='word_1_283' title='bbox 717 2564 999 2637; x_wconf 81' lang='lat' dir='ltr'><strong>perfectis,</strong></span> <span class='ocrx_word' id='word_1_284' title='bbox 1030 2563 1272 2623; x_wconf 81' lang='lat' dir='ltr'><strong>Joannes</strong></span> <span class='ocrx_word' id='word_1_285' title='bbox 1297 2565 1610 2623; x_wconf 66' lang='lat' dir='ltr'><strong>Antiochiae</strong></span> <span class='ocrx_word' id='word_1_286' title='bbox 1657 2567 1859 2638; x_wconf 75' lang='lat' dir='ltr'><strong>pmsul</strong></span> <span class='ocrx_word' id='word_1_287' title='bbox 1889 2583 1985 2625; x_wconf 86' lang='lat' dir='ltr'><strong>sex</strong></span> <span class='ocrx_word' id='word_1_288' title='bbox 2008 2577 2064 2624; x_wconf 94' lang='lat' dir='ltr'><strong>et</strong></span> 
     </span>
    </p>
   </div>
   <div class='ocr_carea' id='block_1_44' title="bbox 479 2657 2061 2730">
    <p class='ocr_par' dir='ltr' id='par_1_44' title="bbox 479 2657 2061 2730">
     <span class='ocr_line' id='line_1_44' title="bbox 479 2657 2061 2730; baseline 0.004 -20"><span class='ocrx_word' id='word_1_289' title='bbox 479 2657 668 2729; x_wconf 84' lang='lat' dir='ltr'><strong>viginti</strong></span> <span class='ocrx_word' id='word_1_290' title='bbox 693 2657 989 2714; x_wconf 89' lang='lat' dir='ltr'><strong>comitatus</strong></span> <span class='ocrx_word' id='word_1_291' title='bbox 1012 2657 1288 2730; x_wconf 86' lang='lat' dir='ltr'><strong>episcopis</strong></span> <span class='ocrx_word' id='word_1_292' title='bbox 1318 2658 1484 2715; x_wconf 90' lang='lat' dir='ltr'><strong>tertia</strong></span> <span class='ocrx_word' id='word_1_293' title='bbox 1512 2658 1603 2716; x_wconf 89' lang='lat' dir='ltr'><strong>die</strong></span> <span class='ocrx_word' id='word_1_294' title='bbox 1628 2658 1873 2717; x_wconf 81' lang='lat' dir='ltr'><strong>advenit.</strong></span> <span class='ocrx_word' id='word_1_295' title='bbox 1902 2658 1971 2716; x_wconf 81' lang='lat' dir='ltr'><strong>lli</strong></span> <span class='ocrx_word' id='word_1_296' title='bbox 1991 2660 2061 2717; x_wconf 90' lang='lat' dir='ltr'><strong>de</strong></span> 
     </span>
    </p>
   </div>
   <div class='ocr_carea' id='block_1_45' title="bbox 476 2747 2063 2820">
    <p class='ocr_par' dir='ltr' id='par_1_45' title="bbox 476 2747 2063 2820">
     <span class='ocr_line' id='line_1_45' title="bbox 476 2747 2063 2820; baseline 0.003 -16"><span class='ocrx_word' id='word_1_297' title='bbox 476 2747 714 2806; x_wconf 84' lang='lat' dir='ltr'><strong>Nestorii</strong></span> <span class='ocrx_word' id='word_1_298' title='bbox 741 2749 1198 2808; x_wconf 84' lang='lat' dir='ltr'><strong>exauctoratione</strong></span> <span class='ocrx_word' id='word_1_299' title='bbox 1221 2751 1491 2808; x_wconf 89' lang='lat' dir='ltr'><strong>certiores</strong></span> <span class='ocrx_word' id='word_1_300' title='bbox 1519 2749 1674 2820; x_wconf 80' lang='lat' dir='ltr'><strong>facti,</strong></span> <span class='ocrx_word' id='word_1_301' title='bbox 1723 2767 1786 2810; x_wconf 88' lang='lat' dir='ltr'><strong>se</strong></span> <span class='ocrx_word' id='word_1_302' title='bbox 1813 2768 1846 2810; x_wconf 92' lang='lat' dir='ltr'><strong>a</strong></span> <span class='ocrx_word' id='word_1_303' title='bbox 1867 2761 2063 2810; x_wconf 83' lang='lat' dir='ltr'><strong>sancto</strong></span> 
     </span>
    </p>
   </div>
   <div class='ocr_carea' id='block_1_46' title="bbox 478 2842 2063 2916">
    <p class='ocr_par' dir='ltr' id='par_1_46' title="bbox 478 2842 2063 2916">
     <span class='ocr_line' id='line_1_46' title="bbox 478 2842 2063 2916; baseline 0.003 -17"><span class='ocrx_word' id='word_1_304' title='bbox 478 2842 713 2900; x_wconf 89' lang='lat' dir='ltr'><strong>concilio</strong></span> <span class='ocrx_word' id='word_1_305' title='bbox 752 2852 1200 2916; x_wconf 78' lang='lat' dir='ltr'><strong>segregaverunt,</strong></span> <span class='ocrx_word' id='word_1_306' title='bbox 1231 2843 1641 2916; x_wconf 85' lang='lat' dir='ltr'><strong>separatimque</strong></span> <span class='ocrx_word' id='word_1_307' title='bbox 1662 2859 1789 2902; x_wconf 90' lang='lat' dir='ltr'><strong>cum</strong></span> <span class='ocrx_word' id='word_1_308' title='bbox 1809 2843 2063 2903; x_wconf 82' lang='lat' dir='ltr'><strong>Nestorio</strong></span> 
     </span>
    </p>
   </div>
   <div class='ocr_carea' id='block_1_47' title="bbox 477 2933 2059 3010">
    <p class='ocr_par' dir='ltr' id='par_1_47' title="bbox 477 2933 2059 3010">
     <span class='ocr_line' id='line_1_47' title="bbox 477 2933 2059 3010; baseline 0.001 -18"><span class='ocrx_word' id='word_1_309' title='bbox 477 2934 847 3003; x_wconf 87' lang='lat' dir='ltr'><strong>considentes,</strong></span> <span class='ocrx_word' id='word_1_310' title='bbox 879 2933 1145 3007; x_wconf 72' lang='lat' dir='ltr'><strong>Cyrillum</strong></span> <span class='ocrx_word' id='word_1_311' title='bbox 1190 2947 1252 2992; x_wconf 87' lang='lat' dir='ltr'><strong>et</strong></span> <span class='ocrx_word' id='word_1_312' title='bbox 1300 2934 1647 2992; x_wconf 79' lang='lat' dir='ltr'><strong>Memnonem</strong></span> <span class='ocrx_word' id='word_1_313' title='bbox 1694 2937 2059 3010; x_wconf 85' lang='lat' dir='ltr'><strong>Ephesiorum</strong></span> 
     </span>
    </p>
   </div>
   <div class='ocr_carea' id='block_1_48' title="bbox 480 3025 2061 3097">
    <p class='ocr_par' dir='ltr' id='par_1_48' title="bbox 480 3025 2061 3097">
     <span class='ocr_line' id='line_1_48' title="bbox 480 3025 2061 3097; baseline 0.001 -15"><span class='ocrx_word' id='word_1_314' title='bbox 480 3025 778 3082; x_wconf 89' lang='lat' dir='ltr'><strong>antistitem</strong></span> <span class='ocrx_word' id='word_1_315' title='bbox 810 3025 1172 3097; x_wconf 85' lang='lat' dir='ltr'><strong>depositione,</strong></span> <span class='ocrx_word' id='word_1_316' title='bbox 1203 3035 1268 3082; x_wconf 91' lang='lat' dir='ltr'><strong>ut</strong></span> <span class='ocrx_word' id='word_1_317' title='bbox 1329 3027 1436 3084; x_wconf 89' lang='lat' dir='ltr'><strong>sibi</strong></span> <span class='ocrx_word' id='word_1_318' title='bbox 1468 3027 1778 3095; x_wconf 85' lang='lat' dir='ltr'><strong>videbatur,</strong></span> <span class='ocrx_word' id='word_1_319' title='bbox 1829 3027 2061 3084; x_wconf 86' lang='lat' dir='ltr'><strong>mulcta-</strong></span> 
     </span>
    </p>
   </div>
   <div class='ocr_carea' id='block_1_49' title="bbox 2160 1910 3752 1989">
    <p class='ocr_par' dir='ltr' id='par_1_49' title="bbox 2160 1910 3752 1989">
     <span class='ocr_line' id='line_1_49' title="bbox 2160 1910 3752 1989; baseline -0.008 -13"><span class='ocrx_word' id='word_1_320' title='bbox 2160 1920 2457 1976; x_wconf 81' lang='grc' dir='ltr'><strong>εσκεύασεν</strong></span> <span class='ocrx_word' id='word_1_321' title='bbox 2481 1921 2550 1974; x_wconf 91' lang='grc'><strong>⁷⁷.</strong></span> <span class='ocrx_word' id='word_1_322' title='bbox 2601 1919 2736 1974; x_wconf 83' lang='grc' dir='ltr'><strong>Τότε</strong></span> <span class='ocrx_word' id='word_1_323' title='bbox 2771 1919 2806 1989; x_wconf 79' lang='grc' dir='ltr'><strong>ὴ</strong></span> <span class='ocrx_word' id='word_1_324' title='bbox 2849 1915 2981 1988; x_wconf 78' lang='grc' dir='ltr'><strong>ἀγία</strong></span> <span class='ocrx_word' id='word_1_325' title='bbox 3005 1917 3102 1971; x_wconf 70' lang='grc' dir='ltr'><strong>καὶ</strong></span> <span class='ocrx_word' id='word_1_326' title='bbox 3141 1913 3500 1985; x_wconf 83' lang='grc' dir='ltr'><strong>οίκουμενικὴ</strong></span> <span class='ocrx_word' id='word_1_327' title='bbox 3531 1910 3752 1974; x_wconf 84' lang='grc' dir='ltr'><strong>σύνοδος</strong></span> 
     </span>
    </p>
   </div>
   <div class='ocr_carea' id='block_1_50' title="bbox 2162 2002 3752 2086">
    <p class='ocr_par' dir='ltr' id='par_1_50' title="bbox 2162 2002 3752 2086">
     <span class='ocr_line' id='line_1_50' title="bbox 2162 2002 3752 2086; baseline -0.008 -18"><span class='ocrx_word' id='word_1_328' title='bbox 2162 2013 2526 2086; x_wconf 82' lang='grc' dir='ltr'><strong>ύὸρισμένους</strong></span> <span class='ocrx_word' id='word_1_329' title='bbox 2555 2013 2650 2068; x_wconf 82' lang='grc' dir='ltr'><strong>καὶ</strong></span> <span class='ocrx_word' id='word_1_330' title='bbox 2687 2009 3098 2082; x_wconf 75' lang='grc' dir='ltr'><strong>ἡτιμασμένους</strong></span> <span class='ocrx_word' id='word_1_331' title='bbox 3140 2006 3413 2078; x_wconf 74' lang='grc' dir='ltr'><strong>δεξαμένη</strong></span> <span class='ocrx_word' id='word_1_332' title='bbox 3453 2005 3583 2067; x_wconf 78' lang='grc' dir='ltr'><strong>τοὺς</strong></span> <span class='ocrx_word' id='word_1_333' title='bbox 3610 2002 3752 2057; x_wconf 84' lang='grc' dir='ltr'><strong>ἀπο-</strong></span> 
     </span>
    </p>
   </div>
   <div class='ocr_carea' id='block_1_51' title="bbox 2163 2091 3752 2172">
    <p class='ocr_par' dir='ltr' id='par_1_51' title="bbox 2163 2091 3752 2172">
     <span class='ocr_line' id='line_1_51' title="bbox 2163 2091 3752 2172; baseline -0.009 -11"><span class='ocrx_word' id='word_1_334' title='bbox 2163 2105 2458 2169; x_wconf 75' lang='grc' dir='ltr'><strong>σταλέντας</strong></span> <span class='ocrx_word' id='word_1_335' title='bbox 2484 2103 2843 2168; x_wconf 90' lang='grc' dir='ltr'><strong>ἐπισκόπους,</strong></span> <span class='ocrx_word' id='word_1_336' title='bbox 2887 2100 3211 2172; x_wconf 81' lang='grc' dir='ltr'><strong>ἀπεφήνατο</strong></span> <span class='ocrx_word' id='word_1_337' title='bbox 3258 2097 3381 2152; x_wconf 84' lang='grc' dir='ltr'><strong>κατ’</strong></span> <span class='ocrx_word' id='word_1_338' title='bbox 3408 2093 3600 2162; x_wconf 75' lang='grc' dir='ltr'><strong>αὑτοῦ,</strong></span> <span class='ocrx_word' id='word_1_339' title='bbox 3653 2091 3752 2148; x_wconf 75' lang='grc' dir='ltr'><strong>καὶ</strong></span> 
     </span>
    </p>
   </div>
   <div class='ocr_carea' id='block_1_52' title="bbox 2161 2185 3753 2270">
    <p class='ocr_par' dir='ltr' id='par_1_52' title="bbox 2161 2185 3753 2270">
     <span class='ocr_line' id='line_1_52' title="bbox 2161 2185 3753 2270; baseline -0.008 -17"><span class='ocrx_word' id='word_1_340' title='bbox 2161 2197 2443 2270; x_wconf 82' lang='grc' dir='ltr'><strong>ἀλλότριον</strong></span> <span class='ocrx_word' id='word_1_341' title='bbox 2475 2196 2642 2252; x_wconf 82' lang='grc' dir='ltr'><strong>αὐτὸν</strong></span> <span class='ocrx_word' id='word_1_342' title='bbox 2676 2195 2879 2266; x_wconf 83' lang='grc' dir='ltr'><strong>ὥρισεν</strong></span> <span class='ocrx_word' id='word_1_343' title='bbox 2917 2193 3122 2258; x_wconf 85' lang='grc' dir='ltr'><strong>παντὸς</strong></span> <span class='ocrx_word' id='word_1_344' title='bbox 3173 2188 3456 2264; x_wconf 74' lang='grc' dir='ltr'><strong>ἱερατικοῦ</strong></span> <span class='ocrx_word' id='word_1_345' title='bbox 3501 2185 3753 2259; x_wconf 79' lang='grc' dir='ltr'><strong>ἀξιώμα-</strong></span> 
     </span>
    </p>
   </div>
   <div class='ocr_carea' id='block_1_53' title="bbox 2159 2278 3749 2360">
    <p class='ocr_par' dir='ltr' id='par_1_53' title="bbox 2159 2278 3749 2360">
     <span class='ocr_line' id='line_1_53' title="bbox 2159 2278 3749 2360; baseline -0.007 -15"><span class='ocrx_word' id='word_1_346' title='bbox 2159 2307 2252 2356; x_wconf 84' lang='grc' dir='ltr'><strong>τος</strong></span> <span class='ocrx_word' id='word_1_347' title='bbox 2269 2291 2338 2358; x_wconf 87' lang='grc'><strong>⁷⁸,</strong></span> <span class='ocrx_word' id='word_1_348' title='bbox 2352 2289 2448 2345; x_wconf 76' lang='grc' dir='ltr'><strong>καὶ</strong></span> <span class='ocrx_word' id='word_1_349' title='bbox 2468 2288 2798 2346; x_wconf 69' lang='grc' dir='ltr'><strong>ἀπέστειλαν</strong></span> <span class='ocrx_word' id='word_1_350' title='bbox 2815 2286 2968 2360; x_wconf 85' lang='grc' dir='ltr'><strong>αύτῷ</strong></span> <span class='ocrx_word' id='word_1_351' title='bbox 2992 2287 3075 2352; x_wconf 84' lang='grc' dir='ltr'><strong>είς</strong></span> <span class='ocrx_word' id='word_1_352' title='bbox 3099 2286 3394 2356; x_wconf 82' lang='grc' dir='ltr'><strong>πρόσωπον</strong></span> <span class='ocrx_word' id='word_1_353' title='bbox 3419 2281 3521 2349; x_wconf 74' lang='grc' dir='ltr'><strong>τὴν</strong></span> <span class='ocrx_word' id='word_1_354' title='bbox 3543 2278 3749 2336; x_wconf 81' lang='grc' dir='ltr'><strong>οίκείαν</strong></span> 
     </span>
    </p>
   </div>
   <div class='ocr_carea' id='block_1_54' title="bbox 2161 2373 3746 2457">
    <p class='ocr_par' dir='ltr' id='par_1_54' title="bbox 2161 2373 3746 2457">
     <span class='ocr_line' id='line_1_54' title="bbox 2161 2373 3746 2457; baseline -0.008 -16"><span class='ocrx_word' id='word_1_355' title='bbox 2161 2384 2506 2457; x_wconf 82' lang='grc' dir='ltr'><strong>καθαίρεσιν.</strong></span> <span class='ocrx_word' id='word_1_356' title='bbox 2554 2383 2775 2440; x_wconf 80' lang='grc' dir='ltr'><strong>Τούτων</strong></span> <span class='ocrx_word' id='word_1_357' title='bbox 2806 2382 2952 2438; x_wconf 72' lang='grc' dir='ltr'><strong>οὕτω</strong></span> <span class='ocrx_word' id='word_1_358' title='bbox 2983 2381 3369 2445; x_wconf 75' lang='grc' dir='ltr'><strong>τελεσθέντων,</strong></span> <span class='ocrx_word' id='word_1_359' title='bbox 3403 2375 3568 2450; x_wconf 77' lang='grc' dir='ltr'><strong>ἦλθεν</strong></span> <span class='ocrx_word' id='word_1_360' title='bbox 3609 2373 3746 2446; x_wconf 85' lang='grc' dir='ltr'><strong>μετά</strong></span> 
     </span>
    </p>
   </div>
   <div class='ocr_carea' id='block_1_55' title="bbox 2160 2469 3744 2550">
    <p class='ocr_par' dir='ltr' id='par_1_55' title="bbox 2160 2469 3744 2550">
     <span class='ocr_line' id='line_1_55' title="bbox 2160 2469 3744 2550; baseline -0.006 -18"><span class='ocrx_word' id='word_1_361' title='bbox 2160 2479 2311 2550; x_wconf 80' lang='grc' dir='ltr'><strong>τρεῖς</strong></span> <span class='ocrx_word' id='word_1_362' title='bbox 2342 2478 2559 2550; x_wconf 72' lang='grc' dir='ltr'><strong>ἡμέρας</strong></span> <span class='ocrx_word' id='word_1_363' title='bbox 2599 2477 2856 2550; x_wconf 81' lang='grc' dir='ltr'><strong>Ἰωάννης</strong></span> <span class='ocrx_word' id='word_1_364' title='bbox 2877 2477 2906 2532; x_wconf 80' lang='grc' dir='ltr'><strong>ὁ</strong></span> <span class='ocrx_word' id='word_1_365' title='bbox 2951 2473 3284 2546; x_wconf 85' lang='grc' dir='ltr'><strong>’Δντιοχείας</strong></span> <span class='ocrx_word' id='word_1_366' title='bbox 3335 2471 3634 2534; x_wconf 85' lang='grc' dir='ltr'><strong>ἐπίσκοπος</strong></span> <span class='ocrx_word' id='word_1_367' title='bbox 3665 2469 3744 2524; x_wconf 76' lang='grc' dir='ltr'><strong>εἷο</strong></span> 
     </span>
    </p>
   </div>
   <div class='ocr_carea' id='block_1_56' title="bbox 2161 2562 3740 2641">
    <p class='ocr_par' dir='ltr' id='par_1_56' title="bbox 2161 2562 3740 2641">
     <span class='ocr_line' id='line_1_56' title="bbox 2161 2562 3740 2641; baseline -0.006 -15"><span class='ocrx_word' id='word_1_368' title='bbox 2161 2589 2284 2627; x_wconf 87' lang='grc' dir='ltr'><strong>κοσι</strong></span> <span class='ocrx_word' id='word_1_369' title='bbox 2315 2571 2375 2639; x_wconf 76' lang='grc' dir='ltr'><strong>ἐξ</strong></span> <span class='ocrx_word' id='word_1_370' title='bbox 2405 2569 2742 2636; x_wconf 83' lang='grc' dir='ltr'><strong>ἐπισκόπους</strong></span> <span class='ocrx_word' id='word_1_371' title='bbox 2787 2569 2929 2640; x_wconf 80' lang='grc' dir='ltr'><strong>εχων</strong></span> <span class='ocrx_word' id='word_1_372' title='bbox 2959 2567 3079 2641; x_wconf 83' lang='grc' dir='ltr'><strong>μεθ’</strong></span> <span class='ocrx_word' id='word_1_373' title='bbox 3119 2565 3318 2622; x_wconf 74' lang='grc' dir='ltr'><strong>ἑαυτοῦ</strong></span> <span class='ocrx_word' id='word_1_374' title='bbox 3341 2581 3355 2595; x_wconf 74' lang='grc' dir='ltr'><strong>ο</strong></span> <span class='ocrx_word' id='word_1_375' title='bbox 3419 2562 3612 2627; x_wconf 80' lang='grc' dir='ltr'><strong>οῖτινες</strong></span> <span class='ocrx_word' id='word_1_376' title='bbox 3637 2577 3740 2634; x_wconf 82' lang='grc' dir='ltr'><strong>μα-</strong></span> 
     </span>
    </p>
   </div>
   <div class='ocr_carea' id='block_1_57' title="bbox 2163 2651 3733 2734">
    <p class='ocr_par' dir='ltr' id='par_1_57' title="bbox 2163 2651 3733 2734">
     <span class='ocr_line' id='line_1_57' title="bbox 2163 2651 3733 2734; baseline -0.008 -14"><span class='ocrx_word' id='word_1_377' title='bbox 2163 2663 2350 2728; x_wconf 84' lang='grc' dir='ltr'><strong>θόντες</strong></span> <span class='ocrx_word' id='word_1_378' title='bbox 2366 2661 2767 2734; x_wconf 82' lang='grc' dir='ltr'><strong>καθαιρεθέντα</strong></span> <span class='ocrx_word' id='word_1_379' title='bbox 2787 2663 2834 2695; x_wconf 86' lang='grc'><strong>⁷⁹</strong></span> <span class='ocrx_word' id='word_1_380' title='bbox 2849 2660 3035 2726; x_wconf 77' lang='grc' dir='ltr'><strong>αὐτὸν,</strong></span> <span class='ocrx_word' id='word_1_381' title='bbox 3059 2653 3561 2730; x_wconf 77' lang='grc' dir='ltr'><strong>ἀποσχίσαντεςεῆς</strong></span> <span class='ocrx_word' id='word_1_382' title='bbox 3571 2651 3733 2724; x_wconf 72' lang='grc' dir='ltr'><strong>ἁγίας</strong></span> 
     </span>
    </p>
   </div>
   <div class='ocr_carea' id='block_1_58' title="bbox 2162 2745 3736 2827">
    <p class='ocr_par' dir='ltr' id='par_1_58' title="bbox 2162 2745 3736 2827">
     <span class='ocr_line' id='line_1_58' title="bbox 2162 2745 3736 2827; baseline -0.008 -15"><span class='ocrx_word' id='word_1_383' title='bbox 2162 2756 2404 2824; x_wconf 88' lang='grc' dir='ltr'><strong>συνόδου,</strong></span> <span class='ocrx_word' id='word_1_384' title='bbox 2445 2757 2543 2811; x_wconf 76' lang='grc' dir='ltr'><strong>καὶ</strong></span> <span class='ocrx_word' id='word_1_385' title='bbox 2595 2755 2738 2826; x_wconf 83' lang='grc' dir='ltr'><strong>μετά</strong></span> <span class='ocrx_word' id='word_1_386' title='bbox 2763 2753 3062 2827; x_wconf 79' lang='grc' dir='ltr'><strong>Νεστορίου</strong></span> <span class='ocrx_word' id='word_1_387' title='bbox 3094 2752 3563 2822; x_wconf 79' lang='grc' dir='ltr'><strong>συνεδρεύσαντες.</strong></span> <span class='ocrx_word' id='word_1_388' title='bbox 3600 2745 3736 2801; x_wconf 82' lang='grc' dir='ltr'><strong>καθ-</strong></span> 
     </span>
    </p>
   </div>
   <div class='ocr_carea' id='block_1_59' title="bbox 2161 2841 3744 2922">
    <p class='ocr_par' dir='ltr' id='par_1_59' title="bbox 2161 2841 3744 2922">
     <span class='ocr_line' id='line_1_59' title="bbox 2161 2841 3744 2922; baseline -0.005 -18"><span class='ocrx_word' id='word_1_389' title='bbox 2161 2851 2327 2917; x_wconf 86' lang='grc' dir='ltr'><strong>εῖλον,</strong></span> <span class='ocrx_word' id='word_1_390' title='bbox 2390 2850 2467 2916; x_wconf 86' lang='grc' dir='ltr'><strong>ὡς</strong></span> <span class='ocrx_word' id='word_1_391' title='bbox 2516 2849 2777 2922; x_wconf 85' lang='grc' dir='ltr'><strong>ἐνόμισαν</strong></span> <span class='ocrx_word' id='word_1_392' title='bbox 2798 2891 2816 2918; x_wconf 96' lang='grc'><strong>,</strong></span> <span class='ocrx_word' id='word_1_393' title='bbox 2874 2849 3146 2922; x_wconf 67' lang='grc' dir='ltr'><strong>Κύριλλον</strong></span> <span class='ocrx_word' id='word_1_394' title='bbox 3195 2847 3294 2902; x_wconf 77' lang='grc' dir='ltr'><strong>καὶ</strong></span> <span class='ocrx_word' id='word_1_395' title='bbox 3341 2846 3602 2916; x_wconf 75' lang='grc' dir='ltr'><strong>Μέμνονα</strong></span> <span class='ocrx_word' id='word_1_396' title='bbox 3649 2841 3744 2896; x_wconf 76' lang='grc' dir='ltr'><strong>τὸν</strong></span> 
     </span>
    </p>
   </div>
   <div class='ocr_carea' id='block_1_60' title="bbox 2175 2933 3749 3015">
    <p class='ocr_par' dir='ltr' id='par_1_60' title="bbox 2175 2933 3749 3015">
     <span class='ocr_line' id='line_1_60' title="bbox 2175 2933 3749 3015; baseline -0.008 -16"><span class='ocrx_word' id='word_1_397' title='bbox 2175 2943 2443 3014; x_wconf 76' lang='grc' dir='ltr'><strong>Ἐφέσιον.</strong></span> <span class='ocrx_word' id='word_1_398' title='bbox 2505 2942 2860 3015; x_wconf 75' lang='grc' dir='ltr'><strong>Θεοδὼρηιεος</strong></span> <span class='ocrx_word' id='word_1_399' title='bbox 2917 2942 3108 3014; x_wconf 77' lang='grc' dir='ltr'><strong>μέντοι</strong></span> <span class='ocrx_word' id='word_1_400' title='bbox 3180 2939 3412 3012; x_wconf 81' lang='grc' dir='ltr'><strong>νομίσας</strong></span> <span class='ocrx_word' id='word_1_401' title='bbox 3481 2933 3749 3007; x_wconf 77' lang='grc' dir='ltr'><strong>Κύριλλον</strong></span> 
     </span>
    </p>
   </div>
   <div class='ocr_carea' id='block_1_61' title="bbox 2163 3027 3748 3108">
    <p class='ocr_par' dir='ltr' id='par_1_61' title="bbox 2163 3027 3748 3108">
     <span class='ocr_line' id='line_1_61' title="bbox 2163 3027 3748 3108; baseline -0.006 -17"><span class='ocrx_word' id='word_1_402' title='bbox 2163 3035 2558 3108; x_wconf 82' lang='grc' dir='ltr'><strong>καταδραμεῖν,</strong></span> <span class='ocrx_word' id='word_1_403' title='bbox 2604 3035 2674 3091; x_wconf 80' lang='grc' dir='ltr'><strong>τὰ</strong></span> <span class='ocrx_word' id='word_1_404' title='bbox 2703 3034 2914 3090; x_wconf 81' lang='grc' dir='ltr'><strong>δώδεκα</strong></span> <span class='ocrx_word' id='word_1_405' title='bbox 2949 3034 3242 3105; x_wconf 75' lang='grc' dir='ltr'><strong>Κεφάλαια</strong></span> <span class='ocrx_word' id='word_1_406' title='bbox 3277 3027 3748 3104; x_wconf 79' lang='grc' dir='ltr'><strong>παρεξηγησάμεο</strong></span> 
     </span>
    </p>
   </div>
   <div class='ocr_carea' id='block_1_62' title="bbox 479 3117 2059 3212">
    <p class='ocr_par' dir='ltr' id='par_1_62' title="bbox 479 3117 2059 3193">
     <span class='ocr_line' id='line_1_62' title="bbox 479 3117 2059 3193; baseline 0.003 -20"><span class='ocrx_word' id='word_1_407' title='bbox 479 3128 697 3176; x_wconf 84' lang='lat' dir='ltr'><strong>verunt.</strong></span> <span class='ocrx_word' id='word_1_408' title='bbox 739 3117 1131 3176; x_wconf 84' lang='lat' dir='ltr'><strong>.Tbeoderetus</strong></span> <span class='ocrx_word' id='word_1_409' title='bbox 1187 3133 1327 3177; x_wconf 80' lang='lat' dir='ltr'><strong>sane</strong></span> <span class='ocrx_word' id='word_1_410' title='bbox 1387 3119 1659 3193; x_wconf 70' lang='lat' dir='ltr'><strong>Cyrillum</strong></span> <span class='ocrx_word' id='word_1_411' title='bbox 1714 3119 1977 3179; x_wconf 85' lang='lat' dir='ltr'><strong>insectari</strong></span> <span class='ocrx_word' id='word_1_412' title='bbox 2008 3131 2059 3178; x_wconf 90' lang='lat' dir='ltr'><strong>et</strong></span> 
     </span>
    </p>
   </div>
   <div class='ocr_carea' id='block_1_63' title="bbox 2161 3117 3751 3212">
    <p class='ocr_par' dir='ltr' id='par_1_63' title="bbox 2163 3121 3751 3202">
     <span class='ocr_line' id='line_1_63' title="bbox 2163 3121 3751 3202; baseline -0.009 -16"><span class='ocrx_word' id='word_1_413' title='bbox 2163 3147 2274 3196; x_wconf 90' lang='grc' dir='ltr'><strong>νος,</strong></span> <span class='ocrx_word' id='word_1_414' title='bbox 2331 3131 2514 3184; x_wconf 79' lang='grc' dir='ltr'><strong>ἐκεῖσε</strong></span> <span class='ocrx_word' id='word_1_415' title='bbox 2547 3129 2642 3185; x_wconf 78' lang='grc' dir='ltr'><strong>τὸν</strong></span> <span class='ocrx_word' id='word_1_416' title='bbox 2683 3129 2981 3202; x_wconf 86' lang='grc' dir='ltr'><strong>Νεστορίου</strong></span> <span class='ocrx_word' id='word_1_417' title='bbox 3020 3129 3290 3202; x_wconf 77' lang='grc' dir='ltr'><strong>ἐξήμεσεν</strong></span> <span class='ocrx_word' id='word_1_418' title='bbox 3349 3126 3450 3182; x_wconf 83' lang='grc' dir='ltr'><strong>ίόν.</strong></span> <span class='ocrx_word' id='word_1_419' title='bbox 3495 3122 3557 3178; x_wconf 85' lang='lat'><strong>&#39;0</strong></span> <span class='ocrx_word' id='word_1_420' title='bbox 3585 3122 3645 3176; x_wconf 80' lang='grc' dir='ltr'><strong>δέ</strong></span> <span class='ocrx_word' id='word_1_421' title='bbox 3689 3121 3751 3174; x_wconf 81' lang='grc' dir='ltr'><strong>ἐν</strong></span> 
     </span>
    </p>
   </div>
   <div class='ocr_carea' id='block_1_64' title="bbox 478 3211 2058 3288">
    <p class='ocr_par' dir='ltr' id='par_1_64' title="bbox 478 3211 2058 3288">
     <span class='ocr_line' id='line_1_64' title="bbox 478 3211 2058 3288; baseline 0.003 -20"><span class='ocrx_word' id='word_1_422' title='bbox 478 3214 810 3283; x_wconf 80' lang='lat' dir='ltr'><strong>redarguere</strong></span> <span class='ocrx_word' id='word_1_423' title='bbox 845 3211 1168 3277; x_wconf 87' lang='lat' dir='ltr'><strong>arbitratus,</strong></span> <span class='ocrx_word' id='word_1_424' title='bbox 1217 3212 1510 3271; x_wconf 86' lang='lat' dir='ltr'><strong>duodecim</strong></span> <span class='ocrx_word' id='word_1_425' title='bbox 1541 3215 1819 3286; x_wconf 87' lang='lat' dir='ltr'><strong>capitibus</strong></span> <span class='ocrx_word' id='word_1_426' title='bbox 1857 3230 2058 3288; x_wconf 88' lang='lat' dir='ltr'><strong>perpe-</strong></span> 
     </span>
    </p>
   </div>
   <div class='ocr_carea' id='block_1_65' title="bbox 480 3301 2061 3375">
    <p class='ocr_par' dir='ltr' id='par_1_65' title="bbox 480 3301 2061 3375">
     <span class='ocr_line' id='line_1_65' title="bbox 480 3301 2061 3375; baseline 0.004 -17"><span class='ocrx_word' id='word_1_427' title='bbox 480 3319 596 3360; x_wconf 87' lang='lat' dir='ltr'><strong>ram</strong></span> <span class='ocrx_word' id='word_1_428' title='bbox 625 3304 912 3375; x_wconf 82' lang='lat' dir='ltr'><strong>expositis,</strong></span> <span class='ocrx_word' id='word_1_429' title='bbox 956 3301 1203 3360; x_wconf 88' lang='lat' dir='ltr'><strong>Nestorii.</strong></span> <span class='ocrx_word' id='word_1_430' title='bbox 1221 3304 1376 3362; x_wconf 83' lang='lat' dir='ltr'><strong>virus</strong></span> <span class='ocrx_word' id='word_1_431' title='bbox 1398 3321 1569 3363; x_wconf 82' lang='lat' dir='ltr'><strong>omne</strong></span> <span class='ocrx_word' id='word_1_432' title='bbox 1608 3307 1910 3364; x_wconf 80' lang='lat' dir='ltr'><strong>evomitum</strong></span> <span class='ocrx_word' id='word_1_433' title='bbox 1956 3323 2061 3365; x_wconf 90' lang='lat' dir='ltr'><strong>suo</strong></span> 
     </span>
    </p>
   </div>
   <div class='ocr_carea' id='block_1_66' title="bbox 478 3394 2058 3470">
    <p class='ocr_par' dir='ltr' id='par_1_66' title="bbox 478 3394 2058 3470">
     <span class='ocr_line' id='line_1_66' title="bbox 478 3394 2058 3470; baseline 0.001 -18"><span class='ocrx_word' id='word_1_434' title='bbox 478 3397 714 3468; x_wconf 83' lang='lat' dir='ltr'><strong>repersit</strong></span> <span class='ocrx_word' id='word_1_435' title='bbox 765 3397 942 3468; x_wconf 89' lang='lat' dir='ltr'><strong>operi.</strong></span> <span class='ocrx_word' id='word_1_436' title='bbox 989 3394 1232 3454; x_wconf 90' lang='lat' dir='ltr'><strong>Sanctus</strong></span> <span class='ocrx_word' id='word_1_437' title='bbox 1275 3407 1477 3455; x_wconf 76' lang='lat' dir='ltr'><strong>autem</strong></span> <span class='ocrx_word' id='word_1_438' title='bbox 1533 3398 1778 3470; x_wconf 67' lang='lat' dir='ltr'><strong>Cyr-illus</strong></span> <span class='ocrx_word' id='word_1_439' title='bbox 1832 3398 2058 3457; x_wconf 73' lang='lat' dir='ltr'><strong>Iortiter</strong></span> 
     </span>
    </p>
   </div>
   <div class='ocr_carea' id='block_1_67' title="bbox 477 3485 2060 3558">
    <p class='ocr_par' dir='ltr' id='par_1_67' title="bbox 477 3485 2060 3558">
     <span class='ocr_line' id='line_1_67' title="bbox 477 3485 2060 3558; baseline 0.004 -18"><span class='ocrx_word' id='word_1_440' title='bbox 477 3485 773 3556; x_wconf 73' lang='lat' dir='ltr'><strong>insurgens</strong></span> <span class='ocrx_word' id='word_1_441' title='bbox 802 3501 1030 3542; x_wconf 91' lang='lat' dir='ltr'><strong>suorum</strong></span> <span class='ocrx_word' id='word_1_442' title='bbox 1095 3486 1472 3558; x_wconf 86' lang='lat' dir='ltr'><strong>capitulorum</strong></span> <span class='ocrx_word' id='word_1_443' title='bbox 1535 3487 1915 3546; x_wconf 79' lang='lat' dir='ltr'><strong>defensionem</strong></span> <span class='ocrx_word' id='word_1_444' title='bbox 1975 3491 2060 3547; x_wconf 89' lang='lat' dir='ltr'><strong>in-</strong></span> 
     </span>
    </p>
   </div>
   <div class='ocr_carea' id='block_1_68' title="bbox 475 3579 2060 3655">
    <p class='ocr_par' dir='ltr' id='par_1_68' title="bbox 475 3579 2060 3655">
     <span class='ocr_line' id='line_1_68' title="bbox 475 3579 2060 3655; baseline 0.004 -20"><span class='ocrx_word' id='word_1_445' title='bbox 475 3580 696 3646; x_wconf 89' lang='lat' dir='ltr'><strong>struxit,</strong></span> <span class='ocrx_word' id='word_1_446' title='bbox 727 3579 1125 3649; x_wconf 77' lang='lat' dir='ltr'><strong>expositionem</strong></span> <span class='ocrx_word' id='word_1_447' title='bbox 1149 3579 1421 3647; x_wconf 82' lang='lat' dir='ltr'><strong>adhibuit,</strong></span> <span class='ocrx_word' id='word_1_448' title='bbox 1447 3589 1502 3638; x_wconf 89' lang='lat' dir='ltr'><strong>et</strong></span> <span class='ocrx_word' id='word_1_449' title='bbox 1526 3581 1592 3638; x_wconf 85' lang='lat' dir='ltr'><strong>in.</strong></span> <span class='ocrx_word' id='word_1_450' title='bbox 1607 3582 1785 3639; x_wconf 88' lang='lat' dir='ltr'><strong>lucem</strong></span> <span class='ocrx_word' id='word_1_451' title='bbox 1831 3583 2060 3655; x_wconf 85' lang='lat' dir='ltr'><strong>,prolato</strong></span> 
     </span>
    </p>
   </div>
   <div class='ocr_carea' id='block_1_69' title="bbox 474 3670 2055 3746">
    <p class='ocr_par' dir='ltr' id='par_1_69' title="bbox 474 3670 2055 3746">
     <span class='ocr_line' id='line_1_69' title="bbox 474 3670 2055 3746; baseline 0.004 -19"><span class='ocrx_word' id='word_1_452' title='bbox 474 3671 868 3728; x_wconf 64' lang='lat' dir='ltr'><strong>ecclesiasticae</strong></span> <span class='ocrx_word' id='word_1_453' title='bbox 903 3670 1202 3728; x_wconf 83' lang='lat' dir='ltr'><strong>.doctrinae</strong></span> <span class='ocrx_word' id='word_1_454' title='bbox 1236 3672 1520 3740; x_wconf 87' lang='lat' dir='ltr'><strong>thesauro,</strong></span> <span class='ocrx_word' id='word_1_455' title='bbox 1549 3689 1717 3746; x_wconf 90' lang='lat' dir='ltr'><strong>quam</strong></span> <span class='ocrx_word' id='word_1_456' title='bbox 1756 3675 1829 3731; x_wconf 91' lang='lat' dir='ltr'><strong>ad</strong></span> <span class='ocrx_word' id='word_1_457' title='bbox 1874 3677 2055 3746; x_wconf 82' lang='lat' dir='ltr'><strong>pieta-</strong></span> 
     </span>
    </p>
   </div>
   <div class='ocr_carea' id='block_1_70' title="bbox 477 3760 2061 3830">
    <p class='ocr_par' dir='ltr' id='par_1_70' title="bbox 477 3760 2061 3830">
     <span class='ocr_line' id='line_1_70' title="bbox 477 3760 2061 3830; baseline 0.003 -13"><span class='ocrx_word' id='word_1_458' title='bbox 477 3770 584 3817; x_wconf 87' lang='lat' dir='ltr'><strong>tem</strong></span> <span class='ocrx_word' id='word_1_459' title='bbox 612 3761 836 3830; x_wconf 88' lang='lat' dir='ltr'><strong>propria</strong></span> <span class='ocrx_word' id='word_1_460' title='bbox 873 3760 1525 3829; x_wconf 66' lang='lat' dir='ltr'><strong>collimaretsenteutia,</strong></span> <span class='ocrx_word' id='word_1_461' title='bbox 1584 3764 1833 3822; x_wconf 86' lang='lat' dir='ltr'><strong>omnium</strong></span> <span class='ocrx_word' id='word_1_462' title='bbox 1869 3767 2061 3822; x_wconf 71' lang='lat' dir='ltr'><strong>oculis</strong></span> 
     </span>
    </p>
   </div>
   <div class='ocr_carea' id='block_1_71' title="bbox 476 3851 2060 3929">
    <p class='ocr_par' dir='ltr' id='par_1_71' title="bbox 476 3851 2060 3929">
     <span class='ocr_line' id='line_1_71' title="bbox 476 3851 2060 3929; baseline 0.005 -23"><span class='ocrx_word' id='word_1_463' title='bbox 476 3851 712 3908; x_wconf 79' lang='lat' dir='ltr'><strong>reddidit</strong></span> <span class='ocrx_word' id='word_1_464' title='bbox 745 3852 1122 3910; x_wconf 83' lang='lat' dir='ltr'><strong>manifestum.</strong></span> <span class='ocrx_word' id='word_1_465' title='bbox 1156 3853 1198 3908; x_wconf 78' lang='grc' dir='ltr'>Α</span> <span class='ocrx_word' id='word_1_466' title='bbox 1231 3862 1422 3910; x_wconf 90' lang='lat' dir='ltr'><strong>sancta</strong></span> <span class='ocrx_word' id='word_1_467' title='bbox 1449 3857 1800 3925; x_wconf 85' lang='lat' dir='ltr'><strong>postmodum</strong></span> <span class='ocrx_word' id='word_1_468' title='bbox 1848 3859 2060 3929; x_wconf 82' lang='lat' dir='ltr'><strong>synodo</strong></span> 
     </span>
    </p>
   </div>
   <div class='ocr_carea' id='block_1_72' title="bbox 479 3944 2056 4018">
    <p class='ocr_par' dir='ltr' id='par_1_72' title="bbox 479 3944 2056 4018">
     <span class='ocr_line' id='line_1_72' title="bbox 479 3944 2056 4018; baseline 0.003 -20"><span class='ocrx_word' id='word_1_469' title='bbox 479 3944 714 4000; x_wconf 33' lang='lat' dir='ltr'><strong>tertium.</strong></span> <span class='ocrx_word' id='word_1_470' title='bbox 746 3954 970 4000; x_wconf 81' lang='lat' dir='ltr'><strong>vocatus</strong></span> <span class='ocrx_word' id='word_1_471' title='bbox 1021 3945 1484 4002; x_wconf 84' lang='lat' dir='ltr'><strong>Antiochensium</strong></span> <span class='ocrx_word' id='word_1_472' title='bbox 1541 3949 1741 4018; x_wconf 79' lang='lat' dir='ltr'><strong>praesul</strong></span> <span class='ocrx_word' id='word_1_473' title='bbox 1789 3947 2056 4014; x_wconf 77' lang='lat' dir='ltr'><strong>Joannes,</strong></span> 
     </span>
    </p>
   </div>
   <div class='ocr_carea' id='block_1_73' title="bbox 476 4039 2059 4112">
    <p class='ocr_par' dir='ltr' id='par_1_73' title="bbox 476 4039 2059 4112">
     <span class='ocr_line' id='line_1_73' title="bbox 476 4039 2059 4112; baseline 0.003 -18"><span class='ocrx_word' id='word_1_474' title='bbox 476 4055 604 4094; x_wconf 90' lang='lat' dir='ltr'><strong>cum</strong></span> <span class='ocrx_word' id='word_1_475' title='bbox 655 4039 916 4095; x_wconf 85' lang='lat' dir='ltr'><strong>accedere</strong></span> <span class='ocrx_word' id='word_1_476' title='bbox 962 4041 1308 4106; x_wconf 82' lang='lat' dir='ltr'><strong>detractaret,</strong></span> <span class='ocrx_word' id='word_1_477' title='bbox 1365 4041 1650 4097; x_wconf 82' lang='lat' dir='ltr'><strong>adversam</strong></span> <span class='ocrx_word' id='word_1_478' title='bbox 1703 4044 2059 4112; x_wconf 85' lang='lat' dir='ltr'><strong>exeepitcum</strong></span> 
     </span>
    </p>
   </div>
   <div class='ocr_carea' id='block_1_74' title="bbox 477 4129 2056 4194">
    <p class='ocr_par' dir='ltr' id='par_1_74' title="bbox 477 4129 2056 4194">
     <span class='ocr_line' id='line_1_74' title="bbox 477 4129 2056 4194; baseline 0.003 -10"><span class='ocrx_word' id='word_1_479' title='bbox 477 4130 645 4186; x_wconf 89' lang='lat' dir='ltr'><strong>sociis</strong></span> <span class='ocrx_word' id='word_1_480' title='bbox 664 4129 1015 4194; x_wconf 88' lang='lat' dir='ltr'><strong>sententiam,</strong></span> <span class='ocrx_word' id='word_1_481' title='bbox 1046 4129 1184 4186; x_wconf 90' lang='lat' dir='ltr'><strong>adeo</strong></span> <span class='ocrx_word' id='word_1_482' title='bbox 1215 4139 1273 4186; x_wconf 92' lang='lat' dir='ltr'><strong>ut</strong></span> <span class='ocrx_word' id='word_1_483' title='bbox 1299 4131 1450 4186; x_wconf 89' lang='lat' dir='ltr'><strong>omni</strong></span> <span class='ocrx_word' id='word_1_484' title='bbox 1487 4131 1750 4187; x_wconf 62' lang='lat' dir='ltr'><strong>Ecclesia;</strong></span> <span class='ocrx_word' id='word_1_485' title='bbox 1803 4148 2056 4190; x_wconf 88' lang='lat' dir='ltr'><strong>remove-</strong></span> 
     </span>
    </p>
   </div>
   <div class='ocr_carea' id='block_1_75' title="bbox 479 4221 2058 4298">
    <p class='ocr_par' dir='ltr' id='par_1_75' title="bbox 479 4221 2058 4298">
     <span class='ocr_line' id='line_1_75' title="bbox 479 4221 2058 4298; baseline 0.004 -22"><span class='ocrx_word' id='word_1_486' title='bbox 479 4231 670 4278; x_wconf 74' lang='lat' dir='ltr'><strong>rentur</strong></span> <span class='ocrx_word' id='word_1_487' title='bbox 700 4221 1027 4289; x_wconf 90' lang='lat' dir='ltr'><strong>ministerio,</strong></span> <span class='ocrx_word' id='word_1_488' title='bbox 1051 4222 1228 4279; x_wconf 91' lang='lat' dir='ltr'><strong>donec</strong></span> <span class='ocrx_word' id='word_1_489' title='bbox 1257 4225 1462 4295; x_wconf 88' lang='lat' dir='ltr'><strong>arrepti</strong></span> <span class='ocrx_word' id='word_1_490' title='bbox 1481 4225 1700 4281; x_wconf 88' lang='lat' dir='ltr'><strong>consilii</strong></span> <span class='ocrx_word' id='word_1_491' title='bbox 1725 4227 2058 4298; x_wconf 70' lang='lat' dir='ltr'><strong>pmnitentes</strong></span> 
     </span>
    </p>
   </div>
   <div class='ocr_carea' id='block_1_76' title="bbox 477 4315 2057 4391">
    <p class='ocr_par' dir='ltr' id='par_1_76' title="bbox 477 4315 2057 4391">
     <span class='ocr_line' id='line_1_76' title="bbox 477 4315 2057 4391; baseline 0.004 -20"><span class='ocrx_word' id='word_1_492' title='bbox 477 4317 778 4372; x_wconf 83' lang='lat' dir='ltr'><strong>admissam</strong></span> <span class='ocrx_word' id='word_1_493' title='bbox 841 4315 1145 4373; x_wconf 79' lang='lat' dir='ltr'><strong>faterentur</strong></span> <span class='ocrx_word' id='word_1_494' title='bbox 1184 4316 1464 4389; x_wconf 89' lang='lat' dir='ltr'><strong>_culpam.</strong></span> <span class='ocrx_word' id='word_1_495' title='bbox 1537 4317 1608 4374; x_wconf 85' lang='lat' dir='ltr'><strong>Et</strong></span> <span class='ocrx_word' id='word_1_496' title='bbox 1664 4319 1781 4376; x_wconf 71' lang='lat' dir='ltr'><strong>haec</strong></span> <span class='ocrx_word' id='word_1_497' title='bbox 1835 4321 2057 4391; x_wconf 87' lang='lat' dir='ltr'><strong>quidem</strong></span> 
     </span>
    </p>
   </div>
   <div class='ocr_carea' id='block_1_77' title="bbox 477 4407 2058 4484">
    <p class='ocr_par' dir='ltr' id='par_1_77' title="bbox 477 4407 2058 4484">
     <span class='ocr_line' id='line_1_77' title="bbox 477 4407 2058 4484; baseline 0.005 -22"><span class='ocrx_word' id='word_1_498' title='bbox 477 4415 674 4463; x_wconf 84' lang='lat' dir='ltr'><strong>sancta</strong></span> <span class='ocrx_word' id='word_1_499' title='bbox 700 4407 948 4463; x_wconf 81' lang='lat' dir='ltr'><strong>deﬁnivit</strong></span> <span class='ocrx_word' id='word_1_500' title='bbox 967 4407 1232 4481; x_wconf 85' lang='lat' dir='ltr'><strong>synodus,</strong></span> <span class='ocrx_word' id='word_1_501' title='bbox 1261 4423 1374 4480; x_wconf 92' lang='lat' dir='ltr'><strong>quo</strong></span> <span class='ocrx_word' id='word_1_502' title='bbox 1415 4419 1716 4480; x_wconf 87' lang='lat' dir='ltr'><strong>constaret,</strong></span> <span class='ocrx_word' id='word_1_503' title='bbox 1751 4412 1960 4484; x_wconf 66' lang='lat' dir='ltr'><strong>quaevis</strong></span> <span class='ocrx_word' id='word_1_504' title='bbox 2001 4413 2058 4470; x_wconf 92' lang='lat' dir='ltr'><strong>in</strong></span> 
     </span>
    </p>
   </div>
   <div class='ocr_carea' id='block_1_78' title="bbox 2157 3218 3754 3296">
    <p class='ocr_par' dir='ltr' id='par_1_78' title="bbox 2157 3218 3754 3296">
     <span class='ocr_line' id='line_1_78' title="bbox 2157 3218 3754 3296; baseline -0.004 -17"><span class='ocrx_word' id='word_1_505' title='bbox 2157 3225 2334 3294; x_wconf 77' lang='grc' dir='ltr'><strong>ἁγίοις</strong></span> <span class='ocrx_word' id='word_1_506' title='bbox 2377 3223 2651 3296; x_wconf 82' lang='grc' dir='ltr'><strong>Κύριλλος</strong></span> <span class='ocrx_word' id='word_1_507' title='bbox 2687 3225 2954 3294; x_wconf 80' lang='grc' dir='ltr'><strong>γενναίως</strong></span> <span class='ocrx_word' id='word_1_508' title='bbox 3003 3221 3300 3287; x_wconf 81' lang='grc' dir='ltr'><strong>διαναστὰς</strong></span> <span class='ocrx_word' id='word_1_509' title='bbox 3345 3221 3488 3294; x_wconf 66' lang='grc' dir='ltr'><strong>ὑπὲρ</strong></span> <span class='ocrx_word' id='word_1_510' title='bbox 3515 3218 3626 3274; x_wconf 78' lang='grc' dir='ltr'><strong>τῶν</strong></span> <span class='ocrx_word' id='word_1_511' title='bbox 3648 3219 3754 3273; x_wconf 69' lang='lat' dir='ltr'><strong>a6-</strong></span> 
     </span>
    </p>
   </div>
   <div class='ocr_carea' id='block_1_79' title="bbox 2155 3312 3754 3390">
    <p class='ocr_par' dir='ltr' id='par_1_79' title="bbox 2155 3312 3754 3390">
     <span class='ocr_line' id='line_1_79' title="bbox 2155 3312 3754 3390; baseline -0.003 -18"><span class='ocrx_word' id='word_1_512' title='bbox 2155 3317 2251 3374; x_wconf 79' lang='grc' dir='ltr'><strong>τοῦ</strong></span> <span class='ocrx_word' id='word_1_513' title='bbox 2268 3316 2599 3387; x_wconf 83' lang='grc' dir='ltr'><strong>Κεφαλαίων</strong></span> <span class='ocrx_word' id='word_1_514' title='bbox 2629 3317 3035 3389; x_wconf 83' lang='grc' dir='ltr'><strong>ἀπελογήσατο,</strong></span> <span class='ocrx_word' id='word_1_515' title='bbox 3069 3315 3398 3390; x_wconf 69' lang='grc' dir='ltr'><strong>ἑρμηνεύων</strong></span> <span class='ocrx_word' id='word_1_516' title='bbox 3429 3313 3596 3380; x_wconf 82' lang='grc' dir='ltr'><strong>αὐτὰ,</strong></span> <span class='ocrx_word' id='word_1_517' title='bbox 3653 3312 3754 3367; x_wconf 81' lang='grc' dir='ltr'><strong>καὶ</strong></span> 
     </span>
    </p>
   </div>
   <div class='ocr_carea' id='block_1_80' title="bbox 2156 3405 3752 3481">
    <p class='ocr_par' dir='ltr' id='par_1_80' title="bbox 2156 3405 3752 3481">
     <span class='ocr_line' id='line_1_80' title="bbox 2156 3405 3752 3481; baseline -0.003 -18"><span class='ocrx_word' id='word_1_518' title='bbox 2156 3409 2248 3465; x_wconf 78' lang='grc' dir='ltr'><strong>τὸν</strong></span> <span class='ocrx_word' id='word_1_519' title='bbox 2278 3409 2338 3464; x_wconf 89' lang='grc' dir='ltr'><strong>ἐν</strong></span> <span class='ocrx_word' id='word_1_520' title='bbox 2381 3409 2570 3475; x_wconf 83' lang='grc' dir='ltr'><strong>αὐτοῖς</strong></span> <span class='ocrx_word' id='word_1_521' title='bbox 2621 3409 3080 3481; x_wconf 78' lang='grc' dir='ltr'><strong>ἐκκλησιαστικὸν</strong></span> <span class='ocrx_word' id='word_1_522' title='bbox 3138 3407 3416 3481; x_wconf 78' lang='grc' dir='ltr'><strong>θησαυρὸν</strong></span> <span class='ocrx_word' id='word_1_523' title='bbox 3465 3405 3752 3463; x_wconf 67' lang='grc' dir='ltr'><strong>ἀνακαλύο</strong></span> 
     </span>
    </p>
   </div>
   <div class='ocr_carea' id='block_1_81' title="bbox 2159 3499 3750 3573">
    <p class='ocr_par' dir='ltr' id='par_1_81' title="bbox 2159 3499 3750 3573">
     <span class='ocr_line' id='line_1_81' title="bbox 2159 3499 3750 3573; baseline -0.003 -16"><span class='ocrx_word' id='word_1_524' title='bbox 2159 3521 2328 3570; x_wconf 89' lang='grc' dir='ltr'><strong>πτων,</strong></span> <span class='ocrx_word' id='word_1_525' title='bbox 2353 3504 2448 3557; x_wconf 72' lang='grc' dir='ltr'><strong>καὶ</strong></span> <span class='ocrx_word' id='word_1_526' title='bbox 2474 3502 2566 3559; x_wconf 78' lang='grc' dir='ltr'><strong>τὸν</strong></span> <span class='ocrx_word' id='word_1_527' title='bbox 2591 3503 2794 3556; x_wconf 82' lang='grc' dir='ltr'><strong>οἰκεῖον</strong></span> <span class='ocrx_word' id='word_1_528' title='bbox 2829 3503 3033 3573; x_wconf 76' lang='grc' dir='ltr'><strong>εύσείῖῆ</strong></span> <span class='ocrx_word' id='word_1_529' title='bbox 3062 3501 3267 3556; x_wconf 81' lang='grc' dir='ltr'><strong>σκοπὸν</strong></span> <span class='ocrx_word' id='word_1_530' title='bbox 3287 3499 3672 3572; x_wconf 75' lang='grc' dir='ltr'><strong>φανεροποιῶν</strong></span> <span class='ocrx_word' id='word_1_531' title='bbox 3697 3499 3750 3531; x_wconf 84' lang='grc'><strong><em>⁸⁸</em></strong></span> 
     </span>
    </p>
   </div>
   <div class='ocr_carea' id='block_1_82' title="bbox 2159 3592 3752 3667">
    <p class='ocr_par' dir='ltr' id='par_1_82' title="bbox 2159 3592 3752 3667">
     <span class='ocr_line' id='line_1_82' title="bbox 2159 3592 3752 3667; baseline -0.003 -16"><span class='ocrx_word' id='word_1_532' title='bbox 2159 3599 2346 3652; x_wconf 83' lang='grc' dir='ltr'><strong>πᾶσιν.</strong></span> <span class='ocrx_word' id='word_1_533' title='bbox 2389 3596 2530 3652; x_wconf 86' lang='grc' dir='ltr'><strong>Ὑπὸ</strong></span> <span class='ocrx_word' id='word_1_534' title='bbox 2579 3596 2638 3651; x_wconf 78' lang='grc' dir='ltr'><strong>δὲ</strong></span> <span class='ocrx_word' id='word_1_535' title='bbox 2668 3597 2770 3667; x_wconf 78' lang='grc' dir='ltr'><strong>τῆς</strong></span> <span class='ocrx_word' id='word_1_536' title='bbox 2823 3595 2989 3666; x_wconf 83' lang='grc' dir='ltr'><strong>ἀγίας</strong></span> <span class='ocrx_word' id='word_1_537' title='bbox 3046 3595 3272 3650; x_wconf 84' lang='grc' dir='ltr'><strong>συνόδου</strong></span> <span class='ocrx_word' id='word_1_538' title='bbox 3307 3593 3534 3665; x_wconf 81' lang='grc' dir='ltr'><strong>κληθεὶς</strong></span> <span class='ocrx_word' id='word_1_539' title='bbox 3583 3595 3612 3647; x_wconf 83' lang='grc' dir='ltr'>ὁ</span> <span class='ocrx_word' id='word_1_540' title='bbox 3648 3592 3752 3664; x_wconf 79' lang='grc' dir='ltr'><strong>τῆς</strong></span> 
     </span>
    </p>
   </div>
   <div class='ocr_carea' id='block_1_83' title="bbox 2170 3685 3752 3762">
    <p class='ocr_par' dir='ltr' id='par_1_83' title="bbox 2170 3685 3752 3762">
     <span class='ocr_line' id='line_1_83' title="bbox 2170 3685 3752 3762; baseline -0.003 -18"><span class='ocrx_word' id='word_1_541' title='bbox 2170 3688 2490 3761; x_wconf 73' lang='grc' dir='ltr'><strong>Ἀντιοχέων</strong></span> <span class='ocrx_word' id='word_1_542' title='bbox 2531 3688 2787 3762; x_wconf 80' lang='grc' dir='ltr'><strong>Ἰωάννης</strong></span> <span class='ocrx_word' id='word_1_543' title='bbox 2829 3689 2895 3745; x_wconf 88' lang='grc' dir='ltr'><strong>ἐκ</strong></span> <span class='ocrx_word' id='word_1_544' title='bbox 2936 3688 3146 3760; x_wconf 87' lang='grc' dir='ltr'><strong>τρίτου,</strong></span> <span class='ocrx_word' id='word_1_545' title='bbox 3190 3687 3388 3760; x_wconf 79' lang='grc' dir='ltr'><strong>καὶμὴ</strong></span> <span class='ocrx_word' id='word_1_546' title='bbox 3427 3685 3752 3750; x_wconf 79' lang='grc' dir='ltr'><strong>ὑπακούσας</strong></span> 
     </span>
    </p>
   </div>
   <div class='ocr_carea' id='block_1_84' title="bbox 2157 3774 3752 3852">
    <p class='ocr_par' dir='ltr' id='par_1_84' title="bbox 2157 3774 3752 3852">
     <span class='ocr_line' id='line_1_84' title="bbox 2157 3774 3752 3852; baseline -0.004 -17"><span class='ocrx_word' id='word_1_547' title='bbox 2157 3779 2252 3835; x_wconf 79' lang='grc' dir='ltr'><strong>τοῦ</strong></span> <span class='ocrx_word' id='word_1_548' title='bbox 2281 3780 2712 3852; x_wconf 80' lang='grc' dir='ltr'><strong>παραγενέσθαι,</strong></span> <span class='ocrx_word' id='word_1_549' title='bbox 2745 3779 3026 3850; x_wconf 84' lang='grc' dir='ltr'><strong>ἀπόφασιν</strong></span> <span class='ocrx_word' id='word_1_550' title='bbox 3080 3778 3304 3844; x_wconf 81' lang='grc' dir='ltr'><strong>ἐδέξατο</strong></span> <span class='ocrx_word' id='word_1_551' title='bbox 3343 3779 3443 3832; x_wconf 76' lang='grc' dir='ltr'><strong>σὺν</strong></span> <span class='ocrx_word' id='word_1_552' title='bbox 3474 3778 3589 3842; x_wconf 79' lang='grc' dir='ltr'><strong>τοῖς</strong></span> <span class='ocrx_word' id='word_1_553' title='bbox 3625 3774 3752 3847; x_wconf 84' lang='grc' dir='ltr'><strong>μετ’</strong></span> 
     </span>
    </p>
   </div>
   <div class='ocr_carea' id='block_1_85' title="bbox 2159 3869 3753 3945">
    <p class='ocr_par' dir='ltr' id='par_1_85' title="bbox 2159 3869 3753 3945">
     <span class='ocr_line' id='line_1_85' title="bbox 2159 3869 3753 3945; baseline -0.004 -17"><span class='ocrx_word' id='word_1_554' title='bbox 2159 3872 2331 3928; x_wconf 80' lang='grc' dir='ltr'><strong>αὐτοῦ</strong></span> <span class='ocrx_word' id='word_1_555' title='bbox 2380 3873 2456 3937; x_wconf 82' lang='grc' dir='ltr'><strong>ὡς</strong></span> <span class='ocrx_word' id='word_1_556' title='bbox 2485 3871 2899 3945; x_wconf 73' lang='grc' dir='ltr'><strong>ἀλλπριοῦσθαι</strong></span> <span class='ocrx_word' id='word_1_557' title='bbox 2928 3873 3110 3942; x_wconf 80' lang='grc' dir='ltr'><strong>πάσης</strong></span> <span class='ocrx_word' id='word_1_558' title='bbox 3139 3869 3604 3942; x_wconf 81' lang='grc' dir='ltr'><strong>ἐκκλησιαστικῆς</strong></span> <span class='ocrx_word' id='word_1_559' title='bbox 3628 3886 3753 3923; x_wconf 67' lang='grc' dir='ltr'><strong>διοι-</strong></span> 
     </span>
    </p>
   </div>
   <div class='ocr_carea' id='block_1_86' title="bbox 2159 3961 3751 4035">
    <p class='ocr_par' dir='ltr' id='par_1_86' title="bbox 2159 3961 3751 4035">
     <span class='ocr_line' id='line_1_86' title="bbox 2159 3961 3751 4035; baseline -0.004 -17"><span class='ocrx_word' id='word_1_560' title='bbox 2159 3963 2357 4028; x_wconf 86' lang='grc' dir='ltr'><strong>νωνίας</strong></span> <span class='ocrx_word' id='word_1_561' title='bbox 2382 3965 2454 4030; x_wconf 81' lang='grc'><strong>⁹¹,</strong></span> <span class='ocrx_word' id='word_1_562' title='bbox 2480 3963 2639 4035; x_wconf 83' lang='grc' dir='ltr'><strong>ἄχρις</strong></span> <span class='ocrx_word' id='word_1_563' title='bbox 2687 3962 2755 4018; x_wconf 84' lang='grc' dir='ltr'><strong>ἂν</strong></span> <span class='ocrx_word' id='word_1_564' title='bbox 2803 3962 3014 4017; x_wconf 86' lang='grc' dir='ltr'><strong>ἐαυτῶν</strong></span> <span class='ocrx_word' id='word_1_565' title='bbox 3047 3961 3415 4032; x_wconf 83' lang='grc' dir='ltr'><strong>καταγνόντες</strong></span> <span class='ocrx_word' id='word_1_566' title='bbox 3463 3961 3526 4017; x_wconf 79' lang='grc' dir='ltr'><strong>τὸ</strong></span> <span class='ocrx_word' id='word_1_567' title='bbox 3549 3961 3751 4014; x_wconf 78' lang='grc' dir='ltr'><strong>οἰκεῖον</strong></span> 
     </span>
    </p>
   </div>
   <div class='ocr_carea' id='block_1_87' title="bbox 2157 4051 3751 4129">
    <p class='ocr_par' dir='ltr' id='par_1_87' title="bbox 2157 4051 3751 4129">
     <span class='ocr_line' id='line_1_87' title="bbox 2157 4051 3751 4129; baseline -0.004 -17"><span class='ocrx_word' id='word_1_568' title='bbox 2157 4057 2568 4129; x_wconf 75' lang='grc' dir='ltr'><strong>ὁμολογήσωσιν</strong></span> <span class='ocrx_word' id='word_1_569' title='bbox 2602 4055 2850 4127; x_wconf 80' lang='grc' dir='ltr'><strong>σφάλμα.</strong></span> <span class='ocrx_word' id='word_1_570' title='bbox 2911 4057 3022 4111; x_wconf 80' lang='grc' dir='ltr'><strong>Καὶ</strong></span> <span class='ocrx_word' id='word_1_571' title='bbox 3055 4054 3215 4110; x_wconf 85' lang='grc' dir='ltr'><strong>τοῦτο</strong></span> <span class='ocrx_word' id='word_1_572' title='bbox 3243 4055 3290 4088; x_wconf 80' lang='grc'>⁸⁸</span> <span class='ocrx_word' id='word_1_573' title='bbox 3321 4056 3368 4127; x_wconf 68' lang='grc' dir='ltr'><strong>»ἠ</strong></span> <span class='ocrx_word' id='word_1_574' title='bbox 3411 4053 3546 4123; x_wconf 81' lang='grc' dir='ltr'><strong>ἁγία</strong></span> <span class='ocrx_word' id='word_1_575' title='bbox 3561 4051 3751 4125; x_wconf 67' lang='grc' dir='ltr'><strong>ὥρισα</strong></span> 
     </span>
    </p>
   </div>
   <div class='ocr_carea' id='block_1_88' title="bbox 2161 4146 3750 4221">
    <p class='ocr_par' dir='ltr' id='par_1_88' title="bbox 2161 4146 3750 4221">
     <span class='ocr_line' id='line_1_88' title="bbox 2161 4146 3750 4221; baseline -0.004 -17"><span class='ocrx_word' id='word_1_576' title='bbox 2161 4151 2401 4216; x_wconf 78' lang='grc' dir='ltr'><strong>σύνοδος,</strong></span> <span class='ocrx_word' id='word_1_577' title='bbox 2434 4149 2576 4204; x_wconf 81' lang='grc' dir='ltr'><strong>ὥστε</strong></span> <span class='ocrx_word' id='word_1_578' title='bbox 2604 4148 2675 4202; x_wconf 85' lang='grc' dir='ltr'><strong>τὰ</strong></span> <span class='ocrx_word' id='word_1_579' title='bbox 2695 4149 2848 4221; x_wconf 89' lang='grc' dir='ltr'><strong>παρά</strong></span> <span class='ocrx_word' id='word_1_580' title='bbox 2869 4149 2979 4204; x_wconf 84' lang='grc' dir='ltr'><strong>τῶν</strong></span> <span class='ocrx_word' id='word_1_581' title='bbox 3005 4147 3343 4204; x_wconf 82' lang='grc' dir='ltr'><strong>ἀνατολικῶν</strong></span> <span class='ocrx_word' id='word_1_582' title='bbox 3371 4147 3630 4216; x_wconf 79' lang='grc' dir='ltr'><strong>ἀθέσμως</strong></span> <span class='ocrx_word' id='word_1_583' title='bbox 3651 4146 3750 4198; x_wconf 73' lang='grc' dir='ltr'><strong>καὶ</strong></span> 
     </span>
    </p>
   </div>
   <div class='ocr_carea' id='block_1_89' title="bbox 2159 4239 3749 4317">
    <p class='ocr_par' dir='ltr' id='par_1_89' title="bbox 2159 4239 3749 4317">
     <span class='ocr_line' id='line_1_89' title="bbox 2159 4239 3749 4317; baseline -0.003 -19"><span class='ocrx_word' id='word_1_584' title='bbox 2159 4243 2529 4309; x_wconf 68' lang='grc' dir='ltr'><strong>ἀκανονίστιικ</strong></span> <span class='ocrx_word' id='word_1_585' title='bbox 2557 4245 2644 4314; x_wconf 80' lang='grc' dir='ltr'><strong>ἐφ’</strong></span> <span class='ocrx_word' id='word_1_586' title='bbox 2675 4243 2833 4317; x_wconf 77' lang='grc' dir='ltr'><strong>ὕϐρει</strong></span> <span class='ocrx_word' id='word_1_587' title='bbox 2859 4245 2984 4315; x_wconf 66' lang='grc' dir='ltr'><strong>τῶν</strong></span> <span class='ocrx_word' id='word_1_588' title='bbox 3014 4242 3341 4312; x_wconf 87' lang='grc' dir='ltr'><strong>ἀγιωτάτων</strong></span> <span class='ocrx_word' id='word_1_589' title='bbox 3369 4241 3473 4310; x_wconf 85' lang='grc' dir='ltr'><strong>τῆς</strong></span> <span class='ocrx_word' id='word_1_590' title='bbox 3512 4239 3749 4310; x_wconf 81' lang='grc' dir='ltr'><strong>Ἐκκλη-</strong></span> 
     </span>
    </p>
   </div>
   <div class='ocr_carea' id='block_1_90' title="bbox 2160 4333 3750 4410">
    <p class='ocr_par' dir='ltr' id='par_1_90' title="bbox 2160 4333 3750 4410">
     <span class='ocr_line' id='line_1_90' title="bbox 2160 4333 3750 4410; baseline -0.003 -20"><span class='ocrx_word' id='word_1_591' title='bbox 2160 4337 2283 4400; x_wconf 89' lang='grc' dir='ltr'><strong>σίας</strong></span> <span class='ocrx_word' id='word_1_592' title='bbox 2306 4336 2588 4409; x_wconf 86' lang='grc' dir='ltr'><strong>προέδρων</strong></span> <span class='ocrx_word' id='word_1_593' title='bbox 2636 4336 2908 4410; x_wconf 78' lang='grc' dir='ltr'><strong>Κυρίλλου</strong></span> <span class='ocrx_word' id='word_1_594' title='bbox 2947 4339 3044 4392; x_wconf 77' lang='grc' dir='ltr'><strong>καὶ</strong></span> <span class='ocrx_word' id='word_1_595' title='bbox 3079 4338 3368 4408; x_wconf 67' lang='grc' dir='ltr'><strong>Μέμνονος</strong></span> <span class='ocrx_word' id='word_1_596' title='bbox 3420 4333 3576 4405; x_wconf 76' lang='grc' dir='ltr'><strong>ίσχύν</strong></span> <span class='ocrx_word' id='word_1_597' title='bbox 3619 4350 3750 4387; x_wconf 79' lang='grc' dir='ltr'><strong>τινα</strong></span> 
     </span>
    </p>
   </div>
   <div class='ocr_carea' id='block_1_91' title="bbox 2163 4425 3752 4497">
    <p class='ocr_par' dir='ltr' id='par_1_91' title="bbox 2163 4425 3752 4497">
     <span class='ocr_line' id='line_1_91' title="bbox 2163 4425 3752 4497; baseline -0.001 -17"><span class='ocrx_word' id='word_1_598' title='bbox 2163 4426 2289 4496; x_wconf 83' lang='grc' dir='ltr'><strong>μηδ’</strong></span> <span class='ocrx_word' id='word_1_599' title='bbox 2325 4426 2464 4492; x_wconf 82' lang='grc' dir='ltr'><strong>ὅλως</strong></span> <span class='ocrx_word' id='word_1_600' title='bbox 2507 4426 2671 4497; x_wconf 75' lang='grc' dir='ltr'><strong>ἔχειν.</strong></span> <span class='ocrx_word' id='word_1_601' title='bbox 2700 4427 2922 4482; x_wconf 85' lang='grc' dir='ltr'><strong>Τούτων</strong></span> <span class='ocrx_word' id='word_1_602' title='bbox 2970 4427 3151 4482; x_wconf 89' lang='grc' dir='ltr'><strong>τοίνυν</strong></span> <span class='ocrx_word' id='word_1_603' title='bbox 3181 4426 3403 4482; x_wconf 81' lang='grc' dir='ltr'><strong>πάντων</strong></span> <span class='ocrx_word' id='word_1_604' title='bbox 3451 4426 3511 4492; x_wconf 78' lang='grc' dir='ltr'><strong>ἐξ</strong></span> <span class='ocrx_word' id='word_1_605' title='bbox 3542 4425 3752 4494; x_wconf 78' lang='grc' dir='ltr'><strong>ἀναφο·</strong></span> 
     </span>
    </p>
   </div>
   <div class='ocr_carea' id='block_1_92' title="bbox 475 4498 2059 4592">
    <p class='ocr_par' dir='ltr' id='par_1_92' title="bbox 475 4498 2056 4577">
     <span class='ocr_line' id='line_1_92' title="bbox 475 4498 2056 4577; baseline 0.006 -24"><span class='ocrx_word' id='word_1_606' title='bbox 475 4498 740 4570; x_wconf 80' lang='lat' dir='ltr'><strong>Cyrillum</strong></span> <span class='ocrx_word' id='word_1_607' title='bbox 771 4508 824 4554; x_wconf 89' lang='lat' dir='ltr'><strong>et</strong></span> <span class='ocrx_word' id='word_1_608' title='bbox 845 4498 1189 4558; x_wconf 80' lang='lat' dir='ltr'><strong>Memnonem</strong></span> <span class='ocrx_word' id='word_1_609' title='bbox 1207 4501 1586 4560; x_wconf 79' lang='lat' dir='ltr'><strong>sanctissimos</strong></span> <span class='ocrx_word' id='word_1_610' title='bbox 1631 4502 1893 4562; x_wconf 77' lang='lat' dir='ltr'><strong>Ecclesia:</strong></span> <span class='ocrx_word' id='word_1_611' title='bbox 1916 4521 2056 4577; x_wconf 71' lang='lat' dir='ltr'><strong>prte-</strong></span> 
     </span>
    </p>
   </div>
   <div class='ocr_carea' id='block_1_93' title="bbox 2161 4498 3752 4592">
    <p class='ocr_par' dir='ltr' id='par_1_93' title="bbox 2161 4517 3752 4592">
     <span class='ocr_line' id='line_1_93' title="bbox 2161 4517 3752 4592; baseline -0.002 -20"><span class='ocrx_word' id='word_1_612' title='bbox 2161 4520 2262 4590; x_wconf 78' lang='grc' dir='ltr'><strong>ρᾶς</strong></span> <span class='ocrx_word' id='word_1_613' title='bbox 2295 4518 2342 4551; x_wconf 82' lang='grc'><strong>⁸³</strong></span> <span class='ocrx_word' id='word_1_614' title='bbox 2384 4517 2464 4590; x_wconf 90' lang='grc' dir='ltr'>τῷ</span> <span class='ocrx_word' id='word_1_615' title='bbox 2495 4518 2709 4590; x_wconf 84' lang='grc' dir='ltr'><strong>βασιλεῖ</strong></span> <span class='ocrx_word' id='word_1_616' title='bbox 2762 4519 3031 4592; x_wconf 77' lang='grc' dir='ltr'><strong>Θεοδοσὶῳ</strong></span> <span class='ocrx_word' id='word_1_617' title='bbox 3077 4519 3477 4590; x_wconf 79' lang='grc' dir='ltr'><strong>ἀνενεχθέντων</strong></span> <span class='ocrx_word' id='word_1_618' title='bbox 3505 4518 3577 4583; x_wconf 71' lang='grc'><strong>⁸⁸,</strong></span> <span class='ocrx_word' id='word_1_619' title='bbox 3625 4519 3752 4572; x_wconf 82' lang='grc' dir='ltr'><strong>ἐκε-</strong></span> 
     </span>
    </p>
   </div>
   <div class='ocr_carea' id='block_1_94' title="bbox 476 4592 2056 4665">
    <p class='ocr_par' dir='ltr' id='par_1_94' title="bbox 476 4592 2056 4665">
     <span class='ocr_line' id='line_1_94' title="bbox 476 4592 2056 4665; baseline 0.007 -20"><span class='ocrx_word' id='word_1_620' title='bbox 476 4592 623 4648; x_wconf 86' lang='lat' dir='ltr'><strong>sides</strong></span> <span class='ocrx_word' id='word_1_621' title='bbox 644 4602 850 4662; x_wconf 70' lang='lat' dir='ltr'><strong>praeter</strong></span> <span class='ocrx_word' id='word_1_622' title='bbox 887 4593 1105 4662; x_wconf 89' lang='lat' dir='ltr'><strong>pietatis</strong></span> <span class='ocrx_word' id='word_1_623' title='bbox 1129 4594 1255 4665; x_wconf 87' lang='lat' dir='ltr'><strong>jura</strong></span> <span class='ocrx_word' id='word_1_624' title='bbox 1280 4600 1336 4650; x_wconf 87' lang='lat' dir='ltr'><strong>et</strong></span> <span class='ocrx_word' id='word_1_625' title='bbox 1366 4609 1645 4652; x_wconf 90' lang='lat' dir='ltr'><strong>canonum</strong></span> <span class='ocrx_word' id='word_1_626' title='bbox 1671 4599 2056 4656; x_wconf 88' lang='lat' dir='ltr'><strong>auctoritatem</strong></span> 
     </span>
    </p>
   </div>
   <div class='ocr_carea' id='block_1_95' title="bbox 476 4684 2054 4750">
    <p class='ocr_par' dir='ltr' id='par_1_95' title="bbox 476 4684 2054 4750">
     <span class='ocr_line' id='line_1_95' title="bbox 476 4684 2054 4750; baseline 0.01 -15"><span class='ocrx_word' id='word_1_627' title='bbox 476 4693 762 4750; x_wconf 79' lang='lat' dir='ltr'><strong>attentata,</strong></span> <span class='ocrx_word' id='word_1_628' title='bbox 785 4684 986 4740; x_wconf 89' lang='lat' dir='ltr'><strong>nullius</strong></span> <span class='ocrx_word' id='word_1_629' title='bbox 1011 4686 1238 4741; x_wconf 89' lang='lat' dir='ltr'><strong>omnino</strong></span> <span class='ocrx_word' id='word_1_630' title='bbox 1260 4687 1479 4744; x_wconf 90' lang='lat' dir='ltr'><strong>roboris</strong></span> <span class='ocrx_word' id='word_1_631' title='bbox 1503 4703 1627 4746; x_wconf 90' lang='lat' dir='ltr'><strong>esse</strong></span> <span class='ocrx_word' id='word_1_632' title='bbox 1652 4691 1739 4746; x_wconf 89' lang='lat' dir='ltr'><strong>vel</strong></span> <span class='ocrx_word' id='word_1_633' title='bbox 1755 4690 2054 4750; x_wconf 83' lang='lat' dir='ltr'><strong>ﬁrmitatis.</strong></span> 
     </span>
    </p>
   </div>
   <div class='ocr_carea' id='block_1_96' title="bbox 478 4775 2061 4854">
    <p class='ocr_par' dir='ltr' id='par_1_96' title="bbox 478 4775 2061 4854">
     <span class='ocr_line' id='line_1_96' title="bbox 478 4775 2061 4854; baseline 0.009 -27"><span class='ocrx_word' id='word_1_634' title='bbox 478 4775 668 4844; x_wconf 86' lang='lat' dir='ltr'><strong>Itaque</strong></span> <span class='ocrx_word' id='word_1_635' title='bbox 709 4777 1104 4833; x_wconf 83' lang='lat' dir='ltr'><strong>controversiis</strong></span> <span class='ocrx_word' id='word_1_636' title='bbox 1157 4777 1225 4834; x_wconf 89' lang='lat' dir='ltr'><strong>de</strong></span> <span class='ocrx_word' id='word_1_637' title='bbox 1255 4779 1340 4836; x_wconf 87' lang='lat' dir='ltr'><strong>his</strong></span> <span class='ocrx_word' id='word_1_638' title='bbox 1387 4781 1647 4838; x_wconf 89' lang='lat' dir='ltr'><strong>omnibus</strong></span> <span class='ocrx_word' id='word_1_639' title='bbox 1705 4783 1951 4854; x_wconf 85' lang='lat' dir='ltr'><strong>agitatis,</strong></span> <span class='ocrx_word' id='word_1_640' title='bbox 1993 4801 2061 4842; x_wconf 88' lang='lat' dir='ltr'><strong>ac</strong></span> 
     </span>
    </p>
   </div>
   <div class='ocr_carea' id='block_1_97' title="bbox 477 4867 2060 4944">
    <p class='ocr_par' dir='ltr' id='par_1_97' title="bbox 477 4867 2060 4944">
     <span class='ocr_line' id='line_1_97' title="bbox 477 4867 2060 4944; baseline 0.011 -26"><span class='ocrx_word' id='word_1_641' title='bbox 477 4867 698 4936; x_wconf 76' lang='lat' dir='ltr'><strong>scriptis</strong></span> <span class='ocrx_word' id='word_1_642' title='bbox 719 4867 787 4922; x_wconf 88' lang='lat' dir='ltr'><strong>ad</strong></span> <span class='ocrx_word' id='word_1_643' title='bbox 809 4867 1185 4926; x_wconf 86' lang='lat' dir='ltr'><strong>Theodosium</strong></span> <span class='ocrx_word' id='word_1_644' title='bbox 1209 4870 1597 4944; x_wconf 89' lang='lat' dir='ltr'><strong>imperatorem</strong></span> <span class='ocrx_word' id='word_1_645' title='bbox 1615 4875 1825 4942; x_wconf 88' lang='lat' dir='ltr'><strong>relatis,</strong></span> <span class='ocrx_word' id='word_1_646' title='bbox 1848 4878 2060 4936; x_wconf 90' lang='lat' dir='ltr'><strong>utrius-</strong></span> 
     </span>
    </p>
   </div>
   <div class='ocr_carea' id='block_1_98' title="bbox 478 4961 2056 5038">
    <p class='ocr_par' dir='ltr' id='par_1_98' title="bbox 478 4961 2056 5038">
     <span class='ocr_line' id='line_1_98' title="bbox 478 4961 2056 5038; baseline 0.01 -26"><span class='ocrx_word' id='word_1_647' title='bbox 478 4975 586 5028; x_wconf 79' lang='lat' dir='ltr'><strong>que</strong></span> <span class='ocrx_word' id='word_1_648' title='bbox 627 4961 799 5030; x_wconf 84' lang='lat' dir='ltr'><strong>partis</strong></span> <span class='ocrx_word' id='word_1_649' title='bbox 821 4961 1066 5032; x_wconf 86' lang='lat' dir='ltr'><strong>episcopi</strong></span> <span class='ocrx_word' id='word_1_650' title='bbox 1122 4961 1333 5034; x_wconf 87' lang='lat' dir='ltr'><strong>Cpolim</strong></span> <span class='ocrx_word' id='word_1_651' title='bbox 1373 4965 1598 5023; x_wconf 87' lang='lat' dir='ltr'><strong>tendere</strong></span> <span class='ocrx_word' id='word_1_652' title='bbox 1629 4967 1794 5038; x_wconf 89' lang='lat' dir='ltr'><strong>jussi.</strong></span> <span class='ocrx_word' id='word_1_653' title='bbox 1826 4967 2056 5028; x_wconf 81' lang='lat' dir='ltr'><strong>Conve-</strong></span> 
     </span>
    </p>
   </div>
   <div class='ocr_carea' id='block_1_99' title="bbox 2164 4608 3752 4685">
    <p class='ocr_par' dir='ltr' id='par_1_99' title="bbox 2164 4608 3752 4685">
     <span class='ocr_line' id='line_1_99' title="bbox 2164 4608 3752 4685; baseline -0.003 -21"><span class='ocrx_word' id='word_1_654' title='bbox 2164 4610 2469 4681; x_wconf 82' lang='grc' dir='ltr'><strong>λεύσθησαν</strong></span> <span class='ocrx_word' id='word_1_655' title='bbox 2499 4612 2692 4667; x_wconf 77' lang='grc' dir='ltr'><strong>ἐκτῶν</strong></span> <span class='ocrx_word' id='word_1_656' title='bbox 2710 4611 3038 4685; x_wconf 79' lang='grc' dir='ltr'><strong>ἀμφοτέρων</strong></span> <span class='ocrx_word' id='word_1_657' title='bbox 3067 4611 3251 4683; x_wconf 79' lang='grc' dir='ltr'><strong>μερῶν</strong></span> <span class='ocrx_word' id='word_1_658' title='bbox 3279 4611 3569 4666; x_wconf 85' lang='grc' dir='ltr'><strong>ἐπίσκοποι</strong></span> <span class='ocrx_word' id='word_1_659' title='bbox 3591 4608 3752 4662; x_wconf 79' lang='grc' dir='ltr'><strong>ἀνελ-</strong></span> 
     </span>
    </p>
   </div>
   <div class='ocr_carea' id='block_1_100' title="bbox 2166 4701 3753 4773">
    <p class='ocr_par' dir='ltr' id='par_1_100' title="bbox 2166 4701 3753 4773">
     <span class='ocr_line' id='line_1_100' title="bbox 2166 4701 3753 4773; baseline -0.002 -18"><span class='ocrx_word' id='word_1_660' title='bbox 2166 4701 2279 4756; x_wconf 87' lang='grc' dir='ltr'><strong>θεῖν</strong></span> <span class='ocrx_word' id='word_1_661' title='bbox 2313 4703 2370 4757; x_wconf 83' lang='grc' dir='ltr'><strong>ἐν</strong></span> <span class='ocrx_word' id='word_1_662' title='bbox 2404 4703 2975 4759; x_wconf 82' lang='grc' dir='ltr'><strong>Κωνσταντινουπόλει</strong></span> <span class='ocrx_word' id='word_1_663' title='bbox 2995 4742 3010 4765; x_wconf 91' lang='grc'><strong>,</strong></span> <span class='ocrx_word' id='word_1_664' title='bbox 3033 4705 3141 4758; x_wconf 80' lang='grc' dir='ltr'><strong>,καὶ</strong></span> <span class='ocrx_word' id='word_1_665' title='bbox 3173 4703 3489 4766; x_wconf 81' lang='grc' dir='ltr'><strong>ἀνελθόντες</strong></span> <span class='ocrx_word' id='word_1_666' title='bbox 3525 4704 3592 4773; x_wconf 80' lang='grc' dir='ltr'><strong>τῇ</strong></span> <span class='ocrx_word' id='word_1_667' title='bbox 3626 4717 3753 4753; x_wconf 40' lang='grc' dir='ltr'><strong>συνῆ</strong></span> 
     </span>
    </p>
   </div>
   <div class='ocr_carea' id='block_1_101' title="bbox 2164 4793 3750 4867">
    <p class='ocr_par' dir='ltr' id='par_1_101' title="bbox 2164 4793 3750 4867">
     <span class='ocr_line' id='line_1_101' title="bbox 2164 4793 3750 4867; baseline -0.001 -20"><span class='ocrx_word' id='word_1_668' title='bbox 2164 4794 2358 4866; x_wconf 77' lang='grc' dir='ltr'><strong>εργείᾳ.</strong></span> <span class='ocrx_word' id='word_1_669' title='bbox 2389 4795 2484 4848; x_wconf 82' lang='grc' dir='ltr'><strong>τοῦ</strong></span> <span class='ocrx_word' id='word_1_670' title='bbox 2504 4794 2643 4848; x_wconf 84' lang='grc' dir='ltr'><strong>Θεοῦ</strong></span> <span class='ocrx_word' id='word_1_671' title='bbox 2673 4795 2933 4866; x_wconf 80' lang='grc' dir='ltr'><strong>ἐνίκησαν</strong></span> <span class='ocrx_word' id='word_1_672' title='bbox 2969 4797 3018 4850; x_wconf 91' lang='grc' dir='ltr'><strong>οί</strong></span> <span class='ocrx_word' id='word_1_673' title='bbox 3042 4797 3141 4867; x_wconf 85' lang='grc' dir='ltr'><strong>τῆς</strong></span> <span class='ocrx_word' id='word_1_674' title='bbox 3170 4795 3332 4865; x_wconf 78' lang='grc' dir='ltr'><strong>ἁγίας</strong></span> <span class='ocrx_word' id='word_1_675' title='bbox 3366 4795 3583 4850; x_wconf 85' lang='grc' dir='ltr'><strong>συνόδου</strong></span> <span class='ocrx_word' id='word_1_676' title='bbox 3606 4809 3620 4824; x_wconf 89' lang='grc'><strong>·</strong></span> <span class='ocrx_word' id='word_1_677' title='bbox 3654 4793 3750 4847; x_wconf 72' lang='grc' dir='ltr'><strong>καὶ</strong></span> 
     </span>
    </p>
   </div>
   <div class='ocr_carea' id='block_1_102' title="bbox 2165 4885 3749 4961">
    <p class='ocr_par' dir='ltr' id='par_1_102' title="bbox 2165 4885 3749 4961">
     <span class='ocr_line' id='line_1_102' title="bbox 2165 4885 3749 4961; baseline -0.001 -21"><span class='ocrx_word' id='word_1_678' title='bbox 2165 4886 2509 4960; x_wconf 80' lang='grc' dir='ltr'><strong>κυρωθείσης</strong></span> <span class='ocrx_word' id='word_1_679' title='bbox 2533 4889 2634 4960; x_wconf 78' lang='grc' dir='ltr'><strong>τῆς</strong></span> <span class='ocrx_word' id='word_1_680' title='bbox 2659 4889 3032 4961; x_wconf 84' lang='grc' dir='ltr'><strong>καθαιρέσεως</strong></span> <span class='ocrx_word' id='word_1_681' title='bbox 3051 4890 3375 4960; x_wconf 87' lang='grc' dir='ltr'><strong>Νεστορίου,</strong></span> <span class='ocrx_word' id='word_1_682' title='bbox 3405 4885 3749 4960; x_wconf 79' lang='grc' dir='ltr'><strong>Μαξιμιανδς</strong></span> 
     </span>
    </p>
   </div>
   <div class='ocr_carea' id='block_1_103' title="bbox 2164 4980 3749 5051">
    <p class='ocr_par' dir='ltr' id='par_1_103' title="bbox 2164 4980 3749 5051">
     <span class='ocr_line' id='line_1_103' title="bbox 2164 4980 3749 5051; baseline 0.003 -19"><span class='ocrx_word' id='word_1_683' title='bbox 2164 4981 2553 5050; x_wconf 84' lang='grc' dir='ltr'><strong>χειροτονεῖται</strong></span> <span class='ocrx_word' id='word_1_684' title='bbox 2581 4980 2882 5046; x_wconf 84' lang='grc' dir='ltr'><strong>ἐπίσκοπος</strong></span> <span class='ocrx_word' id='word_1_685' title='bbox 2908 4981 3553 5048; x_wconf 77' lang='grc' dir='ltr'><strong>Κωνσταντινουπόλεως,</strong></span> <span class='ocrx_word' id='word_1_686' title='bbox 3621 4994 3749 5051; x_wconf 80' lang='grc' dir='ltr'><strong>πρε·</strong></span> 
     </span>
    </p>
   </div>
   <div class='ocr_carea' id='block_1_104' title="bbox 1756 5084 2462 5152">
    <p class='ocr_par' dir='ltr' id='par_1_104' title="bbox 1756 5084 2462 5152">
     <span class='ocr_line' id='line_1_104' title="bbox 1756 5084 2462 5152; baseline 0.018 -15"><span class='ocrx_word' id='word_1_687' title='bbox 1756 5084 2010 5145; x_wconf 71' lang='grc' dir='ltr'><strong>ὛΑΒΙᾸΞ</strong></span> <span class='ocrx_word' id='word_1_688' title='bbox 2048 5088 2345 5151; x_wconf 80' lang='lat' dir='ltr'><strong>LECTION</strong></span> <span class='ocrx_word' id='word_1_689' title='bbox 2355 5094 2462 5152; x_wconf 87' lang='lat' dir='ltr'><strong>ES.</strong></span> 
     </span>
    </p>
   </div>
   <div class='ocr_carea' id='block_1_105' title="bbox 546 5168 3747 5268">
    <p class='ocr_par' dir='ltr' id='par_1_105' title="bbox 546 5168 3747 5268">
     <span class='ocr_line' id='line_1_105' title="bbox 546 5168 3747 5268; baseline 0 0"><span class='ocrx_word' id='word_1_690' title='bbox 546 5168 1044 5268; x_wconf 32' lang='lat' dir='ltr'><strong>Kiiiﬁi‘éaﬁ&quot;</strong></span> <span class='ocrx_word' id='word_1_691' title='bbox 1071 5173 1920 5268; x_wconf 47' lang='lat' dir='ltr'><strong>7-32&#39;§:__-7_&#39;_€”9E,€?9?P‘,6,</strong></span> <span class='ocrx_word' id='word_1_692' title='bbox 1963 5183 2503 5268; x_wconf 65' lang='grc' dir='ltr'><strong>,ὀνομάσοέμι.νυ¹εο</strong></span> <span class='ocrx_word' id='word_1_693' title='bbox 2573 5190 2627 5268; x_wconf 65' lang='grc'>1⁸</span> <span class='ocrx_word' id='word_1_694' title='bbox 2646 5191 2969 5268; x_wconf 58' lang='grc' dir='ltr'><strong>,ἀνέρκομμε</strong></span> <span class='ocrx_word' id='word_1_695' title='bbox 3001 5191 3048 5248; x_wconf 80' lang='grc' dir='ltr'><strong>Δ</strong></span> <span class='ocrx_word' id='word_1_696' title='bbox 3085 5206 3137 5247; x_wconf 74' lang='grc' dir='ltr'><strong>ε·</strong></span> <span class='ocrx_word' id='word_1_697' title='bbox 3231 5193 3275 5268; x_wconf 72' lang='grc' dir='ltr'><strong>’ἵ</strong></span> <span class='ocrx_word' id='word_1_698' title='bbox 3307 5191 3747 5268; x_wconf 55' lang='grc' dir='ltr'><strong>παρεσκεύασεν]</strong></span> 
     </span>
    </p>
   </div>
   <div class='ocr_carea' id='block_1_106' title="bbox 477 5237 1054 5305">
    <p class='ocr_par' dir='ltr' id='par_1_106' title="bbox 477 5237 1054 5305">
     <span class='ocr_line' id='line_1_106' title="bbox 477 5237 1054 5305; baseline 0.014 -17"><span class='ocrx_word' id='word_1_699' title='bbox 477 5237 762 5292; x_wconf 80' lang='grc' dir='ltr'><strong>ἐκέλευσεν</strong></span> <span class='ocrx_word' id='word_1_700' title='bbox 788 5255 840 5305; x_wconf 85' lang='lat' dir='ltr'><strong>e,</strong></span> <span class='ocrx_word' id='word_1_701' title='bbox 873 5241 1054 5297; x_wconf 76' lang='lat' dir='ltr'><strong>om.A.</strong></span> 
     </span>
    </p>
   </div>
   <div class='ocr_carea' id='block_1_107' title="bbox 1135 5244 3326 5335">
    <p class='ocr_par' dir='ltr' id='par_1_107' title="bbox 1135 5244 3326 5335">
     <span class='ocr_line' id='line_1_107' title="bbox 1135 5244 3326 5335; baseline 0.011 -39"><span class='ocrx_word' id='word_1_702' title='bbox 1135 5244 1182 5335; x_wconf 55' lang='grc'><strong>⁷⁷</strong></span> <span class='ocrx_word' id='word_1_703' title='bbox 1218 5244 1494 5335; x_wconf 57' lang='grc' dir='ltr'><strong>ίερατικοιξ</strong></span> <span class='ocrx_word' id='word_1_704' title='bbox 1515 5244 1841 5332; x_wconf 44' lang='grc' dir='ltr'><strong>ἀξιώματος.</strong></span> <span class='ocrx_word' id='word_1_705' title='bbox 1857 5244 1940 5335; x_wconf 66' lang='grc' dir='ltr'><strong>Α,⁸</strong></span> <span class='ocrx_word' id='word_1_706' title='bbox 1963 5244 2255 5335; x_wconf 50' lang='grc' dir='ltr'><strong>ίερείτικοῖ</strong></span> <span class='ocrx_word' id='word_1_707' title='bbox 2271 5244 2553 5335; x_wconf 60' lang='grc' dir='ltr'><strong>τάγμσῖτος</strong></span> <span class='ocrx_word' id='word_1_708' title='bbox 2577 5244 3160 5335; x_wconf 16' lang='grc' dir='ltr'><strong>δηλονότῗίᾷξιῶὧιτος</strong></span> <span class='ocrx_word' id='word_1_709' title='bbox 3179 5263 3326 5335; x_wconf 76' lang='lat' dir='ltr'><strong>vulg.</strong></span> 
     </span>
    </p>
   </div>
   <div class='ocr_carea' id='block_1_108' title="bbox 478 5309 3266 5399">
    <p class='ocr_par' dir='ltr' id='par_1_108' title="bbox 478 5309 3266 5399">
     <span class='ocr_line' id='line_1_108' title="bbox 478 5309 3266 5399; baseline 0.002 -18"><span class='ocrx_word' id='word_1_710' title='bbox 478 5309 639 5399; x_wconf 54' lang='grc' dir='ltr'><strong>ρέκζτα</strong></span> <span class='ocrx_word' id='word_1_711' title='bbox 773 5311 1194 5399; x_wconf 53' lang='grc' dir='ltr'><strong>ἥαθαξρειθῆναξ</strong></span> <span class='ocrx_word' id='word_1_712' title='bbox 1223 5309 1393 5399; x_wconf 49' lang='grc' dir='ltr'><strong>νύξε..</strong></span> <span class='ocrx_word' id='word_1_713' title='bbox 1444 5318 1488 5349; x_wconf 76' lang='lat'><strong>&quot;</strong></span> <span class='ocrx_word' id='word_1_714' title='bbox 1505 5309 1882 5399; x_wconf 53' lang='grc' dir='ltr'><strong>ςράνεὲοποιῶν</strong></span> <span class='ocrx_word' id='word_1_715' title='bbox 1912 5309 2548 5399; x_wconf 29' lang='grc' dir='ltr'><strong>ᾹμξρανερῶνξνύἶέΐἾ</strong></span> <span class='ocrx_word' id='word_1_716' title='bbox 2573 5309 3266 5396; x_wconf 48' lang='lat' dir='ltr'><strong>ii&#39;ieiitliviiélﬁidi&#39;oiﬁi</strong></span> 
     </span>
    </p>
   </div>
   <div class='ocr_carea' id='block_1_109' title="bbox 3411 5262 3751 5333">
    <p class='ocr_par' dir='ltr' id='par_1_109' title="bbox 3411 5262 3751 5333">
     <span class='ocr_line' id='line_1_109' title="bbox 3411 5262 3751 5333; baseline 0 -17"><span class='ocrx_word' id='word_1_717' title='bbox 3411 5263 3456 5333; x_wconf 70' lang='grc'><strong>⁷⁸</strong></span> <span class='ocrx_word' id='word_1_718' title='bbox 3483 5262 3751 5333; x_wconf 76' lang='grc' dir='ltr'><strong>καθαιρεέ</strong></span> 
     </span>
    </p>
   </div>
   <div class='ocr_carea' id='block_1_110' title="bbox 2573 5330 3751 5403">
    <p class='ocr_par' dir='ltr' id='par_1_110' title="bbox 2573 5330 3751 5403">
     <span class='ocr_line' id='line_1_110' title="bbox 2573 5330 3751 5403; baseline 0.013 -20"><span class='ocrx_word' id='word_1_719' title='bbox 2573 5331 2933 5403; x_wconf 14' lang='grc' dir='ltr'><strong>⁸¹γκοινωνίας</strong></span> <span class='ocrx_word' id='word_1_720' title='bbox 2962 5330 3124 5388; x_wconf 87' lang='lat' dir='ltr'><strong>codd.</strong></span> <span class='ocrx_word' id='word_1_721' title='bbox 3156 5330 3371 5399; x_wconf 65' lang='lat' dir='ltr'><strong>omnes,</strong></span> <span class='ocrx_word' id='word_1_722' title='bbox 3401 5330 3751 5403; x_wconf 68' lang='grc' dir='ltr'><strong>λειτουργίας</strong></span> 
     </span>
    </p>
   </div>
   <div class='ocr_carea' id='block_1_111' title="bbox 479 5375 3745 5476">
    <p class='ocr_par' dir='ltr' id='par_1_111' title="bbox 479 5375 3745 5476">
     <span class='ocr_line' id='line_1_111' title="bbox 479 5375 3745 5476; baseline 0.006 -39"><span class='ocrx_word' id='word_1_723' title='bbox 479 5375 976 5476; x_wconf 36' lang='grc' dir='ltr'><strong>ξολ-λέξερξσῇ</strong></span> <span class='ocrx_word' id='word_1_724' title='bbox 992 5375 1576 5476; x_wconf 43' lang='grc' dir='ltr'><strong>,Αίὲρῦτξοδξ-ἡηνειιξ.</strong></span> <span class='ocrx_word' id='word_1_725' title='bbox 1637 5375 1686 5476; x_wconf 63' lang='grc' dir='ltr'><strong>ἐξ</strong></span> <span class='ocrx_word' id='word_1_726' title='bbox 1706 5375 2325 5467; x_wconf 32' lang='grc' dir='ltr'><strong>πάντωνῒέξτάῐνᾶᾧξρεξ</strong></span> <span class='ocrx_word' id='word_1_727' title='bbox 2341 5375 2534 5465; x_wconf 55' lang='lat' dir='ltr'><strong>Hui,</strong></span> <span class='ocrx_word' id='word_1_728' title='bbox 2565 5375 3745 5476; x_wconf 41' lang='lat' dir='ltr'><strong>“extremae:“asses:ita;</strong></span> 
     </span>
    </p>
   </div>
   <div class='ocr_carea' id='block_1_112' title="bbox 477 5447 1742 5532">
    <p class='ocr_par' dir='ltr' id='par_1_112' title="bbox 477 5447 1742 5532">
     <span class='ocr_line' id='line_1_112' title="bbox 477 5447 1742 5532; baseline 0.014 -34"><span class='ocrx_word' id='word_1_729' title='bbox 477 5447 525 5477; x_wconf 72' lang='lat'><strong>&#39;“</strong></span> <span class='ocrx_word' id='word_1_730' title='bbox 554 5447 1026 5520; x_wconf 65' lang='grc' dir='ltr'><strong>ἀνενεχθέντωνᾏ</strong></span> <span class='ocrx_word' id='word_1_731' title='bbox 1060 5447 1175 5520; x_wconf 81' lang='lat' dir='ltr'><strong>alii,</strong></span> <span class='ocrx_word' id='word_1_732' title='bbox 1201 5447 1578 5526; x_wconf 73' lang='grc' dir='ltr'><strong>ἀνενεχθεῖσᾶι</strong></span> <span class='ocrx_word' id='word_1_733' title='bbox 1598 5459 1742 5532; x_wconf 86' lang='lat' dir='ltr'><strong>vulg.</strong></span> 
     </span>
    </p>
   </div>
   <div class='ocr_carea' id='block_1_113' title="bbox 1802 5555 2454 5614">
    <p class='ocr_par' dir='ltr' id='par_1_113' title="bbox 1802 5555 2454 5614">
     <span class='ocr_line' id='line_1_113' title="bbox 1802 5555 2454 5614; baseline 0.008 -5"><span class='ocrx_word' id='word_1_734' title='bbox 1802 5555 1944 5611; x_wconf 78' lang='lat' dir='ltr'><strong>JAC.</strong></span> <span class='ocrx_word' id='word_1_735' title='bbox 1977 5555 2185 5612; x_wconf 82' lang='lat' dir='ltr'><strong>COARI</strong></span> <span class='ocrx_word' id='word_1_736' title='bbox 2217 5555 2454 5614; x_wconf 65' lang='lat' dir='ltr'><strong>NOTJE.</strong></span> 
     </span>
    </p>
   </div>
   <div class='ocr_carea' id='block_1_114' title="bbox 552 5630 2060 5718">
    <p class='ocr_par' dir='ltr' id='par_1_114' title="bbox 552 5630 2060 5718">
     <span class='ocr_line' id='line_1_114' title="bbox 552 5630 2060 5718; baseline 0.012 -32"><span class='ocrx_word' id='word_1_737' title='bbox 552 5630 1258 5718; x_wconf 43' lang='lat' dir='ltr'><strong>(tl-5).!Jniversnis‘Qhristum</strong></span> <span class='ocrx_word' id='word_1_738' title='bbox 1289 5640 1453 5718; x_wconf 69' lang='lat' dir='ltr'><strong>Deum</strong></span> <span class='ocrx_word' id='word_1_739' title='bbox 1478 5646 1850 5718; x_wconf 74' lang='lat' dir='ltr'><strong>proﬁtentibus</strong></span> <span class='ocrx_word' id='word_1_740' title='bbox 1868 5665 1888 5713; x_wconf 90' lang='lat'><strong><em>;</em></strong></span> <span class='ocrx_word' id='word_1_741' title='bbox 1921 5664 2060 5718; x_wconf 90' lang='lat' dir='ltr'><strong>quo-</strong></span> 
     </span>
    </p>
   </div>
   <div class='ocr_carea' id='block_1_115' title="bbox 478 5705 2058 5787">
    <p class='ocr_par' dir='ltr' id='par_1_115' title="bbox 478 5705 2058 5787">
     <span class='ocr_line' id='line_1_115' title="bbox 478 5705 2058 5787; baseline 0.013 -34"><span class='ocrx_word' id='word_1_742' title='bbox 478 5716 603 5787; x_wconf 38' lang='lat' dir='ltr'><strong>{Ium‘</strong></span> <span class='ocrx_word' id='word_1_743' title='bbox 639 5705 742 5782; x_wconf 76' lang='lat' dir='ltr'><strong>pia:</strong></span> <span class='ocrx_word' id='word_1_744' title='bbox 787 5705 1126 5761; x_wconf 80' lang='lat' dir='ltr'><strong>confessioni</strong></span> <span class='ocrx_word' id='word_1_745' title='bbox 1159 5726 1273 5787; x_wconf 77' lang='lat' dir='ltr'><strong>_sua</strong></span> <span class='ocrx_word' id='word_1_746' title='bbox 1315 5713 1406 5767; x_wconf 86' lang='lat' dir='ltr'><strong>illa</strong></span> <span class='ocrx_word' id='word_1_747' title='bbox 1442 5705 1760 5787; x_wconf 76' lang='lat' dir='ltr'><strong>blasphcnta</strong></span> <span class='ocrx_word' id='word_1_748' title='bbox 1796 5705 2058 5787; x_wconf 67' lang='lat' dir='ltr'><strong>opposuit</strong></span> 
     </span>
    </p>
   </div>
   <div class='ocr_carea' id='block_1_116' title="bbox 476 5769 2060 5859">
    <p class='ocr_par' dir='ltr' id='par_1_116' title="bbox 476 5769 2060 5859">
     <span class='ocr_line' id='line_1_116' title="bbox 476 5769 2060 5859; baseline 0.011 -33"><span class='ocrx_word' id='word_1_749' title='bbox 476 5769 784 5838; x_wconf 64' lang='lat' dir='ltr'><strong>Nestor-ius,</strong></span> <span class='ocrx_word' id='word_1_750' title='bbox 823 5791 1101 5847; x_wconf 83' lang='lat' dir='ltr'><strong>nunquam</strong></span> <span class='ocrx_word' id='word_1_751' title='bbox 1157 5777 1324 5838; x_wconf 79' lang='lat' dir='ltr'><strong>Deum</strong></span> <span class='ocrx_word' id='word_1_752' title='bbox 1383 5799 1448 5840; x_wconf 84' lang='lat' dir='ltr'><strong>se</strong></span> <span class='ocrx_word' id='word_1_753' title='bbox 1502 5769 2060 5859; x_wconf 12' lang='lat' dir='ltr'><strong>appellartiur&#39;u&#39;nrtfqui</strong></span> 
     </span>
    </p>
   </div>
   <div class='ocr_carea' id='block_1_117' title="bbox 2168 5649 3747 5727">
    <p class='ocr_par' dir='ltr' id='par_1_117' title="bbox 2168 5649 3747 5727">
     <span class='ocr_line' id='line_1_117' title="bbox 2168 5649 3747 5727; baseline 0.005 -23"><span class='ocrx_word' id='word_1_754' title='bbox 2168 5649 2401 5727; x_wconf 84' lang='lat' dir='ltr'><strong>duorum</strong></span> <span class='ocrx_word' id='word_1_755' title='bbox 2437 5663 2530 5727; x_wconf 90' lang='lat' dir='ltr'><strong>au_t</strong></span> <span class='ocrx_word' id='word_1_756' title='bbox 2570 5655 2739 5709; x_wconf 86' lang='lat' dir='ltr'><strong>trium</strong></span> <span class='ocrx_word' id='word_1_757' title='bbox 2773 5659 3046 5712; x_wconf 88' lang='lat' dir='ltr'><strong>mensium</strong></span> <span class='ocrx_word' id='word_1_758' title='bbox 3077 5672 3216 5727; x_wconf 87' lang='lat' dir='ltr'><strong>puer</strong></span> <span class='ocrx_word' id='word_1_759' title='bbox 3245 5667 3410 5714; x_wconf 86' lang='lat' dir='ltr'><strong>natus</strong></span> <span class='ocrx_word' id='word_1_760' title='bbox 3427 5667 3594 5714; x_wconf 86' lang='lat' dir='ltr'><strong>esset.</strong></span> <span class='ocrx_word' id='word_1_761' title='bbox 3628 5658 3747 5714; x_wconf 85' lang='lat' dir='ltr'><strong>Non</strong></span> 
     </span>
    </p>
   </div>
   <div class='ocr_carea' id='block_1_118' title="bbox 2168 5723 3746 5799">
    <p class='ocr_par' dir='ltr' id='par_1_118' title="bbox 2168 5723 3746 5799">
     <span class='ocr_line' id='line_1_118' title="bbox 2168 5723 3746 5799; baseline 0.003 -22"><span class='ocrx_word' id='word_1_762' title='bbox 2168 5736 2301 5799; x_wconf 74' lang='lat' dir='ltr'><strong>ergo</strong></span> <span class='ocrx_word' id='word_1_763' title='bbox 2327 5723 2466 5799; x_wconf 66' lang='lat' dir='ltr'><strong>belle</strong></span> <span class='ocrx_word' id='word_1_764' title='bbox 2495 5724 2766 5799; x_wconf 76' lang='lat' dir='ltr'><strong>Buccard.</strong></span> <span class='ocrx_word' id='word_1_765' title='bbox 2801 5723 3154 5799; x_wconf 71' lang='lat' dir='ltr'><strong>autinterpr.</strong></span> <span class='ocrx_word' id='word_1_766' title='bbox 3191 5731 3394 5784; x_wconf 76' lang='lat' dir='ltr'><strong>cunctis</strong></span> <span class='ocrx_word' id='word_1_767' title='bbox 3419 5729 3746 5799; x_wconf 68' lang='lat' dir='ltr'><strong>theologica:</strong></span> 
     </span>
    </p>
   </div>
   <div class='ocr_carea' id='block_1_119' title="bbox 2168 5792 3335 5863">
    <p class='ocr_par' dir='ltr' id='par_1_119' title="bbox 2168 5792 3335 5863">
     <span class='ocr_line' id='line_1_119' title="bbox 2168 5792 3335 5863; baseline 0.008 -18"><span class='ocrx_word' id='word_1_768' title='bbox 2168 5792 2566 5863; x_wconf 73' lang='lat' dir='ltr'><strong>disquisitionea</strong></span> <span class='ocrx_word' id='word_1_769' title='bbox 2591 5795 3013 5855; x_wconf 78' lang='lat' dir='ltr'><strong>instituentibus.</strong></span> <span class='ocrx_word' id='word_1_770' title='bbox 3049 5792 3335 5857; x_wconf 70' lang='lat' dir='ltr'><strong>Consus.</strong></span> 
     </span>
    </p>
   </div>
  </div>
