4074 6444
287 428 411 493 249

1621 420 2306 486 CHRONOGRAPIIIA.

3496 430 3603 493 250

291 534 680 608 καλουμένους
709 532 1021 604 Φράγκους,
1050 532 1336 597 διαϐάντες
1367 533 1460 586 τὸν
1502 533 1694 604 Ῥῆνον
1722 549 1883 586 ποτα·

2004 531 2248 588 Francos
2279 547 2427 588 nunc
2473 532 2610 588 istos
2636 542 2857 599 vocant,
2891 534 2994 590 sibi
3031 537 3241 604 ascitis,
3275 540 3468 596 Rheno
3497 542 3604 596 llu-

289 630 413 699 μδν,
448 625 767 697 ἡγούμενον
817 624 1034 695 ἔχοντες
1063 625 1430 694 Μοδίγισκλον
1467 627 1532 691 ¹⁷,
1563 627 1895 698 κατῴκησαν

293 726 346 774 ἐν
376 722 617 791 Σπανίᾳ,
652 719 849 792 πρώτῃ
867 719 1004 791 οὔσῃ
1041 721 1141 789 τῆς
1172 719 1444 790 Εὐρώπης
1472 721 1583 773 ἀπὸ
1613 722 1708 774 τοῦ
1737 723 1899 774 ἑσπε-

297 814 408 879 ρίου
454 809 762 862 Ὠκεανοῦ·
795 809 1117 876 Βονιφάτιος
1165 808 1243 873 δὲ,
1300 807 1562 880 φοϐηθεὶς
1615 809 1742 873 τοὺς
1791 809 1898 862 τῶν

300 901 598 968 Ῥωμαίων
620 899 888 969 βασιλεῖς,
923 899 1170 969 περάσας
1225 897 1335 951 ἀπὸ
1381 898 1588 970 Λιϐύης
1628 900 1707 963 εἰς
1747 900 1898 951 Σπα-

286 995 403 1045 νίαν
464 992 616 1062 πρὸς
665 993 796 1056 τοὺς
843 991 1184 1060 Οὐανδήλους
1208 986 1395 1061 ἦλθεν.
1444 992 1554 1044 Καὶ
1595 990 1774 1062 εὑρὼν
1803 992 1896 1044 τὸν

280 1085 664 1154 Βίοδὶγισκλον
685 1086 730 1118 ¹⁸
747 1084 1179 1153 τελευτήσαντα,
1209 1084 1337 1148 τοὺς
1362 1084 1420 1138 δὲ
1444 1085 1656 1138 ἐκείνου
1693 1085 1894 1150 παῖδας

277 1179 549 1250 Γὸνθαρίν
585 1181 632 1212 ¹⁹
665 1195 726 1231 τε
764 1179 860 1232 καὶ
900 1177 1188 1248 Γιζὲριχον
1226 1175 1325 1246 τὴν
1368 1177 1541 1249 ἀρχὴν
1582 1177 1891 1240 διέποντας.

273 1273 503 1336 τούτους
551 1271 1027 1343 προτρεψάμενος
1085 1271 1187 1341 τὴν
1237 1271 1493 1342 ἑσπέριον
1546 1271 1758 1342 Λιϐύην
1813 1274 1891 1336 εἰς

270 1365 395 1436 τρία
447 1366 606 1436 μέρη
664 1364 870 1418 διελεῖν
900 1364 1194 1435 ὑπέσχετο,
1248 1363 1333 1434 ἐφ’
1379 1358 1424 1433 ᾧ
1451 1366 1497 1398 ’⁸
1523 1365 1756 1420 ἕκαστον
1797 1365 1892 1419 τοῦ

266 1456 457 1527 τρίτου
497 1457 720 1527 μέρους
748 1456 948 1528 ἄρχειν
977 1456 1075 1509 σὺν
1101 1455 1272 1527 αὐτῷ,
1308 1459 1465 1528 κοινῇ
1506 1457 1564 1510 δὲ
1589 1457 1894 1527 ἀμύνεσθαι

267 1551 356 1603 τὸν
379 1543 501 1603 οἷον
528 1549 756 1620 δήποτε
791 1549 1081 1620 πολέμιον.
1121 1551 1247 1604 Ἐπὶ
1273 1550 1505 1614 ταύταις
1536 1551 1657 1614 ταῖς
1689 1552 1730 1584 ²¹
1768 1553 1895 1623 ὀμο-

266 1643 484 1714 λογξαις
543 1645 601 1698 οἱ
663 1643 976 1709 Οὺανδῆλοι
1035 1642 1128 1697 τδν
1180 1643 1432 1714 πορθμὸν
1459 1644 1767 1710 διαϐάντες,
1794 1644 1894 1716 τὴν

271 1738 482 1807 Λιϐύην
521 1736 879 1810 κατῴκησαν
912 1737 1022 1791 ἀπὸ
1048 1737 1144 1791 τοῦ
1193 1736 1452 1790 Ὠκεανοῦ
1481 1737 1646 1807 μέχρι
1682 1737 1891 1807 Τριπό-

270 1831 412 1893 λεως
434 1829 542 1900 τῆς
581 1829 736 1884 κατὰ
769 1830 1054 1899 Κυρήνην.
1083 1829 1148 1882 0i
1177 1827 1235 1880 δὲ
1263 1827 1588 1896 ’Υπόγοτθοι
1619 1828 1888 1882 ἀναστάν-

278 1937 374 1984 τες
404 1920 517 1974 bach
550 1920 792 1982 Γαλλίας
817 1920 1138 1991 ἐκράτησαν
1167 1918 1262 1972 καὶ
1306 1918 1410 1990 τὴν
1431 1919 1693 1975 Σπανίαν.
1728 1921 1888 1985 Τινὲς

291 2015 353 2068 δὲ
382 2014 489 2082 τῆς
525 2013 827 2084 συγκλήτου
877 2011 1192 2082 Ῥωμαίων,
1231 2012 1376 2080 φίλοι
1424 2012 1751 2080 Βονιφατίου
1787 2011 1889 2082 τὴν

311 2106 528 2159 Ἀετίου
593 2102 1091 2174 ψευδοκατηγορίαν
1134 2102 1470 2173 ἀνήγγειλάν
1503 2105 1568 2174 τῇ
1598 2103 1886 2174 Πλακιδίᾳ,

297 2199 519 2267 ἐμφανῆ
547 2198 865 2267 ποιήσαντες
899 2197 996 2249 καὶ
1023 2194 1122 2266 τὴν
1149 2195 1287 2266 πρὸς
1314 2196 1636 2262 Βονιφάτιον
1677 2195 1887 2248 ’Δετίου

293 2289 601 2359 ἐπιστολὴν,
644 2287 735 2341 τοῦ
773 2286 1097 2354 Βονιφατίου
1149 2284 1358 2356 ταύτην
1407 2287 1593 2350 αὐτοῖς
1627 2285 1887 2340 ἀποστείο

281 2378 488 2440 ὶαντος.
534 2377 600 2430 Ἦ
623 2377 682 2430 δὲ
711 2376 988 2431 Πλακιδία
1022 2376 1384 2445 ἐκπλαγεῖσα,
1411 2377 1502 2430 τὸν
1543 2377 1642 2449 μὲν
1678 2379 1887 2432 Ἀέτιον

272 2471 425 2525 οωὲν
453 2469 758 2541 ἠδίκησεν,
813 2469 1124 2541 Βονιφατίῳ
1171 2470 1227 2524 δὲ
1284 2470 1444 2539 λόγον
1478 2472 1886 2543 προτρεπτικδν

267 2563 392 2634 μεθ’
425 2563 621 2634 ὅρκων
689 2564 1038 2618 ἀπέστειλεν.
1071 2563 1178 2618 Τοῦ
1205 2563 1263 2617 δὲ
1303 2564 1604 2637 Γονθαρίου
1629 2567 1887 2638 τελευτή-

265 2669 481 2719 σαντος,
517 2653 825 2725 Γιζέριχος
851 2653 962 2708 τῶν
997 2653 1322 2724 Οὐανδήλων
1359 2655 1586 2725 γέγονεν
1613 2658 1886 2730 αὐτοκρά·

258 2761 389 2814 τωρ.
427 2745 778 2814 Βονιφάτιος
799 2741 895 2800 οὖν
912 2745 1003 2799 τὸν
1027 2746 1186 2816 λόγον
1204 2746 1521 2818 δεξάμενος,
1557 2748 1669 2802 τῶν
1703 2750 1884 2802 Οὐαν-

261 2835 436 2908 δήλων
484 2838 1003 2909 κατεστράτευσεν,
1057 2838 1292 2910 στρατοῦ
1344 2839 1582 2909 μεγάλου
1635 2841 1884 2905 ἐλθόντος

263 2930 411 3000 αὑτῷ
444 2931 566 2984 ἀπὸ
613 2948 682 2984 τε
750 2931 974 3003 Ῥώμης
1014 2933 1110 2986 καὶ
1161 2932 1270 2986 ἀπὸ
1327 2932 1647 2998 Βυζαντίου,
1690 2952 1886 3006 στρατ-

264 3021 538 3093 ηγοῦντος
591 3024 912 3094 ’Δσπαρος.
965 3023 1213 3095 Πολέμου
1245 3025 1303 3078 δὲ
1335 3024 1696 3095 κροτηθέντος
1749 3027 1885 3099 πρὸς

269 3113 584 3186 Γιξέριχον,
613 3114 834 3187 ἡττήθη
865 3116 893 3168 ὁ
923 3115 970 3146 ⁸⁸
991 3114 1101 3168 τῶν
1137 3113 1438 3184 Ῥωμαίων
1481 3118 1713 3188 στρατός
1737 3135 1753 3151 ο
1788 3119 1884 3172 καὶ

2003 627 2149 681 mine
2184 625 2430 696 trajectu,
2455 626 2594 680 duce
2617 625 2957 698 Modigisclo,
2987 629 3039 682 in
3065 627 3347 701 Hispania,
3374 649 3498 704 quae
3529 635 3598 689 ab

2001 716 2264 788 Hesperio
2315 734 2520 774 oceano
2572 719 2806 790 Europa:
2843 721 3017 790 prima
3058 724 3208 794 regio
3259 736 3366 786 est,
3409 728 3597 781 sedem

1999 819 2328 878 posuerunt.
2393 810 2712 868 Bonifacius
2777 821 2960 868 autem
3028 815 3098 868 ah
3169 815 3598 886 imperatoribus

2000 899 2266 956 Romanis
2323 901 2429 956 sibi
2461 911 2734 968 metuens,
2778 917 2808 958 e
2861 902 3030 974 Libya
3073 906 3356 976 trajicicns
3387 909 3438 961 in
3473 907 3601 962 His-

1997 993 2217 1062 paniam
2246 994 2316 1049 ad
2352 993 2630 1050 Vandalos
2666 1011 2723 1050 se
2755 996 2978 1066 recepit.
3015 997 3229 1052 Mortuo
3255 1000 3371 1068 jam
3418 1000 3594 1055 Modi-

1995 1085 2184 1154 gisclo,
2212 1085 2536 1140 Gontharim
2573 1095 2629 1141 et
2668 1087 3017 1142 Gizet'ichum
3053 1089 3168 1156 ejus
3196 1091 3340 1146 ﬁlios
3370 1108 3597 1162 regnum

1995 1177 2451 1234 administrantes
2504 1178 2784 1234 oﬂ'endit:
2836 1181 2985 1250 ipsos
3037 1182 3286 1250 pluribus
3344 1183 3595 1238 hortatus

1995 1266 2219 1341 Libyam
2267 1270 2662 1325 occidentalem
2706 1271 2759 1325 in
2819 1281 2928 1326 tres
2970 1284 3153 1341 partes
3179 1289 3237 1328 sc
3285 1274 3593 1329 divisurum

1995 1362 2270 1430 promisit,
2320 1370 2381 1417 ut
2440 1365 2828 1434 unusquisque
2869 1379 3059 1418 secum
3116 1365 3331 1420 tertiam
3383 1377 3592 1436 partem

1993 1451 2272 1508 obtineret
2309 1470 2324 1510 :
2385 1455 2682 1525 cunctique
2716 1455 2880 1510 simul
2922 1455 3302 1512 adversarium
3347 1473 3592 1523 omnem,

1994 1545 2250 1615 quisquis
2283 1547 2372 1602 ille
2403 1546 2565 1614 foret,
2592 1549 3016 1605 ulciscerentur.
3049 1550 3146 1607 His
3181 1552 3593 1611 conditionibus

1995 1637 2248 1701 ﬁrmatis,
2271 1637 2504 1695 Vandali
2534 1643 2824 1713 enavigato
2867 1640 3006 1698 freto
3036 1644 3261 1716 Libyam
3291 1646 3360 1700 ab
3386 1662 3594 1702 oceano

1993 1729 2059 1782 ad
2094 1729 2388 1800 Tripolim,
2425 1747 2546 1802 quae
2589 1743 2674 1790 est
2705 1733 2862 1804 juxta
2894 1734 3184 1807 Cyrenem,
3218 1738 3594 1794 incoluerunt.

1999 1821 2319 1893 Wisigotthi
2351 1839 2572 1895 quoque
2604 1840 2635 1880 e
2657 1825 2831 1880 Gallia
2861 1827 3160 1896 migrantes
3185 1839 3596 1899 occupaverunt

1917 1895 1960 1954 Β
1990 1911 2334 1980 Hispaniam.
2369 1911 2542 1968 Porro
2585 1915 2807 1985 quidam
2853 1933 2919 1971 ex
2948 1895 3229 1974 Romanis
3246 1895 3594 1974 senatoribus

1991 2001 2255 2057 Bonifacii
2282 2003 2443 2057 amici
2460 2001 2613 2058 dolos
2628 2004 2767 2059 Aetii
2796 2015 3131 2076 cunctasque
3147 2006 3266 2077 ejus
3284 2007 3592 2062 calumnias

1990 2092 2244 2148 Placidim
2275 2094 2688 2161 denuntiavere,
2729 2097 2838 2166 82
2869 2107 2923 2152 ct
2959 2096 3243 2153 Bonifacio
3293 2099 3589 2169 epistolam

1992 2183 2165 2254 ipsam
2200 2185 2340 2239 Aetii
2373 2186 2440 2240 ad
2472 2202 2567 2241 eos
2595 2187 2972 2256 submittcnte,
3000 2187 3102 2258 ipsi
3125 2188 3372 2244 eamdem
3398 2187 3582 2243 Placi-

1989 2279 2094 2332 dia:
2151 2277 2403 2332 fecerunt
2458 2278 2806 2333 manifestam
2865 2289 2920 2334 ct
2966 2283 3147 2349 palam
3191 2281 3584 2336 exhibuerunt.

1990 2369 2236 2439 Augusta
2269 2371 2353 2424 his
2381 2371 2668 2436 exterrita,
2703 2372 2918 2427 Actium
2957 2372 3274 2427 nullatenus
3315 2373 3425 2427 ulta
3456 2384 3542 2429 est
3569 2391 3584 2440 ;

1990 2463 2054 2516 ad
2076 2461 2422 2517 Bonifacium
2449 2473 2799 2533 autem,qua3
2814 2463 3051 2518 oﬂicium
3075 2464 3392 2527 suaderent,
3413 2466 3585 2519 etiam

1988 2556 2174 2609 addito
2205 2555 2574 2626 jurejurando
2606 2558 2769 2611 verba
2792 2555 2942 2612 fecit.
2963 2556 3229 2612 Gonthari
3252 2573 3379 2611 vero
3397 2573 3426 2611 e
3448 2558 3588 2613 vivis

1986 2647 2228 2717 sublato,
2254 2645 2628 2703 Vandalorum
2662 2647 2952 2718 imperium
2977 2649 3216 2719 suscepit
3239 2648 3582 2704 Gizerichus.

1988 2739 2306 2796 Bonifacius
2335 2755 2400 2795 ex
2425 2741 2654 2795 adverso
2674 2741 2798 2815 data
2832 2740 2937 2795 [ide
2954 2740 3336 2806 conlirmatus,
3355 2742 3584 2812 copioso

1985 2833 2231 2888 exercitu
2260 2832 2433 2887 Roma
2464 2831 2836 2904 Byzantioque
2859 2834 2960 2888 sub
2983 2835 3194 2904 Aspare
3227 2835 3367 2890 duce
3397 2844 3576 2889 trans-

1987 2930 2177 2991 misso,
2206 2926 2410 2982 bellum
2445 2926 2712 2982 adversus
2754 2924 3029 2981 Vandalos
3064 2925 3252 2981 movit.
3291 2925 3431 2980 lnito
3453 2942 3582 2982 cum

1987 3018 2278 3075 Gizericho
2311 3019 2610 3074 certamine
2637 3016 2898 3072 Romanae
2937 3018 3086 3073 acies
3111 3016 3320 3073 deletze.
3365 3017 3438 3072 Ita
3471 3019 3582 3073 Bo-

1987 3112 2224 3168 nifacius
2261 3127 2386 3168 cum
2417 3111 2629 3181 Aspare
2650 3108 2882 3165 Romam
2916 3109 3220 3178 ingressus,
3247 3110 3322 3164 rei
3353 3112 3582 3164 veritate

272 3205 438 3271 οὕτως
465 3206 804 3278 Βονιφάτιος
826 3207 968 3279 μετὰ
1003 3209 1293 3280 Ἀσπαρος
1322 3209 1402 3272 είς
1447 3208 1665 3281 Ῥώμην
1686 3209 1876 3277 ἐλθὼν,

1987 3206 2234 3276 probata,
2262 3214 2583 3274 conceptam
2609 3203 2675 3259 de
2697 3217 2757 3258 se
2778 3201 3144 3272 suspicionem
3171 3202 3362 3258 diluit:
3396 3203 3579 3256 Africa

271 3299 362 3370 τὴν
389 3299 650 3369 ὑποψίαν
703 3299 953 3354 διέλυσεν
1009 3299 1305 3365 ἀποδείξας
1335 3301 1436 3370 τὴν
1475 3303 1758 3374 ἀλήθειαν.
1809 3306 1875 3357 ’Π

272 3392 326 3446 ἃ
355 3394 608 3467 ’Δφρικὴ
638 3393 746 3447 ὑπὸ
800 3393 1146 3465 Οὒανδήλους
1175 3395 1393 3462 γέγονε.
1427 3395 1560 3449 Τότε
1593 3398 1690 3449 καὶ
1721 3399 1877 3470 Μαρ-

274 3482 458 3546 κιανὸς
494 3481 849 3554 στρατιώτης
901 3481 999 3548 ὣν,
1026 3483 1124 3536 καὶ
1183 3481 1451 3537 δουλεύων
1498 3483 1578 3556 τῷ
1608 3487 1872 3559 Ἀσπαρι,

275 3573 379 3640 ζῶν
407 3573 733 3647 συνελήφθη
766 3574 872 3629 ὑπὸ
917 3573 1227 3648 Γιζερίχου,
1279 3577 1309 3630 ὁ
1343 3577 1483 3648 μετὰ
1519 3577 1691 3632 ταῦτα
1716 3580 1874 3651 βασι-

272 3666 362 3720 λεύ
370 3685 499 3732 σας.

336 3759 404 3816 Δ.
463 3756 545 3814 II.
598 3759 761 3816 5952.
818 3790 892 3800 -—
949 3758 1141 3831 τούτῳ
1189 3759 1267 3832 τῷ
1323 3760 1435 3817 ἔτει
1501 3766 1767 3836 μετετέθη
1813 3767 1873 3820 ἐν

284 3848 676 3920 Ἀλεξανδρείᾳ
703 3849 815 3922 (σο)
868 3850 903 3921 ἡ
952 3849 1086 3920 ἁγία
1141 3850 1354 3924 μάρτυς
1383 3853 1646 3926 Εὐφημία
1679 3858 1786 3928 πρὸ
1812 3858 1870 3924 ἓξ

271 3938 568 3992 καλανδῶν
599 3940 978 4012 Ὀκτωϐρίων.

335 4028 403 4082 Α.
424 4028 938 4103 Η.5953.-Τούτῳ
953 4031 1033 4103 τῷ
1052 4032 1200 4088 ἕτειό
1217 4035 1504 4108 Κάνθαρος
1523 4038 1583 4092 τὺ
1594 4037 1872 4110 βαλανεῖον

270 4121 730 4194 ἐν’Δλεξανδρείᾳ
763 4123 1082 4195 ἐπληρώθη.
1143 4126 1384 4198 Μοναχοὶ
1414 4127 1472 4181 δέ
1502 4147 1649 4196 τινες
1685 4131 1872 4186 ἐλθόν-

265 4229 357 4277 τες
371 4217 1034 4283 ἐνκωνσταντινουπὸλει
1047 4218 1160 4291 (61)
1178 4221 1554 4292 παρηνόχλουν
1565 4225 1642 4295 τῷ
1659 4225 1872 4294 βασιλεῖ

266 4308 410 4360 κατὰ
425 4307 714 4380 Θεοδώρου
726 4308 822 4363 τοῦ
833 4311 1130 4382 γενομένου
1159 4315 1461 4368 ἐπισκόπου
1483 4317 1870 4387 Μοψουεστίας

268 4401 410 4469 μετᾶ
458 4402 700 4456 θάνατον
749 4403 940 4468 αὐτοῦ,
1002 4405 1078 4469 ὡς
1138 4407 1418 4478 αἱρετικὸν
1460 4408 1864 4478 διαὸάλλοντες.

274 4493 332 4548 '0
360 4494 421 4548 δὲ
450 4495 716 4565 βασιλεὺς
744 4497 978 4568 Πρόκλῳ
997 4499 1270 4570 ἐπέτρεψε
1301 4503 1416 4564 τοῖς
1449 4502 1547 4574 τῆς
1571 4504 1866 4576 ’Δνατολῆς

1985 3313 2116 3355 vero
2142 3298 2244 3354 sub
2258 3296 2628 3353 Vandalorum
2651 3302 2923 3366 potestate
2945 3297 3226 3352 remansit.
3252 3294 3388 3350 Tum
3413 3296 3578 3350 etiam

1985 3389 2298 3445 Marcianus
2339 3388 2517 3455 miles,
2553 3387 2782 3456 Asparis
2819 3387 3184 3452 domesticus,
3227 3389 3382 3443 vivus
3410 3404 3441 3442 a
3485 3389 3579 3443 Gi-

1984 3485 2207 3540 zericho
2261 3494 2454 3547 captus
2492 3493 2617 3539 est:
2671 3496 2736 3538 ac
2782 3484 3128 3552 postmodum
3171 3483 3436 3540 successit
3470 3483 3578 3537 im-

1984 3578 2162 3648 perio.

2052 3761 2118 3816 A.
2153 3761 2214 3816 C.
2238 3760 2366 3816 452.
2396 3792 2468 3802 -
2496 3759 2611 3816 Hoc
2639 3775 2785 3815 anno
2809 3769 2998 3816 sancta
3034 3770 3240 3830 martyr
3269 3757 3572 3827 Euphemia

1980 3863 2136 3910 sexto
2166 3852 2438 3908 Kalendas
2471 3849 2726 3907 Octobris
2749 3849 3137 3906 Alexandriam
3169 3850 3433 3904 translata
3459 3857 3568 3904 est.

2049 4041 2119 4094 A.
2157 4038 2221 4095 (Ξ.
2249 4036 2376 4096 45⁸5.
2393 4067 2464 4081 —-
2481 4037 2600 4095 Hoc
2619 4053 2764 4094 anno
2782 4037 3118 4104 Cantharus,
3141 4037 3285 4108 quod
3308 4036 3566 4092 balneum

1979 4130 2083 4187 fuit
2115 4131 2481 4199 Alexandriae,
2516 4133 2824 4205 completus
2863 4140 2966 4188 est.
3000 4131 3172 4186 Porro
3201 4132 3422 4204 quidem
3449 4149 3569 4188 mo-

1977 4227 2140 4282 nachi
2168 4225 2378 4298 Cpolim
2419 4226 2644 4295 profecti
2679 4227 2984 4284 molestiam
3015 4227 3330 4298 imperatori
3360 4225 3568 4282 iniere-

1975 4318 2110 4374 bant
2133 4333 2300 4375 causa
2323 4319 2598 4375 Theodori
2624 4318 2971 4388 Mopsuestia:
2992 4320 3268 4390 quondam
3296 4319 3562 4388 episcopi,

1975 4428 2139 4483 quem
2191 4413 2356 4468 etiam
2400 4421 2522 4483 post
2579 4422 2810 4468 mortem
2861 4412 3086 4468 haeresis
3149 4411 3568 4466 insimulabant.

1973 4507 2276 4578 Imperator
2301 4516 2484 4562 autem
2515 4505 2583 4560 ad
2618 4502 2860 4560 Orientis
2898 4506 3206 4576 episcopos,
3252 4502 3566 4574 inquisitio-

261 4588 600 4652 ἐπισκόποις
657 4589 874 4661 γράψαι
918 4591 1022 4661 τὴν
1070 4591 1299 4663 ζήτησιν
1331 4594 1629 4662 ποιεῖσθαι,
1670 4597 1769 4651 καὶ⁷
1814 4600 1864 4651 εἰ

1986 4616 2096 4656 mem
2127 4600 2344 4672 plenam
2381 4597 2606 4662 instrui,
2641 4607 2695 4652 et
2719 4597 2764 4652 si
2793 4612 2921 4652 vera
2955 4595 3264 4666 proferrent
3284 4593 3565 4657 monachi,

262 4679 636 4750 ἀληθεύουσιν
687 4682 1088 4755 άναθεματίσαι
1149 4686 1447 4758 Θεόδωρον.
1511 4689 1766 4763 Ἰωάννης
1809 4692 1868 4747 δὲ

259 4775 286 4826 ό
341 4775 390 4805 ³³
460 4775 804 4845 ’Δντιοχείας
876 4777 1222 4850 ἀντέγραψεν
1282 4781 1514 4853 Πρόκλῳ
1568 4785 1706 4854 μετά
1767 4787 1864 4857 τῆς

1975 4702 2038 4748 ιιι
2057 4690 2405 4748 Theodorum
2425 4691 2775 4745 anathemate
2801 4689 3045 4754 ferirent,
3067 4687 3261 4742 Proelo
3284 4685 3565 4742 commisit

1975 4797 2035 4842 ut
2060 4787 2344 4841 scriberet.
2380 4783 2622 4840 Joannes
2656 4798 2788 4838 vero
2821 4781 3128 4838 Antiochia:
3165 4786 3456 4851 episcopus
3495 4779 3566 4837 de

262 4865 402 4929 ιδίας
429 4867 483 4898 ’⁸
513 4868 734 4922 συνόδου
767 4869 862 4922 καὶ
887 4869 968 4942 τῷ
992 4869 1210 4942 βασιλεῖ
1226 4870 1544 4942 ὀρθοδοξίαν
1564 4877 1864 4948 μαρτυρῶν

1986 4891 2122 4936 'ecto
2145 4878 2424 4934 Theodori
2449 4893 2616 4934 sensu
2640 4892 2765 4931 cum
2788 4891 2888 4932 sua
2911 4875 3122 4947 synodo
3145 4873 3338 4928 Proclo
3366 4873 3563 4928 rescri-

258 4957 552 5032 Θεοδώρῳ.

1972 4974 2101 5041 psit,
2131 4981 2184 5028 et
2209 4973 2275 5028 de
2307 4971 2500 5027 eadem
2537 4969 2858 5041 imperatori
2891 4970 3048 5025 (idem
3087 4968 3237 5024 fecit.

1545 5101 1779 5160 νΑΒΙίΕ
1817 5107 2223 5165 LECTIONES.

330 5217 378 5300 ‘_"
409 5215 771 5300 Γοδξγισθελογ
798 5235 850 5300 e:
876 5294 887 5300 _
949 5220 994 5253 "
1016 5221 1108 5300 τζιν
1129 5221 1233 5300 μεν
1260 5222 1442 5300 Γοδίγ.
1472 5222 1529 5279 1).
1594 5293 1605 5300 _
1633 5224 1675 5255 ⁸³
1706 5224 1970 5300 Ιξᾷτθαριν
1994 5225 2395 5300 -ῨΓηξέριχον
2416 5242 2470 5282 a.
2567 5228 2614 5260 ²⁰
2641 5228 2728 5298 ἐφ’
2752 5218 2796 5295 ᾧ
2835 5192 2888 5294 «ἑ,
2915 5225 3004 5296 ἐφ’
3037 5220 3112 5280 ὧν
3138 5225 3286 5294 vulg.
3367 5227 3407 5256 "
3435 5227 3559 5288 ταῖς

255 5286 388 5341 add.
431 5287 589 5343 exA.
666 5291 710 5321 η
737 5289 912 5345 dadd.
943 5307 1010 5348 ex
1041 5286 1143 5348 A.‘
1187 5293 1280 5347 "6
1312 5286 1444 5348 add.
1479 5310 1542 5348 ex
1578 5293 1644 5348 A.
1724 5296 1771 5326 ιι
1804 5286 1942 5361 ἰδίας
1976 5298 2044 5362 Α,
2067 5286 2411 5368 ἀγίᾰίνίῑιε.

1591 5431 1732 5488 JAC.
1764 5432 1973 5490 GOARI
2013 5433 2246 5492 ΝΟΤΛΕ.

333 5546 454 5619 (60)
485 5547 747 5626 Eugeniae
778 5551 1020 5626 _martyri
1069 5550 1306 5626 Philippi
1347 5552 1670 5626 Augustalis
1703 5552 1846 5626 ﬁlim,
1877 5556 1930 5616 D
2030 5555 2143 5626 (Gl)
2167 5555 2239 5613 De
2257 5555 2547 5613 Theodoro
2566 5556 2954 5624 Mopsuesteno
2975 5567 3004 5606 a
3025 5551 3221 5626 Proelo
3254 5550 3465 5626 etJoan
3483 5571 3550 5608 ne

255 5619 612 5696 Alexandria:
631 5622 761 5675 olim
778 5619 1302 5696 Romanrprol‘ectie
1323 5639 1428 5693 qua
1449 5619 1500 5696 in
1521 5624 1658 5696 urbe
1679 5619 1845 5680 etiam
1959 5619 2306 5696 Antiocheno
2366 5628 2511 5683 ultro
2571 5619 2818 5696 citraque
2856 5626 3014 5696 datas
3071 5623 3340 5692 epistolas
3368 5623 3551 5696 dedit

258 5691 593 5762 martyrium
621 5707 781 5764 passa
804 5702 909 5753 est,
943 5694 1207 5764 reliquias
1235 5691 1639 5764 Alekandriatn
1658 5696 1844 5762 potius
1958 5695 2283 5755 Vincentius
2333 5697 2604 5754 Ricardus
2663 5691 2743 5750 ad'
2782 5695 2962 5750 Procli
3015 5709 3265 5764 operum
3297 5694 3505 5749 calccn:
3530 5740 3548 5762 ,

259 5761 560 5834 translatas
597 5763 919 5826 arbitrarer,
968 5761 1132 5834 quam
1170 5761 1509 5834 Euphemite,
1556 5761 1713 5834 cujus
1749 5764 1848 5820 dc-

1956 5781 2098 5834 quas
2143 5769 2306 5824 etiam
2359 5768 2777 5823 commentariis
2828 5763 3128 5821 illustravit
3175 5780 3188 5816 :
3238 5763 3306 5820 de
3353 5765 3549 5834 eodem

259 5834 503 5902 positum
544 5833 597 5885 in
630 5847 806 5906 annos
831 5832 1128 5906 sequentes
1154 5832 1844 5893 Chalcedonensiscivitas
1955 5832 2229 5893 Batonius
2261 5837 2478 5896 abunde
2508 5847 2657 5896 tomo
2680 5835 2722 5892 ν
2766 5837 3081 5898 Annalium.
3108 5834 3426 5899 Facundus,
3453 5833 3547 5891 Li-

262 5905 475 5960 diutius
500 5903 821 5960 custodivit.

1952 5907 2200 5978 beratus,
2227 5918 2281 5966 ct
2309 5909 2426 5965 alii.
