4074 6452
213 386 311 450 Ξιτ

1518 370 2196 434 CHRONOGBAPHIA.

3384 371 3491 434 258

216 500 323 552 lia.
366 497 423 550 '0
449 495 505 549 δὲ
536 493 839 555 ἐπίσκοπος
884 495 1175 565 ἀντεδήλου
1231 494 1304 564 μὴ
1346 493 1490 562 ἔχειν
1537 493 1796 562 χρήματα

1905 491 2195 546 dictionem
2231 489 2399 547 misit.
2439 486 2549 543 llos
2580 496 2866 542 aversatus
2903 484 3300 556 Chrysaphius,
3333 495 3503 540 aurea

224 588 543 650 ἀποστεῖλαι,
571 587 635 640 Εἰ
670 588 747 659 μή
776 604 887 640 τισι
920 590 1197 661 χρήσομαι
1224 587 1333 640 τῶν
1367 585 1530 656 ἱερῶν
1560 584 1791 638 σκευῶν.

228 686 416 737 Γίνεται
463 677 560 733 οὖν
616 683 685 733 ἐκ
738 681 935 734 τούτου
988 683 1049 735 οὐ
1080 682 1127 713 ⁸³
1151 681 1323 752 μικρὰ
1366 680 1512 749 λύπη
1547 681 1605 731 ἐν
1646 679 1797 749 μέσῳ

228 773 400 830 αὐτῶν,
466 770 817 840 Πουλχερίας
869 771 1047 826 ταῦτα
1104 770 1180 843 μὴ
1219 766 1442 834 εἰδυίας.
1490 769 1602 824 Καὶ
1628 769 1799 822 ταῦτα

336 861 381 893 ⁸⁸
425 863 489 915 ἐν
544 863 1151 919 Κωνσταντινουπόλει.
1199 865 1287 917 Ἐν
1328 862 1708 933 Ἀλεξανδρείᾳ
1743 862 1801 914 δὲ

220 960 489 1027 Διόσκορος
525 955 699 1021 εὐθὺς
717 958 783 1011 ἐκ
806 958 1108 1029 προοιμίων
1132 959 1261 1021 τοὺς
1291 959 1576 1025 συγγενεῖς
1596 955 1803 1025 Κυρίλ-

214 1052 287 1103 λου
312 1048 529 1119 πορθεῖ,
567 1051 670 1104 καὶ
714 1051 787 1104 τὰ
811 1050 1019 1103 τούτων
1047 1050 1313 1120 ληῖζεται.
1356 1050 1459 1103 Τὸν
1489 1048 1543 1101 δὲ
1577 1047 1800 1113 ἀδελφι-

206 1140 316 1193 δοῦν
348 1138 525 1192 αὑτοῦ
565 1139 617 1169 ⁵⁸
658 1139 981 1198 Ἀθανάσιον
1004 1139 1376 1211 πρεσϐύτερον
1406 1138 1534 1192 ὄντα
1551 1138 1802 1192 καθεῖλεν

199 1231 469 1293 ἀναιτίως,
507 1231 813 1302 δημεύσας
863 1232 1028 1285 αὐτὸν
1076 1233 1341 1301 ἐσχάτως.
1399 1230 1587 1283 Ταῦτα
1626 1230 1802 1282 ἐποίει

199 1322 613 1390 ἐναντιούμενος
630 1326 702 1394 τῇ
721 1322 859 1394 ὀρθῇ
875 1323 1055 1376 πίστει
1068 1325 1108 1354 δτ
1126 1322 1392 1394 Κυρίλλου
1413 1322 1685 1394 αἱρετικὸς
1704 1320 1801 1388 ὢν,

196 1417 243 1480 ἐξ
267 1413 501 1468 ἁπαλῶν
523 1414 756 1485 ὀνύχων
791 1415 864 1470 τὰ
893 1414 1201 1485 Ὠριγένους
1231 1414 1466 1486 φρονῶν.
1502 1416 1739 1486 Ἐνεῖχεν
1758 1417 1803 1448 ’⁵⁸

196 1507 243 1560 δὲ
268 1507 353 1560 καί
380 1506 694 1577 Φλαόιανῷ
738 1508 810 1570 δ’,
876 1507 1014 1561 διότι
1064 1509 1268 1579 μικρὰν
1298 1508 1624 1578 ἐπικουρίαν
1661 1525 1804 1578 παρ-

198 1600 305 1667 έσχε
342 1599 462 1659 τοῖς
522 1598 842 1666 συγγενέσι
883 1597 978 1652 τοῦ
1015 1599 1287 1669 μακαρίου
1333 1599 1629 1669 Κυρίλλου.
1670 1600 1729 1652 '0
1748 1599 1805 1652 δὲ

195 1690 507 1759 Χρυσάριος
560 1692 855 1763 δυσσεϐὴς
890 1693 987 1757 ῶν,
1019 1693 1115 1747 καὶ
1160 1694 1237 1764 μὴ
1298 1693 1485 1763 φέρων
1537 1695 1670 1764 ὁρᾷν
1701 1692 1801 1764 τὴν

193 1783 295 1834 τῶν
329 1782 690 1851 Ἑκκλησιῶν
722 1783 1010 1853 ὁμόνοιαν,
1070 1784 1308 1855 σπουδὴν
1357 1787 1595 1837 ποιεῖται
1636 1784 1803 1848 αὐτὰς

196 1872 445 1942 ταράξαι,
475 1873 574 1925 καὶ.
611 1874 885 1936 παντοῖος
933 1872 1146 1942 γίνεται
1171 1873 1252 1936 εἰς
1289 1872 1351 1926 τὸ
1386 1872 1687 1926 Φλαϐιανὸν
1710 1876 1808 1945 τῆς

209 1964 507 2035 ἐπισκοπῆς
533 1964 804 2031 ἐξεῶσαι,
832 1963 1177 2035 ἔβουλόμενος
1223 1965 1438 2036 Εὐτυχῆ
1480 1965 1529 1996 ⁵⁸
1566 1982 1690 2019 τινα
1718 1967 1811 2036 ἁρ-

222 2056 577 2128 χιμανῦρίτην
603 2056 891 2127 ὁμόφρονα
915 2056 1081 2111 αὑτοῦ
1112 2058 1193 2120 είς
1214 2057 1316 2128 τὴν
1331 2056 1640 2129 ἐπισκοπὴν
1670 2075 1807 2129 προ-

228 2147 599 2218 χειρίσασθαι.
642 2149 741 2203 Καὶ
802 2148 1001 2220 ἐπειδὴ
1047 2148 1385 2220 Πουλχερίας
1417 2150 1463 2182 ⁵¹
1502 2150 1811 2220 κρατούσης

226 2238 335 2291 τῶν
361 2239 696 2310 πραγμάτων
712 2240 880 2293 οὐδὲν
923 2240 1129 2310 ἴσχυεν,
1172 2240 1389 2311 πρῶτον
1426 2242 1811 2314 ὑπεισέρχεται

224 2333 284 2399 τῇ
328 2330 553 2402 Εωοιὲᾳ
616 2331 844 2403 ἀπείρῳ
905 2331 1061 2405 οὔσῃ,
1122 2334 1218 2388 καὶ
1251 2334 1333 2397 είς
1380 2334 1576 2404 φθόνον
1635 2334 1810 2406 αὐτὴν

218 2420 432 2489 ipsae?“
460 2425 612 2477 κατὰ
644 2424 751 2493 τῆς
800 2425 1014 2489 οἰκείας
1070 2424 1302 2497 μητρὸς,
1348 2426 1444 2480 καὶ
1490 2427 1808 2481 ὑποτίθεται

209 2517 333 2584 αὐτῇ
365 2515 699 2586 λοιδορῆσαι
728 2518 778 2549 η
813 2518 987 2588 αὐτὴν
1024 2517 1177 2590 παρὰ
1214 2518 1294 2588 τῷ
1324 2519 1537 2590 βασιλεῖ
1582 2519 1720 2591 πρὸς
1746 2521 1808 2575 τὸ

202 2604 376 2656 λαϐεῖν
397 2605 583 2677 αὐτὴν
620 2607 722 2661 τὸν
758 2606 1125 2679 πραιπόσιτον
1150 2627 1165 2642 ο
1201 2610 1393 2682 ἐπειδὴ
1433 2613 1465 2681 ἡ
1502 2610 1806 2682 Πουλχερία

196 2698 269 2757 εἰς
288 2696 386 2766 τὴν
403 2696 706 2769 διοίκησιν
731 2699 845 2752 τῶν
893 2700 1241 2771 πραγμάτων
1271 2702 1587 2770 ἀναγκαίως
1610 2704 1657 2735 ⁸³
1689 2699 1804 2775 εἶχε

200 2789 275 2840 τὸν
312 2790 705 2860 πραιπόσιτον
749 2791 884 2862 (86).
947 2791 1005 2846 '0
1057 2792 1114 2846 δὲ
1156 2794 1411 2864 βασιλεὺς
1439 2796 1544 2848 ὑπὸ
1571 2795 1675 2866 τῆς
1707 2814 1807 2865 γυο

203 2882 371 2946 ναικὸς
438 2882 863 2954 ἐνοχλούμενος
891 2924 906 2949 ,
956 2885 1327 2955 διαπέμπεται
1381 2887 1523 2958 αὐτῇ
1587 2886 1802 2957 λέγων’

204 2990 219 3021 ι
244 2972 328 3040 Μή
380 2989 446 3025 σε
510 2973 694 3027 τοῦτο
744 2976 965 3048 λυπήσῃ
987 2992 999 3002 ·
1032 2978 1395 3047 πραιπόσιτον
1424 2979 1535 3049 γὰρ
1567 2977 1714 3049 ἔχειν
1743 2996 1803 3033 σε

204 3063 287 3115 οὐκ
328 3063 453 3117 ἐστι
518 3063 809 3119 δυνατόν·
867 3066 987 3120 οὐδὲ
1029 3067 1132 3137 τὴν
1178 3066 1317 3138 ἐμὴν
1346 3065 1584 3138 ἀδελφὴν
1621 3067 1804 3131 καλῶς

213 3154 514 3210 ὃιοικοῦσαν
572 3157 679 3209 καὶ
725 3156 1008 3230 ἐμπείρως
1066 3159 1159 3213 καὶ
1203 3158 1445 3223 εὐσεϐῶς
1478 3158 1591 3229 ἐγὼ
1618 3177 1801 3232 παρα·
1829 3188 1872 3246 C

217 3249 414 3304 στέλλω.
451 3268 473 3302 ι
503 3250 726 3304 Τούτου
776 3251 833 3305 δὲ
872 3251 1161 3324 ἀποτυχὼν
1206 3254 1237 3307 6
1282 3253 1330 3286 ⁸⁸
1356 3254 1678 3325 Χρυσάφιος
1716 3256 1802 3325 ἐφ’

214 3343 385 3412 ἑτέραν
416 3343 770 3415 μετέρχεται
804 3345 1026 3417 σκευὴν,
1058 3346 1154 3401 καὶ
1193 3346 1511 3402 ὑποτίθεται
1537 3350 1605 3420 τῇ
1635 3349 1802 3403 Εὔδο-

215 3433 293 3501 κὶα
309 3432 550 3502 ὁχλῆσαι
578 3433 665 3505 τῷ
692 3433 924 3504 βασιλεῖ,
961 3436 1054 3489 καὶ
1070 3437 1364 3509 ἐπιτρέψαι
1392 3439 1468 3510 τῷ
1486 3440 1801 3512 πατριάρχῃ

216 3525 593 3595 χειροτονῆσαι
630 3526 805 3597 αὐτὴν
856 3526 1127 3594 διάκονον,
1162 3528 1239 3593 ὡς
1275 3530 1634 3602 παρθενεύειν
1659 3534 1801 3605 ᾑρη-

221 3617 369 3687 μένην
386 3618 459 3673 ⁸⁵.
497 3619 619 3672 Καὶ
644 3620 743 3675 ἐπὶ
764 3620 947 3673 πλεῖον
979 3620 1086 3691 τῆς
1125 3621 1391 3687 Εὑδοκίας
1434 3624 1701 3697 ὀχλοάσης
1729 3628 1799 3693 ac,

220 3708 381 3761 Emtae
404 3711 511 3781 τὴν
552 3711 869 3782 κουφότητα
891 3711 986 3765 τοῦ
1035 3712 1325 3784 βασιλέως.
1366 3717 1477 3770 Καὶ
1494 3717 1653 3771 τοῦτο
1675 3736 1803 3791 προ-

225 3805 428 3870 τραπεὶς
466 3805 497 3856 ὁ
522 3804 802 3875 μακάριος
858 3806 1158 3872 Φλαὸιανὸς
1221 3810 1373 3882 παρὰ
1400 3810 1494 3865 τοῦ
1534 3811 1800 3883 βασιλέως

228 3892 446 3964 ἐλυπήθη
482 3893 697 3965 σφόδρα
749 3895 1076 3965 προσλέπων
1116 3897 1187 3953 τὰ
1219 3900 1484 3970 μέλλοντα
1507 3904 1571 3956 ἐκ
1605 3902 1797 3957 τούτου

215 3986 519 4056 ἀναφυῆναι
564 3986 862 4041 σκάνδαλα.
898 3990 1008 4043 Καὶ
1037 3990 1112 4061 τῷ
1135 3990 1235 4062 μὲν
1267 3992 1481 4063 βασιλεί
1508 3994 1795 4064 ὑπέσχετο,

215 4076 273 4144 τῇ
314 4075 372 4127 δὲ
435 4076 752 4148 Πουλχερῐα
799 4077 1050 4149 ἔγραψεν
1111 4082 1450 4150 παρακαλῶν
1507 4083 1678 4153 αὐτὴν
1724 4084 1798 4154 μὴ

214 4166 461 4237 δεχθῆναι
496 4171 581 4232 εἰς
605 4170 900 4240 πρόσωπον
932 4172 1125 4241 αὐτῆς,
1169 4174 1288 4227 Ἵνα
1330 4175 1404 4247 μὴ
1438 4176 1795 4244 ἀναγκασθῶ,

213 4260 391 4327 ςησὶν,
421 4260 539 4313 τῶν
587 4260 902 4315 λυπούντων
946 4280 1003 4315 σε
1047 4263 1253 4336 πρᾶξαί
1291 4283 1368 4321 τι.
1412 4266 1474 4320 Ἡ
1503 4267 1559 4321 δὲ
1596 4269 1659 4320 ἐκ
1688 4268 1797 4321 τῶν

214 4348 535 4414 τραφέντων
566 4349 808 4418 νοήσασα
837 4352 899 4404 τὸ
934 4352 1344 4425 μελετώμενον,
1376 4355 1471 4411 τὸν
1498 4357 1598 4427 μὲν
1629 4376 1796 4429 πραι-

211 4439 428 4491 πάσιτον
460 4441 534 4510 τῇ
563 4440 795 4513 Εὐδοκίᾳ
826 4442 1155 4498 ἀπέστειλεν
1176 4462 1190 4477 ·
1225 4449 1306 4510 εἰς
1334 4447 1393 4501 δὲ
1437 4449 1497 4502 τὸ
1529 4449 1796 4520 Ἕϐδομον

1903 582 2306 638 benedictionis
2357 596 2586 636 munera
2641 581 3026 650 imperatorem
3082 579 3363 648 postulare
3409 594 3499 633 re-

1905 675 2146 746 scripsit.
2179 674 2471 739 Pecunias,
2505 688 2644 744 quas
2676 674 2938 738 mitteret,
2977 672 3081 727 nisi
3121 673 3383 727 conllaret
3430 688 3498 726 ex

1904 770 2079 824 sacris
2124 769 2371 824 ecclesiae.
2396 768 2567 837 vasis,
2597 781 2657 823 se
2687 783 2793 821 non
2826 767 3030 821 habere
3062 767 3249 821 retulit
3283 768 3505 837 episco—

1906 875 2028 928 pus.
2060 859 2138 912 Ex
2175 858 2490 926 hujusmodi
2553 873 2817 928 responso
2868 873 2977 912 non
3029 858 3279 914 modicus
3323 860 3391 913 ab
3422 860 3507 913 iu-

1904 951 2078 1004 vicem
2110 950 2418 1004 animorum
2460 958 2616 1004 ortus
2640 949 2949 1013 dissensus,
2983 948 3143 1017 cujus
3167 949 3234 1003 ad
3259 946 3503 1004 Pulche-

1906 1044 2043 1098 riam
2087 1043 2241 1098 nulla
2288 1043 2465 1098 delata
2510 1042 2725 1097 notitia.
2787 1040 2855 1097 Et
2898 1042 3015 1096 haec
3044 1042 3264 1112 quidem
3323 1043 3500 1113 Cpoli.

1903 1136 2247 1191 Alexandria
2275 1150 2438 1205 porro
2460 1134 2758 1190 Dioscorus
2788 1134 2936 1189 velut
2958 1136 3013 1189 in
3036 1136 3238 1205 arrepti
3260 1137 3504 1190 muneris

1907 1229 2087 1298 primo
2117 1230 2307 1284 limine
2332 1228 2521 1300 Cyrilli
2568 1229 2808 1284 affinium
2844 1228 3132 1285 facultates
3162 1228 3505 1298 depraadatur

1906 1331 1963 1377 et
2016 1337 2210 1377 eorum
2268 1337 2615 1391 quaecunque
2669 1322 2813 1377 bona
2870 1322 3044 1392 rapit:
3101 1322 3501 1377 consobrinum

1905 1414 2272 1469 Athanasium
2322 1414 2624 1486 presbyteri
2676 1414 2941 1486 dignitate
3004 1423 3338 1484 promotum,
3396 1430 3501 1482 pu-

1906 1503 2127 1561 blicatis
2146 1505 2310 1559 etiam
2331 1521 2452 1576 quae
2474 1505 2787 1575 possidebat
2816 1507 3095 1571 omnibus,
3124 1506 3299 1562 ollicio
3321 1522 3501 1563 remo-

1909 1597 2003 1652 vit.
2031 1595 2137 1651 Ista
2178 1598 2397 1667 quidem
2431 1598 2513 1651 vir
2559 1612 2590 1653 a
2613 1599 2819 1653 teneris
2867 1598 3149 1669 unguibus
3185 1599 3499 1663 haereticus,

1907 1695 1962 1742 et
1993 1687 2249 1757 Origenis
2283 1686 2639 1757 opinionibus
2680 1686 2939 1753 infectus,
2981 1696 3181 1742 rectam
3213 1686 3403 1757 Cyrilli
3440 1686 3505 1740 fi-

1908 1782 2031 1836 dem
2064 1795 2381 1845 evcrsurus,
2415 1778 2755 1835 attentabat:
2785 1788 2841 1835 et
2882 1795 2911 1834 a
2942 1778 3223 1843 Flaviano,
3261 1780 3331 1833 ob
3361 1794 3505 1833 non-

1911 1873 2089 1927 nullas
2122 1871 2242 1942 ejus
2284 1870 2536 1925 allinihus
2585 1871 2745 1925 datas
2794 1874 3095 1941 suppetias,
3138 1870 3382 1925 animum
3425 1868 3507 1926 fe-

1910 1964 2065 2020 rebat
2094 1978 2375 2019 aversum.
2409 1964 2521 2034 85
2551 1962 2771 2019 Interim
2802 1963 3203 2036 Chrysaphius,
3239 1979 3363 2018 cum
3396 1964 3504 2018 im-

1910 2057 2163 2126 pietatem
2195 2056 2380 2110 animo
2414 2064 2758 2126 recoqueret,
2809 2070 2910 2111 nec
2961 2055 3321 2111 ecclesiarum
3366 2069 3503 2111 con-

1907 2148 2152 2203 cordiam
2209 2155 2396 2218 posset
2432 2148 2763 2217 conspicari,
2799 2147 3042 2203 studium
3079 2147 3186 2202 illis
3218 2146 3503 2201 turbandis

1908 2239 2150 2303 adhibet,
2181 2254 2247 2294 ac
2276 2247 2338 2293 ut
2381 2238 2703 2294 Flavianum
2744 2239 3060 2309 episcopatu
3099 2239 3339 2308 dejiciat,
3382 2253 3503 2293 om-

1908 2346 2034 2385 nem
2066 2330 2297 2401 Iapidem
2325 2337 2529 2395 movet,
2549 2329 2851 2403 Eutychem
2877 2331 3169 2401 quemdam
3196 2330 3505 2386 archiman-

1906 2424 2131 2487 dritam,
2160 2425 2253 2494 qui
2282 2439 2409 2478 cum
2433 2424 2553 2495 ipso
2580 2424 2722 2479 male
2744 2424 2809 2479 de
2839 2423 2945 2479 [ide
2972 2424 3258 2487 sentiebat,
3288 2422 3502 2493 episco-

1906 2530 2037 2585 pum
2092 2515 2502 2585 prteficiendum
2570 2530 2757 2570 secum
2818 2516 3165 2571 consiliatus.
3228 2514 3501 2581 Quoniam

1912 2624 2063 2672 vero,
2126 2609 2414 2665 Pnlcheria
2483 2624 2667 2664 rerum
2733 2624 3010 2664 summam
3054 2608 3499 2671 administrante,

1914 2701 2065 2757 nulla
2094 2703 2308 2757 valebat
2337 2702 2455 2771 ipse
2482 2702 2833 2769 auctoritate,
2870 2702 2923 2757 in
2949 2702 3138 2757 rudem
3162 2710 3217 2757 ct
3246 2701 3501 2770 inexper-

1905 2803 2021 2850 tum
2070 2792 2327 2849 Eudocia:
2376 2794 2623 2850 animum
2654 2808 2775 2850 sese
2804 2795 3040 2863 primum
3068 2795 3334 2860 insinuat,
3356 2801 3410 2848 et
3442 2792 3498 2848 in

1906 2887 2139 2958 propria:
2184 2886 2378 2941 matris
2412 2886 2710 2957 perniciem
2754 2886 2972 2942 invidia:
3020 2888 3169 2942 faces
3218 2885 3496 2951 accendit.

1905 2979 2066 3048 eique
2092 2978 2355 3048 suggerit,
2391 2986 2451 3033 ut
2476 2993 2598 3033 eam
2630 2978 2775 3048 apud
2805 2978 3191 3048 imperatorem
3218 2975 3497 3046 praepositi

1904 3070 2007 3125 sibi
2064 3069 2371 3124 asciscendi
2420 3068 2528 3125 fine
2559 3079 2751 3141 carpat
2795 3080 2849 3126 et
2893 3070 3106 3126 incuset
3144 3088 3159 3125 :
3206 3068 3498 3124 Pulcheria

1906 3176 2145 3228 namque
2198 3161 2552 3231 conjunctam
2590 3161 2890 3232 prmpostiti
2925 3176 3147 3232 cperam
3180 3160 3231 3215 in
3262 3160 3497 3232 negotiis

1904 3252 2156 3323 gerendis
2187 3253 2494 3309 necessario
2521 3253 2795 3324 exigebat.
2835 3252 3137 3324 imperator
3186 3268 3217 3309 a
3260 3252 3499 3325 conjuge

1905 3345 2191 3400 molestius
2225 3346 2623 3417 interpellatus,
2650 3346 2756 3401 hoc
2774 3346 2841 3401 ad
2864 3361 2984 3400 eam
3012 3360 3336 3416 responsum
3363 3347 3491 3400 dat:

1904 3433 2122 3505 Depone
2172 3436 2339 3491 animi
2374 3437 2737 3503 anxietatem;
2767 3436 3118 3507 praepositum
3167 3437 3313 3491 enim
3353 3435 3496 3491 obti-

1903 3543 2033 3582 nere
2069 3529 2298 3597 nequis:
2336 3543 2517 3599 neque
2548 3543 2797 3584 sororem
2840 3528 3123 3600 praeclare,
3164 3527 3394 3582 solerter
3436 3535 3493 3582 et

1903 3636 2027 3676 cum
2079 3621 2281 3690 pietate
2319 3636 2409 3677 res
2448 3622 2657 3691 imperii
2693 3622 3163 3678 administrantem
3188 3635 3286 3691 ego
3314 3635 3493 3675 remo-

1902 3724 2022 3765 veo.
2079 3710 2307 3767 lntentis
2346 3711 2641 3769 frustratus
2676 3713 3070 3785 Chrysaphius,
3119 3713 3281 3767 aliam
3331 3713 3490 3768 dolo-

1901 3819 2022 3857 rum
2058 3804 2339 3873 componit
2370 3804 2698 3859 machinam.
2746 3803 2833 3860 Fit
2875 3803 3129 3872 Eudociae
3169 3813 3380 3869 auctor,
3429 3812 3491 3860 ut

1902 3893 2021 3964 ipsa
2063 3896 2317 3965 precibus
2362 3896 2746 3967 imperatorem
2776 3895 2982 3967 fatiget,
3015 3912 3081 3952 ac
3123 3895 3486 3961 Pulcheriam,

1902 3993 2162 4055 tanquam
2194 3986 2260 4041 ad
2303 3987 2671 4058 virginitatem
2715 3988 3064 4055 destinatam,
3100 4005 3131 4045 a
3178 3989 3489 4060 patriarcha

1900 4078 2265 4134 diaconissam
2309 4081 2690 4149 ordinandam,
2739 4096 2805 4138 eo
2831 4081 3078 4151 iubente,
3105 4082 3378 4153 impetret.
3408 4082 3488 4137 lta

1901 4168 2144 4224 Eudocia
2196 4169 2249 4224 in
2300 4172 2544 4240 rogando
2590 4172 2955 4243 frequentior,
2991 4181 3045 4226 et
3093 4172 3146 4227 in
3194 4172 3487 4242 postulatis

1901 4263 2187 4333 exigendis
2228 4263 2610 4334 importunior,
2649 4266 2914 4321 leniorem
2969 4266 3316 4337 imperatoris
3368 4266 3488 4321 ani-

1902 4370 2073 4418 mum,
2112 4370 2221 4424 quo
2254 4355 2619 4423 desiderabat,
2650 4357 2902 4428 impellit.
2936 4356 3134 4412 Beatus
3163 4355 3483 4421 Flavianus,

1901 4458 2125 4519 accepto
2155 4449 2501 4518 imperatoris
2527 4449 2708 4520 jusso,
2740 4450 2883 4504 mala
2923 4465 2988 4505 ex
3034 4460 3121 4516 eo,
3164 4449 3208 4503 si
3236 4448 3350 4516 fiat,
3381 4463 3485 4504 ua-

213 4528 501 4592 ἐξελθοῦσα
552 4530 846 4600 ἡσύχαζεν.
885 4532 984 4587 Ἐκ
1035 4535 1229 4590 τούτου
1269 4539 1298 4590 ὁ
1352 4537 1607 4609 βασιλεὺς
1632 4540 1731 4594 καὶ
1760 4543 1793 4610 ἡ

1905 4541 2104 4596 scitura
2135 4542 2435 4611 praesentit,
2464 4550 2517 4596 et
2560 4541 2613 4595 in
2663 4543 2991 4597 anxietatem
3023 4540 3337 4612 conjicitur.
3378 4541 3485 4596 lm-

211 4619 435 4674 Ei’nxfa.
473 4622 685 4694 σφόδρα
717 4626 859 4679 κατὰ
888 4626 1189 4683 Φλαὸιανοῦ
1229 4630 1604 4703 ἐλυπήθησαν,
1645 4633 1717 4697 ὡς
1738 4634 1798 4687 τὸ

1905 4633 2168 4704 peratoris
2211 4642 2391 4687 tamen
2443 4632 2603 4687 dictis
2633 4632 3024 4703 obsequentem
3068 4647 3128 4686 se
3176 4630 3292 4686 fore
3321 4630 3486 4701 polli-

212 4714 514 4784 μυστήριον
539 4715 967 4787 ἐκκαλύψαντος.
999 4720 1113 4790 Τῆς
1143 4722 1199 4775 δὲ
1220 4723 1556 4794 Πουλχερίας
1584 4727 1797 4797 ἡσυχα-

1905 4732 2093 4790 cetur;
2130 4738 2195 4778 ac
2232 4724 2397 4780 simul
2426 4722 2745 4789 Pulcherize,
2780 4739 2847 4779 ne
2890 4725 2944 4779 in
2978 4725 3094 4794 ejus
3129 4736 3482 4795 conspectum

211 4808 424 4878 ξούσης,
458 4809 561 4863 καὶ
585 4811 850 4878 Εὐδοκίας
882 4814 981 4885 τὴν
1007 4814 1287 4886 βασιλείαν
1329 4818 1636 4891 ῑθυνούσης,
1669 4837 1797 4875 συν-

1905 4812 2251 4880 admittatur,
2302 4813 2380 4869 Ne
2418 4812 2630 4880 forsan,
2681 4814 2881 4886 inquit,
2932 4814 3078 4885 quod
3109 4830 3139 4868 a
3173 4823 3222 4871 te
3251 4814 3485 4871 libenter

208 4899 404 4969 ηνέχθη
461 4916 520 4952 τι
592 4901 842 4956 τοιοῦτον
870 4919 886 4934 ’
921 4903 1186 4969 Παυλῖνος
1216 4922 1299 4970 τις
1355 4907 1654 4980 μάγιστρος
1685 4908 1796 4981 (88)

1905 4922 2010 4962 non
2042 4906 2116 4961 sit
2146 4904 2452 4976 ferendum,
2482 4907 2628 4963 circa
2656 4914 2711 4963 te
2741 4906 3021 4977 quidpiam
3048 4908 3272 4979 exsequi
3296 4922 3479 4978 cogar,

1512 5001 1743 5058 VARle
1782 5000 2077 5057 LECTION
2086 5001 2190 5056 ES.

221 5152 228 5162 ⁸
267 5083 399 5166 δέού
424 5099 543 5166 an}.
570 5086 651 5166 A._
715 5087 761 5166 ξ’
792 5088 896 5166 μὲν
922 5089 1052 5166 add.
1078 5104 1151 5166 e_x_'
1318 5096 1365 5166 f'
1395 5094 1562 5149 αὐτοῦ
1604 5096 1731 5152 add.
1760 5115 1825 5151 ex
1853 5096 1918 5150 A.
1997 5094 2041 5166 f7
2073 5094 2171 5165 τὴν
2198 5093 2369 5166 ὀρθὴν
2399 5093 2586 5166 πίστιν
2622 5094 2678 5166 b.
2712 5162 2735 5166 _
2769 5093 2817 5126 ⁸⁸
2851 5093 3079 5166 ἐνεῖχεν,
3101 5091 3227 5166 ᾣΐίο
3256 5090 3481 5166 ἔγκρτον

218 5153 426 5237 ἐνεῖχεν.
468 5153 675 5237 ﬁeret}:
724 5157 763 5237 1.,
793 5153 919 5237 118.
982 5162 1043 5237 *δ’
1067 5164 1384 5237 ,Φλαριανδν
1415 5166 1468 5220 b.
1572 5168 1620 5200 ⁸ο
1650 5167 1864 5237 Εὐτυχῆ
1887 5167 1955 5231 Α,
1997 5153 2246 5237 Εὐτύχὴῦ
2270 5153 2419 5237 vulgi.
2523 5165 2567 5196 "
2596 5162 2823 5237 αὐτῷ-βο
2927 5153 3136 5237 Pharii
3166 5153 3481 5237 λίῗιδδρῆσαι

219 5238 302 5306 ναι.
334 5226 434 5306 Au
488 5226 593 5306 "ﬁ
627 5227 949 5306 “culpam
976 5230 1136 5306 διοίκ.
1168 5234 1281 5306 τῶν
1311 5251 1409 5303 πρ.
1443 5238 1668 5306 ἐκράτει
1703 5226 2021 5292 καῖάνανκ.
2075 5226 2177 5291 ι›.’“
2202 5226 2254 5268 ³⁵⁵
2286 5238 2313 5289 ὁ
2341 5226 2469 5291 add.
2495 5250 2561 5291 ex
2586 5236 2653 5290 A.
2718 5226 2777 5269 ’⁸³
2803 5226 3162 5305 παρθενεύειν
3191 5226 3479 5302 ᾑρημένην

211 5296 264 5355 Α,
289 5294 631 5366 ωρθενείην
651 5294 949 5371 εἰρημένην
973 5302 1115 5373 vulg.
1191 5305 1237 5336 ⁵⁸
1262 5294 1595 5376 ὀχλουμένης
1623 5308 1691 5364 Α.

1534 5398 1677 5456 JAC.
1700 5399 1913 5457 GOARI
1942 5399 2178 5457 NOTAE.

258 5483 385 5562 _(86)
436 5482 732 5568 Tanquam
780 5499 1130 5568 sequestrum
1156 5498 1216 5568 _et
1258 5493 1496 5568 medium
1539 5494 1682 5568 inter
1716 5496 1797 5551 fe-
1977 5497 2090 5568 (87)
2119 5495 2195 5551 De
2229 5495 2516 5566 magistro,
2543 5498 2662 5568 ejus
2696 5508 2864 5568 supra
2895 5491 3475 5568 patriciosdignitate,

205 5560 407 5637 minam
442 5560 701 5637 et_v_iros,
728 5569 855 5637 cum
897 5560 1103 5637 quibus
1137 5560 1206 5637 de
1228 5561 1309 5615 rei
1340 5566 1656 5637 communis
1698 5581 1795 5621 ne-
1897 5575 1952 5622 et
1984 5560 2472 5635 ad'imperatorem
2498 5560 2662 5637 quam
2694 5560 2876 5619 vicina
2898 5560 3092 5637 multa
3138 5565 3304 5637 docte
3342 5560 3479 5637 con;

207 5628 362 5693 guttis
378 5632 838 5708 _eratmtra‘etatns
871 5645 911 5708 ε,
934 5628 1057 5681 Ὑπ¹
1084 5631 1284 5708 ἐκείνῃΔ
1308 5635 1418 5704 γὰρ
1448 5628 1602 5708 οὗτος
1637 5637 1797 5708 em-
1895 5638 2039 5708 gerit
2090 5628 2399 5708 Meursius:
2435 5628 2545 5691 non
2577 5637 2757 5708 placet
2785 5642 2965 5708 autem
3002 5634 3096 5690 ubi
3139 5636 3474 5708 vocabulum

209 5692 339 5756 θετον
375 5694 472 5745 ἀπε
513 5692 578 5763 δὴ
638 5695 979 5777 ὲφξσῖαμὲνῃ
1030 5701 1144 5777 ’ξοῖς
1176 5692 1471 5777 πράῇμόισι
1498 5720 1511 5734 ·
1569 5692 1684 5773 ipsi
1715 5722 1795 5760 γε·
1895 5692 2145 5764 ἔοιίιοτὶε
2173 5705 2440 5777 positum,
2472 5692 2622 5769 eum,
2660 5705 2757 5776 qui
2791 5705 3122 5768 officiorum,
3157 5707 3473 5777 significare

211 5781 316 5843 ram
342 5780 615 5848 summa»:
648 5764 1053 5823 administranti
1083 5764 1552 5839 proxime'aderat
1584 5764 1791 5847 praepo-
1893 5786 2148 5848 autumat
2173 5764 2208 5831 ἐ
2242 5776 2290 5833 is
2331 5764 2477 5833 enim
2522 5764 2700 5843 unus}
2741 5783 2803 5848 at
2836 5791 2945 5831 non
2985 5764 3152 5831 unum
3188 5764 3479 5836 evxstitisso

212 5837 362 5901 εέιιιι,
394 5835 736 5905 ἀνδρόγυνος
767 5850 952 5896 rerum
979 5835 1264 5913 expertus.
1584 5835 1594 5847 ’
1697 5835 1706 5847 ’
1876 5847 2220 5920 magistrum
2274 5848 2412 5919 ipsis
2460 5862 2600 5920 quas
2623 5835 2834 5922 profert
2861 5847 3294 5907 auctoritatibus
3323 5835 3475 5906 com-
