4074 6460
577 387 688 452 263
1972 375 2464 439 THEOPHANIS
3787 380 3898 445 264

577 500 806 566 insuper
854 491 1158 549 Antiochia
1206 497 1550 560 cunctosque
1603 487 1847 545 Orientis
1895 489 2174 560 episcopos

2290 488 2497 560 Δόμνον
2524 487 2618 542 τὸν
2659 488 3018 560 Ἀντιοχείας,
3073 490 3170 544 καὶ
3223 491 3352 555 τοὺς
3380 489 3734 556 ἀνατολικους
3768 492 3899 545 ἐπι-

575 587 947 643 ccclesiastiea
1015 593 1288 657 potestate
1343 581 1473 638 fecit
1509 589 1778 637 extorres.
1839 579 2174 637 Theodosius

2291 583 2528 643 σκόπους
2553 580 2802 645 ἃπαντας
2825 581 2890 636 τ’.
2926 581 3206 646 Θεοδόσιος
3225 582 3284 636 δὲ
3314 585 3343 636 6
3372 583 3633 653 βασιλεὺς
3665 585 3893 655 εὑρίπι-

577 691 760 735 autem
797 681 1118 746 imperator,
1156 676 1210 730 in
1241 688 1631 746 quamcunque
1677 683 1888 744 partem
1941 672 2174 743 impelle-

2294 691 2418 739 στος
2433 675 2478 708 ⁷⁸
2505 670 2596 745 ἦν,
2617 675 2782 728 παντὶ
2809 674 2997 746 ἀνέμῳ
3023 675 3350 746 φερόμενος,
3374 675 3499 730 ὅθεν
3531 676 3626 729 καὶ
3659 676 3892 746 χάρταις

581 784 754 837 retur,
786 771 962 826 facitis
993 770 1126 833 ibat,
1163 776 1216 823 ct
1242 767 1393 822 oinni
1418 767 1742 822 suasionum
1779 776 1944 822 vento
1975 766 2174 823 fereba-

2292 769 2793 838 ἁπαραγνώστοις⁷⁹
2804 769 3067 831 πολλάκις
3081 769 3417 840 ὑπέγραψεν·
3439 772 3497 824 εν
3509 763 3592 834 οἷς
3605 772 3699 824 καὶ
3719 771 3892 824 Πουλ-

578 876 706 920 tur:
743 879 810 918 ex
848 878 957 933 quo
1007 860 1227 917 schedis
1265 860 1468 915 oblatis
1505 859 1674 914 etiam
1709 874 1820 914 non
1855 860 2035 925 lectis,
2088 874 2174 914 sa:-

2293 862 2455 933 χερία
2480 865 2514 933 ἡ
2542 863 2829 934 σοφωτάτη
2871 861 3083 933 δωρεὰν
3139 862 3413 918 ὑπέϐαλεν
3453 863 3892 934 ἀπαράγνωστον

576 959 696 1028 pius
756 969 1086 1011 consensum
1156 961 1211 1008 et
1271 953 1731 1024 subscriptionem
1772 953 2006 1023 adjecit:
2048 953 2174 1008 inter

2295 954 2648 1026 ἐκχωροῦσαν
2667 953 2804 1026 πρὸς
2836 952 3082 1007 δουλείαν
3099 951 3365 1008 Εὑδοκίαν
3384 953 3483 1026 τὴν
3505 955 3757 1026 γαμετὴν
3781 955 3890 1008 αὑ·-

575 1064 714 1119 quas
749 1049 1123 1113 donationem,
1160 1062 1269 1117 qua
1309 1047 1413 1102 sibi
1468 1046 1670 1116 conjux
1695 1047 1816 1116 ejus
1846 1045 2088 1102 Eudocia
2128 1047 2174 1100 in

2292 1046 2411 1114 τοῦ,
2436 1048 2532 1101 καὶ
2553 1046 2838 1117 ὑπέγραψε
2872 1047 2942 1111 ⁸ο,
2979 1045 3133 1116 παρὰ
3167 1045 3504 1117 Πουλχερίας
3537 1046 3888 1110 ὀνειδισθείς.

575 1143 890 1198 servitutem
945 1139 1321 1205 addicebatur,
1355 1153 1454 1193 nec
1485 1139 1590 1194 levi
1635 1138 1957 1209 oculijactu
2009 1139 2248 1206 agnitam
2315 1140 2674 1196 solertissima
2715 1123 3038 1196 'Pulchcria
3091 1140 3413 1210 supposuit;
3479 1141 3566 1197 cui
3639 1143 3893 1201 subseri-

572 1241 679 1308 psit
705 1239 812 1301 ille,
850 1237 1044 1291 merito
1070 1235 1267 1290 deinde
1290 1236 1361 1291 ob
1386 1236 1700 1290 facilitatem
1729 1237 1957 1291 nimiam
1981 1250 2011 1290 a
2035 1236 2323 1293 Pulcheria
2357 1237 2744 1308 reprehensus.

647 1337 761 1392 lloc
807 1336 998 1389 eodem
1038 1348 1185 1387 anno
1233 1333 1558 1389 Gizerichus
1590 1335 1767 1389 auctis
1802 1332 2173 1389 Vandalorum

2347 1334 2441 1406 Τῷ
2495 1333 2540 1388 δ’
2599 1334 2749 1405 αὑτῷ
2779 1334 2888 1388 ἔτει
2936 1333 3223 1407 Γιζέριχος
3267 1334 3346 1406 τῷ
3385 1333 3738 1404 Οὑανδαλικῷ
3764 1335 3885 1407 (94)

575 1428 752 1496 copiis
785 1429 1060 1496 potentior
1108 1425 1289 1481 factus
1311 1467 1326 1491 ,
1362 1435 1523 1479 terra:
1556 1426 1833 1495 marisque
1859 1433 1912 1479 et
1939 1424 2174 1495 plurium

2281 1427 2477 1499 πλήθει
2498 1428 2666 1490 πολὺς
2713 1428 3028 1499 γενόμενος,
3075 1432 3168 1483 καί
3232 1430 3380 1500 ῥῆγα
3411 1427 3648 1491 καλέσας
3682 1429 3880 1484 ἑαυτὸν

576 1523 884 1578 insularum
941 1519 1207 1574 Romanis
1237 1520 1391 1590 prius
1443 1519 1818 1589 subjectarum
1870 1518 2174 1589 principatu

2281 1519 2383 1590 γῆς
2402 1536 2461 1572 τε
2493 1521 2585 1574 καὶ
2619 1519 2918 1590 θαλάσσης,
2943 1520 3038 1574 καὶ
3065 1520 3249 1591 νήσων
3279 1521 3323 1550 ⁸¹
3357 1517 3569 1572 πολλῶν
3587 1520 3701 1582 τοῖς
3738 1519 3881 1572 Ῥω-

576 1623 820 1682 arrepto,
859 1626 1041 1681 regem
1074 1625 1135 1666 se
1177 1611 1354 1679 ipsum
1387 1609 1758 1664 renuntiavit:
1791 1625 1860 1664 ex
1892 1624 2002 1680 quo
2041 1624 2174 1665 mo:-

2289 1613 2474 1683 μαίοις
2518 1611 2798 1665 ὑποτελῶν
2851 1612 3164 1684 κατασχὼν,
3204 1612 3393 1666 ἐλύπει
3441 1611 3533 1665 τὸν
3569 1612 3875 1668 Θεοδόσιον.

575 1720 670 1759 ror
702 1705 870 1758 animi
895 1702 1209 1758 Theodosio
1237 1705 1494 1758 incussus
1519 1717 1537 1756 :
1564 1701 1659 1773 qui
1689 1701 1840 1758 mille
1867 1715 1920 1758 et
1959 1714 2174 1757 centum

2282 1704 2392 1756 Καὶ
2417 1703 2737 1758 ἀποστέλλει
2760 1703 2939 1773 χιλίας
2967 1703 3012 1734 ⁸³
3033 1705 3229 1756 ἑκατὸν
3259 1702 3492 1765 ὁλκάδας
3521 1701 3661 1772 μετά
3717 1702 3876 1757 δυνά-

577 1797 863 1850 onerarias
903 1797 1231 1848 uaves'cum
1266 1794 1471 1864 ingenti
1516 1795 1894 1849 Romanorum
1929 1795 2174 1849 exercitu

2287 1810 2434 1865 μεως
2493 1795 2811 1865 Ῥωμαῖκῆς
2870 1792 3214 1864 Ἀρεοὸίνδου
3271 1793 3365 1846 καὶ
3406 1791 3608 1845 ’Λσὺλα
3657 1793 3705 1824 ⁸⁸
3758 1794 3866 1864 (95)

578 1887 911 1950 Areobindo,
947 1886 1148 1956 Asylaz,
1179 1886 1507 1951 lnnobindo,
1534 1886 1801 1942 Arintheo
1821 1894 1875 1942 et
1903 1885 2174 1942 Germano

2281 1885 2378 1939 καὶ
2436 1885 2750 1939 Ἰννοϐίνδου
2802 1887 2898 1938 καὶ
2945 1883 3226 1956 ’Δρινθέου
3289 1885 3384 1936 καὶ
3437 1883 3723 1954 Γερμανοῦ
3763 1885 3868 1938 τῶν

577 1981 813 2035 ducibus
867 1979 1164 2034 commisit.
1235 1977 1372 2033 Tam
1423 1978 1600 2033 valida
1662 1978 1827 2049 igitur
1875 1979 2051 2035 classe
2110 1980 2174 2036 ad

2283 1977 2608 2050 στρατηγῶν
2643 1977 2712 2032 ⁸⁸.
2747 1977 2969 2048 Ταύτης
2993 1973 3087 2031 οὑν
3119 1977 3220 2047 τῆς
3240 1975 3527 2046 δυνάμεως
3551 1977 3619 2046 τῇ
3637 1976 3876 2066 ,Σικελίᾳ

578 2071 781 2126 Siciliae
807 2086 932 2125 oras
964 2070 1290 2140 appellente,
1320 2068 1645 2125 Gizerichus
1674 2070 1972 2126 exterritus
1993 2071 2059 2126 de
2077 2070 2179 2126 fm-

579 2161 800 2217 deribus
831 2175 957 2214 cum
986 2159 1298 2215 Theodosio
1330 2159 1606 2224 ineundis,
1641 2158 1970 2229 legationem
2003 2161 2174 2216 misit.

648 2253 715 2306 Α.
739 2251 804 2308 C.
825 2249 952 2306 442.
977 2280 1050 2290 -
1077 2249 1298 2321 Cpoleos
1325 2250 1554 2320 episcopi
1592 2248 1829 2305 Anatolii
1850 2267 2026 2305 annus
2054 2255 2173 2321 pri-

578 2361 722 2399 ntus.

651 2435 952 2491 Antiochia
977 2436 1210 2506 episcopi
1244 2433 1474 2488 Maximi
1503 2451 1675 2489 annus
1707 2435 1934 2506 primus.

649 2528 765 2598 88
796 2526 910 2582 lloc
941 2541 1088 2582 anno
1107 2543 1197 2582 res
1225 2526 1477 2597 proprias
1495 2527 1814 2581 accuratius
1834 2527 2173 2598 perpendens

580 2619 949 2685 Theodosius,
979 2629 1036 2676 et
1065 2635 1126 2676 se
1157 2618 1493 2690 Chrysaphii
1515 2619 1801 2675 fraudibus
1821 2619 2172 2675 circumven-

580 2725 697 2770 tum
726 2729 1056 2786 agnoscens,
1089 2715 1156 2769 de
1193 2712 1380 2783 impiis
1407 2715 1462 2766 in
1486 2711 1812 2767 Flavianum
1847 2713 2174 2784 perpetratis

581 2806 885 2861 seelcribus
915 2813 969 2860 et
990 2805 1250 2860 admissis
1272 2804 1327 2858 in
1353 2804 1599 2872 reliquos
1621 2804 1913 2874 episcopos
1949 2804 2172 2873 injuriis

582 2913 862 2953 summum
893 2897 1065 2952 animi
1092 2897 1344 2966 concepit
1373 2897 1648 2952 dolorem.
1699 2895 1757 2951 In
1796 2897 1935 2950 iram
1982 2898 2172 2967 itaque

581 3006 970 3061 prorumpens,
1004 2991 1189 3062 primo
1211 2989 1622 3062 Chrysaphium
1659 2991 1713 3044 in
1745 2991 2044 3061 quamdam
2086 2993 2172 3045 in-

2279 2073 2782 2143 προσορμηθείσης,
2809 2070 3184 2139 καταπλαγεὶς
3198 2072 3226 2124 6
3242 2069 3528 2139 Γιζέριχος
3567 2067 3876 2139 πρεσϐεύε-

2278 2183 2368 2220 ται
2407 2165 2673 2235 Θεοδοσίῳ
2706 2166 2836 2234 περὶ
2855 2163 3121 2218 σπονδῶν.

2347 2259 2413 2314 Α.
2450 2257 2520 2314 Μ.
2550 2255 3495 2323 5942.-Κωνστιιντινουπόλεως
3518 2255 3877 2310 ἐπισκόπου

2290 2351 2541 2406 Ἀνατολ
2549 2351 2642 2406 Ιου
2671 2352 2808 2417 ἔτος
2837 2347 2910 2404 α’.

2365 2443 2724 2514 Ἀντιοχείας
2755 2442 3097 2497 ἐπισκόπου
3121 2441 3399 2511 Μαξίμου
3431 2441 3570 2508 ἔτος
3593 2439 3668 2494 α’.

2346 2537 2535 2608 Τούτῳ
2583 2536 2664 2606 τῷ
2715 2535 2825 2589 ἔτει
2878 2534 3336 2605 ἐπιλογισάμενος
3393 2531 3708 2596 Θεοδόσιος,
3770 2528 3872 2584 καὶ

2278 2629 2446 2696 γνοὺς
2481 2628 2678 2682 ἑαυτὸν
2717 2626 3074 2698 ἀπατηθέντα
3104 2625 3210 2680 ὑπὸ
3234 2626 3336 2696 τῆς
3369 2623 3680 2694 Χρυσαφίου
3713 2639 3858 2676 παν-

2276 2723 2524 2794 ουργίας,
2557 2722 2810 2775 ἐλυπεῖτο
2838 2722 2968 2791 περὶ
2991 2720 3090 2790 τῆς
3118 2723 3197 2783 εἰς
3223 2717 3518 2771 Φλαΰιανὺν
3538 2717 3852 2786 γεγενημέ-

2275 2835 2374 2887 νης
2406 2815 2662 2878 ἀσεϐείας
2693 2816 2788 2868 καὶ
2835 2815 2938 2885 τῆς
2965 2815 3048 2877 είς
3099 2814 3228 2876 τοὺς
3279 2812 3498 2874 λοιποὺς
3528 2808 3867 2872 δπισκόπους

2275 2909 2511 2972 ἀδικίας.
2565 2909 2675 2960 Καὶ
2739 2906 3132 2976 ἀγανακτήσας
3190 2904 3422 2974 σφόδρα,
3489 2901 3703 2973 πρῶτον
3765 2900 3872 2970 μὲν

2277 3003 2598 3073 Χρυσάφιον
2630 3000 2894 3072 ἐξώρισεν
2921 2997 3033 3072 (96)
3067 2998 3146 3062 είς
3173 3015 3296 3051 τινα
3327 2999 3510 3068 νῆσον.
3549 2995 3630 3064 Τῇ
3672 2992 3732 3046 δὲ
3761 2992 3872 3045 Εὑ-

581 3085 760 3140 sulam
795 3085 1011 3156 ablegat
1043 3103 1057 3140 :
1093 3092 1209 3139 tum
1251 3084 1309 3138 in
1366 3083 1668 3140 Eudoeiam
1716 3085 1956 3154 graviter
1986 3084 2172 3157 objur-

2281 3095 2434 3166 δοκίᾳ
2470 3093 2798 3163 ἐπιφέρεται
2818 3091 3068 3164 σφοδρῶς
3097 3090 3319 3145 πάντων
3343 3090 3454 3142 τῶν
3477 3085 3664 3142 κακῶν
3687 3085 3875 3139 αἰτίαν

584 3185 791 3248 gatam,
826 3177 1099 3231 malorum
1148 3176 1396 3231 onmium
1449 3176 1748 3231 auctricem
1784 3191 1905 3231 eam
1957 3177 2168 3242 dicens,

581 3285 705 3340 qua:
731 3269 1077 3325 Pulcheriam
1112 3268 1236 3323 aula
1269 3267 1546 3338 cjecisset,
1577 3269 1772 3324 durius
1793 3269 2088 3336 invehitur,
2119 3279 2175 3325 et

582 3374 648 3414 ea
670 3359 916 3430 insuper,
969 3375 1091 3431 quae
1123 3359 1268 3414 circa
1313 3360 1608 3416 Paulinum
1668 3360 2008 3426 acciderant,
2046 3377 2171 3416 cum

582 3451 803 3522 probris
835 3451 1044 3521 objicit.
1071 3452 1165 3506 Illa
1198 3452 1502 3522 desperatis
1542 3451 1596 3506 in
1650 3451 1814 3507 rebus
1851 3449 2173 3523 Hierosoly-

583 3559 729 3598 mam
762 3560 822 3599 se
874 3544 1074 3599 dimitti
1128 3557 1283 3616 rogat
1319 3565 1332 3601 :
1373 3544 1691 3616 Severoque
1745 3547 2076 3617 presbytero
2121 3557 2176 3601 ct

580 3635 797 3692 Joanne
820 3637 1053 3692 diacono
1087 3638 1251 3693 sociis
1277 3639 1492 3696 itineris
1535 3639 1802 3709 acceptis,
1860 3637 2180 3710 Hierosoly-

583 3747 728 3787 mam
793 3731 992 3787 tendit.
1035 3731 1166 3788 lllos
1216 3743 1397 3788 autem
1461 3731 1530 3786 ad
1576 3747 1697 3786 eam
1751 3731 2094 3802 frequentius
2123 3734 2178 3786 in

585 3824 723 3880 urbe
758 3827 916 3895 prius
968 3826 1160 3892 itasse,
1208 3835 1264 3881 et
1313 3825 1476 3880 modo
1522 3840 1648 3880 cum
1679 3839 1743 3880 ea
1783 3823 2180 3894 Hierosolymis

584 3919 844 3988 reperiri,
879 3933 944 3973 ac
1000 3920 1225 3988 insuper
1272 3919 1527 3990 pluribus
1579 3918 1648 3974 ab
1677 3933 1739 3974 ea
1770 3917 1932 3973 donis
1989 3917 2178 3988 augeri

587 4011 820 4066 audiens
861 4012 1178 4081 imperator,
1217 4013 1406 4067 missis
1451 4013 1671 4077 litteris,
1729 4011 1908 4081 capite
1951 4011 2174 4066 tnultari

584 4103 752 4173 jussit
781 4121 794 4158 :
827 4115 945 4159 tum
972 4103 1192 4159 demum
1216 4105 1430 4160 beatam
1463 4105 1808 4158 Pulcheriam
1834 4103 2022 4159 multis
2053 4117 2174 4174 pre-

588 4196 746 4252 cibus
784 4196 1133 4253 sollicitatam
1175 4197 1394 4251 reduxit
1427 4197 1480 4252 in
1517 4199 1703 4252 aulam
1740 4214 1754 4251 :
1786 4212 1911 4267 quae
1960 4205 2174 4252 extem-

588 4289 677 4358 plo
713 4288 995 4343 mandavit
1027 4287 1329 4358 Ephesum,
1365 4288 1459 4357 qui
1483 4287 1658 4343 sancti
1690 4285 1935 4342 Flatnani
1971 4300 2174 4356 corpus

2280 3187 2449 3257 αὑτὴν
2487 3185 2807 3251 ἀποκαλῶν,
2837 3185 2910 3248 ὡς
2935 3184 3030 3238 καὶ
3057 3181 3398 3255 Πουλχερίαν
3427 3181 3540 3234 τῶν
3576 3177 3873 3250 βασιλείων

2278 3277 2679 3343 ἀποδιώξασαν,
2735 3277 2852 3346 ἅμα
2907 3276 2963 3329 δὲ
3010 3277 3108 3330 καὶ
3153 3274 3222 3328 τὰ
3268 3275 3410 3327 κατά
3465 3273 3558 3326 τὸν
3597 3271 3874 3324 Παυλῖνον

2276 3371 2551 3436 ὀνειδίζων
2590 3372 2755 3440 αὑτῇ.
2794 3369 2858 3421 Ἦ
2905 3367 2964 3421 δὲ
2996 3365 3315 3435 ἀπογνοῦσα
3363 3364 3747 3436 παρεκάλεσεν
3777 3364 3874 3414 ἐπὶ

2277 3465 2346 3518 τὰ
2407 3463 2762 3535 Ἱεροσόλυμα
2814 3461 3155 3530 ἀπολυθῆναι
3205 3459 3414 3528 αὑτήν.
3460 3458 3574 3510 Καὶ
3622 3454 3869 3508 λασοῦσα

2282 3555 2400 3626 μεθ’
2437 3554 2638 3622 ἑαυτῆς
2672 3552 2912 3620 Σευῆρον
2942 3549 3033 3603 τὸν
3069 3546 3453 3619 πρεσϐύτερον
3479 3545 3574 3598 καὶ
3615 3543 3870 3611 Ἰωάννην

2279 3649 2370 3701 τὸν
2403 3648 2671 3709 διάκονον,
2714 3641 2881 3716 ἦλθεν
2921 3643 3000 3704 είς
3041 3639 3415 3712 Ἰεροσόλυμα.
3459 3637 3568 3689 Καὶ
3623 3633 3803 3706 μαθὼν
3839 3635 3868 3684 ὁ

2277 3739 2554 3812 βασιλεὺς,
2576 3739 2660 3790 ὅτι
2683 3732 2892 3790 cii-tm"
2910 3734 3004 3787 nati.
3026 3733 3086 3786 ὲν
3115 3733 3181 3802 τῇ
3206 3731 3360 3783 πόλει
3386 3729 3522 3799 αὐτῇ
3548 3726 3862 3797 ὲσύχναζον,

2279 3831 2373 3884 καὶ
2395 3831 2452 3882 ὲν
2490 3825 2893 3898 Ἰεροσολύμοις
2929 3825 3048 3894 μετ’
3086 3823 3259 3893 αὑτῆς
3289 3821 3422 3882 εἱσι,
3449 3818 3546 3872 καὶ
3570 3817 3744 3869 πολλά
3775 3815 3875 3868 αὑ-
3911 3884 3930 3896 ⁸

2276 3923 2394 3985 τοῖς
2450 3920 2730 3991 δωρεῖται,
2784 3915 3114 3979 ἀποστείλας
3165 3911 3578 3980 ἀπεκεφάλισεν
3643 3907 3875 3970 αὑτούς.

2279 4015 2416 4068 Τότε
2444 4016 2472 4067 6
2511 4011 2763 4082 βασιλεὺς
2791 4011 2889 4080 τὴν
2909 4009 2956 4041 ⁸⁸
3003 4005 3283 4079 μακαρίαν
3321 4001 3664 4072 Πουλχερίαν
3697 3997 3883 4052 πολλὰ

2281 4103 2700 4173 παρακαλέσας,
2733 4101 2944 4172 ἤγαγεν
2973 4099 3052 4162 είς
3091 4095 3160 4149 τὰ
3193 4093 3445 4167 βασίλεια
3467 4106 3482 4123 ο
3515 4090 3640 4160 ἥτις
3662 4086 3884 4149 εὐθέως

2281 4195 2652 4252 ἀποστείλασα
2679 4195 2760 4258 είς
2792 4193 3032 4261 Ἔφεσον
3072 4189 3227 4262 (97),
3282 4187 3493 4258 ἤγαγεν
3526 4183 3588 4238 τὸ
3617 4181 3884 4251 λείψανον

2280 4289 2378 4344 τοῦ
2410 4288 2569 4358 ἀγίου
2599 4284 2906 4340 Φλαϐιανοῦ
2925 4301 2941 4316 ο
2991 4283 3087 4338 καὶ
3124 4281 3265 4354 μετὰ
3293 4278 3622 4351 δορυφορίας
3650 4275 3741 4329 διὰ
3770 4273 3887 4342 τῆς

587 4394 961 4456 asportarent,
993 4385 1238 4456 illudque
1276 4400 1477 4456 magno
1514 4399 1732 4456 pompa:
1777 4383 2040 4440 satellitio
2079 4397 2174 4454 per

2287 4381 2463 4453 μέσης
2494 4379 2862 4450 ἑκκομίσασα,
2908 4375 3110 4446 ἔθαψεν
3136 4375 3194 4428 ὲν
3229 4375 3342 4436 τοῖς
3391 4371 3570 4442 ἁγίοις
3605 4364 3887 4423 ’Δποστό-

1864 4564 2103 4622 VARIJE
2150 4559 2554 4620 LECTIONES.

664 4687 705 4717 ⁷⁷
735 4683 1005 4756 ἃπαντας]
1030 4687 1270 4747 ἀπόντας
1299 4687 1351 4740 h.

1450 4686 1498 4719 ⁷⁸
1545 4685 1864 4756 εὑρίπιστος
1906 4684 1975 4748 Α,
2043 4683 2370 4756 εὑρέπιστος
2421 4680 2572 4756 vuig.

2674 4679 2719 4711 "
2768 4674 3255 4749 ἀπαραγνώςτοις,
3291 4672 3360 4749 ᾼν
3421 4662 3890 4749 ἐξπαεέαγνίὶιστεικ

595 4732 1380 4827 νηιςῖ’ἒῖςδὲῖξῶξ’ᾆῖίιῖτέᾰξά
1407 4732 2020 4827 θᾱάἶιῖἷῖἵζρῆᾢῖλ,
2285 4732 3043 4827 νιιῖεξξδῖχιλίαςλχιλὶἁδξας
3067 4746 3191 4827 Α.-.
3206 4732 3274 4827 δ’,
3299 4732 3636 4827 ’Ᾱνσίλα-Ξὶί
3688 4734 3738 4767 ⁸⁸
3764 4732 3891 4788 τῶν

595 4825 918 4897 στρατηγῶν
949 4828 1015 4894 Α,
1039 4827 1134 4880 τοῦ
1169 4825 1482 4897 στρατηγοῦ
1516 4827 1665 4897 vulg.

1739 4817 1966 4879 ⁸⁸ὀὺτοι
2006 4817 2186 4879 καῖεν
2214 4841 2274 4876 π.
2314 4817 2661 4887 Α,ὀὺτοι”ὲν
2695 4817 2850 4873 πόλει
2894 4818 3039 4888 vulg.

3147 4815 3192 4848 “
3221 4814 3323 4885 τὴν
3353 4810 3478 4868 add.
3507 4823 3576 4865 ex
3600 4805 3670 4864 Δ.

1909 4939 2054 4998 JAC.
2086 4940 2299 4998 GOABI
2339 4939 2571 4995 NOTAL'.

665 5041 778 5109 (94)
811 5039 1106 5097 Theodosii
1129 5039 1536 5112 expeditionem
1559 5049 1686 5097 ante
1719 5049 1928 5112 septem
1967 5054 2166 5112 annos,

591 5111 735 5182 Cyro
787 5114 1013 5184 consule
1042 5111 1211 5184 solo,
1243 5122 1555 5184 susceptam
1606 5112 1780 5184 refert
1837 5111 2076 5184 Prosper
2105 5111 2172 5184 in

592 5180 798 5237 Chron.
825 5201 838 5238 :
874 5182 1196 5238 Theodosius
1219 5180 1505 5252 imperator
1534 5183 1727 5237 bellum
1749 5180 2179 5252 contrajVanda-

594 5253 673 5306 los
701 5265 889 5319 ntovet,
922 5255 1246 5317 Areobinda,
1295 5250 1352 5308 et
1400 5255 1679 5316 Anaxilla,
1713 5262 1870 5323 atque
1911 5250 2178 5305 Germano

595 5325 818 5378 ducibus
845 5342 962 5379 cum
995 5343 1188 5395 magna
1210 5325 1378 5379 classe
1398 5325 1613 5378 directis
1646 5343 1664 5379 :
1703 5325 1792 5394 qui
1840 5323 2009 5395 longis
2047 5337 2178 5395 cnn-

595 5397 919 5467 ctationibus
950 5393 1216 5467 negotium
1249 5393 1804 5467 di/ferentesLStci’liw
1827 5394 1992 5464 magis
2006 5393 2178 5467 oneri,

597 5481 754 5536 quam
779 5466 973 5535 Africa:
997 5464 1250 5536 prazsidio
1285 5464 1522 5536 fuerunt.
1559 5465 1623 5518 Et
1652 5481 1797 5519 anno
1818 5464 2179 5536 succedente:

601 5533 883 5605 Exercitus
915 5533 1005 5605 qui
1042 5541 1094 5592 in
1119 5533 1310 5592 Sicilia
1345 5535 1682 5599 morabatur,
1730 5538 1798 5589 ad
1825 5535 2183 5604 defensionem

604 5603 962 5659 Orientalium
1007 5609 1242 5676 partium
1309 5607 1610 5663 revertitur.
1682 5607 1817 5661 Cum
1885 5605 2187 5660 Geisericlto

601 5685 776 5748 autem
815 5676 881 5729 ab
930 5677 1167 5748 Augusto
1207 5677 1582 5734 Valentiniano
1611 5692 1720 5748 pas:
1767 5678 2107 5746 conﬁrmata,
2139 5686 2189 5729 et

600 5747 761 5820 certis
787 5748 975 5820 spatiis
1012 5747 1198 5818 Africa
1226 5750 1362 5803 inter
1395 5747 1676 5820 utrumque
1695 5748 1868 5802 divisa
1899 5757 1999 5820 est.

672 5815 785 5890 (95)
815 5815 1002 5885 ‘Quem
1037 5815 1348 5874 Anasillam
1399 5815 1600 5889 nuper’
1623 5821 1848 5890 scripsit
1899 5817 2136 5886 Prosper
2166 5837 2177 5869 :

601 5886 869 5959 Ausilam,
899 5900 955 5946 ut
981 5891 1070 5948 hic
1124 5891 1354 5947 ’Λσὺλαν
1386 5886 1604 5961 quoque
1634 5886 1976 5963 pronuntiari
2030 5898 2181 5945 notat

2279 5036 2818 5176 Ροῗὲἒξιίξὶῖιοηὶοοη
2855 5101 3008 5176 Alex.
3041 5111 3189 5176 anno
3219 5090 3524 5176 Theodosii
3540 5089 3638 5176 42,
3656 5094 3710 5143 et
3736 5085 3899 5176 uiti-

2288 5155 2708 5244 ιιιὸἒἺΕῐςξρἇγή
2739 5155 3040 5244 Χρυσάφης
3061 5173 3089 5223 6
3129 5165 3433 5244 σπαθάριος
3477 5163 3558 5224 εἰς
3587 5161 3688 5244 τῂν

2285 5231 2386 5301 ταν
2431 5231 2819 5306 Μελάντιόὶδος·
2865 5231 3185 5311 Inierlccttts
3233 5231 3697 5304 est'Chrysaphius
3748 5243 3900 5296 spa-

2290 5319 2496 5372 tliarins
2515 5316 2584 5388 at!
2617 5330 2829 5385 portam
2853 5310 3231 5388 Μείιιιιιξιιιίὶεἒ
3402 5376 3414 5388 _

2363 5365 2495 5461 lilii
2516 5365 2802 5461 Ῑθίένῖἐιῇἰξ
2828 5365 3030 5461 corpus
3064 5380 3346 5461 Marciano
3402 5365 3898 5461 imperantecglf:

2290 5439 2675 5526 reiiitu‘rnvipsa
2709 5439 2998 5511 Pulcheria
3031 5452 3098 5508 ad
3130 5450 3370 5528 Leonem
3402 5439 3670 5528 scripsit:
3707 5439 3896 5528 .Super

2285 5533 2395 5586 lucc
2426 5521 2605 5583 autent
2648 5530 2784 5583 sciat
2839 5538 2932 5580 tua
2985 5523 3270 5598 sanctitas,
3310 5521 3566 5598 quoniam
3608 5521 3893 5598 pragcemo

2289 5603 2462 5656 nostri
2485 5600 2704 5662 domini,
2742 5609 2793 5652 ct
2827 5589 3568 5664 tranquillissimi_principis
3614 5589 3713 5636 mei
3753 5597 3905 5661 core-

2280 5673 2428 5743 jngis
2489 5673 2542 5725 in
2568 5661 2858 5741 gloriosam
2912 5661 3180 5720 ciuitatem
3219 5661 3331 5718 (ΞΡ.
3384 5669 3583 5736 sancite
3611 5667 3902 5734 memorta:

2294 5742 2547 5797 Flaviani
2595 5740 2824 5810 episcopi
2855 5752 3046 5805 corpus
3097 5735 3328 5788 allatum
3377 5738 3456 5784 cst
3484 5744 3502 5781 :
3548 5721 3897 5810 ιιιΒαδιίιοα

2292 5795 2700 5882 apostolorum,
2753 5795 2811 5863 in
2858 5795 2980 5879 [qua
3035 5795 3896 5882 consueveruntoprazdeccssores

2289 5878 2520 5953 episcopi
2579 5882 2811 5952 sepeliri,
2847 5885 3199 5947 competenter
3233 5884 3309 5931 est
3338 5878 3589 5941 positum.
