4074 6464
317 420 425 487 313

1611 438 1709 498 CH
1719 438 2291 515 RONOGRAPHIA.

3483 465 3588 528 31‘

487 534 831 634 δὲὲεοντίας
852 539 917 603 ’⁸,
944 541 1175 612 Βερίνης
1207 543 1309 613 μὲν
1339 544 1629 617 θυγατρὸς,
1667 548 1894 619 ἀδελφῆς

2012 558 2230 626 quidem
2290 562 2430 626 filim,
2464 564 2825 634 imperatricis
2882 582 3021 622 vero
3061 568 3327 627 Arcadum
3379 575 3589 631 sororis

316 624 372 677 δὲ
415 625 710 695 ’Δρεάδνης
745 628 847 698 τῆς
900 630 1201 700 βασιλίδος,
1252 634 1615 690 ἐπανίσταται
1647 640 1791 693 κατὰ
1841 641 1904 693 τὸ

316 716 617 780 Βυζάντιον
654 720 863 788 Ζήνωνι
892 721 968 792 τῷ
1019 722 1248 792 βασιλεῖ,
1291 727 1367 790 ὼς
1414 728 1554 798 μετὰ
1598 732 1699 800 τὴν
1746 731 1902 802 βασι-

312 806 465 861 λείαν
495 808 729 873 Λέοντος
763 814 1121 885 γεννηθείσης
1154 817 1413 882 Λεοντίας
1450 820 1551 888 τῆς
1590 822 1757 876 αὑτοῦ
1800 842 1902 894 γα·-

315 899 505 967 μετῆς.
552 899 612 952 'H
639 902 748 971 γὰρ
790 903 1053 976 Ἀρεὰδνη
1095 907 1201 976 πρὸ
1236 909 1331 963 τοῦ
1367 910 1688 980 βασιλεῦσαι
1736 916 1901 969 αὐτὸν

310 989 533 1061 ἐτέχθη.
581 993 826 1062 Πολέμου
853 996 909 1049 δὲ
952 999 1214 1069 κραταιοῦ
1264 1003 1469 1070 μεταξὺ
1516 1006 1765 1073 Ζήνωνος
1807 1011 1901 1063 καὶ

310 1082 642 1153 Μαρκιανοῦ
674 1087 1052 1158 κρατηθέντος,
1084 1095 1213 1165 νικᾷ
1241 1096 1559 1165 Μαρκιανὸς
1588 1100 1730 1152 κατὰ
1758 1101 1897 1172 κρά-

311 1193 401 1239 τος
429 1178 645 1241 πάντας
678 1180 978 1245 συνελάσας
1006 1184 1134 1245 τοὺς
1171 1187 1302 1256 περὶ
1344 1189 1571 1259 Ζήνωνα
1614 1192 1695 1254 εἰς
1730 1209 1897 1263 φρου-

321 1270 411 1339 ρὰν
442 1270 523 1331 είς
554 1269 623 1323 τὰ
648 1268 916 1340 βασίλεια,
940 1266 1379 1347 συμμαχούντων
1409 1280 1557 1351 αὐτῴ
1581 1281 1895 1353 Ῥωμύλλου

324 1360 411 1413 καὶ
438 1361 752 1429 Προκοπίου
790 1364 884 1417 τοῦ
923 1366 1152 1435 ἀδελφοῦ
1186 1369 1373 1424 αὐτοῦ.
1409 1372 1518 1425 Καὶ
1556 1374 1753 1445 μικροῦ
1784 1375 1895 1431 δεῖν

314 1454 373 1507 τὸ
404 1452 683 1521 βασίλειον
707 1456 750 1487 ³⁷
786 1459 1074 1528 κατέσχεν.
1111 1462 1484 1533 Ὀλιγωρήσας
1520 1466 1577 1519 δὲ
1608 1466 1721 1519 τῶν
1752 1484 1897 1537 πρα-

306 1543 551 1613 χθέντων
574 1548 669 1599 καῖ⁵
694 1551 774 1611 είς
792 1550 982 1605 δεῖπνα
1008 1555 1101 1606 καὶ
1124 1552 1291 1608 ὕπνον
1320 1558 1568 1625 τραπεὶς,
1596 1559 1823 1624 πολλοὺς
1848 1562 1892 1593 ⁸⁸

304 1637 360 1691 δὲ
388 1638 482 1693 διὰ
507 1640 610 1710 τῆς
650 1642 842 1706 νυκτὸς
884 1645 1204 1716 ἀφαιρεθεὶς
1242 1647 1353 1701 τῶν
1390 1648 1540 1721 αὐτῷ
1584 1654 1891 1724 συμμάχων

304 1729 412 1783 ὑπὸ
433 1732 611 1785 Ἰλλου
637 1734 940 1806 μαγίστρου
959 1736 1152 1809 δώροις
1178 1740 1376 1806 αὐτοὺς
1396 1744 1802 1812 ύποπιάσαντος
1822 1750 1888 1815 ’⁸,

301 1823 631 1879 ἐλαττοῦται
659 1829 723 1897 τῇ
755 1829 901 1900 μάχῃ
925 1830 969 1862 ³⁰
995 1832 1135 1885 κατὰ
1161 1833 1259 1904 τὴν
1286 1835 1482 1906 ἑφεξῆς
1508 1838 1783 1905 τοσοῦτον,
1812 1842 1887 1905 ὡς

300 1917 385 1979 si;
419 1916 484 1969 τὸ
509 1917 621 1970 τῶν
678 1919 1017 1976 Ἀποστόλων
1062 1924 1355 1997 εὐκτήριον
1401 1934 1746 1999 καταφυγεῖν
1791 1934 1888 1986 καὶ

302 2007 413 2060 ὑπὸ
456 2009 716 2063 ’Δκακίου
746 2013 1194 2085 χειροτονηθῆναι
1222 2018 1593 2093 πρεσϐύτερον
1626 2025 1769 2076 κατά
1794 2025 1890 2077 κέ-

299 2096 493 2152 leuata
538 2103 806 2172 Ζήνωνος,
852 2106 947 2159 καὶ
998 2106 1303 2178 ὲξορίςεται
1336 2114 1416 2176 είς
1471 2114 1530 2167 τὸ
1572 2115 1614 2146 ³¹
1669 2117 1889 2168 Παπου-

301 2187 426 2261 ρίου
458 2191 503 2222 ³⁸
536 2194 822 2248 καστέλλιν
862 2198 941 2261 είς
996 2200 1417 2257 Καππαδοκίαν.
1470 2207 1776 2275 Προκὸπιος
1832 2208 1890 2261 δὲ

302 2281 403 2333 καὶ
445 2281 758 2351 Ῥωμύλλος
785 2286 834 2338 oi
869 2287 1088 2357 ἀδελφοὶ
1126 2290 1289 2344 αὐτοῦ
1326 2295 1389 2363 τῇ
1420 2296 1574 2348 νυκτὶ
1606 2296 1890 2367 λουόμενοι

303 2373 388 2434 είς
440 2373 502 2426 τὸ
549 2376 860 2440 Ζεύξιππον
909 2381 1284 2453 ἐχειρώθησαν
1332 2385 1437 2439 ὑπὸ
1477 2388 1671 2454 Ἰλλου,
1709 2389 1759 2443 οἳ
1798 2392 1893 2445 καὶ

299 2464 662 2535 διαφυγόντες
684 2472 782 2540 τὴν
823 2473 1045 2545 Ῥώμην
1070 2458 1392 2533 κατέλαόον.

374 2560 445 2614 Δ.
478 2562 550 2615 Μ.
593 2563 753 2618 5972.
792 2596 859 2605 —
909 2568 1097 2639 Τούτῳ
1119 2572 1196 2641 τῷ
1242 2572 1352 2626 ἔτει
1393 2574 1752 2631 ἐϐουλεύσατο
1782 2580 1892 2632 ’Ἱλ-

297 2646 396 2712 λος
422 2651 536 2721 (10)
575 2655 602 2707 ὁ
637 2656 935 2728 μάγιστρος
959 2659 1036 2729 τῷ
1063 2661 1275 2729 βασιλεῖ
1306 2664 1533 2734 Ζήνωνι,
1558 2667 1707 2731 ὅπως
1730 2668 1891 2740 Βερίο

298 2764 407 2815 νην
438 2746 542 2814 τὴν
572 2748 842 2819 πενθερὰν
882 2752 1047 2806 αὐτοῦ
1075 2754 1281 2825 ὶκόἀλῃ
1311 2754 1358 2788 ³⁸
1389 2758 1489 2827 τῆς
1519 2759 1747 2822 πόλεως.
1784 2762 1893 2815 Καὶ

297 2835 445 2906 δόλῳ
480 2838 587 2889 τινὶ
614 2837 839 2908 πέμψας
868 2841 1041 2913 αὐτὴν
1069 2846 1151 2908 είς
1191 2846 1535 2917 Χαλκηδόνα,
1566 2851 1685 2920 μετ’
1712 2851 1892 2919 ὀλίίον

298 2926 384 2988 είς
419 2926 484 2979 τὸ
511 2927 825 2999 [Ιαπουρίου
856 2932 1146 2985 καστέλλιν
1173 2936 1377 3006 ταύτην
1406 2939 1729 2992 ἀπέστειλεν
1766 2958 1892 2992 συν-

297 3016 516 3084 διάγειν
542 3020 850 3093 Μαρκιανῷ
892 3024 989 3076 καὶ
1032 3026 1263 3098 Δεοντίᾳ
1288 3030 1356 3099 τῇ
1391 3029 1499 3100 ἰδίᾳ
1543 3030 1794 3101 θυγατρί.
1828 3032 1893 3084 Ἠ

298 3108 361 3161 δὲ
414 3109 625 3180 ἔγραψε
665 3112 804 3181 πρὸς
849 3115 948 3184 τὴν
1000 3116 1137 3170 ἰδίαν
1177 3118 1223 3150 ³⁸
1270 3118 1547 3193 θυγατέρα
1599 3121 1895 3194 Ἀρεάδνην

2009 649 2336 716 maritus,ad
2367 652 2575 722 Cpolim
2609 655 2876 711 adversus
2902 655 3175 713 Zenonem
3204 660 3588 730 imperatorem

2005 740 2204 795 bellum
2254 754 2434 798 movet
2458 761 2551 799 :eo
2579 746 2723 815 quod
2749 745 2973 801 Lcontia
3011 750 3129 817 ejus
3158 766 3293 805 uxor
3312 769 3379 807 ex
3412 754 3594 811 Leone

1999 832 2111 902 jam
2150 836 2474 905 imperante.
2503 839 2753 893 Areatlna
2778 855 2929 904 vero,
2966 842 3589 915 priusquamimperium

2004 924 2200 980 fuisset
2259 939 2568 991 assecutus.
2618 941 2744 986 nata
2798 932 2995 990 fuerat.
3052 933 3219 1001 igitur
3261 938 3592 1007 acriprzelio

2003 1017 2146 1072 inter
2172 1016 2447 1074 Zenonem
2477 1032 2530 1076 et
2555 1022 2893 1081 Marcianum
2915 1027 3235 1093 commisso,
3256 1028 3591 1097 Marcianus,

2002 1111 2236 1167 Romqu
2287 1123 2337 1169 et
2380 1114 2648 1185 Procopio
2700 1117 2820 1187 ejus
2861 1116 3122 1174 fratribus
3169 1136 3275 1174 una
3314 1124 3592 1193 suppetias

2000 1196 2317 1263 ferentibus,
2351 1201 2561 1256 \iribus
2608 1203 2857 1269 superior
2903 1206 3098 1268 evasit,
3154 1222 3456 1279 omnesque
3492 1209 3593 1265 Ze-

1998 1289 2159 1342 nonis
2183 1290 2367 1358 c0pias
2400 1290 2452 1342 in
2482 1291 2741 1359 palatium
2774 1301 3029 1363 tanquam
3063 1294 3115 1347 iu
3158 1298 3471 1362 prtesidium
3531 1314 3593 1355 se

1996 1383 2237 1451 recipere
2260 1382 2440 1452 adegit
2468 1401 2481 1436 :
2507 1393 2829 1454 tantumque
2857 1385 3051 1452 abfuit,
3075 1397 3133 1440 ut
3164 1390 3366 1456 palatio
3421 1392 3559 1446 simu
3576 1370 3600 1447 ι’

1994 1477 2047 1523 et
2068 1471 2295 1539 imperio
2318 1472 2603 1541 potiretur.
2636 1470 2831 1526 Verum
2851 1473 2918 1527 de
2942 1475 3104 1529 rebus
3122 1478 3377 1545 gerendis
3400 1494 3589 1545 parum

1993 1562 2281 1628 sollicitus,
2323 1565 2387 1617 ad
2421 1578 2593 1618 coenae
2616 1564 2807 1631 epulas
2849 1579 3217 1637 somnumque
3260 1569 3589 1638 capiendum

1993 1670 2203 1716 versus.
2223 1666 2271 1710 et
2300 1656 2391 1710 Illo
2412 1658 2673 1727 magistro
2694 1655 2852 1711 donis
2872 1658 3060 1727 copias
3080 1659 3201 1728 ejus
3229 1661 3589 1738 subducente,

1992 1747 2116 1800 belli
2166 1748 2330 1803 sociis
2382 1750 2682 1817 spoliatus,
2728 1750 2978 1817 sequenti
3016 1751 3136 1805 luce
3189 1752 3415 1807 inferior
3455 1753 3592 1808 adeo

1990 1840 2256 1895 recessite
2281 1856 2479 1911 pugna,
2505 1851 2561 1894 ut
2588 1842 2653 1895 ad
2680 1842 3069 1909 Apostolorum
3089 1844 3257 1898 aedem
3280 1856 3333 1900 et
3358 1846 3587 1900 tutelam

1991 1929 2341 1998 confugeret,
2377 1945 2431 1985 et
2470 1932 2536 1987 ad
2564 1933 2800 1991 Zenonis
2848 1938 3066 2006 jussum
3106 1936 3176 1990 ab
3233 1937 3434 1990 Acacio
3469 1946 3592 2005 pre‘

1991 2024 2176 2095 sbyter
2192 2024 2495 2086 ordinatus,
2525 2026 2589 2079 ad
2610 2025 2901 2097 Papurium
2928 2028 3285 2097 Cappadociae
3304 2028 3590 2084 caSIellum

1991 2116 2143 2172 eisul
2167 2128 2434 2186 ageretur.
2467 2118 2767 2189 Procopius
2822 2131 3003 2177 autem
3046 2130 3101 2175 et
3136 2120 3421 2184 Romulus.
3462 2122 3586 2190 ejus

1993 2209 2208 2272 fratres.
2243 2218 2429 2272 noctu,
2469 2211 2598 2265 dum
2629 2214 2906 2268 Iavarentu
2920 2230 2965 2279 r,
2994 2204 3062 2268 ab
3093 2214 3187 2268 Illo
3206 2214 3589 2284 comprehensi

1992 2311 2042 2354 et
2069 2317 2131 2354 ex
2159 2302 2278 2371 ejus
2305 2311 2571 2373 potestate
2598 2303 2723 2375 fuga
2759 2305 2979 2384 dilapsi,
3011 2304 3240 2360 Romam
3280 2321 3339 2361 se
3382 2316 3584 2388 contu-

1993 2393 2197 2449 lerunt.

2064 2573 2128 2628 A.
2159 2572 2222 2629 C.
2260 2573 2461 2628 471—-
2479 2573 2591 2629 Hoc
2626 2590 2772 2634 anno
2807 2574 3011 2637 Zenoni
3038 2575 3376 2645 imperatori,
3403 2583 3465 2635 ut
3490 2590 3587 2630 so-

1994 2680 2148 2719 crum
2185 2663 2435 2719 Veriuatn
2454 2664 2587 2717 urbe
2609 2664 2850 2732 ejiceret,
2866 2664 2993 2719 llius
3018 2666 3277 2736 magister
3293 2663 3587 2720 consilium

1994 2756 2144 2811 dedit
2179 2772 2449 2824 :eamque
2472 2756 2659 2809 dolosa
2693 2756 2934 2825 quadarn
2974 2757 3156 2827 specie
3187 2756 3589 2819 Chalcedonem

1996 2850 2243 2913 missam,
2276 2863 2382 2903 non
2412 2848 2503 2901 diu
2534 2859 2650 2918 post
2691 2849 2745 2902 iu
2777 2848 3072 2917 Papurium
3110 2849 3394 2902 castellum
3450 2849 3589 2903 Maro

1994 2941 2153 2995 ciano
2184 2948 2237 2994 ct
2277 2939 2519 2994 Leontiae
2543 2940 2920 2994 eonvicturatn
2961 2940 3295 2994 amandavit.
3329 2940 3426 2996 Illa
3452 2954 3584 2995 vero

1996 3033 2193 3088 litteris
2223 3032 2496 3087 abexsilio
2518 3033 2761 3087 revocari
2791 3033 3097 3086 Areadnam
3119 3034 3395 3107 propriam
3418 3032 3586 3087 tiliam

1997 3129 2224 3197 supplex
2260 3127 2470 3197 rogavit
2508 3141 2520 3179 :
2557 3134 2673 3180 tum
2709 3126 3027 3194 imperatrix
3068 3124 3447 3195 interpellabat
3479 3122 3581 3180 Ze-

299 3203 705 3293 παρακαλοῦσα
751 3206 1125 3279 ἀνακληθῆναι
1171 3210 1271 3281 τῆς
1317 3211 1567 3282 ὲξορίας·
1614 3217 1709 3268 καὶ
1744 3232 1887 3287 παρ-

1995 3234 2215 3274 uonem.
2245 3216 2339 3271 Ille
2374 3218 2454 3272 sic
2483 3231 2602 3271 eam
2639 3216 2840 3271 affatur
2880 3233 2893 3270 :
2922 3214 3103 3270 ‘Illuut
3142 3217 3433 3285 patricium
3485 3230 3588 3285 pro

294 3292 491 3346 ικάλει
528 3295 562 3365 ή
604 3295 893 3365 βασίλισσα
924 3299 1016 3353 τὸν
1049 3303 1292 3372 Ζήνωνα.
1338 3304 1398 3357 Ὀ
1439 3305 1496 3359 δὲ
1544 3305 1647 3378 ἔφη
1706 3311 1881 3379 αὐτῇ·

293 3386 565 3453 Λιτησαι
592 3389 699 3443 τὸν
726 3394 1043 3459 amplector
1073 3397 1284 3450 Ἰλλον
1307 3398 1440 3466 περὶ
1476 3400 1689 3469 αὐτῆς.
1733 3402 1795 3454 Ἦ
1830 3402 1887 3456 δὲ
1916 3410 1921 3413 ’

300 3481 805 3553 μεταστειλαμένη,
839 3486 1043 3557 ᾔτησεν
1070 3490 1236 3543 αὑτὸν
1268 3494 1407 3562 μετὰ
1435 3493 1708 3565 δακρύων.
1745 3497 1802 3549 Ὀ
1829 3496 1888 3550 δὲ

296 3572 405 3625 οὐκ
444 3573 674 3645 ἐπείσθη
703 3575 871 3629 εἰπών
897 3595 910 3609 ο
940 3581 1151 3649 Ζητεῖς
1189 3584 1290 3636 ἵνα
1316 3584 1583 3653 ποιήσῃς
1614 3586 1811 3641 ἄλλον
1841 3589 1886 3621 ³⁸

291 3665 571 3728 βασιλέα
617 3670 768 3722 κατὰ
812 3672 918 3726 τοῦ
958 3673 1078 3727 σοῦ
1122 3676 1361 3743 ἀνδρός.
1406 3678 1540 3731 Τότε
1574 3679 1892 3749 θυμωθεῖσα

313 3756 581 3829 Ἀρεάδνη
637 3755 792 3813 εἶπεν
851 3764 931 3832 τῷ
990 3765 1221 3835 βασιλεῖ,
1274 3770 1357 3821 ὅτι
1403 3771 1472 3823 Ἢ
1515 3772 1722 3836 Ἰλλος
1766 3771 1892 3841 ἔχει

294 3843 458 3901 εἶναι
502 3851 590 3916 είς
636 3855 700 3905 τὸ
749 3854 1079 3922 παλὰτιον,
1115 3858 1153 3927 ἦ
1192 3859 1338 3928 ἐνείη
1391 3862 1499 3913 Καὶ
1542 3856 1698 3915 εἶπεν
1753 3864 1893 3934 αὐτῇ

294 3942 331 3995 ὁ
386 3942 649 4012 βασιλεὺς
668 3985 683 4007 ,

297 4038 392 4099 είς
413 4036 524 4089 τὸν
556 4039 765 4093 Ἰλλον
784 4041 848 4105 ³⁷,
873 4043 1155 4108 ποίησον.
1173 4043 1239 4096 Ἢ
1273 4043 1331 4096 δὲ
1361 4046 1767 4099 κατεσκεύασεν
1799 4063 1895 4115 φο-

296 4127 559 4198 νευθῆναι
606 4131 769 4184 αὐτόν
793 4133 857 4185 ³⁸.
903 4135 1015 4187 Καὶ
1042 4134 1256 4188 κελεύει
1294 4136 1573 4208 υύρδικίῳ
1604 4138 1897 4192 κουὸικου-

296 4219 479 4290 λαρίῳ
513 4224 927 4294 προτρέψασθαί
982 4245 1105 4281 τινα
1159 4227 1254 4282 τοῦ
1297 4230 1509 4283 ἀνελεῖν
1567 4231 1753 4285 αὐτόν.
1788 4232 1899 4284 Καὶ

296 4310 673 4380 ἀνερχομένου
723 4314 890 4369 αὐτοῦ
949 4318 1030 4379 εἰς
1074 4317 1167 4370 τὸν
1220 4319 1445 4389 κοχλίαν
1495 4320 1590 4374 τοῦ
1648 4322 1897 4390 ἱππικοῦ,

299 4399 591 4470 exclamo;
627 4401 738 4471 (H)
789 4403 1013 4473 ὀνόματι
1048 4405 1342 4469 Σπανίκιος
1384 4407 1712 4477 ἐπιτραπεὶς
1758 4407 1900 4460 κατὰ

296 4491 403 4559 τῆς
436 4491 682 4562 κεφαλῆς
717 4495 884 4548 αὐτοῦ
920 4497 1097 4571 ἤγαγε
1128 4497 1190 4549 τὸ
1217 4496 1390 4572 ξίφος.
1430 4498 1830 4570 Προσεσχηκὼς
1853 4499 1897 4531 ³⁸

736 3948 817 4000 ὄτι
887 3949 1035 4018 Ἐγὼ
1082 3950 1159 4002 σὲ
1191 3951 1365 4005 θέλω.
1422 3953 1494 4005 ΕΖ
1546 3970 1599 4006 τι
1632 3953 1677 3984 ³⁸
1738 3953 1893 4023 δύνῃ
1953 4007 1957 4011 ,

1989 3320 2159 3364 matre
2204 3310 2502 3377 deprecare.
2578 3309 2672 3363 illa
2731 3311 3059 3364 accersitqu
3095 3310 3162 3363 ad
3212 3324 3272 3364 se
3328 3308 3589 3384 lacrymis

1987 3402 2234 3457 emollire
2274 3400 2538 3454 tcutabat.
2565 3400 2801 3456 lnllexus
2833 3402 2923 3456 ille
2951 3403 3232 3471 respondit
3268 3418 3283 3454 :
3322 3400 3503 3454 Aliam
3552 3418 3587 3456 ι

1990 3503 2078 3547 tuo
2123 3492 2341 3562 conjuge
2365 3493 2735 3561 imperatorem
2773 3492 3129 3559 ﬁeriquazris'.
3148 3490 3305 3546 Tunc
3338 3491 3586 3557 Areaan

1995 3582 2179 3637 furore
2210 3596 2475 3636 suc-censa
2520 3581 2658 3635 dixit
2690 3581 3007 3649 imperatori
3038 3599 3052 3635 :
3092 3580 3197 3634 Aut
3239 3580 3376 3635 Illas
3412 3583 3467 3635 in
3489 3598 3588 3652 pa-

1992 3672 2127 3725 latio
2170 3671 2370 3723 morari
2409 3669 2581 3734 debet,
2630 3679 2723 3722 aut
2771 3671 2910 3739 ego.’
2956 3670 3037 3722 Ad
3088 3672 3201 3724 haec
3244 3670 3582 3739 imperator:
3693 3669 3703 3679 ’

1991 3765 2206 3819 Maneas
2240 3778 2461 3826 mecum,
2488 3763 2684 3830 jubeo:
2718 3763 2765 3815 si
2802 3762 2929 3830 quid
2966 3779 3082 3816 vero
3112 3772 3258 3829 potes
3300 3763 3353 3815 in
3392 3760 3584 3829 Illum,

1994 3871 2296 3925 exsequere.
2322 3853 2460 3908 Tum
2492 3852 2588 3909 lllo
2604 3870 2804 3924 parans
2828 3854 3155 3916 insidias.ut
3184 3855 3494 3924 quempiam
3516 3854 3585 3909 ad

1994 3949 2114 4019 ejus
2138 3949 2339 4002 caedem
2372 3948 2697 4017 impelleret,
2719 3946 2998 4002 Urbicium
3023 3948 3420 4004 cubicularium
3454 3949 3587 4004 hor-

1996 4045 2162 4091 tatur.
2190 4035 2267 4089 Eo
2291 4051 2419 4089 vero
2438 4036 2581 4089 Circi
2600 4036 2880 4090 cochleam
2900 4038 3248 4101 ascendente,
3274 4037 3587 4093 scholarius

1998 4132 2215 4203 quidam
2241 4131 2464 4185 nomine
2496 4131 2810 4200 Spanicius,
2834 4130 2899 4184 ad
2929 4130 3144 4187 facinus
3160 4131 3584 4200 perpetrandum

1999 4226 2281 4286 incitatus,
2315 4224 2370 4277 in
2397 4223 2517 4291 ejus
2539 4230 2702 4291 caput
2721 4221 2959 4291 gladium
2990 4221 3187 4275 vibrat.
3212 4218 3368 4274 Hunc
3383 4228 3589 4275 attente

1998 4313 2347 4381 conspicatus
2389 4309 2635 4379 magistri
2679 4310 3020 4378 spatharius,
3064 4308 3288 4363 brachio
3344 4307 3585 4378 gladium

1999 4404 2246 4474 excepit;
2279 4404 2398 4471 ejus
2430 4410 2610 4456 tamen
2650 4402 2798 4459 acies
2824 4412 3068 4455 extrema
3098 4400 3344 4454 dextram
3379 4401 3453 4454 illi
3487 4415 3589 4454 au-

2003 4497 2230 4551 riculam
2276 4494 2531 4549 abscidit.
2583 4491 2755 4547 Porro
2779 4493 2926 4546 Zeno
2981 4493 3245 4560 magistro
3283 4492 3381 4547 illo
3428 4491 3591 4561 ιιο

297 4580 355 4635 δὲ
400 4582 579 4655 τούτῳ
619 4587 647 4639 ὁ
686 4585 990 4660 σπαθάριος
1022 4587 1135 4660 (12)
1166 4587 1274 4651 ,τυῦ
1328 4590 1636 4661 μαγίστρου
1680 4588 1894 4654 ἐδέξατο

2007 4589 2134 4645 facti
2168 4588 2331 4658 hujus
2361 4585 2673 4643 nullatenus
2702 4599 2760 4641 se
2787 4585 3068 4640 conscium
3097 4599 3384 4649 suasurus,
3417 4583 3590 4654 jussit

1612 4706 1852 4765 VARI/['3
1890 4705 2298 4765 LECTIONES.

384 4792 514 4885 εἶξε
557 4793 813 4885 Aestas;
869 4796 936 4885 Ar,
977 4798 1034 4851 δὲ
1086 4798 1186 4885 τῆς
1217 4800 1281 4884 15-
1322 4800 1469 4885 vulso

295 4880 359 4941 τε
382 4864 545 4941 Iulg.
590 4934 601 4941 _
627 4865 670 4896 ²⁹
706 4864 1112 4941 ὑποπιᾲσαντος
1139 4864 1205 4931 Ᾰ.
1230 4864 1629 4933 ύποπεῖσαντος
1678 4864 1827 4941 vulg.

1560 4801 1603 4833 ’τ
1637 4802 1699 4853 τὸ
1731 4801 2001 4870 βασίλειον
2044 4802 2106 4862 Α,
2131 4800 2224 4852 τοῦ
2266 4797 2540 4870 βασιλείου
2592 4796 2738 4870 vnlg.
2807 4796 3108 4870 "araneis;
3137 4798 3193 4870 δὲ
3252 4796 3588 4870 Ᾱληπολλούς

1928 4872 1973 4903 ⁸ο
2000 4873 2064 4939 τῇ
2095 4858 2279 4941 ’μάχῃῖ
2306 4858 2524 4941 Αίῖὴῑ
2546 4858 2745 4941 Διλιεῖικπῑὶν
2778 4867 2943 4941 evuls-

3058 4868 3098 4900 ³¹
3130 4869 3191 4920 τὸ
3242 4868 3368 4922 add.
3400 4884 3466 4923 ex
3517 4868 3585 4921 Α.

381 4933 663 5013 “arrepto?
695 4937 1007 5013 xeaté}_ilto~1
1026 4940 1067 4992 Α
1086 4941 1196 5013 ὴ.οΙ.
1225 4951 1280 4994 et
1310 4941 1471 5013 infra.
1550 4942 1596 5013 ξ’
1623 4933 1825 5013 exosi”
1852 4942 1918 5013 Α,
1945 4933 2342 5013 ὲκὸἆλλῃνὶἱιε.
2359 5009 2371 5013 Δ
2420 4933 2470 4969 ³⁸
2488 4933 2716 5013 Midae,
2740 4933 2947 5013 οἰκείαν
2967 4938 3112 5013 vulg.
3137 4939 3199 5013 _”
3346 4937 3583 5013 suave.

392 5001 451 5055 εί
513 5001 563 5055 τι
618 5005 690 5081 Α..
761 5007 809 5081 εί
849 5006 906 5061 δέ
960 5026 1013 5062 τι
1059 5012 1199 5081 vulg.

301 5072 345 5105 ”
376 5074 743 5144 ςτροεσχηκὼς
774 5077 839 5129 A.

1304 5012 1348 5042 ³⁷
1379 5012 1460 5075 είς
1516 5011 1609 5066 τὸν
1667 4999 1840 5065 Ἰλλόῦ
1864 4999 1929 5077 Av,
1954 5013 2034 5075 ei;
2069 4999 2230 5064 αὐτδν
2283 4999 2431 5080 vulg.

2527 5008 2571 5041 ³⁸
2598 5008 2676 5071 είς
2715 5008 2877 5062 αὐτὸν
2898 5007 2967 5075 Α,
2993 5011 3074 5072 εἰς
3102 5008 3193 5062 τὸν
3226 5009 3397 5061 ἰλλον
3437 5008 3584 5079 vulg.

1633 5168 1775 5225 JAC.
1808 5166 2024 5225 GOARI
2055 5164 2287 5223 NOTE.

299 5291 559 5355 octavum
583 5284 773 5350 refert,
794 5287 845 5341 id
867 5287 1023 5343 estC.
1045 5302 1193 5343 anno
1220 5288 1347 5355 481,
1373 5304 1521 5345 num.
1552 5288 1575 5342 1
1600 5296 1651 5344 et
1664 5288 1719 5344 2.
1743 5289 1890 5343 Reli-

300 5369 407 5424 qua
434 5354 487 5408 in
520 5354 810 5410 Theodoro
844 5356 1069 5413 Lectore
1095 5358 1330 5413 videnda
1365 5359 1460 5413 lib.
1506 5376 1523 5414 l
1556 5359 1624 5413 ad
1656 5360 1887 5416 calcem.

378 5425 493 5501 (id)
531 5425 759 5501 Evagrii
790 5428 1049 5501 caput427
1074 5446 1149 5501 ex
1185 5428 1474 5483 Eustatbio
1498 5428 1635 5501 Syro
1666 5430 1887 5484 brevem

300 5499 371 5553 de
426 5496 523 5550 Illo
557 5496 925 5570 narrationem
958 5499 1218 5564 instituit,
1240 5515 1407 5570 quam
1448 5500 1513 5553 ad
1540 5496 1677 5569 'ejus
1704 5516 1889 5570 exem-

301 5573 454 5693 ptdnm
512 5567 889 5637 superioribus
955 5567 1351 5625 annectendam
1396 5567 1661 5639 judicavit
1705 5568 1887 5624 Theo-

303 5654 339 5693 n
382 5652 539 5692 aues.

382 5652 539 5692 aues.

303 5654 539 5711 pnaues.

374 5706 491 5777 (ll)
534 5706 768 5779 Schola,
800 5709 937 5764 ordo
989 5709 1341 5764 militantium
1380 5718 1465 5765 est
1508 5726 1522 5763 :
1571 5719 1625 5765 et
1671 5710 1762 5779 qui
1790 5726 1885 5779 per

300 5779 556 5835 diversas
598 5778 870 5851 ‘cobortes
928 5780 1158 5851 gradum
1224 5782 1476 5845 faciunt,
1513 5796 1606 5850 per
1665 5778 1883 5836 solidius

301 5845 614 5917 promoveri
650 5845 956 5919 dicuntur:
984 5850 1230 5906 Fuerunt
1267 5845 1524 5906 undecim
1553 5852 1755 5905 scholae
1788 5866 1883 5919 pa-

303 5921 422 5981 latii
480 5918 746 5975 custodiae
799 5920 1116 5994 deputat-1::
1157 5939 1351 5979 novem
1389 5932 1615 5977 armatae
1671 5918 1879 5977 militia:

1998 5306 2064 5344 ex
2098 5289 2351 5345 Armenis
2403 5290 2643 5353 seleette,
2685 5296 2742 5345 et
2808 5289 3049 5344 inermes
3100 5287 3242 5343 dum.
3285 5284 3581 5345 Scltolares

1998 5368 2133 5414 sunt
2172 5359 2226 5413 in
2277 5359 2594 5424 bujusmodi
2628 5369 2839 5413 turmas
2901 5359 3180 5414 recensiti.
3212 5359 3376 5412 Arma
3404 5359 3583 5427 jacta-

1998 5429 2131 5485 baut
2172 5439 2224 5484 et
2273 5430 2521 5483 militiam
2560 5445 2573 5480 :
2616 5444 2803 5485 verum
2845 5429 3029 5493 palatii
3070 5429 3288 5483 deliciis
3327 5428 3579 5493 enutriti,

1996 5500 2195 5555 molles
2245 5510 2299 5555 et
2364 5500 2607 5555 imbelles
2662 5500 2727 5552 ad
2763 5499 3186 5552 ostentationem
3228 5514 3379 5553 arma
3409 5508 3584 5567 gesta-

1996 5569 2130 5623 bant
2169 5578 2226 5639 et
2277 5570 2528 5624 militiam
2590 5570 2986 5639 promebantur
3019 5591 3047 5639 :_
3087 5568 3131 5622 si
3190 5569 3350 5623 modo
3404 5568 3582 5637 majus

1997 5638 2333 5708 stipendium
2379 5636 2660 5694 sumerent
2698 5638 2984 5708 contenti.
3018 5636 3095 5692 De
3134 5639 3239 5694 illis
3278 5636 3582 5708 pluraSui-

1993 5707 2097 5779 das
2141 5718 2196 5765 et
2230 5707 2505 5764 Meursius
2536 5726 2587 5763 ν.
2623 5708 2935 5779 Σχολὰριος.
2966 5707 3308 5765 Pancirollus
3343 5709 3396 5763 iu
3441 5707 3576 5779 Imp.

1992 5777 2256 5833 Notitiam
2294 5795 2415 5850 cap.
2459 5780 2545 5832 65.

2063 5850 2174 5917 (Ιὲ)
2208 5846 2491 5902 tledrcnus
2536 5849 2563 5901 ὁ
2593 5849 2992 5921 σωματοφύλαξ
3015 5848 3152 5918 ἐστί,
3188 5851 3398 5907 satelles
3434 5846 3579 5903 uua'a

1992 5923 2183 5986 spatha
2230 5930 2489 5974 armatus.
