4074 6430
222 355 323 424 391

1505 350 2182 421 CiiRONOGRAPHIA.

3394 356 3501 420 322

228 485 379 540 ἵεται
410 467 489 538 τῷ
520 468 842 541 Βυζαντίῳ·
884 471 976 523 καὶ
1018 471 1155 542 μόνῃ
1192 471 1364 539 φειδοῖ
1401 470 1502 541 τῆς
1545 471 1676 540 περὶ
1717 469 1814 539 τὴν

1924 473 2028 524 tus,
2054 462 2373 533 Byzantium
2411 462 2567 533 113
2601 461 3147 532 acettparejmolitur:
3184 464 3325 519 unde
3350 479 3503 537 post-

227 560 404 625 πόλιν,
451 558 531 623 ὥς
582 577 739 628 φασι,
797 562 1124 633 κρατηθεὶς,
1173 564 1541 634 ἐπανέρχεται
1588 565 1669 626 εἰς
1713 564 1815 633 τὴν

226 650 474 719 Θρᾴκην,
498 650 593 703 καὶ
617 652 956 721 προτραπεὶς
985 654 1091 705 ὑπὸ
1113 655 1362 724 Ζήνωνος
1382 656 1707 726 κατέρχεται
1735 654 1814 717 είς

238 742 490 797 Ἰταλίαν.
539 743 651 795 Καὶ
708 744 999 816 Ὀδοάκρου
1048 747 1196 817 μάχῃ
1247 748 1464 820 μεγάλῃ
1507 750 1812 819 κρατήσας,

223 832 313 884 τοῦ
347 832 527 902 ρηγὺς
556 834 615 886 ὲν
644 832 910 908 Ῥαδέννῃ
935 838 1277 907 περιτίθεται
1312 839 1517 909 σχῆμα.
1561 840 1814 910 Ἐχειρώ-

229 938 353 977 cato
370 926 434 976 δὲ
467 924 565 977 καὶ
586 924 780 988 ἄλλους
801 926 1088 992 πλείστους
1108 928 1217 982 τῶν
1245 929 1557 1001 βαρϐάρων,
1575 931 1815 1002 μάλιστα

229 1019 313 1070 καὶ
339 1018 474 1080 τοὺς
504 1017 845 1089 Οῠανδήλους
869 1020 1208 1090 ὑπηγάγετο,
1245 1023 1380 1093 μηδὲ
1412 1024 1550 1076 ὅπλα
1579 1025 1696 1077 κατ’
1718 1026 1815 1076 αὺ-

231 1110 327 1162 τῶν
358 1111 602 1179 κινήσας
623 1112 689 1175 ",
718 1112 757 1163 Γ
767 1110 1003 1183 ιζερίχου
1028 1113 1449 1183 τελευτήσαντος
1471 1115 1595 1186 ἤδη,
1625 1115 1757 1184 πρὶν
1780 1116 1812 1187 ἦ

232 1206 436 1256 εκεῖνον
476 1202 657 1255 ὲλθεῖν
690 1204 771 1266 εἰς
808 1204 1065 1275 Ῥώμηνο
1103 1205 1375 1277 ἐκράτησε
1405 1205 1464 1258 δὲ
1490 1207 1535 1239 ⁷⁸
1585 1207 1679 1259 καὶ
1715 1207 1815 1274 τῆς

247 1297 456 1368 Ῥώμης
486 1297 587 1349 καὶ
617 1296 800 1369 πάσης
825 1298 926 1369 τῆς
967 1298 1286 1370 Ἑσπερίαν.

292 1481 355 1532 A.
387 1479 466 1532 11.
498 1478 663 1533 5978.
688 1508 761 1520 -
800 1478 1161 1550 Ἀντιοχείας
1199 1480 1542 1536 ἐπισκόπου
1586 1478 1815 1548 Πέτρου

230 1570 327 1626 τοῦ
358 1572 659 1639 Γναφέως
689 1572 804 1642 (27)
830 1572 965 1639 ἔτος
996 1580 1072 1627 a'.

289 1663 486 1733 Τούτῳ
536 1662 614 1733 τῷ
661 1662 771 1717 ἔτει
799 1665 851 1717 oi
878 1664 979 1734 τῆς
1033 1664 1328 1735 Ἀνατολῆς
1380 1664 1670 1718 ἐπίσκοποι
1700 1664 1813 1737 (28)

227 1753 476 1823 ιγραψαν
523 1754 767 1825 ’Δκακίῳ
801 1754 1039 1825 μέμψεις
1062 1755 1150 1809 διὰ
1172 1756 1230 1808 τὸ
1258 1754 1514 1820 δέξασθαι
1544 1756 1637 1809 τὸν
1666 1757 1817 1824 Μογ-

224 1846 314 1913 γὸν
339 1847 428 1908 εἰς
458 1846 769 1901 κοινωνίαν.
813 1846 874 1900 Ὀ
900 1847 956 1901 δὲ
991 1848 1067 1919 μὴ
1089 1849 1344 1919 προσχὼν
1374 1848 1579 1914 αὐτοῖς,
1605 1849 1817 1912 πάντας

225 1937 464 2002 ἀναιδῶς
502 1941 780 1992 κοινωνεῖν
825 1938 903 2010 τῷ
929 1938 1138 2011 Μογγῷ
1181 1940 1623 2011 κατηνάγκαζεν.
1664 1943 1725 1996 0i
1759 1939 1816 1993 δὲ

223 2026 320 2095 τῆς
345 2026 637 2095 βασιλείας
653 2027 745 2080 καὶ
768 2026 873 2098 τῆς
902 2027 1079 2098 Ἐᾠας
1103 2027 1402 2100 ἐδεήθησαν
1420 2030 1654 2101 Φήλικος
1679 2029 1818 2099 μετὰ

226 2117 463 2171 θάνατον
483 2116 811 2188 Σιμπλικίου
823 2120 918 2173 τοῦ
944 2118 1164 2191 Ῥώμης
1180 2121 1501 2185 ἐπισκόπου,
1520 2122 1815 2192 σημαίνον-

229 2225 320 2270 τες
366 2208 632 2263 ’Δκάκιον
660 2203 804 2262 εῖναι
834 2209 1011 2264 αῖτιον
1039 2209 1148 2263 τῶν
1177 2209 1389 2265 κακῶν.
1428 2212 1517 2264 Ἐν
1540 2207 1622 2274 οἷς
1651 2213 1746 2267 καὶ
1770 2213 1816 2245 ⁸⁸

237 2300 502 2369 Ἰωάννης
567 2302 594 2353 ὁ
664 2299 1052 2371 Ἀλεξανδρεὺς
1083 2302 1128 2334 ⁸¹
1193 2301 1256 2357 τὸ
1301 2302 1434 2357 αὐτὸ
1491 2304 1672 2374 λέγων
1719 2306 1819 2377 τήν

234 2390 461 2461 Ῥώμην
520 2392 843 2465 κατέλαὸεν.
892 2394 1063 2465 Φῆλιξ
1103 2394 1160 2449 δὲ
1212 2395 1433 2451 σύνοδον
1474 2398 1534 2451 ὲν
1581 2397 1658 2469 τῷ
1701 2397 1817 2467 ναῷ

224 2481 317 2536 τοῦ
378 2484 685 2554 κορυφαίου
738 2485 1040 2539 ἀποστόλου
1095 2486 1303 2558 Πέτρου
1384 2488 1618 2559 ποιήσας
1659 2527 1674 2549 ,
1724 2486 1819 2542 δύο

224 2573 568 2638 ἐπισκόπους
599 2576 693 2627 καὶ
735 2574 951 2629 ἔκδικον
996 2576 1242 2647 ἔπεμψεν
1273 2576 1384 2649 (29)
1424 2578 1484 2631 ὲν
1521 2580 1814 2632 Κώνσταν-

224 2666 565 2730 τινουπόλει,
619 2666 841 2737 γράψας
883 2668 1093 2739 Ζήνωνι
1141 2668 1238 2723 καὶ
1281 2670 1525 2740 Ἀκακίῳ
1566 2669 1817 2723 ὲκδαλεῖν

224 2754 439 2826 Πέτρον
458 2755 550 2809 τὸν
571 2756 813 2826 Μογγδν,
839 2757 916 2823 ώς
931 2757 1230 2830 αἱρετικὸν,
1260 2759 1360 2831 τῆς
1400 2760 1730 2830 Ἐκκλησίας
1748 2762 1813 2817 ⁸³.

294 3024 364 3080 Δ.
403 3026 484 3080 Μ.
523 3025 683 3081 5979.
710 3025 991 3097 -Τούτῳ
1034 3027 1115 3099 τῷ
1144 3026 1254 3081 ἔτει
1286 3026 1399 3082 τῶν
1445 3028 1553 3083 ἀπὸ
1598 2982 1819 3100 ⁹ῐέώμης

1916 556 2136 611 modum
2186 556 2301 610 sola
2344 556 2515 623 urbis,
2561 565 2621 611 ut
2674 556 2847 619 aiunt.
2900 556 3253 613 miseratione
3296 568 3501 625 motus,

1916 658 2124 704 remeat
2165 649 2220 703 in
2267 647 2595 702 Thraciam:
2637 656 2691 702 ct
2721 664 2749 702 a
2812 648 3032 705 Zenone
3075 653 3416 720 compulsus,
3445 653 3501 707 in

1916 743 2125 798 Italiam
2183 742 2587 813 proﬁciscitur;
2626 742 2715 796 ubi
2770 741 3019 798 Odoacro
3077 744 3284 814 ingenti
3342 745 3499 800 clade

1916 832 2228 902 proﬂigato.
2262 835 2406 903 regis
2457 834 2689 904 insignia
2731 832 3003 889 Ravenna:
3041 836 3261 889 tandem
3304 835 3501 891 induit.

1918 924 2023 980 Sed
2059 936 2111 980 ct
2154 926 2444 995 plerosque
2477 924 2614 980 alios
2664 925 2929 981 barbaros
2981 927 3202 992 devicit,
3244 942 3296 983 et
3333 929 3502 982 armis

1916 1026 2125 1071 tantum
2194 1017 2455 1073 adversus
2521 1017 2790 1072 Vandalus
2844 1034 2951 1072 non
3009 1019 3193 1085 motis,
3262 1020 3498 1087 quietem

1917 1122 2079 1178 agere
2111 1116 2165 1163 et
2200 1109 2253 1162 in
2287 1109 2472 1164 multis
2513 1108 2792 1177 subjectos
2822 1108 3018 1165 eﬁecit.
3053 1111 3340 1165 Gizericbo
3371 1126 3501 1166 vero

1912 1200 2024 1269 jam
2061 1200 2168 1254 vita
2216 1199 2426 1267 functo,
2461 1202 2779 1271 priusquam
2828 1205 2943 1271 ipse
2989 1204 3219 1257 Romam
3266 1205 3502 1274 appelle-

1918 1297 2020 1356 ret,
2063 1288 2209 1345 Urbe
2245 1291 2461 1346 tandem
2496 1302 2717 1363 totoque
2749 1293 2913 1347 simul
2959 1293 3254 1349 Occidente
3294 1296 3499 1365 potitus

1914 1391 2018 1436 CSl.

1989 1476 2053 1527 Α.
2091 1470 2153 1526 C.
2188 1468 2313 1529 478.
2344 1505 2409 1515 —
2440 1473 2737 1529 Antiochia
2766 1474 2997 1544 episcopi
3056 1472 3201 1530 Petri
3236 1474 3500 1529 Fullonis

1917 1581 2089 1619 (mnus
2129 1566 2352 1634 primus.

1988 1642 2275 1710 lloc'anno
2301 1654 2540 1712 Orientis
2563 1658 2811 1728 episcopi
2840 1674 2965 1713 cum
3002 1659 3204 1714 Acacio
3232 1675 3327 1730 per
3352 1660 3502 1715 litte-

1918 1762 2010 1801 ras
2039 1748 2325 1817 conquesti
2350 1759 2496 1814 sunt,
2527 1749 2675 1819 quod
2705 1747 2903 1819 Mongo
2930 1753 3339 1807 communionis
3366 1767 3503 1807 con-

1918 1835 2149 1890 sortium
2199 1835 2573 1906 impertiisset.
2631 1836 2725 1893 ille
2774 1841 2971 1909 spretis
3023 1855 3213 1894 eorum
3255 1841 3500 1905 monitis,
3552 1902 3555 1903 ν

1918 1928 2177 1999 Mongum
2246 1931 2499 1984 eumdem
2558 1929 2613 1983 in
2690 1933 3138 1987 communionem
3211 1934 3502 1989 admittere

1917 2020 2390 2090 impudentissime
2463 2022 2728 2091 compulit
2786 2031 3036 2079 cunctos.
3097 2023 3255 2080 Cives
3316 2035 3499 2080 autem

1917 2111 2138 2166 urbium
2177 2111 2380 2178 reginae
2400 2112 2690 2182 cunctique
2721 2111 2885 2168 simul
2915 2114 3211 2170 orientales
3237 2114 3497 2181 Felicem,

1917 2204 2011 2275 qui
2051 2213 2176 2275 post
2209 2203 2476 2274 Simplicii
2516 2204 2727 2260 obitum
2759 2204 3060 2261 Romanam
3115 2207 3300 2263 sedem
3350 2216 3501 2262 tene-

1918 2296 2033 2361 bat,
2065 2296 2343 2366 supplices
2367 2295 2621 2367 adierunt
2647 2307 2702 2351 et
2730 2298 2999 2352 malorum
3024 2300 3268 2353 omnium
3307 2313 3500 2354 aucto-

1918 2373 2039 2444 rem'
2078 2388 2469 2445 incusaverunt
2506 2389 2789 2444 Acacium.
2823 2389 3032 2445 [nterea
3086 2389 3324 2447 Joannes
3377 2392 3503 2448 Ale-

1919 2481 2162 2537 xandria:
2217 2482 2415 2552 praesul
2468 2482 2582 2538 lucc
2638 2474 2826 2538 eadem
2884 2483 3214 2539 denuntians
3266 2484 3498 2539 Romam

1921 2572 2244 2643 ingreditur.
2281 2570 2434 2628 Felix
2477 2573 2684 2643 itaque,
2713 2574 2922 2644 synodo
2962 2574 3014 2627 in
3057 2574 3329 2646 coryphaei
3364 2591 3498 2644 apo-

1918 2665 2182 2720 stolorum
2217 2664 2360 2719 Petri
2385 2665 2582 2735 templo
2608 2675 2817 2731 coacta,
2841 2665 2981 2720 duos
3005 2666 3289 2736 episcopos
3310 2676 3363 2720 et
3392 2681 3499 2723 una

1919 2757 2259 2814 defensorem
2294 2757 2510 2828 Cpolim
2559 2756 2776 2829 ablegat
2831 2755 3151 2828 Zenonique
3190 2768 3245 2813 et
3297 2761 3500 2814 Acacio

1919 2849 2113 2906 litteris
2146 2850 2440 2919 signiﬁcat,
2481 2858 2540 2904 ut
2570 2849 2793 2906 Petrum
2846 2850 3104 2921 Mongum
3144 2866 3244 2907 ceu
3284 2851 3502 2906 haereti-

1918 2957 2044 2998 cum
2076 2941 2407 2997 Alexandria
2435 2942 2682 3013 ejiciant.

1989 3033 2057 3087 A.
2087 3031 2150 3089 C.
2186 3034 2315 3092 479.
2347 3064 2416 3077 —-
2446 3033 2562 3090 Hoc
2594 3049 2742 3090 anno
2779 3036 2973 3107 legatis
3020 3036 3193 3090 Roma
3236 3035 3499 3107 profectis

222 3116 595 3187 πεμφθέντων
629 3115 740 3188 (50)
801 3118 859 3171 ὲν
920 3116 1130 3189 Ἀϐύδῳ
1194 3119 1578 3191 κρατηθέντων
1621 3120 1815 3194 γνώμῃ

1919 3132 1974 3180 et
2006 3125 2148 3195 apud
2182 3125 2435 3197 Abydum
2467 3125 2706 3182 Zenonis
2730 3137 2785 3182 et
2818 3127 3003 3183 Acacii
3041 3128 3274 3183 consilio
3309 3128 3500 3183 deten-

222 3212 480 3280 Ζήνωνος
512 3209 609 3263 καὶ
661 3209 941 3276 ’Δκακίου,
973 3210 1071 3264 καὶ
1108 3211 1219 3265 τῶν
1252 3214 1598 3283 γραμμάτων
1646 3214 1815 3282 ἀφαι·

223 3301 503 3375 ρεθέντων
525 3300 621 3354 καὶ¹
649 3301 708 3354 ἐν
732 3304 946 3373 φρουρᾷ
974 3300 1303 3373 βληθέντων,
1334 3304 1600 3374 ἠπείλησε
1631 3305 1816 3375 Ζήνων

217 3391 458 3453 τούτους
508 3389 739 3453 ἀνελεῖν,
789 3393 838 3444 εί
899 3393 974 3461 μὴ
1028 3395 1456 3464 κοινωνήσουσιν
1481 3395 1527 3426 ⁸³
1575 3395 1815 3466 Ἀκακίῳ

218 3484 324 3535 καὶ
353 3483 551 3552 Πέτρῳ
587 3481 664 3553 τῷ
705 3482 914 3554 Μογγῷ
948 3484 1082 3555 (5|).

296 3576 366 3628 Α.
396 3574 473 3627 Μ.
507 3573 668 3629 5980.
696 3601 769 3613 --
800 3573 990 3645 Τούτῳ
1022 3574 1102 3646 τῷ
1148 3576 1259 3630 ἔτει
1296 3577 1469 3641 Ἴλλος
1509 3578 1604 3632 καὶ
1646 3578 1814 3633 Λεόν-

216 3678 344 3728 τιος
370 3664 485 3737 (52)
520 3664 660 3735 μετὰ
692 3665 921 3729 πολλοὺς
952 3665 1001 3697 ⁸⁸
1027 3666 1299 3738 πολέμους
1327 3668 1421 3721 ἐπὶ
1452 3669 1695 3739 τέσσαρα
1718 3669 1816 3742 ἔτη

219 3756 634 3827 φρουρούμενοι
669 3759 727 3810 ὲν
744 3755 824 3827 τῷ
852 3758 1151 3828 Παπουρίῳ
1179 3758 1481 3829 καστελλίῳ
1513 3758 1815 3829 ἐχειρώθη-

218 3865 332 3902 σαν
358 3847 621 3919 προδοσίᾳ
648 3846 744 3902 τοῦ
789 3848 1024 3922 ἀδελφοῦ
1058 3850 1158 3920 τῆς
1199 3848 1449 3921 γαμετῆς
1473 3848 1812 3920 Τροκούνδου

214 3938 365 4011 δόλῳ
383 3938 733 4008 πεμφθέντος
761 3940 867 3993 ὑπὸ
886 3942 1151 4011 Ζήνωνος.
1180 3941 1292 3995 Καὶ
1320 3940 1721 4013 ἀπετμήθησαν
1743 3944 1810 4006 ⁸⁸,

218 4034 325 4087 καὶ
364 4036 423 4086 αῖ
466 4033 702 4102 κεφαλαὶ
739 4033 919 4088 αὐτῶν
957 4032 1319 4103 ἐπέμφθησαν
1366 4032 1443 4105 τῷ
1467 4034 1677 4104 Ζήνωνι
1720 4035 1816 4088 καὶ

219 4125 570 4196 εἰσήχθησαν
605 4125 652 4157 ⁸⁸
698 4126 779 4189 είς
830 4123 1054 4189 κοντοὺς
1084 4123 1193 4196 (55)
1237 4124 1297 4177 ὲν
1337 4124 1418 4196 τῷ
1472 4124 1685 4196 ἱππικῷ
1717 4126 1817 4181 κά·

1922 3217 2014 3283 tis,
2060 3218 2113 3272 vi
2162 3234 2384 3289 quoque
2439 3219 2636 3275 ablatis
2682 3235 2872 3275 eorum
2923 3220 3120 3276 litteris
3162 3219 3404 3291 ipsisque
3443 3222 3498 3275 in

1922 3325 2196 3367 carcerem
2236 3311 2521 3379 conjectis,
2555 3327 2671 3378 eos,
2707 3313 2808 3368 nisi
2843 3326 2968 3368 cum
2998 3312 3198 3367 Acacio
3235 3322 3289 3369 et
3339 3312 3503 3368 Petro

1921 3400 2119 3473 Mongo
2150 3404 2576 3471 communicent,
2610 3404 3051 3467 interfecturum,
3082 3402 3231 3460 Zeno
3272 3406 3505 3459 commi~

1922 3502 2105 3558 natur,

1994 3585 2059 3637 A.
2090 3584 2152 3639 C.
2185 3584 2313 3640 480.
2338 3614 2411 3625 —-
2444 3583 2605 3657 115.
2638 3581 2752 3640 Hoc
2775 3598 2919 3639 anno
2956 3584 3087 3639 Ilius
3121 3593 3173 3638 et
3212 3582 3496 3651 Leontius,

1921 3676 2176 3747 plurimis
2232 3677 2358 3732 belli
2419 3678 2703 3733 laboribus
2753 3676 3070 3742 exantlatis,
3113 3685 3164 3731 et
3215 3677 3500 3731 obsidione

1925 3779 2187 3839 perpetua
2223 3768 2276 3823 in
2318 3768 2554 3840 Papurio
2584 3770 2812 3825 castello
2842 3769 3038 3834 clausi,
3091 3768 3277 3823 fratris
3308 3769 3501 3823 uxoris

1911 3858 2186 3915 Trocundi
2218 3876 2249 3914 a
2282 3858 2502 3916 Zenone
2530 3862 2584 3915 in
2612 3861 2761 3916 hunc
2817 3860 2978 3915 linem
3009 3860 3164 3915 missi
3197 3859 3502 3930 proditione

1909 3950 2129 4005 tandem
2160 3951 2305 4021 capti
2336 3963 2463 4007 sunt
2489 3960 2543 4008 et
2576 3952 2833 4008 decollati
2867 3970 2880 4008 :
2908 3967 3098 4007 eorum
3131 3965 3261 4006 vero
3311 3952 3492 4021 capita

1912 4041 1980 4097 ad
2014 4040 2291 4099 Zenonem
2329 4044 2596 4100 translata
2625 4046 2913 4115 contisque
2951 4041 3005 4098 in
3060 4044 3209 4099 circo
3263 4042 3504 4097 circum-

1911 4143 2033 4189 acta
2065 4143 2227 4207 atque
2259 4136 2386 4192 inde
2413 4146 2566 4194 trans
2596 4147 2812 4207 portum
2845 4138 3066 4209 oppido,
3097 4136 3187 4193 cui
3236 4134 3373 4190 Siczc
3404 4150 3505 4187 ttu-

1553 4291 1784 4353 VARLE
1812 4297 2215 4358 LECTIONES.

324 4411 373 4444 "
392 4409 646 4479 κινήσας,
692 4407 812 4479 Γιζ.
868 4408 1284 4479 τελευτήσαντος
1326 4407 1420 4479 7A7,
1447 4426 1536 4479 κιν

1579 4427 1697 4485 σας.
1746 4410 2033 4485 Γιζερίχου
2061 4415 2117 4467 δὲ
2141 4416 2254 4468 τελ.
2289 4415 2434 4485 vulg.

2557 4415 2602 4448 τ’
2630 4414 2687 4468 δὲ
2736 4412 2862 4467 add.
2919 4428 2983 4466 ex
3017 4414 3081 4468 A.
3159 4413 3205 4445 ”
3248 4414 3341 4467 καὶ
3370 4414 3495 4468 add.

324 4411 373 4444 "
392 4410 646 4479 κινήσας,
694 4410 812 4473 Γιζ.
868 4410 1284 4495 ¹τελευτήσαντος
1339 4410 1420 4473 A,
1447 4410 1697 4532 κινήσας.
1746 4410 2033 4484 Γιζερίχου
2061 4415 2117 4467 δὲ
2141 4416 2254 4468 τελ.
2289 4415 2434 4485 vulg.
2557 4415 2602 4448 τ’
2630 4414 2687 4468 δὲ
2736 4412 2862 4467 add.
2919 4428 2983 4466 ex
3017 4414 3081 4468 A.
3159 4413 3205 4445 ”
3248 4414 3341 4467 καὶ
3370 4414 3494 4468 add.

220 4498 291 4555 ex
320 4482 389 4537 Δ.
481 4477 943 4555 ⁸¹-Ἀλεξανδρευς
977 4481 1038 4530 τὸ
1070 4476 1203 4555 αὐτὸ
1237 4479 1304 4543 Α,
1324 4478 1553 4555 Aleia!
1582 4482 1731 4555 ρείας
1757 4481 1826 4555 τὰ
1858 4484 1997 4555 αὐτὰ
2018 4486 2164 4555 vulg.
2216 4486 2262 4518 ⁸²
2301 4483 2601 4555 ἐκκλησίας
2630 4486 2738 4555 Aie
2762 4484 2801 4547 Γ,
2831 4481 3238 4553 Ἀλεξανδρείας
3262 4484 3402 4555 vulg.
3428 4487 3494 4549 A,

220 4554 273 4625 ‘3
322 4551 712 4625 κοινωνήσουσι
874 4548 1251 4625 *κοινωνήσωσι
1300 4548 1441 4625 vulg.
1517 4548 1822 4625 1ξδξπολλοῖις
1846 4548 2145 4625 ’πολέμους
2176 4555 2241 4623 Α,
2273 4554 2426 4610 πολλ.
2454 4548 2580 4618 τοὺς
2620 4554 2741 4610 πολ.
2768 4556 2917 4625 vulg.
2960 4592 2963 4593 ν
3027 4548 3499 4624 ³³’ἁπετμήθῖησαν

222 4619 477 4693 ἀπεμὴθ.
535 4616 683 4691 ivulg.
742 4620 805 4652 ‘“
839 4616 1169 4691 είσήχθησαν
1207 4619 1249 4669 A
1283 4633 1334 4684 e,
1358 4616 1749 4691 εῐσηνέχθησαν
1776 4621 1918 4693 vulg.

1580 4714 1721 4771 JAC.
1755 4715 1967 4772 GOARI
1998 4714 2233 4773 ΝΟΤιΕ.

302 4808 422 4879 (27)
459 4810 742 4879 Annorum
775 4807 938 4879 trium
965 4818 1240 4879 summam
1261 4804 1389 4862 huic
1428 4821 1622 4862 omnes
1639 4806 1817 4879 codd.
1846 4809 1901 4869 Ι)
1927 4808 2189 4879 scribitur
2212 4822 2241 4863 a
2274 4805 2528 4879 Liberato
2551 4804 2813 4879 Breyiat'ii
2850 4819 2985 4879 cap.
3010 4802 3097 4879 ιβ.

226 4876 568 4939 attribuunt,
597 4877 758 4946 cujus
780 4878 906 4931 anni
933 4876 1549 4947 sigillatint__enunterati
1586 4877 1818 4947 adqua-

226 4961 359 5005 tuor
380 4942 681 5004 ascendere
709 4942 1141 5016 comperiuittur.
1169 4942 1333 5016 ‘Vide
1358 4962 1480 5016 pag.
1512 4963 1627 5016 seq.
1659 4942 1819 5002 Barb.

226 5021 406 5075 codex
438 5019 534 5091 qui
560 5029 670 5073 tres
692 5013 957 5083 recenset,
977 5013 1278 5073 secundum
1312 5013 1557 5087 repetere
1587 5013 1695 5073 non
1732 5034 1821 5073 ve-

227 5098 406 5145 retur.

304 5159 419 5228 (28)
452 5157 718 5229 Evagrius
740 5157 848 5229 lib.
879 5173 965 5221 ιιι,
989 5174 1147 5227 capp.
1170 5163 1256 5226 18,
1292 5159 1358 5213 l9
1395 5165 1449 5211 et
1474 5156 1564 5212 20.

306 5226 421 5299 (29)
446 5226 708 5299 Libellum
738 5226 934 5283 Felicis
958 5230 1025 5283 ad
1057 5226 1317 5288 Acacium
1360 5229 1519 5283 habet
1550 5227 1818 5283 Baronius

228 5298 536 5354 ad’aunnm
559 5298 620 5352 ϐ.
655 5298 784 5359 485,
820 5314 970 5352 num.
1001 5299 1072 5370 46
1125 5311 1181 5356 et
1221 5302 1313 5366 47,
1361 5313 1479 5370 quo
1507 5299 1817 5370 defensoris

230 5373 401 5424 istius
424 5384 620 5423 nomen
644 5370 864 5437 promit.
908 5387 926 5419 ι
955 5368 1033 5421 Ad
1059 5384 1220 5438 quam
1248 5367 1392 5433 rem,
1421 5387 1440 5420 ›
1468 5368 1669 5435 inquit,
1706 5386 1725 5418 ι
1748 5367 1819 5423 de

231 5441 473 5507 collegio
500 5449 690 5493 nostro
725 5437 927 5510 fratres
956 5448 1010 5492 et
1033 5437 1391 5510 ccepiscopos
1416 5448 1662 5510 nostros,
1679 5453 1814 5510 cum

276 5511 441 5565 uibus
471 5511 623 5563 illum
658 5525 688 5563 a
719 5509 889 5562 latere
924 5518 1112 5563 nostro
1136 5508 1541 5566 'tidelissimum
1580 5508 1815 5562 Felicem

270 5580 583 5636 efensorem
639 5588 844 5633 sanctae
870 5578 1131 5635 Ecclesia:
1156 5579 1416 5634 Romanae
1474 5580 1820 5633 ordinatione

232 5650 592 5706 direximus.»
618 5650 871 5710 Ἔκδικος
901 5650 1086 5718 itaque
1112 5650 1364 5706 defensor
1382 5659 1487 5712 est,
1519 5651 1609 5718 qui
1633 5649 1819 5705 Eccle-

236 5722 334 5775 sia:
352 5722 502 5789 jura,
533 5728 737 5775 statuta
765 5729 818 5772 et
846 5721 1130 5788 privilegia
1169 5730 1316 5774 sarta
1350 5729 1488 5773 tecta
1519 5728 1812 5789 conseryat

234 5800 288 5847 et
306 5787 552 5849 defendit
580 5809 593 5846 :
627 5791 770 5849 unde
799 5787 1061 5846 defensor
1078 5789 1333 5846 Ecclesitc
1367 5790 1453 5844 hic
1482 5790 1624 5844 idem
1657 5787 1811 5842 Felix

2000 4878 2112 4947 ('50)
2136 4877 2369 4947 Legatos
2397 4877 2631 4947 injurias
2670 4873 3001 4947 hujttsusoui
3020 4873 3498 4947 constantinopoli

1964 4944 2120 5005 assos
2174 4944 2405 5003 testatur
2442 4945 2735 5002 Liberatus
2764 4948 2816 4999 in
2850 4944 3146 4999 Breviario.
3196 4961 3215 4994 ι
3242 4946 3376 4997 ltum
3413 4954 3501 4998 est

1972 5021 2052 5083 P.,
2073 5018 2386 5089 etprasdicti
2408 5016 2651 5087 episcopi
2681 5016 2735 5089 in
2764 5015 3232 5089 custodiamsunt
3264 5014 3493 5089 redacti,

1921 5082 2458 5162 chartis'snblatis,'
2500 5082 2917 5162 negcatbolicis.
2974 5085 3177 5162 quibus
3230 5082 3494 5162 scriptum

1919 5159 2116 5224 fuerat,
2152 5159 2530 5230 redderentur.
2574 5156 2725 5222 Quos
2749 5156 2944 5230 iterum
2973 5153 3235 5230 posthaec
3263 5153 3498 5230 Aeacius

1918 5231 1985 5284 de
2014 5223 2267 5284 custodia
2295 5228 2523 5295 ejiciens
2554 5242 2739 5282 secum
2764 5226 2889 5279 fecit
2910 5223 3224 5293 procedere,
3254 5230 3311 5275 ut
3335 5223 3495 5289 quasi

1916 5299 2242 5354 conﬁrmato
2271 5296 2416 5352 Petri
2450 5298 2759 5352 sacerdOtio
2780 5296 3205 5349 dimitterentur.
3242 5310 3261 5342 ι

1985 5369 2099 5438 (Si)
2146 5366 2452 5421 Palladium
2512 5366 2740 5438 ejusque
2792 5379 2968 5438 annos
3008 5366 3195 5417 decem
3266 5369 3495 5438 anno_tat

1915 5431 2006 5511 hic
2052 5431 2277 5508 Peyrez.
2321 5431 2583 5511 collatum
2637 5431 2905 5511 Palatino,
2947 5436 3059 5511 imo
3113 5445 3316 5511 annum
3370 5431 3494 5500 ejus

1915 5504 2153 5579 primum
2203 5518 2258 5563 et
2315 5507 2675 5562 decurrentes
2732 5506 2992 5574 deinceps
3049 5504 3243 5570 incipit
3301 5516 3495 5556 nume-

1916 5594 2059 5634 rare.

1989 5648 2099 5718 (5‘2)
2149 5646 2455 5702 Jornandes
2513 5645 2589 5718 De
2642 5661 2788 5713 regn.
2847 5660 2911 5698 ac
2953 5654 3110 5713 temp.
3144 5642 3492 5709 successione,

1917 5717 2238 5773 Theodorus
2268 5718 2480 5780 Lector,
2519 5717 2610 5770 lib.
2658 5732 2717 5769 ιι.

1986 5788 2097 5858 (53)
2142 5787 2310 5841 Habet
2338 5786 2641 5841 Jot'nnndes
2689 5785 2930 5841 hastilia.
