4088 6436
313 381 406 450 361

1616 377 1713 438 CH
1724 373 1874 436 [ἶοΝ
1885 371 2301 436 OGRAPHIA.

3476 360 3585 428 369

313 493 672 556 oblatrarent,
739 488 1148 542 anathematum
1231 483 1462 541 fulmine
1540 485 1892 557 percellebat,
1933 481 2293 552 Flavianique
2347 483 2573 554 legatos,
2627 479 2698 535 ob
2736 479 2985 550 quaedam
3043 478 3255 551 negotia
3326 493 3384 535 se
3450 494 3584 533 con.

314 586 612 649 venientes,
649 583 1126 639 exsecrationibus
1169 582 1487 652 suppositos
1529 599 1560 636 e
1594 585 1897 650 conspectu
1937 578 2165 634 amovit.

376 677 440 732 Α.
472 677 550 731 Μ.
585 675 750 731 6005.
774 705 844 717 ——
872 675 1064 746 Τούτῳ
1093 673 1171 744 τῷ
1214 674 1325 728 ἔτει
1369 673 1588 728 σύνοδον
1618 671 1894 746 κροτηθῆ-

2069 669 2134 724 Α.
2178 669 2238 724 C.
2283 669 2409 723 50⁵5.
2435 667 2637 723 —Hoc
2675 681 2822 722 anno
2844 664 3114 738 synodum
3160 664 3403 720 Sidonia:
3449 679 3587 719 con-

313 785 396 824 ναι
425 766 538 840 (20)
572 767 631 820 ὲν
660 766 852 820 Σιδῶνι
881 765 903 797 ⁸
926 765 1278 829 ’Δναστάσιος
1309 766 1330 798 ⁹
1370 763 1682 818 ἐθέσπισεν.
1708 764 1896 832 Σωτή-

314 881 459 936 ριχος
499 862 610 932 γὰρ
637 861 939 926 ἐπίσκοπος
985 861 1327 932 Καισαρείας
1359 860 1760 924 Καππαδοκίας
1789 857 1896 914 ὑπὸ

311 954 645 1010 Μακεδονίου
674 952 1157 1025 χειροτονούμενος
1204 953 1498 1024 ἐγγράφως
1539 952 1895 1024 ὡμολόγησεν

309 1046 562 1116 δέχεσθαι
595 1047 666 1100 τὰ
696 1045 944 1116 δόγματα
969 1050 1068 1119 τῆς
1112 1046 1172 1099 ὲν
1201 1045 1509 1114 Χαλκηδόνι
1546 1045 1796 1109 συνόδου,
1819 1043 1896 1108 ὡς

310 1139 430 1210 ὅρον
457 1138 718 1202 πίστεως.
747 1138 903 1193 Μετὰ
934 1139 990 1192 δὲ
1021 1137 1194 1192 ταῦτα
1221 1136 1629 1208 πολεμιώτατος
1660 1137 1704 1170 ιο
1731 1137 1896 1206 γέγο-

310 1249 394 1286 νεν
410 1223 591 1294 οὗτος,
629 1229 705 1293 ὡς
735 1230 994 1286 ἀπελθεῖν
1025 1230 1069 1262 ¹¹
1101 1231 1184 1294 είς
1225 1229 1518 1301 Ἀνατολὴν
1544 1229 1639 1283 καὶ
1665 1227 1744 1300 τῷ
1771 1229 1898 1282 δυσ-

319 1323 456 1377 σεδεῖ
497 1322 703 1394 Ξεναῖᾳ
744 1323 1251 1395 κοινολογήσασθαι,
1303 1323 1401 1377 καὶ
1452 1324 1620 1394 ἄμφω
1678 1321 1898 1376 σύνοδον

322 1411 564 1480 γενέσθαι
595 1413 675 1474 εἰς
703 1411 910 1464 Σιδῶνα
953 1412 1046 1466 τὸν
1077 1411 1302 1482 βασιλέα
1327 1411 1655 1483 αἰτήσασθαι
1703 1411 1797 1463 ἐπὶ
1827 1412 1894 1482 τῇ

319 1503 486 1575 τελεία
521 1503 725 1575 ἐκϐολῇ
775 1506 878 1575 τῆς
916 1504 1081 1574 ἁγίας
1115 1507 1174 1558 ὲν
1211 1504 1516 1576 Χαλκηδόνι
1546 1505 1590 1536 ¹²
1634 1503 1856 1556 συνόδου
1877 1518 1892 1533 ·

310 1596 429 1666 ἧτις
459 1597 559 1650 καὶ
580 1597 625 1628 ¹³
653 1597 885 1668 συνέστη
917 1599 1014 1651 καὶ
1039 1598 1233 1651 θᾶττον
1253 1597 1603 1669 διελύθη,τοῦ
1632 1595 1897 1668 βασιλέως

309 1689 627 1759 πέμψαντος
679 1691 759 1753 είς
793 1689 953 1743 τοῦτο
983 1689 1288 1760 Εὐτρόπιον
1341 1688 1648 1761 τριϐοὗνον,
1697 1689 1757 1753 ὃς
1804 1689 1899 1742 καὶ

306 1780 568 1844 διαλύσας
623 1780 836 1851 αὐτὴν,
883 1780 1185 1834 Φλαόιανὸν
1244 1782 1341 1836 τὸν
1410 1779 1742 1852 Ἀντιοχείας
1805 1780 1899 1834 καὶ

316 1873 506 1926 Ἠλίαν
537 1872 649 1926 τῶν
689 1873 1080 1944 Ἱεροσολύμων
1117 1875 1214 1930 σὺν
1234 1877 1348 1938 τοῖς
1369 1875 1690 1936 ὲπισκόποις
1716 1871 1897 1926 αὐτῶν

303 1965 369 2019 τὰ
404 1967 546 2036 πρὸς
575 1965 768 2038 ἡδονὴν
799 1967 844 1998 ¹⁵
869 1967 1079 2038 γράψαι
1102 1968 1179 2038 τῷ
1213 1967 1427 2038 βασιλεί
1454 1964 1892 2036 παρεσκεύασεν.

1997 761 2210 835 gregari
2259 761 2442 818 sanxit
2488 760 2833 815 Anastasius.
2865 758 3188 814 Soterichus
3221 758 3367 812 enim
3404 755 3587 811 Caesa-

1997 870 2105 910 reze
2158 853 2514 925 Cappadociae
2558 867 2587 906 a
2624 851 2944 907 Macedonio
3000 858 3380 914 consecratus,
3425 846 3590 902 Chal-

1998 951 2334 1007 cedonensis
2379 950 2574 1022 synodi
2636 951 2878 1015 decreta,
2909 949 3062 1003 velut
3100 947 3225 1002 ﬁdei
3265 949 3485 1017 regulas
3528 960 3587 999 sc

1998 1043 2292 1098 admittere
2319 1043 2530 1113 scripto
2564 1041 2846 1112 professus
2877 1048 2982 1096 est.
3037 1039 3169 1110 Ejus
3203 1050 3384 1094 autem
3437 1046 3588 1108 post-

1997 1135 2220 1190 modum
2272 1134 2451 1191 factus
2501 1134 2760 1189 inimicus
2794 1133 2929 1188 adeo
2978 1132 3072 1187 ivit
3099 1133 3153 1187 in
3187 1131 3499 1193 adversum,
3530 1137 3590 1182 ut

2000 1227 2055 1282 in
2091 1227 2374 1282 Orientem
2410 1226 2712 1297 profectus,
2752 1225 2920 1295 impio
2953 1223 3175 1279 Xenaiae
3206 1238 3319 1279 rem
3370 1236 3589 1278 omnem

1999 1319 2458 1382 communicaret,
2504 1326 2558 1374 et
2593 1317 2661 1371 ad
2704 1315 3115 1386 exstirpandam
3162 1314 3412 1370 funditus
3459 1329 3590 1368 san-

1999 1420 2144 1466 ctam
2209 1409 2720 1466 Chalcedonensem
2785 1408 3056 1482 synodum
3115 1407 3278 1462 aliam
3349 1406 3592 1461 Sidonia:

2000 1503 2274 1559 celebrari
2329 1503 2402 1558 ab
2461 1503 2796 1570 imperatore
2853 1500 3160 1573 postularet
3226 1507 3492 1569 uterque;
3537 1504 3593 1552 et

2003 1598 2116 1652 haec
2168 1605 2469 1651 convocata
2504 1595 2653 1650 dicto
2698 1594 2864 1649 citius
2885 1592 3150 1663 dissipata
3182 1601 3266 1647 est
3304 1599 3358 1646 et
3390 1591 3592 1652 soluta,

2001 1690 2249 1760 Eutropii
2284 1690 2490 1745 tribuni
2523 1689 2590 1744 ab
2621 1689 2958 1758 imperatore
2989 1687 3208 1741 innunc
3238 1684 3398 1739 tinem
3423 1683 3594 1738 missa

2001 1796 2188 1851 opera,
2239 1780 2329 1850 qni
2380 1795 2443 1835 ea
2496 1779 2781 1849 abrogata,
2843 1777 3110 1832 Flaviano
3169 1777 3480 1831 Antiochiae
3541 1784 3596 1830 et

2001 1873 2133 1928 Elia:
2178 1871 2715 1943 Hierosolymorum,
2741 1871 3112 1941 subiectisque
3145 1868 3282 1940 ipsis
3298 1868 3592 1939 episcopis,

2003 1974 2084 2030 ut,
2122 1979 2246 2036 qua:
2276 1963 2412 2032 ipsis
2445 1963 2746 2034 placerent,
2783 1961 2851 2016 ad
2880 1961 3266 2030 imperatorem
3297 1960 3594 2020 referrent.

301 2057 606 2121 Φλαϐιανδς
657 2057 714 2112 δὲ
747 2059 846 2122 τὰς
873 2062 1023 2130 τρεῖς
1057 2060 1225 2130 μόνας
1261 2059 1516 2122 συνόδους
1547 2059 1642 2111 καὶ
1693 2057 1754 2110 τὸ
1798 2055 1895 2110 τοῦ

2002 2065 2194 2112 auctor
2242 2055 2363 2109 fuit.
2399 2053 2692 2109 Flavianus
2749 2067 2913 2124 porro
2958 2053 3198 2124 synodos
3235 2060 3345 2107 tres
3387 2052 3596 2108 solum-

303 2148 556 2217 Ζήνωνος
593 2145 885 2202 Ἐνωτικὸν
901 2149 1158 2219 δέχεσθαι
1184 2149 1450 2221 ἔγραψεν,
1473 2150 1572 2219 τῆς
1594 2149 1650 2202 ὲν
1682 2147 1898 2219 Χαλκηο

303 2237 410 2290 δόνι
447 2238 676 2310 μνήμην
717 2239 791 2310 μὴ
843 2239 1237 2310 ποιησάμενος.
1271 2239 1459 2302 Ἠλίας
1489 2239 1546 2291 δὲ
1599 2241 1628 2292 ὁ
1667 2238 1898 2310 Ἱεροσο·

307 2328 493 2397 λύμων
526 2330 640 2401 (21)
673 2331 768 2384 καὶ
797 2330 896 2402 τὴν
927 2333 984 2385 ὲν
1018 2331 1324 2402 Χαλκηδόνι
1367 2331 1606 2403 ἔγραψεν
1652 2330 1897 2384 ἀποϐάλ-

311 2420 516 2475 λεσθαι.
552 2422 866 2493 Σωτήριχος
901 2424 956 2476 δὲ
972 2425 999 2477 ό
1027 2424 1364 2495 Καισαρείας
1383 2423 1781 2486 Καππαδοκίας
1805 2421 1902 2474 καὶ

303 2510 539 2576 Ξεναῒας
591 2515 634 2546 ³⁵
665 2516 809 2568 κατὰ
846 2515 1149 2570 Φλαϐιανοῦ
1203 2516 1299 2568 καὶ
1343 2515 1502 2568 Ἠλία
1548 2515 1824 2588 ἀνήγαγον
1857 2513 1900 2545 ¹⁶

301 2605 380 2674 τῷ
403 2606 641 2674 βασιλεῖ,
674 2606 756 2660 ὅτι
779 2607 867 2659 διὰ
905 2606 965 2660 τὸ
997 2608 1073 2678 μὴ
1104 2605 1281 2660 θέλειν
1308 2607 1503 2670 αὐτοὺς
1521 2605 1735 2677 τρανῶς
1761 2606 1903 2660 κατὰ

301 2696 402 2766 τῆς
431 2697 655 2750 συνόδου
683 2696 780 2767 τῆς
811 2698 869 2750 ὲν
900 2696 1210 2766 Χαλκηδόνι
1240 2697 1650 2768 ἀποφήνασθαι,
1704 2693 1904 2766 συνῆλ-

305 2788 400 2842 θον
426 2789 703 2860 ἀλλήλοις.
744 2788 1098 2852 Ἀναστάσιος
1143 2789 1199 2842 δὲ
1221 2789 1500 2859 ὀργισθεὶς
1530 2787 1640 2858 (22)
1673 2787 1904 2841 ὑπέθετο

308 2883 574 2950 μοναχοϊς
614 2896 727 2933 τισι
772 2879 1148 2951 ψευδωνύμως
1182 2879 1459 2933 συνελθεῖν
1515 2880 1557 2911 ⁸⁷
1599 2881 1656 2933 ἐν
1696 2879 1900 2933 Ἀντιοο

304 2975 438 3045 χείᾳ
473 2973 569 3027 καὶ
591 2975 731 3028 κατὰ
749 2973 1054 3028 Φλαϐιανοῦ
1079 2974 1394 3038 στασιάσαι,
1425 2972 1713 3038 αἰτοῦντας
1742 2973 1904 3028 αὐτὸν

304 3065 711 3134 ἀναθεματίσαι
750 3066 849 3137 τὴν
882 3066 941 3118 ἐν
969 3065 1275 3136 Χαλκηδόνι
1322 3065 1543 3120 σύνοδον
1574 3067 1669 3120 καὶ
1703 3066 1904 3120 Διόδω-

308 3174 408 3229 ρον
441 3159 537 3210 καὶ
569 3158 842 3229 Θεόδωρον
873 3159 970 3213 καὶ
1009 3157 1164 3214 Ἴδαν
1189 3160 1284 3213 καὶ
1312 3158 1696 3231 Θεοδώρητοψ
1746 3159 1777 3213 ὃ
1810 3160 1906 3214 καὶ

306 3250 571 3321 ἑποίησεν
619 3251 1038 3322 μικροψυχήσας
1089 3250 1410 3320 Φλαϐιανδς,
1463 3253 1557 3305 καὶ
1589 3252 1678 3307 ἐπ’
1707 3252 1906 3325 ἐκκλη-

307 3346 437 3408 σίας
468 3345 667 3408 αὐτοὺς
695 3345 1090 3416 ἀνεθεμάτισεν
1127 3346 1225 3399 σὺν
1255 3349 1323 3417 τῇ
1357 3347 1582 3419 συνόδῳ.

2001 2150 2163 2206 modo
2194 2157 2248 2204 et
2294 2147 2534 2202 Zenonis
2591 2145 2922 2201 llcnoticum
2983 2160 3043 2200 se
3073 2146 3317 2214 recipere
3349 2143 3594 2213 scripsit,

2003 2239 2156 2295 nulla
2208 2254 2436 2309 prorsus
2486 2238 2554 2292 de
2600 2235 3042 2292 Chalcedonensi
3091 2235 3232 2290 facta
3283 2235 3593 2290 mentione:

2004 2333 2152 2387 tilias
2204 2341 2390 2386 autem
2423 2329 2932 2400 Hierosolymorum
2964 2329 3256 2400 episcopus
3293 2328 3600 2384 Chalcedo-

2003 2439 2232 2479 nensem
2308 2439 2369 2479 se
2411 2423 2761 2494 proscribere
2811 2428 3050 2477 testatus
3096 2432 3215 2477 est:
3275 2421 3598 2477 Soterichus

2001 2529 2182 2572 autem
2240 2516 2506 2572 Caesarea:
2552 2513 2913 2584 Cappadociae
2966 2521 3022 2568 et
3066 2512 3305 2569 Xenaias
3357 2514 3599 2584 impera-

2003 2606 2108 2663 tori
2157 2606 2422 2661 adversus
2460 2605 2783 2659 Flavianum
2833 2613 2890 2660 et
2936 2604 3112 2659 Eliam
3167 2604 3596 2674 rescripserunt,

2004 2697 2156 2769 ipsos
2212 2698 2500 2764 nimirum,
2559 2697 2690 2752 dum
2759 2697 3596 2754 adversus‘Chalcedonensem

2007 2791 2276 2864 synodum
2311 2790 2491 2862 palam
2540 2789 2673 2844 dare
2705 2792 3038 2844 sententiam
3093 2799 3435 2857 recusarent,
3463 2805 3601 2863 quo-

2007 2884 2191 2939 minus
2251 2884 2307 2938 in
2366 2889 2570 2937 emtum
2627 2889 2682 2938 et
2727 2897 2896 2936 unum
2962 2898 3187 2938 sensum
3244 2885 3480 2951 coirent,
3538 2887 3594 2941 in

2008 2990 2176 3031 causa
2214 2973 2410 3030 fuisse.
2464 2974 2647 3041 Quare
2691 2975 2868 3030 iratus
2898 2974 3226 3032 Anastasius
3285 2975 3438 3032 falsis
3476 2976 3600 3047 qui-

2011 3069 2243 3125 busdam
2296 3068 2601 3134 monachis,
2652 3076 2713 3123 ιιι
2741 3068 3050 3124 Antiochiae
3100 3069 3478 3139 convenirent,
3511 3071 3603 3126 ubi

2013 3164 2251 3219 tumultu
2296 3163 2353 3218 in
2406 3160 2728 3216 Flavianum
2789 3162 3054 3232 excitato,
3098 3163 3602 3220 Chalcedonensem

2015 3257 2286 3328 synodum
2352 3253 2630 3324 simulque
2684 3252 3008 3319 Diodorum,
3044 3253 3414 3318 Theodorum,
3457 3254 3603 3310 Ibam

1935 3350 1976 3406 C
2012 3360 2068 3407 et
2132 3347 2540 3405 Theodoretum
2602 3363 2728 3404 cum
2787 3349 3168 3405 exsecratione
3219 3366 3344 3407 eum
3388 3351 3608 3422 ejurare

310 3439 680 3508 postularent,
720 3441 1025 3511 suggessit:
1061 3442 1212 3510 quod
1273 3441 1366 3496 ille
1408 3456 1474 3496 ex
1535 3442 1703 3497 animi
1775 3445 2085 3517 dejectione
2131 3452 2428 3500 exsecutus
2459 3450 2567 3509 est,
2635 3451 2690 3498 et
2743 3441 2796 3497 in
2833 3441 3087 3498 ecclesiae
3171 3442 3392 3514 publico
3469 3460 3606 3501 con.

308 3541 481 3586 ventu
539 3547 634 3588 eos
682 3547 789 3586 una
844 3546 968 3586 cum
1011 3537 1224 3605 synodo
1261 3534 1418 3604 132
1460 3537 1738 3604 percussit
1771 3540 2141 3596 anathemate.

386 3623 479 3694 Τῷ
511 3623 560 3676 δ’
602 3625 751 3694 αὐτῷ
794 3624 904 3678 ἔτει
954 3626 1048 3679 καὶ
1097 3628 1240 3680 κατὰ
1279 3627 1617 3682 Μακεδονίου
1668 3630 1698 3684 ὁ
1752 3630 1908 3701 βασις-

309 3714 444 3781 λεὺς
477 3717 592 3788 (25)
645 3718 1086 3772 κατεσκεύασεν
1142 3723 1238 3773 καὶ
1294 3720 1344 3772 οἱ
1397 3721 1726 3792 ἁποσχισταὶ
1767 3724 1906 3794 μετὰ

313 3809 609 3880 μισθωτῶν
633 3809 809 3880 δχλων
851 3813 908 3866 ὲν
959 3811 1039 3884 τῷ
1083 3811 1443 3883 Ἀρχαγγέλῳ
1493 3814 1588 3867 τοῦ
1634 3816 1900 3871 παλατίου

310 3901 411 3954 καὶ
436 3903 494 3955 ἐν
523 3905 590 3972 τῇ
617 3902 846 3973 Μεγάλῃ
891 3904 1190 3974 Ἐκκλησία
1218 3904 1513 3974 ψάλλοντες
1543 3906 1601 3959 ἐν
1646 3908 1900 3980 Κυριακῇ

310 3993 380 4046 τὸ
411 3994 708 4064 Τρισὰγιον
745 3996 1100 4066 προσετίθουν
1127 3999 1208 4062 τὸ,
1247 3997 1310 4051 '0
1341 3999 1386 4030 ¹³
1424 4000 1790 4068 σταυρωθεὶς
1827 3999 1903 4056 δι’

310 4083 498 4153 ἡμᾶς,
538 4084 678 4139 ὥστε
702 4087 828 4149 τοὺς
855 4087 1172 4159 ὀρθοδόξους
1211 4089 1271 4154 ἐξ
1307 4089 1558 4162 ἀνάγκης
1590 4093 1730 4162 μετὰ
1759 4091 1902 4162 πλη-

314 4179 435 4247 γῶν
463 4178 660 4238 αὐτοὺς
718 4179 930 4233 ἐλάσαι.
979 4179 1038 4234 '0
1083 4180 1141 4234 δὲ
1192 4180 1445 4251 βασιλεὺς
1491 4183 1788 4254 προφανῶς
1816 4184 1909 4239 διὰ

317 4269 432 4321 τῶν
459 4269 806 4340 ἁποσχιστῶν
838 4271 1088 4342 μοναχῶν
1124 4274 1219 4325 καὶ
1248 4271 1528 4344 κληρικῶν
1559 4273 1654 4328 καὶ
1695 4273 1913 4328 Ἰουλιαο

317 4359 418 4414 νοῦ
440 4361 535 4414 τοῦ
571 4363 614 4394 ³⁸
651 4363 866 4435 Καρίας
897 4365 942 4395 ¹⁹
969 4364 1099 4418 ποτὲ
1121 4365 1446 4433 ἐπισκόπου,
1472 4365 1663 4441 ἔπειτα
1689 4365 1747 4420 δὲ
1768 4366 1912 4420 Ἀλι-

315 4456 658 4528 καρνασσοῦ,
694 4457 792 4510 καὶ
838 4458 1080 4528 Σευήρου
1109 4457 1206 4511 τοῦ
1230 4457 1524 4522 δυσσεϐοῦς
1561 4458 1641 4512 ἔτι
1673 4459 1911 4531 μοναχοῦ

2085 3629 2202 3686 Hoc
2221 3627 2385 3683 etiam
2422 3642 2570 3682 anno
2598 3626 2897 3698 imperator
2927 3627 3250 3684 Macedonio
3286 3631 3490 3687 struxit
3513 3630 3605 3687 in-

2009 3722 2183 3779 sidias
2211 3740 2224 3776 :
2260 3720 2597 3778 schismatiei
2626 3736 2755 3776 vero
2787 3723 2945 3776 turba
2978 3721 3230 3778 mercede
3251 3724 3522 3779 conducta
3550 3726 3604 3780 in

2009 3815 2126 3870 aede
2161 3814 2229 3869 ad
2280 3813 2548 3885 palatium
2597 3812 2947 3884 Arehangelo
2992 3813 3174 3870 dicata
3223 3816 3368 3870 etin
3413 3815 3606 3888 Magna

1983 3921 2230 3980 quoque
2269 3907 2504 3963 ecclesia
2547 3906 2637 3962 die
2681 3906 2966 3962 Dominico
3012 3914 3096 3962 ter
3146 3918 3400 3962 sanctum
3443 3908 3602 3980 hym-

2011 4014 2142 4056 num
2193 4009 2480 4066 canentes,
2537 3998 2853 4055 addidere:
2905 3999 3013 4064 Qui
3069 4000 3358 4069 cruciﬁxus
3399 4017 3454 4055 es
3509 4018 3605 4071 pro

2012 4093 2163 4146 nobis
2205 4107 2225 4146 :
2267 4107 2334 4148 ex
2367 4107 2478 4165 quo
2507 4093 2573 4148 ad
2617 4107 2713 4148 eos
2762 4093 2924 4148 etiam
2970 4092 3246 4163 adjunctis
3285 4093 3606 4150 verberibus

2011 4185 2386 4240 cxtrudendos
2441 4185 2665 4255 impulsi
2732 4193 2864 4240 sunt
2915 4185 3233 4241 orthodoxi.
3301 4185 3606 4257 Imperator

2013 4285 2198 4332 autem
2231 4278 2718 4334 Schismaticorum
2751 4279 3150 4334 monachorum
3177 4277 3425 4351 clerique
3455 4281 3606 4335 viro—

2018 4385 2138 4423 rum
2181 4379 2236 4424 et
2281 4367 2488 4425 Juliani
2529 4369 2804 4439 quondam
2833 4369 3040 4435 Cariae,
3082 4375 3430 4440 postmodum
3478 4387 3606 4426 vero

2021 4461 2396 4517 Halicarnassi
2443 4462 2710 4532 episc0pi,
2743 4469 2798 4516 et
2841 4462 2990 4532 impii
3044 4460 3228 4517 Severi
3272 4464 3604 4518 monachum

313 4547 495 4612 ὄντος,
523 4547 784 4618 ἐπολέμει
807 4547 899 4602 τὸν
920 4547 1274 4614 Μακεδόνιον,
1308 4547 1531 4620 ὕϐρεσιν
1555 4549 1719 4602 αὐτὸν
1740 4550 1803 4620 δη
1812 4567 1900 4621 μο-

2013 4552 2195 4608 adhuc
2243 4554 2454 4624 agentis
2484 4568 2648 4624 opera
2703 4553 2865 4608 {cedis
2905 4553 3083 4623 palam
3143 4554 3364 4612 emissis
3403 4565 3607 4611 contu-

1601 4640 1839 4698 VABUE
1879 4644 2288 4704 LECTIONES.

394 4735 416 4767 ⁸
439 4736 636 4809 Σιδῶνι
659 4735 725 4800 Α,
749 4735 992 4809 -Σιδωνίᾳ
1016 4735 1165 4809 vnlg.

317 4807 447 4875 γέγ.
470 4807 647 4869 οὕτως
672 4807 822 4875 vulg.
901 4809 940 4839 “
962 4805 1250 4878 νᾶπελθεῖν]
1273 4807 1570 4878 ἀποθανεῖν
1601 4809 1647 4862 Α
1676 4825 1729 4863 e.

1240 4739 1262 4771 ⁸
1314 4737 1667 4801 Ἀναστάσιος
1706 4739 1833 4794 add.
1874 4741 2021 4795 exh.

1829 4813 1961 4882 ¹¹νὲν
1994 4811 2170 4866 Χαλκ.
2211 4816 2277 4879 Α,
2318 4811 2377 4866 ὲν
2409 4813 2476 4882 τῇ

318 4893 388 4952 ex
427 4879 490 4930 A.
575 4877 618 4952 ξδ
651 4879 724 4952 τα
747 4877 884 4948 πρὸς
916 4877 1196 4952 ᾐδονὴνῄι),
1227 4877 1727 4952 τὰ-πρδςΫΣιδόν-ιον
1747 4879 1812 4952 A,
1837 4881 1907 4935 τὰ
1933 4883 2084 4951 παρὰ
2115 4877 2376 4936 Σιδωνίαν
2400 4877 2549 4952 vulg.

2135 4741 2176 4774 ¹⁰
2207 4740 2619 4814 πολεμιώτατος
2649 4734 3057 4814 γέγονενγοῦτος
3111 4743 3166 4805 b,
3219 4742 3608 4814 πολεμιώτατα

2527 4814 2596 4866 Χ.
2627 4812 2774 4884 vulg.
2826 4813 2898 4884 _F'
2923 4815 3018 4864 καὶ
3049 4822 3176 4866 ante
3217 4812 3448 4884 συνέστη
3481 4819 3606 4874 add.

2630 4883 2676 4915 ¹⁸
2701 4882 2796 4935 καὶ
2823 4882 3049 4946 Ξεναῖας
3070 4899 3178 4937 oin.
3202 4885 3247 4937 A
3276 4899 3327 4938 c.
3438 4882 3482 4918 λ’
3517 4890 3612 4942 ἀν·

322 4947 544 5028 ἠγαγεν
567 4948 632 5002 Α.
667 5019 680 5028 ¹
712 4949 754 4984 ⁸⁷
775 4947 1074 5028 -συνελθεὶν
1102 4947 1168 5015 Α,
1196 4947 1524 5003 συνδιελθείν
1563 4950 1709 5022 vulg.
1753 4951 1798 4982 ⁸⁸
1826 4952 1855 5005 ὁ
1877 4947 2101 5008 οιΙιΙίοιι
2121 4956 2189 5010 A.
2267 4953 2309 4985 ¹⁹
2338 4951 2432 5006 τοῦ
2461 4947 2527 5019 Α]
2547 4955 2646 5026 τῆς
2675 4955 2822 5025 vulg.
2900 4954 2946 4985 ²⁰
2983 4956 3210 5025 Καρυᾶς
3240 4955 3273 5010 b
3293 4969 3345 5021 e,
3373 4957 3608 5028 Βαρείας

319 5031 376 5086 a,
402 5019 748 5090 Καισαρείας
771 5019 812 5076 1³.

1663 5113 1803 5169 JAC.
1835 5113 2048 5170 GOARI
2076 5114 2306 5174 ΝΟΤᾸΞ.

403 5204 792 5279 (20)_Cyrillus_
828 5215 1026 5279 auctor
1056 5203 1194 5260 Vitas
1221 5206 1280 5279 SA.
1315 5205 1475 5279 Sabae
1513 5205 1914 5279 apuﬁdSurium

320 5276 427 5333 die
446 5279 479 5330 5
514 5276 827 5331 Decembris
853 5291 921 5331 ex
952 5276 1036 5330 his
1064 5277 1328 5331 nonnulla
1360 5277 1532 5332 refert
1559 5293 1573 5329 :
1603 5277 1704 5330 fuit
1728 5287 1910 5330 autem

318 5348 710 5419 Cyrillustlle
763 5345 922 5401 Saba:
984 5362 1230 5416 suppar,
1283 5363 1350 5404 ac
1402 5363 1541 5417 pene
1595 5343 1908 5402 coazta'nens

319 5418 610 5475 Anastasii
644 5419 775 5486 imp.
813 5425 868 5472 et
914 5419 1328 5488 episcoporum,
1370 5433 1603 5488 quorum
1631 5420 1720 5470 hic
1757 5424 1910 5488 gesta

320 5499 714 5544 recensentur.
753 5488 827 5542 De
879 5486 1074 5559 synodi
1113 5486 1282 5543 istius
1328 5486 1474 5543 anno
1519 5488 1733 5542 auctori
1767 5486 1912 5540 Mar-

321 5560 567 5614 cellinus
602 5574 710 5612 non
747 5561 1046 5613 consentit.

404 5628 520 5700 (9.1)
574 5629 696 5684 Istis
754 5628 1080 5684 adversatur
1127 5628 1390 5699 praefatus
1422 5627 1699 5700 Cyrillus,
1747 5625 1913 5700 cuius

323 5697 712 5755 testimonium
769 5700 1037 5768 approbat
1095 5697 1367 5754 Baronins
1429 5697 1495 5755 ad
1539 5714 1745 5753 annum
1786 5697 1912 5762 512,

323 5786 492 5827 num.
521 5771 589 5825 16
615 5811 630 5834 ,
655 5768 916 5824 Petavius
951 5771 1042 5825 lib.
1083 5787 1180 5824 xm
1216 5771 1292 5826 De
1337 5771 1481 5836 doct.
1517 5781 1671 5838 temp.
1704 5777 1759 5823 et
1796 5769 1913 5830 alii.

325 5844 613 5898 sincerum
652 5841 972 5895 orthodoxae
1003 5841 1126 5894 ﬁdei
1153 5843 1501 5899 defensorem
1532 5841 1705 5897 Etiam
1745 5840 1913 5896 istum

655 5935 928 5998 PATROL.
969 5937 1085 5998 GR.
1108 5937 1328 6000 CVIII.

2026 5218 2339 5267 asserentes
2367 5227 2380 5266 :
2413 5208 2480 5264 de
2507 5207 2768 5265 Flaviano
2794 5210 3048 5280 superius
3071 5217 3274 5280 actum.
3301 5206 3606 5278 Utrumqn:
3649 5227 3656 5229 ‘

2021 5290 2172 5334 certe
2209 5284 2496 5350 sequentia
2543 5280 2819 5335 vindicant
2851 5279 2878 5333 :’
2908 5288 2967 5333 ut
3013 5281 3142 5350 quid
3179 5279 3322 5332 enim
3359 5281 3411 5330 in
3454 5280 3605 5346 judi-

2021 5352 2168 5404 cium
2205 5348 2352 5405 velut
2404 5351 2484 5405 rei
2519 5354 2889 5414 traherentur,
2937 5349 3030 5418 qui
3075 5348 3189 5415 jam
3230 5350 3282 5402 in
3313 5359 3605 5403 accusato-

2023 5435 2143 5491 rum
2199 5431 2420 5491 partes,
2475 5421 2522 5475 si
2561 5435 2686 5491 vera
2733 5418 2874 5473 foret
2925 5420 3178 5491 historia,
3210 5418 3604 5491 transii‘ssent?

2021 5489 2172 5546 lilias
2203 5487 2322 5561 ipse
2361 5490 2739 5561 defensionem
2791 5505 2949 5544 suam
2985 5488 3230 5544 instituit
3265 5487 3410 5559 apud
3465 5491 3601 5545 Eva.

2023 5560 2236 5630 grium,’
2259 5563 2353 5614 lib.
2380 5576 2464 5623 ιιι,
2496 5575 2618 5629 cap.
2647 5560 2736 5614 51.

2097 5630 2211 5702 (22)
2262 5630 2318 5684 In
2358 5627 2691 5702 contrariam
2741 5636 2979 5685 mentem
3037 5627 3240 5684 factum
3283 5630 3387 5686 hoc
3442 5632 3606 5688 vertit

2024 5698 2293 5771 Evagrius
2325 5717 2450 5771 cap.
2483 5699 2573 5754 52.

2098 5769 2211 5843 (23)
2245 5769 2453 5828 Theod.
2489 5771 2637 5826 Lcct.
2669 5779 2913 5840 excerpt.

3179 5925 3254 5983 12
