4088 6434
491 412 618 478 -ᾛΕἸ

1917 402 2409 464 THEOPHANIS

3677 401 3780 464 368

519 542 646 583 eum
698 521 943 594 scripsit.
983 519 1334 592 Perpendeus
1361 532 1526 590 porro
1551 517 1878 573 Anastasius
1919 516 2099 572 Mace-

2216 513 2480 585 uaiprups;
2515 528 2606 565 και
2659 511 2956 581 κατήγοροι
3003 509 3180 575 ὄντες,
3219 507 3432 562 ἀπόντα
3465 509 3781 583 καθαιροῦσι

515 619 743 676 donium
795 614 998 670 indicta
1029 628 1193 666 causa
1227 612 1446 667 nullave
1490 609 1855 680 depositionis
1885 610 1938 663 in
1969 626 2094 664 eum

2216 608 2291 659 τὸν
2321 603 2654 675 ἐκϐληθέντα
2679 603 2784 673 πρὸ
2819 603 3078 672 κρίσεως,
3097 603 3190 656 καὶ
3219 601 3288 655 δι’
3303 603 3622 658 ἐπισκόπων
3650 605 3784 677 πέμ-

517 714 624 766 lata
656 707 927 764 sententia
969 706 1023 759 in
1055 705 1307 759 exsilium
1341 702 1600 772 ejectum,
1629 701 1800 757 misso
1835 701 2100 772 magistro

516 804 658 858 diem
709 803 757 856 ei
793 801 932 854 dixit
978 800 1117 852 ultra
1154 794 1556 864 Claudiopolim
1606 791 1938 848 Honoriadis
1973 807 2099 860 pro-

514 901 732 954 vinciaa.
764 897 819 951 In
851 911 974 950 eum
1016 909 1146 948 vero
1177 892 1420 962 judices,
1455 897 1624 945 testes
1658 897 1712 945 et
1745 895 2099 943 accusatores

517 991 757 1048 instituti
791 991 1136 1060 deportatum
1155 987 1266 1056 jam
1295 992 1422 1038 ante
1445 982 1711 1053 judicium
1737 990 1790 1036 et
1817 981 2099 1035 absentem

519 1085 766 1138 muneris
809 1081 1166 1151 abrogatione
1214 1077 1481 1132 damnant
1511 1083 1565 1129 et
1597 1089 1692 1143 per
1731 1073 2023 1144 episcopos
2050 1082 2104 1127 et

515 1175 900 1247 presbyterum
967 1171 1300 1242 Cyzicenum
1348 1166 1712 1236 depositionis
1770 1164 2100 1221 sententiam

518 1269 764 1324 mittunt.
831 1259 993 1337 13A
1038 1267 1186 1330 Quos
1239 1263 1331 1318 ubi
1381 1260 1672 1332 conspexit
1723 1259 2102 1324 Macedonius,

515 1361 685 1416 etiam
732 1369 860 1412 ante
923 1355 1198 1412 sermonis
1239 1354 1526 1409 exordium
1584 1353 1928 1423 interrogat,
1970 1367 2102 1406 num

513 1451 1021 1509 Chalcedonensem
1047 1446 1314 1517 synodum
1343 1445 1674 1499 admittunt?
1701 1441 2106 1514 Respondenti-

519 1547 623 1601 bus
652 1545 759 1599 illis
792 1561 806 1598 :
847 1540 922 1596 Tu
961 1540 1080 1610 quis
1118 1555 1170 1592 es
1205 1537 1396 1592 ?dixit
1453 1537 1611 1605 ipse:
1650 1533 1966 1589 Sabbatiani
2013 1541 2108 1587 aut

520 1631 917 1695 Macedoniani,
964 1629 1010 1682 si
1067 1626 1196 1682 mihi
1248 1625 1593 1693 depositionis
1641 1623 1928 1694 deferrent,
1985 1640 2107 1678 sen-

519 1725 739 1779 tentiam
804 1737 884 1775 me
930 1721 1214 1774 admittere
1263 1723 1547 1785 oporteret.
1584 1713 1649 1769 Et
1702 1714 1776 1769 ita
1810 1730 1869 1768 re
1904 1713 2108 1769 infecta

516 1817 721 1872 reversi
764 1822 932 1869 sunt:
986 1815 1102 1882 ipse
1132 1824 1263 1864 vero
1302 1807 1630 1862 Euchaitam
1675 1806 1954 1877 profectus
2000 1815 2108 1861 est.

2201 716 2362 752 πουσι
2397 698 2494 768 τὴν
2522 695 2842 767 καθαίρεσιν
2883 696 2976 747 καὶ
3023 693 3400 765 πρεσϐυτέρου
3449 694 3782 766 Κυζικηνοῦ.

2202 791 2438 854 Τούτους
2468 790 2514 821 ⁸⁸
2547 789 2670 842 ἰδὼν
2721 787 3076 851 Μακεδόνιος,
3133 786 3265 857 πρὶν
3295 787 3497 850 αὐτοὺς
3537 788 3781 860 λαλῆᾶαι,

2201 879 2410 951 ἠρώτα,
2467 882 2516 934 εἰ
2565 879 2810 949 δέχονται
2840 879 2888 910 ⁸⁸
2918 880 3019 949 τὴν
3072 881 3130 932 ἐν
3167 879 3473 950 Χαλκηδόνι
3533 883 3780 937 σύνοδον⁶

2203 969 2310 1023 τῶν
2339 969 2395 1023 δὲ
2425 968 2686 1021 εἰπόντων
2709 984 2723 998 ο
2763 969 2858 1034 Τίς
2891 967 2937 998 ⁸⁸
2968 969 3076 1037 γὰρ
3103 963 3194 1032 εἷς
3229 968 3350 1021 τότε
3375 970 3418 1001 ⁸⁷
3459 971 3620 1034 αὐτὸς
3644 972 3743 1044 ἐφη
3767 987 3780 1000 ·

2204 1061 2595 1116 Σαϐϐατιανοὶ
2625 1059 2662 1126 ἢ
2705 1059 3167 1126 Μακεδονιανοι,
3199 1063 3252 1114 εὶ
3291 1061 3509 1131 ἔφερόν
3530 1081 3631 1131 μοι
3662 1067 3788 1118 καθ-

2203 1154 2459 1222 αίρεσιν,
2496 1153 2617 1206 ἔδει
2661 1171 2738 1224 με
2765 1155 3080 1218 δέξασθαι.
3114 1155 3221 1207 Καὶ
3248 1154 3421 1218 οὕτως
3449 1156 3788 1227 ὑπέστρεψαν

2205 1247 2508 1318 ἄπρακτοι·
2537 1247 2632 1300 καὶ
2673 1246 2835 1310 αὐτὸς
2857 1246 3127 1301 κατέλαϐε
3157 1247 3258 1318 τὴν
3294 1249 3562 1318 Εὑχαΐταν
3582 1250 3628 1280 ⁸⁸
3659 1251 3788 1322 (58).

2207 1338 2341 1390 Τότε
2371 1340 2464 1392 καὶ
2486 1338 2785 1394 Φλαϐιανὸν
2822 1339 3128 1393 ἐσπούδασε
3160 1339 3276 1410 (39)
3323 1339 3416 1393 τοῦ
3451 1341 3642 1411 θρόνου
3678 1342 3793 1397 ’Λν-

2205 1430 2444 1500 τιοχείας
2490 1429 2743 1484 ἐκϐαλεῖν
2777 1431 2805 1482 ό
2840 1430 3158 1499 παράνομος
3193 1430 3473 1500 βασιλεὺς,
3511 1435 3604 1486 καί
3636 1434 3796 1504 Σευῆ-

2211 1540 2302 1592 ρον
2339 1524 2429 1576 τὸν
2469 1523 2722 1593 προφανῆ
2771 1523 2868 1591 τῆς
2907 1521 3167 1593 ἀληθείας
3197 1521 3395 1594 ἐχθρὸν
3427 1524 3792 1592 ἀντεισάγειν.

2221 1615 2513 1670 Ἐπέθεντο
2536 1615 2593 1669 δέ
2623 1615 3061 1687 κατηγοροῦντες
3094 1616 3257 1670 αὑτὸν
3280 1618 3362 1669 ὃτι
3383 1617 3612 1684 στόματι
3645 1619 3795 1686 μόνον

2209 1707 2308 1778 τὴν
2340 1708 2556 1763 σύνοδον
2586 1707 2998 1779 άνεθεμάτισεν,
3020 1709 3115 1761 καὶ
3141 1709 3202 1762 οὐ
3231 1709 3452 1778 καρδίᾳ..
3485 1710 3684 1763 Λοιπὸν
3709 1711 3797 1764 καὶ

2214 1799 2664 1853 συνεϐουλεύοντο
2695 1802 2743 1854 οἱ
2790 1799 3138 1870 πεμφθέντες
3193 1801 3458 1871 ἄρχοντες
3505 1801 3654 1870 παρὰ
3711 1801 3796 1854 τοῦ

517 1904 720 1960 Eadem
772 1872 1372 1972 quoquc-tempestate
1418 1872 1740 1951 Flavianum
1797 1896 2109 1951 Antiochiae

2217 1890 2483 1961 βασιλέως
2521 1891 2617 1946 τοῦ
2643 1891 2873 1958 ἐξεῶσαι
2909 1893 3094 1957 αὑτὸν,
3131 1893 3225 1946 καὶ
3246 1892 3433 1961 ὀλίγον
3455 1893 3796 1964 ὑποχωρῆσαι

517 1999 717 2052 throno
748 1995 988 2065 dejicere
1041 1993 1272 2046 tentavit
1310 1989 1535 2060 iniquus
1589 1988 1912 2056 imperator,
1967 1990 2106 2045 etin

516 2087 638 2157 ejus
667 2088 851 2140 locum
902 2083 1164 2137 Severum
1201 2090 1450 2151 apertum
1486 2079 1737 2134 veritatis
1770 2079 1983 2133 hostem
2023 2080 2108 2134 in-

517 2179 759 2233 trudere.
794 2174 910 2230 Hoc
937 2190 1107 2229 unum
1136 2171 1932 2237 insimulabantaccusatores,
1959 2171 2106 2242 quod

517 2289 614 2326 ore
653 2270 793 2336 solo,
841 2283 952 2323 non
982 2265 1169 2322 cordis
1216 2279 1385 2320 sensu
1417 2263 1707 2318 anathema
1745 2263 1798 2317 in
1837 2264 2108 2335 synodum

522 2362 964 2435 pronuntiasset.
1003 2357 1310 2414 Consilium
1333 2356 1595 2429 ‘subinde
1655 2355 1862 2410 dabant
1901 2358 1994 2425 qui
2041 2356 2112 2410 ad

519 2472 646 2510 eum
681 2451 1064 2523 expellendum
1092 2449 1160 2503 ab
1189 2449 1524 2518 imperatore
1543 2446 1697 2500 missi
1739 2445 1959 2501 fuerant
1995 2462 2111 2500 ma-

521 2549 806 2618 gistratus,
851 2552 912 2597 ut
938 2543 1010 2597 ob
1048 2551 1240 2596 enatos
1282 2540 1556 2593 tumultus
1587 2539 1654 2592 ad
1690 2538 1858 2592 breve
1896 2548 2114 2608 tempus

519 2639 824 2694 secederet.
859 2635 1158 2704 llloitaque
1189 2632 1257 2687 ad
1291 2632 1556 2688 Platanos
1580 2631 1853 2702 profecto,
1883 2631 2113 2700 impium

523 2735 786 2788 Severum
837 2730 895 2784 in
931 2726 1417 2784 scltismaticorum
1464 2725 1800 2778 monasterio
1841 2723 1908 2778 ad
1953 2720 2114 2778 Gazae

522 2823 820 2892 Majumam
862 2819 1019 2890 prius
1057 2815 1388 2871 monachum
1421 2821 1672 2883 agentem
1701 2812 1994 2867 confestim
2024 2827 2116 2867 or—

524 2915 861 2969 dinaverunt
907 2911 1276 2980 episcopum:
1346 2905 1672 2961 Flavianum
1734 2921 1868 2960 vero
1926 2905 2120 2962 Petras

2215 1984 2304 2037 διὰ
2329 1985 2420 2038 τὸν
2448 1985 2710 2056 τάραχον.
2734 1985 2939 2040 Τούτου
2955 1985 3011 2040 δέ
3034 1989 3114 2048 είς
3142 1986 3459 2048 Πλατάνους
3485 1984 3798 2050 ἐξελθόντος,

2215 2077 2418 2141 εὐθέως
2467 2080 2559 2131 τὸν
2593 2079 2828 2150 δυσσεϐῆ
2880 2079 3118 2150 Σευῆρον
3151 2077 3573 2150 ἐχειροτόνησαν
3603 2096 3800 2151 προμο-

2216 2171 2454 2226 νάσαντα
2503 2172 2562 2224 ἐν
2588 2174 2652 2242 τῇ
2697 2175 2832 2244 μονῇ
2883 2172 2989 2224 τῶν
3043 2170 3396 2240 άποσχιστῶν
3449 2169 3672 2240 πλησίον
3714 2170 3800 2224 τοῦ

2217 2265 2479 2335 Μαῖουμᾶ
2505 2263 3019 2331 Γάζης.Φλαϐιανὸν
3044 2263 3099 2316 δὲ
3127 2267 3186 2318 ἐν
3221 2265 3462 2333 Πέτραις
3487 2263 3599 2333 (60)
3625 2262 3800 2335 ἐξώρι-

2221 2375 2344 2422 σαν,
2403 2358 2498 2410 καὶ
2557 2357 2752 2420 ἄλλους
2811 2357 3043 2422 πολλοὺς
3111 2357 3456 2420 ἐπισκόπους
3513 2357 3802 2428 σιδηρωμέ-

2219 2466 2342 2512 νους
2360 2449 2404 2482 ⁸³
2432 2449 2546 2520 (Ml
2571 2450 2668 2504 xui.
2699 2449 3000 2523 κληρικοὺς
3036 2453 3132 2504 καὶ
3164 2451 3465 2522 μοναχούς.
3496 2452 3678 2516 Ἠλίας
3702 2452 3753 2505 δὲ
3774 2452 3800 2503 ό

2230 2540 2624 2613 Ἰεροσολύμων
2660 2543 3108 2615 ἀναγκαζόμενος
3139 2545 3242 2598 ὑπὸ
3269 2544 3364 2598 τοῦ
3425 2545 3684 2615 βασιλέως
3705 2545 3733 2615 ἦ
3757 2545 3796 2576 ⁵⁸

2227 2635 2453 2706 Σευήρῳ
2507 2637 2857 2706 κοινωνῆσαι,
2899 2637 3066 2708 ἢτῆς
3096 2638 3416 2708 ἐπισκοπῆς
3468 2638 3788 2708 ἐκϐληθῆναι,

2222 2725 2330 2778 τῶν
2369 2727 2620 2797 μοναχῶν
2678 2730 3075 2800 ὀχυρωσάντων
3128 2729 3313 2795 αὑτὸν,
3361 2734 3470 2800 τῆς
3522 2729 3795 2800 ἐπισκοπῆς

2224 2821 2426 2889 μᾶλλον
2488 2821 2783 2892 ᾑρετίσατο
2850 2823 3222 2894 ἐκϐληθῆναι,
3277 2823 3371 2877 καὶ
3449 2823 3803 2894 ἐχειροτονήθη

2230 2913 2484 2985 Ἰωάννης
2507 2917 2618 2970 ἀπὸ
2641 2917 3103 2988 σταυροφυλάκων
3128 2917 3267 2986 (42),
3287 2917 3623 2987 συνθέμενος
3642 2917 3806 2968 ποιεῖν

525 3007 691 3063 simul
727 3020 853 3060 eum
884 3003 1012 3059 aliis
1054 3001 1303 3073 pluribus
1335 2999 1635 3071 episcopis,
1673 2999 1893 3054 clericis
1920 3009 1975 3054 et
1999 3015 2109 3053 mo-

2220 3004 2320 3058 ὅσα
2379 3005 2614 3062 θέλουσι.
2666 3007 3088 3079 Χειροτονηθεὶς
3137 3008 3196 3061 δὲ
3243 3007 3352 3062 οὐδ’
3401 3009 3590 3079 ἕτερον
3641 3005 3811 3076 ἐποίη-

525 3099 720 3156 nacbis
771 3096 923 3152 ferro
974 3093 1194 3150 onustis
1251 3093 1659 3162 relegaverunt.
1707 3092 1855 3146 Elius
1899 3093 2118 3146 demum
2149 3083 2191 3140 C
2226 3108 2340 3153 σειν,

525 3188 1061 3261 Hierosolymitanus
1089 3197 1183 3240 aut
1227 3201 1352 3241 cmn
1400 3185 1604 3240 Severo
1647 3187 2095 3242 communionem
2141 3205 2353 3261 gerere,
2424 3202 2520 3248 aut
2551 3193 2785 3250 abdicati
2845 3194 3198 3265 episcopatus
3261 3194 3497 3249 multam
3560 3194 3815 3250 sustinere

525 3301 624 3357 per
654 3284 762 3336 vim
801 3281 871 3336 ab
915 3280 1254 3350 imperatore
1296 3277 1640 3347 compulsus,
1691 3276 1978 3332 monachis
2043 3277 2163 3347 ejus
2237 3281 2483 3338 animum
2525 3285 2970 3350 oblirmautibus,
3019 3285 3343 3355 episcopatu
3404 3286 3586 3356 potius
3634 3285 3813 3355 depelli

524 3373 690 3445 elegit
720 3390 734 3426 :
761 3372 816 3426 in
851 3370 1011 3439 cujus
1045 3369 1224 3424 locum
1256 3366 1520 3423 suffectus
1545 3376 1629 3423 est
1663 3367 1884 3436 quidam
1927 3365 2172 3426 Joannes
2211 3387 2241 3426 e
2298 3384 2503 3429 sanctae
2552 3376 2734 3432 crucis
2781 3377 3104 3432 custodibus
3144 3392 3309 3443 unus,
3378 3377 3484 3448 qui
3537 3378 3715 3432 omnia
3755 3374 3815 3428 ad

526 3470 748 3526 illorum
808 3463 1103 3519 arbitrium
1155 3477 1214 3518 se
1269 3460 1547 3517 facturum
1617 3461 1897 3532 pollicitus
1947 3470 2033 3517 est
2091 3465 2291 3536 :quod
2331 3477 2484 3524 certe
2530 3480 2800 3541 occupata
2840 3478 2966 3542 post
3022 3469 3441 3526 ordinationem
3507 3470 3636 3527 sede
3699 3484 3818 3531 nus-

525 3577 694 3634 quam
731 3560 1006 3631 pmstitit.

599 3657 665 3709 A.
695 3653 760 3709 C.
819 3651 946 3706 505.
976 3681 1048 3694 —
1079 3648 1304 3720 Cpoleos
1353 3651 1584 3721 episcopi
1629 3649 1891 3705 Timothei
1945 3665 2124 3704 annus

530 3749 759 3819 primus.

607 3841 1108 3912 Hierosolymorum
1143 3837 1374 3892 Joannis
1406 3853 1578 3891 annus
1610 3837 1838 3907 primus.

607 3934 902 3990 Antiochia
932 3931 1110 3986 Severi
1152 3947 1325 3984 amus
1359 3932 1585 3999 primus.

608 4025 727 4081 Hoc
793 4038 938 4079 anno
995 4022 1327 4076 Vitalianum
1384 4019 1664 4074 Patricioli
1710 4017 2130 4074 Fmderatorum

536 4117 758 4174 comitis
807 4115 980 4169 ﬁlium
1057 4112 1298 4183 Scythia:
1357 4110 1652 4182 Mysiaque
1699 4119 2132 4177 caeterarumque

543 4211 829 4280 regionum
869 4208 1064 4262 incola:
1105 4206 1175 4259 ad
1215 4220 1366 4259 arma
1403 4205 1668 4259 adversus
1711 4203 1937 4275 impium
1983 4200 2129 4257 Ana-

538 4302 772 4358 stasium
824 4298 1093 4355 sumenda
1142 4297 1518 4352 concitabant.
1571 4293 1621 4350 ls
1672 4295 1744 4348 ita
1795 4302 2129 4364 provocatus

2307 3653 2372 3705 Δ.
2401 3651 2477 3705 Μ.
2507 3649 2669 3704 6005.
2687 3649 3480 3716 -Κωνσταντινουπόλεως
3497 3649 3818 3705 ἐπισκόπου

2242 3745 2523 3816 Τιμοθέου
2553 3745 2690 3812 ἔτος
2714 3744 2788 3800 a'.

2318 3841 2748 3910 Ἰεροσολύμων
2779 3839 3060 3895 Ἰωάννου
3085 3841 3221 3908 ἐτος
3250 3841 3324 3897 a'.

2320 3934 2675 4002 Ἀντιοχείας
2702 3934 2970 4002 Σευιὶρου
2995 3934 3132 4000 ἔτος
3167 3941 3240 3989 α’.

2310 4024 2500 4095 Τούτῳ
2533 4023 2609 4094 τῷ
2641 4023 2750 4076 ἐτει
2781 4023 3096 4076 Βιταλιανδν
3123 4023 3214 4076 τὸν
3244 4023 3359 4078 υἱὸν
3393 4025 3506 4094 (45)
3540 4021 3820 4094 Πατρικιό-

2239 4115 2333 4168 λου
2369 4117 2608 4186 κόμητος
2663 4115 3002 4186 Φοιδεράτων
3034 4114 3148 4186 (44)
3173 4117 3222 4168 οι
3277 4117 3338 4168 ἐν
3365 4117 3570 4188 Σκυθίᾳ
3591 4116 3683 4168 καὶ
3707 4115 3819 4168 Μυ-

2243 4207 2334 4278 σίᾳ
2370 4209 2464 4260 καὶ
2492 4206 2706 4269 λοιπαῖς
2736 4206 2944 4276 χώραις
2977 4204 3248 4276 όρθόδοξοι
3279 4207 3631 4277 παρεκάλουν
3674 4220 3820 4271 κινη-

2241 4296 2401 4366 θῆναι
2423 4297 2566 4350 κατὰ
2581 4296 2936 4350 Ἀναστασίου
2961 4296 3055 4349 τοῦ
3072 4296 3385 4359 δυσσεϐοῦς.
3415 4296 3472 4348 '0
3495 4295 3550 4348 δὲ
3570 4293 3816 4365 κινηθεὶς,

543 4395 810 4450 infinitam
865 4406 1097 4464 prorsus
1141 4391 1518 4455 exercituum,
1552 4387 1646 4458 qui
1689 4387 1794 4443 sub
1840 4388 2109 4444 Anastasii

2245 4389 2447 4451 πολλὰς
2497 4389 2764 4460 μυριάδας
2811 4389 3021 4454 ἀνεῖλεν
3070 4388 3302 4461 στρατοῦ
3337 4388 3448 4442 τῶν
3499 4388 3639 4458 ὑπὲρ
3679 4385 3825 4438 Ἀνα-

1829 4520 2068 4578 ἾΑΒΙιΕ
2120 4522 2415 4580 LECTION
2423 4525 2528 4582 ES.

617 4628 662 4659 ’σε
689 4620 936 4694 τούτους]
969 4620 1064 4694 οὓς
1093 4618 1162 4694 ι’.Δ
1210 4617 1257 4694 ξ⁸
1295 4617 1544 4694 δέχονται
1572 4614 1638 4677 Α,
1663 4613 2106 4694 δέχωνταιχυ-Ιε.
2183 4614 2340 4694 “Et;
2364 4619 2427 4694 Α,
2461 4619 2515 4670 τί
2553 4617 2700 4694 vulg.
2720 4617 2765 4694 δῖ
2797 4615 2942 4689 τότε]
2968 4616 3160 4670 τούτου
3179 4615 3246 4670 Δ.
3323 4616 3374 4648 ⁸⁸
3400 4617 3476 4671 τὰ
3498 4613 3735 4686 Εὐχάῖτα
3773 4611 3822 4674 b,

543 4700 643 4770 τὴν
677 4685 949 4767 Εὑχαῒτας
978 4692 1046 4745 Α.
1122 4689 1168 4723 δ’
1208 4688 1337 4744 fort.
1357 4685 1859 4758 σεσιδηρωμένους.
1936 4685 1982 4717 ⁸⁸
2013 4685 2204 4755 ﬂante
2242 4689 2468 4760 Σευήρῳ
2501 4689 2626 4743 add.
2655 4685 2727 4743 ex
2748 4688 2804 4743 b.

1850 4776 1996 4832 JAC.
2027 4777 2162 4833 GOA
2174 4779 2243 4834 ΠΙ
2295 4778 2536 4836 ΝΟΤΔΕ.

615 4882 732 4953 ('58)
761 4879 904 4953 Alibi
953 4877 1026 4930 τὰ
1072 4875 1355 4953 Εὑχάῖτα,
1413 4871 1680 4953 ζξίιΙιγηῖιι)
1721 4870 1946 4953 ιηἰκξιιιξ
1983 4869 2138 4953 prius

547 4937 962 5023 Helenopolim,
990 4963 1054 5002 ac
1091 4937 1368 5018 quondam
1420 4937 1770 5023 Drepanium,
1803 4937 2134 5020 ex.0rtelio.

621 5009 881 5096 (59)7'Sub
913 5009 964 5074 id
988 5009 1236 5096 tempus,
1279 5031 1388 5070 non
1431 5009 1622 5096 eodem
1669 5009 1927 5096 fortassis
1969 5023 2134 5096 apum,

545 5080 671 5166 quae
700 5080 957 5148 videlicet
988 5089 1043 5143 in
1089 5080 1294 5166 annum
1341 5085 1610 5166 praesenti
1633 5080 2047 5166 succedentem,
2082 5089 2138 5166 et

548 5151 602 5220 ib
641 5169 850 5220 huncce
882 5178 946 5215 ex
976 5169 1129 5229 parte
1160 5151 1532 5210 incurrentem
1569 5151 2131 5229 Marcellinus-fderi.

549 5219 780 5304 ltelitjua
812 5233 881 5287 ab
905 5219 1131 5284 auctore
1156 5223 1730 5304 lioc_anu_oﬂrece_n_sita
1759 5236 1883 5276 cum
1915 5219 2134 5304 Evagrii

549 5291 792 5376 scriptis.
829 5304 926 5356 lib.
962 5317 1042 5382 In,
1077 5313 1236 5369 capp.
1268 5298 1359 5356 51.
1391 5295 1460 5348 5‘2
1481 5304 1533 5347 et
1562 5295 1630 5348 53
1664 5291 2059 5370 comparanda.
2095 5360 2107 5370 θ

622 5376 735 5431 (illi
767 5373 1158 5427 Marcellinus:
1195 5365 1263 5421 In
1302 5363 1600 5426 castellum,
1644 5363 1781 5431 quod
1812 5360 1973 5414 Petra
2000 5360 2134 5431 ιζιει-

622 5377 735 5445 (4ολ
767 5377 1158 5427 Marcellinus:
1195 5377 1263 5421 In
1302 5377 1600 5426 casteuum,
1644 5377 1781 5431 quoa
1812 5377 1973 5414 Petra
2000 5377 2134 5411 am-

552 5458 638 5528 tur
663 5460 681 5497 :
708 5447 775 5500 de
804 5459 914 5514 quo
941 5440 1248 5510 Procopius
1277 5439 1371 5492 lib.
1411 5451 1449 5491 Il
1474 5443 1708 5490 exeunte
1745 5431 1815 5484 De
1839 5431 1974 5484 bello
2004 5429 2136 5482 Per-

553 5534 739 5654 δωδέι)
771 5579 995 5654 Vulgari
1021 5573 1792 5654 (ίίιιιοοιολΔσεσιδηρωρένους
1823 5571 1963 5654 vice.

625 5647 737 5726 (4‘2)
770 5647 988 5707 Sanctae
1017 5653 1203 5726 erucis
1254 5647 1650 5716 Hierosolymis
1677 5653 1680 5656 ‘
1703 5650 2002 5697 asset-valla:
2035 5654 2136 5695 cu-

555 5721 742 5781 stodes
779 5721 1248 5794 σταυροφύλακεςο
1372 5787 1383 5794 _
1581 5782 1625 5794 ,.
1943 5782 1974 5794 ,.

627 5794 739 5865 (45)
762 5793 818 5848 lu
849 5782 1022 5865 annos
1055 5795 1349 5865 sequentes
1372 5787 1486 5840 haec
1519 5800 1547 5838 a
1579 5782 1897 5865 hlarcellino
1923 5782 2131 5862 dilatat

555 5854 852 5936 tle‘quibus
879 5854 1166 5933 Evagrius,
1197 5859 1292 5914 lib.
1319 5874 1401 5923 ιιι,
1435 5871 1556 5925 cap.
1583 5857 1668 5910 45.
1699 5855 1812 5910 Hoc
1840 5868 2016 5918 anno,
2041 5854 2138 5908 aui

2247 4871 2530 4930 Anastasii
2560 4871 2861 4927 vicesimus
2895 4870 3199 4933 secundus,
3235 4869 3574 4924 Vitalianum
3607 4865 3821 4922 seditio-

2250 4959 2372 4998 nem
2408 4945 2649 4998 movisse
2680 4941 3016 5008 Jurnandes,
3045 4942 3120 4995 De
3146 4957 3293 5010 regn.
3331 4957 3393 4992 ac
3426 4951 3583 5006 temp.
3603 4951 3821 4992 success.

2249 5013 2345 5067 lib.
2385 5014 2716 5076 confirmat,
2771 5016 2971 5067 bellmu
3011 5013 3143 5066 illud
3189 5013 3352 5064 civile
3399 5026 3497 5078 per
3534 5023 3706 5062 annos
3733 5021 3823 5061 sex

2247 5093 2376 5139 ante
2437 5084 2794 5154 imperatoris
2851 5084 3064 5138 obitum
3115 5097 3145 5134 a
3194 5079 3472 5135 Vitaliano
3511 5090 3713 5132 motum
3749 5085 3824 5130 tc-

2244 5162 2444 5210 status.

2315 5225 2684 5297 (MLScytba:
2729 5222 3146 5297 Transistriani
3201 5219 3419 5297 Gottlti
3457 5217 3822 5297 appellantur,

2243 5286 2384 5350 teste
2409 5286 2650 5349 'Zosimo
2677 5297 2770 5350 lib.
2795 5312 2867 5350 Iv.
2902 5294 3087 5347 Ascita
3113 5290 3381 5346 Romanis
3409 5286 3602 5343 horum
3632 5286 3822 5340 auxilia

2245 5365 2657 5420 Fazderatorum
2716 5368 3009 5420 obtinuere
3061 5379 3282 5425 nomen,
3325 5374 3395 5413 ex
3443 5360 3657 5413 eodem.
3695 5355 3824 5408 Hinc

2242 5435 2508 5492 Jornand.
2531 5437 2609 5490 De
2632 5438 2785 5490 rebus
2810 5435 2953 5490 Get.:
2986 5454 3004 5485 ι
3034 5434 3302 5489 Defuncto
3321 5429 3680 5490 Athanarico,
3697 5440 3826 5478 cun-

2242 5519 2368 5562 eius
2399 5509 2680 5562 exercitus
2715 5509 2769 5560 in
2819 5505 3050 5561 servitio
3100 5500 3458 5573 itnperatm-is
3507 5496 3820 5573 perdurans,

2244 5576 2494 5630 Romano
2551 5593 2611 5630 se
2662 5578 2900 5645 imperio
2951 5564 3216 5633 subdens,
3271 5564 3648 5645 cunt_nrilite_
3683 5564 3824 5645 velut

2237 5663 2407 5700 unum
2435 5663 2637 5714 corpus
2673 5633 2862 5707 clli'eit,
2891 5645 3173 5713 milliaque
3207 5645 3299 5697 illa
3329 5639 3537 5694 dudum
3571 5633 3820 5714 subCpn:

2239 5719 2484 5771 stantino
2538 5712 2789 5786 principe
2842 5712 3259 5771 Fmderatorum
3309 5716 3615 5773 renovata,
3648 5712 3820 5774 etipst

2238 5789 2370 5842 (lit-ti
2409 5797 2536 5843 sunt
2573 5786 2864 5842 licederati.
2901 5804 2921 5837 ι
