4088 6442
350 409 459 473 369

1660 410 2336 477 CHRONOGRAPHIA.

3526 422 3648 488 370

349 521 574 577 στασίου
611 523 956 594 μαχομένων,
989 524 1189 596 χρυσόν
1210 540 1272 578 τε
1299 525 1379 588 είς
1411 525 1576 597 ρόγας
1617 527 1728 596 (45)
1760 528 1942 581 αὐτῶν

2050 529 2420 598 merebantur,
2443 532 2850 590 multitudinem
2877 532 3142 602 concidit,
3171 542 3224 590 et
3259 537 3379 593 auri
3414 539 3630 609 copiam

350 615 708 684 πεμπόμενον
738 616 1009 682 πλεῖστον,
1057 616 1150 669 καὶ
1188 617 1328 670 ὅπλα
1359 617 1439 681 είς
1470 619 1790 689 συμμαχίαν
1842 621 1938 674 καὶ

348 703 595 766 δαπάνας
633 705 726 758 καὶ
747 705 849 758 ὅσα
873 705 1010 759 ἄλλα
1039 706 1340 777 ἐχειροῦτο.
1372 709 1509 762 Φασὶ
1539 709 1596 763 δὲ
1636 711 1718 764 ὅτι
1746 712 1802 764 ἐν
1839 713 1939 784 μιᾷ

351 795 600 866 συμϐολῇ
634 796 896 866 ἐξήκοντα
920 798 1080 851 πέντε
1107 799 1354 870 χιλιάδας
1387 802 1622 872 στρατοῦ
1655 803 1938 872 βασιλικοῦ

350 886 691 956 ἐκρήμνισεν
743 890 841 942 σὺν
885 890 1128 961 ’Υπατίῳ
1160 894 1561 962 στρατηγοῦντι
1597 894 1800 958 αὐτῶν,
1837 895 1939 967 υίῷ

346 976 409 1029 δὲ
439 975 740 1050 ἐξαδέλφης
785 981 1142 1036 Ἀναστασίου
1186 983 1300 1056 (46)
1331 985 1424 1038 καὶ
1453 986 1804 1040 Σεκουνδίνου
1837 1003 1941 1040 πα-

345 1068 586 1140 τρικίου,
618 1069 676 1123 ὂν
703 1073 798 1124 καὶ
825 1073 1026 1138 πιάσας
1069 1072 1248 1138 ζῶντα
1272 1072 1418 1147 εἶχεν
1443 1078 1501 1130 ἐν
1533 1079 1941 1150 φρουρᾷ.Ἀνα-

348 1162 572 1224 στάσιος
601 1162 658 1216 δὲ
711 1165 740 1216 ό
769 1166 1089 1237 παράνομος
1147 1167 1422 1238 βασιλεὺς.
1477 1171 1572 1225 καὶ
1618 1172 1884 1241 Τιμόθεος
1911 1174 1942 1226 ό

348 1255 566 1324 ἀνίερος
595 1255 896 1322 ἐπίσκοπος
933 1261 1562 1327 Κωνσταντινουπόλεως
1593 1263 1764 1318 πολλά
1795 1265 1942 1319 κακά

357 1349 460 1411 τοῖς
489 1346 634 1418 ὑπὲρ
664 1349 999 1404 Μακεδονίου
1031 1353 1125 1406 καὶ
1177 1353 1277 1424 τῆς
1305 1355 1523 1408 συνόδου
1577 1361 1833 1429 μοναχοϊς
1883 1377 1942 1414 τε

363 1441 447 1490 καὶ
474 1437 688 1502 λαῖκοῖς
711 1442 806 1493 καὶ
835 1441 1119 1514 κληρικοίς
1157 1445 1506 1510 ἐπεδείξαντο
1526 1464 1540 1480 ο
1573 1448 1714 1502 ὥστε
1739 1452 1833 1504 καὶ
1862 1453 1941 1516 είς

359 1529 548 1580 Ὤασιν
579 1529 681 1598 τῆς
712 1530 980 1599 Θηϐαΐδος
1006 1533 1275 1604 ἐξώρισαν
1298 1536 1550 1600 πολλούς.
1598 1538 1864 1609 Τιμόθεος
1885 1540 1941 1594 δὲ

346 1620 417 1672 τά
451 1622 708 1676 συνοδικά
732 1623 848 1695 (47)
891 1626 986 1680 καὶ
1007 1627 1343 1682 Μακεδονίω
1365 1630 1464 1701 τὴν
1491 1629 1814 1701 καθαίρεσιν
1831 1634 1943 1698 τοῖς

346 1713 492 1768 κατά
541 1714 696 1768 πόλιν
727 1717 1052 1783 ἐπισκόποις
1095 1719 1413 1792 ὑπογράψαι
1468 1721 1742 1794 έπεμψενο
1791 1718 1866 1778 ὧν
1892 1725 1942 1778 οἱ

346 1807 452 1876 μὲν
481 1807 848 1881 ἀνδρειότεροι
876 1811 1013 1878 πρὸς
1041 1812 1210 1881 ἄμφω
1234 1813 1572 1884 ἀντέστησαν
1591 1831 1608 1846 ⁸
1661 1817 1712 1868 oi
1743 1815 1800 1870 δὲ
1829 1833 1941 1870 πα-

343 1903 585 1972 ράφοροι
617 1901 768 1972 φόϐῳ
789 1903 884 1956 τοῦ
905 1902 1173 1972 βασιλέως
1196 1905 1486 1977 ἀμφότερα
1505 1908 1549 1940 ⁵⁸
1581 1907 1906 1980 ὑπέγραψαν
1926 1929 1938 1940 ·

340 1997 394 2050 οἱ
428 1997 488 2050 δὲ
522 1997 679 2068 μέσοι
711 2001 778 2069 τῇ
816 1999 1138 2071 καθαιρέσει
1181 2002 1524 2057 Μακεδονίου
1558 2004 1658 2075 ούχ
1697 2005 1943 2078 ὑπέγρα-

337 2090 475 2159 ψαν,
505 2091 557 2143 εί
590 2089 665 2162 μὴ
724 2091 886 2161 μόνον
941 2093 1057 2155 τοῖς
1105 2093 1404 2157 συνοδικοῖς
1461 2094 1758 2164 Τιμοθέου,
1807 2097 1943 2167 ὅπερ

339 2182 546 2236 ταυτὸν
574 2179 661 2255 ἧν,
707 2186 756 2236 εί
787 2185 881 2238 καὶ
901 2186 948 2217 ⁵³
981 2185 1265 2255 διαφέρειν
1297 2185 1482 2249 αὐτοῖς
1521 2186 1720 2241 ἐδόκει.
1773 2189 1944 2260 Τιμό-

341 2275 470 2338 θεος
521 2275 581 2329 δὲ
639 2275 702 2329 τὸ
750 2277 925 2346 ὄνομα
956 2277 1202 2348 Σευήρου
1255 2276 1542 2349 βουληθεὶς
1573 2279 1791 2345 ἐντάξαι
1832 2281 1943 2346 τοῖς

346 2366 628 2438 διπτύχοις
659 2367 838 2422 καὶτὸ
868 2367 1172 2424 Φλαϐιανοῦ
1207 2369 1458 2424 ἐκϐαλεῖν
1479 2371 1527 2404 ⁸³
1563 2371 1668 2424 ὑπὸ
1693 2372 1786 2426 τοῦ
1811 2372 1943 2426 λαοῦ

343 2459 620 2530 ἐκωλύθη.
653 2460 900 2532 Σευήρου
933 2465 1044 2532 γὰρ
1087 2462 1190 2532 τὴν
1218 2462 1508 2516 κοινωνίαν
1539 2465 1743 2529 πάντες
1771 2467 1824 2518 οἱ
1856 2466 1945 2538 όρ-

344 2552 556 2618 θόδοξοι
585 2552 811 2622 ἔφυγον,
857 2554 1095 2624 μάλιστα
1133 2556 1184 2607 οἱ
1215 2556 1466 2626 μοναχοὶ,
1499 2555 1594 2621 οὒς
1624 2559 1760 2630 μετά
1801 2560 1945 2632 πλή-

345 2646 477 2711 θους
517 2646 840 2718 ἀγροικικοῦ
872 2649 920 2680 ⁸⁵
967 2647 1232 2719 τιμωρῶν
1279 2649 1512 2714 πολλοὺς
1561 2652 1843 2722 ἐφόνευσε,
1877 2656 1946 2709 τά

344 2739 719 2812 θυσιαστήρια
750 2740 1094 2812 ἀνατρέπων,
1131 2741 1228 2794 καὶ
1251 2742 1319 2795 τὰ
1357 2743 1478 2813 ἱερά
1507 2745 1676 2816 σκεύη
1707 2745 1818 2801 τῶν
1851 2747 1948 2818 ὀρ-

347 2833 581 2899 θοδόξων
609 2832 862 2903 χωνεύων
889 2834 917 2886 ό
943 2833 1241 2904 ἱερόσυλος.
1275 2835 1538 2890 Ἰουλιάνα
1555 2836 1612 2890 δὲ
1645 2839 1680 2908 ἡ
1711 2855 1948 2909 περιφα-

346 2926 582 2996 νεστάτη
615 2927 651 2996 ἠ
707 2926 945 2979 κτίσασα
988 2927 1082 2978 τὸν
1123 2926 1254 2979 ναὸν
1295 2926 1398 2998 τῆς
1425 2927 1692 2982 Θεοτόκου
1744 2932 1804 2984 ἐν
1837 2934 1949 2996 τοῖς

357 3020 692 3091 ὐνωράτοις
743 3021 1084 3072 ἀντεποιεῖτο
1140 3020 1349 3091 σφόδρα
1395 3021 1497 3090 τῆς
1531 3023 1592 3076 ἐν
1637 3024 1947 3096 Χαλκηδόνι

351 3113 594 3174 συνόδου,
613 3112 688 3176 ὡς
705 3113 801 3166 καὶ
829 3112 921 3166 τὸν
956 3111 1182 3182 βασιλέα
1213 3113 1415 3178 πολλάς
1446 3115 1586 3186 αὐτῇ
1616 3116 1950 3188 διαστροφάς

2045 623 2367 680 immensam
2403 627 2470 681 ad
2511 626 2823 698 elargienda
2873 628 3146 697 stipendia
3181 631 3432 696 missam,
3479 649 3632 688 arma

2043 714 2098 770 iu
2149 717 2481 784 subsidium,
2530 729 2922 784 commeatum,
2961 731 3271 790 casteraque
3311 723 3496 778 omnia
3537 726 3634 781 de-

2042 810 2315 879 przedatus
2339 819 2442 866 est.
2480 810 2604 867 Uno
2639 811 2896 868 conﬂictu
2923 815 3040 870 solo
3061 816 3350 883 sexaginta
3385 817 3634 888 quinque

2043 902 2347 976 hominum
2375 903 2546 958 millia
2579 919 2648 959 ex
2674 905 3033 982 imperatoris
3076 909 3324 962 exercitu
3364 924 3489 963 cum
3531 907 3637 982 lly-

2045 994 2193 1064 patio
2235 995 2514 1050 Anastasii
2562 978 2909 1054 consobrinae
2953 1006 3008 1052 ct
3057 998 3358 1054 Secundini
3413 978 3633 1070 patricii

2043 1087 2155 1142 lilio
2184 1102 2375 1142 eorum
2395 1088 2536 1144 duce
2561 1092 2881 1159 prostravit,
2903 1091 3197 1162 vivumque
3225 1101 3512 1163 acceptum
3533 1095 3636 1151 sub

2043 1173 2297 1229 custodia
2341 1177 2538 1231 tenuit.
2589 1176 2921 1233 Anastasius
2962 1188 3146 1234 autem
3194 1181 3420 1250 iniquus
3457 1184 3637 1254 impe~

2044 1273 2198 1319 rator
2215 1273 2269 1320 et
2299 1264 2623 1324 Timotheus
2664 1269 2970 1339 sacrilegus
2990 1271 3281 1342 episcopus
3303 1273 3462 1345 135
3497 1274 3639 1345 Cpo-

2045 1357 2160 1412 leos
2184 1359 2492 1424 monachis,
2517 1359 2672 1416 laicis
2687 1370 2742 1417 et
2766 1362 2987 1418 clericis
3005 1363 3307 1419 Macedonii
3331 1365 3637 1436 synodique

2044 1468 2210 1508 causa
2269 1456 2504 1524 plurima
2552 1456 2694 1511 mala
2729 1456 2914 1512 intulit
2951 1477 2965 1512 :
2999 1459 3138 1514 adeo
3169 1469 3230 1513 ιιι
3257 1459 3444 1514 Oasim
3486 1457 3635 1513 The-

2046 1545 2241 1602 baidos
2270 1563 2336 1601 ex
2367 1547 2448 1603 eis
2475 1548 2658 1615 plures
2691 1548 2746 1603 in
2778 1549 3034 1605 exsilium
3069 1551 3241 1622 egerit
3274 1569 3287 1605 :
3341 1551 3635 1624 synodales

2045 1654 2176 1693 vero
2222 1638 2468 1702 litteras,
2517 1651 2572 1696 et
2614 1640 2915 1696 Macedonii
2967 1642 3368 1713 depositionem
3420 1645 3636 1698 cunctis

2047 1733 2252 1800 passim
2278 1748 2375 1802 per
2410 1733 2574 1788 urbes
2603 1733 2882 1804 episcOpis
2913 1735 2978 1789 ad
3003 1734 3464 1791 subscribendum
3491 1734 3640 1790 misit

2047 1822 2414 1879 Timotheus:
2464 1840 2530 1879 ex
2577 1825 2779 1893 quibus
2819 1824 2912 1895 qui
2947 1824 3274 1880 fortitudine
3324 1826 3639 1898 prazcellue-

2045 1923 2196 1980 runt,
2261 1917 2480 1986 utrique
2524 1917 2742 1972 iverunt
2794 1917 2848 1971 in
2884 1919 3199 1988 0pp0situm
3241 1938 3254 1973 ε
3309 1919 3401 1990 qui
3455 1919 3640 1975 animo

2049 2008 2326 2064 faciliores
2354 2008 2705 2079 imperatoris
2728 2017 2875 2064 metu
2907 2010 3360 2078 subscripserunt
3385 2010 3636 2079 utrique:

2047 2103 2141 2173 qui
2190 2101 2430 2157 medium
2486 2109 2733 2166 tenuere,
2778 2101 3080 2158 Macedonii
3115 2103 3452 2174 depositioni
3502 2121 3640 2161 nus-

2047 2210 2234 2266 quam,
2267 2209 2456 2248 verum
2493 2195 2626 2250 solis
2651 2193 2924 2250 Timothei
2954 2196 3258 2267 synodicis,
3285 2198 3433 2265 quod
3456 2206 3639 2254 tamen

2046 2286 2190 2342 idem
2229 2300 2460 2356 prorsus
2497 2285 2621 2351 fuit,
2669 2287 2928 2356 quamvis
2971 2288 3072 2357 ipsi
3115 2288 3414 2344 discrimen
3459 2289 3619 2344 vendi

2050 2387 2230 2434 tarent
2254 2419 2268 2446 ,
2300 2394 2498 2432 nomen
2531 2387 2585 2433 et
2618 2379 3080 2450 subscriptionem
3124 2389 3519 2450 apposueruut.
3551 2380 3644 2434 Ti-

2049 2473 2304 2527 motheus
2345 2481 2528 2526 autem
2576 2469 2763 2527 Severi
2801 2486 3001 2526 nomen
3036 2471 3314 2544 diptychis
3347 2473 3642 2529 volensin-

2049 2578 2254 2626 serere,
2286 2572 2340 2619 et
2389 2563 2631 2618 Flaviani
2664 2564 3001 2629 rescindere,
3033 2580 3062 2618 a
3098 2565 3296 2635 populo
3332 2565 3644 2635 prohibitus

2047 2664 2152 2712 est.
2188 2655 2378 2710 Severi
2403 2655 2607 2727 quippe
2634 2655 3084 2712 communionem
3132 2657 3534 2712 aversabantur
3551 2673 3644 2712 or-

2051 2748 2275 2805 thodoxi
2335 2763 2550 2816 omnes,
2593 2758 2647 2803 et
2679 2748 2918 2804 maxime
2961 2747 3240 2812 monachi,
3279 2747 3333 2802 in
3365 2762 3505 2816 quos
3530 2747 3644 2802 col-

2051 2842 2190 2895 lecta
2234 2840 2567 2895 rusticorum
2610 2839 2769 2893 turba
2809 2839 3106 2894 crudeliter
3141 2837 3563 2900 animadvertit,
3589 2845 3644 2892 et

2051 2933 2316 2988 altaribus
2383 2931 2596 2987 eversis
2647 2931 2936 3000 sacrisque
2998 2929 3435 2984 orlhodoxorum
3497 2927 3644 2983 vasis

2051 3027 2179 3096 igne
2229 3023 2510 3088 conflatis,
2548 3023 2849 3092 sacrilegus
2885 3022 3071 3092 plures
3115 3037 3305 3077 eorum
3349 3019 3642 3075 interfecit.

2051 3116 2266 3172 Juliaua
2284 3131 2415 3172 vero
2444 3115 2820 3172 illustrissima
2844 3114 3072 3179 femina,
3093 3121 3212 3185 qua?
3235 3113 3498 3184 templum
3527 3112 3647 3165 Dci-

349 3207 658 3277 ἐφευρόντα
716 3205 792 3277 μὴ
857 3207 1046 3259 πεῖσαι
1093 3208 1425 3278 κοινωνῆσαι
1480 3207 1561 3279 τῷ
1591 3210 1637 3241 ⁸⁵
1673 3209 1945 3281 Τιμοθέῳ.

2055 3223 2200 3281 par-ae
2221 3207 2432 3280 Virgini
2465 3207 2644 3279 posuit
2670 3206 2722 3261 in
2764 3205 3084 3270 llonoratis,
3120 3221 3220 3277 pro
3251 3203 3647 3262 viribusChal—

351 3301 466 3353 Καὶ
485 3299 649 3361 αὐτὸς
673 3298 730 3352 δὲ
759 3298 1028 3369 Τιμόθεος
1061 3298 1330 3362 πολλάκις
1379 3300 1458 3362 εἰς
1492 3300 1665 3371 αὐτὴν
1697 3300 1949 3355 ἀπελθὼν

350 3395 454 3446 οὐκ
481 3393 698 3447 ἔπεισεν
729 3393 923 3462 αὑτήν.
955 3392 1243 3466 Πομπήϊον
1275 3393 1322 3424 ⁵⁸
1351 3391 1410 3445 δὲ
1457 3393 1681 3461 ἀνεψιὸν
1727 3393 1893 3447 αὐτοῦ
1922 3395 1952 3448 ό

352 3488 611 3560 βασιλεὺς
642 3489 738 3542 καὶ
764 3487 867 3556 τὴν
885 3485 1080 3540 τούτου
1107 3486 1357 3557 γαμετὴν
1379 3487 1616 3557 κοσμίαν
1655 3486 1824 3540 οὖσαν
1853 3488 1950 3542 καὶ

351 3579 624 3642 εὐποιίαις
663 3576 1058 3646 σχολάζουσαν,
1120 3575 1346 3640 πολλαῖς
1382 3576 1796 3647 περιστάσεσιν·
1823 3579 1950 3630 ἐτα-

353 3673 564 3736 πείνου,
596 3671 670 3735 ὡς
701 3669 952 3740 ζηλωτὰς
981 3668 1082 3738 τῆς
1140 3669 1384 3734 συνόδου,
1419 3669 1514 3722 καὶ
1538 3670 1615 3733 ὡς
1649 3669 1952 3740 χορηγοῦν-

353 3784 453 3829 τας
481 3763 808 3834 Μακεδονίῳ
838 3765 895 3815 ἐν
930 3764 997 3834 τῇ
1039 3761 1225 3834 ἐξορίᾳ
1249 3761 1322 3816 τὰ
1347 3761 1486 3832 πρὸς
1517 3761 1618 3834 τὴν
1647 3761 1856 3832 χρείαν.
1885 3761 1951 3815 Oi

351 3859 410 3913 δὲ
443 3857 731 3921 σταλέντες
779 3855 931 3927 παρὰ
981 3853 1248 3926 Τιμοθέου
1293 3858 1352 3908 ἐν
1400 3855 1780 3928 Ἀλεξανδρεία
1816 3855 1954 3934 πρδς

367 3952 622 4022 Ἰωάννην
644 3951 736 4004 τὸν
776 3947 1096 4019 Νικαιὼτην
1127 3949 1213 4002 ἐπ’
1242 3949 1493 4019 άμϐωνος
1520 3948 1618 4017 τὴν
1642 3952 1700 4002 ἐν
1730 3949 1954 4020 Χαλκη-

351 4047 466 4102 δόνι
497 4048 660 4116 ἁγίαν
687 4045 906 4099 σύνοδον
955 4045 1380 4113 ἀνεθεμάτισαν.
1415 4043 1523 4098 Τοῦ
1562 4044 1620 4098 δὲ
1644 4044 1952 4116 ἡγουμένου

352 4143 456 4208 τῆς
486 4142 612 4194 Δίου
643 4140 814 4212 μονῆς
857 4138 971 4210 (48)
997 4138 1444 4207 τελευτήσαντος,
1479 4134 1645 4207 ἦλθεν
1689 4137 1957 4208 Τιμόθεος

355 4235 724 4309 προϐαλέσθαι
753 4232 1079 4306 ἡγούμενον.
1118 4230 1177 4285 Ὀ
1197 4230 1254 4283 δὲ
1276 4230 1487 4302 μέλλων
1515 4231 1953 4302 προϐιϐάζεσθαι

353 4331 484 4400 ἔφη,
531 4329 607 4401 μὴ
636 4327 888 4399 δέχεσθαι
918 4325 1172 4394 εὐλογίαν
1222 4324 1376 4394 παρά
1402 4324 1596 4395 ἀνδρὸς
1627 4323 1951 4388 άθετοῦντος

2058 3301 2424 3356 cedonensem
2465 3299 2602 3355 adeo
2631 3299 2890 3354 tuebatur
2922 3298 3216 3371 synodum,
3254 3308 3313 3353 ut
3351 3299 3649 3368 imperator

2058 3393 2175 3464 ipse
2207 3393 2522 3448 adinventis
2544 3394 2707 3447 etiam
2733 3393 3027 3446 multarum
3047 3391 3388 3447 fallaciarum
3411 3389 3649 3458 technis,

2059 3494 2118 3540 ut
2141 3485 2417 3540 Timothei
2447 3486 2893 3543 communionem
2925 3485 3156 3548 subiret,
3185 3485 3517 3554 persuadere
3541 3500 3650 3543 non

2057 3577 2292 3631 valuerit
2334 3593 2349 3630 :
2390 3575 2485 3632 sed
2537 3591 2638 3630 nec
2689 3575 2923 3646 ipsemet
2966 3573 3310 3639 Timotheus,
3355 3591 3480 3630 cum
3526 3592 3648 3630 eam

2056 3670 2260 3739 saepius
2299 3668 2688 3733 convenisset,
2717 3682 2829 3722 non
2867 3666 3162 3739 persuasit.
3211 3665 3527 3737 Pompeium
3563 3668 3651 3721 in-

2058 3777 2225 3830 super
2247 3761 2641 3816 consobriuum
2673 3775 2832 3815 suum
2859 3799 2874 3826 ,
2902 3759 3136 3830 ejusque
3167 3760 3458 3831 coniugem
3485 3775 3652 3814 orna-

2056 3857 2330 3911 tissimam
2363 3853 2645 3918 feminam,
2670 3862 2724 3908 et
2747 3853 2906 3908 bonis
2931 3853 3188 3921 operibus
3224 3863 3522 3918 assuetam,
3550 3869 3650 3910 ceu

2060 3947 2274 4020 synodo
2309 3948 2447 4002 bene
2479 3946 2728 4011 affectos,
2765 3951 2818 4000 et
2854 3960 2976 4016 quae
2999 3945 3067 3999 ad
3101 3946 3229 4000 vitae
3261 3947 3649 4002 necessitatem

2058 4041 2381 4097 conducunt
2427 4038 2749 4094 Macedonio
2792 4037 2849 4092 in
2888 4038 3085 4094 exsilio
3130 4039 3651 4100 subministrantes,

2059 4135 2250 4191 multis
2305 4132 2714 4188 calamitatibus
2767 4131 3045 4202 Oppressit
3094 4130 3417 4200 imperator.
3479 4128 3653 4184 Porro

2057 4226 2149 4297 qui
2179 4225 2245 4282 ad
2275 4223 2542 4280 Joannem
2572 4221 2868 4278 Nicaeotam
2905 4221 3197 4277 Timotheo
3230 4221 3387 4277 missi
3421 4221 3646 4275 fuerunt

2059 4317 2447 4374 Alexandriam
2477 4359 2492 4384 ,
2548 4315 2625 4370 illi
2675 4330 2741 4370 ex
2790 4315 3035 4370 ecclesiae
3091 4321 3349 4384 suggestu
3404 4321 3650 4368 sanctam

352 4427 456 4498 τὴν
483 4427 544 4478 ἐν
571 4421 878 4494 Χαλκηδόνι
904 4419 1140 4474 σύνοδον.
1171 4417 1440 4491 Τιμόθεος
1470 4420 1529 4475 δὲ
1564 4419 1668 4493 ἔφη
1699 4417 1945 4489 ἀνάθεμα

2057 4411 2560 4468 Chalcedonensem
2625 4407 2896 4478 synodum
2945 4406 3296 4461 anathemate
3354 4405 3652 4463 damnave-

1656 4533 1894 4592 νΑΒιιιΕ
1929 4528 2339 4589 LECTIONES.

428 4658 473 4689 "
505 4657 798 4728 ἀμφότερα
828 4656 894 4722 Α,
944 4657 1249 4728 ἀμφότεροι
1280 4655 1336 4728 Ι),
1362 4653 1698 4728 ἀμφοτέροις
1729 4653 1876 4728 vulg:

1952 4653 2002 4684 ⁸¹
2024 4651 2074 4704 εἰ
2108 4647 2202 4701 καὶ
2225 4646 2291 4708 Α,
2322 4644 2482 4710 εἴπερ
2514 4642 2661 4712 vulg.

2737 4640 2785 4714 δξ
2826 4641 3082 4696 ἐκϐαλεῖν
3113 4642 3178 4709 Α,
3231 4640 3467 4694 ἐκϐἀλαι
3499 4641 3647 4714 vulg.

357 4729 408 4763 ⁸⁸
436 4711 766 4799 ἀγροικικόῦ
797 4729 854 4792 b,
883 4711 1178 4800 ’ἀγροίκου’
1200 4727 1268 4792 Α,
1298 4711 1755 4796 ἀγροίκων’νυίε.
1824 4711 1876 4755 ἐ’
1904 4721 1982 4793 τῷ
2017 4719 2147 4775 add.
2175 4733 2238 4773 ex
2267 4717 2332 4771 A.
2411 4714 2457 4745 ⁸⁶
2479 4711 2726 4784 nouom;
2757 4711 2824 4769 A.

1675 4844 1816 4901 JAC.
1851 4841 2065 4900 GOARI
2102 4837 2343 4905 NOTAE,

433 4969 551 5040 (.55)
591 4965 980 5040 _Ab_erogando
1015 4964 1287 5040 stipendia
1323 4965 1562 5040 militum
1595 4961 1950 5040 ééyatrdicta.

433 5033 548 5113 (46)
587 5033 952 5113 scribendum
1000 5033 1177 5113 divisa
1225 5050 1394 5097 voce,
1451 5035 1554 5104 υἱῷ
1604 5035 1676 5113 ἐξ.
1711 5033 1951 5103 ἀδελφῆς

370 5106 757 5173 Ἀναστασίου,
813 5107 1091 5161 Anastasii
1139 5122 1205 5161 ex
1261 5123 1448 5161 sorore
1499 5106 1725 5174 nepotis,
1784 5119 1948 5173 quam

358 5184 510 5239 edita
573 5195 640 5234 ae
688 5193 826 5233 mss.
883 5176 1046 5234 codd.
1105 5177 1454 5246 coniunctam
1527 5181 1946 5246 repraesentant,

358 5263 532 5322 atque
565 5249 948 5322 reddendum,
981 5245 1225 5322 suadent:
1243 5248 1349 5302 alia
1382 5248 1539 5322 loca,
1566 5247 1769 5316 quibus
1800 5245 1951 5300 deiu-

361 5319 498 5391 (ερρε
520 5321 769 5388 ejusdem
801 5320 1034 5391 Hypatii
1060 5319 1266 5391 mentio
1294 5319 1536 5391 occurrit
1557 5330 1944 5391 ;_nempc_pag.

363 5387 505 5449 ηδε
546 5392 735 5461 Παρῆν
765 5391 822 5443 δὲ
855 5387 950 5443 καὶ
977 5390 1236 5461 ’Υπάτιος
1262 5391 1289 5442 ό
1321 5387 1639 5461 ἀδελφιδοῦς
1668 5389 1762 5440 τοῦ
1793 5387 1946 5461 βασι-

355 5468 526 5527 λέως.
566 5457 844 5530 Interpres
893 5460 1245 5515 Anastasinm
1290 5467 1553 5523 secutus,
1609 5457 1947 5527 imperatoris

356 5552 430 5593 ea:
463 5537 634 5604 fratre
665 5547 827 5604 nepos
855 5548 874 5585 :
910 5547 1033 5600 ego,
1085 5547 1151 5604 ea;
1197 5545 1416 5593 sorore;
1471 5529 1614 5600 quod
1652 5538 1948 5604 utrumque

358 5600 471 5663 vni
497 5607 588 5659 illa
628 5602 783 5657 reddi
811 5611 1028 5673 potest;
1057 5603 1149 5657 sed
1181 5604 1414 5673 primum
1445 5617 1550 5673 non
1585 5600 1857 5673 quadrare
1883 5615 1946 5652 ex

360 5679 492 5734 aliis
521 5675 656 5729 iocis
688 5671 860 5742 liquet
887 5690 900 5726 :
925 5688 1048 5724 nam
1082 5688 1206 5740 pag.
1233 5671 1356 5734 1‘25,
1378 5741 1381 5742 ν
1402 5671 1952 5742 ὙπάτιοςγόΣεκουν·

359 5752 534 5808 δῖνου,
570 5745 666 5797 καὶ
699 5741 798 5813 τῆς
827 5742 1066 5811 ἀδελφῆς
1093 5741 1448 5796 Ἀναστασίου
1494 5741 1759 5813 βασιλέως
1793 5741 1948 5813 υἱόςγο

2067 4959 2210 5014 milli
2242 4957 2562 5028 palant‘est,
2607 4967 2732 5007 cum
2778 4950 3254 5028 narrttto__Hypatii
3304 4966 3652 5028 carcere,_ex

2063 5046 2174 5098 quo
2229 5021 2627 5098 nonnisi_pace
2656 5023 2962 5098 constituta
2985 5021 3250 5098 liberatus
3272 5022 3500 5098 estmille
3530 5021 3654 5098 eius

2062 5091 2366 5156 liberalitas
2395 5095 2670 5152 referatur
2703 5091 3126 5164 Hierosolymis,
3160 5107 3286 5146 cum
3319 5091 3501 5146 adhuc
3536 5093 3651 5147 illic

2058 5171 2201 5225 liher
2230 5177 2438 5240 ageret.
2463 5165 2760 5240 Constans.

2131 5241 2244 5311 (47)
2267 5233 2363 5294 Ἐκ
2389 5237 2510 5311 istis
2533 5236 2800 5311 nonnulla
2831 5233 3118 5311 Eyagrius,
3152 5233 3242 5288 lih.
3273 5234 3534 5311 "If-cap.
3559 5234 3629 5288 '55

2057 5303 2190 5380 Quae
2223 5303 2348 5382 pag.
2405 5310 2521 5382 haec
2553 5307 2796 5382 _evh_ibet
2839 5305 3049 5374 absque
3096 5303 3530 5374 comparatione,
3584 5305 3651 5359 ad

2055 5377 2240 5456 varias
2273 5377 2400 5456 lect.
2429 5379 2516 5456 vix
2551 5377 2845 5456 intelligas.
3447 5445 3480 5456 Δ.

2131 5446 2902 5524 (48)_'l‘heodo_ru§_l.ector,
2973 5459 3038 5499 ex
3095 5459 3216 5524 quo
3277 5446 3651 5524 narrationem

2058 5515 2560 5588 istam'desumpsit
2592 5517 2978 5588 Theophanes,
2997 5516 3193 5588 scribit
3223 5515 3316 5588 τού
3345 5517 3652 5588 ἡγουμένου

2050 5596 2150 5666 τῆς
2178 5593 2347 5664 μονῆς
2371 5585 2466 5644 τοῦ
2495 5585 3247 5666 Στο·ίδί“τοιυ.τελευτήσαντος.
3285 5587 3555 5666 Batonius
3585 5588 3652 5666 ad

2051 5656 2257 5720 anitum
2274 5656 2372 5718 5H
2399 5675 2549 5715 num.
2576 5659 2632 5714 ll
2660 5656 2841 5712 Studii
2860 5656 3275 5728 interpretatur,
3297 5658 3544 5728 adeoque
3559 5657 3653 5711 τοῦ

2051 5735 2310 5790 Στουδίου
2344 5733 2473 5801 legit
2516 5749 2530 5784 :
2577 5745 2640 5808 ex
2663 5728 2866 5797 quibus
2902 5727 3521 5808 conjiferctquispiam
3557 5745 3654 5799 μο-

360 5799 467 5873 ilbi
499 5799 617 5886 ipse
656 5814 716 5868 Ρ.
755 5799 940 5886 ’(ξοιιτ,
969 5799 1262 5886 ἐἷδοιοοι-ἰδ
1292 5799 1572 5886 Anastasii
1613 5799 1950 5878 imperatoris
2048 5809 2147 5886 νην
2181 5805 2276 5859 τοῦ
2300 5799 2434 5886 ΔΔίου
2464 5803 2864 5886 eautdcutﬂ-ute
2899 5799 3002 5879 ’τοῦ
3055 5799 3327 5886 Στορδξου,
3354 5801 3440 5855 cui
3472 5809 3659 5855 tamen

364 5892 534 5946 hlius.
572 5885 910 5942 Nonuullutn
953 5900 1084 5941 vcro
1133 5885 1222 5940 hic
1269 5885 1752 5940 anachronismum
1795 5899 1948 5939 ροιιιε

2057 5870 2387 5934 adversatur
2416 5871 2564 5943 quod
2596 5870 2860 5927 scribitur
2897 5871 2952 5925 in
2979 5886 3104 5941 pag.
3149 5871 3268 5926 ιιι.
