4088 6452
515 366 616 429 371

1816 402 1817 405 η
1917 366 2327 431 THEOPHAN
2333 371 2405 432 IS

3678 366 3778 429 372

503 485 659 530 runt.
718 477 981 534 Caeterum
1043 477 1122 532 Dii
1185 476 1501 534 monasterii
1565 476 1823 547 praefecto
1869 493 1900 535 e
1945 478 2084 536 vivis

2193 483 2353 537 παντὶ
2383 480 2655 553 ἀνθρώπῳ
2683 477 2761 550 τῷ
2799 477 2876 550 μὴ
2904 475 3179 549 δεχομένῳ
3223 476 3323 546 τὴν
3372 476 3430 529 ὲν
3476 477 3778 547 Χαλκηδόνι

509 569 744 635 sublato,
774 567 1098 626 TimOtheus
1135 571 1469 640 superiorem
1494 571 1662 625 alium
1684 571 2086 641 substitututjus

509 661 766 716 accessit.
811 663 875 714 At
913 662 1006 732 qui
1064 662 1468 734 promovendus
1496 671 1617 717 erat
1653 663 1793 721 dixit
1826 679 1842 719 :
1891 679 1922 720 a
1970 665 2088 720 viro

509 752 602 819 qui
628 751 1127 809 Cltalcedoncnsem
1167 755 1434 825 synodum
1474 755 1877 825 reprobaverit,
1923 756 2089 813 bene-

509 843 803 900 dictionem
828 860 886 901 se
914 846 1055 900 nolle
1081 847 1347 915 accipere.
1386 846 1689 916 Respondit
1716 846 2040 904 Timotheus
2068 864 2086 903 :

506 937 873 992 Anathemate
912 936 1146 992 feriatur
1171 939 1422 1009 quisquis
1453 938 1952 997 Chalcedonensth
1978 954 2086 995 non

506 1027 794 1082 admiserit
824 1030 1090 1101 synodum
1129 1048 1142 1083 :
1192 1039 1356 1101 atque
1383 1032 1454 1088 ita
1488 1048 1547 1091 se
1583 1033 1650 1090 ab
1676 1048 1741 1090 eo
1772 1031 2088 1089 conﬁrmari

506 1133 616 1171 non
670 1119 918 1187 permisit
953 1119 1260 1190 praefectus.
1310 1121 1547 1179 Joannes
1590 1132 1773 1180 autem
1815 1123 2089 1181 Timothei

507 1207 935 1267 archidiaconus
966 1226 1090 1265 cum
1127 1222 1275 1269 esset
1308 1212 1681 1281 Manichacus,
1729 1217 1992 1286 conjectis
2032 1217 2087 1272 in

506 1297 856 1359 Timotheum
879 1304 1169 1371 conviciis,
1195 1322 1311 1363 rem
1351 1309 1417 1363 ad
1454 1309 1838 1381 imperatorem
1868 1309 2084 1365 detulit.

506 1390 613 1446 Sed
663 1408 788 1447 cum
845 1395 1145 1465 imperator
1196 1397 1374 1469 ipsum
1428 1400 1795 1470 ignominiose
1849 1411 1903 1457 et
1954 1401 2091 1459 dure

506 1484 889 1555 corripuisset,
938 1485 1261 1545 Timotheus
1289 1498 1415 1546 ante
1462 1492 1817 1562 imperatoris
1852 1508 2087 1564 conspe-

505 1582 655 1629 ctum
698 1592 811 1632 rem
843 1580 1061 1651 negavit
1092 1596 1308 1637 omnem
1343 1625 1358 1651 ,
1399 1591 1455 1640 et
1483 1586 1576 1655 qui
1623 1586 1894 1657 synodum
1929 1586 2092 1643 Chal-

505 1668 715 1725 cedone
754 1671 914 1744 136
957 1673 1289 1730 celebratam
1333 1677 1683 1747 reciperent,
1741 1679 2092 1736 anathemate

505 1760 852 1826 perstrinxit.
879 1759 1119 1820 Joannes
1147 1774 1331 1821 autem
1363 1766 1566 1837 impius
1594 1768 1941 1828 Alexandria:
1959 1786 2092 1841 prte-

506 1848 591 1904 sul
621 1849 904 1922 A‘ngptios
949 1851 1383 1929 Hierosolymam
1436 1830 1734 1919 ascendere
1784 1830 2086 1931 prohibuit,
2116 1830 2165 1891 Β

505 1956 575 1996 ne
610 1943 665 1996 in
698 1952 904 1998 sanctae
950 1947 1134 2001 crucis
1199 1948 1560 2011 exaltationis
1600 1950 1744 2009 festo
1781 1952 2088 2010 Chalcedo-

506 2036 695 2090 nensis
721 2037 915 2108 synodi
964 2035 1224 2095 Patribns
1254 2044 1749 2099 communicarent.
1778 2044 1917 2102 Tum
1962 2062 2091 2104 vero

505 2139 597 2179 res
622 2141 853 2194 prorsus
896 2126 1184 2184 horrendae
1214 2130 1282 2185 ab
1316 2131 1383 2185 iis
1413 2132 1505 2202 qui
1535 2132 1874 2201 daemonibus
1904 2150 2091 2193 corre-

506 2217 584 2289 pti
637 2225 798 2272 erant
835 2216 1233 2290 Hierosolymis
1284 2223 1467 2278 editae.
1521 2223 1852 2283 Anastasius
1906 2233 2088 2282 autem

505 2306 809 2364 Palaestinae
852 2309 960 2366 dux
1010 2312 1124 2366 fieri
1175 2328 1303 2369 cum
1344 2314 1601 2377 ambiret,
1647 2315 1752 2371 nisi
1795 2315 2086 2382 Joannem,

506 2401 601 2468 qui
637 2408 759 2469 post
783 2399 955 2455 Eliam
989 2401 1495 2476 Hierosolymorum
1527 2407 1844 2478 episcopum
1874 2412 2086 2481 agebat,

505 2506 630 2546 cum
675 2491 879 2547 Severo
922 2495 1371 2552 communionem
1419 2495 1621 2553 habere
1658 2498 1940 2564 suaderet,
1984 2500 2091 2557 500

507 2581 625 2635 auri
654 2579 823 2636 libras
846 2582 1169 2653 imperatori
1205 2600 1266 2640 se
1311 2601 1607 2654 pensurum
1657 2589 1939 2660 promisit.
1964 2589 2085 2647 Mox

504 2669 771 2742 dignitate
804 2679 1019 2744 arrepta
1047 2713 1062 2739 ,
1089 2676 1237 2731 venit
1262 2678 1700 2748 Hierosolymam
1731 2689 1785 2736 et
1816 2678 2085 2737 Joannem

506 2763 611 2819 sibi
651 2764 1012 2822 reluctantem
1048 2769 1288 2838 conjecit
1318 2771 1374 2825 in
1410 2773 1741 2829 custodiam.
1768 2762 2089 2833 ‘Zacharias

505 2863 689 2911 autem
721 2857 943 2928 quidam
977 2858 1282 2917 Palaestinae
1310 2862 1625 2935 praefectus,
1660 2865 1747 2920 vir
1774 2865 2086 2938 religiosus,

505 2946 694 3003 divino
741 2948 860 3004 zelo
895 2957 1100 3016 motus,
1151 2953 1407 3027 episcopo
1449 2958 1752 3029 suggessit,
1792 2957 1916 3013 duci
1968 2974 2090 3029 quae

504 3038 707 3108 placita
757 3039 937 3096 forent
980 3055 1369 3100 exsecuturum
1412 3047 1789 3118 polliceretur,
1833 3048 1877 3104 si
1925 3049 2090 3105 modo

2189 576 2407 631 σύνοδον
2423 576 2466 610 ⁸⁷
2491 590 2507 609 ο
2542 574 2638 629 καὶ
2664 572 2838 637 οὑτως
2860 568 3309 643 προχειρισθῆναι
3339 570 3434 622 ὑπ’
3459 570 3625 624 αὑτοῦ
3655 572 3714 624 οὑ
3732 570 3778 603 ⁸⁸

2188 666 2512 731 κατεδέξατο
2531 666 2563 719 6
2592 663 2914 734 ἡγούμενος.
2939 661 3194 731 Ἰωάννης
3235 660 3292 715 δὲ
3319 660 3349 712 6
3399 661 3780 732 ἀρχῶιάκονος

2188 759 2458 828 Τιμοθέου
2492 759 2792 827 Μανιχαίος
2812 755 2909 819 ὢν,
2943 754 3174 825 ὑϐρίσας
3193 753 3480 824 Τιμόθεον,
3515 754 3596 825 τῷ
3623 754 3778 825 βασι-

2188 851 2272 906 λεῖ
2296 851 2583 923 ἐμήνυσεν.
2622 850 2681 904 '0
2710 849 2769 902 δὲ
2791 847 3043 919 βασιλεὺς
3071 845 3648 916 ἀτιμάσαςΤιμόθεον,
3677 863 3776 916 χα-

2188 943 2370 1007 λεπῶς
2404 941 2545 997 κατὰ
2591 942 2885 1014 πρόσωπον
2934 938 3272 1009 ἀρνούμενον
3298 932 3457 1010 εὗρεν
3488 938 3587 992 καὶ
3615 939 3777 992 πάλιν

2189 1034 2657 1104 ἀναθεματίζοντα
2698 1034 2826 1096 τοὺς
2880 1033 3206 1104 δεχομένους
3254 1032 3352 1104 τὴν
3382 1034 3443 1085 ὲν
3469 1030 3777 1101 Χαλκηδόνι

2190 1126 2687 1195 σύνοδον.’ῐωὰννης
2723 1126 2779 1180 δὲ
2800 1128 2829 1179 6
2850 1126 3259 1198 Ἀλεξανδρείας
3278 1127 3309 1179 6
3339 1123 3607 1194 δυσσεϐὴς
3636 1124 3775 1177 ἐκώ-

2190 1213 2320 1268 λυσε
2376 1215 2503 1278 τοὺς
2542 1215 2874 1282 Αἰγυπτίους
2903 1216 3230 1287 ἀνέρχεσθαι
3260 1217 3343 1278 εἰς
3373 1214 3443 1268 τὰ
3479 1212 3779 1283 Ἰεροσόλυ-

2193 1325 2292 1378 μα,
2315 1308 2403 1363 διὰ
2435 1307 2496 1360 τὸ
2535 1307 2612 1378 μὴ
2639 1310 2912 1361 κοινωνεῖν
2943 1309 3003 1360 ἐν
3030 1310 3095 1378 τῇ
3136 1304 3343 1376 ὑψώσει
3373 1307 3442 1375 τῇ
3476 1306 3535 1357 ὲν
3558 1303 3777 1373 Χαλκη-

2191 1400 2300 1454 δόνι
2365 1399 2586 1470 συνόδῳ.
2653 1397 2865 1469 Φοϐερὰ
2916 1398 2975 1453 δέ
3035 1415 3159 1453 τινα
3209 1397 3317 1451 ὑπὸ
3372 1394 3780 1466 δαιμονιὼντων

2190 1491 2409 1559 ἐγένετο
2433 1492 2515 1555 είς
2556 1491 2905 1561 Ἰεροσόλυμα
2930 1490 3053 1545 τότε
3083 1492 3152 1546 ⁵³.
3181 1489 3538 1552 Ἀναστάσιος
3565 1488 3624 1541 δὲ
3654 1488 3776 1540 lm-

2193 1580 2381 1652 θυμῶν
2405 1581 2661 1650 γενέσθαι
2676 1581 2805 1645 δοὺξ
2819 1581 3201 1651 Παλαιστίνης,
3228 1576 3592 1649 ὑπέσχετοτῷ
3625 1576 3779 1648 βασι-

2192 1672 2305 1740 λεῖ,
2340 1674 2390 1726 εἰ
2423 1673 2496 1743 μὴ
2528 1672 2702 1726 πείσω
2743 1672 2789 1704 ⁶⁰
2818 1672 3077 1741 Ἰωάννην
3117 1670 3210 1725 τὸν
3242 1670 3387 1741 μετὰ
3413 1668 3603 1722 Ἠλίαν
3659 1668 3779 1720 sui-

2195 1781 2397 1818 σκοπον
2467 1763 2856 1834 Ἰεροσολύμων
2922 1763 3253 1832 κοινωνῆσαι
3311 1761 3563 1831 Σευήρῳ,
3619 1758 3779 1814 δεδειν

2191 1855 2509 1928 τριακοσίας
2525 1855 2711 1925 λίτρας
2732 1853 2981 1924 χρυσίου.
2997 1853 3194 1908 Λαϐὼν
3210 1854 3266 1907 δὲ
3289 1853 3394 1926 τὴν
3421 1852 3600 1923 ἀρχὴν
3621 1846 3779 1924 ἦλθεν

2192 1949 2272 2009 είς
2290 1945 2360 2001 τὰ
2399 1944 2772 2017 Ἰεροσόλυμα,
2805 1945 2900 1999 καὶ
2933 1946 3190 2015 Ἰωάννην
3226 1946 3302 2015 μὴ
3336 1945 3664 2013 πειθόμενον
3700 1946 3779 2008 είς

2192 2038 2437 2109 φρουρὰν
2454 2036 2728 2091 ἐνέϐαλεν.
2761 2038 3042 2107 Ζαχαρίας
3072 2037 3132 2091 δέ
3155 2054 3241 2100 τις
3266 2039 3454 2107 ἄρχων
3478 2035 3776 2091 Παλαιστί-

2191 2152 2309 2205 νης,
2342 2132 2599 2204 θεοφιλὴς
2629 2132 2789 2203 ἀνὴρ,
2815 2132 3046 2187 ὑπέθετο
3073 2132 3151 2203 τῷ
3174 2132 3466 2202 ὲπισκόπῳ
3491 2130 3639 2201 ζήλῳ
3658 2129 3781 2201 θείῳ

2192 2225 2494 2298 φερόμενος
2551 2224 2887 2295 ὑποσχέσθαι
2918 2224 2996 2295 τῷ
3023 2224 3175 2279 δουκὶ
3206 2226 3381 2279 ποιεῖν
3432 2222 3503 2278 τὰ
3525 2221 3777 2278 δοκοῦντα

2190 2317 2360 2389 αὐτῷ,
2388 2319 2435 2371 εί
2462 2318 2884 2388 ἀποκατασταθῇ
2910 2319 2989 2382 είς
3027 2316 3117 2371 τὸν
3144 2318 3337 2386 θρόνον
3356 2315 3693 2371 αὐτοῦ..Τοῦ
3721 2315 3777 2370 δὲ

2192 2409 2563 2477 ἀπολύσαντος
2590 2410 2776 2475 αὑτὸν,
2804 2410 2901 2465 καὶ
2926 2410 3514 2480 ἀποκαταστήσαντος,
3550 2422 3774 2475 συναγα-

2190 2500 2304 2570 γὼν
2332 2502 2401 2556 τὰ
2434 2502 2776 2573 μοναστήρια
2828 2503 2910 2566 είς
2941 2502 3035 2555 τὸν
3073 2501 3200 2556 ναὸν
3239 2500 3332 2554 τοῦ
3384 2498 3553 2567 ἁγίου
3581 2498 3770 2567 Στεφά-

2190 2612 2304 2661 νου,
2322 2595 2416 2648 καὶ
2439 2593 2679 2648 ἀνελθὼν
2707 2594 2794 2647 ἐπ’
2810 2593 3083 2662 ἄμϐωνος,
3108 2593 3380 2663 ἅνεθεμάτ
3390 2608 3477 2645 ισε
3494 2591 3764 2661 Νιστόριον

2192 2688 2285 2743 καὶ
2313 2686 2554 2756 Εὐτυχέα
2582 2686 2675 2739 καὶ
2703 2684 2944 2757 Σευῆρον
2977 2685 3071 2738 καὶ
3103 2685 3425 2755 Σωτήριχον
3453 2683 3546 2737 τὸν
3572 2682 3761 2734 Καισα-

2192 2778 2368 2851 ρείας,
2390 2778 2764 2849 ἀναγορεύσας
2792 2778 2892 2841 τὰς
2924 2778 3087 2846 ἁγίας
3117 2779 3208 2832 καὶ
3229 2774 3626 2847 οἱκουμενικὰς
3654 2772 3762 2827 τίσ-

2193 2887 2366 2942 σαρας
2408 2869 2690 2933 συνόδουςο
2730 2869 2915 2940 παρῆν
2943 2869 3002 2924 δὲ
3047 2870 3141 2925 καὶ
3193 2868 3464 2931 ’Υπάτιος
3509 2867 3539 2920 6
3572 2864 3775 2933 ἀδελφι-

2189 2960 2314 3027 δοῦς
2344 2962 2386 2994 ⁶¹
2421 2959 2533 3033 (49)
2550 2959 2645 3015 τοῦ
2678 2959 2941 3031 βασιλέως
2968 2958 3043 3031 μὴ
3066 2959 3340 3015 κοινωνῶν
3366 2960 3458 3030 τῷ
3484 2961 3701 3033 Σευήρῳ
3719 2958 3775 3012 τὸ

2193 3051 2437 3106 σύνολον.
2482 3044 2651 3114 Οὗτος
2679 3052 3016 3122 κοινωνήσας
3040 3050 3118 3122 τῷ
3146 3050 3370 3123 Ἰωάννη
3402 3053 3533 3107 τότε
3563 3050 3774 3122 χρυσίου

508 3131 786 3203 propriam
819 3132 922 3188 sibi
951 3132 1134 3189 sedem
1155 3136 1442 3207 reciperet.
1463 3137 1580 3204 Quo
1604 3138 1757 3193 illum
1781 3139 2091 3196 dimittente

2195 3143 2385 3214 λίτρας
2413 3142 2609 3196 ἑκατὸν
2640 3142 2908 3213 Θεοδοσίῳ
2938 3142 3015 3214 τῷ
3036 3143 3168 3213 ὁσίῳ
3202 3144 3246 3173 ⁸¹
3268 3141 3496 3213 ἐξάρχῳ
3530 3142 3643 3201 ὄντι
3677 3140 3777 3195 τῶν

508 3235 574 3274 ac
600 3222 801 3278 throno
836 3225 1177 3294 restituente,
1209 3242 1333 3282 mox
1368 3230 1459 3284 ille
1490 3231 1826 3286 monasteria
1861 3246 2092 3304 quaeque

2200 3235 2581 3307 μοναστηρίων
2613 3231 2725 3306 (50)
2759 3234 2837 3297 είς
2871 3232 3136 3304 διανομὴν
3161 3234 3271 3286 τῶν
3317 3232 3472 3305 ὑπὲρ
3502 3233 3598 3304 τῆς
3623 3231 3779 3303 ὀρθῆς

506 3316 565 3369 in
597 3312 656 3370 S.
680 3313 948 3386 Stephani
983 3320 1244 3388 templum
1277 3321 1516 3393 collegit,
1544 3330 1597 3377 et
1619 3324 1830 3379 sanctis
1855 3333 2091 3395 quatuor

508 3406 870 3464 mcumenicis
904 3410 1156 3465 conciliis
1181 3412 1399 3481 publice
1428 3414 1782 3483 proclamatis
1812 3415 1864 3470 in
1893 3414 2092 3474 Nesto-

504 3503 678 3570 rium,
721 3502 1047 3575 Eutychem,
1096 3496 1359 3563 Severu‘m
1411 3517 1463 3563 et
1514 3506 1861 3563 Soterichum
1910 3509 2094 3564 Caesa-

503 3612 614 3652 rea:
657 3598 945 3668 praesulem
981 3598 1273 3654 anathema
1315 3615 1382 3655 ex
1418 3600 1653 3656 amboue
1692 3603 2090 3671 pronuntiavit.

505 3688 605 3746 His
651 3689 902 3746 interfuit
935 3690 1200 3764 Hypatius
1233 3691 1586 3764 imperatoris
1624 3709 1691 3750 ex
1726 3692 1896 3750 fratre
1920 3710 2092 3766 nepos

506 3802 537 3841 a
586 3784 775 3841 Severi
824 3788 1211 3844 communione
1254 3787 1472 3856 penitus
1525 3790 1775 3846 alienus.‘
1819 3788 1920 3855 Hic
1964 3806 2091 3847 cum

507 3877 709 3934 Joanni
741 3880 1195 3946 communicaret,
1228 3877 1541 3935 Theodosio
1581 3890 1775 3936 sancto
1815 3888 2095 3937 monaste-

510 3973 721 4026 riorum
754 3973 1052 4045 prmposito
1082 3979 1301 4029 centum
1336 3972 1453 4027 auri
1488 3972 1656 4029 libras
1690 3984 1819 4031 tunc
1844 3973 2090 4038 donavit,

508 4079 650 4134 quas
685 4065 741 4119 in
771 4064 1091 4130 monachos,
1120 4062 1212 4136 qui
1245 4073 1450 4119 rectam
1490 4064 1648 4120 fidem
1674 4073 1728 4121 et
1748 4064 2095 4122 Chalcedone

508 4157 782 4229 synodum
820 4164 997 4211 actam
1043 4165 1350 4222 tuerentur,
1385 4158 1760 4215 distribueret.
1794 4158 2095 4228 lmperator

505 4265 675 4319 porro
708 4250 1129 4322 magistratuum
1161 4251 1463 4318 nonnullis,
1502 4261 1562 4307 ut
1604 4252 1659 4305 in
1700 4251 1876 4305 sancti
1921 4249 2095 4305 Theo-

506 4341 626 4396 dori
675 4341 1104 4412 Spharaciorum
1148 4343 1352 4414 templo
1396 4359 1462 4399 ex
1513 4343 1749 4397 amboue
1785 4343 1970 4415 hymni
2013 4350 2096 4398 ter

506 4434 684 4491 sancti
716 4434 1052 4504 subjicerent
1078 4435 1509 4490 additamentum
1542 4435 1799 4505 praecepit
1827 4451 1839 4487 :
1893 4450 1959 4489 ex
1983 4449 2093 4505 quo

2196 3327 2432 3389 πίστεως
2453 3326 2665 3397 καὶτῆς
2700 3327 2758 3381 ὲν
2787 3325 3092 3395 Χαλκηδόνι
3116 3327 3162 3359 ⁸³
3193 3324 3512 3396 ζηλούντων
3543 3322 3780 3397 μοναχῶν

2194 3417 2449 3472 δέδωκεν.
2498 3416 2556 3471 '0
2610 3417 2666 3470 δὲ
2718 3416 2973 3487 βασιλεὺς
3000 3417 3153 3481 τινὰς
3195 3415 3307 3488 (51)
3340 3416 3463 3471 τῶν
3514 3415 3780 3491 ἀρχόντων

2195 3509 2533 3581 προσέταξεν
2580 3511 2660 3572 είς
2715 3509 2808 3565 τὸν
2850 3510 2977 3562 ναὸν
3024 3508 3118 3563 τοῦ
3150 3509 3307 3578 ἁγίου
3352 3508 3641 3581 Θεοδώρου
3676 3505 3780 3560 τῶν

2196 3603 2511 3673 Σφαρακίου
2565 3603 2651 3655 ἐπ’
2680 3602 2931 3671 ἄμϐωνος
2963 3603 3063 3672 τὴν
3113 3602 3446 3673 προσθήκην
3472 3601 3567 3656 τοῦ
3624 3600 3781 3671 Τρισ-

2196 3696 2352 3768 αγίου
2391 3694 2880 3761 ύποϐάλλειν,ὦστε
2908 3694 2974 3749 τὰ
2999 3694 3178 3766 πλήθη
3203 3693 3621 3766 ἀγανακτοῦντα
3644 3689 3778 3756 ἐξελ-

2197 3789 2309 3844 θεῖν
2340 3789 2479 3842 κατὰ
2496 3788 2594 3861 τὴν
2628 3788 2843 3858 ἡμέραν
2870 3788 2969 3859 τῆς
2987 3786 3143 3857 λιτῆς
3169 3786 3467 3860 γινομένης
3487 3788 3545 3840 ἐν
3573 3785 3778 3855 τῷΤρι-

2196 3883 2382 3953 κόγχῳ
2400 3882 2487 3935 διὰ
2517 3881 2618 3955 τὴν
2646 3883 2793 3935 κόνιν
2812 3897 2828 3914 ο
2866 3882 3029 3954 ήνίκα
3057 3883 3151 3939 καὶ
3179 3881 3447 3951 Τιμόθεος
3479 3881 3545 3935 δι’
3574 3880 3775 3950 ὲγγράο

2198 3990 2298 4042 (pou
2327 3970 2735 4042 ὑπομνηστικοῦ
2766 3970 2967 4034 πάσαις
2996 3971 3113 4034 ταῖς
3135 3968 3457 4035 ἐκκλησίαις
3486 3962 3776 4037 προσέταξε

2195 4067 2259 4119 τὸ
2293 4066 2590 4139 Τρισάγιον
2619 4067 2677 4118 ὲν
2707 4067 2827 4130 ταῖς
2854 4064 3029 4127 λιταῖς
3063 4063 3204 4136 μετὰ
3229 4063 3327 4133 τῆς
3363 4060 3679 4130 προσθήκης
3705 4058 3778 4108 εί-

2198 4160 2341 4213 πεῖν.
2365 4159 2541 4228 Ὅπερ
2571 4157 2758 4211 πολλοὶ
2781 4156 3107 4226 φοϐούμενοι
3137 4153 3422 4225 ἐποίησαν.
3441 4155 3506 4207 Οἱ
3536 4152 3589 4205 δὲ
3618 4165 3778 4221 μονα-

2196 4251 2283 4323 χοὶ
2315 4249 2472 4305 ἄλλον
2498 4249 2714 4321 ψαλμὸν
2749 4244 2912 4320 ἦλθον
2947 4247 3265 4318 ψάλλοντες.
3290 4246 3525 4307 Τούτους
3552 4242 3609 4296 δὲ
3659 4237 3777 4294 ίδὼν

2198 4343 2226 4395 6
2254 4342 2382 4403 λαὸς
2412 4341 2664 4409 ἔκραξεν·
2692 4337 2902 4408 Καλῶς
2932 4338 3124 4410 ἦλθον
3154 4342 3206 4394 οὶ
3234 4334 3565 4406 ὀρθόδοξοι.
3588 4331 3777 4393 Στάσις

2197 4453 2255 4489 τε
2284 4435 2454 4505 πολλὴ
2485 4434 2676 4504 γέγονε
2710 4432 2803 4486 καὶ
2855 4429 3186 4503 ἐμπρησμὸς
3220 4429 3386 4483 οἴκων
3435 4425 3645 4481 πολλῶν
3687 4421 3778 4476 καὶ

508 4528 741 4597 populus
790 4527 1147 4598 indignatus,
1192 4543 1259 4582 ex
1304 4526 1676 4598 processionis
1723 4525 1977 4596 precibus
2023 4526 2091 4581 ad

2202 4529 2353 4598 φόνοι
2384 4528 2587 4599 μυρίοι,
2616 4525 2711 4579 τοῦ
2741 4525 2899 4596 ὄχλου
2946 4522 3325 4585 καταϐοῶντος
3361 4515 3694 4585 Ἀναστασίῳ
3712 4515 3776 4577 ⁸⁵,

507 4620 879 4677 Tricouchum
906 4635 973 4677 eo
1005 4621 1095 4677 die
1119 4628 1343 4691 propter
1369 4620 1656 4691 pulverem
1690 4620 1908 4691 igneum
1943 4620 2098 4675 habi-

507 4713 601 4778 tis,
649 4726 710 4766 sc
757 4711 1021 4768 subduxit
1061 4731 1075 4766 :
1112 4729 1237 4768 cum
1280 4713 1444 4769 etiam
1481 4712 1804 4768 Timotheus
1834 4713 2095 4770 erunibus

2194 4622 2292 4675 καὶ
2320 4621 2480 4676 ἄλλον
2513 4617 2738 4689 βασιλέα
2765 4614 3085 4678 αἰτούντων,
3120 4611 3441 4667 Βιταλιανδν
3468 4610 3530 4663 δὲ
3567 4608 3777 4660 πάντων

2194 4712 2612 4784 εὐφημούντων,
2663 4709 2740 4774 ὡς
2781 4708 3183 4778 αὐτοκράτορα,
3223 4704 3365 4759 ὥστε
3407 4703 3599 4770 φυγεῖν
3622 4699 3776 4751 Ἀνα-

507 4801 763 4857 ccclesiis
808 4817 906 4872 per
950 4803 1193 4858 libellum
1226 4805 1496 4875 scriptum
1526 4803 1719 4868 edixit,
1762 4813 1822 4859 ut
1853 4814 1934 4861 ter
1969 4821 2092 4861 san-

2197 4805 2438 4868 στάσιον,
2464 4802 2561 4859 καὶ
2588 4801 2861 4872 κρυϐῆναι
2892 4801 2950 4853 ἐν
2980 4797 3292 4869 προαστείῳ
3335 4796 3504 4866 ἐγγὺς
3543 4792 3778 4860 Βλαχερ-

505 4901 659 4949 ctum
693 4894 982 4965 hymnum,
1015 4911 1125 4951 non
1158 4895 1367 4952 omisso
1403 4895 1795 4962 additamenta,
1831 4896 1883 4950 in
1917 4898 2098 4965 publi-

509 4986 589 5042 cis
616 4986 1063 5057 processionihus
1097 4986 1455 5043 decantarent
1488 5006 1501 5042 :
1541 4987 1684 5055 quod
1718 4987 1960 5056 plerique
1983 5004 2093 5057 prta

2202 4895 2332 4962 νῶν,
2366 4894 2457 4948 ὑπ’
2486 4893 2656 4964 αὐτῆς
2692 4893 2748 4947 δὲ
2770 4890 3067 4962 Ἀρεάδνης
3096 4890 3441 4961 ὑϐρισθῆναι,
3472 4887 3546 4949 ὡς
3573 4878 3775 4981 πολλῶχ

2203 4987 2392 5042 κακῶν
2421 4986 2595 5043 αἴτιον
2626 4986 2997 5058 Χριστιανοίς.
3037 4981 3474 5053 Ἀλαμουνδάρου
3514 4978 3557 5010 ⁸⁵
3592 4973 3649 5030 δὲ
3683 4973 3774 5024 τοῦ

1800 5100 2033 5158 ἾᾹΒΙᾹΣ
2069 5100 2473 5157 LECTIONES.

581 5216 629 5289 ξ’
662 5217 931 5288 Τιμόθεος
964 5219 1021 5272 δὲ
1044 5218 1149 5289 ἔφη

513 5286 817 5360 στᾴσιοςίι.
863 5359 869 5360 γ
917 5291 969 5322 ⁸⁸
990 5286 1116 5343 fort.
1139 5286 1357 5343 πείσω.
1465 5291 1505 5321 ⁸³
1545 5288 1918 5360 ἀδελφδςᾼο.

1176 5250 1338 5263 -—--
1376 5219 1596 5273 σύνοδον
1621 5234 1732 5273 om.
1764 5218 1808 5273 Α
1848 5219 1884 5274 1)
1918 5218 1963 5273 ς.
2054 5220 2101 5251 ⁵⁸
2120 5221 2180 5274 οὐ
2207 5223 2328 5278 add.
2358 5238 2421 5276 ex
2450 5224 2492 5275 A
2516 5222 2572 5278 b.

2031 5291 2076 5362 θ’
2102 5292 2236 5362 ὁσίῳ
2265 5308 2377 5346 om.
2410 5297 2453 5347 Α
2479 5310 2510 5348 e
2540 5295 2575 5347 Γ.

2680 5224 2726 5257 ⁶⁹
2754 5224 2834 5283 εἰς
2871 5221 2936 5274 Ἰε
2948 5220 3259 5289 ροσόλυμαε
3285 5217 3407 5289 τότε
3435 5214 3490 5289 δέ
3513 5229 3596 5289 τις
3622 5209 3777 5289 Ἀνα-

2680 5293 2725 5325 ⁶²
2754 5279 3062 5362 Χαλκηδόνι
3116 5279 3337 5341 σῦνόδοιι
3377 5283 3675 5338 λαλούντων
3710 5279 3772 5330 Α.

513 5357 557 5389 ⁸³
582 5357 935 5413 Ἀναστσσίου
965 5376 1018 5415 a.
1055 5362 1101 5394 ⁵³
1132 5360 1551 5431 ’Λλαμουνδάρῳ
1570 5358 1648 5428 τῷ
1683 5357 2008 5430 φυλάρχῳ-
2039 5357 2391 5431 βαπτισθέντι
2430 5368 2481 5417 h.

1329 5458 1336 5468 '
1830 5475 1971 5531 JAC.
2003 5476 2217 5533 coam
2261 5479 2498 5537 norm.

583 5586 696 5657 (49)
720 5586 781 5661 In
810 5588 927 5661 Hyp
948 5589 1041 5644 :tio
1068 5606 1221 5644 error
1243 5589 1365 5660 jam-
1388 5595 1624 5654 notatus,
1646 5602 1801 5657 nepos
1823 5604 1886 5641 ea;
1910 5603 2090 5641 sorore

512 5653 802 5722 Anastasii,
834 5653 941 5715 non
973 5677 1037 5714 ex
1072 5653 1263 5713 fratre:

584 5726 697 5801 (50)
743 5728 878 5794 Quis
933 5730 1288 5785 monasteriis
1342 5727 1663 5801 praepositus
1726 5726 1778 5780 in
1842 5726 2088 5801 Ecclesia

514 5791 620 5850 ΟΡ.
648 5791 873 5868 εὶρὸιιίι
894 5801 1302 5873 euchologlum,
1331 5791 1383 5854 et
1412 5791 1654 5853 Codinus
1682 5805 1872 5853 nostro
1904 5799 2090 5854 labore

2198 5592 2525 5649 illustratus.
3593 5651 3604 5663 .
3733 5644 3745 5655 .

2272 5664 2385 5736 (51)
2418 5663 2619 5719 Eadem
2659 5665 2727 5719 ab
2751 5664 2981 5736 Evagrio
3015 5660 3111 5718 lib.
3139 5676 3220 5717 ut.
3263 5675 3392 5732 cap.
3429 5656 3529 5711 ult.
3555 5652 3773 5707 ὀινοτειν

2204 5734 2359 5790 mode
2388 5744 2630 5789 narrata.
