4088 6416
587 379 694 440 383

1949 373 2438 435 THEOPHANIS

2495 247 2500 252 ⁴
2553 248 2598 262 .-

3749 369 3854 430 38-1

593 508 741 547 mum
773 507 834 546 se
867 493 1122 547 omnibus
1154 492 1422 547 exhibuit.
1451 490 1576 545 Fuit
1607 500 1767 545 rectae
1807 491 1928 546 tidei
1955 489 2168 546 studio-

2273 487 2579 558 ἀνεδείχθη,
2596 485 2844 558 ζηλωτὴς
2857 485 3141 558 ὁρθοδόξου
3156 485 3390 548 πίστεως
3407 483 3651 555 ἔμπυρος
3672 485 3851 558 "(78),

591 599 688 639 sus
717 594 772 638 et
802 585 929 639 belli
973 585 1148 654 gloria
1209 583 1526 654 praeclarus.
1571 581 1740 636 Uxori
1788 599 1918 638 vero
1947 583 2169 638 nomine

591 674 831 744 Lupicia:
874 677 1232 745 coniunctus,
1265 675 1443 730 eidem
1497 674 1712 744 imperii
1749 691 2011 730 coronam
2067 675 2171 729 im-

591 768 800 836 pertiit,
830 783 1015 838 quam,
1047 769 1172 822 dum
1209 765 1578 831 redimiretur,
1605 767 1965 839 Euphemiam
2001 783 2170 839 popu-

589 860 734 917 lares
767 860 944 915 tribus
1005 867 1362 914 vocaverunt.
1407 858 1742 915 Memoratus
1781 869 1963 916 autem
2002 877 2169 932 supra

593 952 901 1008 Vitalianus
933 961 1055 1020 post
1089 951 1371 1006 Anastasii
1426 959 1660 1008 mortem
1704 952 1922 1010 Justiuo
1972 969 2171 1024 magno

587 1043 1045 1098 devinctissimus
1089 1043 1285 1111 evasit,
1339 1041 1476 1100 adeo
1529 1055 1587 1100 ut
1642 1046 1890 1115 magistri
1959 1047 2172 1101 militiae

587 1135 906 1204 dignitatem
938 1134 1008 1189 ab
1043 1149 1106 1189 eo
1133 1145 1584 1206 consequeretur,
1608 1148 1662 1192 et
1696 1138 2020 1209 Byzantium
2046 1154 2172 1208 pro-

589 1226 767 1282 fectus
785 1227 1139 1282 consulatum
1181 1238 1418 1301 gereret,
1454 1239 1510 1287 et
1549 1233 1743 1288 consul
1789 1214 2181 1290 declararetur'

586 1327 642 1372 ct
671 1318 922 1375 Prcsenti
949 1335 1156 1384 comes,
1183 1329 1446 1393 tantaque
1480 1324 1625 1394 apud
1654 1325 2043 1394 imperatorem
2074 1341 2172 1378 au-

587 1412 848 1466 ctoritate
899 1410 1152 1482 polleret,
1195 1421 1256 1467 ut
1302 1413 1566 1471 Severum
1607 1405 2082 1486 expelli'juberet
2115 1426 2170 1472 et

587 1502 789 1558 occidi.
824 1503 950 1561 Fuit
982 1509 1128 1563 enim
1159 1506 1470 1563 Vitalianus
1501 1515 1666 1562 rectae
1702 1508 1824 1564 lidei
1863 1508 2003 1564 bene
2039 1509 2172 1566 affe-

587 1601 730 1650 ctus.
771 1593 848 1650 Eo
873 1598 1067 1654 nuntio
1093 1607 1342 1669 accepto,
1385 1597 1524 1667 fugit
1563 1597 1827 1663 Severus,
1873 1613 1936 1652 ac
1965 1599 2170 1668 pariter

583 1684 840 1743 Julianus
870 1687 1251 1747 Halicarnassi
1285 1690 1602 1760 episcopus,
1658 1698 1713 1744 et
1746 1688 2015 1744 Dioscoro
2044 1690 2172 1744 Ale-

2273 581 2369 634 καὶ
2390 583 2449 633 ἐν
2480 580 2744 649 πολέμοις
2777 577 3114 648 εὐδοκιμῶνο
3141 577 3368 647 σύμϐιον
3391 577 3448 630 δέ
3479 576 3619 646 ἔχων
3633 576 3853 648 ὀνόματι

2271 671 2573 726 Λουπικίαν
2632 673 2696 737 ⁸⁸,
2745 671 2971 740 ἔστεψεν
3023 669 3382 739 Αὐγοῦστανο
3444 671 3511 740 ἢν
3596 670 3647 722 οί
3693 671 3855 740 δῆμοι

2273 763 2545 817 ἐκάλεσαν
2599 763 2896 832 Εὐφημίαν
2940 763 2983 794 ¹⁹
3019 761 3102 824 εἰς
3145 760 3208 814 τὸ
3242 761 3438 830 στέψαι
3469 760 3666 829 αὐτήν.
3701 759 3859 813 Βιτα-

2270 834 2453 918 λιανὸς
2485 853 2542 907 δέ
2570 855 2598 906 6
2623 853 2921 924 πορῤηθεὶς
2954 851 3066 923 (79)
3094 851 3232 921 μετά
3251 851 3484 904 θάνατον
3508 851 3856 905 Ἀναστασίου

2271 946 2546 1017 ’1ουστίνῳ
2576 943 2655 1015 τῷ
2680 943 2902 1014 μεγάλῳ
2934 941 3438 1013 σφόδραῴκειώθη,
3467 941 3611 996 ὥστε
3653 959 3854 1012 στρατ-

2270 1038 2472 1110 ηλάτου
2526 1036 2682 1102 ἀξίαν
2734 1036 2865 1106 παρ’
2924 1032 3093 1089 αὐτοῦ
3143 1034 3427 1100 δέξασθαι,
3486 1036 3582 1088 καὶ
3622 1034 3857 1088 ὐπατεῦο
3942 1085 3964 1096 ,

2274 1150 2365 1186 σαι
2397 1131 2511 1202 (80)
2541 1131 2766 1185 ἐλθόντα
2801 1132 2858 1183 ἐν
2884 1128 3168 1199 Βυζαντίῳ
3195 1129 3292 1183 καὶ
3323 1128 3533 1184 ὕπατον
3561 1133 3860 1201 ἀναγορευ-

2273 1225 2457 1296 θῆναι,
2488 1225 2582 1278 καὶ
2613 1225 2831 1296 κόμητα
2861 1223 3170 1292 Πρεσέντου
3201 1223 3248 1256 ¹⁶
3289 1222 3424 1295 (8|),
3457 1224 3776 1296 παρρησίαν
3801 1243 3859 1280 τε

2272 1319 2420 1390 ἔχειν
2443 1318 2718 1390 τοσαύτην
2743 1317 2881 1389 πρὸς
2902 1317 2994 1371 τδν
3037 1316 3283 1382 Βασιλέα,
3317 1317 3460 1372 ὥστε
3488 1319 3582 1373 καὶ
3623 1319 3860 1391 Σευῆρον

2274 1411 2576 1484 προστάξαι
2603 1410 2716 1483 (82)
2748 1410 3085 1486 ἐκϐληθῆναι
3149 1413 3245 1466 καὶ
3298 1412 3677 1483 ἀναιρεθῆναι.
3730 1413 3861 1468 Δίαν

2271 1503 2380 1574 γὰρ
2412 1499 2481 1575 ἦν
2519 1503 2802 1575 δρθόδοξος
2847 1504 3188 1568 Βιταλιανός.
3229 1503 3290 1559 ’0
3317 1504 3374 1558 δέ
3420 1505 3656 1576 Σευῆρος
3699 1505 3862 1559 ἀκού-

2274 1614 2396 1661 σας,
2443 1597 2669 1666 ἔφυγεν,
2705 1597 2802 1650 καὶ
2854 1596 3148 1659 Ἰουλιανὸς
3184 1594 3612 1668 Ἀλικαρνασσοῦ
3639 1597 3862 1652 ἐπίσκο-

2271 1708 2392 1756 πος,
2421 1692 2514 1744 καὶ
2549 1692 2629 1753 είς
2651 1691 2930 1760 Αἴγυπτον
2958 1689 3310 1755 ἀπελθόντες,
3333 1689 3539 1761 ταύτην
3563 1688 3860 1764 ἐτάραξαν,

586 1779 918 1834 xandriuum
951 1783 1134 1836 adhuc
1193 1782 1577 1852 episcopatum
1631 1781 2060 1838 administrante
2112 1783 2166 1837 in

2273 1782 2365 1836 τὸν
2396 1782 2527 1854 περὶ
2558 1781 2802 1852 φθαρτοῦ
2855 1783 2952 1836 καὶ
3003 1781 3287 1850 ἀφθάρτου
3317 1781 3479 1850 λόγον
3516 1784 3863 1854 κινήσαντες,

584 1870 879 1942 Αῑεγριυηι
933 1873 1166 1943 profecti
1219 1873 1288 1928 de
1341 1873 1694 1943 corruptibili
1733 1882 1786 1929 et
1846 1874 2168 1945 incorrupto

2279 1880 2577 1948 Διοσκόρου
2613 1873 3047 1938 ἐπισκοποῦντος
3075 1873 3512 1944 Ἀλεξανδρείας.
3539 1876 3864 1932 Ἐπίσκοποι

585 1964 748 2017 motis
778 1965 1180 2033 quaestionibus
1208 1980 1438 2036 magnos
1465 1965 1520 2020 in
1554 1981 1614 2021 ea
1641 1966 1916 2021 tumultus
1960 1969 2170 2024 excita-

581 2063 730 2110 runt.
755 2055 1026 2111 Caaterum
1066 2057 1312 2128 episcopi
1343 2067 1398 2112 et
1429 2058 1620 2112 clerici
1673 2056 1842 2113 Roma
1871 2070 2167 2127 venerunt,

579 2148 674 2214 qui
739 2145 1046 2204 llormisdae
1078 2149 1314 2204 Romani
1375 2149 1654 2220 pontiﬁcis
1683 2150 2013 2206 auctoritate
2047 2167 2169 2206 niu-

582 2239 706 2306 niti,
739 2240 866 2297 freti
905 2259 1129 2314 quoque
1178 2243 1442 2299 Vitaliani
1479 2245 1660 2300 adhuc
1686 2245 1929 2302 viventis
1973 2257 2169 2320 poten-

579 2333 657 2388 tla
691 2343 745 2389 et
767 2334 995 2391 Joannis
1021 2337 1364 2406 Cappadocis
1419 2336 1657 2406 Cpoleos
1688 2337 1940 2408 episcopi
1997 2340 2164 2394 etiam

581 2421 898 2489 superstitis
953 2423 1288 2493 diligentia,
1345 2435 1592 2480 sanctam
1651 2426 2164 2484 Chalcedonenscm

577 2512 850 2582 synodum
877 2514 1000 2570 aliis
1057 2517 1238 2570 tribus
1291 2517 1470 2572 sacris
1498 2516 1724 2589 syuorlis
1765 2534 2168 2576 annumerave—

575 2609 728 2667 runt,
768 2610 822 2657 et
853 2619 960 2658 una
997 2619 1121 2659 cum
1147 2605 1228 2661 eis
1259 2606 1313 2660 in
1349 2622 1541 2663 sacras
1566 2608 1786 2665 tabulas
1823 2609 2160 2664 retulerunt.

575 2691 846 2749 Creterum
894 2696 1062 2766 impio
1095 2698 1301 2754 Severo
1333 2699 1401 2755 de
1447 2700 1628 2755 medio
1658 2701 1897 2767 sublato,
1959 2701 2164 2759 Paulus

576 2786 914 2856 recipiendis
937 2791 1242 2859 peregrinis
1283 2791 1338 2846 in
1372 2792 1713 2848 Eubulorum
1758 2793 1922 2850 domo
1952 2811 2165 2866 praepo-

577 2877 746 2943 situs,
795 2881 1100 2936 Antiochiae
1132 2884 1334 2950 praesul
1365 2885 1657 2940 ordinatus
1684 2894 1772 2941 est
1806 2904 1819 2940 :
1865 2888 2017 2944 mille
2034 2904 2164 2945 vero

575 2972 697 3026 auri
730 2973 900 3030 libras
933 2976 1294 3032 Antiochense
1323 2977 1537 3032 civitati
1570 2979 1802 3048 largitus
1836 2980 2158 3052 imperator,

573 3064 631 3121 in
669 3067 912 3136 reliquas
944 3070 1109 3125 urbes
1149 3071 1317 3124 multa
1361 3072 1567 3141 passim
1594 3072 1855 3142 atquitate
1886 3083 1972 3128 est
2003 3090 2158 3140 usus,

2274 1967 2446 2023 δὲκαὶ
2473 1968 2731 2039 κληρικοὶ
2785 1969 2894 2024 ἀπὸ
2938 1967 3161 2038 Ῥώμης
3205 1962 3369 2037 ἦλθον
3395 1969 3439 2000 ⁹¹
3481 1967 3748 2032 λαϐόντες
3775 1970 3866 2023 αὐ-

2276 2058 2494 2114 θεντίαν
2527 2060 2632 2114 ὐπὸ
2673 2059 2970 2131 Ὅρμίσδου
3027 2060 3332 2114 ἐπισκόπου
3374 2059 3615 2132 Ῥώμης,
3658 2063 3864 2136 σπουδῇ

2275 2149 2598 2204 Βιταλιανοῦ
2638 2150 2775 2221 (85),
2812 2149 3068 2204 Ἰωάννου
3122 2150 3170 2183 ³⁸
3213 2150 3309 2204 τοῦ
3367 2153 3747 2218 Καππάδοκος
3793 2154 3866 2208 ἐτι

2275 2240 2482 2306 ζῶντος
2535 2242 2840 2296 ἐπισκόπου
2906 2243 3558 2311 Κωνσταντινουπόλεως,
3623 2246 3730 2301 καὶ
3775 2247 3868 2318 τὴν

2274 2331 2436 2400 ἁγίαν
2461 2333 2518 2385 ἐν
2549 2332 2864 2401 Χαλκηδόνι
2899 2332 3120 2387 σύνοδον
3156 2335 3454 2401 συνέταξαν
3479 2337 3525 2369 ⁸⁸
3543 2340 3654 2402 τοῖς
3677 2339 3866 2394 διπτύ-

2272 2441 2388 2492 χοις
2441 2424 2556 2496 (84)
2606 2423 2745 2496 πρὸς
2792 2427 2916 2490 ταῖς
2951 2426 3141 2492 ἄλλαις
3198 2429 3373 2499 ἱεραῖς
3417 2432 3566 2500 τρισὶ
3604 2434 3859 2499 συνόδοις.

2273 2518 2514 2590 Σευήρου
2544 2517 2600 2572 δέ
2623 2521 2719 2572 τοῦ
2739 2519 3036 2584 δυσσεϐοῦς
3066 2523 3130 2576 ἐκ
3162 2523 3342 2577 ποδῶν
3367 2525 3678 2594 γεγονότος,
3723 2528 3858 2583 Παῦ-

2270 2610 2361 2674 λος
2385 2611 2768 2684 ἐχειροτονήθη
2812 2613 3114 2678 ἐπίσκοπος
3147 2615 3485 2686 Ἀντιοχείας
3521 2618 3551 2670 6
3580 2618 3841 2691 ξενοδόχος

2273 2705 2384 2757 τῶν
2417 2703 2714 2758 Εὐϐούλου.
2771 2706 2880 2760 Καὶ
2928 2707 3248 2778 ἐδωρήσατο
3275 2709 3303 2762 6
3335 2709 3588 2780 βασιλεὺς
3623 2715 3692 2784 τῇ
3717 2714 3857 2770 πόλει

2273 2799 2606 2869 Ἀντιοχείας
2636 2799 2814 2869 χιλίας
2847 2801 3038 2873 λίτρας
3080 2803 3310 2873 χρυσίου
3331 2822 3348 2840 ο
3379 2807 3476 2860 καὶ
3508 2809 3634 2871 ταῖς
3683 2807 3862 2872 ἄλλαις

2270 2889 2328 2942 δέ
2357 2890 2546 2944 πόλεσι
2575 2891 2781 2962 πολλὴν
2812 2892 3076 2962 εὐνομίαν
3123 2895 3426 2966 παρέσχεν,
3481 2897 3742 2961 κωλύσας
3774 2900 3866 2953 καὶ

2269 2977 2370 3042 τὰς
2417 2978 2690 3049 δημώδεις
2736 2983 3004 3052 ταραχάς.
3052 2982 3282 3039 Ξεναῖαν
3339 2986 3398 3040 δέ
3449 2987 3545 3043 τὸν
3588 2988 3867 3055 Φιλόξενον

2271 3069 2576 3124 ἐπίσκοπον
2641 3071 3004 3142 Ἱεραπόλεως
3062 3077 3514 3152 Μανιχαιόφρονα
3558 3081 3716 3148 ὄντα,
3779 3085 3869 3138 καὶ

571 3166 626 3213 et
645 3161 937 3230 populares
969 3162 1243 3218 tumultus
1269 3163 1472 3234 ubique
1499 3165 1862 3234 compescuit.
1891 3163 2157 3220 Xcuaiam

2272 3165 2478 3236 Πέτρον
2515 3166 2825 3237 Ἀπαμείας
2855 3167 3124 3240 ἐξώρισεν
3147 3172 3176 3225 6
3202 3173 3436 3244 εὐσεϐὴς
3461 3175 3725 3245 βασιλεὺς
3752 3177 3868 3233 Ἰου.

571 3267 814 3323 quoque,
868 3255 1233 3310 Philoxcnum
1296 3257 1543 3322 nomine,
1584 3257 1742 3330 142
1801 3257 2163 3329 Hierapoleos

2272 3262 2445 3323 στῖνος
2475 3261 2574 3314 σὺν
2632 3262 2768 3314 πᾶσι
2821 3264 2935 3325 τοῖς
2973 3263 3265 3333 μετέχουσι
3303 3265 3404 3333 τῆς
3450 3267 3637 3339 λώϐης
3670 3271 3866 3326 αὐτῶν.

570 3347 892 3418 episcopum
926 3363 1051 3404 cum
1083 3347 1400 3406 Manichzeis
1433 3351 1790 3416 sentientem,
1826 3351 2165 3422 Petrumque

2286 3351 2580 3423 Ἀμάντιόν
2637 3371 2696 3408 τε
2738 3353 2831 3408 τὸν
2865 3356 3234 3425 πραιπόσιτον
3275 3357 3414 3430 (85),
3469 3361 3566 3414 καὶ
3611 3361 3868 3435 Ἀνδρέαν

570 3438 850 3509 Apamere,
879 3456 1008 3496 cum
1041 3443 1303 3497 omnibus
1336 3443 1529 3499 eodem
1577 3445 1840 3514 contagio
1887 3444 2087 3501 amatis
2111 3445 2167 3500 in

2272 3443 2367 3496 τὸν
2389 3444 2866 3516 κουϐικουλάριον,
2891 3448 2986 3500 καὶ
3003 3447 3298 3521 Θεόκριτον
3323 3451 3413 3505 τὸν
3438 3453 3869 3527 κόμηταἊμαν-

569 3531 824 3586 exsilium
891 3533 1019 3601 pius
1069 3534 1370 3604 imperator
1421 3537 1633 3606 expulit
1681 3546 1788 3592 :et
1851 3539 2168 3592 Amantium

2274 3533 2416 3597 τίου,
2466 3533 2526 3586 ὃν
2562 3534 2817 3588 ἐϐούλετο
2876 3537 3105 3607 ποιῆσαι
3157 3538 3404 3607 βασιλέα,
3450 3541 3524 3604 ὡς
3574 3545 3870 3616 τυραννίδα

569 3626 925 3695 ρι’ωροείιυιη
947 3635 1001 3682 et
1037 3627 1318 3682 Andream
1349 3629 1757 3684 cubicularium
1807 3637 1864 3685 et
1898 3629 2168 3686 Theocri-

2281 3627 2692 3697 μελετήσαντας
2743 3629 2976 3682 ἀνεῖλεν.
3017 3629 3078 3684 Ὀ
3125 3631 3235 3704 γὰρ
3270 3635 3633 3705 πραιπόσιτος
3678 3638 3870 3694 δέδωκε

571 3727 686 3772 tum
719 3718 966 3774 Amantii
996 3721 1280 3788 comitem,
1311 3737 1479 3792 quem
1534 3722 1924 3794 imperatorem
1981 3723 2168 3778 decla-

2275 3720 2556 3791 Ίουστίνῳ
2588 3721 2850 3792 χρήματα
2875 3723 3161 3794 ρογεῦσαι,
3184 3726 3334 3789 ὅπως
3365 3727 3664 3800 Θεόκριτος
3703 3732 3749 3763 ³⁸
3778 3731 3872 3802 βα-

570 3825 697 3866 rare
732 3813 1102 3882 proponebat,
1127 3829 1227 3868 ceu
1258 3814 1609 3885 tyrannidem
1639 3817 1959 3882 meditatos,
1991 3815 2168 3872 inter-

2279 3812 2528 3882 σιλεύσῃ.
2575 3813 2633 3866 ’0
2670 3813 2726 3868 δὲ
2787 3815 3021 3884 στρατὸς
3051 3817 3097 3848 ³⁸
3132 3819 3226 3871 καὶ
3275 3819 3325 3872 οἱ
3361 3819 3524 3890 δῆμοι
3543 3822 3645 3894 οὐχ
3676 3825 3874 3878 εἴλοντο

570 3903 725 3960 fecit.
753 3904 1099 3977 Prmpositus
1122 3910 1273 3964 enim
1307 3910 1578 3980 pecunias
1603 3909 1829 3966 Justino
1854 3911 2168 3967 donaverat

2272 3905 2365 3958 τὸν
2397 3905 2694 3976 Θεόκριτον
2726 3905 3071 3974 βασιλεῦσαι,
3113 3910 3232 3964 ἀλλ’
3261 3911 3556 3968 Ἰουστῖνον
3596 3915 3872 3989 ἀνεκήρυ-

571 3997 627 4051 in
653 3997 856 4054 milites
906 3998 1346 4065 distribuendas,
1381 4015 1446 4056 ea
1509 4002 1858 4066 conditione,
1902 4011 1962 4056 ιιι
1987 4001 2168 4058 Theo-

2274 3997 2394 4064 ξαν.
2425 3997 2594 4052 Αὐτοὶ
2622 3997 2678 4050 δὲ
2703 3997 3154 4071 δυσφορήσαντες
3180 4005 3478 4073 τυραννίδα
3509 4007 3872 4081 ἐμελέτησαν,

568 4092 772 4146 critum
828 4093 1216 4163 imperatorem
1273 4095 1540 4151 salutaret
1600 4113 1614 4150 :
1677 4095 1962 4151 exercitus
2025 4112 2159 4151 vero

2275 4090 2372 4144 καὶ
2407 4089 2780 4162 ἀνῃρέθησαν.
2809 4092 3211 4148 Ἀνεκαλέσατο
3236 4095 3292 4149 δὲ
3323 4099 3352 4150 6
3376 4097 3637 4168 βασιλεὺς
3669 4103 3874 4164 πάντας

570 4185 872 4258 populique
927 4187 1109 4244 tribus
1153 4188 1513 4254 Theocritum
1577 4190 1853 4260 imperare
1887 4205 1995 4246 non
2031 4197 2164 4245 sunt

2272 4183 2398 4245 τοὺς
2443 4182 2647 4242 ἀδίκως
2701 4183 2746 4216 ’⁸
2793 4184 3176 4254 ἐξορισθέντας
3240 4188 3346 4242 ὑπὸ
3392 4189 3754 4248 Ἀναστασίου
3781 4197 3875 4250 καὶ

570 4277 743 4348 passi,
790 4279 887 4336 scd
943 4276 1226 4337 Iustinum
1277 4283 1585 4354 principem
1634 4283 2155 4340 renuntiaverunt:

2281 4274 2568 4330 Ἀππίωνα
2616 4275 2710 4330 τὸν
2758 4278 3052 4349 πατρίκιον
3085 4281 3153 4347 ⁸⁷,
3195 4280 3255 4335 ὅν
3287 4284 3346 4336 ἐν
3382 4284 3594 4358 Νικαία
3634 4288 3875 4359 πρεσϐύο

1875 4419 2113 4476 VARIIE
2150 4413 2558 4474 LECTIONES.

635 4533 679 4566 "
706 4532 1043 4613 ἐμπυροεᾹ,
1075 4535 1338 4613 ἔμπειρος
1374 4537 1540 4613 vulg;
1566 4608 1583 4613 _
1603 4537 1648 4570 '°
1669 4537 1917 4613 Λουκίαν
2102 4535 2145 4568 ³⁸
2180 4530 2474 4613 Εὐφημίαν
2506 4531 2556 4582 οἱ
2595 4531 2770 4613 pi):
2803 4524 3430 4613 égdtaagvgrefpeaica‘v
3461 4537 3650 4613 abripi
3663 4539 3876 4613 Αὐγου-

565 4620 708 4682 at?!
725 4601 778 4658 ιδ.
798 4601 900 4682 μί’
934 4601 1329 4682 Περσέντουᾏ.
1403 4609 1447 4682 ’ξ
1473 4601 1830 4682 ’ἦλθονΑν--ς
1869 4609 2091 4682 Ἱξώμης
2112 4620 2224 4661 om.
2255 4601 2354 4682 A.’
2374 4603 2442 4682 _”
2473 4601 2678 4682 σπουδῇ
2703 4602 3047 4682 Βιταλιιαινού,
3089 4601 3340 4682 Ἰωάννου
3378 4608 3443 4682 ᾼ,
3463 4601 3876 4682 ⁸ὐπὸ-Βιταλιαη

566 4673 660 4750 Υρῦ
685 4671 1296 4750 ετιξῷνιεοςνηιωάννου
1359 4671 1524 4748 vulg:
1618 4679 1666 4712 υ
1699 4671 2005 4750 “ungat
2049 4671 2113 4741 λ,
2168 4671 2532 4750 συνετάξαντο
2585 4671 2766 4750 νυίεὶ.
2843 4672 2888 4704 ’⁸
2921 4674 3214 4750 Θεόκριτος
3271 4677 3338 4744 Α,
3373 4677 3668 4750 Θεόκριτον
3727 4678 3872 4748 vulg.

565 4744 611 4775 "
647 4745 1025 4818 στρατηλάτης
1054 4749 1099 4800 Α
1129 4765 1181 4803 c.
1251 4749 1298 4780 "
1320 4740 1558 4813 τούςνάδ.
1587 4751 1658 4816 Α,
1688 4749 1780 4804 τοῦ
1803 4750 1888 4804 ὰδ.
1913 4740 2069 4819 vulg.
2102 4740 2106 4741 ν
2145 4746 2188 4778 ¹⁴¹
2217 4740 2531 4814 πατρίκιονῖ
2560 4740 2934 4816 πρεσϐύτερον
2966 4744 3000 4799 ι)
3032 4740 3086 4800 e'.

1885 4863 2032 4920 JAC.
2071 4861 2282 4920 GOARI
2316 4856 2552 4915 NOTAE.

637 4976 751 5048 (78)
797 4976 1123 5036 Theodorus
1149 4981 1369 5038 Lector.

641 5047 758 5120 (79)
808 5049 1160 5120 Marcellinus
1229 5053 1335 5108 hoc
1384 5053 1576 5110 eodem
1626 5071 1794 5111 anno.
1848 5053 2164 5112 Vitalianus

568 5119 773 5192 Scytha
821 5119 1024 5196 Justi_ni
1055 5123 1359 5196 _principis
1420 5125 1623 5196 pietate
1658 5127 1725 5179 ad
1763 5127 2158 5195 rempublicam

566 5191 882 5268 revocatus,
907 5191 1013 5268 (_ZP.
1055 5191 1337 5268 ingressus
1365 5191 1450 5268 est
1476 5214 1488 5250 :
1519 5198 1864 5268 septimoque
1887 5191 2162 5267 receptio-

567 5263 653 5317 uis
682 5263 771 5315 die
795 5263 1059 5332 magister
1091 5265 1276 5319 milita;
1307 5263 1617 5322 ordinatus.

639 5331 752 5409 (89)
784 5331 943 5409 Quod
986 5349 1132 5388 anno
1169 5333 1370 5389 Justiui
1431 5337 1673 5394 secundo
1729 5338 1982 5409 contigit,
2029 5336 2159 5392 Jor-

567 5403 776 5474 Italides
816 5405 888 5474 De
925 5420 1069 5471 regit.
1096 5414 1145 5457 et
1173 5417 1330 5474 temp.
1361 5423 1587 5462 success.

643 5472 754 5543 (8i)
782 5473 1042 5543 Magister
1081 5472 1292 5529 militiai.
1325 5477 1380 5531 in
1411 5477 1695 5543 Praesenti,
1752 5480 1871 5535 sive
1905 5483 2158 5538 Praesen-

571 5543 700 5625 talis
727 5543 1146 5625 dicebaturmui
1173 5562 1412 5625 praesens
1447 5547 1579 5625 imp.
1611 5549 1878 5625 obsequio
1925 5555 2158 5625 deputa-

572 5564 700 5598 taus
727 5564 1146 5613 urccnatur,qu1
1173 5564 1412 5615 praesens
1447 5564 1579 5674 th.
1611 5564 1878 5620 Obsequio
1925 5564 2157 5625 deputa-

570 5623 660 5694 tus
690 5622 832 5668 crat.
884 5613 960 5668 De
992 5615 1113 5684 ejus
1166 5621 1488 5676 muneribus
1570 5620 1870 5678 aueirollus
1925 5625 1979 5679 in
2041 5634 2157 5680 not.

573 5700 707 5736 IlllD.

635 5703 644 5734 l
697 5723 707 5735 ι

617 5700 754 5833 ῗξὲςὶ)
788 5755 1054 5833 Evagrius
1087 5756 1179 5811 lib.
1211 5773 1283 5824 Iv,
1314 5776 1431 5831 cap.
1470 5761 1519 5828 -ίι,
1553 5770 1604 5818 ct
1633 5761 1919 5820 Lilu‘ratus
1953 5767 2004 5822 iu
2040 5767 2159 5823 Bre-

575 5829 776 5892 vialio,
807 5842 929 5896 cap.
965 5829 1045 5885 ll).

2341 4980 2452 5050 (83)
2496 4977 2803 5050 Factumiid
2833 4977 3143 5034 Hormisdre
3169 4978 3418 5050 episcopi
3448 4978 3680 5034 Romani
3709 4985 3871 5050 auto-

2271 5049 2452 5112 ritate,
2495 5049 2678 5105 studio
2708 5049 2986 5120 Vitaliani,
3011 5065 3134 5104 cum
3158 5049 3399 5105 JOaunes
3434 5051 3727 5120 Cappadox
3761 5049 3866 5106 ΟΡ.

2268 5122 2558 5192 episc0pus
2581 5120 2764 5192 adhuc
2792 5120 2847 5192 _in
2878 5119 3016 5192 vivis
3043 5129 3251 5192 ageret.
3287 5121 3379 5174 Sic
3409 5129 3462 5175 et
3485 5119 3677 5176 Anast.
3710 5121 3866 5192 legit,

2267 5208 2377 5246 non
2403 5199 2464 5244 ut
2498 5191 2694 5245 vitiose
2718 5190 2923 5243 habent
2946 5190 3116 5245 edita.
3144 5190 3436 5246 COIIBEFIS.

2325 5261 2438 5331 (84)
2458 5260 2528 5316 Ut
2546 5269 2736 5315 sancta
2759 5259 2984 5314 Patrqu
3009 5261 3241 5331 illorum
3252 5262 3551 5316 "haberetur
3573 5261 3864 5326 memoria,

2261 5340 2316 5386 et
2336 5329 2528 5402 eorum
2546 5331 2760 5386 sancita
2778 5332 3163 5402 probarentur.
3200 5329 3341 5387 Hinc
3378 5331 3598 5387 Patrum
3621 5334 3865 5386 onmium

2259 5405 2326 5457 ad
2347 5401 2597 5474 diversas
2622 5401 2863 5474 synodos
2879 5401 3249 5457 metunenicas
3266 5403 3737 5474 convenientium,
3773 5418 3868 5472 pro

2269 5473 2495 5541 syuoilis
2532 5473 2766 5542 singulis
2825 5473 2995 5528 festos
3027 5475 3193 5543 etiam
3247 5473 3366 5528 dies
3421 5474 3668 5540 singulos
3701 5481 3868 5543 agunt

2267 5543 2441 5616 Graeci
2467 5543 2532 5596 ad
2559 5543 2885 5616 hodiernum
2913 5559 3086 5614 usque
3115 5542 3259 5597 diem
3287 5561 3302 5598 :
3336 5543 3404 5599 de
3431 5547 3628 5616 quibus
3660 5542 3862 5598 consu-

2267 5613 2489 5669 lendum
2520 5629 2709 5668 eorum
2764 5613 3052 5668 Menaaum.

2338 5684 2450 5750 (85)
2485 5683 2815 5742 .lurnandcs.
2844 5684 2915 5737 De
2932 5700 3074 5753 regit.
3101 5694 3148 5736 et
3170 5693 3329 5754 temp.
3352 5702 3580 5740 success.
3602 5683 3866 5754 Evagrius

2274 5754 2372 5808 lih.
2404 5771 2476 5817 tv,
2510 5771 2627 5825 cap.
2657 5755 2724 5820 ‘2;
2757 5752 3055 5810 Chronicon
3079 5752 3526 5823 Alexandrinum,
3557 5767 3605 5812 ct
3641 5752 3865 5808 Marcel-

2277 5825 2396 5879 lini.
