4088 6416
416 321 626 411 ,391

1903 325 2399 389 THEOPHANIS

3693 334 3810 398 392

524 448 653 488 cum
688 433 859 490 missa
892 433 1165 506 legatione
1190 435 1454 506 acceptis,
1477 450 1602 491 cum
1637 451 1703 493 eo
1724 437 1931 509 pariter
1965 454 2104 510 prae-

2220 439 2378 512 Ξάδης
2420 442 2557 514 πρὸς
2591 442 2774 508 αὑτὸν,
2824 443 3076 498 συνέθετο
3105 445 3201 498 καὶ
3235 445 3383 516 αύτῷ
3407 446 3472 500 ³⁸.
3520 445 3694 500 Τοῦτο
3745 450 3808 505 δὲ

526 527 649 582 liari
685 527 1004 598 spopondit.
1043 528 1248 583 Nuntio
1287 537 1514 600 accepto
1571 532 1814 602 graviter
1864 533 2110 590 offensus

526 626 614 674 est
641 619 915 673 Justinus.
953 618 1031 672 Ad
1084 619 1286 673 bellum
1336 619 1522 690 itaque
1577 630 1770 676 contra
1830 621 2109 678 Romanos

526 712 856 767 movendum
897 711 1045 766 misit
1090 712 1328 782 Ziligdes
1360 713 1642 768 hominum
1671 716 1861 786 viginti
1893 717 2062 771 millia
2093 735 2108 772 :

521 803 784 860 Justinus
819 819 962 858 novo
982 804 1046 858 tle
1073 820 1204 872 pace
1233 813 1471 860 tractatu
1519 822 1618 878 per
1649 809 1855 878 legatos
1892 810 2111 864 instau-

528 907 671 959 rato,
699 895 956 964 datisque
987 893 1147 962 quasi
1196 908 1363 963 super
1391 895 1496 948 alia
1539 912 1596 950 re
1637 897 1858 958 litteris,
1906 897 2111 953 Cabaui

526 986 822 1041 Persarum
860 983 976 1054 regi
1011 984 1078 1038 de
1115 983 1344 1054 Ziligde,
1395 995 1454 1040 ut
1479 985 1738 1043 Romanis
1787 989 1989 1043 auxilia
2013 989 2113 1042 da-

527 1085 714 1130 turum
753 1075 918 1130 etiam
957 1091 1081 1129 cum
1109 1075 1428 1144 juramento
1461 1089 1654 1148 pactus
1683 1079 1872 1145 fuerit,
1903 1080 2111 1151 signiﬁ-

519 1173 618 1222 cat
659 1184 673 1218 ε
711 1165 766 1218 in
799 1179 928 1218 eum
970 1165 1132 1219 linem
1159 1167 1303 1222 dona
1354 1169 1589 1238 plurima
1641 1171 1940 1240 accepisse,
1975 1169 2111 1225 Per-

525 1273 618 1314 sas
665 1257 932 1313 Romanis
963 1259 1196 1329 prodere
1242 1260 1498 1316 meditari
1535 1280 1548 1316 :
1587 1278 1687 1319 nos
1739 1263 1924 1334 itaque
1966 1264 2111 1318 velut

527 1352 751 1414 fratres,
786 1351 993 1420 inquit,
1040 1350 1095 1405 in
1143 1352 1442 1407 amicitiam
1485 1354 1687 1417 redire,
1739 1364 1795 1410 et
1822 1370 1852 1409 a
1881 1356 2112 1412 canibus

523 1443 651 1498 istis
681 1443 787 1498 hoc
818 1455 981 1513 pacto
1042 1443 1273 1498 minime
1323 1444 1512 1499 deludi
1573 1456 1811 1516 oportet.
1867 1446 2112 1502 Cabadcs

527 1534 699 1604 igitur
727 1533 992 1604 Ziligdem
1021 1535 1256 1590 seorsim
1289 1535 1613 1605 interrogat,
1665 1553 1796 1591 num
1844 1537 1916 1592 ita
1956 1538 2115 1592 delu-

526 1626 786 1681 dentibus
817 1625 1022 1692 Persis,
1050 1627 1363 1696 accepisset
1391 1642 1420 1682 a
1446 1627 1710 1684 Romanis
1736 1645 1961 1684 munera
1980 1630 2005 1684 ἳ
2023 1629 2114 1684 Ita

531 1731 612 1776 es!
634 1760 650 1785 ,
675 1721 965 1790 respondet
983 1721 1094 1775 ille.
1125 1721 1223 1776 His
1242 1723 1449 1776 exarsit
1472 1722 1800 1784 Cabades,et
1822 1723 1996 1792 ipsum
2033 1723 2114 1777 itt-

2226 532 2414 604 μαθὼν
2447 536 2475 587 6
2516 535 2821 599 Ἰούστῖνος,
2847 536 3095 606 ἐλυπήθη
3131 537 3352 608 σφόδρα.
3386 539 3735 593 Ἀπέστειλεν
3758 541 3809 574 ³³

2219 626 2274 680 δὲ
2294 629 2430 699 πρὸς
2453 629 2580 692 τοὺς
2603 629 2818 697 Πέρσας
2839 632 2868 682 6
2891 629 3140 699 Ζιλίγδης
3174 632 3314 702 μετά
3339 631 3598 703 χιλιάδων
3625 636 3812 689 εἴκοσι

2217 719 2312 772 τού
2342 719 2653 790 πολεμῆσαι
2689 722 3018 791 Ῥωμαίους.
3059 721 3119 776 Ὀ
3148 722 3206 778 δὲ
3244 724 3532 789 Ἰούστῖνος
3558 726 3805 797 ἐδήλωσε

2219 813 2443 884 Κασάδῃ
2462 813 2540 883 τῷ
2565 813 2775 882 βασιλεῖ
2797 815 3021 884 Περσῶν
3041 815 3365 886 πρεσϐεύων
3393 819 3522 888 περὶ
3551 820 3807 890 εἰρήνης,

2221 905 2316 958 καὶ
2345 905 2422 968 ὼς
2457 907 2544 958 ἐπ’
2579 905 2724 977 ἄλλῳ
2749 908 2856 960 τινὶ
2885 907 3125 978 γράψας,
3160 910 3254 962 καὶ
3285 909 3414 980 περὶ
3443 909 3686 981 Ζιλίγδη,
3717 914 3811 967 ὅτι

2224 995 2543 1066 συμμαχίας
2562 997 2758 1066 ὅρκους
2787 996 2900 1067 ἔχει
2928 998 3069 1067 μετά
3087 997 3407 1068 Ῥωμαίων,
3432 1000 3524 1052 καὶ
3547 1002 3628 1054 ὅτι
3650 1001 3812 1072 δῶρα

2220 1087 2413 1141 ἐλαϐεν
2443 1089 2636 1154 πολλὰ,
2672 1090 2770 1143 καὶ
2805 1089 3052 1159 βούλεται
3087 1091 3358 1161 προδότης
3395 1091 3654 1160 γενέσθαι
3689 1093 3809 1146 τῶν

2218 1182 2466 1252 Περσῶν,
2497 1183 2592 1236 καὶ
2623 1184 2706 1236 ὅτι
2734 1183 2816 1237 δεῖ
2841 1185 2992 1253 ἡμᾶς
3025 1183 3290 1251 ἀδελφοὺς
3322 1184 3480 1247 ὄντας
3507 1186 3586 1247 εἰς
3615 1185 3809 1254 φιλίαν

2220 1272 2416 1335 ἐλθεῖν,
2446 1271 2541 1325 καὶ
2580 1273 2656 1342 μὴ
2677 1272 2782 1324 ύπὺ
2806 1273 2915 1326 τῶν
2953 1273 3128 1326 κυνῶν
3161 1273 3368 1326 τούτων
3395 1273 3567 1336 οὕτως
3593 1275 3641 1314 δ’
3673 1275 3810 1330 παῖ-

2221 1363 2432 1428 ζεσθαι.
2465 1364 2524 1418 Ὀ
2554 1364 2612 1417 δέ
2643 1364 2904 1433 Καόἀδης
2942 1363 3270 1436 ἐπηρώτησε
3298 1365 3341 1396 ⁸⁸
3383 1369 3505 1418 κατ’
3541 1367 3681 1420 ἰδίαν
3708 1367 3808 1421 τὸν

2220 1456 2494 1526 Ζιλίγδην,
2526 1457 2574 1508 εί
2615 1456 2807 1510 ἐλαδεν
2831 1457 2985 1528 παρά
3021 1457 3311 1527 Ῥωμαίων
3344 1455 3514 1528 δῶρα,
3554 1475 3807 1531 προτρα-

2220 1549 2343 1611 πεὶς
2371 1547 2511 1601 κατὰ
2546 1547 2774 1618 Περσῶν
2803 1548 2936 1620 (92).
2975 1549 3033 1602 Ὀ
3051 1547 3108 1602 δὲ
3130 1546 3314 1602 εἶπεν·
3344 1552 3476 1605 Ναί.
3513 1552 3625 1604 Καὶ
3649 1551 3809 1622 ὀργι-

2222 1639 2369 1702 σθεὶς
2394 1641 2423 1692 6
2447 1639 2706 1710 Καδάδης
2735 1640 2993 1708 ἐφόνευσε
3020 1640 3206 1706 αὐτὸν,
3238 1643 3332 1695 καὶ
3361 1641 3450 1696 διὰ
3476 1641 3577 1712 τῆς
3608 1643 3807 1706 νυκτὸς

2222 1731 2444 1802 πέμψας
2495 1732 2676 1804 πλήθη
2727 1733 2975 1803 Περσῶν.
3024 1733 3232 1787 ἀνεῖλεν
3275 1734 3368 1788 τὸν
3422 1733 3552 1788 λαὸν
3608 1735 3806 1798 αὐτοῦ,

529 1812 751 1867 tet-fecit
782 1811 1110 1882 :missisque
1137 1827 1234 1882 per
1263 1820 1474 1867 noctem
1491 1811 1782 1867 Persarum
1807 1814 2113 1884 agminibus

2222 1824 2546 1894 ὑπονοήσας,
2573 1824 2656 1878 ὅτι
2691 1825 2828 1896 δόλῳ
2853 1819 3017 1896 ἦλθον
3053 1824 3100 1856 ⁵⁸
3147 1825 3285 1896 πρὸς
3328 1826 3511 1881 αὐτόν.
3551 1827 3707 1881 Ὀσοι
3745 1826 3808 1880 δέ

528 1904 720 1973 copias
753 1909 874 1972 ejus
896 1905 1120 1968 delevit,
1166 1921 1293 1961 eum
1323 1905 1450 1960 dolo
1490 1906 1717 1961 ductum
1744 1906 1810 1960 ad
1842 1921 1902 1962 se
1930 1921 2117 1962 acces-

528 1997 671 2052 sisse
709 1997 1048 2066 suspicatus.
1074 1996 1114 2051 li
1147 1997 1368 2053 demum
1410 1997 1615 2068 quibus
1672 1997 1798 2068 luga
1846 1999 2117 2070 permissa

527 2095 614 2144 est
642 2087 867 2142 domum
897 2089 1201 2145 redierunt.

601 2183 953 2254 Euphrasius
997 2195 1184 2242 autem
1215 2185 1599 2242 Antiochenus
1642 2186 2116 2246 Chalcedonensis

525 2277 724 2346 synodi
757 2275 984 2331 Patrum
1013 2285 1070 2332 et
1100 2277 1276 2348 ipsius
1307 2293 1457 2347 papa:
1497 2276 1734 2331 Romani
1777 2279 2005 2332 nomina
2029 2279 2116 2333 di-

528 2370 748 2441 ptychis
797 2371 1087 2438 expunxit.
1140 2371 1500 2426 Postmodum
1561 2385 1694 2424 vero
1747 2381 1898 2426 metu
1940 2371 2118 2442 pmni-

529 2469 656 2515 teus
690 2461 964 2529 redditus,
1008 2467 1249 2533 quatuor
1301 2463 1548 2534 synodos
1603 2461 1824 2532 publice
1873 2464 2113 2532 promul-

528 2554 696 2623 gavit.

598 2645 868 2702 Caeterum
899 2646 1146 2704 Cabades
1173 2647 1465 2705 Persarum
1499 2665 1591 2705 rex
1621 2648 1995 2707 Romanorum
2017 2653 2122 2708 im-

529 2747 840 2807 peratorem
878 2739 1076 2795 domus
1110 2755 1225 2796 suae
1263 2751 1577 2796 curatorem
1606 2742 1895 2799 instituere
1920 2759 2120 2815 propo-

529 2827 641 2881 suit
679 2845 692 2882 :
727 2827 994 2898 majorum
1026 2830 1228 2900 quippe
1259 2839 1388 2884 natu
1420 2830 1616 2896 lilium,
1637 2848 1798 2902 quem
1819 2832 2117 2890 Persarum

529 2918 681 2989 leges
713 2920 779 2974 ad
804 2935 1034 2990 regnum
1091 2921 1387 2986 vocabant,
1426 2923 1510 2978 vel
1543 2925 1611 2980 ab
1663 2938 1728 2980 eo
1787 2925 2115 2994 secundum,

530 3009 683 3080 quod
748 3012 946 3068 oculus
992 3012 1042 3068 ei
1096 3012 1237 3069 foret
1287 3014 1543 3081 elTossus,
1585 3031 1816 3088 regnare
1871 3019 2050 3073 noluit
2099 3037 2114 3075 :

533 3101 842 3160 Chosroem
881 3111 1066 3160 autem
1099 3121 1164 3161 cx
1193 3107 1411 3176 Aspede
1442 3122 1635 3163 sorore
1677 3118 1993 3180 susceptum
2029 3110 2116 3165 di-

535 3192 740 3262 ligebat
773 3203 950 3264 pater.
981 3194 1166 3262 Quare
1192 3212 1318 3251 cum
1363 3195 1628 3253 Romanis
1673 3215 1861 3268 pacem
1915 3199 2119 3257 habere

531 3285 801 3351 decrevit,
834 3293 888 3340 et
915 3285 1220 3342 Chosroetn
1252 3288 1600 3357 imperatoris
1629 3289 1799 3345 lilium
1832 3291 2121 3347 instituere

530 3375 852 3438 meditatus.
887 3378 1210 3448 Byzantium
1266 3380 1476 3451 legatos
1507 3382 1572 3436 ad
1619 3379 1898 3436 Justinum
1929 3382 2116 3438 mittit.

531 3467 837 3538 imperator
864 3471 1180 3540 adoptivum
1203 3487 1270 3526 ex
1300 3481 1528 3530 senatus
1555 3475 1793 3529 consilio
1826 3490 1950 3530 eum
1997 3476 2116 3531 iieri

527 3574 642 3614 non
674 3560 897 3616 admisit
929 3578 943 3615 :
981 3577 1193 3616 merum
1239 3563 1386 3618 enim
1415 3563 1601 3618 dolum
1629 3563 2118 3636 Romanorumque

529 3652 858 3721 perniciem,
920 3652 1117 3708 Proclo
1137 3662 1413 3724 quaestore
1459 3655 1578 3712 viro
1611 3659 1880 3726 prudente
1907 3672 1973 3713 ac
2025 3674 2118 3714 sa-

532 3743 652 3811 gaci
687 3744 950 3814 praclare
997 3745 1051 3800 id
1085 3746 1373 3816 suadente,
1419 3746 1699 3817 ejusmodi
1748 3757 1869 3806 arte
1918 3749 2101 3820 parari

535 3845 951 3904 persenserunt.

587 4029 656 4082 Α.
699 4029 767 4084 C.
817 4029 943 4086 5η.
981 4061 1051 4072 -
1093 4033 1254 4106 144
1317 4033 1434 4092 lloc
1498 4051 1646 4093 anno
1715 4038 2114 4111 Dyrrhachium

530 4136 690 4177 novae
721 4122 869 4194 Epiri
904 4124 962 4178 in
1011 4123 1232 4195 Illyrico
1273 4127 1472 4184 civitas
1511 4129 1726 4200 plagam
1755 4132 1976 4188 coalitus
2009 4131 2116 4188 im-

529 4215 759 4268 missam
805 4215 1038 4286 accepit.
1077 4216 1380 4287 Imperator
1425 4235 1556 4276 vero
1593 4221 1703 4276 vim
1754 4223 2113 4292 pecuniarum

529 4307 818 4378 ingentem
883 4309 952 4363 ad
1010 4310 1263 4366 civitatis
1319 4311 1783 4369 instaurationem
1844 4318 2110 4386 erogavit.

526 4399 720 4456 Parem
751 4402 960 4459 cladem
1019 4419 1183 4474 passa
1241 4415 1329 4461 est
1378 4405 1680 4462 Corinthus
1729 4407 1954 4464 Graeciaa
1994 4423 2112 4464 me-

2218 1914 2563 1987 ὴδυνήθησαν
2591 1919 2807 1985 φυγεῖν,
2841 1914 3135 1983 ἀνέζευξαν
3163 1917 3244 1982 είς
3275 1915 3344 1971 τά
3371 1916 3499 1972 [δια.

2288 2182 2597 2253 Εὐφράσιος
2640 2181 2698 2236 δέ
2729 2181 2758 2234 6
2793 2181 2841 2214 “
2883 2179 3215 2251 ’Δντιοχείας
3251 2181 3350 2251 τὴν
3390 2181 3448 2233 ἐν
3495 2178 3808 2249 Χαλκηδόνι

2220 2272 2437 2326 σύνοδον
2473 2271 2695 2338 ἐξέϐαλε
2739 2273 2848 2327 τῶν
2898 2273 3194 2344 διπτύχων,
3238 2274 3336 2326 καὶ
3378 2273 3439 2326 τὸ
3469 2271 3638 2342 ὄνομα
3675 2272 3810 2342 ⁸ορ-

2221 2365 2387 2434 μὶσδα
2412 2364 2458 2405 “
2483 2364 2578 2418 τοῦ
2623 2365 2826 2420 πάππα
2870 2364 3109 2435 Ῥώμης.
3141 2363 3300 2418 Μετά
3331 2363 3388 2417 δὲ
3418 2361 3592 2417 ταῦτα
3622 2364 3802 2433 φοϐη-

2220 2457 2354 2524 θεὶς,
2387 2459 2485 2522 τάς
2512 2457 2790 2530 τέσσαρας
2819 2459 3069 2522 συνόδους
3097 2459 3418 2530 ἐκήρυττεν.

2289 2641 2550 2712 Καόἀδης
2583 2641 2639 2695 δὲ
2669 2643 2698 2695 6
2735 2641 2844 2694 τῶν
2874 2641 3103 2712 Περσῶν
3135 2641 3387 2712 βασιλεὺς
3423 2643 3533 2714 (95)
3569 2643 3655 2697 τόν
3684 2644 3795 2698 τῶν

2231 2733 2521 2802 Ῥωμαίων
2551 2731 2775 2802 βασιλέα
2795 2733 3090 2804 ἐπίτροπον
3112 2734 3207 2788 τοῦ
3239 2734 3437 2788 ἑαυτοῦ
3461 2737 3604 2790 οῐκου
3627 2753 3798 2789 mta-

2217 2826 2396 2880 λιπεῖν
2430 2825 2724 2898 ἠθέλησεν·
2772 2828 2834 2880 οίι
2862 2828 2974 2898 γὰρ
3006 2827 3262 2881 ἐδούλετο
3306 2829 3398 2882 τὸν
3430 2827 3802 2900 πρεσϐύτερον

2219 2917 2386 2973 αὐτοῦ
2432 2919 2551 2972 υίδν
2597 2919 2731 2990 (94),
2772 2920 2868 2973 καὶ
2912 2920 2940 2972 6
2995 2920 3160 2990 νόμος
3209 2920 3439 2991 Περσῶν
3487 2919 3671 2973 ἐκάλει
3703 2920 3802 2972 τοῦ

2219 3010 2403 3081 ἄρξαι,
2433 3011 2554 3064 ούδέ
2588 3011 2678 3064 τὸν
2707 3011 2980 3082 δεύτερον,
3017 3011 3151 3064 διότι
3199 3011 3290 3064 τὸν
3319 3010 3594 3080 ὀφθαλμὸν
3637 3013 3801 3065 ἐκκέ-

2221 3119 2393 3156 κοπτο
2419 3105 2463 3138 ³⁵⁸
2489 3104 2626 3174 (95),
2657 3104 2902 3176 Χοσρόην
2924 3105 2980 3157 δέ
3010 3105 3087 3168 ὡς
3117 3105 3182 3156 ἐκ
3202 3104 3298 3174 τῆς
3334 3104 3590 3160 ’Δσπέδου
3612 3105 3657 3136 ⁸⁸
3685 3105 3800 3174 (96)

2221 3195 2457 3267 ἀδελφῆς
2501 3196 2830 3267 γεννηθέντα
2874 3197 3066 3268 ὴγάπα
3103 3199 3132 3250 6
3180 3197 3382 3268 πατήρ.
3437 3196 3656 3260 Ἐδοξεν
3706 3193 3801 3249 οὖν

2219 3288 2366 3361 αύτῷ
2396 3291 2475 3352 είς
2515 3289 2824 3359 Ῥωμαίους
2855 3289 3171 3360 είρηνεῦσαι
3191 3305 3204 3318 ·
3243 3288 3339 3342 καὶ
3372 3289 3621 3359 Χοσρόην
3648 3290 3797 3342 ἐποι-

2218 3385 2329 3436 εῖτο
2375 3381 2541 3435 παῖδα
2579 3381 2621 3414 ⁸⁷
2666 3380 2762 3434 τοῦ
2815 3381 3081 3451 βασιλέως
3113 3381 3400 3450 γενέσθαιο
3449 3382 3543 3434 ἐπὶ
3589 3382 3798 3444 τούτοις

2219 3473 2482 3544 πρέσϐεις
2512 3474 2592 3538 είς
2625 3473 2686 3527 τὺ
2719 3473 3013 3538 Βυζάντιον
3046 3475 3179 3542 πρὸς
3214 3476 3496 3528 Ἰούστῖνον
3526 3474 3790 3544 ἐπεμψεν.

2230 3565 2289 3621 Ὀ
2317 3567 2374 3620 δὲ
2417 3565 2673 3637 βασιλεὺς
2702 3566 2801 3637 τὴν
2855 3566 3158 3638 σύγκλητον
3208 3566 3286 3630 είς
3335 3566 3530 3638 βουλὴν
3563 3566 3796 3627 καλέσας

2215 3661 2276 3713 ού
2313 3658 2638 3726 κατεδέξατο
2700 3658 2861 3713 τοῦτο
2889 3659 3164 3728 γενέσθαι,
3197 3659 3347 3712 δόλον
3383 3659 3476 3712 xal.
3505 3659 3795 3730 προδοσίαν

2227 3750 2519 3821 Ῥωμαίων
2581 3749 2744 3804 τοῦτο
2793 3749 3110 3814 καλοῦντες,
3146 3749 3393 3824 Πρόκλου
3437 3749 3796 3818 κοιαίστωρος

2214 3843 2409 3915 ἀνδρὸς
2451 3843 2675 3898 συνετοῦ
2712 3843 2809 3898 καὶ
2839 3843 3063 3915 ἀγχίνου
3088 3843 3134 3884 δ’
3169 3843 3328 3897 τοῦτο
3365 3842 3546 3907 καλῶς
3580 3840 3797 3914 βουλευ-

2218 3934 2480 4004 σαμένου.

2286 4029 2353 4082 Δ.
2379 4027 2449 4082 Μ.
2484 4027 2644 4083 6014.
2665 4057 2738 4070 —-
2756 4029 2942 4100 Τούτῳ
2970 4029 3048 4100 τῷ
3083 4028 3193 4081 ἔτει
3224 4028 3426 4081 ἐπαθεν
3453 4027 3558 4080 ὑπὸ
3593 4027 3795 4097 Θεομη-

2213 4121 2335 4185 νίας
2365 4111 2475 4193 (97)
2510 4121 2570 4174 τδ
2590 4121 2890 4193 Δυρράχιον
2930 4121 3086 4184 πόλις
3112 4123 3210 4192 τῆς
3240 4119 3367 4183 νέας
3404 4117 3660 4189 Ἠπείρου
3697 4116 3791 4172 τοῦ

2225 4214 2542 4286 Ἰλλυρικοῦ.
2576 4213 2634 4270 '0
2658 4215 2715 4270 δέ
2744 4216 2996 4286 βασιλεδς
3021 4215 3193 4270 πολλὰ
3227 4217 3489 4287 χρήματα
3522 4213 3793 4282 παρέσχεν

2213 4306 2295 4369 εις
2337 4306 2640 4360 ἀνανέωσιν
2675 4307 2775 4377 τῆς
2819 4307 3049 4370 πόλεως.
3097 4306 3334 4378 Ὁμοίως
3371 4305 3430 4359 δέ
3467 4304 3565 4358 καὶ
3607 4304 3641 4376 ἡ
3685 4302 3794 4356 Κό-

2215 4395 2403 4471 ρινθος
2435 4399 2771 4472 μητρόπολις
2812 4401 2912 4472 τῆς
2955 4397 3224 4466 Ἑλλάδος,
3271 4398 3365 4452 καὶ
3393 4396 3596 4469 ταύτην
3616 4395 3660 4428 ³⁸
3699 4411 3794 4466 με·

529 4490 804 4560 tropolis;
839 4500 895 4546 et
944 4491 998 4547 in
1049 4506 1170 4548 eam
1228 4508 1426 4565 magna
1488 4509 1710 4566 quoque
1776 4496 2108 4554 liberalitate

2220 4490 2397 4563 γάλως
2423 4491 2872 4564 ἐφιλοτιμήσατο.

529 4596 667 4637 usus
706 4591 815 4638 est.

598 4674 666 4726 A.
695 4673 760 4728 C.
799 4675 924 4730 515.
961 4705 1032 4717 —
1071 4676 1368 4733 Antiochia:
1395 4679 1628 4752 episcopi
1672 4679 1967 4753 Eupltrasit'
2007 4698 2107 4737 an-

528 4778 627 4820 nus
655 4766 880 4835 primus.

2285 4675 2350 4727 Δ.
2378 4672 2456 4726 Μ.
2483 4670 2645 4727 6015.
2675 4699 2746 4710 -—
2784 4669 3141 4740 Ἀντιοχείας
3177 4670 3514 4725 ἐπισκόπου
3556 4671 3791 4738 Εὐφρα-

2213 4766 2354 4822 σὶου
2378 4765 2513 4830 ἔτος
2541 4771 2614 4821 a'.

1850 4885 2086 4943 VARUS
2126 4882 2532 4942 LECTIONES.

595 4973 960 5048 335110619]
993 4977 1118 5032 fort.
1151 4978 1248 5033 καὶ
1283 4977 1465 5044 αὑτός·

1572 4979 1617 5011 ³’
1646 4980 1990 5063 ἀτξέστξελεχ]
2020 4983 2286 5063 dirue“.
2306 4982 2360 5063 με
2432 4977 2826 5063 διοῦτῳερπξι·
2853 4976 2944 5063 Αοί
2993 4975 3038 5063 .“
3080 4971 3789 5063 ἐξηρξδτρετξὶέξήλειισξέο

524 5039 761 5129 ς’ᾖλθον
789 5049 855 5129 με,
889 5029 1063 5129 alios?
1083 5029 1243 5129 ing;
1279 5029 1346 5129 ξεί
1368 5029 1783 5129 δ’ξεὶάάλυιῖῥῗ
1801 5029 2450 5129 ςξῖῖὸξὲί⁷ςὲἕξὶ⁷ιιῷξει
2467 5029 2565 5129 λζ’
2615 5029 2960 5129 ξ’ἐκέκοπτο
2981 5045 3044 5098 Α.
3079 5043 3156 5129 λε
3178 5029 3465 5129 "Missio
3484 5029 3560 5126 λζ
3589 5043 3646 5129 ςΑ
3657 5059 3792 5129 σπε-

529 5113 685 5194 esse)...
712 5131 765 5181 a,
789 5113 1089 5194 ’Λσπεύδού
1109 5135 1158 5183 e,
1179 5113 1248 5194 ξς
1277 5121 1341 5194 ἐκ
1373 5120 1494 5194 τῆς⁸
1521 5119 1758 5194 ἀδελφῆς
1801 5113 2130 5194 ξΑσπεόἔδου
2160 5121 2426 5194 ἐγεννήθη
2466 5121 2520 5176 ι).
2613 5117 2660 5148 ⁸⁷
2683 5117 2856 5170 ἐποίει
2881 5116 2972 5169 τὸν
3003 5115 3167 5168 παῖδα
3197 5113 3242 5168 A
3268 5116 3320 5170 b.
3397 5113 3442 5146 ⁵³
3473 5114 3694 5184 ἀγχίνου
3724 5113 3789 5180 Α,

528 5185 784 5257 ἀγχίνους
819 5189 968 5246 ναις.
1038 5188 1084 5219 δ’
1114 5191 1209 5243 καὶ
1239 5185 1446 5260 ταύτην
1468 5190 1536 5256 Α,
1567 5185 1673 5242 καῖ’
1695 5185 1866 5262 αὐτὴν
1896 5194 2046 5264 vulg.

1872 5304 2014 5363 JAC.
2045 5306 2255 5363 GOARI
2287 5303 2520 5362 ΝΟΤΕ.

603 5416 714 5487 (9‘2)
753 5418 944 5473 Anast.
974 5419 1409 5484 barbariusculo,
1443 5421 1688 5476 hortatus
1704 5421 1952 5478 adversus
1975 5425 2108 5479 Per-

527 5503 641 5542 sas.
677 5489 1013 5542 Auxiliarius
1057 5489 1308 5545 Romanis
1335 5492 1388 5545 in
1425 5491 1620 5546 Persas
1661 5495 1884 5548 accitus.
1934 5495 2110 5549 Inter-

2279 5427 2391 5492 (95)
2423 5424 2682 5491 Ejusdem
2712 5435 2906 5492 secum,
2928 5419 3183 5476 nominis.

2279 5488 2392 5565 (95)
2433 5488 2575 5550 Nam
2635 5491 3150 5565 monopltthalnium,
3185 5489 3264 5543 vel
3309 5491 3474 5542 alium
3527 5488 3787 5565 defectum

528 5556 1219 5636 pres_l'orsan__scribere
1271 5563 1463 5628 voluit,
1530 5565 1760 5617 numita
1795 5565 2109 5621 deludendis
2206 5556 2442 5636 corporis
2472 5567 2752 5636 patientem
2791 5556 2938 5632 nefas
2994 5559 3177 5614 Persis
3226 5577 3396 5629 regem
3445 5561 3781 5615 constituere.

527 5627 734 5692 Persis,
758 5636 866 5681 etc.
901 5629 1190 5686 COIBEFIS.

565 5696 712 5776 .(93)
767 5695 890 5752 llaec
919 5703 1151 5779 “auctori
1191 5702 1492 5773 [’r0c0pius
1523 5703 1621 5760 lib.
1649 5721 1665 5760 ι
1708 5703 1782 5762 De
1812 5705 1947 5760 bello
1976 5705 2108 5762 l’er—

527 5781 664 5833 sica,
688 5777 978 5836 suggessit.

2211 5635 2536 5692 Paccomus.

2280 5709 2392 5775 (96)
2444 5705 2688 5762 Abeuedo
2727 5701 2920 5758 scribit
2959 5704 3262 5774 Procopius
3291 5703 3514 5758 citatus.

2279 5778 2390 5849 (97)
2434 5777 2697 5850 Evagrius
2725 5776 2823 5831 lib.
2865 5788 2938 5841 tv,
2980 5792 3104 5848 cap.
3133 5779 3187 5832 8.
