4088 6428
338 421 444 490 4θ1

1640 421 2291 488 ΟΗΒΟΝΟϐΙῖΑΡΙΙΙᾹ
2305 475 2319 490 .

3497 430 3608 492 402

334 539 527 611 ἓτερον
565 537 678 607 πῦρ
732 537 795 591 ὲκ
847 535 946 590 τοῦ
997 535 1183 608 ἀέρος,
1229 535 1304 599 ὡς
1339 533 1674 604 σπινθῆρες,
1715 535 1924 602 κατήρ-

2031 537 2174 609 ignis
2199 558 2265 596 ex
2320 559 2446 600 aere
2501 544 2676 600 instar
2712 547 3080 603 scintillarum
3129 545 3352 609 decidit,
3387 551 3439 596 et
3468 554 3608 613 quos

335 649 463 703 χετο
495 631 568 697 θ’,
614 632 708 684 καὶ
739 630 1054 694 κατέκαιεν,
1082 630 1271 698 ὥσπερ
1321 626 1600 698 ἀστραπὴ,
1647 627 1741 680 τὸν
1770 628 1924 698 εὑρι-

337 726 608 794 σκόμενον
635 737 649 751 ⁸
684 724 779 776 καὶ
805 723 1012 775 ὲσείετο
1043 723 1076 791 ή
1104 721 1177 790 γῆ
1217 722 1308 773 ἐπὶ
1346 721 1592 774 ἐνιαυτὸν
1625 719 1741 774 ἕνα.

406 818 470 870 Δ.
523 817 601 870 Μ.
646 815 807 871 6019.
859 845 926 854 -
991 813 1220 883 Ῥώμης
1275 812 1616 868 ἐπισκόπου
1661 812 1924 879 Φήλικος

332 910 472 975 ἔτος
504 915 580 965 α’.

407 999 604 1070 Τούτῳ
653 998 733 1067 τῷ
781 996 889 1050 ἔτει
935 996 1029 1050 τοῦ
1076 995 1304 1067 σεισμοῦ
1348 996 1776 1068 ἐπικρατοῦντος
1807 995 1921 1068 (9.8)

339 1092 661 1162 Εὖφράσιος
715 1092 1014 1153 ἐπίσκοπος
1070 1089 1402 1160 Ἀντιοχείας
1448 1088 1768 1159 κατεχώσθη
1819 1089 1923 1142 ὑπὸ

333 1184 429 1238 τοῦ
478 1181 733 1253 σεισμοῦ,
763 1183 856 1236 καὶ
903 1181 1174 1236 ἀπέθανεν
1195 1199 1208 1212 ·
1238 1183 1329 1235 καὶ
1360 1183 1468 1246 πᾶς
1503 1177 1652 1245 οἰκος
1684 1184 1777 1237 καὶ
1827 1187 1923 1236 ὲκ-

344 1273 566 1346 κλησίαι
600 1273 926 1340 κατέπεσον,
953 1274 1046 1327 καὶ
1073 1273 1134 1326 τὸ
1176 1273 1375 1337 κάλλος
1411 1275 1510 1344 τῆς
1545 1273 1751 1338 πόλεως
1780 1276 1923 1344 ἠφα-

349 1367 523 1438 νίσθη.
569 1366 681 1419 Καὶ
731 1367 794 1419 οὐ
830 1367 1024 1435 γέγονε
1081 1367 1306 1438 τοιαύτη
1358 1365 1619 1437 θεομηνία
1678 1369 1735 1421 έν
1787 1367 1922 1440 ἄλλῃ

346 1459 499 1512 πόλει
525 1460 582 1510 ἐν
617 1458 822 1522 πάσαις
854 1463 1090 1528 γενεαῖς.
1136 1459 1193 1513 '0
1236 1461 1293 1514 δὲ
1332 1460 1726 1522 εὐσεϐέστατος
1760 1461 1921 1532 βασιο

338 1548 466 1614 λεὺς
498 1550 785 1613 Ἰουστῖνος
814 1549 988 1603 ταῦτα
1027 1549 1213 1621 μαθὼν
1271 1552 1525 1622 μεγάλως
1558 1553 1765 1623 ἤλγησε
1822 1553 1922 1626 τὴν

329 1640 535 1713 ψυχὴν,
569 1640 712 1696 ὥστε
747 1642 948 1711 ἐπῆρεν
981 1642 1042 1696 τὸ
1074 1642 1310 1712 διάδημα
1337 1644 1438 1713 τῆς
1473 1643 1721 1712 κεφαλῆς
1755 1645 1920 1699 αὐτοῦ

333 1738 433 1788 καὶ
483 1725 588 1806 τὴν
617 1734 929 1806 πορφύραν,
963 1736 1058 1790 καὶ
1101 1737 1400 1807 ἐπένθησεν
1429 1739 1487 1792 ἐν
1512 1739 1555 1771 ⁸⁸
1598 1741 1786 1810 σάκκῳ
1829 1740 1921 1793 ἐπὶ

328 1825 554 1898 ἡμέρας
586 1825 808 1891 πολλὰς,
841 1825 982 1879 ὥστε
1005 1828 1100 1881 καὶ
1130 1830 1194 1898 τῇ
1217 1828 1379 1898 ἑορτῇ
1411 1827 1726 1900 προσελθὼν
1761 1833 1820 1884 ὲν
1849 1833 1915 1902 τῇ
1955 1879 1996 1935 Β

328 1919 630 1990 ἐκκλησίᾳ,
674 1919 735 1972 οὒ
770 1919 1097 1983 κατεδέξατο
1137 1920 1365 1991 φορέσαι
1397 1920 1459 1973 τὸ
1491 1921 1713 1992 στέμμα
1749 1920 1782 1993 ἢ
1817 1922 1917 1995 τὴν

331 2011 592 2081 χλαμύδα
611 2029 624 2041 ·
660 2010 774 2064 ἀλλ’
797 2011 969 2073 οὕτως
997 2010 1158 2074 λιτῶς
1187 2010 1499 2081 προσῆλθεν
1527 2011 1759 2080 μανδύον
1787 2030 1924 2084 πορ-

331 2102 546 2172 φυροῦν
570 2103 830 2174 φορέσας,
863 2103 958 2156 καὶ
992 2101 1199 2157 κλαίων
1229 2104 1320 2156 ἐπὶ
1344 2105 1524 2173 πάσης
1553 2103 1654 2174 τῆς
1685 2105 1926 2175 συγκλή-

331 2216 453 2261 του,
486 2200 584 2252 καὶ
618 2197 819 2260 πάντες
849 2197 1066 2251 ἔκλαιον
1108 2199 1204 2252 σὺν
1234 2197 1384 2268 αὑτῷ
1414 2197 1651 2252 πενθικὰ
1695 2199 1924 2269 φοροῦν-

329 2305 447 2352 τες.
507 2289 856 2343 Ἀπέστειλεν
885 2289 941 2342 δὲ
975 2293 1004 2344 6
1051 2289 1308 2360 βασιλεὺς
1360 2289 1563 2354 εὐθέως
1612 2293 1852 2361 Καρίνον
1878 2291 1924 2325 θ’

328 2383 425 2436 τὸν
457 2383 678 2453 κόμητα
715 2383 838 2446 δοὺς
872 2383 1205 2455 κεντηνάρια
1237 2384 1400 2437 πέντε
1425 2384 1538 2456 (29)
1570 2386 1721 2456 πρὸς.
1741 2388 1925 2457 ὲκχοῖ-

331 2473 498 2542 σμδν,
530 2475 587 2528 εῐ
615 2491 735 2538 πως
767 2474 971 2547 δυνηθῇ
1003 2475 1177 2528 σῶσαί
1221 2491 1396 2541 τινας,
1442 2477 1538 2530 καὶ
1573 2477 1643 2532 τὰ
1672 2495 1926 2550 καταχω-

335 2565 538 2620 σθέντα
590 2567 892 2636 πράγματα
941 2567 1208 2621 διασῶσαι
1278 2570 1343 2621 ἐκ
1395 2569 1505 2622 τῶν
1565 2569 1777 2643 λῃστῶν
1831 2572 1927 2626 καὶ

329 2657 632 2726 ἁρπάγων.
667 2659 776 2710 Kal.
801 2658 966 2712 πάλιν
1001 2658 1327 2713 ἀπέστειλεν
1356 2660 1385 2713 6
1417 2660 1674 2731 βασιλεὺς
1703 2662 1930 2719 ὄπισθεν

332 2747 504 2802 αὑτοῦ
529 2747 628 2801 τὸν
669 2748 958 2818 πατρίκιον
991 2751 1186 2805 Φωκᾶν
1217 2751 1314 2804 τοῦ
1359 2751 1670 2824 Κρατεροῦ,
1707 2755 1805 2808 καὶ
1833 2755 1928 2809 τὸν

332 2843 633 2912 πατρίκιον
659 2845 707 2877 ³³
743 2845 1047 2917 Ἀστέριον,
1089 2848 1186 2902 καὶ
1215 2847 1307 2902 τὸν
1348 2848 1590 2921 ἔπαρχον
1617 2851 1684 2915 ’⁸,
1727 2852 1930 2923 ἄνδρας

333 2937 562 3005 σοφοὺς,
609 2936 735 3002 δοὺς
779 2940 962 3004 αὐτοῖς
1005 2942 1262 3011 χρήματα
1295 2942 1466 2997 πολλὰ
1507 2943 1644 3013 πρὸς
1695 2947 1926 3002 ἀνακαι-

330 3025 532 3096 νισμδν
563 3031 664 3099 τῆς
685 3029 914 3093 πόλεως.
945 3031 1034 3100 Τῷ
1062 3031 1118 3084 δὲ
1135 3032 1431 3103 Ἀπριλλίῳ
1458 3035 1590 3106 μηνὶ
1618 3035 1657 3088 δ’
1679 3036 1812 3108 (50),
1829 3039 1928 3108 τῆς

331 3119 513 3190 αὐτῆς
543 3125 586 3175 ε’
623 3122 1048 3193 ίνδικτιῶνος,τῇ
1069 3124 1231 3196 ἑορτῇ
1261 3124 1354 3178 τοῦ
1375 3126 1586 3198 Πάσχα,
1616 3129 1930 3200 ἀσθενήσας

2026 632 2323 702 attigisset,
2358 633 2607 691 fulminis
2653 637 2706 691 in
2741 653 2947 691 morem
2998 636 3260 690 cremavit
3297 653 3311 689 :
3349 642 3610 703 terraque

2028 739 2124 793 per
2153 739 2356 778 annum
2397 728 2718 782 continuum
2747 743 3015 783 concussa
3055 735 3164 782 est.

2094 815 2160 869 A.
2191 815 2251 870 C.
2286 817 2413 872 519.
2445 847 2518 860 —
2552 817 2732 874 Roma:
2765 820 2998 889 episcopi
3048 817 3248 873 Felicis
3284 835 3458 872 annus
3489 820 3604 887 pri-

2017 921 2139 958 ἰηιιε
2147 946 2161 960 ο

2097 997 2212 1054 Hoc
2244 1014 2390 1056 anno
2412 1010 2575 1057 terra:
2605 1011 2754 1056 motu
2780 1004 3045 1059 continuo
3079 1004 3467 1064 invalescente,
3495 1004 3608 1058 Eu-

2026 1089 2285 1160 phrasius
2318 1091 2626 1148 Antiochia:
2658 1093 2951 1164 episcopus
2981 1110 3046 1149 ea
3087 1097 3387 1166 agitatione
3433 1095 3569 1150 obru
3590 1121 3607 1136 ο

2027 1189 2118 1236 tus
2158 1182 2370 1238 interiit
2397 1201 2409 1237 :
2442 1199 2636 1240 omnes
2659 1199 2876 1255 quoque
2902 1187 3045 1240 aedes
3071 1195 3124 1240 et
3151 1187 3398 1242 ecclesize
3425 1187 3608 1241 conci-

2025 1274 2245 1341 derunt,
2301 1284 2357 1330 et
2411 1277 2569 1332 urbis
2613 1277 2783 1332 decor
2834 1278 3015 1333 omnis
3062 1278 3275 1334 deletus
3326 1287 3411 1334 est
3455 1295 3470 1332 :
3511 1279 3604 1332 sed

2025 1384 2207 1439 neque
2237 1371 2364 1426 talis
2395 1371 2683 1427 calamitas
2714 1371 2839 1426 aliis
2889 1371 3106 1426 saeculis
3147 1372 3341 1440 quavis
3388 1371 3443 1426 in
3471 1371 3608 1425 urbe

2024 1461 2235 1517 audita.
2270 1461 2660 1520 Pientissimus
2708 1474 2888 1520 autem
2922 1464 3220 1533 imperator
3261 1463 3514 1519 Justinus
3543 1479 3608 1520 ea

2023 1570 2083 1610 re
2112 1555 2353 1624 cognita,
2386 1556 2592 1626 ingenti
2624 1557 2792 1611 animi
2830 1556 3021 1612 dolore
3040 1571 3356 1624 percussus,
3390 1556 3610 1611 sublato

2023 1647 2221 1716 capitis
2256 1648 2340 1702 sui
2385 1647 2719 1713 diademate,
2756 1649 2920 1721 148
2945 1665 3302 1720 purpuraque
3333 1649 3607 1719 deposita,

2022 1739 2207 1808 plures
2231 1738 2351 1794 dies
2368 1739 2598 1795 deformi
2629 1756 2790 1796 sacco
2818 1743 3027 1797 velatus
3063 1744 3264 1796 luctum
3293 1742 3400 1812 egit
3432 1759 3446 1795 :
3475 1741 3610 1795 adeo

2031 1841 2090 1886 ut
2125 1830 2320 1888 festivo
2349 1832 2438 1889 die
2463 1835 2766 1903 procedens
2805 1837 2858 1889 in
2907 1835 3194 1891 ecclesiam
3227 1849 3445 1889 coronae
3475 1834 3611 1888 insi-

2028 1939 2132 1994 gne
2152 1924 2234 1978 vel
2247 1925 2588 1996 chlamydem
2606 1925 2818 1981 deferre
2833 1943 2938 1982 non
2959 1927 3239 1982 admiserit
3265 1946 3279 1980 :
3308 1941 3494 1982 verum
3529 1925 3612 1979 sic

2027 2015 2260 2085 simplici
2288 2015 2474 2072 habitu
2507 2018 2860 2086 processerit,
2896 2019 3014 2074 solo
3073 2019 3303 2089 mandya
3331 2032 3611 2089 purpureo

2027 2109 2378 2175 subornatus,
2415 2119 2470 2165 et
2502 2125 2682 2164 coram
2715 2118 2830 2164 toto
2865 2121 3055 2165 senatu
3083 2111 3448 2182 ingemlscens
3471 2124 3610 2164 zem-

2031 2199 2240 2269 terique
2261 2215 2454 2255 omnes
2482 2201 2733 2272 lugubria
2763 2201 2940 2256 induti
2961 2218 3068 2256 una
3097 2217 3222 2257 cum
3242 2217 3308 2255 eo
3328 2201 3606 2256 luxerunt.

2028 2290 2332 2361 Imperator
2393 2308 2560 2363 porro
2618 2293 2884 2348 Carinum
2960 2292 3431 2348 comitem‘datis
3491 2292 3610 2346 auri

2028 2384 2356 2439 centenariis
2381 2386 2627 2455 quinque
2658 2385 2953 2440 confestim
2982 2386 3152 2451 misit,
3179 2385 3243 2439 ad
3273 2384 3613 2440 ell‘odiendas

2025 2476 2442 2546 egerendasque
2473 2476 2684 2539 ruinas,
2714 2476 2760 2532 si
2793 2477 2937 2531 forte
2971 2483 3159 2546 posset
3189 2476 3425 2546 aliquem
3464 2475 3612 2544 peri-

2029 2571 2156 2624 culo
2183 2569 2439 2635 liberare,
2489 2580 2543 2625 et
2586 2586 2614 2623 a
2659 2570 3011 2640 praedonibus
3055 2578 3109 2624 et
3159 2568 3476 2638 raptoribus
3522 2583 3614 2622 res

2029 2661 2325 2717 ruderibus
2385 2663 2677 2717 immersos
2725 2662 2842 2717 suis
2891 2661 3308 2731 possessoribus
3370 2674 3612 2715 servare.

2029 2754 2389 2824 Subindeque
2413 2763 2540 2824 post
2572 2771 2697 2809 eum
2732 2753 2786 2808 in
2811 2754 2931 2823 ejus
2959 2753 3188 2822 vestigia
3215 2751 3452 2805 Phocam
3480 2749 3615 2805 Cra-

2031 2846 2133 2899 teri
2177 2845 2347 2900 filium
2395 2846 2709 2916 patricium,
2741 2846 3016 2901 Asterium
3051 2859 3270 2915 quoque
3322 2843 3613 2915 patricium

2030 2945 2085 2991 et
2130 2936 2517 3006 exprmfectum
2573 2939 2723 2992 viros
2780 2936 3036 2992 cordatos
3092 2937 3240 2992 misit
3295 2937 3614 3007 imperator,

2031 3031 2147 3101 qui,
2185 3031 2544 3100 pecuniarum
2576 3031 2846 3084 immensa
2877 3030 2930 3082 vi
2956 3029 3026 3083 ab
3057 3043 3123 3083 eo
3155 3035 3403 3097 accepta,
3453 3043 3617 3097 repa-

2033 3129 2220 3177 rarent
2261 3122 2473 3178 urbem.
2508 3121 2781 3176 Caeterum
2817 3121 3022 3190 Aprilis
3049 3121 3257 3177 mensis
3280 3121 3369 3176 die
3393 3129 3614 3191 quarto,

331 3213 363 3266 6
413 3210 681 3280 βασιλεὺς
741 3211 1025 3276 Ἰοιιστίνος
1081 3217 1498 3286 προεχειρίσατο
1551 3217 1633 3272 ἔτι
1683 3219 1794 3282 ζῶν
1848 3223 1927 3285 εἰς

2035 3215 2296 3270 Paschali
2337 3213 2477 3271 festo
2511 3215 2758 3282 ejusdem
2787 3215 2998 3285 quintae
3030 3214 3375 3278 indictionis,
3421 3214 3618 3269 morbo

333 3300 569 3376 βασιλέα
604 3305 1006 3370 ’Ῑουστινιανὸν,
1030 3307 1122 3361 τὸν
1149 3307 1280 3362 ίδιον
1307 3308 1548 3377 ἀνεψιὸν,
1579 3311 1675 3363 καὶ
1701 3311 1928 3383 ἔστεψεν

332 3393 529 3459 αὐτὸν,
557 3393 657 3448 καὶ
691 3396 1145 3452 συνεδασίλευσεν
1173 3400 1323 3470 αὐτῷ
1355 3403 1532 3470 μῆνας
1549 3401 1611 3458 δ’.
1643 3405 1685 3455 Τ
1689 3404 1733 3475 ᾦ
1752 3405 1798 3458 δ’
1821 3406 1929 3458 Αὐ-

330 3483 558 3556 γούστῳ
603 3487 736 3556 μηνὶ
767 3489 866 3558 τῆς
914 3489 1089 3559 αὐτῆς
1122 3489 1166 3543 ε’
1199 3491 1528 3556 ίνδικτιῶνος
1573 3494 1929 3567 ἐτελεύτησεν

329 3578 370 3636 ἀ
407 3579 457 3609 ’⁵
515 3577 910 3644 εὐσεϐέστατος
976 3582 1262 3650 Ἰουστϊνος
1321 3587 1642 3642 καταλιπὼν
1699 3590 1928 3660 βασιλέα

328 3667 430 3723 τὸν
450 3670 499 3702 ’⁸
530 3669 930 3730 Ἰουστινιανόν.

406 3851 521 3905 Τοῦ
549 3851 608 3905 δὲ
652 3851 968 3924 Εὑφρασιου
997 3854 1110 3926 (51)
1142 3856 1442 3912 ἐπισκόπου
1485 3858 1814 3932 Ἀντιοχείας
1837 3881 1926 3917 τεο

330 3938 704 4014 λευτήσαντος
727 3943 1067 4016 Εὑφραΐμιος
1096 3947 1198 4001 ".6
1233 3947 1474 4020 Ἀμίδιος
1497 3951 1675 4023 κόμης
1705 3954 1926 4008 Ἀνατο-

333 4032 438 4104 λῆς
465 4033 542 4088 ὣν
572 4036 630 4089 έν
661 4035 739 4106 τῷ
762 4037 940 4108 χρόνῳ
969 4037 1164 4109 ἐκείνῳ
1182 4039 1564 4112 ἐχειροτονήθη
1589 4045 1706 4099 ἀντ’
1735 4049 1924 4115 αὐτοῦ,

334 4127 490 4192 ὅστις
515 4127 680 4199 ζῆλον
720 4129 865 4184 θεῖον
898 4129 1040 4184 κατὰ
1067 4130 1177 4184 τῶν
1204 4132 1555 4204 ἀποσχιστῶν
1587 4137 1831 4205 ὲδείξατο
1859 4141 1926 4197 ’⁸.

407 4304 479 4358 Δ.
507 4303 585 4358 Μ.
619 4302 780 4360 6030.
805 4334 874 4346 ——
903 4304 1205 4377 Ῥωμαίων
1233 4307 1544 4375 ,βασιλέως
1577 4311 1930 4371 Ἰουστινια-

334 4395 455 4450 νοῦ
501 4395 637 4462 ἔτος
661 4403 736 4451 a’.

424 4488 863 4561 Ἰεροσολύμων
885 4491 1226 4547 ἐπισκόπου
1263 4493 1537 4552 Ἰωάννου
1581 4499 1719 4566 ἔτος
1742 4507 1816 4557 α’.

440 4583 792 4652 Αντιοχείας
827 4584 1167 4641 ἐπισκόπου
1197 4588 1568 4659 Εὑςρραὶξμίου
1595 4592 1729 4659 ἔτος
1749 4601 1822 4650 α’.

2031 3314 2323 3379 correptus
2365 3308 2660 3377 imperator
2687 3305 2938 3362 Justinus
2985 3305 3361 3362 Justinianum
3403 3321 3621 3377 germa-

2033 3416 2162 3455 num
2194 3409 2452 3470 nepotem
2513 3399 2900 3469 imperatorem
2943 3397 3125 3452 adhuc
3169 3398 3325 3452 vivus
3357 3395 3617 3461 instituit,

2030 3507 2295 3548 coronam
2325 3491 2554 3562 insuper
2581 3491 2868 3562 imposuit,
2900 3498 2956 3545 et
2987 3505 3208 3545 menses
3242 3498 3484 3559 quatuor
3513 3503 3616 3559 po-

2031 3584 2244 3638 testatis
2277 3583 2540 3652 collegam
2575 3581 2788 3637 habuit.
2821 3582 3072 3651 Augusto
3105 3595 3234 3634 vero
3253 3593 3437 3634 mense
3465 3578 3620 3649 ejus-

2033 3673 2157 3727 dem
2194 3674 2402 3744 quintae
2458 3671 2804 3740 indictionis,
2849 3670 3168 3726 Justiniano
3208 3670 3262 3725 in
3312 3671 3615 3741 imperato-

2034 3782 2148 3822 rem
2193 3767 2407 3829 relicto,
2443 3765 2732 3837 piissimus
2757 3763 3009 3820 Justinus
3045 3765 3186 3819 diem
3217 3763 3376 3820 obiit.

2109 3859 2417 3929 Euphrasio
2456 3872 2676 3928 quoque
2713 3855 3021 3911 Antiochiae
3063 3855 3297 3925 praesule
3334 3853 3618 3918 defuncto,

2034 3949 2429 4018 Euphraimius
2467 3947 2772 4005 Atnidenus
2831 3962 2894 4003 ea
2964 3956 3287 4016 tempestate
3362 3947 3619 4001 comitem

2037 4043 2272 4098 orientis
2326 4057 2519 4113 agens,
2557 4040 2610 4094 in
2639 4040 2762 4111 ejus
2809 4039 2991 4094 locum
3050 4039 3340 4094 ordinatus
3373 4047 3484 4104 est,
3525 4039 3621 4108 qui

2036 4137 2283 4191 divinum
2313 4147 2544 4206 prorsus
2587 4133 2856 4189 fervorem
2917 4123 3182 4188 adversus
3234 4131 3623 4187 schismatico;

1969 4239 1988 4256 ’
2036 4228 2305 4285 exercuit.

2110 4325 2174 4376 A.
2215 4322 2278 4377 C.
2315 4320 2440 4375 520.
2497 4319 2858 4374 Romanorum
2910 4319 3246 4388 imperatoris
3302 4315 3603 4372 Iustiniani

2037 4432 2208 4470 annus
2237 4415 2465 4483 primus.

2107 4505 2601 4576 Hierosolymorum
2633 4504 2863 4571 episcopi
2916 4499 3144 4556 Joannis
3179 4515 3350 4556 annus
3391 4501 3618 4569 primus.

1961 4594 2008 4650 D
2109 4595 2404 4652 Antiochia:
2431 4594 2658 4663 episcopi
2684 4592 3024 4660 Eupliraimii
3055 4608 3226 4647 annus
3258 4593 3485 4663 primus.

1645 4731 1880 4792 VARUE
1913 4736 2317 4794 LECTIONES.

411 4821 466 4901 ’ξ
484 4822 885 4901 κατήρχοντο-Α
912 4839 994 4901 a._
1040 4825 1161 4901 ’ξέν
1204 4841 1322 4901 _om_.
1368 4826 1434 4891 Α,
1485 4828 1783 4901 ὲνᾲσάκκῳ
1839 4848 1950 4888 om.
2002 4833 2038 4886 f.
2116 4832 2163 4865 ”
2193 4832 2399 4901 Κάριον
2446 4846 2498 4884 a.
2581 4827 2841 4901 ⁹²Φῳκᾷν
2878 4857 3030 4901 —_—-
3064 4826 3364 4901 πατρίκιον
3387 4841 3522 4901 _9m.
3555 4830 3620 4901 A.

337 4891 391 4930 9‘
413 4893 508 4948 τὸν
526 4891 768 4964 ἔπαρχον
800 4895 847 4948 Α
875 4908 927 4963 e,
946 4893 1038 4950 τὸν
1065 4895 1175 4950 ἀπὸ
1200 4895 1460 4968 ἐπάρχων
1487 4899 1636 4971 vulg.
1670 4901 1716 4933 ⁸⁵
1743 4891 1916 4958 6add.
1941 4920 2006 4958 ex
2033 4903 2100 4957 Α.
2132 4905 2178 4936 ’⁸
2206 4891 2298 4956 τὸν
2323 4901 2448 4956 add.
2484 4916 2549 4955 ex
2582 4901 2648 4953 Λ.
2688 4899 2733 4930 ⁸⁷
2780 4898 3105 4969 Ἐφραῒμιος
3135 4891 3200 4950 Al
3242 4899 3287 4930 ³⁸
3313 4897 3530 4962 ἐδέξατο
3554 4900 3622 4955 Αο

1679 5017 1821 5076 JAC.
1845 5021 2055 5077 GOABI
2079 5020 2316 5076 NOTE.

412 5108 531 5182 (28)
585 5108 852 5182 Evagrius
893 5127 908 5165 :
946 5108 1270 5182 Τελευταῖον
1298 5111 1755 5182 ἐγκαταλειφθεὶς
1809 5118 1923 5178 τοῖς

339 5181 604 5255 πτώμασι
614 5182 712 5255 καὶ
724 5183 757 5255 ῥ
785 5181 1119 5255 Eugepach
1141 5181 1276 5251 ἄλλη
1299 5182 1399 5255 τῆς
1411 5181 1622 5255 πόλεως
1641 5185 1920 5255 σύμφορέι,

338 5252 433 5306 tua.
470 5247 680 5324 pilai»?
721 5247 1044 5324 ἐπιτηδείῳν
1070 5253 1098 5304 6
1129 5247 1377 5324 προνοῶν
1503 5247 1784 5308 Postremo
1813 5247 1926 5308 om-

340 5319 493 5376 uiuni
528 5319 1072 5392 Euphrasiustcujus
1105 5319 1249 5376 mors
1283 5319 1450 5376 aliain
1477 5340 1666 5377 novam
1697 5325 1923 5379 calami-

341 5403 512 5448 tatem
564 5393 748 5446 attulit
815 5392 1042 5463 civitati)
1098 5392 1296 5463 eisdem
1354 5393 1596 5447 cladibus
1645 5410 1926 5460 oppressus

339 5463 573 5534 interiit,
622 5479 686 5517 ne
738 5461 1030 5534 quisquam
1051 5462 1286 5533 reliquus
1316 5463 1488 5533 ﬁeret,
1533 5466 1626 5534 qui
1685 5467 1806 5520 urbi
1845 5483 1928 5521 res

338 5533 640 5601 procideret
664 5533 1014 5587 neaessarias.

423 5601 538 5673 (29)
564 5603 818 5678 (ὶεξιξιέη.Δ
843 5604 1008 5659 habet
1033 5602 1098 5670 ν’,
1124 5603 1529 5678 quinquaginta,
1563 5606 1707 5678 quod
1733 5616 1787 5662 et
1835 5624 1927 5662 re-

343 5674 892 5747 gi8__muniiicentiae,
926 5682 1002 5747 et_
1037 5685 1205 5747 tanta:
1265 5674 1510 5747 Civitatis
1560 5674 1929 5747 praesentibus

342 5743 835 5818 malislguadrare
862 5745 1039 5814 magis
1070 5745 1342 5818 videatur.
1369 5743 1608 5818 Procop.
1633 5748 1730 5804 lib.
1756 5747 1931 5818 I_Per-

343 5817 446 5891 sic_.
471 5828 498 5891 :_
521 5813 710 5891 ᾜλκει
759 5810 1332 5891 λίτραςῖκεντηνὰριον
1368 5810 1586 5887 ἑκατὸν,
1643 5818 1735 5889 ἀφ’
1763 5810 1824 5873 οὗ
1865 5817 1930 5891 δὴ

346 5885 444 5938 καὶ
466 5882 808 5955 ὠνόμασται.
842 5882 1134 5943 Const-ms.

2108 5114 2222 5188 (50)
2264 5114 2313 5169 Is
2353 5121 2438 5168 est
2480 5111 2792 5188 [larcellin‘i
2819 5119 2875 5168 et
2905 5109 3268 5188 Alexandrini
3312 5107 3622 5162 Chronico-

2033 5180 2174 5246 rum,
2224 5200 2439 5241 necnon
2483 5183 2704 5254 Evagrii
2738 5183 2834 5254 lib.
2873 5199 2970 5254 Iv,
3004 5196 3128 5251 cap.
3185 5180 3240 5254 9,
3295 5189 3610 5254 computus,

2033 5257 2177 5326 apud
2219 5271 2359 5326 quos
2392 5265 2573 5310 tamen
2603 5248 2832 5326 'Justini
2873 5253 3047 5326 solius
3074 5248 3435 5326 'ac_ejusd_em
3477 5263 3618 5326 _cum

2030 5317 2349 5382 Justini'ano
2384 5326 2713 5394 imperantis
2741 5324 2882 5394 dies.
2931 5317 3622 5394 diligentiusanimadver-

2033 5397 2206 5452 tendi.
2241 5385 2796 5469 Consentiuntiidem
2830 5385 3127 5469 in_Apri|is_
3164 5385 3618 5469 Kalenxlislustig

2035 5469 2190 5522 niani
2245 5468 2480 5535 imperio
2528 5461 2971 5535 consecrandis,
3013 5461 3218 5535 quibus
3279 5461 3619 5512 conveniunt

2036 5539 2287 5594 nonnulli
2325 5531 2695 5606 'Theophanis
2728 5533 2969 5597 codices,
3002 5533 3129 5585 aliis
3157 5531 3302 5584 diem
3355 5537 3618 5598 quartum

2036 5625 2272 5664 erronee
2297 5607 2741 5679 decernentibus.
2857 5673 2868 5679 _
3013 5672 3024 5679 _
3226 5673 3258 5679 __
3410 5669 3443 5679 υ

2111 5679 2226 5749 (5|)
2257 5679 2460 5734 Eadem
2493 5677 2640 5749 apud
2674 5673 2968 5749 Evagrium
2989 5672 3193 5749 _|eger_e
3226 5673 3377 5749 licet,
3401 5669 3506 5749 _lib.
3534 5685 3617 5749 ἰν,

2038 5740 2158 5818 cap.
2193 5740 2247 5812 6,
2282 5763 2392 5817 quo
2445 5740 2544 5817 qui
2572 5747 2750 5818 κόμης
2792 5740 3089 5818 ᾏνατολῆς
3145 5740 3486 5818 βρὴςαξηιὶυε
3534 5740 3622 5818 his

2042 5811 2316 5888 signatur,
2385 5811 2484 5889 τῆς
2523 5811 2666 5888 ἑῴας
2708 5811 2890 5887 ’ἀρχῆς
2919 5814 3017 5879 τὰς
3048 5811 3224 5884 ἡνίας
3263 5811 3488 5879 διέπων,
3525 5811 3624 5866 de-

2041 5890 2328 5946 scribitur.
