4088 6462
447 407 556 472 429

1727 396 2380 463 CHRONOGRAPHIA
2392 446 2407 459 .

3632 396 3743 461 430

445 516 746 586 Οὐανδῆλοι
783 513 922 589 (16),
949 511 1136 578 καθὼς
1169 513 1214 546 ⁵¹
1240 514 1299 567 ἐν
1323 516 1435 577 τοῖς
1472 513 1585 569 ἀνω
1630 512 1843 584 χρόνοις
1875 511 2031 582 εἴρη-

2151 509 2389 579 quippe,
2440 516 2603 580 prout
2657 510 2816 565 annis
2863 508 3246 580 superioribus
3292 508 3732 579 manifestatum,

442 629 558 679 ται,
584 611 676 663 ἐπὶ
713 604 1290 681 Ἀρκαδίουβασιλέως
1336 608 1433 662 καὶ
1470 605 1729 676 Ὀνωρίου
1757 605 1859 675 τὴν
1890 604 2042 656 Σπαο

442 704 567 758 νίαν
620 701 1025 766 καταλαϐόντες
1079 700 1218 772 μετά
1262 697 1649 770 Γογδιγίσκλου
1694 697 1742 729 ⁸³
1795 696 1909 767 (17)
1943 694 2039 749 τοῦ

440 796 617 869 ρηγδς
638 796 825 851 αὒτῶν
855 797 922 849 ὲκ
950 795 1155 865 ταύτης
1186 795 1279 849 ἐπὶ
1291 791 1500 864 Διϐύην
1530 790 1889 862 περάσαντες,
1912 788 2043 844 ταύ-

438 905 544 957 την
596 887 885 957 κατέσχον.
921 886 1027 941 Τοῦ
1070 887 1128 940 δὲ
1161 883 1549 956 Γογδιγίσκλου
1590 883 2040 955 τελευτήσαντος,
2078 906 2081 911 ·

437 980 707 1052 Γόγδαρις
732 979 845 1050 (18)
872 979 968 1033 καὶ
996 978 1277 1050 Γιζέριχος
1299 976 1557 1031 οίτούτου
1583 974 1690 1029 υἱοὶ
1721 974 1821 1046 τὴν
1851 974 2043 1028 τούτου

436 1074 620 1147 ἀρχὴν
645 1074 692 1105 ⁵⁸
733 1072 1057 1137 διεδέξαντο.
1092 1072 1358 1143 Γόγδαρις
1415 1070 1472 1124 δέ
1505 1070 1566 1135 ἐξ
1611 1068 1920 1141 ἀνθρώπων
1948 1083 2044 1137 γε-

436 1167 690 1237 νόμενος,
714 1165 998 1237 Γιζέριχος
1031 1164 1287 1236 βασιλεὺς
1306 1163 1631 1235 Ούανδήλων
1651 1163 1697 1197 ⁸⁸
1724 1160 2043 1216 ἀναδείκνυ-

435 1275 554 1323 ται,
609 1261 704 1311 καὶ
756 1257 912 1311 πόλιν
958 1256 1380 1328 Καρθαγένναν,
1417 1255 1746 1327 βασιλεύσας
1793 1254 1887 1326 ἐτη
1940 1252 2042 1320 λθ’,

439 1350 783 1424 παραλαϐὼν
844 1352 940 1405 καὶ
1002 1351 1243 1422 Ῥώμην.
1281 1350 1489 1404 Τούτου
1521 1349 1578 1403 δέ
1611 1348 2045 1418 τελευτήσαντος

448 1440 745 1514 Ὀνώριχος
799 1443 828 1494 ὁ
862 1442 978 1505 υίὸς
1030 1442 1198 1497 αὑτοῦ
1253 1442 1353 1512 τὴν
1408 1439 1688 1512 βασιλείαν
1744 1437 2040 1505 διεδέξατο,

436 1533 614 1588 πολλὰ
640 1535 785 1588 κακὰ
816 1535 930 1597 τοῖς
963 1535 1022 1586 ἐν
1055 1532 1232 1607 Λιϐύῃ
1262 1535 1612 1604 Χριστιανοῖς
1646 1531 2042 1607 ἐνδειξάμενος,

434 1628 532 1680 καὶ
560 1626 924 1697 Ἀρειανίζειν
955 1604 1286 1695 βιασάμενος
1325 1627 1371 1665 ⁸⁸
1396 1642 1409 1656 ο
1444 1626 1538 1679 καὶ
1566 1604 1798 1688 πολλοὺς
1826 1622 2048 1692 ἐφόνευ-

438 1734 557 1779 σεν,
584 1719 679 1771 καὶ
700 1717 1085 1789 ἐγλωσσοτόμη
1096 1735 1190 1771 σεν
1212 1717 1321 1771 ἀπὸ
1344 1718 1444 1789 τῆς
1468 1718 1750 1788 φάρυγγος
1773 1732 1787 1747 ⁸
1821 1716 1869 1769 οἳ
1886 1714 1983 1769 καὶ
2000 1714 2048 1746 ³⁷

435 1810 533 1862 τοῦ
556 1808 689 1862 Θεοῦ
723 1809 907 1880 χάριτι
959 1808 1188 1881 ὕστερον
1218 1809 1463 1865 ἐλάλουν.
1497 1809 1718 1864 Τούτων
1757 1824 2041 1879 καταφρο-

435 1904 705 1972 νήσαντες
753 1900 1105 1973 ἐπολέμησαν
1137 1904 1186 1957 oi
1217 1903 1581 1974 Μαυρούσιοι,
1634 1902 1729 1956 καὶ
1769 1902 1815 1936 ⁸⁸
1869 1901 2041 1955 πολλά

436 1996 588 2049 κακὰ
620 1998 700 2059 εἰς
722 1994 1064 2066 Οὸανδήλους
1092 1995 1419 2066 εἰργάσαντο
1443 1995 1508 2048 δ’.
1542 1995 1719 2049 Ὀκτὼ
1739 1996 1796 2048 δὲ
1823 1994 1918 2067 ἔτη
1946 1995 2044 2067 βα-

438 2087 697 2151 σιλεύσας
726 2088 975 2159 τελευτᾷ,
1003 2088 1275 2153 ἀπολέσας
1306 2088 1608 2160 Νουμιδίαν
1639 2089 1734 2142 καὶ
1769 2089 2043 2161 Λύράσιον

439 2178 571 2248 ὅρος
600 2177 736 2250 (i9),
775 2178 824 2232 οἳ
854 2179 955 2232 οὐκ
984 2178 1069 2233 ἔτι
1100 2179 1207 2233 ὑπὸ
1236 2179 1579 2251 Οὑανδήλους
1607 2178 1874 2248 ἐγένοντο.
1914 2178 2043 2233 Γον-

435 2270 637 2323 δαϐοῦν
658 2272 702 2303 ⁸ο
736 2270 793 2324 δὲ
828 2273 855 2325 ὀ
875 2272 1160 2343 Γεήσωνος
1193 2271 1328 2335 υίὸς,
1361 2271 1479 2324 υίοῦ
1502 2270 1787 2343 Γιζερίχου
1822 2272 1921 2343 τὴν
1943 2273 2045 2344 ἀρο

439 2364 544 2435 χὴν
565 2365 863 2432 διεδέξατο,
892 2364 1119 2435 μείζονα
1154 2364 1300 2418 κακά
1332 2366 1445 2429 τοῖς
1487 2365 1835 2435 Χριστιανοῖς
1874 2364 2045 2417 ἐνδεια

439 2456 677 2527 ξάμενος
697 2470 712 2485 ⁸
747 2455 1102 2528 ἐτελεύτησεν
1135 2454 1465 2526 βασιλεύσας
1493 2455 1588 2527 ἔτη
1620 2453 1922 2526 ιβ⁹.Τούτου
1944 2454 2046 2527 τὴν

438 2547 621 2619 ἀρχὴν
645 2547 920 2612 διεδέξατο
943 2546 1371 2617 Τρασαμοῦνδος
1398 2548 1466 2613 σί,
1517 2548 1656 2618 ἀνὴρ
1703 2546 1918 2617 εὐειδὴς
1947 2547 2046 2602 καὶ

442 2639 671 2704 συνετὸς
698 2638 795 2692 καὶ
851 2638 1253 2710 μεγαλόψυχος.
1288 2631 1457 2703 Οὗτος
1512 2640 1640 2703 τοὺς
1684 2640 2048 2711 Χριστιανοὺς

439 2732 698 2797 ἐϐιάζετο
723 2730 1128 2803 μεταϐαλέσθαι
1151 2731 1248 2801 τὴν
1272 2731 1535 2803 πατρῴαν
1559 2731 1739 2797 δόξαν,
1762 2732 1863 2785 οὐκ
1899 2733 2048 2786 αἰκι-

440 2822 699 2892 ζόμενος,
747 2823 875 2885 τοὺς
922 2822 980 2875 δέ
1038 2821 1401 2887 ἀπειθοῦντας
1456 2824 1943 2895 ἀποστρεφόμενος
1976 2824 2042 2878 θ’.

440 2913 870 2984 Τελευτησάσης
898 2913 955 2967 δέ
1007 2913 1109 2983 τῆς
1135 2912 1395 2982 γυναικὸς
1427 2906 1593 2967 αὐτοῦ
1650 2913 1879 2967 ἀτέκνου
1918 2913 2047 2984 βου-

442 3006 663 3061 λεύεται
691 3007 912 3078 ἄριστα,
939 3007 1035 3060 καὶ
1066 3006 1290 3077 πέμψας
1316 3006 1455 3076 πρὸς
1475 3007 1797 3079 Θευδέριχον
1821 3006 2047 3078 βασιλέα

441 3097 487 3149 Γ
489 3096 662 3150 ότθων
689 3098 771 3161 εἰς
799 3095 1064 3161 Σπανίαν,
1093 3096 1211 3169 ᾔτει
1241 3096 1338 3167 τὴν
1360 3095 1551 3150 τούτου
1587 3096 1824 3169 ἀδελφὴν
1860 3097 2048 3151 λαϐεῖν

2146 600 2407 670 liiSpania
2464 601 2568 657 sub
2618 602 2858 658 Arcadio
2905 610 2961 658 et
3004 601 3249 658 Honorio
3304 602 3736 673 imperatoribus

2146 701 2410 763 occupata
2430 722 2447 756 ,
2477 709 2544 750 ex
2575 708 2641 750 ea
2670 695 3021 767 postmodum
3062 709 3174 750 una
3222 709 3348 750 cum
3380 693 3740 768 Gondigisclo

2151 782 2312 854 159
2334 798 2462 854 "388
2482 783 2538 839 iII
2564 783 2793 858 Libyam
2822 786 3181 856 traiicientes,
3207 801 3327 842 eam
3352 793 3581 843 tenuere
3611 803 3741 858 pro-

2147 877 2411 931 vinciam.
2445 875 2803 950 Gondigisclo
2837 885 3022 933 autem
3055 878 3342 943 defuncto,
3369 879 3642 949 Gogdaris
3684 888 3742 935 et

2146 967 2470 1025 Gizerichus
2497 970 2616 1040 ejus
2632 970 2728 1025 ﬁlii
2746 970 2802 1024 in
2827 970 3136 1039 principatu
3158 979 3571 1027 successerunt.
3597 972 3747 1042 Cog-

2146 1057 2265 1113 dari
2291 1069 2473 1115 autem
2504 1060 2745 1126 sublato,
2774 1059 3145 1117 Vaudalorum
3163 1076 3261 1117 rex
3282 1060 3611 1119 Gizericltus
3640 1062 3740 1119 de-

2148 1150 2400 1205 claratur
2436 1157 2492 1206 et
2526 1150 2861 1222 Carthagine
2908 1153 3133 1208 civitate
3169 1155 3275 1210 sub
3319 1153 3513 1224 iugum
3544 1154 3741 1220 missa,

2148 1241 2435 1313 Romaque
2484 1244 2695 1314 pariter
2728 1251 2887 1314 capta
2913 1286 2928 1311 ,
2961 1246 3187 1317 triginta
3238 1254 3294 1301 et
3341 1260 3538 1303 novem
3580 1248 3744 1303 annis

2149 1338 2419 1407 regnavit.
2458 1335 2595 1391 Eum
2634 1336 2763 1393 fatis
2803 1346 3024 1408 raptum
3061 1334 3414 1397 Honoriehus
3469 1340 3616 1397 filius
3644 1356 3745 1397 ex-

2149 1430 2295 1499 cepit
2327 1430 2381 1484 in
2406 1443 2597 1500 regno,
2627 1431 2912 1501 multaque
2934 1431 3196 1502 deinceps
3218 1433 3363 1487 mala
3389 1433 3744 1499 Christianis,

2150 1519 2220 1572 ab
2253 1532 2319 1574 eo
2349 1518 2405 1573 in
2441 1520 2676 1575 Arianas
2718 1528 2903 1591 partes
2944 1536 3043 1591 per
3082 1521 3313 1594 Libyam
3348 1526 3588 1581 transire
3644 1541 3744 1581 co-

2154 1612 2315 1677 actis,
2353 1612 2562 1677 intulit,
2601 1614 2989 1685 piurimosque
3039 1624 3155 1670 tum
3187 1616 3451 1682 caedibus,
3485 1627 3598 1672 tum
3636 1621 3747 1674 lin-

2151 1703 2281 1773 guis
2313 1718 2378 1759 ex
2414 1706 2529 1759 imo
2562 1714 2785 1777 gutture
2825 1708 3117 1776 aliseissis,
3146 1710 3390 1775 vexavit,
3424 1711 3517 1780 qui
3561 1711 3749 1767 divina

2151 1804 2335 1852 tamen
2363 1798 2671 1868 opitulante
2704 1800 2884 1871 gratia
2925 1800 3187 1870 loquendi
3218 1802 3532 1858 facultatem
3559 1813 3750 1875 postea

2148 1900 2499 1962 receperunt.
2534 1891 2800 1949 Maurusii
2858 1909 3025 1963 porro
3072 1894 3446 1950 Vandalorum
3490 1898 3750 1967 despecta

2152 1986 2398 2056 potentia
2445 1992 2828 2055 susceptoque
2866 1985 3132 2042 adversus
3159 2001 3257 2042 eos
3286 1986 3452 2051 bello,
3483 1987 3751 2057 plurima-

2147 2095 2267 2135 rum
2297 2080 2534 2135 cladium
2567 2080 2678 2136 illis
2717 2080 3059 2136 exstiterunt
3087 2090 3366 2138 auctores.
3402 2082 3753 2139 Honorichus

2150 2167 2360 2222 amissa
2398 2167 2660 2223 Numidia
2693 2175 2748 2223 et
2778 2169 3064 2225 Aburusio
3105 2178 3314 2237 monte,
3340 2171 3434 2241 qui
3477 2187 3586 2226 non
3634 2187 3753 2225 am-

2148 2258 2295 2329 plius
2328 2258 2699 2315 Vandalorum
2729 2259 2956 2317 ditionis
2979 2260 3224 2325 fuerunt,
3254 2262 3465 2317 exactis
3490 2263 3548 2317 in
3578 2276 3752 2333 regno

2148 2352 2312 2408 annis
2341 2363 2488 2420 octo,
2525 2354 2672 2411 diem
2697 2361 3005 2411 extremum
3040 2355 3198 2411 obiit.
3239 2354 3618 2411 Gondabunus
3658 2371 3754 2410 au-

2147 2452 2257 2500 tem
2279 2443 2548 2504 Geesonis
2575 2446 2745 2514 filius,
2766 2446 3041 2504 Gizerichi
3068 2464 3261 2520 nepos,
3287 2449 3496 2503 avitum
3523 2464 3751 2519 regnum

2149 2534 2307 2601 adiit,
2340 2546 2395 2591 et
2435 2537 2841 2608 ingentioribus
2869 2539 2924 2593 in
2949 2537 3303 2595 Christianos
3325 2539 3589 2595 exercitis
3616 2554 3753 2609 sup-

2152 2627 2355 2699 pliciis,
2396 2628 2507 2684 vita
2540 2630 2766 2687 functus
2797 2642 2884 2687 est
2930 2638 3057 2703 post
3094 2646 3299 2686 annum
3348 2633 3503 2703 regni
3542 2631 3755 2687 duode-

2149 2722 2373 2777 cimum.
2408 2723 2630 2792 Imperii
2660 2725 2838 2781 factus
2870 2736 2955 2781 est
2987 2728 3160 2781 haeres
3192 2724 3620 2791 Trasimundus,
3667 2727 3753 2781 vir

2151 2812 2353 2881 forma,
2384 2816 2699 2885 prudentia,
2733 2827 2787 2872 et
2834 2817 3004 2872 animi
3042 2817 3422 2889 magnitudine
3456 2826 3749 2888 prmstans.

2151 2907 2254 2964 Hic
2272 2908 2616 2966 Christianos
2635 2919 2921 2981 paternam
2939 2912 3257 2983 religionem
3289 2911 3547 2969 deserere
3567 2921 3620 2968 et
3643 2914 3754 2967 im-

2154 3010 2372 3055 mutare
2394 3004 2652 3074 cogebat;
2674 3019 2864 3059 verum
2896 3020 3010 3059 non
3044 3004 3302 3076 irrogatis
3331 3005 3386 3059 in
3412 3020 3509 3061 eos
3528 3006 3750 3076 pomis:

2154 3102 2210 3147 at
2238 3109 2332 3149 eos
2361 3096 2744 3152 tantummodo
2789 3104 3107 3160 aversatus,
3141 3112 3282 3168 quos
3319 3098 3480 3154 dictis
3512 3114 3619 3154 non
3653 3099 3755 3154 ob-

442 3190 587 3261 πρδς
611 3190 788 3259 γάμον
810 3188 1224 3260 Ἀμαλαφρίδαν
1249 3189 1296 3221 ⁸³
1322 3188 1436 3260 (20)
1469 3190 1643 3261 χήραν
1677 3185 1865 3245 οὖσαν.
1901 3189 1960 3245 Ὀ
1989 3190 2046 3243 δέ

2155 3194 2456 3258 sequentes
2491 3190 2878 3259 comperisset.
2928 3188 3178 3262 Coniuge
3227 3206 3383 3256 vero,
3416 3192 3561 3246 nulla
3604 3192 3754 3247 edita

440 3286 548 3357 τὴν
576 3283 811 3354 ἀδελφὴν
839 3284 1072 3338 δέδωκεν
1100 3284 1248 3355 αὐτῷ
1270 3283 1315 3316 6⁸
1332 3285 1411 3347 είς
1439 3286 1675 3352 γυναῖκα
1704 3286 1801 3337 καὶ
1826 3283 2044 3337 Γότθων

442 3377 689 3449 δοκίμιον
735 3376 1029 3448 δισχιλίους
1059 3379 1118 3432 ἐν
1172 3376 1326 3444 τάξει
1359 3377 1674 3449 δορυφόρων
1729 3376 1827 3430 σὺν
1857 3374 2047 3440 ἄλλαις

443 3469 617 3523 πέντε
645 3468 885 3541 χιλιάσιν
914 3467 957 3499 ⁸⁸
988 3466 1199 3539 ἀνδρῶν
1255 3469 1512 3539 μαχίμων
1566 3467 1703 3537 πρὸς
1738 3465 2049 3537 ὑπουργίαν

444 3562 657 3616 τούτων
687 3564 753 3616 ⁸⁸.
784 3561 1129 3634 Ἐδωρήσατο
1159 3560 1216 3613 δέ
1247 3560 1347 3629 τὴν
1380 3558 1617 3629 ἀδελφὴν
1654 3560 1698 3591 ⁸⁷
1725 3558 2049 3629 Θευδέριχος

444 3654 687 3709 καὶτῶν
719 3655 777 3707 ἐν
834 3652 1051 3723 Σικελίᾳ
1103 3651 1469 3722 ἀκρωτηρίων
1513 3650 1573 3703 ἓν
1602 3649 1665 3703 τὸ
1713 3649 2050 3719 καλούμενον

444 3747 651 3803 Λύσιον
684 3744 730 3778 ⁸⁸
763 3745 908 3817 (21)·
941 3744 1035 3798 καὶ
1056 3742 1151 3798 ἀπ’
1174 3741 1339 3798 αὑτοῦ
1374 3742 1553 3808 ἔδοξεν
1573 3745 1600 3797 ὁ
1629 3740 2051 3813 Τρασαμοῦνδος

446 3837 671 3893 πάντων
703 3837 814 3891 τῶν
864 3837 923 3891 ἐν
975 3834 1152 3907 Λιϐύῃ
1196 3833 1637 3904 βασιλευσάντων
1690 3834 1960 3911 κρείσσων
1989 3851 2048 3887 τε

444 3932 548 3986 καὶ
575 3930 964 3994 δυνατώτατος.
1000 3929 1247 3999 Ἐγένετο
1268 3929 1323 3983 δὲ
1351 3928 1445 3983 καὶ
1476 3927 1630 3998 φίλος
1658 3927 1753 3981 τοῦ
1785 3926 2051 3998 βασιλέως

465 4021 842 4077 ’Δναστασίουο
871 4024 1143 4093 ἐκράτησε
1174 4022 1231 4076 δέ
1251 4023 1349 4093 τῆς
1373 4020 1652 4092 βασιλείας
1675 4021 1769 4092 ἐτη
1793 4018 1896 4084 κζ’.
1916 4014 2051 4072 Τού-

448 4132 549 4169 του
599 4114 657 4169 δέ
702 4115 1148 4187 τελευτήσαντος,
1198 4114 1491 4186 Ἰλδέριχος
1521 4115 1550 4167 ὁ
1593 4111 1893 4183 Ὀνωρίχου
1950 4111 2047 4165 τοῦ

451 4207 741 4280 Γιζερίχου
782 4207 972 4269 παιδὸς
1020 4206 1373 4261 ἐϐασίλευσεν
1400 4205 1541 4278 ἀνὴρ
1572 4206 1748 4275 πρᾶος
1786 4205 1883 4260 καὶ
1912 4205 2052 4274 ἀγα-

454 4300 571 4363 Θὸς,
595 4301 691 4353 καὶ
716 4299 835 4353 οὐδὲ
860 4300 1210 4371 Χριστιανοῖς
1239 4297 1476 4370 χαλεπὸς
1504 4298 1773 4366 ὲγεγόνει’
1803 4296 1871 4350 τὰ
1886 4296 1945 4350 δέ
1969 4299 2051 4360 είς

452 4393 695 4464 πόλεμον
732 4392 974 4465 μαλακός
1000 4410 1058 4446 τε
1088 4391 1236 4457 λίαν,
1291 4393 1388 4447 xui.
1413 4391 1536 4445 οὐδὲ
1571 4391 1805 4445 ἀκοῦσαι
1855 4391 2051 4463 ἤθελεν

451 4487 617 4544 τοῦτο
635 4486 698 4541 τὸ
718 4488 974 4558 πρᾶγμα.
1006 4486 1185 4556 Ἀμερ
1204 4487 1249 4525 σθ
1284 4485 1341 4539 δέ
1360 4487 1388 4539 ὁ
1414 4483 1606 4538 τούτου
1634 4484 1953 4552 ἀδελφιδοῦς
1978 4486 2047 4552 ⁷ο,

2154 3284 2330 3355 prole,
2363 3299 2433 3339 ex
2464 3284 2568 3340 hac
2606 3287 2718 3340 vita
2766 3287 3060 3356 migrante,
3092 3287 3363 3357 Optimum
3416 3286 3516 3342 init
3565 3288 3755 3343 consi-

2154 3376 2417 3434 lium:et
2457 3377 2525 3432 ad
2583 3377 3031 3436 Theuderichum
3076 3379 3385 3435 Gothorum
3453 3394 3636 3451 regem
3694 3380 3754 3436 in

2155 3467 2480 3539 Hispaniam
2532 3470 2702 3526 missa
2745 3471 3040 3542 legatione,
3074 3486 3323 3528 sororem
3368 3473 3488 3544 eius
3526 3473 3752 3528 Amala—

2154 3560 2409 3630 phridam
2446 3560 2668 3616 viduam
2700 3562 2755 3616 in
2786 3560 3103 3635 coniugium
3146 3564 3252 3618 sibi
3279 3564 3453 3619 locari
3485 3566 3751 3635 postulat.

2154 3653 2251 3709 Ille
2282 3669 2529 3710 sororem
2570 3664 2806 3725 nuptum
2853 3655 3045 3721 tradit,
3090 3662 3145 3709 et
3186 3654 3271 3710 bis
3320 3655 3471 3711 mille
3522 3655 3755 3727 insuper

2153 3745 2364 3803 Gothos
2400 3747 2758 3814 lectissimos,
2815 3748 2907 3819 qui
2962 3747 3262 3803 satellitum
3304 3749 3551 3805 ordinem
3604 3750 3751 3821 apud

2155 3838 2337 3911 ipsum
2369 3838 2681 3910 implerent,
2713 3853 2838 3893 cum
2879 3837 3001 3893 aliis
3033 3839 3318 3895 hominum
3354 3840 3751 3897 bellicosorum

2156 3931 2398 3988 millibus
2428 3930 2696 4002 quinque,
2718 3929 2813 3999 qui
2848 3930 3095 4001 priorum
3128 3930 3412 4002 adjutores
3457 3942 3620 4004 atque
3647 3934 3754 3988 mi-

2156 4024 2319 4081 nistri
2372 4021 2573 4078 forent.
2620 4021 2705 4077 Ad
2752 4023 2869 4077 haec
2916 4022 3126 4078 sororis
3166 4023 3392 4079 nomine
3432 4040 3496 4080 ex
3548 4023 3754 4082 Siciliae

2156 4118 2551 4192 promontoriis
2583 4132 2777 4185 unum,
2811 4117 2899 4174 cui
2930 4116 3155 4190 Lysium
3183 4133 3406 4185 nomen,
3437 4117 3584 4174 dono
3616 4134 3753 4175 con-

2159 4211 2283 4265 tulit
2315 4227 2330 4265 :
2363 4224 2432 4266 ex
2469 4222 2578 4280 quo
2604 4206 3013 4263 Trasimundus
3047 4208 3321 4272 omnium,
3350 4207 3445 4279 qui
3478 4207 3751 4266 hactenus

2155 4299 2341 4373 Libyae
2371 4316 2599 4372 regnum
2653 4306 2971 4363 tenuerant,
3004 4296 3318 4355 ditissimus
3348 4284 3403 4354 Et
3434 4302 3753 4369 potentissi-

2157 4408 2281 4448 mus
2311 4393 2505 4448 evasit.
2544 4391 2649 4445 Hic
2684 4390 2984 4447 Anastasio
3014 4390 3333 4462 imperatori
3365 4391 3669 4450 foederibus
3696 4402 3753 4450 et

2157 4485 2403 4542 amicitia
2449 4485 2782 4553 coniunctus
2814 4483 2939 4547 fuit,
2972 4490 3027 4538 et
3072 4497 3302 4551 regnum
3348 4484 3510 4540 annis
3553 4485 3750 4558 viginti
3806 4552 3809 4555 ν

452 4577 599 4649 ἀνὴρ
638 4578 841 4645 ἀγαθὸς
870 4579 941 4631 τά
961 4577 1218 4648 πολέμια,
1255 4578 1586 4649 ἐστρατήγει
1619 4576 1967 4647 Ούανδήλων,
1989 4575 2046 4629 ὃν

2158 4588 2365 4649 septem
2398 4574 2829 4633 administravit.
2859 4573 2936 4629 Eo
2968 4572 3167 4629 deinde
3215 4582 3451 4641 mortuo,
3482 4575 3750 4637 lldericus

451 4672 520 4744 δὴ
552 4672 648 4725 καὶ
677 4673 719 4703 τί
750 4670 1000 4743 Ἀχιλλέα
1026 4670 1278 4725 ἐκάλουν.
1305 4670 1591 4742 Ἰλδέριχος
1609 4671 1665 4725 δὲ
1689 4670 1840 4740 φίλος
1866 4665 1934 4741 ἦν
1954 4667 2046 4724 τοῦ

2162 4671 2307 4727 ﬁlius
2340 4667 2641 4725 Honorichi
2685 4675 2739 4724 et
2770 4666 3048 4723 Gizerichi
3082 4681 3253 4736 nepos
3300 4667 3453 4739 regni
3505 4673 3750 4744 suscepit

465 4761 853 4818 Ἰουστινιανοῦ
882 4764 989 4835 πρὸ
1008 4760 1102 4817 τοῦ
1127 4762 1447 4834 βασιλεῦσαι
1474 4763 1635 4817 αὑτὸν
1659 4764 2046 4835 ἐπ).’Ῑουστίνου

2160 4780 2384 4829 munus,
2410 4763 2493 4817 vir
2518 4776 2680 4833 supra
2711 4761 2954 4830 reliquos
2982 4760 3408 4817 mansuetudine
3431 4770 3486 4818 ct
3510 4764 3748 4820 elemen-

1729 4825 1738 4857 δ
1764 4880 2003 4936 VARIAE
2035 4880 2446 4937 LEC'IIONES.

568 4981 615 5055 ’ξ
650 4981 833 5055 καθὼς
881 4980 1173 5055 ἀνωτέρω⁸
1194 4983 1413 5055 εἴρηται
1445 4998 1499 5055 a.
1549 5053 1558 5055 _
1587 4983 1634 5055 δέ
1665 4983 2081 5055 ΓογδιγίσκλουΑ
2116 4985 2155 5038 Α
2219 4986 2447 5055 passim,
2487 4981 2876 5055 Γογδικίσκλου
2898 5054 2901 5055 ν
2924 4982 3072 5055 vulg.
3104 5053 3113 5055 μ
3148 4982 3196 5013 ⁵³
3214 4981 3315 5055 τῂν
3345 4982 3538 5055 τούτου
3572 4980 3748 5055 ἀρχὴν

454 5053 531 5125 ᾼ,
557 5052 659 5122 τὴν
679 5053 856 5125 ἀρχὴν
888 5050 1260 5125 αὐτοῦ’νιιίες
1308 5050 1371 5125 1“?
1393 5053 1724 5125 Ούανδήλοις
1747 5050 1847 5109 Α(
1895 5054 1943 5087 ⁵⁸
1973 5050 2291 5125 βιαζόμενος
2324 5056 2388 5108 Α.
2466 5056 2510 5087 ⁸⁷
2543 5054 2593 5106 οἳ
2628 5055 2723 5107 καὶ
2752 5054 2818 5115 Α,
2856 5054 2905 5107 οἳ
2936 5053 2995 5106 δὲ
3027 5050 3173 5125 vulg.
3243 5050 3289 5125 ξε
3316 5050 3555 5125 xaiadd.
3585 5065 3650 5103 cx
3672 5051 3742 5125 Ἀ.

455 5124 506 5196 έθ
542 5120 1131 5196 εἰργάσαντο--π
1157 5120 1264 5176 ὑπὸ
1301 5120 1643 5196 Οὐανδῄλους
1683 5139 1809 5196 γοηι.
1935 5120 1984 5180 Ι’.’
2065 5120 2583 5179 ⁶⁰“Γουνδά6ουνΑ.
2674 5125 2717 5196 °‘_
2779 5120 3309 5196 ΤρασαμοῦνδοςΑΑ,
3368 5121 3547 5196 ΑΤρισ..
3594 5120 3743 5196 vulg.

456 5195 506 5267 ξ’
545 5189 672 5267 τους
700 5194 756 5247 δὲ
782 5195 882 5247 ἀπ.
911 5196 1144 5267 ἀποστρτ
1177 5209 1287 5267 om.
1315 5194 1383 5267 A.
1427 5264 1441 5267 _
1462 5189 1513 5227 ⁶ῖ
1535 5192 1948 5267 ’Δμαλαφρίδαν
1976 5197 2041 5261 A,
2070 5196 2437 5265 Μαλαφριδὰν
2467 5196 2617 5267 vulg.
2681 5194 2727 5229 ⁸⁸
2758 5189 2910 5264 αὐτῷ
2944 5189 3166 5267 adduc:
3335 5191 3410 5267 _“
3439 5189 3646 5267 χιλίους
3677 5192 3743 5245 Α.

456 5266 509 5296 ⁸⁵
542 5265 721 5339 τούτῳ
751 5267 817 5320 A.
888 5266 946 5339 ξ’
969 5265 1068 5335 τὴν
1088 5259 1327 5339 ἀδελφὴν
1357 5264 1403 5320 Α
1427 5264 1481 5333 b,
1514 5268 1578 5336 τῇ
1603 5259 1812 5339 ἀδελφῇ
1856 5266 1999 5339 vulg.
2029 5259 2035 5261 '
2079 5268 2122 5339 ‘f
2146 5259 2443 5339 Lilybaeum
2471 5259 2605 5339 esse
2644 5259 2892 5339 videtur.
2974 5264 3027 5339 “_
3048 5261 3253 5339 ξἈμερ]
3303 5262 3383 5316 sic
3417 5259 3613 5329 scripsi
3648 5274 3748 5329 pro

458 5337 614 5407 vulg.
644 5331 947 5407 ’Ᾱμεργοῦς
980 5331 1043 5391 οὲ
1077 5331 1325 5405 proxime
1353 5331 1508 5407 seqq.
1535 5331 1590 5391 et
1610 5351 1675 5391 ex
1699 5331 1984 5407 Procopio.
2080 5338 2125 5369 ⁷ο
2147 5331 2377 5407 ἀδέλφδς
2406 5336 2471 5392 Α.
2564 5336 2609 5369 ⁷¹
2642 5336 2738 5390 καὶ
2767 5336 2892 5390 add.
2927 5348 2993 5388 ex
3016 5331 3103 5387 Ἃ.

1770 5430 1913 5487 JAC.
1941 5431 2155 5488 GOARI
2178 5432 2407 5487 NOTAE.

566 5520 655 5589 16)
689 5517 767 5574 Ex
801 5518 1056 5591 Procopii
1113 5520 1215 5576 lib.
1259 5536 1277 5575 ι
1334 5520 1414 5577 De
1444 5519 1580 5578 bello
1634 5520 1929 5578 Vandalico
1957 5541 2056 5579 ex-
2157 5526 2279 5593 gine
2314 5526 2548 5589 distans,
2586 5540 2650 5579 ac
2679 5521 2748 5577 ad
2780 5520 3054 5593 meridiem
3081 5526 3348 5588 spectans,
3381 5516 3435 5569 in
3466 5532 3568 5585 quo
3591 5515 3747 5571 Mau-

461 5599 655 5660 εθνβιθ
688 5593 953 5647 ιιπτθῑῖο-
2159 5592 2295 5649 rusii
2317 5613 2350 5649 a
2388 5594 2649 5650 Vandali:
2681 5609 2736 5648 se
2763 5592 3070 5647 tuebantur.

562 5658 650 5737 ΓΞ)
676 5660 988 5737 -Ρι-οεορξιιε
1024 5662 1258 5737 Latinus
1286 5662 1627 5736 Godigiscuut
1658 5667 1878 5723 scribit.
2231 5667 2345 5737 (20)
2385 5665 2664 5722 Videndus
2718 5662 3057 5737 Joruandes__
3080 5660 3179 5716 lib.
3226 5658 3303 5715 De
3340 5659 3494 5715 rebus
3524 5658 3746 5727 Geticis,

567 5731 653 5807 18)
688 5731 1214 5807 idcum—Contharis.
1284 5806 1287 5807 ν
1374 5806 1381 5807 ί
1423 5731 1443 5736 ⁷
1516 5806 1522 5807 ί
2161 5731 2271 5807 quo
2292 5731 2697 5807 Amalafredam
2726 5750 2845 5788 eam
2884 5734 3141 5807 appellat.

543 5798 656 5877 (19)
688 5805 833 5858 Idem
874 5824 888 5860 ε
930 5804 1223 5877 Α-ιιτανὶιιηι
1272 5806 1420 5875 (alibi
1462 5806 1746 5861 Abrasium
1799 5816 1851 5861 et
1885 5807 2061 5860 Aura-
2179 5798 2194 5807 ’
2233 5808 2347 5876 (2|)
2374 5798 3266 5877 Reponel.i'ybmum.Prucopius
3294 5801 3367 5859 De
3401 5802 3536 5859 bello
3564 5798 3747 5869 Colla,

473 5875 639 5946 tium)
679 5891 827 5930 mons
858 5877 913 5931 in
952 5874 1215 5932 Numidia
1268 5874 1370 5932 iter
1418 5877 1624 5932 dierum
1659 5880 1724 5933 55
1767 5896 1798 5931 (ι
1832 5879 2057 5931 (Iart/m-
2165 5874 2257 5933 lib.
2301 5874 2336 5930 ιζ
