4088 6472
435 418 543 484 I35
1831 414 2325 477 TIIEOPHANIS
3605 411 3716 478 436

425 535 758 606 Procopium
796 532 1124 603 scriptorem
1175 531 1479 603 Syracusas
1519 530 1812 586 destinavit
1870 546 2019 600 qua:-

2130 545 2214 598 ροι
2253 528 2406 592 τινὰς
2433 529 2804 601 ὁδηγήσοντας
2855 529 3017 585 αὐτὸν
3066 530 3144 595 είς
3176 531 3385 604 Διϐύην
3415 533 3480 585 ἐκ
3508 531 3601 588 τοῦ
3625 539 3707 590 ai-

429 632 620 695 situm,
654 631 699 682 si
740 642 847 698 qua
900 636 1051 682 sorte
1097 627 1199 682 via;
1248 629 1506 682 ducwres
1538 625 1890 694 comperiret,
1923 623 2014 694 qui

2130 619 2329 689 pwblou
2362 620 2842 691 προσορμίσασοαι
2879 624 2947 691 τῇ
2985 623 3081 694 γῇ,
3108 623 3204 675 καὶ
3233 623 3326 677 τὸν
3367 623 3498 678 λαὸν
3522 626 3719 695 ἐξαγα-

428 724 669 778 classem
699 735 764 774 ex
801 719 1102 789 improviso
1133 719 1201 774 ad
1230 719 1449 790 Libyca:
1481 727 1640 774 terrae
1668 733 1794 773 oras
1821 717 2016 772 admo-

2130 716 2241 782 γεῖν
2293 713 2505 768 δεδιότα
2534 715 2634 786 τὴν
2683 715 3026 786 συμμαχίαν.
3085 716 3259 779 Αὐτὸς
3291 717 3351 769 δὲ
3407 717 3501 771 τὸν
3533 719 3718 774 στόλον

427 818 646 871 verent.
677 825 788 880 quo
822 809 1091 866 militares
1155 827 1290 866 suas
1348 811 1539 881 copias
1615 809 2020 880 (regionisetv

431 906 580 961 enim
622 903 833 960 incolas
870 902 1123 958 hostibus
1158 902 1369 958 auxilio
1405 903 1524 957 fore
1548 901 1858 971 verebatur)
1885 901 2021 955 laci-

429 997 539 1054 lius
593 995 658 1051 ad
700 995 876 1051 solum
917 995 1200 1052 educeret.
1243 996 1400 1066 162
1452 995 1673 1050 Interim
1707 995 1824 1063 ipse
1880 993 2022 1048 Cau-

432 1089 632 1156 cbana,
675 1104 849 1159 pagus
882 1088 930 1145 is
966 1088 1070 1144 fuit
1119 1089 1373 1146 ducentis
1413 1091 1606 1145 stadiis
1646 1105 1678 1144 a
1729 1087 2023 1160 Syracusis

430 1187 702 1244 remotus,
732 1187 843 1234 tota
873 1177 1050 1236 classe
1079 1180 1218 1234 mari
1246 1179 1426 1234 delata
1457 1179 1688 1250 appulit.
1720 1177 2023 1250 Procopius

432 1272 744 1344 Syracusas
780 1272 1088 1341 ingressus,
1131 1272 1201 1328 ab
1228 1273 1625 1341 Amalasunthe
1660 1273 2023 1328 Tlteuderichi

432 1363 688 1436 conjuge,
721 1364 1066 1420 Athalaricbi
1099 1380 1232 1421 vero
1273 1365 1440 1422 Italire
1469 1366 1614 1435 regis
1643 1375 1819 1422 matre
1846 1372 2026 1438 (erant

431 1451 490 1510 hi
543 1455 655 1510 duo
721 1469 848 1510 cum
899 1451 1212 1511 Justiniano
1262 1453 1475 1510 findere
1516 1455 1825 1526 conjuncti)
1872 1455 2028 1511 cibos

432 1546 602 1615 emit;
632 1555 688 1602 et
713 1545 1004 1617 inopinato
1034 1547 1089 1602 in
1125 1549 1304 1602 virum
1333 1563 1364 1602 a
1397 1548 1585 1618 pueris
1652 1549 1894 1604 amicitia
1925 1549 2027 1604 sibi

434 1636 752 1694 devinctum
783 1637 1006 1704 incidit,
1040 1637 1136 1708 qui
1177 1638 1360 1710 Libyae
1403 1639 1680 1709 marisque
1717 1641 1835 1696 loca
1887 1655 2030 1694 cuu-

435 1739 526 1790 cta
592 1732 1058 1806 frequentioribus
1125 1732 1518 1802 experimentis
1578 1731 1811 1788 habebat
1878 1743 2029 1799 nota,

433 1826 530 1898 qui
585 1827 766 1884 tribus
805 1840 917 1882 non
953 1825 1190 1896 amplius
1215 1825 1413 1880 diebus
1460 1825 1792 1895 Carthagine
1821 1825 2031 1882 disces-

435 1927 607 1975 serat.
643 1917 692 1973 ιε
715 1917 1046 1989 profundam
1082 1918 1538 1988 tranquillitatem
1580 1911 1850 1974 Vandalos
1899 1932 2029 1987 age-

434 2028 520 2074 re,
566 2010 776 2066 nullam
809 2011 984 2066 aciem
1023 2010 1290 2067 adversus
1317 2027 1377 2067 se
1412 2011 1742 2066 instructam
1775 2010 2032 2082 suspica-

433 2103 506 2168 ri,
557 2102 737 2172 ipsum
773 2101 1102 2158 Gelimerem
1159 2113 1402 2173 quatuor
1444 2117 1475 2157 a
1525 2101 1664 2157 mari
1699 2102 2034 2158 stationibus

434 2206 648 2252 moram
687 2195 742 2251 in
784 2195 1044 2268 prmsenti
1084 2195 1266 2251 facere
1321 2195 1628 2251 asserebat.
1659 2192 1796 2248 Eum
1845 2208 2032 2250 secum

402 2344 406 2348 .
436 2298 783 2360 assumptum
819 2291 1111 2345 Caucbana
1137 2288 1204 2344 ad
1255 2287 1581 2343 llelisarium
1618 2286 1864 2342 adduxit.
1893 2283 2034 2341 Beli-

436 2382 620 2447 sarius
666 2381 753 2437 bis
817 2381 1023 2436 auditis
1088 2390 1214 2450 post
1257 2379 1480 2434 tertium
1533 2377 1677 2434 diem
1737 2376 1806 2432 ad
1846 2375 2034 2448 Libya:

433 2491 565 2533 oras
591 2474 881 2546 applicuit,
913 2473 979 2528 ad
1015 2473 1222 2538 locum,
1253 2472 1343 2527 cui
1392 2469 1568 2542 Caput
1597 2469 1768 2525 Breve
1806 2483 2027 2524 nomen.

434 2567 719 2625 Descensu
759 2583 790 2624 θ
841 2566 1080 2622 navibus
1132 2563 1303 2631 facto,
1368 2580 1494 2619 mox
1548 2564 1697 2619 fossa
1763 2562 2033 2634 profunde

433 2661 624 2726 ducta,
672 2659 928 2730 valloque
989 2659 1207 2714 circum
1276 2659 1538 2722 excitato,
1597 2672 1710 2712 uno
1771 2657 1891 2712 solo
1942 2657 2034 2714 die

433 2761 623 2811 castra
681 2754 870 2808 metati
932 2758 1084 2808 sunt.
1137 2750 1276 2819 Illic,
1322 2750 1456 2806 dum
1523 2765 1689 2820 agger
1750 2748 2029 2816 eﬂ‘oditur,

435 2860 690 2918 magnam
727 2861 884 2917 aqua
918 2846 1316 2916 scaturiginem
1361 2855 1556 2916 sponte
1607 2844 1772 2900 tellus
1825 2844 2027 2912 emisit,

434 2952 563 2995 cum
603 2937 851 3007 alioquin
898 2944 1048 2993 totus
1095 2951 1364 3006 aquarum
1401 2937 1630 3006 penuria
1676 2934 1834 2990 locus
1875 2933 2030 2990 labo-

437 3041 624 3089 raret:
659 3045 781 3101 quae
817 3031 885 3086 ad
951 3030 1302 3087 necessarios
1329 3028 1705 3099 iumentorum
1755 3026 2034 3095 totiuSque

436 3121 718 3180 exercitus
794 3135 932 3176 usus
1005 3117 1244 3176 suﬂ‘ecit.
1299 3117 1562 3188 Sequenti
1620 3117 1742 3172 lucc
1799 3115 2034 3186 populus

2121 805 2400 877 ἀράμενος
2428 807 2509 870 είς
2553 806 2821 878 Καύχανα
2846 809 2892 842 ³¹
2919 806 3034 880 (28)
3061 808 3124 861 τὸ
3151 809 3354 878 χωρίον
3393 811 3718 882 προσώρμι-

2126 915 2238 966 σεν,
2298 900 2596 964 διακοσίοις
2643 901 2881 966 σταδίοις
2947 902 3047 972 τῆς
3076 901 3438 973 Συρακούσης
3489 903 3716 973 ἀπέχον.

2124 993 2433 1065 Προκόπιος
2471 994 2534 1048 δὲ
2581 994 2642 1048 ὲν
2682 993 3009 1065 Συρακούση
3063 992 3346 1059 εἰσελθὼν,
3397 995 3604 1066 τροφάς
3657 1013 3720 1050 τε

2124 1087 2372 1158 ὠνήσατο
2405 1087 2558 1156 παρὰ
2583 1085 3030 1157 ’Δμαλασούνθης
3073 1087 3174 1158 τῆς
3230 1088 3492 1157 γυναικὸς
3525 1089 3722 1142 Θευδε-

2130 1179 2304 1250 Ρίκουν
2361 1179 2568 1250 μητρὸς
2627 1178 2685 1233 δὲ
2719 1179 3079 1250 Ἀταλαρίχου
3138 1180 3404 1248 βασιλέως
3461 1180 3720 1247 Ἰταλίας,

2128 1271 2314 1341 φιλίαν
2363 1272 2505 1342 πρὸς
2577 1273 2958 1327 Ἰουστινιανδν
3014 1273 3282 1344 ἑχόντων·
3343 1273 3610 1344 ὲπέτυχέν
3658 1291 3722 1328 τε

2128 1365 2448 1436 παραδόξως
2479 1365 2574 1420 καὶ
2597 1366 2812 1437 ἀνδρὸς,
2842 1365 3000 1435 φίλου
3065 1365 3164 1436 μὲν
3195 1365 3344 1436 αύτῷ
3383 1367 3724 1437 ὑπάρχοντος

2129 1459 2195 1512 ὲκ
2220 1457 2434 1523 παιδὸς,
2476 1457 2885 1529 πεπειραμένου
2933 1458 2989 1510 δὲ
3025 1459 3123 1529 τῆς
3157 1457 3363 1528 Λιϐύης
3417 1457 3600 1512 τόπων
3628 1459 3728 1514 καὶ

2128 1551 2231 1619 τῆς
2289 1549 2586 1617 θαλάσσης,
2633 1548 2838 1620 τρίτην
2874 1548 3090 1619 ἔχοντος
3123 1549 3340 1619 ἡμέραν
3397 1550 3462 1602 ὲκ
3498 1551 3730 1622 Καρχη-

2132 1642 2278 1706 δόνος
2299 1640 2636 1712 ἀφικομένου
2667 1640 2735 1707 ⁸³,
2782 1640 2878 1695 καὶ
2904 1639 3276 1695 διεϐεϐαιοῦτο
3309 1643 3496 1696 πᾶσαν
3524 1642 3730 1713 ἀμερι-

2137 1733 2294 1804 μνίαν
2327 1733 2474 1804 ἔχειν
2511 1734 2730 1799 αὐτοὺς,
2788 1733 2880 1787 καὶ
2935 1732 3010 1803 μὴ
3067 1732 3399 1788 ὑποπτεύειν
3445 1733 3568 1788 τινά
3603 1735 3733 1788 κατ’

2133 1826 2313 1882 αὐτῶν
2341 1824 2757 1897 στρατεύεσθαι,
2788 1824 2928 1879 ὥστε
2963 1825 3072 1879 ἀπὸ
3093 1823 3378 1895 τεσσάρων
3408 1824 3586 1894 μονῶν
3610 1822 3738 1896 (29)

2133 1921 2232 1990 τῆς
2267 1920 2545 1989 θαλάσσης
2589 1918 2683 1974 τδν
2713 1918 2988 1990 Γελίμερα
3033 1916 3375 1983 αὐλίζεσθαι.
3402 1917 3607 1972 Τοῦτον
3632 1916 3740 1972 οὖν

2130 2011 2312 2065 λαϐὼν
2371 2011 2680 2083 Προκόπιος
2743 2011 2825 2075 είς
2895 2009 3165 2081 Καύχανα
3213 2009 3352 2082 πρὸς
3407 2009 3738 2082 Βελισάριον

2131 2105 2444 2172 ἀπήγαγεν.
2509 2103 2622 2157 Καὶ
2670 2100 2844 2157 ταῦτα
2881 2102 3072 2172 μαθὼν
3101 2103 3131 2156 ὁ
3158 2101 3481 2174 Βελισάριος
3513 2104 3582 2173 τῇ
3624 2101 3737 2173 τῆς

2131 2197 2340 2266 Λιϐύης
2372 2199 2514 2270 ἀκτῇ
2537 2197 2583 2232 ’δ
2617 2200 2864 2269 τριταῖος
2899 2197 3290 2270 πφσὼρμισεν
3315 2200 3362 2232 ’⁸
3400 2200 3481 2263 εἰς
3504 2199 3733 2270 χωρίον,

2133 2291 2162 2346 ὃ
2191 2290 2448 2361 Κεφαλὴν
2473 2291 2719 2362 Βράχους
2743 2290 2855 2364 (-30)
2877 2291 3155 2346 καλοῦσιν.
3179 2291 3514 2355 Ἀποϐάντες
3537 2292 3593 2346 δὲ
3620 2291 3737 2347 τῶν

2132 2381 2301 2452 νηῶν,
2333 2381 2555 2452 χάρακά
2602 2399 2662 2435 τε
2709 2382 2804 2436 καὶ
2853 2382 3061 2454 τάφρον
3101 2383 3323 2454 βαθεῖαν
3375 2383 3736 2454 ποιήσαντες,

2133 2475 2694 2547 ἐστρατοπεδεύσαντο
2719 2477 2776 2529 ὲν
2799 2477 2983 2548 ἡμέρᾳ
3021 2479 3139 2548 μιᾷ,
3166 2476 3292 2530 ἔνθα
3313 2477 3406 2530 καὶ
3429 2475 3620 2540 ὕδατος
3641 2493 3740 2530 πο-

2132 2566 2196 2620 λύ
2219 2583 2272 2619 τι
2295 2568 2482 2637 χάσμα
2510 2567 2609 2637 τῆς
2638 2568 2851 2638 τάφρου
2881 2568 2927 2600 ⁸⁸
2948 2569 3308 2638 ὀρυττόμενον
3336 2568 3368 2637 ὴ
3397 2570 3468 2638 γῆ
3501 2565 3739 2636 ἀνῆκεν,

2131 2659 2228 2714 τοῦ
2243 2661 2410 2714 τόπου
2428 2659 2658 2731 ἀνύδρου
2681 2660 2854 2726 ὄντος,
2875 2661 2971 2716 καὶ
2993 2663 3074 2724 εἰς
3106 2662 3290 2715 πᾶσαν
3314 2659 3504 2732 χρείαν
3527 2661 3648 2724 τοῖς
3675 2677 3738 2714 τε

2133 2750 2293 2818 ζώοις
2320 2751 2415 2805 καὶ
2438 2751 2517 2822 τῷ
2545 2751 2766 2824 στρατῷ
2791 2753 3039 2822 γέγονεν.
3071 2753 3151 2824 Τῇ
3193 2751 3251 2807 δὲ
3288 2751 3525 2824 ἐπιούσῃ
3553 2753 3580 2805 ὁ
3602 2751 3742 2815 λαὸς

2133 2843 2273 2915 πρὸς
2305 2843 2540 2915 πραῖδαν
2567 2844 2866 2916 ὲχώρει.’()
2895 2845 2953 2898 δὲ
2988 2845 3297 2916 στρατηγὸς
3335 2843 3566 2907 τούτους
3593 2843 3732 2915 ᾐκί-

2136 2955 2286 3005 σατο,
2314 2937 2492 3007 λέγων
2525 2939 2663 3009 πρὸς
2694 2939 2893 3000 αὐτοὺς
2940 2938 3068 2993 τάδε
3089 2955 3102 2968 ·
3156 2937 3228 2993 Τὸ
3256 2937 3375 3007 μὲν
3417 2936 3744 3002 βιάζεσθαι

2132 3031 2233 3084 καὶ
2259 3029 2386 3096 τοῖς
2413 3031 2758 3100 ἀλλοτρίοις
2783 3032 2828 3065 ³⁷
2863 3030 3191 3093 σιτίζεσθαι
3226 3029 3439 3083 ἄδικόν
3465 3029 3648 3084 ἐστιν
3673 3029 3746 3081 ἐν·

2133 3120 2315 3175 παντί
2337 3119 2540 3189 καιρῷ,
2561 3121 2658 3175 καὶ
2687 3120 2958 3190 μάλιστα
2986 3118 3055 3172 ἐν
3079 3117 3205 3184 τοῖς
3229 3117 3561 3183 κινδύνοις.
3588 3113 3746 3186 Ἐγὼ

439 3209 765 3281 populatum
801 3209 1097 3281 process-it.
1134 3207 1436 3265 Praefectus
1464 3209 1740 3265 exercitus
1782 3209 2028 3272 severius

2133 3212 2245 3282 τὰρ
2272 3212 2484 3278 ἐκεινῳ
2508 3213 2554 3246 εκ
2575 3212 2770 3292 μόνον
2802 3212 2869 3266 τὸ
2896 3210 3136 3280 θαρρεῖν
3161 3210 3320 3277 έχων
3356 3211 3442 3274 είς
3479 3207 3594 3276 τὴν
3625 3205 3747 3278 γῆν

437 3302 496 3357 in
551 3317 648 3359 eos
699 3301 1161 3370 animadvertens,
1217 3303 1381 3358 verba
1427 3302 1650 3358 demum
1707 3299 2024 3369 linjusmodi

2132 3305 2362 3373 ταύτην
2384 3303 2542 3372 ὑμᾶς
2571 3304 2932 3370 ἀπεϐίϐασα,
2954 3302 3116 3368 ὅπως
3147 3300 3222 3370 τῇ
3249 3300 3614 3368 δικαιοσύνῃ
3643 3297 3746 3352 καὶ

437 3394 666 3450 habuit:
707 3391 974 3448 Violentia
1008 3393 1219 3464 quidem
1247 3393 1348 3458 uti,
1383 3403 1431 3447 et
1463 3393 1650 3446 alienis
1681 3393 1824 3464 furto
1853 3391 2026 3460 raptis

437 3486 608 3542 vivere
638 3488 784 3542 omni
832 3496 1062 3556 tempore
1097 3486 1269 3556 nefas,
1305 3503 1466 3556 quam
1511 3487 1744 3539 maxime
1789 3484 2026 3553 periculo

436 3576 765 3631 imminente.
821 3575 937 3648 Ego
983 3592 1102 3630 vero
1155 3575 1254 3630 hoc
1293 3575 1410 3630 solo
1443 3576 1677 3643 conlisus
1722 3575 1791 3628 ad
1830 3585 2028 3628 terram

436 3670 595 3724 istam
626 3686 717 3724 vos
745 3670 989 3739 exposui,
1008 3677 1067 3723 ut
1094 3669 1310 3739 justitia
1337 3678 1387 3724 et
1419 3669 1760 3738 beneﬁcentia
1793 3669 2029 3723 divinum

439 3777 635 3815 numen
663 3762 815 3816 nobis
847 3760 1232 3827 demereamur,
1264 3773 1316 3816 et
1349 3761 1538 3832 Libyes
1573 3765 1643 3816 ad
1691 3780 1786 3818 nos
1812 3764 2029 3818 allicie-

439 3868 580 3907 mus.
628 3851 760 3908 Ηαιο
781 3861 958 3906 autem
987 3861 1163 3908 vestra
1194 3853 1494 3924 petulantia
1515 3864 1564 3909 et
1592 3853 1794 3908 vivendi
1815 3853 2032 3909 licentia

439 3960 526 3999 res
559 3945 617 3997 in
660 3945 993 3999 contrarium
1028 3954 1212 4010 vertet,
1253 3955 1303 4000 et
1356 3945 1540 4015 Libyes
1583 3945 1840 4002 Vandalis
1880 3963 2031 4017 opem

443 4038 585 4106 ferre
645 4037 939 4106 compellet.
989 4037 1184 4093 Verum
1229 4037 1471 4093 consiliis
1523 4038 1749 4107 prtebete
1809 4056 2030 4107 morem,

441 4129 612 4199 pretio
639 4129 780 4184 cibos
807 4139 1133 4199 comparate,
1179 4138 1236 4183 ut
1285 4147 1447 4200 neque
1485 4131 1568 4200 fas
1610 4142 1656 4185 et
1684 4131 1777 4200 jus
1813 4132 2030 4196 violare,

2129 3396 2490 3466 ἀγαθοεργίᾳ
2523 3397 2632 3449 τόν
2651 3412 2716 3448 τε
2751 3393 2903 3448 Θεὸν
2935 3392 3424 3462 θεραπεύσωμεν,
3458 3391 3560 3444 καὶ
3593 3389 3747 3462 τοὺς

2129 3489 2359 3554 Λίϐυας
2387 3488 2539 3556 πρὸς
2564 3485 2724 3558 ἡμᾶς
2749 3485 3245 3554 ἐπισπασὼμεθα.
3278 3484 3440 3549 Αὕτη
3469 3483 3538 3537 δὲ
3567 3482 3750 3552 ὑμῶν

2129 3583 2170 3652 ἠ
2225 3583 2508 3653 ἀκράτεια
2537 3581 2584 3614 ⁹¹¹
2625 3584 2714 3648 εις
2775 3579 3136 3634 τούναντίον
3189 3576 3358 3646 ἡμῖν.
3394 3573 3745 3646 μεταθήσει-

2128 3691 2248 3737 ται,
2282 3675 2383 3731 καὶ
2436 3673 2581 3739 τοὺς
2626 3672 2852 3737 Λίϐυας
2885 3667 3287 3740 συμμαχῆσαι
3329 3669 3346 3700 ¹
3387 3665 3516 3733 τοῖς
3545 3669 3748 3721 Οὐανσ

2131 3764 2346 3832 δήλοις
2418 3761 2895 3832 παρασκευάσει,
2979 3759 3168 3817 Ἀλλὰ
3244 3760 3590 3827 πειθόμενοι
3668 3752 3748 3821 τῷ

2131 3853 2251 3925 ἐμῷ
2277 3856 2458 3923 λόγῳ,
2486 3855 2812 3922 ὠνούμενοι
2848 3851 2954 3918 τὰς
2991 3850 3218 3920 τροφὰς
3250 3847 3582 3919 κομίζεσθε,
3647 3843 3749 3904 καί

2127 3947 2283 4017 μήτε
2311 3948 2508 4002 ἄδικοι
2549 3946 2771 4014 ’δόξητε
2796 3941 2976 4008 εἶναι,
3003 3934 3173 4014 μήτέ
3201 3941 3317 4010 τὴν
3360 3943 3576 4010 φιλίαν
3628 3940 3752 3994 τῶν

2135 4039 2371 4094 Λιϐύων
2398 4040 2486 4104 εις
2512 4038 2738 4108 ἔχθραν
2767 4036 3167 4106 μεταϐάλητε,
3203 4034 3303 4088 καὶ
3341 4033 3452 4087 τὸν
3475 4033 3631 4086 Θεὸν
3656 4036 3749 4088 θε-

2127 4134 2481 4204 ραπεύσητε
2524 4135 2568 4188 ¹.
2597 4131 2926 4186 Παύσασθε
2971 4129 3095 4196 τοῖς
3143 4127 3492 4195 ἀλλοτρίοις
3525 4127 3747 4192 ἐπιπη-

445 4237 610 4292 neque
640 4221 865 4293 Lib-gum
902 4222 1150 4292 a/fectum
1176 4223 1231 4276 in
1263 4223 1481 4277 hostiles
1512 4223 1716 4278 animos
1735 4237 2028 4281 convertere

2136 4226 2377 4292 δῶν-τες,
2428 4223 2528 4278 καὶ
2561 4223 2775 4293 κέρδος
2820 4222 3240 4277 ἀποσείσασθε
3291 4218 3597 4273 κινδύνων
3637 4231 3744 4286 μοι

447 4313 527 4372 vel
555 4316 825 4386 inﬂectere
856 4314 1160 4371 videamini.
1201 4315 1364 4384 Opem
1401 4317 1579 4386 itaque
1606 4316 1704 4371 Dei
1729 4316 1873 4373 vobis
1905 4317 2028 4386 ipsis

2135 4323 2308 4376 στόν.
2343 4316 2700 4382 Ἀποστείλας
2731 4334 2795 4370 τε
2825 4315 3145 4386 Βελισάριος
3171 4314 3265 4367 ἐπὶ
3291 4312 3597 4366 Σύλλεκτον
3643 4309 3743 4380 τὴν

447 4407 808 4473 consiliaturi,
846 4407 901 4460 in
940 4407 1118 4462 aliena
1153 4407 1391 4461 involare
1428 4406 1687 4474 desistite,
1729 4417 1780 4462 et
1828 4407 2028 4464 lucrum

2138 4413 2295 4469 πόλιν
2353 4411 2621 4484 στρατὸν,
2677 4409 2884 4480 ταύτην
2934 4408 2956 4440 ³
3001 4407 3239 4478 ἀπονητὶ
3277 4404 3612 4476 παρέλαϐεν.
3647 4403 3741 4456 Ἐν

444 4511 651 4556 scatens
681 4500 1029 4572 undequaqtte
1051 4499 1301 4570 periculis
1348 4499 1585 4555 lubentes
1615 4510 1867 4558 amovete.
1893 4500 2028 4558 Tum

2139 4505 2294 4560 νυκτὶ
2319 4503 2429 4575 γὰρ
2456 4502 2593 4575 πρὸς
2621 4502 2793 4572 αὐτὴν
2817 4499 3142 4571 ἀφικόμενοι
3162 4499 3260 4553 σὺν
3289 4500 3414 4560 ταῖς
3435 4495 3739 4555 ἐίσιούσαις

444 4590 751 4648 Belisarius
805 4593 875 4648 ad
929 4591 1228 4663 Syllectum
1299 4592 1489 4648 urbem
1556 4594 1802 4649 exercitu
1862 4594 2028 4650 misso

2138 4598 2380 4670 ἁμάξαις
2420 4597 2532 4651 τῶν
2584 4595 2860 4667 ἀγροίκων
2912 4593 3272 4657 εἰσελθόντες,
3319 4589 3518 4660 ταύτην
3544 4586 3724 4654 ἔσχον.

447 4698 570 4740 eam
596 4685 750 4740 nullo
784 4684 972 4740 labore
1003 4686 1367 4757 comparavit.
1403 4685 1518 4742 Sub
1552 4695 1772 4743 noctem
1798 4689 1944 4744 enim
1966 4687 2028 4744 ad

2133 4689 2248 4746 Καὶ
2277 4689 2467 4759 ἐπειδὴ
2505 4688 2693 4760 ἡμέρα
2725 4688 2966 4757 ἐγένετο,
3015 4685 3110 4739 τόν
3162 4701 3221 4739 τε
3275 4681 3424 4756 lepis
3470 4677 3560 4732 καὶ
3591 4674 3725 4735 τοὺς

447 4789 570 4831 eam
606 4774 862 4844 profecti,
893 4776 1306 4832 rusticanorum
1346 4777 1608 4833 curribus
1663 4777 1719 4833 in
1770 4794 1892 4834 eam
1948 4781 2028 4834 in-

2135 4779 2312 4853 ταύτῃ
2341 4779 2597 4851 πρώτους
2627 4778 2907 4842 λαϐόντες,
2932 4776 3072 4849 πρὸς
3101 4775 3197 4831 τὸν
3231 4768 3528 4845 στρατηγὸν
3549 4765 3721 4836 επεμ-

449 4866 832 4937 gredientibus
883 4867 1127 4934 admisti,
1186 4879 1626 4941 occupaverunt.
1677 4869 2028 4927 llluceseente

2135 4873 2267 4943 ψαν.
2302 4872 2382 4944 Τῇ
2417 4870 2475 4924 δὲ
2502 4871 2638 4942 αὐτῇ
2671 4870 2858 4940 ἡμέρᾳ
2887 4869 2979 4923 καὶ
3008 4871 3036 4922 ὁ
3084 4867 3179 4922 τοῦ
3218 4865 3481 4937 δημοσίου
3523 4859 3736 4930 δρόμου

449 4958 570 5015 sole
597 4957 942 5015 sacerdotem
975 4966 1029 5014 et
1057 4969 1288 5016 caeteros
1333 4961 1576 5017 civitatis
1608 4961 1878 5031 primores
1923 4979 2028 5033 cap

2139 4963 2593 5034 ἐπιμελούμενος,
2638 4960 3016 5033 ηὐτομόλησεν
3068 4958 3350 5030 παραδοὺς
3393 4958 3515 5020 τοὺς
3563 4953 3734 5037 δημου

450 5058 537 5107 tos
566 5051 633 5107 ad
671 5049 996 5123 praefectum
1033 5051 1324 5108 miserunt.
1362 5051 1566 5110 Eodem
1598 5055 1688 5108 die
1717 5053 1810 5123 qui
1841 5069 2028 5112 cursus

2142 5060 2291 5121 σίους
2326 5057 2548 5119 ἵππους.
2587 5053 2904 5126 Συνελήφθη
2957 5053 3016 5110 δὲ
3058 5053 3156 5108 καὶ
3200 5054 3229 5108 ὁ
3283 5051 3385 5116 τὰς
3443 5043 3746 5120 βασιλικὰς

1729 5213 1954 5270 VARl/E
1988 5216 2399 5274 LECTIONES.

503 5320 555 5406 οξ
587 5322 859 5406 Καύκανα
881 5327 946 5406 Αἶ
1007 5326 1052 5360 ³³
1084 5327 1422 5406 ἀφικομένου
1461 5329 1527 5406 Α,
1561 5332 1898 5406 ἀφικόμενος
1925 5336 2072 5406 vulg.

453 5391 608 5470 vulg.
684 5394 732 5426 "
756 5397 856 5465 τῆς
888 5397 1107 5470 τάφρου
1127 5391 1192 5464 Ᾱ,
1222 5391 1314 5452 τοῦ
1342 5417 1392 5452 τ.
1429 5402 1574 5470 vulg.

455 5476 542 5514 σαι
581 5467 646 5530 Α,
676 5471 987 5537 συμμαχεῖν
1025 5469 1169 5540 vulg.

2131 5336 2178 5370 “
2212 5335 2376 5409 ἀκτῇ]
2400 5337 2532 5408 ὀκτῇ
2560 5336 2706 5409 vulg.
2757 5336 2803 5368 ⁸⁵
2831 5327 3758 5409 προσώρμισεν-Ᾱ,προσὼρμηοξν

1656 5403 1850 5476 "fab;
1877 5403 2197 5476 ἀλλοτρίους
2221 5411 2286 5462 Α.
2395 5409 2439 5438 ’⁸
2462 5403 2678 5460 ἐκείνου
2708 5409 2774 5460 Λ.
2851 5403 2896 5438 ⁹ῖ⁸
2939 5403 3181 5476 ἀκρασία
3215 5405 3278 5457 Α.
3379 5406 3397 5434 ³
3431 5403 3757 5469 συμμαχῆ-

1258 5472 1278 5501 ²
1310 5470 1712 5546 θεραπεύσητε]
1749 5470 2106 5547 ἀναπαύσητε
2137 5470 2190 5533 Ᾰ
2213 5478 2250 5532 l'.
2328 5479 2350 5510 ³
2381 5478 2559 5550 ταύτῃ
2587 5479 2653 5545 A,
2683 5476 2889 5548 ταύτης
2915 5470 3063 5548 vulg.

1727 5589 1872 5648 JAC.
1895 5591 2105 5650 GOARI
2138 5594 2366 5653 NOTAE.

529 5699 642 5767 (ΞΒ)
679 5700 1014 5757 Cauconem.

528 5770 642 5849 (29)
678 5770 913 5849 Procop.
945 5789 960 5826 :
986 5772 1108 5849 _’Ev_
1134 5771 1379 5849 Ἑρμίονι
1413 5775 1512 5849 τὴν
1554 5775 1840 5849 διατριϐὴν
1872 5773 2040 5849 εἶχεν,

457 5839 494 5912 ἦ
523 5837 671 5918 ἔστιν
710 5844 767 5918 εν
791 5837 1310 5918 Βυζακίιρηὴμεριῖζν
1345 5837 1628 5918 τεσσάρων
1663 5837 1769 5918 ᾇδῷ
1795 5837 1896 5916 τῆς
1924 5837 2042 5918 ἧῖόαῖ

461 5910 549 5973 νος
578 5910 934 5983 διαφέρουσα·
971 5910 1213 5967 ϐειίηιεν’
1229 5910 1752 5974 Ηενηιὶοηεήιονὰηί
1770 5910 2032 5987 trahebat,

2147 5726 2264 5781 qua:
2315 5718 2395 5765 cst
2449 5711 2566 5781 agri
2631 5709 2917 5781 Byzaceni,
2949 5717 3183 5781 quatuor
3225 5705 3433 5781 dierum
3483 5703 3691 5760 itinere
3723 5721 3758 5759 a

2150 5775 2293 5836 inari
2325 5775 2570 5852 distans;
2597 5775 2851 5852 ad'quod
2879 5775 3306 5850 eratCartbago.
3332 5775 3648 5834 Gemens.

2223 5852 2336 5925 (50)
2364 5849 2540 5924 Caput
2570 5849 2738 5910 Vada.
