4088 6442
287 366 397 435 ιπ

1568 375 2145 440 CHRONOGRAPH
2156 380 2244 444 [Α.

3471 388 3575 454 438

282 480 611 554 ἀποκρίσεις
639 479 810 535 ποιῶν
832 478 1136 552 βεριδάριος
1168 482 1304 555 (51).
1340 484 1656 559 Βελισάριος
1689 490 1746 543 δὲ
1765 490 1880 545 δια-

1997 494 2191 563 publici
2222 495 2452 550 curandi
2487 496 2796 551 sustinebat
2818 496 3180 566 provinciam,
3209 497 3367 568 equis
3398 499 3581 569 publi-

285 573 573 643 κοσμήσας
603 571 664 625 τὸ
710 571 1026 643 στράτευμα
1080 575 1174 628 ἐπὶ
1224 578 1550 649 Καρχηδόνα
1605 580 1877 647 ἐϐάδιζεν.

296 666 528 736 Ἰωάννῃ
560 665 615 717 δὲ
636 663 714 735 τῷ
734 666 1009 738 Ἀρμενίῳ
1042 670 1389 739 τριακοσίους
1428 673 1747 739 ἐπιλέκτους
1774 694 1881 729 πα-

285 758 481 830 ραδοὺς
511 758 887 830 παρήγγειλεν
921 761 1355 829 παρακολουθεῖν
1404 782 1463 818 τε
1496 766 1601 830 ἀεὶ,
1654 768 1750 821 καὶ
1784 768 1878 823 τοῦ

283 850 702 922 στρατεύματος
734 852 811 924 μὴ
836 853 970 907 πολὺ
989 855 1296 912 διίστασθαι
1319 859 1361 913 ⁸.
1382 859 1477 923 Είς
1501 860 1557 913 δὲ
1582 860 1881 916 Σύλλεκτον

277 942 380 1012 τὴν
415 941 571 995 πόλιν
608 942 944 1014 ἀφικόμενος
988 945 1033 1011 ⁸,
1068 947 1369 1021 ἀγαθότητι
1413 951 1511 1005 καὶ⁹
1545 952 1880 1025 γλυκολογίᾳ

275 1032 505 1097 τούτους
534 1034 894 1106 ἀνεκτήσατο,
950 1036 1092 1091 ὥστε
1120 1038 1248 1102 τοὺς
1274 1039 1498 1103 λοιποὺς
1527 1042 1778 1115 καθάπερ
1823 1046 1883 1097 ὲν

276 1125 437 1197 χώρᾳ
466 1127 646 1198 οίκείᾳ
675 1127 696 1160 ⁸
727 1128 826 1198 τὴν
857 1129 1089 1198 πορείαν
1131 1131 1467 1202 ποιήσασθαι
1498 1135 1541 1198 ⁷,
1580 1133 1704 1189 οὔτε
1747 1136 1881 1190 ὑπο-

278 1222 625 1293 χωρούντων,
680 1221 805 1276 οὖτε
867 1224 1284 1295 κρυπτομένων,
1339 1226 1476 1282 ἀλλά
1529 1229 1624 1283 καὶ
1673 1230 1881 1300 ἀγορὰν

281 1314 698 1384 παρεχομένων,
726 1316 823 1369 καὶ
857 1315 927 1369 τὰ
959 1314 1095 1369 ἄλλα
1130 1318 1244 1379 τοῖς
1276 1319 1640 1388 στρατιώταις
1675 1323 1883 1392 ὑπηρε-

278 1405 539 1460 τούντων.
569 1406 935 1476 ὐγδοήκοντα
970 1409 1029 1462 δὲ
1056 1410 1309 1477 σταδίους
1354 1412 1613 1477 ἀνύοντες
1663 1415 1881 1487 ἡμέραν

287 1498 524 1569 ἑκάστην
554 1499 576 1532 ⁸
608 1498 740 1570 ἄχρι
794 1501 1146 1572 Καρχηδόνος
1179 1503 1508 1559 διετέλεσαν.
1559 1505 1750 1570 Οὕτως
1779 1509 1800 1540 °
1827 1508 1883 1562 δὲ

284 1592 369 1647 διὰ
413 1592 513 1664 τῆς
552 1592 773 1662 Λεπτῆς
827 1594 1039 1658 πόλεως
1088 1594 1575 1667 καὶἈδραμούτου
1608 1600 1689 1663 είς
1732 1599 1883 1671 Χράο

281 1702 366 1740 σιν
395 1686 510 1759 (52)
565 1685 627 1740 τὸ
660 1686 863 1757 χωρίον
890 1686 1174 1756 ἀφίκοντο,
1228 1689 1375 1743 ὀκτὼ
1404 1692 1499 1745 καὶ
1530 1693 1882 1763 τριακοσίους

278 1776 531 1840 σταδίους
561 1776 914 1848 Καρχηδόνος
944 1778 1170 1848 ἀπέχον,
1209 1778 1338 1833 ἔνθα
1359 1775 1429 1851 ἦν
1450 1780 1546 1835 καὶ
1570 1781 1879 1853 βασίλεια¹⁰

274 1868 388 1922 τῶν
404 1844 729 1939 omanis;
750 1844 793 1901 λι
830 1870 925 1924 καὶ
957 1844 1279 1942 παράδεισοι
1311 1844 1589 1929 κάλλιστοι
1618 1876 1710 1929 καὶ
1738 1876 1880 1948 κρῆ·
1910 1844 1958 1904 Β

277 1980 371 2017 ναι
404 1963 772 2018 διειδέσταται
811 1966 855 1998 ι’
886 1965 982 2020 καὶ
1016 1966 1251 2039 ὀπωρῶν
1275 1968 1636 2023 παντοδαπῶν
1674 1968 1884 2042 πλῆθος

276 2055 511 2127 ἄπειρον
538 2072 554 2088 ο
593 2055 739 2111 ὥστε
768 2058 879 2113 τῶν
928 2060 1284 2130 στρατιωτῶν
1319 2060 1553 2126 ἕκαστος
1578 2062 1679 2135 τὴν
1708 2063 1880 2118 καλύ-

278 2146 383 2214 6ην
409 2147 470 2199 ἐν
498 2146 740 2217 δένδροις
762 2148 1069 2221 ὀπωρίμοις
1102 2150 1146 2183 ⁸³
1181 2151 1447 2223 ἐπήξατο,
1484 2154 1578 2208 καὶ
1613 2155 1724 2210 τῶν
1754 2174 1884 2230 καρ⁹

280 2238 403 2291 πῶν
432 2239 655 2310 ὡραίων
685 2240 857 2295 ὄντων
886 2242 985 2296 καὶ
1030 2242 1253 2298 πάντων
1274 2245 1659 2302 ἀπολαϐόντων
1701 2248 1767 2315 ιδ,
1800 2249 1885 2304 αἵ-

236 2324 243 2331 ’
282 2332 478 2403 σθησις
506 2332 569 2386 οὐ
620 2332 813 2401 γέγονε
864 2333 1268 2409 ἐλαττουμένης
1313 2339 1539 2411 ταύτης.
1587 2340 1648 2395 Ὃ
1682 2341 1740 2396 δὲ
1783 2342 1886 2396 Γε-

279 2421 446 2497 λίμερ
469 2424 715 2489 ἀκούσας
735 2428 994 2500 παρεῖναι
1021 2429 1152 2494 τοὺς
1194 2428 1524 2503 Ῥωμαίους,
1557 2434 1760 2505 γράφει
1805 2436 1886 2502 είς

282 2515 619 2589 Καρχηδόνα
639 2518 777 2588 πρὸς
800 2517 892 2571 τὸν
918 2519 1146 2590 ἀδελφὸν
1176 2520 1421 2593 ’Δματᾶν
1436 2524 1575 2597 (55),
1602 2526 1889 2600 Ἰλδέριχον

286 2606 388 2677 μὲν
426 2609 523 2662 καὶ
551 2607 750 2672 ἄπλους
802 2610 966 2676 ὅσους
1021 2613 1104 2677 εἰς
1138 2613 1389 2687 φυλακὴν
1438 2616 1552 2688 ἔχει
1604 2622 1890 2687 συγγενεῖς

286 2697 456 2753 αὐτοῦ
489 2699 833 2768 ἀποκτεῖναι,
867 2702 1035 2759 αὑτὸν
1068 2704 1127 2758 δὲ
1158 2706 1257 2759 καὶ⁵
1285 2708 1413 2772 τοὺς
1446 2708 1491 2745 ⁸³
1523 2709 1886 2783 υὺανδήλους,

286 2792 383 2847 καὶ
408 2793 467 2847 εί
491 2810 544 2846 τι
570 2794 698 2848 ἄλλο
723 2794 964 2867 μάχιμον
985 2800 1044 2851 ὲν
1071 2801 1137 2870 τῇ
1158 2799 1311 2853 πόλει
1337 2795 1425 2871 ἦν,
1449 2800 1734 2867 ἐξοπλίσαι
1755 2805 1892 2875 πρὸς

287 2889 555 2960 πόλεμον.
620 2891 679 2946 '0
739 2891 796 2945 δὲ
849 2894 1099 2964 Ἀματᾶς
1126 2894 1198 2949 τὰ
1251 2896 1294 2927 ³⁸
1336 2894 1700 2954 κελευσθέντα
1742 2898 1894 2970 αὐτῷ

287 2980 571 3052 ἐποίησεν.
610 2983 930 3055 Βελισάριος
960 2985 1019 3039 δὲ
1064 2985 1347 3058 Ἀρχελάῳ
1392 2986 1473 3059 τῷ
1518 2989 1752 3063 ὑπάρχῳ
1799 2992 1896 3047 καὶ

288 3072 620 3146 Καλωνύμῳ
648 3075 727 3146 τῷ
786 3076 1043 3148 ναυάρχῳ
1097 3078 1375 3134 ἐπέστειλε
1407 3081 1453 3114 ⁸*
1479 3081 1776 3154 πλησιάσαι
1825 3086 1894 3156 τῇ

1985 589 2067 644 eis
2090 589 2311 645 traditis
2333 589 2387 644 in
2423 596 2608 661 partes
2631 587 2912 646 Romanas
2942 592 3186 657 transiit,
3218 599 3273 647 et
3302 591 3393 664 qui
3431 594 3578 664 regia

1986 695 2257 751 responsa
2314 681 2529 737 ferebat
2592 682 2937 746 veredarius,
2987 691 3101 737 tum
3156 684 3322 738 etiam
3387 694 3582 755 captus

1987 782 2092 827 est.
2130 772 2286 830 Tunc
2316 774 2637 841 Belisarius,
2663 776 2837 846 copiis
2887 776 2941 831 in
2991 776 3241 831 ordinem
3273 775 3579 847 dispositis,

1988 864 2377 937 Carthaginem
2431 883 2627 923 versus
2668 869 2776 923 iter
2827 868 3051 924 direxit.
3085 866 3283 923 Joanni
3313 884 3445 925 vero
3474 869 3581 923 Ar-

1990 958 2175 1013 menio
2228 967 2505 1016 trecentos
2554 961 2886 1018 lectissimos
2918 961 3067 1017 viros
3102 962 3258 1033 163
3297 946 3581 1017 commen-

1990 1051 2151 1118 dans,
2183 1068 2325 1123 pone
2372 1054 2553 1124 sequi,
2584 1068 2687 1109 nec
2719 1069 2747 1108 a
2788 1070 2847 1110 se
2878 1054 3171 1118 divertere,
3206 1063 3301 1109 aut
3329 1055 3399 1110 ab
3425 1069 3583 1111 exer-

1988 1147 2099 1201 citu
2170 1146 2390 1218 longius
2465 1146 2751 1203 discedere
2814 1148 3106 1218 praecepit:
3172 1147 3583 1221 Syllectumque

1991 1242 2186 1297 urbem
2224 1240 2527 1312 profectus,
2584 1242 2774 1296 innata
2820 1241 2927 1297 sibi
2973 1241 3201 1297 lenitate
3251 1249 3306 1297 et
3338 1241 3582 1297 suavilo-

1988 1332 2219 1404 quentia
2267 1331 2473 1386 civium
2530 1331 2744 1386 animos
2808 1338 2863 1387 et
2918 1332 3153 1385 aliorum
3210 1330 3417 1402 pariter
3476 1329 3581 1385 sibi

1992 1425 2262 1489 devinxit,
2297 1432 2357 1479 ut
2387 1424 2441 1478 in
2474 1424 2677 1479 castris
2708 1422 2857 1478 velut
2882 1423 2936 1477 in
2971 1422 3193 1493 propria
3225 1422 3448 1492 regione
3476 1422 3584 1479 iter

1989 1519 2283 1587 haberent,
2313 1534 2493 1589 neque
2540 1533 2573 1571 a
2622 1517 2895 1572 militibus
2960 1531 3021 1572 se
3072 1515 3461 1571 subducendos
3490 1525 3583 1570 aut

1989 1612 2356 1667 occultandos
2383 1616 2667 1681 putarent,
2698 1610 2835 1680 quin
2886 1608 2996 1664 imo
3028 1617 3406 1663 commeatum
3440 1622 3583 1677 prte-

1985 1702 2199 1769 berent,
2229 1709 2542 1772 caeteraque
2597 1701 2782 1755 omnia
2837 1699 2962 1753 vitae
3014 1698 3328 1755 necessaria
3372 1695 3585 1752 submi-

1985 1796 2315 1851 nistrarent.
2340 1793 2530 1850 Stadia
2563 1808 2693 1849 vero
2718 1792 2995 1862 octoginta
3025 1806 3118 1861 per
3150 1790 3399 1861 singulos
3428 1789 3547 1845 dies
3566 1832 3583 1857 ,

1991 1890 2177 1961 quoad
2227 1888 2620 1959 Carthaginem
2658 1886 3036 1958 pervenerint,
3073 1885 3472 1941 conﬁciebant:
3503 1890 3586 1938 at.

1990 1999 2099 2055 que
2124 1984 2199 2039 ita
2230 1982 2450 2038 demum
2480 1995 2579 2052 per
2607 1979 2832 2051 Leptem
2865 1987 2921 2035 et
2943 1978 3306 2034 Adramutum
3332 1976 3587 2033 civitates

1990 2074 2059 2129 ad
2092 2072 2349 2129 Chrasim
2381 2087 2581 2144 pagum
2622 2079 2928 2127 tercentum
2966 2079 3020 2125 et
3062 2078 3187 2125 octo
3219 2068 3413 2124 stadiis
3450 2066 3589 2123 Car:-

1992 2167 2219 2239 tbagine
2272 2166 2531 2223 dissitum
2589 2171 2973 2221 accesserunt.
3030 2162 3149 2218 illic
3206 2159 3585 2216 Vandalorum

1990 2262 2143 2333 regia
2194 2267 2315 2315 erat
2373 2255 3051 2329 ltortique‘pulcherrimi
3113 2262 3167 2310 et
3211 2248 3588 2323 limpidissiml

1991 2355 2173 2411 fontes
2200 2361 2254 2409 ct
2284 2350 2569 2407 fructuum
2608 2349 2791 2406 omnis
2838 2347 3059 2420 generis
3089 2346 3355 2402 immensa
3384 2342 3544 2414 copia
3573 2359 3588 2398 :

1992 2446 2131 2502 adeo
2162 2452 2221 2499 ut
2242 2444 2631 2514 unusquisque
2657 2441 2895 2496 militum
2924 2438 3172 2496 casulam
3197 2437 3345 2492 inter
3360 2435 3592 2491 arbores

1991 2537 2312 2594 fructiferas
2367 2535 2584 2599 ﬁxerit;
2618 2548 2853 2603 cumque
2914 2530 3191 2586 fructuum
3251 2527 3462 2598 species
3522 2522 3593 2581 ad

1992 2628 2365 2700 colligendum
2401 2628 2681 2692 invitaret,
2709 2631 2765 2680 et
2788 2638 2923 2679 usus
2952 2625 3006 2679 in
3034 2636 3227 2677 omnes
3257 2618 3592 2684 communis,

1993 2724 2209 2779 nullum
2237 2720 2633 2779 detrimentum
2668 2724 2885 2790 poterat
2918 2716 3114 2774 oculus
3148 2714 3450 2770 advertere.
3482 2707 3603 2765 Ubi-

1995 2816 2239 2874 Celimer
2276 2813 2563 2871 Romanos
2599 2810 2870 2868 accedere
2920 2807 3170 2876 rescivit,
3200 2803 3605 2876 Carthaginem.

1996 2911 2064 2967 ad
2121 2909 2376 2965 Amatam
2437 2906 2666 2962 fratrem
2730 2902 2976 2974 scripsit,
3031 2910 3092 2958 ut
3150 2898 3482 2956 llderichum
3540 2900 3603 2952 et

1996 3010 2273 3075 quotquot
2321 3000 2460 3056 alios
2509 2998 2613 3056 sub
2654 2996 2909 3054 custodia
2959 2995 3210 3051 detentos
3240 2990 3366 3062 ejus
3405 2987 3594 3044 amnes

1997 3096 2123 3152 neci
2180 3093 2445 3158 traderet,
2496 3087 2779 3146 Vandalos
2819 3094 3027 3152 autem,
3063 3094 3117 3141 et
3166 3084 3213 3140 si
3260 3095 3401 3153 quos
3453 3079 3597 3134 alios

288 3167 632 3238 Καρχηδόνι,
669 3170 765 3224 καὶ
810 3170 885 3243 μὴ
910 3172 1185 3228 είσὸαλείν
1216 3175 1353 3247 πρὸς
1394 3177 1589 3249 αὐτὴν,
1638 3178 1799 3250 ἄχρις
1828 3178 1892 3233 ἂν

2000 3186 2212 3244 militiae
2266 3184 2494 3242 idoneos
2542 3182 2770 3237 haberet
2831 3179 2988 3242 urbs,
3036 3175 3208 3232 armis
3258 3172 3329 3229 ad
3389 3170 3596 3269 bellum

288 3260 495 3324 αὐτοὺς
540 3260 584 3293 ⁸⁸
630 3261 887 3337 κελεύσῃ.
941 3263 1118 3329 Αὐτὸς
1158 3265 1218 3319 δὲ
1264 3268 1345 3331 είς
1384 3268 1620 3341 Δέκιμον
1663 3269 1892 3339 ἀφίκετο

2000 3280 2340 3337 instrueret:
2383 3290 2507 3346 quae
2558 3274 2805 3338 Amatas,
2834 3276 3001 3341 prout
3034 3274 3195 3324 erant
3241 3264 3423 3335 jussa,
3465 3259 3600 3316 tide-

290 3353 575 3424 ἀπέχοντα
619 3357 973 3427 Καρχηδόνος
1017 3358 1268 3424 σταδίους
1317 3360 1716 3433 ἐόδομήκοντα.
1747 3363 1807 3418 Ὀ
1836 3364 1896 3418 δὲ

288 3447 535 3520 Γελίμερ
562 3448 654 3502 τὸν
675 3449 894 3519 ἀνεψιὸν
915 3450 1296 3522 Κιὸαμοῢνδον
1318 3453 1607 3509 ἐκέλευσεν
1634 3456 1753 3527 ἅμα
1782 3457 1896 3510 δισ-

288 3542 489 3611 χιλίων
522 3542 666 3596 κατά
688 3542 753 3595 τὸ
780 3541 1064 3615 εὐώνυμον
1103 3546 1271 3617 μέρος
1326 3546 1486 3611 ίέναι,
1538 3547 1687 3611 ὅπως
1721 3547 1897 3620 Ἀμα-

288 3637 397 3701 τᾶς
429 3635 531 3707 μὲν
557 3638 621 3691 ὲκ
648 3638 1018 3710 Καρχηδόνος,
1067 3640 1306 3713 Γελίμερ
1334 3641 1395 3695 δὲ
1428 3644 1676 3710 ὄπισθεν,
1722 3645 1897 3701 Κιδα-

293 3729 527 3798 μοῦνδος
554 3729 611 3783 δὲ
626 3731 691 3783 ὲκ
714 3730 825 3786 τῶν
847 3732 1158 3811 ἀριστερῶν
1186 3733 1230 3766 ¹⁹
1251 3735 1470 3805 χωρίων
1497 3736 1579 3800 είς
1607 3737 1774 3791 ταυτὸ
1794 3738 1896 3809 τὴν

291 3828 578 3883 κύκλωσιν
606 3828 717 3885 τῶν
744 3828 1021 3901 πολεμίων
1052 3832 1373 3903 ποιήσαιντο
1402 3832 1471 3887 ὀ.
1495 3832 1810 3905 Βελισάριος
1840 3832 1899 3887 δὲ

288 3922 393 3977 τὸν
428 3921 529 3993 μὲν
559 3922 841 3993 Ἰωάννην,
864 3922 941 3987 ὼς
971 3925 1243 3995 προέφην,
1286 3926 1554 3996 προάγειν
1584 3927 1898 3994 ἐκέλευσεν,

292 4012 672 4081 Μασσαγέτας
729 4011 786 4067 δὲ
839 4014 897 4069 ἐν
949 4013 1222 4087 ἀριστερᾷ
1257 4015 1360 4085 τῆς
1409 4018 1674 4088 στρατιᾶς
1738 4017 1896 4071 levat.

309 4105 563 4177 ’Δματᾶς
585 4104 645 4158 δὲ
675 4103 776 4158 οὐκ
795 4106 855 4158 ὲν
871 4104 1045 4159 δέοντι
1070 4105 1301 4174 ἀφίκετο
1330 4106 1531 4179 χρόνῳ,
1563 4106 1702 4161 ἀλλά
1726 4108 1819 4161 καὶ
1840 4106 1902 4161 τὸ

299 4196 516 4267 πλῆθος
544 4196 652 4250 τῶν
688 4194 1014 4268 Οὺανδήλων
1045 4198 1105 4251 ὲν
1131 4199 1446 4269 Καρχηδόνι
1486 4199 1772 4266 ἀπέλιπεν,
1810 4201 1904 4254 καὶ

299 4288 380 4350 ὡς
406 4288 643 4358 τάχιστα
668 4289 750 4352 είς
784 4288 846 4342 τὸ
870 4289 1110 4361 Δέκιμον
1136 4290 1368 4359 ἀφίκετο
1407 4292 1504 4344 σὺν
1532 4291 1758 4359 ὀλίγοις,
1808 4292 1904 4345 καὶ

300 4385 417 4438 οὐδ’
454 4383 653 4448 αὐτοὺς
695 4384 1153 4456 συνειλεγμένους
1202 4388 1269 4441 ¹¹.
1335 4387 1689 4459 Συναντήσας
1731 4387 1791 4441 δὲ
1828 4387 1906 4458 τῷ

318 4479 551 4549 Ἰωάννῃ
581 4479 663 4541 είς
706 4480 894 4549 χεῖρας
925 4474 1111 4551 ἦλθεν,
1150 4480 1245 4533 καὶ
1278 4480 1554 4535 κτείνεται
1588 4482 1693 4534 ὑπὸ
1720 4481 1906 4535 Ἰωάνυ

300 4588 429 4635 νου,
464 4571 563 4624 καὶ
588 4571 886 4640 τρέπονται
912 4572 963 4625 οι
992 4572 1088 4625 σὺν
1115 4571 1267 4645 αὐτῷ
1305 4572 1601 4641 φεύγοντες
1624 4573 1903 4645 ἀκρατῶς,

305 4664 407 4718 καὶ
434 4661 728 4716 ἀνεσόσουν
758 4661 971 4726 πάντας
1008 4663 1134 4726 τοὺς
1165 4666 1235 4718 ἐκ
1258 4664 1610 4735 Καρχηδόνος
1640 4666 1685 4697 ³³
1707 4667 1788 4730 εἰς
1817 4664 1909 4719 Δέ-

308 4769 483 4823 κιμον
543 4752 742 4816 ίόντας,
790 4751 1028 4823 οἰόμενοι
1056 4755 1186 4818 τοὺς
1210 4754 1509 4819 διώκοντας
1557 4754 1910 4826 παμπληθεῖς

2001 3374 2133 3431 liter
2167 3378 2465 3429 exsecutus
2499 3375 2606 3425 est.
2635 3365 2776 3421 Tum
2822 3362 3121 3419 Belisarius
3156 3357 3427 3414 Archelao
3457 3367 3599 3426 prae-

2004 3466 2151 3524 fecto
2215 3473 2272 3522 et
2338 3462 2642 3533 Calonymo
2698 3455 2980 3513 navarcho
3050 3451 3356 3516 mandavit,
3411 3455 3475 3503 ut
3529 3444 3599 3501 ad

2002 3556 2399 3629 Carthaginem
2474 3551 2704 3622 prapius
2770 3548 3006 3604 classem
3057 3544 3435 3606 admoverent,
3494 3549 3599 3592 nec

2006 3659 2189 3706 tamen
2250 3644 2679 3717 impressionem
2746 3639 2803 3695 in
2852 3636 3046 3693 urbem
3104 3633 3371 3698 facerent,
3418 3629 3599 3688 donec

2006 3744 2125 3816 ipse
2164 3740 2416 3812 juberet:
2460 3738 2578 3807 ipse
2623 3746 2755 3788 vero
2805 3729 3089 3785 Decimum
3135 3723 3331 3784 stadiis
3371 3735 3600 3797 septua-

2008 3839 2155 3909 ginta
2213 3832 2549 3903 Carthagine
2598 3826 2813 3883 distans
2855 3820 3109 3879 secessit.
3143 3816 3385 3877 Gelimer
3420 3826 3602 3872 autem

2005 3926 2411 3986 Cibamundum
2479 3927 2733 3991 nepotem
2812 3929 2938 3971 eum
3000 3913 3246 3970 millibus
3317 3913 3600 3967 hominum

2008 4021 2227 4079 duobus
2260 4018 2486 4074 sinistra
2510 4015 2615 4069 iter
2667 4011 2874 4068 habere
2913 4008 3103 4082 jussit,
3144 4015 3204 4063 ut
3238 4006 3433 4062 Amata
3460 4006 3600 4060 Car-

2010 4113 2291 4184 thaginem
2315 4122 2512 4166 versus
2544 4114 2692 4162 recta
2731 4104 3010 4167 tendente,
3048 4100 3168 4171 ipse
3200 4113 3347 4169 pone
3396 4113 3595 4168 seque-

2010 4212 2184 4267 retur,
2232 4209 2441 4257 etcum
2484 4194 2849 4258 Cibamundo,
2884 4208 2947 4248 ex
2986 4192 3123 4247 locis
3153 4191 3219 4245 ad
3265 4191 3451 4245 laevam
3496 4202 3597 4259 po-

2012 4296 2138 4353 sitis
2188 4292 2552 4356 adveniente,
2593 4303 2692 4360 per
2736 4288 2946 4342 circum
2995 4282 3249 4339 hostilem
3294 4279 3597 4338 exercitum

2020 4385 2324 4451 obsideret,
2359 4398 2522 4455 quem
2574 4394 2684 4436 una
2725 4378 2888 4435 simul
2942 4391 3135 4433 omnes
3181 4372 3597 4429 concluderent.

2012 4479 2285 4537 Caeterum
2335 4472 2658 4536 Belisarius,
2691 4479 2752 4526 ut
2797 4468 3060 4540 praemisi,
3098 4467 3364 4524 Joannem
3398 4482 3601 4539 praece-

2013 4572 2143 4628 dere
2169 4565 2478 4638 imperavit,
2509 4571 2566 4619 et
2615 4560 2955 4631 Massagetas
3014 4558 3151 4613 aciei
3191 4557 3473 4613 sinistram
3518 4564 3599 4613 te-

2014 4673 2168 4715 nere.
2223 4656 2450 4710 Amatas
2498 4661 2683 4707 autem
2714 4658 3028 4721 opportuno
3072 4657 3319 4719 tempore
3362 4664 3470 4702 non
3519 4656 3601 4702 est

2016 4761 2367 4822 progressus,
2398 4758 2591 4800 verum
2636 4741 2816 4812 copiis
2847 4738 3225 4794 Yandalorum
3267 4738 3605 4809 Carthagine

309 4845 476 4902 εἶναι.
506 4847 761 4914 Ἰωάννης
786 4844 847 4899 δὲ
881 4847 975 4900 καὶ
1003 4847 1053 4899 oi
1085 4847 1356 4902 cbwabnb
1394 4847 1513 4921 [οὓς
1557 4848 1627 4921 η]
1677 4848 1892 4917 ἔσφαζοπ

2018 4842 2252 4903 relictis,
2282 4837 2477 4909 paucis
2507 4836 2826 4900 comitatus,
2860 4833 2955 4889 sed
2990 4846 3169 4903 neque
3204 4829 3346 4887 bene
3373 4830 3603 4901 junctis,

1602 4964 1839 5020 YARUE
1891 4957 2301 5018 LECTIONES.

404 5106 430 5138 ⁸
455 5103 730 5159 διεστάναι
757 5102 824 5156 Α,
906 5104 934 5137 ⁸
968 5100 1300 5170 ἀφικόμενος
1329 5101 1392 5160 Α.
1421 5099 1822 5172 ἀφικνούμενος
1866 5102 2015 5173 vulg.
2085 5101 2108 5134 °
2132 5098 2311 5169 οἰκείᾳ
2342 5097 2408 5159 Α.
2443 5094 2552 5164 ἰδία
2583 5094 2734 5163 vulg.

404 5194 435 5230 ν
466 5175 613 5241 vulg.
686 5174 707 5205 ⁸
737 5173 867 5243 καθ’,
893 5174 1141 5243 ἑκάστην
1163 5172 1231 5225 Α.
1333 5169 1553 5243 fabra);
1569 5170 1634 5234 A,
1664 5172 1821 5243 αὐτοὶ
1874 5175 2053 5243 vulg,
2099 5170 2145 5243 “_
2172 5170 2274 5243 ,καὶ
2308 5167 2559 5243 βασίλεια
2594 5166 2672 5243 A_,_
2715 5183 2734 5243 ξ

316 5194 435 5232 των
466 5175 613 5241 vulg.
686 5174 707 5205 ⁸
737 5173 859 5227 καθ’
893 5174 1136 5239 ἑκάστην
1163 5172 1231 5225 Α.

2820 5092 2841 5126 τ
2867 5089 3201 5162 ποιήσασθαι
3230 5089 3275 5162 Α
3304 5104 3355 5151 e,
3382 5088 3602 5162 ποιούν-

2099 5170 2145 5203 ¹⁰
2178 5158 2559 5240 καὶ’βασίλεια
2594 5158 2812 5240 Δίζεαι
2835 5158 3323 5240 ’ἔγ-βασιλείαγιιιε.
3490 5158 3603 5240 τῶν

322 5228 655 5314 ὸύάνδῆλων
694 5244 760 5307 Α,
786 5242 882 5314 τοῦ
911 5228 1407 5314 Οὑανδῆλουλνυις.
1479 5228 2008 5314 11’νδιείδέσταειῐαιγᾸΪ,
2037 5228 2579 5314 διηδέσταξοι-νιιιδ..
2630 5236 2673 5267 ³³
2705 5228 3033 5314 ὀπωρίμοις]
3055 5228 3491 5314 ,ὀπώροιςροιΙ-ιιι.
3545 5239 3603 5314 et

326 5317 453 5371 edd.

329 5390 368 5440 Α

426 5426 853 5581 ωιὲἓὶξτῖλῖ
877 5426 1391 5525 ⁸ἓοᾶι’ἆῐ›ἶοὲὲιιίἷιὶῖέ.

331 5527 380 5560 ³⁸
403 5525 501 5581 οὓς
565 5525 817 5581 ciendum
848 5538 974 5580 esse
1007 5524 1246 5579 videtur.

331 5527 380 5560 ³⁸
403 5525 501 5591 οὓς
528 5524 817 5581 delendum
848 5538 974 5580 esse
1007 5524 1246 5579 videtur.

531 5310 573 5345 ⁵⁵
606 5313 994 5368 ἀπολαϐόντων
1020 5312 1087 5374 Α,
1118 5310 1498 5365 ἀπολαυόντων
1527 5315 1672 5382 vulg,

1745 5313 1789 5344 ¹¹
1812 5301 2062 5368 αὑτὸνδὲ
2093 5301 2186 5366 καὶ
2208 5312 2334 5383 τοὺς
2366 5301 2776 5383 Αλαύτὸνμκαὶ
2802 5301 2931 5366 τοὺς
2948 5301 3125 5383 “vulg.

485 5385 529 5416 "
570 5385 849 5439 ἐπέστειλε
877 5388 941 5449 Α,
978 5383 1178 5438 ἀπέστ.
1214 5382 1364 5451 vulg.
1430 5382 1474 5414 η
1505 5377 1706 5446 αὐτοὺς
1731 5383 1799 5449 Α,
1838 5383 2002 5437 αὑτὸν
2034 5379 2581 5453 vulg.,fort.abréq.
2633 5377 2677 5409 "’
2710 5377 3016 5498 ἀρὶστερῶν

485 5456 749 5498 unimanum
791 5456 850 5498 Α-
898 5455 1218 5498 ποιήσονται.
1243 5454 1391 5498 vnlg-
1487 5454 1531 5484 ²¹
1557 5454 1743 5498 αὐτοῖς
1770 5453 2210 5498 medeatur-Eum:
2240 5452 2306 5498 Α,
2384 5451 2529 5498 “tua
2551 5450 2745 5498 Καονη
2810 5459 2901 5498 νος
2924 5441 2990 5498 Α.

1487 5454 1531 5484 ²¹
1557 5454 1743 5517 αὐτοῖς
1770 5450 2210 5523 συνειλεγμένοις
2236 5452 2306 5505 Α.
2384 5451 2445 5486 ³⁸η
2462 5452 2529 5503 ὲκ
2550 5450 2747 5519 Καρχη

3205 5301 3249 5330 ¹⁶
3273 5300 3341 5352 τὰ
3375 5298 3502 5351 add.
3536 5312 3605 5351 ex

3115 5409 3129 5433 ,
3162 5367 3431 5440 ἀριστερὰ
3454 5366 3602 5440 vulg.

2810 5434 2990 5508 νοςἈ,
3023 5440 3082 5494 ἐν
3109 5434 3420 5512 Καρχηδόνι
3449 5434 3599 5507 vulg.

1632 5610 1774 5670 JAC.
1807 5611 2021 5670 GOARI
2058 5610 2295 5670 NOTAE.

403 5680 524 5783 (δή
548 5712 776 5778 Quidam
800 5726 865 5767 ea:
879 5709 963 5766 Itis
987 5709 1232 5783 quieun
1263 5706 1502 5783 celeriter
1529 5707 1919 5783 invecti_regias

328 5777 615 5865 "autem
634 5783 862 5847 litteras,
893 5777 1024 5853 quos
1064 5777 1379 5837 Veredarios
1397 5778 1692 5849 appellant.
1715 5777 1920 5834 Proco-

333 5859 467 5929 pius
493 5855 660 5911 idem.

2093 5707 2207 5852 (52;
2240 5706 2462 5771 Lectus,
2497 5703 2882 5771 Adrumetum,
2916 5700 3141 5760 Gressa.

2093 5780 2185 5851 {53
2240 5780 2547 5834 Ammatas.

2091 5780 2207 5851 εδδ)
2240 5780 2547 5834 Ammatas.
