4088 6430
541 355 651 426 439

1929 358 2343 422 ΤΗΕΟΡΗΑΝ
2352 360 2419 422 IS

3697 350 3808 420 μθ·

543 473 614 530 ad
641 473 878 532 invicem
913 471 1196 528 Decimum
1221 469 1554 541 quantocius
1585 470 1895 527 contendit.
1925 471 2124 529 Joanni

2237 473 2334 538 ἕως
2352 474 2461 528 τῶν
2490 471 2675 527 πυλῶν
2687 469 3032 542 Καρχηδόνος
3056 468 3369 534 τοσούτους,
3401 466 3541 523 ὥστε
3565 469 3804 533 εἰκάζει)

541 583 672 624 vero
726 566 906 624 factus
959 565 1175 620 obviam
1237 563 1489 619 manibus
1542 578 1667 618 cum
1723 578 1788 618 eo
1850 565 2122 622 consertis

542 660 836 722 occiditur,
868 660 1208 728 comitesque
1251 657 1357 712 fusi
1399 665 1451 711 et
1490 655 1546 710 in
1602 654 1784 728 fugam
1813 657 2123 728 praccipites

541 751 709 815 versi,
763 752 1086 806 immensam
1146 748 1552 818 insequentium
1636 747 1877 802 hostium
1951 749 2122 804 aciem

541 857 664 897 esse
721 843 848 905 rati,
909 839 1190 895 Decimum
1242 838 1556 900 convolare.
1611 846 1666 892 et
1703 838 1892 892 urbem
1957 838 2122 892 tutari

542 935 984 988 commonebant.
1037 929 1302 996 Joannes,
1351 938 1557 994 autem,
1609 939 1665 984 et
1710 929 1805 999 qui
1857 944 1961 983 una
2021 944 2124 998 pu-

539 1025 806 1096 gnabant,
857 1034 965 1079 tam
1015 1037 1272 1092 magnum
1315 1021 1558 1076 hostium
1608 1035 1899 1076 numerum
1952 1037 2126 1090 usque

539 1115 609 1171 ad
650 1117 798 1186 ipsas
852 1114 1204 1184 Carthaginis
1264 1121 1450 1185 portas
1492 1115 1836 1177 occiderunt.
1870 1123 1930 1169 ut
1974 1116 2127 1184 quis-

536 1207 664 1278 quis
713 1215 920 1262 tantam
966 1217 1205 1279 stragem
1261 1207 1422 1280 164
1472 1207 1720 1274 vidisset,
1749 1222 1870 1264 eam
1904 1207 2125 1263 nonnisi

539 1315 571 1355 a
614 1301 806 1371 viginti
858 1301 1144 1357 hominum
1195 1301 1440 1356 millibus
1478 1300 1563 1357 edi
1597 1316 1758 1372 posse
1798 1301 1958 1356 facile
2009 1301 2128 1357 cxi~

535 1393 807 1450 stimaret.
857 1393 1239 1450 Cibamundus
1267 1401 1322 1448 et
1349 1393 1443 1462 qui
1481 1392 1892 1448 comitabantur
1925 1393 2127 1448 milites

538 1487 628 1543 bis
656 1487 822 1556 mille,
860 1487 990 1542 dum
1017 1487 1301 1559 suppetias
1333 1487 1502 1543 sociis
1531 1485 1791 1551 afferunt,
1836 1485 1891 1540 in
1939 1484 2128 1540 Unnos

539 1577 851 1635 incidentes
896 1593 1088 1634 omnes
1141 1578 1307 1634 deleti
1368 1586 1517 1635 sunt.
1560 1577 1861 1633 Belisarius
1891 1592 2017 1632 cum
2055 1576 2123 1631 ad

540 1669 823 1724 Decimum
883 1669 1243 1734 substitisset,
1298 1668 1431 1724 nihil
1488 1669 1683 1724 horum
1728 1669 1986 1726 rescivit:
2033 1669 2127 1724 sed

537 1761 683 1818 vallo
731 1762 1107 1818 circumducto
1157 1768 1337 1818 castra
1385 1771 1622 1818 metatus
1676 1771 1782 1827 est,
1821 1761 1874 1816 in
1926 1761 2128 1832 quibus

537 1869 764 1910 uxorem
798 1862 854 1910 et
878 1855 1160 1926 pedestres
1187 1853 1378 1924 copias
1411 1853 1656 1924 reliquit.
1685 1851 1808 1924 ipse
1844 1852 2131 1923 equitibus

537 1945 796 2015 stipatus,
827 1953 881 2000 et
921 1945 1158 2000 ducibus
1213 1959 1399 1999 secum
1451 1944 1707 2016 sumptis,
1745 1943 2134 2016 Carthaginem

533 2037 844 2092 contendit.
895 2035 1034 2092 Cum
1093 2045 1275 2092 autem
1335 2045 1583 2092 mortuos
1639 2035 1696 2090 in
1753 2035 1840 2090 via
1889 2035 2137 2105 jacentes

537 2126 837 2200 ipsumque
890 2127 1145 2182 Amatam
1197 2142 1304 2182 una
1359 2143 1484 2184 cum
1555 2126 1819 2183 Vandalis
1864 2126 2135 2190 occisum,

535 2217 859 2288 omniaque,
903 2228 1068 2288 prout
1094 2226 1248 2288 gesta
1279 2217 1520 2282 fuerant,
1550 2217 1909 2289 percepisset,
1948 2227 2132 2287 tumu-

536 2307 652 2363 lum
693 2306 1020 2376 ascendens,
1050 2309 1328 2378 pulverem
1375 2310 1660 2366 meridiem
1702 2325 1896 2366 versus
1928 2312 2138 2366 excita-

539 2408 658 2452 tum
718 2413 1090 2470 magnumque
1132 2398 1507 2456 Vandalorum
1564 2402 1813 2472 equitum
1863 2416 2058 2473 agmen
2104 2418 2135 2457 a

537 2487 815 2544 Gelimere
869 2480 1093 2544 ductum
1153 2491 1474 2562 prospexit:
1546 2491 1874 2546 Cibamundi
1934 2491 2136 2563 quippe

537 2580 751 2637 cladem
783 2589 838 2636 et
861 2581 1074 2638 Amatae
1107 2582 1311 2638 caedem
1340 2583 1631 2656 ignorabat
1665 2585 1844 2640 adhuc
1869 2585 2132 2642 Gelimer.

537 2671 676 2730 Cum
699 2689 828 2730 vero
855 2674 1075 2744 utrique
1106 2677 1174 2729 ad
1211 2675 1446 2732 invicem
1474 2678 1702 2748 propius
1743 2678 2131 2746 accessissent,

2225 565 2352 626 τοὺς
2399 561 2640 633 ὁρῶντας
2671 560 2974 631 δισμυρίων
3007 558 3284 630 πολεμίων
3332 558 3394 612 τὸ
3428 557 3588 630 ἔργον
3641 555 3798 617 εἶναι.

2227 652 2603 724 Κιϐαμοῦνδος
2631 652 2688 705 δὲ
2718 652 2814 705 καὶ
2842 652 2892 704 οἱ
2933 651 3032 704 σὺν
3087 649 3237 721 αὐτῷ
3283 648 3533 719 δισχίλιοι
3579 667 3802 720 περιπεο

2228 745 2504 808 πτωκότες
2531 745 2589 797 ἐν
2609 745 2676 814 τῇ
2707 744 2847 813 ἀλκῇ
2879 743 2993 806 τοῖς
3015 740 3256 805 θύννοις,
3281 740 3561 796 ἀπώλοντο
3586 744 3800 806 πάντες.
3897 737 3904 742 ’

2228 837 2542 908 Βελισάριος
2572 836 2630 889 δὲ
2659 837 2737 900 είς
2771 835 3006 904 Δόκιμον
3031 833 3129 898 ὢν,
3156 833 3311 887 οὐδὲν
3351 833 3554 887 τούτων
3577 834 3804 903 ἔμαθεν·

2228 927 2364 982 ἀλλά
2389 927 2698 998 χαράκωμα
2725 923 3057 998 περιϐαλὼν,
3085 925 3478 994 ὲφοσσάτευσεν
3497 926 3567 990 ’⁸,
3585 927 3812 980 καταλι-

2228 1018 2347 1072 πὼν
2379 1018 2566 1072 αὐτόθι
2597 1018 2696 1090 τὴν
2724 1021 2960 1088 γυναῖκα
2992 1017 3158 1071 αὐτοῦ
3192 1017 3289 1071 καὶ
3312 1019 3436 1080 τοὺς
3459 1017 3679 1083 πεζούς.
3704 1019 3810 1071 Αὑ-

2227 1113 2318 1176 τδς
2337 1113 2392 1165 δὲ
2421 1111 2601 1166 λαϐὼν
2627 1113 2754 1174 τοὺς
2789 1112 2974 1175 ἱππεῖς
2993 1112 3038 1144 ’⁸
3069 1113 3164 1166 καὶ
3191 1111 3317 1176 τοὺς
3345 1112 3642 1182 ἡγεμόνας,
3662 1112 3808 1166 sui“

2229 1204 2555 1275 Καρχηδόνα
2603 1203 2822 1274 ἐχώρει.
2877 1201 3071 1274 Εύρὼν
3115 1203 3173 1256 δὲ
3216 1203 3344 1267 τοὺς
3382 1203 3426 1235 ’⁷
3459 1203 3814 1266 πεπτωκότας

2228 1296 2458 1366 νεκροὺς
2485 1294 2577 1348 τόν
2603 1293 2606 1297 ’
2629 1311 2690 1347 τε
2719 1294 2966 1365 ’Λματᾶν
3013 1295 3107 1348 καὶ
3153 1295 3282 1358 τοὺς
3310 1293 3676 1364 Ούανδήλους,
3722 1293 3814 1347 καὶ

2233 1383 2420 1456 μαθὼν
2476 1384 2547 1438 τά
2589 1385 2874 1454 γεγονότα,
2920 1386 3000 1449 είς
3037 1385 3202 1455 λόφον
3248 1384 3374 1439 τινὰ
3409 1383 3674 1450 ἀνελθὼν,
3717 1385 3817 1457 ὁρᾷ

2229 1477 2509 1549 κονιορτὸν
2557 1479 2622 1532 ὲκ
2661 1477 3034 1551 μεσημϐρίας,
3076 1478 3173 1533 καὶ
3222 1477 3546 1550 Ούανδήλων
3611 1478 3818 1531 ίππέων

2231 1572 2437 1644 πλῆθος
2463 1572 2622 1641 πολὺ,
2653 1571 2960 1644 ἡγουμένου
2983 1573 3167 1635 αὐτοῖς
3191 1571 3508 1643 Γελίμερος,
3574 1571 3650 1641 μὴ
3679 1571 3818 1640 γνώ-

2232 1683 2426 1732 σαντος
2459 1668 2598 1738 μήτε
2620 1667 2680 1722 τὸ
2705 1666 3083 1736 Κιϐαμούνδου
3112 1665 3282 1730 πάθος
3306 1666 3446 1736 μήτε
3460 1665 3522 1719 τὸ
3544 1664 3639 1719 τοῦ
3663 1664 3819 1735 ’Ᾱμαι

2233 1762 2323 1815 τᾶ.
2345 1761 2500 1814 Ἐπεὶ
2526 1759 2586 1814 δὲ
2612 1761 2780 1830 ἐγγὺς
2809 1759 3055 1831 ἀλλήλων
3083 1760 3344 1828 γεγόνασι
3378 1758 3818 1830 προτερήσαντες

2243 1854 2566 1924 Ούανδῆλοι,
2603 1856 2695 1908 τὸν
2721 1852 2884 1923 λόφον
2909 1851 3416 1923 καταλαμϐάνουσι,
3463 1851 3564 1905 καὶ⁸
3606 1850 3819 1922 φοϐεροὶ

2240 1949 2352 2010 τοῖς
2376 1946 2641 2011 ἐναντίοις
2673 1945 3015 2015 ἐδείχθησαν.
3043 1945 3104 1999 Οί
3130 1944 3188 1997 δὲ
3240 1943 3500 2015 Ῥωμαῖοι
3527 1943 3818 2014 τραπόντες

2241 2040 2322 2104 είς
2344 2039 2547 2111 χωρίον
2596 2037 2953 2110 ἀφικνοῦνται
3004 2037 3252 2101 σταδίους
3279 2037 3422 2090 ἑπτὰ
3464 2034 3560 2088 τοῦ
3590 2035 3816 2106 Δεκίμου

2241 2132 2467 2202 ἀπέχον.
2500 2130 2629 2196 Θεὸς
2660 2131 2718 2186 δὲ
2746 2130 2971 2195 τούτους
3003 2129 3322 2201 παραδόξως
3345 2125 3650 2190 ἀλλοιώσας
3675 2125 3720 2156 ⁸⁸
3746 2125 3820 2186 είς

2239 2223 2441 2278 δειλίαν
2469 2225 2824 2294 κατέστησεν.
2861 2224 2924 2278 Εί
2963 2223 3075 2295 γὰρ
3095 2222 3193 2294 τὴν
3222 2220 3404 2286 δίωξιν
3430 2219 3596 2283 εὐθὺς
3639 2217 3819 2288 ἐποιή-

2241 2334 2429 2384 σαντο,
2498 2316 2669 2389 ἄρδην
2712 2316 2961 2380 ἅπαντας
3016 2315 3114 2369 σὺν
3164 2313 3466 2385 Βελισαρίῳ
3521 2311 3821 2380 διέφθειραν

2241 2405 2518 2478 (τοσοῦτον
2563 2402 2632 2478 ἦν
2678 2407 2741 2460 τὸ
2789 2404 2992 2476 πλῆθος
3049 2405 3160 2458 τῶν
3187 2402 3567 2477 Ούανδηλων),
3623 2404 3713 2456 καὶ
3740 2401 3828 2454 τὸν

2251 2497 2508 2568 Ἰωάννην
2537 2496 2952 2569 ὑποστρὰροντα
2994 2496 3061 2549 ἐκ
3086 2494 3438 2567 Καρχηδόνος
3479 2494 3576 2546 καὶ
3607 2490 3824 2546 σκυλεύ-

2237 2604 2366 2641 οντα
2418 2587 2545 2652 τοὺς
2601 2587 2906 2651 τεθνεῶτας
2955 2586 3194 2658 ἀπονητὶ
3247 2584 3540 2656 κρατῆσαι
3577 2583 3821 2654 ἡμελὶον.

2240 2679 2461 2735 Κατιὼν
2485 2679 2545 2734 δὲ
2571 2681 2636 2733 ὲκ
2661 2679 2756 2734 τοῦ
2780 2679 2944 2748 λόφου
2957 2678 3218 2750 Γελίμερ,
3243 2678 3340 2733 καὶ
3357 2676 3550 2749 εὑρὼν
3572 2677 3660 2729 τὸν
3683 2674 3824 2729 ἀδελ-

537 2775 932 2840 ρταινετιεηιει
962 2767 1200 2824 Vandali
1233 2770 1504 2824 tumulum
1535 2780 1832 2844 occupant,
1881 2779 1936 2825 et
1965 2769 2033 2825 de
2073 2785 2131 2827 se

2237 2770 2337 2841 φδν
2365 2771 2580 2843 νεκρὸν,
2615 2771 2694 2835 εἷς
2726 2786 2788 2825 τε
2811 2770 3134 2844 ὀλοφύρσεις
3161 2769 3396 2842 ὲτράπη,
3427 2787 3462 2822 κ
3479 2771 3538 2823 αὶ
3560 2769 3655 2836 τῆς
3678 2767 3823 2837 νίκης

541 2868 809 2916 terrorem
843 2859 1140 2918 maximum
1175 2859 1428 2919 hostibus
1461 2862 1772 2918 incutiunt:
1805 2878 1982 2934 quare
2021 2861 2131 2918 Ro-

2237 2863 2334 2936 τὴν
2359 2865 2544 2935 ἀκμὴν
2568 2864 2866 2936 ἤμϐλυνεν.
2919 2863 3236 2934 Βελισάριος
3275 2862 3330 2916 δὲ
3364 2861 3508 2926 τούις
3538 2879 3597 2915 τε
3626 2863 3670 2895 ²⁹
3699 2858 3821 2929 φεύ-

541 2951 694 3007 tuani
744 2952 797 3007 in
847 2950 1030 3024 fugatn
1084 2953 1234 3009 versi
1291 2953 1560 3010 secedunt
1597 2955 1651 3009 in
1699 2955 1882 3010 vicum
1936 2956 2131 3012 stadiis

2237 2972 2430 3026 γοντας
2454 2957 2642 3028 στῆναι
2667 2956 2954 3023 κελεύσας,
2971 2957 3064 3010 καὶ
3087 2956 3326 3026 κοσμίως
3353 2955 3545 3009 πάντα
3561 2950 3819 3017 διατάξας,

541 3052 754 3116 septem
783 3061 812 3100 a
846 3045 1068 3101 Decimo
1089 3055 1383 3104 remotum.
1414 3047 1560 3106 Deus
1586 3057 1769 3106 autem
1800 3060 1997 3121 praeter
2019 3065 2131 3106 om-

2237 3049 2333 3103 καὶ
2366 3048 2636 3114 ὀνειδίσας
2670 3051 2771 3120 τῆς
2823 3048 3064 3116 δειλίας,
3104 3048 3200 3102 καὶ
3255 3047 3355 3120 τὴν
3408 3045 3679 3116 τελευτὴν
3721 3044 3818 3098 τῶν

546 3154 670 3194 nem
705 3139 1023 3210 opinionem
1064 3137 1342 3196 Vandalos
1401 3142 1456 3196 in
1505 3153 1709 3198 metum
1769 3143 2034 3214 conjecit:
2084 3142 2130 3200 si

2238 3141 2522 3207 ἐναντίων,
2565 3141 2682 3214 ἅμα
2706 3158 2766 3194 τε
2793 3141 2888 3195 καὶ
2932 3141 3031 3212 τὴν
3065 3142 3111 3173 ³ο
3140 3140 3393 3195 Ἰωάννου
3424 3141 3595 3211 νίκην
3622 3137 3816 3206 μαθὼν,

545 3233 692 3287 enim
747 3232 1022 3305 fugientes
1070 3233 1336 3290 continuo
1379 3236 1612 3292 insecuti
1680 3245 1887 3303 essent,
1942 3251 2131 3293 omnes

2239 3235 2425 3308 δρόμῳ
2453 3235 2552 3290 καὶ
2578 3235 2803 3307 ἀνδρείᾳ
2833 3235 2926 3288 ἐπὶ
2954 3235 3226 3306 Γελίμερα
3256 3237 3446 3306 χωρεῖ.
3513 3236 3574 3287 Οί
3625 3233 3680 3287 δὲ
3701 3231 3820 3303 βάρι

545 3323 769 3394 penitus
817 3339 944 3380 cum
995 3326 1116 3397 ipso
1164 3326 1432 3384 Belisario
1463 3329 1532 3384 ad
1583 3329 2010 3386 internecionem
2041 3329 2137 3386 de-

541 3417 808 3474 iet-issent
847 3419 1007 3491 (adeo
1035 3421 1236 3491 quippe
1265 3436 1559 3477 numerosa
1607 3430 1727 3478 erat
1761 3421 2135 3480 Vandalorum

545 3509 867 3580 multitudO)
908 3519 962 3566 et
989 3509 1254 3567 Joannem
1305 3511 1638 3584 Carthagine
1684 3523 2048 3570 revertentem
2083 3521 2139 3569 et

542 3601 602 3657 in
641 3601 834 3671 spoliis
871 3609 1215 3657 mortuorum
1244 3601 1570 3673 diripiendis
1601 3611 1956 3675 occupatum,
1982 3603 2137 3659 nullo

543 3695 765 3765 negotio
799 3694 1112 3765 potuissent
1144 3695 1634 3766 comprehendere.
1665 3696 1906 3755 Gelimer
1927 3697 2136 3754 ~relicto

543 3790 787 3856 tumulo,
823 3790 918 3845 ubi
961 3799 1245 3847 mortuum
1297 3789 1524 3847 fratrem
1565 3790 1814 3860 oﬂ‘endit,
1864 3793 1930 3846 ad
1982 3792 2140 3864 plan-

544 3891 674 3939 ctus
718 3890 776 3940 et
820 3882 1084 3953 ejulatum
1139 3897 1446 3939 conversus
1499 3892 1587 3940 est
1662 3892 1835 3952 totus,
1889 3899 1957 3940 ex
2027 3900 2140 3957 quo

545 3973 797 4028 victoria:
827 3974 979 4029 acies
1009 3973 1060 4028 ei
1087 3975 1355 4030 remansit
1394 3975 1620 4030 omnino
1676 3974 1895 4031 obtusa.
1939 3975 2141 4030 Belisa-

551 4065 672 4120 rius
720 4064 1056 4134 fugientibus
1080 4065 1278 4121 sistere
1311 4065 1512 4137 jussis,
1557 4081 1686 4122 mox
1719 4075 1920 4122 cuncta
1947 4067 2139 4138 dispo-

548 4159 635 4215 nit
653 4169 868 4226 ornate,
899 4158 1248 4214 formidinem
1279 4159 1595 4229 exprobrat,
1620 4162 1946 4232 cognitaque
1975 4176 2137 4232 quam

549 4250 931 4308 sustinuerant
959 4248 1146 4306 hostes
1187 4256 1372 4320 strage
1395 4257 1450 4303 et
1476 4266 1506 4304 a
1536 4249 1748 4306 Joanne
1777 4262 1930 4322 parta
1969 4253 2141 4308 victo-

549 4341 657 4404 ria,
711 4350 972 4396 contento
1005 4343 1258 4413 corporis
1307 4359 1475 4399 cursu
1527 4351 1581 4398 et
1635 4344 1805 4400 animi
1843 4345 2041 4402 ardore
2084 4346 2138 4400 in

547 4432 875 4490 Geiimerem
915 4433 1180 4504 impetum
1223 4435 1373 4490 facit.
1411 4436 1638 4491 Barbari
1692 4435 1982 4492 subeundo
2025 4451 2141 4490 cer—

2238 3329 2396 3401 ϐαροι
2419 3327 2898 3401 ἀπαρασκεύαστοι
2915 3327 3252 3398 εὑρεθέντες,
3276 3327 3358 3388 είς
3381 3343 3452 3396 φυ
3465 3328 3578 3396 γὴν
3608 3323 3819 3396 ὲτράπη·

2241 3437 2342 3477 σαν
2370 3419 2663 3492 κραταιὰν,
2695 3419 2792 3474 καὶ
2821 3417 3054 3482 πολλοὺς
3082 3417 3451 3482 ἀποϐαλόντες
3493 3419 3573 3482 είς
3595 3416 3819 3488 Μήδειαν

2239 3512 2478 3585 ἐχώρουν
2534 3512 2648 3586 (54)
2679 3511 3073 3576 καταλιπόντες
3123 3511 3482 3583 Καρχηδόναε.
3543 3509 3743 3573 Νυκτὸς
3768 3507 3818 3563 δδ

2241 3604 2679 3680 καταλαϐούσης,
2724 3605 2833 3660 ὅτε
2870 3602 3188 3675 Βελισάριος
3219 3604 3314 3658 καὶ
3357 3601 3624 3674 Ἰωάννης
3661 3601 3817 3657 καὶοὶ

2239 3698 2601 3769 Μασσαγέται
2660 3699 2742 3762 είς
2789 3699 3025 3771 Δέκιμον
3063 3696 3409 3769 ἀφικόμενοι,
3471 3696 3648 3751 πάντα
3679 3695 3720 3728 ⁸¹
3757 3693 3818 3746 τὰ

2241 3792 2631 3866 συμϐεϐηκότα
2656 3792 2942 3863 μαθόντες,
2973 3790 3194 3862 ἔχαιρον
3215 3806 3226 3821 ·
3255 3791 3320 3860 τῇ
3348 3788 3405 3842 δὲ
3425 3788 3694 3861 ἐπαύριον
3715 3787 3816 3856 ἄμα

2239 3885 2349 3940 τῶν
2375 3883 2558 3950 πεζῶν
2591 3885 2686 3938 καὶ
2714 3886 2781 3955 τῇ
2832 3880 3156 3953 Βελισαρίου
3205 3881 3428 3950 γυναικὶ
3465 3883 3698 3944 ἅπαντες
3732 3878 3814 3931 ἐπὶ

2241 3976 2568 4049 Καρχηδόνα
2597 3975 2941 4049 ἐπορεύοντο.
2969 3978 3033 4032 Οἱ
3062 3975 3120 4030 δὲ
3138 3974 3504 4046 Καρχηδόνιοι
3533 3973 3628 4037 τὰς
3654 3971 3808 4033 πύλας

2241 4069 2689 4136 ἀναπετάσαντες
2718 4071 2813 4124 καὶ
2864 4069 3036 4141 λύχνα
3069 4069 3329 4139 ἅψαντες,
3365 4066 3640 4138 πανδημεὶ
3685 4063 3808 4134 πρὸς

2242 4163 2550 4234 ὑπάντησιν
2572 4163 2894 4236 Βελισαρίου
2913 4164 3140 4235 ἐξῄεσαν
3156 4164 3223 4220 ³³.
3245 4164 3306 4216 Oi
3329 4161 3386 4216 se
3414 4163 3473 4216 ἑν
3502 4161 3634 4230 αὐτῇ
3657 4157 3808 4210 Ούαν·

2241 4256 2393 4328 δῆλοι
2443 4258 2502 4310 ἐν
2551 4259 2662 4322 τοῖς
2710 4257 2876 4330 ἱεροῖς
2925 4257 3288 4328 προσέφυγον.
3331 4253 3732 4312 Καταλαϐὀντος
3756 4247 3806 4301 δὲ

2243 4347 2450 4404 καὶτοῦ
2483 4349 2529 4381 ³³
2562 4349 2781 4416 στόλου,
2810 4349 2908 4420 τὴν
2938 4349 3130 4403 ἅλυσιν
3180 4348 3415 4419 ἄραντες
3446 4347 3504 4398 ὲν
3534 4341 3610 4414 τῷ
3637 4338 3802 4411 λιμένι

2242 4441 2468 4507 τούτους
2501 4441 2772 4508 ἐδέξαντο.
2795 4441 2906 4496 Καὶ
2932 4443 2962 4496 ό
2987 4441 3088 4512 μὲν
3116 4440 3366 4503 πλεῖστος
3402 4438 3582 4499 στόλος
3605 4434 3698 4504 τὴν
3720 4431 3800 4482 ἔνη

546 4523 742 4580 tamini
789 4525 1010 4596 penitus
1080 4526 1358 4598 imparati,
1415 4528 1470 4582 in
1533 4529 1774 4584 validam
1837 4528 2020 4601 fugam
2074 4545 2131 4587 se

2241 4533 2404 4603 τολὴν
2430 4533 2523 4587 τοῦ
2549 4533 2743 4586 Βελισα
2754 4533 2868 4605 ρίου
2894 4531 3229 4602 φυλάξαντες
3255 4530 3355 4584 οὐκ
3389 4525 3704 4602 είσῆλθον-ἑν
3724 4518 3796 4588 τῷ

549 4615 877 4686 conjiciunt,
925 4626 979 4672 ct
1049 4619 1238 4674 multis
1273 4635 1499 4675 suorum
1546 4621 1766 4679 amissis
1805 4624 2130 4694 desertaque

547 4709 899 4779 Carthagine,
945 4708 1177 4766 Mediam
1209 4727 1271 4769 se
1300 4713 1592 4786 recipiunt.
1621 4713 1728 4772 Ubi
1757 4730 1866 4771 nox
1902 4717 2130 4788 ingruit,

546 4798 872 4866 Belisarius,
911 4801 1152 4861 Joannes
1185 4812 1239 4860 et
1286 4804 1608 4878 Massagetae
1651 4808 1933 4864 Decimum
1975 4825 2132 4882 repe-

547 4899 749 4954 tentes.
795 4895 1029 4962 cunctis,
1069 4911 1190 4966 quae
1237 4881 1576 4967 acciderant,
1629 4900 1851 4966 auditis,
1883 4881 2131 4959 summo-

551 4995 685 5049 pere
731 4981 910 5051 gavisi
965 4991 1118 5038 sunt.
1167 4982 1399 5042 Postero
1449 4986 1540 5043 die
1577 4987 1753 5058 copiis
1777 4989 2128 5060 pedestribus

547 5072 764 5139 accitis,
810 5074 1046 5147 conjuge
1092 5091 1312 5150 quoque
1363 5079 1616 5137 Belisarii
1663 5096 1852 5138 secum
1883 5094 2126 5156 sumpta,

509 5173 516 5179 '
549 5165 736 5222 cuncti
765 5165 1158 5238 Carthaginem
1192 5186 1388 5228 versus
1416 5171 1778 5244 arripuerunt
1823 5174 1952 5231 iter.
1995 5176 2132 5231 Car-

2243 4624 2446 4696 λιμένι,
2479 4623 2593 4676 ἀλλ’
2651 4624 2756 4691 ἔξω
2789 4621 3208 4696 προσώρμισαν.
3243 4620 3567 4690 Καλώνυμσς
3613 4611 3667 4667 δδ
3699 4609 3790 4678 τὴν

2246 4713 2534 4786 παρακοὴν
2554 4715 2916 4785 ἐνδυσάμενος
2944 4713 3216 4783 εἰσῆλθεν,
3242 4712 3337 4766 καὶ
3362 4711 3428 4764 τὰ
3451 4707 3595 4761 πλοῖα
3622 4698 3788 4770 ληϊσά-

2247 4825 2410 4880 μενος
2435 4807 2608 4861 πολλά
2638 4809 2901 4878 χρήματα
2945 4805 3295 4877 ἁφήρπαζεν,
3333 4805 3428 4858 καὶ
3451 4805 3501 4856 ὲν
3527 4799 3567 4832 ³⁸
3591 4798 3693 4858 τοῖς
3711 4796 3795 4863 ὲρ-

2243 4899 2564 4971 γαστηρίοις
2585 4901 2676 4952 καὶ
2701 4900 2870 4962 οἴκοις
2901 4900 3013 4962 τοϊς
3043 4898 3271 4969 πλησίον
3291 4896 3385 4950 τοῦ
3401 4894 3605 4967 λιμένος
3630 4886 3800 4958 εἰσῆλ-

2243 4993 2358 5056 θεν,
2392 4993 2488 5046 καὶ
2522 4992 2750 5056 πολλοὺς
2778 4991 3224 5063 ᾐχμαλώτευσεν.
3271 4987 3529 5057 Ἀπονητὶ
3577 4983 3630 5038 δὲ
3659 4979 3805 5034 Βελι-

2243 5085 2430 5157 σάριος
2509 5085 2612 5156 τῆς
2649 5085 2994 5156 Καρχηδόνος
3066 5085 3349 5157 κρατήσας
3418 5080 3646 5152 παρῄνει
3701 5074 3808 5136 τοῖς

2239 5178 2602 5250 στρατιώταις
2642 5177 2846 5248 λέγων·
2904 5177 3144 5247 Ὁρᾶτε,
3202 5177 3388 5246 ἡλίκα
3436 5166 3809 5242 εὐτυχήματα

1845 5267 2080 5326 VARUE
2119 5269 2416 5328 LECTION
2424 5271 2526 5331 ES.

656 5351 703 5431 ’ξ
731 5353 1135 5431 incaeduus-av
1153 5355 1278 5431 _‘A,_
1297 5356 1696 5431 ﬁcpniadreucev
1719 5360 1870 5431 vulg.

621 5424 747 5504 top;
769 5419 898 5504 Adii.
927 5440 994 5504 ex
1021 5427 1086 5480 Α.
1151 5425 1196 5456 as
1228 5419 1617 5504 ᾁλλοὶώέφς-ᾼ,
1649 5419 2044 5504 ἀλλοίῷς-νυιε.

549 5489 591 5522 ³¹
622 5492 802 5546 πάντα
833 5492 903 5557 Α,
932 5493 1153 5550 ἅπαντα
1171 5496 1320 5568 vulg.

1973 5364 2020 5395 ”
2060 5364 2249 5427 ἱππεῖς
2319 5365 2383 5428 Α,
2422 5365 2622 5427 ἵππους
2673 5365 2824 5433 vulg.

2131 5437 2174 5468 ³³
2201 5435 2329 5496 τούς
2347 5452 2408 5488 τε

1415 5498 1461 5530 ³³
1487 5498 1701 5564 ἐξίεσαν
1753 5501 1916 5558 codd.
1949 5498 2018 5558 etv
2033 5505 2158 5559 edd.

2929 5364 2977 5394 "
3036 5364 3131 5416 ἐπὶ
3169 5363 3241 5418 Κ.
3290 5363 3356 5426 Α,
3417 5361 3498 5423 είς
3537 5359 3609 5411 Κ.
3664 5351 3807 5423 vulg,

2455 5452 2515 5504 φ.
2546 5435 2614 5500 Α,
2662 5437 2758 5488 καὶ
2775 5428 2906 5498 τοὺς
2933 5450 2993 5502 φ.
3021 5435 3171 5503 vulg.
3253 5434 3298 5504 ἕο
3329 5434 3427 5500 τὴν
3458 5429 3588 5504 add.
3627 5441 3690 5481 ex

2265 5490 2325 5537 ³³⁷
2344 5505 2402 5558 δὲ
2430 5490 2648 5558 κξιιτόῡ
2684 5507 2750 5573 Α,
2790 5504 2848 5558 δὲ
2877 5490 2974 5558 eos
3017 5490 3164 5575 vutg.
3253 5503 3298 5536 ³⁸
3355 5490 3412 5556 t'v
3469 5497 3600 5554 add.
3629 5511 3693 5552 ex
3743 5490 3809 5563 Αζ

1840 5595 1983 5652 JAC.
2017 5596 2231 5653 GOABI
2281 5595 2515 5653 NOTAE.

619 5669 1157 5756 (3")lrevrezianus.
1183 5678 1810 5756 codex_eorrcctissime
1837 5683 2126 5756 iegitgréni
2233 5702 2394 5756 neque
2451 5685 2778 5756 Byzantium
2818 5684 2959 5755 (lege
2996 5683 3312 5756 Byzacium)
3372 5678 3508 5734 unde
3528 5682 3807 5756 venerari}.

547 5737 748 5822 §ﬂjl£d§l
779 5737 1041 5822 εχώρουν,
1058 5747 1334 5822 publicant
1371 5751 1594 5820 ingressi
1627 5763 1753 5808 sunt
1790 5737 1962 5809 θυίαιῗι.
1989 5737 2124 5812 ἰδέόέ

547 5809 692 5879 copii
723 5809 992 5881 interpres
1025 5809 1288 5872 tVandali
1317 5809 1491 5891 itaque
1521 5839 1683 5894 neque
1716 5809 2118 5896 Carthaginem,

2228 5747 2321 5828 sed
2345 5756 2401 5808 in
2427 5747 2584 5828 Βιῖίαξ
2614 5747 2975 5824 οσιηριιήι,.”ασ
3009 5747 3068 5812 iri
3084 5747 3312 5828 partem,
3339 5766 3456 5824 quia
3503 5748 3728 5801 ducebat
3761 5747 3808 5795 δτι

2232 5825 2523 5893 Numidas,
2558 5825 2826 5897 fugerunt.
