4088 6476
423 339 525 410 ιιι

1696 344 1793 404 CH
1806 343 2373 406 RONOGRAPHIA.

3584 360 3697 429 442

421 454 747 509 ’γεγόνασιν
774 453 939 523 ἡμῖν,
972 454 1180 524 ἐπειδὴ
1214 455 1261 488 ³⁵
1292 454 1703 523 σωφροσύνην
1740 456 1826 519 εἱς
1868 454 2007 522 τοὺς

2116 457 2490 527 thaginiensrs
2522 461 2783 517 reseratis
2825 466 3001 533 portis
3025 474 3078 522 et
3107 468 3360 526 accensis
3393 468 3536 528 focis
3563 489 3693 531 cum

423 549 645 613 Λίϐυας
665 546 1108 618 ἐπεδειξάμεθα.
1138 546 1423 609 Βλέπετε,
1456 546 1569 614 τὴν
1587 548 1916 617 εὐκοσμίαν
1942 549 2010 599 ἐν

424 637 759 708 Καρχηδόνι
781 637 1183 701 διασώσασθε,
1217 639 1313 691 κα]
1344 637 1516 704 μήτις
1538 637 1802 706 ἀδικήσῃ
1844 638 2005 702 τινὰ,

421 730 459 797 ἢ
482 728 814 798 ἀφαρπάσῃ
850 747 904 782 τι
948 730 1157 785 αὑτοῦ.
1183 728 1388 784 Πολλὰ
1423 730 1533 798 γὰρ
1576 728 1733 784 κακὰ
1784 732 2009 783 παθόν-

419 840 531 889 τας
552 822 596 855 ³³
622 822 739 875 ὑπὸ
768 822 1138 890 Οὐαγδήλων
1176 823 1413 893 ἀνδρῶν
1442 823 1778 893 βαρϐάρων,
1821 825 2009 887 βασι-

416 914 568 982 λεὺς
611 917 644 970 ὁ
686 914 973 985 ἡμέτερος
999 916 1305 986 ,βοηθῆσαι
1346 917 1578 983 τούτοις
1608 917 1652 948 ³⁷
1684 916 1842 985 ἡμᾶς
1893 918 2009 971 ἀπ-

416 1008 699 1062 έστειλεν
748 1011 847 1062 καί
881 1009 996 1077 τὴν
1022 1010 1370 1079 ἐλευθερίαν
1401 1011 1784 1078 χαρίσασθαι.
1822 1009 2008 1065 Ταῦτα

418 1101 707 1173 παραινῶν
751 1102 831 1163 είς
881 1102 1208 1173 Καρχηδόνα
1236 1101 1506 1170 εἰσῆλθεν.
1546 1103 1656 1155 Καὶ
1684 1101 1889 1164 ἀναϐὰς
1926 1103 2008 1166 είς

417 1190 481 1245 τὸ
521 1190 783 1245 παλάτιον
816 1192 882 1255 ³⁸,
930 1193 986 1246 ὲν
1045 1193 1123 1263 τῷ
1161 1191 1455 1264 Γελίμερος
1498 1192 1670 1264 θρόνῳ
1724 1193 2002 1248 ἐκάθισεν.

419 1285 614 1353 Τούτῳ
649 1281 954 1353 προσῆλθον
983 1281 1027 1315 ³⁹
1052 1282 1189 1335 οἵτε
1241 1281 1475 1363 ἔμποροι
1509 1284 1880 1353 Καρχηδόνος,
1909 1284 2005 1337 καὶ

418 1374 540 1429 ὅσοι
576 1373 806 1445 πλησίον
854 1373 955 1444 τῆς
1018 1373 1294 1445 θαλάσσης
1336 1373 1561 1445 ἔμενον,
1616 1376 2007 1445 ὀλοφυρόμενοι

424 1467 684 1539 ἁρπαγὴν
713 1467 1040 1522 πεπονθέναι
1079 1467 1184 1521 ὑπὸ
1215 1468 1311 1521 τοῦ
1344 1468 1553 1523 στόλου.
1591 1468 1648 1520 '0
1674 1467 1728 1521 δὲ
1774 1468 1999 1522 Βελισά-

422 1575 541 1629 ριος
590 1557 929 1629 Καλὼνυμον
989 1558 1080 1613 τὸν
1131 1559 1401 1630 ναύαρχον
1461 1559 1698 1630 ὥρκισεν
1739 1559 1806 1620 ⁸ο,
1856 1560 2005 1619 ὅπως

417 1649 638 1701 ἅπαντα
673 1647 741 1700 τὰ
774 1648 1141 1718 διαρπαγέντα
1187 1649 1408 1722 ἐνέγκῃ,
1449 1648 1542 1701 καὶ
1588 1646 1841 1720 ἀποδώσῃ
1892 1651 2004 1712 τοῖς

415 1738 643 1803 οἰκείοις
668 1740 975 1804 δεσπόταις.
1018 1741 1076 1793 Ὀ
1125 1740 1182 1794 δὲ
1217 1741 1682 1811 σφετερισάμενος
1708 1741 1766 1806 ἐξ
1799 1742 1998 1808 αὐτῶν,

414 1832 513 1881 καὶ
533 1829 890 1898 ἐπιορκήσας,
938 1803 999 1882 οὐ
1025 1829 1167 1899 μετὰ
1215 1803 1418 1882 ιι’πολύ
1454 1803 1556 1900 τὴν
1608 1803 1765 1899 δίκην
1796 1803 1997 1886 ἓτισενξ
2031 1803 2078 1861 Β

416 1919 568 1985 Ἐξω
588 1920 694 1990 γὰρ
722 1921 936 1992 φρενῶν
961 1923 1254 1992 γενόμενος
1276 1923 1373 1991 τὴν
1401 1921 1595 1975 ἑαυτοῦ
1617 1922 1868 1990 γλῶσσαν
1900 1941 2005 1992 φα-

411 2013 531 2079 γὼν
570 2015 863 2069 ἀπέθανεν.
900 2013 1222 2083 Βελισὰριος
1254 2013 1309 2066 δὲ
1342 2013 1431 2067 τὸν
1483 2013 1610 2066 λαὸν
1642 2013 1817 2067 εἱστία
1852 2014 2005 2084 βασι-

411 2106 606 2169 λικῶς,
639 2106 785 2177 καὶὴ
820 2106 914 2159 τοῦ
938 2103 1233 2176 Γελίμερος
1262 2102 1309 2136 ⁸³
1335 2104 1606 2174 θεραπεία
1639 2108 1923 2180 παρετίθει
1945 2124 2004 2159 τε

413 2205 512 2257 καὶ
543 2203 588 2234 ⁸³
616 2199 838 2271 ᾠνοχόει
873 2197 941 2263 ⁸⁵,
981 2196 1075 2250 καὶ
1107 2196 1176 2250 τὰ
1209 2195 1347 2251 ἄλλα
1378 2198 1554 2250 πάντα
1587 2199 1870 2271 ύπούργει.
1901 2198 2004 2255 Οὖ-

412 2313 525 2357 τως
546 2295 604 2348 δὲ
630 2296 657 2348 ὀ
692 2292 994 2364 στρατηγὸς
1020 2293 1300 2365 ἀθορύϐως
1323 2292 1422 2364 τὴν
1446 2294 1598 2347 πόλιν
1627 2293 1783 2365 ἔσχεν
1801 2335 1815 2359 ,
1860 2295 2001 2349 ὥστε

414 2386 540 2440 οὐδὲ
569 2386 726 2457 ’ύόριν
760 2385 878 2439 τινὰ
911 2386 1192 2457 ἐπήγαγεν
1225 2386 1272 2417 ⁸⁵
1307 2386 1600 2456 ἀνθρώπῳ,
1629 2388 1748 2441 οὐδὲ
1777 2389 1867 2440 ἐπὶ
1907 2389 2004 2459 τῆς

415 2480 627 2549 ἀγορᾶς
668 2496 823 2543 τινας
853 2479 1051 2549 συνέϐη
1098 2477 1196 2549 τὴν
1226 2478 1405 2532 οἰκίαν
1435 2479 1732 2548 ἀσφαλίσαι
1770 2480 1847 2512 ⁸⁸·
1887 2480 2003 2535 ἀλλ’

414 2574 783 2644 ἀγοράζοντες
812 2575 859 2627 οί
890 2574 1222 2645 στρατιῶται
1245 2574 1434 2646 ἢσθιον
1462 2574 1528 2640 ⁸⁷,
1561 2574 1656 2627 καὶ
1677 2575 2005 2645 ηύφραίνον-

414 2681 502 2719 το.
536 2665 675 2728 Τοὺς
704 2665 759 2719 δὲ
789 2665 869 2728 είς
897 2664 966 2718 τὰ
1009 2664 1132 2736 ίερά
1161 2665 1434 2734 φυγόντας
1463 2665 1509 2696 ⁸³
1541 2665 1883 2737 Οὑανδήλους
1912 2683 2006 2720 πι-

415 2758 524 2809 στὰ
572 2757 695 2820 δοὺς
753 2755 1042 2827 ἐξήγαγεν.
1094 2756 1215 2813 Τῶν
1267 2756 1325 2810 δὲ
1380 2756 1577 2827 τειχῶν
1629 2756 1730 2827 τῆς
1794 2757 2005 2823 πόλεως

415 2846 740 2916 ἐπεμελεῖτο
766 2845 1130 2915 ἠμελημένων
1162 2845 1429 2916 πρότερον
1467 2844 1656 2900 ὄντων.
1694 2845 1921 2915 Ἔλεγον
1947 2848 2005 2901 δὲ

412 2937 519 2990 καὶ
550 2936 778 2990 παλαιὸν
806 2938 849 2969 ⁸⁸
879 2934 1038 3004 λόγον
1088 2938 1144 2989 ὲν
1175 2935 1484 3006 Καρχηδόνι
1512 2934 1785 3007 εἰρῆσθαι,
1822 2936 1897 3000 ὡς
1940 2936 2003 2990 τὸ

2117 550 2285 604 totius
2315 549 2502 619 populi
2550 548 2861 621 frequentia
2917 554 3247 613 Belisarium
3279 563 3563 631 excepturi
3596 568 3697 621 ob-

2114 641 2257 695 viam
2286 654 2676 712 processerunt
2707 662 2721 699 :
2760 644 2988 703 Vandali
3026 649 3080 704 in
3130 651 3357 712 civitate
3390 655 3568 711 relicti
3604 656 3695 713 fu-

2113 733 2325 803 gientes
2354 734 2408 789 in
2451 736 2654 807 templa
2687 739 3088 795 consuluerunt
3116 743 3299 798 saluti.
3349 746 3695 803 Adventante

2112 824 2311 891 classe,
2348 825 2564 881 sublata
2621 844 2743 897 quae
2790 839 3010 900 portum
3052 832 3346 888 claudebat
3393 844 3610 903 catena,
3641 847 3696 893 et

2112 929 2280 969 naves
2324 917 2378 970 in
2438 917 2716 973 civitatem
2778 920 3056 978 admissae.
3107 923 3171 979 Et
3204 925 3436 994 plurima
3472 928 3693 997 quidem

2110 1006 2387 1061 exercitus
2415 1023 2541 1078 pars
2569 1010 2729 1079 jussa
2764 1011 3022 1069 Belisarii
3073 1016 3433 1072 observatura
3471 1029 3691 1090 portum

2109 1112 2219 1151 non
2259 1108 2344 1154 est
2380 1100 2647 1170 ingressa,
2674 1103 2771 1157 sed
2814 1104 2965 1161 foras
2995 1108 3229 1178 appulit.
3275 1110 3431 1183 165
3460 1112 3693 1183 Calony-

2108 1203 2233 1244 mus
2255 1204 2385 1244 vero
2414 1194 2761 1249 contumacia
2785 1194 2956 1252 fretus
2984 1198 3131 1252 intro
3163 1200 3357 1265 subiit,
3392 1211 3447 1255 et
3476 1203 3691 1257 exhau-

2109 1279 2210 1334 stis
2242 1277 2515 1349 prtedonis
2543 1282 2597 1336 in
2631 1298 2839 1339 morem
2882 1288 3142 1357 navigiis,
3178 1289 3504 1345 immensam
3540 1292 3687 1347 divi-

2106 1372 2314 1426 tiarum
2347 1374 2542 1429 molem
2576 1389 2641 1430 ex
2672 1377 2753 1432 eis
2804 1380 3132 1449 asportavit,
3165 1380 3413 1437 oﬂicinas
3446 1385 3610 1437 etiam
3635 1392 3690 1438 et

2109 1463 2303 1520 domos
2329 1468 2509 1535 portui
2536 1469 3146 1541 proximasjngressus,
3178 1472 3465 1542 ‘vplurimos
3491 1492 3559 1530 ex
3608 1477 3689 1532 eis

2109 1555 2336 1611 abduxit
2370 1560 2641 1628 captivos.
2672 1561 2973 1619 Belisarius
3008 1579 3173 1633 porro
3208 1564 3538 1635 Carthagine
3572 1567 3690 1621 sine

2107 1648 2296 1704 labore
2320 1651 2544 1720 potitus,
2571 1654 2771 1709 milites
2798 1655 2883 1711 his
2910 1655 3089 1713 verbis
3118 1657 3446 1712 hortabatur
3470 1678 3483 1714 :
3516 1659 3690 1725 Quam

2106 1756 2352 1812 prospere
2384 1745 2535 1798 nobis
2583 1758 2773 1799 cuncta
2801 1746 3013 1811 cedunt,
3066 1764 3184 1801 cum
3232 1750 3487 1802 nimirum
3517 1749 3693 1805 mode-

2107 1843 2223 1887 rate
2252 1841 2303 1887 et
2333 1843 2685 1901 temperanter
2722 1853 2849 1908 erga
2898 1836 3078 1908 Libym
3128 1838 3351 1909 populos
3388 1857 3483 1893 nos
3530 1840 3691 1908 gessi-

2107 1940 2247 1989 mus,
2285 1939 2373 1978 vos
2409 1926 2634 1980 videtis:
2670 1943 2807 1980 nunc
2832 1936 2888 1980 ut
2918 1927 3099 1981 eadem
3128 1928 3423 1983 moderatio
3464 1932 3519 1983 in
3560 1930 3705 1983 urbe-

2106 2015 2428 2086 Cartltagine
2452 2027 2704 2081 servetur,
2742 2019 2927 2088 e/Iicite
2966 2034 2985 2073 :
3029 2014 3209 2074 nullus
3278 2020 3478 2089 injuste
3527 2022 3689 2074 cirem

2106 2109 2359 2177 excipiat,
2395 2110 2575 2164 nullus
2635 2109 2857 2165 alterius
2898 2129 3003 2166 rem
3033 2126 3127 2180 per
3174 2112 3323 2184 nefas
3356 2121 3546 2166 tractet
3597 2122 3691 2167 aut

2107 2202 2302 2270 rapiat.
2348 2201 2593 2256 Plurima
2641 2204 2828 2274 quippe
2861 2220 2891 2257 a
2937 2203 3195 2259 Vandalis
3246 2204 3489 2258 barbaris
3544 2206 3675 2259 viris

2105 2310 2294 2363 passos
2352 2297 2483 2350 istos
2532 2297 2665 2350 cives
2700 2298 2990 2366 imperator
3019 2307 3197 2353 noster
3239 2296 3558 2352 liberaturos
3595 2315 3689 2353 nos

2106 2387 2275 2455 misit,
2310 2404 2456 2457 opem
2482 2388 2709 2453 loturos,
2749 2405 2811 2441 ac
2855 2391 3076 2459 denique
3124 2388 3427 2443 reddituros
3471 2389 3691 2443 liberta-

2110 2488 2237 2533 tem.
2281 2477 2409 2534 Haec
2447 2481 2754 2535 collocutus
2787 2478 3173 2552 Carthaginem
3207 2481 3490 2552 ingressus
3542 2488 3625 2537 est
3671 2498 3686 2535 :

2105 2569 2235 2627 inde
2263 2572 2330 2627 ad
2364 2572 2628 2642 palatium
2694 2571 3023 2636 ascendens,
3073 2572 3129 2627 in
3161 2570 3455 2627 Gelimeris
3485 2571 3691 2627 throno

2107 2665 2249 2721 sedit
2280 2683 2293 2719 :
2328 2668 2395 2720 ad
2423 2679 2586 2736 quem
2620 2664 2807 2719 statim
2840 2654 2993 2720 urbis
3018 2672 3356 2720 mercatores
3390 2666 3690 2735 exterique

2104 2755 2199 2824 qui
2241 2756 2306 2809 ad
2336 2770 2487 2809 mare
2528 2753 2852 2809 habitabant
2891 2769 3202 2818 accessere,
3229 2769 3288 2810 se
3332 2754 3403 2810 ab
3446 2755 3689 2809 exercitu

2106 2848 2285 2902 navali
2335 2847 2579 2903 funditus
2610 2847 2899 2918 compilari
2961 2841 3329 2917 querita’ntes.
3374 2845 3557 2912 Quare
3590 2844 3692 2900 Be‘

2107 2938 2352 3006 lisarius,
2386 2939 2478 2994 Dei
2512 2943 2735 2994 nomine
2762 2939 3077 3010 religiosius
3113 2937 3461 3007 interposito,
3515 2937 3683 2990 Calo-

410 3029 455 3081 Γ
481 3027 663 3093 διώξει
693 3029 755 3082 τὸ
780 3030 824 3082 Β
852 3044 867 3060 ο
892 3028 1009 3082 νυνι
1042 3027 1098 3080 δὲ
1148 3027 1459 3081 τετέλεσται
1486 3028 1555 3080 ⁵⁸.
1589 3027 1862 3098 Πρότερον
1897 3028 2006 3100 γὰρ

2108 3046 2331 3103 nymum
2367 3031 2564 3088 classis
2609 3031 2931 3101 praefectum
2986 3030 3283 3101 adjuravit,
3320 3038 3380 3084 ut
3405 3044 3527 3101 quae
3558 3029 3694 3083 diri-

408 3120 704 3190 Γιζέριχος
741 3119 1063 3187 Βονιφὰτιον
1109 3116 1389 3186 ὲξεδὶωξεν
1409 3134 1424 3150 ο
1461 3117 1580 3173 νυνι
1604 3116 1660 3170 δὲ
1688 3116 2005 3190 Βελισὰριος

2110 3132 2325 3196 puerat,
2361 3125 2659 3196 deponeret
2686 3126 2741 3180 in
2788 3125 3052 3194 medium,
3092 3134 3145 3180 et
3193 3134 3395 3180 cuncta
3447 3124 3691 3195 prepriis

408 3215 714 3286 Γελίμερα.
2095 3217 2336 3274 dominis
2407 3217 2747 3273 restitueret.
2782 3215 2834 3273 ls
2874 3232 2999 3271 cum
3049 3218 3321 3287 quaapiam
3372 3215 3562 3270 furtim
3610 3231 3694 3269 re-

411 3308 700 3368 tinuisset,
726 3313 782 3361 et
806 3304 1197 3376 jusjurandum
1222 3306 1506 3372 violasset,
1554 3322 1660 3362 non
1706 3309 1799 3363 diu
1828 3307 2174 3380 postmodum
2207 3309 2472 3379 persolvit
2539 3323 2733 3379 poenas
2779 3326 2791 3361 :
2859 3324 2886 3360 a
2962 3317 3145 3363 mente
3202 3308 3472 3377 siquidem
3553 3306 3693 3361 alio.

412 3411 606 3469 natus,
629 3401 813 3470 lingua
839 3399 945 3457 sibi
980 3399 1234 3455 dentibus
1294 3415 1541 3467 eorrosa,
1606 3403 1805 3457 misere
1873 3401 2060 3473 periit.
2126 3403 2299 3459 Porro
2349 3402 2645 3459 Belisarius
2698 3401 2958 3474 populum
3011 3401 3180 3472 regali
3242 3415 3471 3471 prorsus
3526 3399 3693 3469 epulo

413 3496 655 3565 accepit,
692 3495 748 3549 in
810 3508 919 3563 quo
965 3493 1081 3562 ipsa
1151 3492 1440 3549 Gelimeris
1502 3493 1709 3550 familia
1776 3495 1929 3551 cibos
1980 3496 2259 3568 apposuit,
2325 3496 2443 3567 ipsa
2494 3496 2681 3550 vinum
2730 3496 2974 3560 miscuit,
3019 3502 3327 3563 caeteraque
3385 3491 3689 3553 ministeria

413 3585 614 3641 obivit.
664 3584 740 3640 Ita
771 3585 881 3639 dux
911 3583 1005 3639 ille
1036 3583 1190 3638 nullo
1222 3599 1360 3654 pene
1392 3585 1521 3641 belli
1557 3585 1797 3640 tumultu
1829 3586 2018 3642 urbem
2058 3587 2298 3641 obtinuit
2332 3604 2345 3641 :
2373 3587 2512 3643 adeo
2544 3595 2604 3642 ut
2647 3586 2781 3641 nulli
2817 3585 3102 3641 hominum
3154 3585 3306 3640 illata
3364 3585 3528 3639 fuerit
3604 3584 3694 3637 in-

414 3682 589 3755 juria,
640 3682 825 3738 nullus
896 3681 950 3735 in
1012 3679 1135 3736 fore
1211 3682 1488 3752 propriam
1541 3682 1803 3738 obserare
1854 3683 2077 3741 domum
2108 3683 2274 3740 fuerit
2297 3694 2521 3741 coactus
2548 3702 2561 3738 :
2592 3683 2725 3753 quin
2755 3683 2935 3752 potius
2968 3681 3302 3737 necessariis
3343 3680 3517 3751 pretio
3552 3693 3697 3735 com.

414 3773 634 3844 paratis
689 3771 892 3825 milites
938 3769 1327 3839 epulabantur,
1362 3780 1417 3825 et
1446 3770 1665 3841 genium
1722 3771 2000 3830 fovebant.
2042 3775 2121 3830 Ad
2156 3775 2358 3846 templa
2398 3790 2531 3831 vero
2566 3774 2813 3847 profugis
2849 3771 3110 3828 Vaudalis
3151 3773 3312 3828 fidem
3376 3772 3526 3827 dedit
3593 3769 3696 3825 De.

416 3868 663 3929 lisarius,
689 3875 795 3922 ete
827 3865 1004 3921 sacris
1031 3866 1168 3922 locis
1204 3867 1392 3920 eduxit
1428 3884 1442 3920 :
1476 3875 1531 3920 et
1591 3867 1747 3922 urbis
1811 3869 2075 3925 moenium
2115 3869 2322 3939 pridem
2350 3871 2722 3943 neglectorum
2758 3885 2942 3925 curam
2984 3869 3113 3939 egit.
3150 3867 3424 3923 Caeterum
3478 3865 3692 3936 antiqui

418 3961 707 4031 cujusdam
797 3960 925 4015 dicti
1017 3958 1476 4014 submurmurans
1551 3975 1742 4016 rumor
1823 3960 2006 4018 adhuc
2070 3963 2401 4034 Carthagine
2453 3962 2756 4019 ‘ferebatur
2828 3982 2843 4018 :
2914 3959 3142 4016 Gemma
3207 3962 3449 4030 expellet
3519 3960 3683 4013 beta:

414 4066 476 4110 el.
504 4057 554 4112 id
585 4053 805 4127 quidem
837 4055 1120 4124 impletum
1153 4062 1257 4109 est.
1294 4053 1458 4110 Prius
1500 4054 1645 4109 enim
1677 4054 2000 4113 Gizerichus
2036 4054 2384 4113 Bonifaciqu
2437 4057 2600 4127 ejecit
2642 4074 2657 4110 :
2729 4070 2875 4111 nunc
2907 4068 3040 4111 vero
3087 4052 3387 4109 Belisarius
3460 4051 3696 4108 Gelime-

418 4167 562 4208 rem.

493 4244 727 4315 Γελίμερ
752 4242 805 4296 δὲ
835 4240 1095 4313 χρήματα
1121 4242 1291 4297 πολλὰ
1322 4245 1435 4306 τοῖς
1478 4245 1745 4315 γεωργοῖς
1778 4244 1997 4299 Λιϐύων

2170 4243 2410 4299 Gelimer
2440 4254 2605 4311 porro
2647 4237 2834 4292 multis
2865 4237 2917 4288 in
2950 4234 3182 4304 Libyum
3230 4235 3503 4304 agricmas
3554 4250 3688 4303 pro-

414 4335 748 4407 προϊέμενος
787 4334 920 4405 πρὸς
965 4332 1160 4387 ἑαυτὸν
1202 4334 1541 4405 ὑπηγάγετο,
1574 4336 1668 4388 καὶ
1708 4326 2001 4390 ἐκέλευσεν

2108 4338 2241 4393 l'usis
2291 4335 2546 4406 pecuniis
2599 4347 2696 4387 eos
2751 4329 2819 4385 ad
2855 4346 2913 4384 se
2948 4328 3173 4399 pellexit
3214 4344 3229 4381 :
3263 4342 3468 4397 eosque
3500 4326 3692 4396 jussit,

414 4429 621 4492 αὐτοὺς
659 4426 946 4497 Ῥωμαίων
973 4426 1097 4491 τοὺς
1129 4428 1208 4490 εἰς
1234 4427 1302 4480 τὰ
1335 4427 1511 4498 χωρία
1534 4427 1824 4498 περιόντας
1858 4428 2004 4482 κτεί-

2108 4440 2157 4486 ιιι
2184 4432 2485 4492 Romanos,
2523 4426 2616 4496 qui
2640 4424 3022 4481 remanserant
3047 4426 3102 4479 in
3142 4420 3690 4495 pagis,jocciderent.

411 4540 556 4578 νειν.
595 4522 766 4576 Τοῦτο
809 4522 864 4575 δὲ
904 4522 1252 4594 ποιησάντων
1280 4523 1389 4576 τῶν
1428 4524 1710 4594 γεωργῶν,
1759 4523 1949 4594 μαθὼν
1974 4526 2002 4579 ό

2108 4524 2482 4596 Agricolarum
2515 4519 2777 4575 facinoris
2843 4519 3041 4573 nuntio
3104 4525 3353 4587 accepto,
3393 4512 3694 4569 Belisarius

411 4617 759 4686 Βελισάριος,
782 4615 1101 4672 ἀποστέλλει
1128 4614 1383 4685 Διογένην
1408 4615 1505 4668 ἕνα
1529 4616 1635 4667 τῶν
1660 4616 1822 4670 αὑτοῦ
1852 4618 2004 4688 δορυ-

2112 4617 2407 4685 Di0genem
2437 4629 2467 4669 e
2500 4611 2836 4669 satellitibus
2866 4624 3063 4674 unum,
3094 4609 3189 4680 qui
3219 4609 3289 4663 de
3334 4606 3572 4661 crimine
3606 4620 3694 4660 ex-

413 4707 608 4778 φόρων
640 4705 953 4759 αἰκίσασθαι
979 4706 1104 4769 τοὺς
1133 4705 1413 4774 γεωργούς
1444 4706 1510 4763 ⁵¹.
1558 4706 1616 4760 ’0
1657 4707 1713 4761 δὲ
1745 4709 2005 4779 Διογένης

2108 4707 2414 4778 postularet
2437 4712 2490 4759 et
2512 4702 2880 4758 ulcisceretur
2905 4700 3200 4770 agricolas,
3228 4698 3399 4753 misit.
3427 4694 3696 4766 Diogenes

416 4798 542 4867 ἅμα
585 4799 698 4859 τοῖς
743 4795 841 4849 σὺν
864 4794 1012 4866 αὖτῷ
1063 4795 1144 4859 είς
1189 4795 1365 4849 οίκίαν
1403 4795 1679 4861 εἰσελθὼν,
1716 4797 2006 4851 ἐκάθευδεν

422 4888 599 4960 μηδὲν
622 4887 881 4959 πολέμιον
910 4886 1261 4957 ἐννοούμενος
1282 4904 1297 4918 ·
1322 4887 1478 4941 τοῦτο
1503 4888 1690 4959 μαθὼν
1717 4891 1745 4942 ὁ
1773 4889 2006 4960 Γελίμερ

417 4980 771 5050 τριακοσίους
825 4980 1222 5051 ἐπιλεξάμενος
1265 4981 1587 5035 ἀποστέλλει
1641 4982 1763 5035 κατ’
1816 4982 2005 5038 αὑτοῦ.

430 5073 712 5137 Ἔλθόντες
736 5073 793 5127 δὲ
815 5072 1265 5142 περιεκύκλωσαν
1288 5074 1389 5145 τὴν
1414 5075 1615 5140 οἰκίαν,
1639 5074 1869 5138 δεδιότες
1894 5078 2008 5128 εἰσ-

416 5165 601 5221 ελθεῖν
650 5164 752 5238 τὴν
789 5165 1084 5227 νύκτα.,Οί
1108 5165 1167 5220 δὲ
1206 5166 1469 5239 Ῥωμαῖοι
1510 5166 1846 5237 αἰσθόμενοι,
1875 5168 2007 5221 ἀνα-

2108 4815 2220 4856 una
2251 4814 2375 4854 cum
2416 4795 2715 4852 comitibus
2765 4794 2988 4849 domum
3040 4789 3353 4861 quampiam
3386 4788 3691 4857 ingressus.

2110 4891 2245 4947 nihil
2298 4889 2500 4944 hostile
2536 4887 2749 4942 veritus
2802 4883 3140 4939 dormiebat.
3193 4880 3271 4936 Eo
3322 4880 3544 4949 c0gnito
3587 4887 3701 4931 tre-

2109 4991 2300 5039 centos
2332 4982 2483 5036 viros
2520 4980 2576 5035 in
2607 4994 2736 5035 eum
2768 4977 3015 5033 Gelimer
3048 4974 3277 5031 emittit.
3324 4970 3406 5026 Illi
3460 4968 3697 5041 profecti

2110 5077 2362 5140 domum,
2420 5088 2529 5144 qua
2562 5072 2813 5142 'jacebat,
2848 5085 2948 5141 per
2995 5067 3262 5123 ambitum
3306 5063 3643 5118 obsederunt
3678 5077 3692 5112 :

2117 5169 2278 5240 166
2311 5173 2480 5222 noctu
2514 5179 2752 5233 namque
2785 5163 2841 5217 in
2869 5176 2991 5218 eam
3020 5160 3327 5227 irrumpere
3348 5152 3690 5207 metuebant.

1797 5326 2034 5382 νΑιιιΑς
2072 5324 2486 5383 LECTIONES.

511 5447 560 5480 ⁸⁸
605 5445 796 5517 ἐπειδὴ
832 5447 897 5517 Α,
925 5444 1148 5517 ἐπειδὰν
1180 5445 1329 5517 vulg.

530 5516 780 5588 παλατίῳ
812 5516 960 5588 vulg.
979 5562 995 5588 ί
1022 5515 1083 5588 *³⁵
1112 5515 1289 5588 τούτῳ

513 5606 572 5655 μ.
604 5587 750 5657 vulg.

423 5658 528 5711 ιιι

1424 5448 1471 5481 ³⁸
1496 5449 1780 5503 παθόντων
1812 5450 1879 5505 Α.

831 5587 879 5619 ιι
903 5584 1206 5661 Γεᾉίμερος
1232 5584 1301 5661 β,
1328 5584 1565 5661 Γρλίμερ
1592 5584 1742 5661 vuig.

427 5796 629 5855 σασθαι
658 5795 888 5870 reliquis
913 5796 1135 5855 omissis
1159 5797 1310 5870 vulg.

1976 5450 2019 5481 ³⁷
2052 5447 2264 5509 τούτοις
2294 5447 2362 5512 Α,
2391 5445 2614 5508 τούτους
2644 5443 2792 5511 vulg.

1328 5521 1519 5623 ξρὶξΑ,
1551 5519 1728 5623 τούτῳ
1753 5520 1955 5623 τῷἁπρ.
1984 5519 2074 5574 vul

535 5607 572 5642 ι.
604 5607 750 5657 vutg.
831 5607 879 5619 "
908 5607 931 5639 ι
950 5607 1206 5655 εΛιμερος
1234 5607 1301 5656 Α,
1331 5607 1353 5641 Ι.
1373 5607 1565 5661 εΑιμερ
1592 5607 1742 5658 vulg.
1826 5607 1871 5623 ’⁸
1894 5607 2183 5660 παρετιυει
2205 5607 2265 5642 τε
2296 5607 2391 5643 και
2420 5607 2489 5649 ﬁ,
2514 5607 2841 5656 παρετιυετυ
2896 5607 2991 5629 sus
3022 5607 3129 5644 τιμε

535 5656 782 5726 πήγαγεν
805 5656 872 5723 A,
900 5656 1129 5724 ἐπάγειν
1156 5656 1303 5727 vulg.
1369 5658 1414 5691 “
1442 5659 1742 5729 ἀσφαλίσαι
1762 5659 1829 5726 A,
1855 5660 2113 5731 σφαλίσαι
2137 5658 2287 5731 vulg.
2371 5656 2417 5690 ⁸⁷
2446 5657 2634 5760 fielth
2659 5654 2726 5717 Α,
2750 5644 3129 5732 εἶσθιον,νυῙ8·

560 5726 605 5760 δ’
635 5726 862 5760 οηδηολυ
894 5727 921 5760 Δ
985 5726 1150 5760 ρέῖηο
1170 5728 1299 5760 1111117
1467 5731 1779 5760 ---ιλιι-..ι
1813 5731 1839 5760 Α
1894 5730 2205 5760 ---λἹριι-ηι
2244 5729 2373 5760 1011111
2497 5728 2511 5759 Ι
3058 5732 3129 5760 για

423 5742 480 5783 a.
544 5726 605 5801 _”
635 5726 862 5801 παλαιὸν
888 5727 957 5793 Α,
985 5726 1318 5801 πάλαινιιιίπ.
1390 5732 1438 5765 ⁸⁸
1467 5726 1781 5787 τετέλεσται
1807 5731 1875 5801 Α,
1894 5726 2210 5786 τετέλευται
2236 5726 2393 5800 vulg.
2466 5726 2511 5760 "

2876 5437 2920 5470 ³⁸
2957 5438 3036 5499 εἰς
3066 5434 3127 5487 τὸ
3183 5429 3445 5486 παλάτιον
3483 5428 3528 5499 Α»
3551 5443 3600 5487 e.
3634 5429 3691 5499 ἐν

2208 5497 2262 5550 ίδ
2288 5497 2540 5587 ὦρίιάέςρί
2561 5497 2627 5580 λ’,
2656 5497 2885 5587 όρξῗίσας
2909 5497 3057 5587 vulg.
3093 5573 3105 5587 '
3166 5501 3212 5533 “
3238 5501 3313 5587 ιοῦ
3343 5497 3696 5587 μετὰΙΑ,ικαὶ

2120 5558 2135 5573 ο
2208 5534 2255 5550 ”
2288 5534 2525 5587 ωρκισεν
2561 5534 2627 5580 ἢ,
2656 5534 2883 5585 ορχισας
2915 5534 3057 5574 vnlg.
3255 5534 3313 5554 νυ
3343 5534 3409 5569 με
3425 5534 3476 5552 tu
3504 5534 3569 5562 τι,
3603 5534 3694 5551 σενι·

2078 5534 2183 5642 gis:
2205 5605 2265 5642 τε
2296 5587 2391 5643 καὶ
2420 5588 2489 5649 Α,
2514 5582 2860 5656 παρετίθετο⁸
2893 5574 2991 5629 καὶ
3015 5573 3164 5656 vulg.
3206 5571 3283 5656 ﬂ“
3312 5566 3624 5656 oivoxést'A_
3642 5584 3694 5656 ει,

3205 5642 3253 5675 ⁸⁸
3280 5639 3698 5710 καταφυγόντας

2557 5708 2877 5779 αἰκίσασθαι
2902 5716 3031 5780 τοὺς
3058 5708 3342 5787 γεωργοὺς
3366 5710 3409 5767 Α
3439 5708 3698 5782 ’κακή-
