4088 6476
313 376 426 442 445

1629 372 1726 435 CH
1736 377 2307 445 RONOGRAPHIA.

3490 386 3599 452 446

306 480 630 551 στράτευμα
690 478 979 550 Ῥωμαίων
1025 479 1118 536 τὸν
1174 482 1415 553 ποταμὸν
1472 486 1754 550 διαϐάντες
1801 490 1895 542 ἐπὶ

2009 496 2257 564 pluribus
2293 514 2357 551 ex
2403 497 2651 554 Belisarii
2711 499 2976 555 satellitio
3028 502 3271 571 acceptis
3327 502 3379 556 in
3435 504 3593 575 167

301 574 435 635 τοὺς
468 572 768 641 πολεμίους
816 572 1127 644 ἐχώρησαν,
1160 577 1253 629 καὶ
1277 580 1501 640 τούτους
1542 580 1898 651 τρεψάμενοι,

305 664 478 735 μέχρι
504 662 599 717 τοῦ
629 666 993 736 στρατοπέδου
1027 666 1252 732 ἐδίωξαν
1283 668 1326 699 ⁷⁸
1347 686 1360 699 ·
1394 670 1490 723 καὶ
1518 670 1899 744 ὑποστρέψαν-

304 772 403 819 τες
448 755 579 820 τοὺς
607 755 839 828 νεκροὺς
883 756 1139 825 ἀπέδυον,
1164 758 1281 812 ὅσοι
1326 761 1557 830 μάλιστα
1599 762 1901 834 ὲχρυσοφό-

308 864 466 917 ρουν,
501 847 597 900 καὶ
626 849 706 909 είς
752 846 812 900 τὸ
842 849 1054 903 ἑαυτῶν
1102 853 1465 924 στρατόπεδον
1512 853 1899 927 ὑπεχώρησαν.

312 939 620 995 Ἀπέθανον
654 941 710 994 δὲ
740 942 799 995 ὲν
844 943 1020 1017 ταύτῃ
1070 949 1135 1017 τῇ
1178 948 1330 1019 μάχῃ
1373 946 1660 1019 Ῥωμαίων
1697 952 1900 1022 πεντή-

299 1049 493 1097 κοντα,
521 1032 844 1103 Οὑανδήλων
871 1035 917 1067 ⁷⁷
948 1035 1005 1090 δὲ
1030 1037 1364 1095 ὀκτακόσιοι.
1394 1036 1738 1097 Καταλαϐὼν
1766 1044 1823 1098 δὲ
1852 1043 1897 1077 ⁷⁸

301 1125 628 1197 Βελισάριος
683 1126 780 1180 σὺν
830 1129 944 1191 τοῖς
990 1129 1177 1194 πεζοῖς
1229 1132 1295 1204 τῇ
1328 1131 1475 1204 δείλῃ
1504 1132 1656 1206 ζπρὸς
1716 1135 1899 1206 ὀψίαν,
1926 1194 1942 1209 '

303 1218 508 1290 ἄραςη
540 1217 676 1290 (56),
698 1219 774 1283 ώς
798 1215 912 1290 εἶχε
938 1221 1162 1293 τάχους,
1188 1224 1287 1277 σὺν
1315 1226 1480 1278 παντὶ
1508 1224 1588 1297 τῷ
1620 1227 1839 1298 στρατῷ
1856 1229 1902 1260 ⁸ο

309 1311 401 1363 ἐπὶ
432 1308 495 1363 τὸ
526 1309 635 1363 τῶν
670 1311 993 1383 Οὑανδήὶων
1030 1316 1394 1386 στρατόπεδον
1425 1317 1623 1389 ᾤχετο.
1665 1320 1903 1392 Γελὶμερ

303 1403 364 1458 δὲ
408 1402 573 1472 γνοὺς
625 1403 947 1477 Βελισάριον
988 1408 1238 1476 παρόντα
1289 1410 1386 1463 σὺν
1419 1414 1533 1476 τοῖς
1580 1413 1766 1477 πεζοῖς
1810 1414 1904 1467 καὶ

304 1496 469 1549 παντὶ
507 1494 585 1568 τῷ
632 1498 871 1570 στρατῷ,
907 1499 1104 1562 ὲπιϐἀς
1131 1501 1209 1572 τῷ
1242 1502 1395 1577 ἵππῳ
1435 1504 1603 1577 μηδὲν
1649 1506 1905 1573 διαταξά-

302 1606 471 1659 μενος
503 1589 764 1662 ἀκρατῶς
798 1591 892 1644 ἐπὶ
917 1590 960 1624 ⁸¹
993 1593 1299 1666 Νουμιδίαν
1324 1596 1527 1666 ἔφυγεν
1559 1598 1679 1669 μετ’
1707 1598 1903 1668 ὀλίγων

300 1681 587 1752 συγγενῶν
612 1683 707 1738 καὶ
723 1684 950 1740 οἰκετῶν
973 1686 1140 1741 αὑτοῦ
1163 1689 1715 1762 καταπεπληγμένος.
1750 1692 1904 1747 Ἐπεὶ

297 1775 354 1829 δὲ
387 1776 553 1829 αὑτὸν
587 1778 831 1848 φυγόντα
856 1778 1085 1850 ᾔσθοντο
1117 1782 1167 1834 οἱ
1199 1783 1500 1853 Οὑανδῆλοι
1532 1784 1630 1836 καὶ
1658 1786 1704 1838 οί
1737 1784 1902 1838 πολέ-

2008 588 2051 641 Τ
2057 599 2339 649 zatzoncut
2367 605 2491 645 cum
2521 592 2763 648 clamore
2796 602 2845 647 ct
2878 594 3116 662 strepitu
3143 595 3341 651 insiliit
3378 615 3390 650 :
3421 612 3598 652 acris-

2006 696 2114 750 que
2162 697 2342 751 pugna
2379 682 2506 738 inde
2561 684 2801 739 conﬂata
2836 693 2945 751 est,
2984 700 3094 755 qua
3125 685 3392 754 Tzatzon,
3444 686 3625 753 Geli-A

2005 769 2175 823 meris
2206 770 2398 836 frater,
2427 773 2648 828 cecidit.
2684 772 2824 830 Tum
2852 790 2982 831 vero
3014 776 3268 832 universa
3313 778 3592 833 Romano-

2006 876 2129 915 rum
2174 864 2322 921 aeies
2362 863 2563 921 ﬂumen
2605 867 2888 937 trajiciens
2935 870 2993 925 in
3030 870 3221 927 hostes
3268 872 3491 941 irrupit,
3539 880 3597 927 et

2008 956 2061 1009 in
2084 956 2265 1024 fugam
2287 967 2441 1016 actus
2472 960 2541 1015 ad
2562 969 2747 1017 castra
2775 976 2953 1032 usque
2974 976 3152 1019 caesos
3177 962 3446 1019 insectata
3472 971 3557 1020 est
3578 980 3593 1020 :

2011 1060 2175 1120 atque
2225 1052 2355 1109 inde
2395 1069 2554 1110 versa
2589 1052 2729 1111 facie
2777 1055 2972 1125 pedem
3006 1054 3275 1122 referens,
3332 1058 3595 1123 mortuis,

2008 1146 2249 1204 maxime
2297 1148 2393 1218 qui
2454 1163 2596 1211 auro
2650 1159 2809 1204 erant
2865 1150 3203 1216 ornatior-es,
3263 1151 3468 1217 exutis,
3524 1149 3594 1205 ad

2004 1246 2189 1293 castra
2241 1239 2585 1311 remigravit.
2634 1239 2776 1297 Caesi
2811 1250 2942 1301 sunt
2974 1243 3029 1297 in
3066 1258 3130 1298 ea
3180 1257 3359 1314 pugna
3395 1241 3597 1298 Roma-

2009 1344 2205 1383 norum
2271 1332 2703 1403 quinquaginta,
2774 1346 2842 1388 ex
2921 1333 3187 1390 Vaudalis
3266 1335 3594 1405 octingenti.

2010 1419 2127 1477 Sub
2158 1439 2445 1494 vesperam
2473 1435 2656 1481 autem
2690 1426 2955 1481 inclinata
3000 1427 3115 1496 iam
3152 1426 3263 1493 die,
3297 1426 3596 1482 Belisarius

2007 1530 2132 1571 cum
2180 1516 2462 1585 peditibus
2523 1533 2784 1576 reversus
2829 1535 2937 1590 qua
2987 1535 3188 1575 cursus
3241 1520 3598 1575 contentione

2012 1609 2219 1679 potuit,
2286 1626 2414 1666 cum
2476 1613 2741 1669 universo
2803 1613 3056 1668 exercitu
3114 1613 3171 1667 in
3228 1612 3597 1678 Vandalorugn

2008 1713 2193 1759 castra
2250 1704 2512 1774 perrexit.
2549 1705 2793 1761 Gelimer
2837 1706 3165 1761 Belisarium
3215 1721 3344 1761 cum
3395 1704 3599 1775 pediti-

2008 1792 2115 1849 bus
2173 1802 2229 1848 et
2293 1795 2576 1862 agminum
2636 1795 2872 1865 reliquis
2952 1796 3150 1851 adesse
3226 1796 3596 1865 persentiens,

301 1885 420 1940 μιοι
452 1868 558 1941 ήδη
591 1869 865 1941 ἑωρῶντο,
906 1870 1028 1926 τότε
1062 1873 1126 1944 δὴ
1170 1872 1227 1927 οἴ
1251 1892 1311 1927 τε
1349 1874 1544 1946 ἄνδρες
1588 1876 1683 1930 καὶ
1712 1878 1896 1945 γυναῖ-

2010 1886 2208 1941 relicto
2229 1888 2481 1941 exercitu
2518 1886 2909 1956 incomposito,
2944 1885 3123 1944 eﬂuso
3152 1903 3319 1943 cursu
3368 1890 3601 1957 ipsoque

298 1978 397 2025 κες
422 1961 525 2016 καὶ
572 1960 643 2016 τὰ
688 1960 880 2018 παιδία
931 1962 1295 2035 ἐθορυϐοῦντο
1322 1967 1367 1998 ⁸³
1412 1968 1507 2020 καὶ
1559 1966 1807 2023 ἐκώκυον
1831 1970 1899 2036 ⁸³,

300 2053 397 2107 καὶ
424 2050 556 2107 οὔτε
605 2054 908 2126 χρημάτων
957 2057 1345 2126 μετεποιοῦντο
1391 2057 1516 2112 οὔτε
1557 2058 1666 2113 τῶν
1700 2058 1746 2091 ⁸⁸
1777 2060 1902 2130 φιλο

299 2146 479 2201 τάτων
506 2146 870 2218 ὀδυρομένων,
898 2147 1013 2202 ἀλλ’
1045 2149 1273 2213 ἕκαστος
1301 2148 1503 2219 ἔφυγεν
1528 2151 1666 2204 ὅπου
1696 2151 1743 2183 ⁸⁵
1776 2150 1904 2231 ἠδύ-

301 2256 453 2293 νατο.
492 2238 846 2303 Ἐπελθόντες
873 2238 931 2293 δὲ
963 2240 1013 2293 οἱ
1054 2240 1319 2313 Ῥωμαῖοι
1352 2242 1413 2296 τό
1442 2259 1501 2295 τε
1534 2243 1902 2314 στρατόπεδον

301 2333 589 2404 αἴρουσιν,
626 2331 722 2387 καὶ
757 2332 1144 2397 ἐπιδιώξαντες
1182 2334 1281 2406 τὴν
1314 2334 1485 2390 νύκτα
1521 2336 1675 2405 ὅλην,
1703 2336 1905 2409 ἄνδρας

300 2425 402 2497 μὲν
436 2427 590 2490 ὅσοις
630 2425 885 2496 ἐνέτυχον
916 2425 964 2458 ⁸⁸
1014 2425 1286 2491 ἔκτειναν,
1323 2427 1518 2491 παῖδας
1567 2428 1625 2480 δὲ
1673 2429 1771 2482 καὶ
1801 2445 1905 2497 γυ-

296 2522 501 2583 ναῖκας
535 2522 598 2573 ὲν
621 2519 979 2592 ἀνδραπόδων,
1022 2519 1169 2593 λόγῳ
1204 2518 1505 2575 ἐποιοῦντο.
1540 2520 1819 2592 Χρήματα
1848 2520 1905 2574 δὲ

294 2620 545 2675 τοσαῦτα
572 2619 633 2673 τὸ
664 2619 871 2691 πλῆθος
900 2614 1081 2690 εὗρον,
1110 2620 1211 2673 ὅσα
1244 2620 1502 2675 οὐδέποτε
1525 2621 1584 2675 ὲν
1602 2620 1684 2674 ἑνὶ
1719 2620 1905 2693 χωρίῳ

292 2714 604 2783 τετύχηκεν
632 2713 678 2745 ⁸⁷
721 2707 886 2768 εἶναι.
919 2712 1031 2784 Τὴν
1077 2713 1188 2786 γὰρ
1224 2712 1517 2785 Ῥωμαίων
1561 2712 1738 2785 ἀρχὴν
1786 2713 1905 2783 ληϊ-

294 2806 558 2876 σάμενοι,
601 2804 864 2876 χρήματα
909 2806 992 2869 εἰς
1040 2803 1252 2875 Λιϐύην
1298 2802 1471 2857 πολλά
1526 2806 1903 2874 μετήνεγκαν·

292 2898 390 2953 καὶ
425 2898 534 2968 τῆς
569 2897 755 2968 χώρας
784 2897 957 2967 αὐτῆς
1005 2898 1219 2967 ἀγαθῆς
1250 2896 1418 2968 οὔσης
1462 2896 1557 2951 καὶ⁵
1600 2896 1902 2968 εὐκάρπου,

292 2991 607 3062 χρημάτων
632 2990 887 3061 πρόσοδοι
909 2988 1107 3043 πολλαὶ¹
1128 2988 1316 3052 αὐτοῖς
1341 2990 1654 3056 γεγόνασιν.
1702 2990 1909 3060 Ἐνενή-

293 3102 470 3138 κοντα
503 3084 665 3137 πέντε
696 3084 808 3155 γὰρ
839 3082 937 3154 ἐτη
968 3082 1177 3154 Λιϐύης
1211 3082 1514 3152 Οὑανδῆλοι
1562 3083 1902 3154 ἐκράτησαν,

2006 1985 2156 2031 metu
2179 1984 2409 2045 urgente
2430 1977 2772 2047 compulsus,
2793 1992 2919 2032 cum
2939 1977 3134 2047 paucis
3164 1978 3598 2049 consanguineis

2006 2075 2062 2123 et
2098 2067 2465 2125 familiaribus
2504 2069 2562 2125 in
2597 2067 2914 2125 Numidiam
2961 2069 3197 2141 aufugit.
3243 2069 3539 2141 Comperta
3566 2085 3600 2125 a

2015 2158 2272 2216 Vandalis
2328 2160 2450 2231 ejus
2510 2162 2663 2233 fuga,
2731 2161 2985 2233 ipsisque
3041 2162 3303 2218 hostibus
3359 2161 3476 2230 jam
3538 2163 3598 2219 in

2005 2261 2305 2324 conspectu
2337 2253 2557 2325 positis,
2590 2263 2723 2310 tunc
2750 2254 3019 2321 virorum,
3057 2257 3375 2323 mulierum,
3398 2263 3455 2311 et
3495 2271 3600 2326 pu-

2005 2360 2230 2401 erorum
2276 2347 2595 2416 promiscua
2642 2346 2804 2401 turba
2842 2346 3064 2401 sublato
3113 2345 3326 2416 ejulatu
3377 2355 3598 2401 terrore

2009 2436 2278 2493 confundi
2332 2447 2388 2493 et
2456 2438 2672 2494 turbari
2704 2455 2720 2494 :
2752 2437 3078 2508 abiectaque
3148 2438 3472 2493 facultatum
3545 2445 3605 2493 et

2009 2530 2467 2587 ebarissimorum
2506 2546 2667 2600 cura,
2692 2549 2800 2604 qua
2829 2537 3069 2605 quisque
3090 2534 3291 2604 potuit,
3324 2534 3379 2587 in
3416 2531 3602 2603 fugam

2008 2636 2069 2677 se
2098 2622 2355 2691 conjecit.
2398 2621 2636 2681 Romani
2678 2625 2809 2680 dato
2859 2624 3012 2680 aditu
3050 2625 3423 2695 irrumpentes
3476 2639 3602 2681 cas-

2009 2713 2112 2769 tris
2170 2715 2482 2784 potiuntur,
2532 2723 2590 2771 et
2652 2716 2929 2788 fugientes
2987 2732 3087 2787 per
3150 2725 3323 2773 totam
3375 2724 3599 2772 noctem

2008 2807 2270 2872 insecuti,
2304 2809 2459 2865 viros
2486 2809 2711 2880 quidem
2740 2808 2959 2864 obviam
2999 2808 3174 2864 factos
3215 2816 3601 2878 peremerunt,

2012 2915 2220 2970 pueros
2279 2909 2463 2958 autem
2493 2909 2547 2957 et
2574 2901 2840 2958 mulieres
2897 2902 3147 2972 captivas
3207 2902 3261 2954 in
3309 2914 3638 2967 servorum_

2011 3008 2305 3049 numerum
2348 3003 2773 3050 recensuerunt.
2806 2993 2984 3049 Porro
3018 2992 3384 3064 pecuniarum
3421 2999 3478 3048 et
3508 2991 3601 3047 di-

2010 3085 2268 3139 vitiarum
2307 3100 2428 3140 eam
2474 3085 2551 3140 ibi
2585 3086 2696 3140 vim
2732 3093 3061 3156 repererunt
3086 3127 3101 3152 ,
3129 3099 3297 3157 quam
3327 3083 3383 3137 in
3429 3098 3601 3138 unum

293 3176 389 3229 καὶ
418 3174 598 3228 πολὺν
622 3173 856 3229 πλοῦτον
886 3174 931 3206 ⁸⁸
964 3174 1370 3244 συναγαγόντες
1406 3173 1592 3246 ἐκείνῃ
1621 3178 1687 3246 τῇ
1722 3175 1904 3248 ἡμέρᾳ

2012 3177 2194 3233 locum
2254 3193 2488 3249 usquam
2539 3192 2840 3249 congerere
2881 3177 3069 3233 liceat.
3118 3179 3409 3244 Quondam
3454 3174 3604 3229 enim

296 3270 381 3334 είς
413 3270 525 3334 τὰς
569 3267 680 3323 τῶν
729 3267 1023 3340 Ῥωμαίων
1064 3271 1255 3340 χεῖρας
1298 3269 1326 3321 δ
1367 3269 1474 3335 πᾶς
1525 3267 1756 3333 πλοῦτος
1801 3271 1905 3323 ὲπ-

290 3362 531 3433 ανῆκεν.
575 3363 663 3417 Ἐν
708 3363 858 3434 τρισὶ
880 3362 991 3433 γὰρ
1019 3361 1158 3433 μησὶ
1186 3362 1502 3434 πολεμήσας
1532 3362 1561 3414 ὁ
1592 3363 1636 3395 ⁸ο
1676 3362 1906 3419 Βελισά-

290 3471 415 3527 ριος
448 3454 560 3508 ἀπὺ
580 3451 673 3507 τοῦ
710 3452 1045 3525 Ὀκτωϐρίου
1091 3453 1268 3525 μηνὸς
1291 3454 1372 3516 εἰς
1404 3452 1466 3505 τὸ
1491 3452 1647 3518 τέλος
1677 3454 1771 3507 τοῦ
1804 3455 1907 3507 Δε-

287 3544 574 3618 κεμϐρίου
621 3546 803 3600 πᾶσαν
831 3544 932 3616 τὴν
977 3544 1189 3616 Λιϐύην
1238 3544 1529 3609 ὑπέταξεν.
1591 3546 1904 3600 Ἀπέστειλε

286 3642 356 3697 δὲ
387 3642 652 3712 Ἰωάννην
688 3642 783 3696 τὸν
815 3641 1104 3713 Ἀρμένιον
1139 3642 1239 3695 σὺν
1266 3641 1563 3705 διακοσίοις
1595 3640 1905 3705 ἐπιλέκτοις

286 3735 521 3790 διώκειν
556 3734 651 3789 τὸν
680 3735 958 3807 Γελίμερα
986 3734 1095 3798 ἕως
1125 3734 1287 3788 αὑτὸν
1321 3732 1503 3797 ζῶντα
1534 3734 1568 3805 ἢ
1595 3734 1788 3805 νεκρὸν
1811 3734 1906 3787 λα-

288 3828 440 3884 ϐεῖν.
480 3830 580 3891 ’ος
611 3826 826 3898 φθάσας
852 3830 899 3861 θθ
926 3826 1018 3881 τὸν
1041 3825 1314 3898 Γελίμερα
1341 3826 1546 3897 ἤμελλε
1577 3825 1903 3897 λαμϐάνειν,

288 3922 346 3974 εί
377 3920 461 3991 μὴ
493 3919 802 3991 συνηνέχθη
836 3922 1070 3992 πρᾶγμα
1093 3920 1295 3974 τοιόνδε
1320 3937 1335 3951 ·
1361 3920 1649 3991 Οὐλιάριός
1678 3936 1763 3984 τις
1796 3921 1917 4001 τῶν»

289 4011 628 4084 Βελισαρίου
668 4011 985 4083 δορυφόρων
1041 4012 1209 4084 συνῆν
1256 4012 1335 4084 τῷ
1364 4012 1614 4084 Ἰωάννῃ.
1674 4012 1733 4077 ὃς
1778 4012 1906 4083 οῐνῳ

295 4103 729 4176 μεμεθυσμένπ
756 4105 803 4136 ⁹¹
842 4104 967 4161 ἰδὼν
996 4105 1147 4178 ὄρνιν
1174 4105 1268 4158 ἐπὶ
1296 4105 1517 4176 δένδρου
1557 4105 1904 4177 καθημένην,

291 4198 559 4263 ἐκτείνας
590 4198 653 4252 τὸ
694 4198 848 4267 τόξον
882 4198 1006 4253 κατ’
1049 4198 1221 4269 αὐτῆς
1254 4198 1451 4252 ἔϐαλεν
1486 4201 1555 4263 ³³,
1591 4201 1688 4252 καὶ
1735 4199 1835 4271 τῆς
1862 4199 1907 4230 ’³

294 4292 407 4363 μὲν
436 4292 655 4364 δρνιθος
704 4292 999 4365 ἀπέτυχεν,
1031 4292 1124 4346 τὸν
1172 4292 1232 4346 δὲ
1257 4292 1518 4364 Ἰωάννην
1559 4292 1785 4345 ὄπισθεν
1828 4293 1910 4356 εἰς

290 4386 395 4441 τὸν
432 4385 640 4457 αὐχένα
669 4385 886 4440 ἔϐαλεν.
924 4387 982 4441 '0
1011 4386 1067 4439 δὲ
1098 4386 1321 4456 καιρίαν
1356 4385 1588 4456 πληγεὶς
1615 4385 1902 4452 τέθνηκεν,

295 4483 445 4535 πολὺ
472 4480 639 4534 αὑτοῦ
670 4480 721 4513 ³⁸⁵
748 4480 945 4543 πένθος
972 4480 1187 4548 βασιλεῖ
1210 4496 1271 4532 τε
1297 4476 1669 4547 ’Ῑουστινιανῷ
1694 4479 1792 4531 καὶ
1820 4477 1911 4530 Βε-

2013 3269 2241 3326 Vandali
2293 3270 2671 3327 Romanorum
2720 3271 3016 3341 imperium
3072 3278 3247 3323 totum
3282 3269 3336 3321 in
3375 3265 3606 3336 direpti-

2004 3378 2171 3419 onem
2212 3364 2318 3420 sibi
2347 3379 2675 3421 coneessum
2722 3362 3047 3433 deprmdati,
3083 3361 3308 3417 divitias
3342 3368 3398 3413 et
3432 3357 3607 3411 facul-

2010 3465 2151 3513 tates
2202 3457 2258 3512 in
2304 3455 2535 3528 Lybiam
2586 3463 3110 3527 transportaverunt
3160 3456 3462 3507 immensas
3497 3464 3607 3504 :ac

2006 3552 2289 3621 regionem
2322 3551 2554 3620 insuper
2595 3550 2863 3620 optimam
2895 3557 2952 3604 et
2989 3547 3387 3602 fertilissimam
3433 3543 3604 3609 nacti,

2002 3643 2358 3698 fortunarum
2386 3652 2443 3699 et
2481 3657 2649 3715 opum
2686 3643 2939 3697 omnium
2974 3640 3319 3709 collegerunt
3362 3650 3607 3707 proven-

2009 3750 2119 3793 tus.
2156 3737 2371 3808 Quippe
2400 3736 2698 3807 nonaginta
2738 3734 2989 3807 quinque
3023 3732 3186 3787 annis
3220 3731 3388 3802 [.ybia
3450 3726 3607 3799 potiti

2013 3828 2268 3893 Vandali,
2305 3840 2357 3884 et
2391 3829 2677 3883 variorum
2736 3827 3014 3882 bonorum
3066 3825 3226 3893 copia
3287 3818 3607 3878 circumﬂu-

2009 3931 2191 3990 entes,
2246 3937 2357 3978 uno
2409 3921 2519 3977 diei
2574 3926 2858 3975 momento
2891 3918 2947 3973 in
2976 3916 3359 3972 Romanorum
3411 3926 3611 3968 manus

2006 4015 2243 4085 delapsi,
2279 4013 2539 4070 omnibus
2571 4013 2639 4067 ad
2671 4012 2959 4066 Romanos
3002 4008 3368 4064 redeuntibus
3420 4022 3611 4063 cesse-

2011 4118 2163 4163 runt.
2239 4106 2537 4162 Trimestri
2618 4103 2896 4175 siquidem
2973 4101 3141 4166 bello,
3212 4101 3282 4155 ab
3355 4098 3611 4155 Octobris

2010 4203 2243 4258 exordio
2289 4202 2357 4255 ad
2410 4200 2730 4256 Decembris
2764 4198 2972 4253 exitum
3004 4194 3235 4267 Lybiam
3295 4194 3610 4248 universam

2014 4296 2317 4352 Belisarius
2339 4295 2575 4366 subegit.
2599 4292 2748 4347 Misit
2773 4301 2956 4347 autem
2977 4290 3247 4345 Joannem
3284 4285 3610 4340 Armenium

2012 4404 2140 4444 cum
2191 4386 2450 4443 ducentis
2503 4384 2770 4440 militibus
2822 4384 3067 4445 selectis,
3125 4382 3220 4450 qui
3278 4378 3611 4435 Gclimerem

2004 4480 2428 4549 insequeretur,
2468 4484 2523 4531 et
2554 4489 2679 4531 eum
2711 4490 2809 4531 seu
2835 4473 3046 4538 vivum,
3078 4487 3176 4528 seu
3205 4473 3313 4525 vita
3354 4469 3609 4524 functum

292 4573 537 4644 λισαρίῳ
567 4573 662 4627 καὶ
685 4574 822 4627 πᾶσι
861 4573 1165 4644 Ῥωμαίοις
1192 4572 1287 4625 καὶ
1318 4569 1719 4642 Καρχηδονίοις
1745 4584 1904 4623 κατα-

2015 4568 2534 4642 comprehenderet.
2602 4570 2654 4624 ls
2708 4566 3039 4623 Geliinerem
3110 4572 3429 4626 assecutus,
3497 4561 3609 4630 jam

295 4666 478 4723 λιπών
508 4668 556 4700 ’⁵
584 4684 599 4699 θ
630 4664 805 4729 οὕτως
856 4664 1093 4736 Γελίμερ
1149 4661 1433 4733 διαφυγὼν
1490 4663 1549 4716 ἐν
1597 4661 1780 4732 ἐκείνῃ
1832 4664 1901 4733 τῇ

294 4759 513 4830 ἡμέρᾳ,
546 4759 639 4813 ἐπὶ
663 4757 1049 4829 Μαυρουσίους
1078 4755 1300 4827 ἐχώρει.
1333 4754 1649 4825 Βελισάριος
1689 4753 1748 4807 δὲ
1778 4753 1904 4808 τοῦ-

291 4870 393 4907 τον
419 4852 620 4918 διώξας
648 4854 728 4910 εἰς
762 4849 1023 4905 Παποῦαν
1052 4849 1100 4881 ’θ
1131 4849 1193 4901 τὸ
1215 4847 1343 4919 ὅρος
1373 4846 1698 4900 ἀπέκλεισεν
1728 4847 1809 4909 εἰς
1834 4845 1903 4899 τὰ

296 4953 516 5025 ἔσχατα
557 4948 881 5020 Νουμιδίας.
931 4947 1136 5000 Τοῦτον
1168 4945 1227 4999 δὲ
1274 4943 1663 5017 παρακαθίσας
1694 4942 1785 4996 διὰ
1808 4940 1906 4995 τοῦ

299 5045 578 5119 χειμῶνος
606 5042 909 5115 λειψάντων
938 5038 1094 5113 αὑτῷ
1149 5038 1374 5094 πάντων
1421 5036 1533 5092 τῶν
1579 5035 1907 5106 ἐπιτηδείων

2011 4664 2269 4719 manibus
2336 4660 2581 4724 tenebat,
2647 4660 2755 4714 nisi
2826 4658 2959 4729 quid
3007 4657 3217 4730 negotii
3283 4650 3609 4725 liujusmodi

2013 4755 2345 4826 capiendum
2382 4752 2747 4825 impediisset.
2806 4750 3050 4807 Uliarius
3093 4749 3321 4820 quidam
3360 4744 3614 4802 Belisarii

2014 4850 2235 4907 satelles
2290 4850 2342 4901 iu
2399 4845 2630 4903 Joannis
2663 4845 2930 4902 comitatu
2980 4853 3095 4899 tum
3148 4843 3274 4909 fuit,
3326 4841 3421 4912 qui
3483 4853 3614 4894 cum

2015 4944 2147 4999 vino
2206 4942 2465 4998 madidus
2501 4956 2657 4996 avem
2718 4939 2907 4995 arbori
2963 4939 3197 4995 vidisset
3254 4935 3611 4997 insidentem,

2016 5035 2236 5093 directo
2278 5035 2333 5091 in
2375 5050 2497 5092 eam
2541 5050 2675 5090 arcu
2720 5034 2895 5090 telum
2948 5033 3231 5097 emittens,
3277 5044 3307 5084 a
3365 5024 3616 5085 ferienda

1550 5144 1790 5202 VARUE
1828 5145 2237 5203 LECTIONES.

375 5250 428 5282 ⁷⁸
456 5246 712 5320 ἐδίωξαν]
756 5245 1048 5318 ἐχώρησαν
1078 5241 1223 5312 vulg.
1300 5241 1345 5272 ""
1378 5238 1677 5313 Οὐανδῆλοι
1708 5239 1773 5290 Α.
1848 5239 1895 5271 ’⁷⁸
1921 5238 1979 5292 δὲ
2027 5241 2263 5295 alterum
2304 5240 2430 5295 add.
2487 5256 2555 5295 ex
2597 5240 2662 5294 A.

384 5323 459 5366 la-
561 5319 609 5350 ⁸⁸
646 5318 859 5366 στοατῶ
897 5319 937 5366 Α
970 5315 1009 5366 f.
1036 5310 1392 5366 στρατοπέδω
1424 5310 1576 5366 vulg.
1667 5309 1709 5339 °’
1740 5309 1834 5362 ἐπὶ
1868 5309 1995 5365 add.
2022 5327 2090 5366 ex
2112 5314 2180 5366 A.
2286 5312 2332 5343 ⁸²
2359 5310 2657 5366 ἐθορυϐοὖν

304 5323 459 5391 vulg.
561 5306 617 5350 ⁸⁸
646 5306 956 5391 σξραὲῷᾛ-
970 5315 1009 5379 Γ,
1036 5306 1392 5391 στρατοπέδω
1424 5306 1576 5391 vulg.

2790 5239 2837 5271 ⁷⁸
2871 5240 3013 5308 ἄρας
3042 5255 3070 5292 a
3122 5255 3171 5304 e,
3200 5237 3349 5307 ὧρας
3370 5236 3460 5308 AA.
3503 5234 3613 5308 ἀρα

2286 5312 2332 5343 ⁸²
2359 5310 2725 5382 ἐθορυϐοῦντο
2758 5310 2825 5373 Α,
2864 5306 3160 5382 ἐθορύϐουν
3365 5306 3615 5382 ⁸³,ἐκόκη

501 5391 567 5443 Α.
647 5390 698 5423 ⁸⁵
713 5372 844 5443 δι»τέ
888 5372 1008 5440 τῶν
1029 5372 1258 5452 Α,ὀὺδὲν
1296 5372 1408 5437 τῶν
1433 5372 1590 5452 vulg.
1621 5380 1684 5452 ,⁸⁵
1711 5379 1847 5452 ὅπου
1883 5381 1952 5446 Α,
1976 5382 2103 5435 ὅσον
2136 5384 2284 5452 vulg.
2348 5382 2396 5415 ⁸⁸
2421 5372 2676 5451 ἐνέτυχον
2702 5382 2767 5441 Α,
2802 5372 2995 5452 ἔτυχόν
3021 5381 3168 5452 vulg.
3211 5378 3274 5452 _°"
3307 5372 3614 5452 τετύχηκεν

306 5467 374 5527 Α,
411 5464 603 5530 ἔτυχεν
632 5461 801 5531 vulg._
850 5459 895 5490 ⁸⁸
932 5451 1375 5531 πολὺν-πλοῦτον
1407 5451 1647 5531 μήπολρ
1675 5449 1909 5531 πλοῦτος
1947 5453 2114 5531 v_u_lg._
2170 5455 2215 5487 ⁸³
2239 5449 2275 5507 ὃ
2307 5453 2435 5531 add.
2466 5467 2532 5531 ex
2577 5449 2644 5508 Α.

306 5521 585 5604 etiam};
612 5534 692 5604 Α,
715 5521 838 5601 μἐθ.
865 5529 1014 5604 vulg.
1039 5599 1048 5604 _
1095 5527 1142 5559 ⁸³
1176 5523 1370 5604 ςϐαλεν
1390 5522 1458 5604 Δ..
1482 5521 1713 5604 ἔϐαλλεν
1741 5521 1891 5592 vulg.

305 5592 435 5660 πὼν
458 5605 523 5658 Α.
566 5592 579 5596 ⁷
601 5605 648 5635 ⁸⁸
669 5592 988 5657 names;
1025 5599 1090 5652 Α.
1112 5593 1332 5666 τοῦτον]
1353 5594 1548 5649 τούτου
1580 5592 1725 5662 vulg.

1976 5524 2024 5556 ⁸³
2045 5518 2153 5596 τῆς
2177 5539 2230 5591 a,
2262 5523 2359 5579 τοῦ
2412 5526 2561 5595 vulg.
2646 5524 2696 5557 ”
2720 5518 2891 5577 αὐτοῦ
2919 5518 3047 5578 add.
3102 5536 3170 5576 ex
3196 5518 3262 5573 Α.

3354 5448 3398 5478 σι
3438 5462 3609 5516 μεμε,

2733 5455 2779 5485 ⁹⁰
2812 5449 3048 5522 φθάσας]
3072 5450 3166 5505 καὶ
3195 5449 3261 5501 Δ.
3354 5449 3398 5478 ’⁸
3438 5462 3609 5516 μεμε.

2733 5523 2891 5571 αὐτοῦ
2919 5521 3047 5571 add.
3102 5536 3170 5571 ex
3196 5518 3262 5571 Α.
3360 5518 3408 5553 ³⁵
3428 5518 3617 5571 ἀπολιο

1622 5686 1767 5745 ιΑο.
1804 5683 2025 5744 GOARI
2051 5684 2283 5744 NOTAE.

1622 5686 1767 5745 ιΑο.
1856 5684 2025 5742 OARI
2051 5685 2093 5742 N
2146 5686 2190 5742 Τ
2268 5729 2283 5744 .

384 5792 502 5863 ('56)
538 5788 659 5861 Ipse
681 5781 943 5861 Procop.,
978 5786 1124 5858 ἀμφὶ
1153 5782 1338 5860 δείλην
1390 5781 1551 5855 ὀψίαν
1578 5782 1756 5859 ἄρας’
1804 5686 2031 5841 geniem
2078 5684 2407 5852 Ιὲἰίὶἒῗνίιιε,
2456 5798 2580 5839 cum
2643 5796 2763 5839 sero
2830 5777 2966 5837 hora
3040 5777 3277 5837 tardiori
3344 5778 3615 5836 movisset.

311 5864 613 5923 Coussrts.
