4088 6470
246 403 337 468 449
1523 404 2201 467 CHRONOGRAPHIA.

3386 408 3495 475 456

243 518 437 587 νήσους,
485 516 653 587 αἴπερ
703 515 870 586 ἐγγύς
916 516 1022 571 εἰσι
1069 517 1191 588 τῆς,
1221 516 1479 571 Ὠκεανοῦ
1533 517 1804 588 εἰσϐολῆς,

1929 518 2128 586 generis
2193 515 2475 573 molestias
2535 516 2735 588 Papum
2790 519 2977 577 subire
3033 528 3283 587 coacl-s,
3345 538 3495 581 nunc

241 605 498 680 Μαῖδρικά
539 625 599 661 τε
636 606 730 663 καὶ
777 604 1074 679 Μινόρικα,
1106 608 1514 679 Ἀπολλινάριον
1555 607 1805 662 ἔστελλεν

1929 609 2127 662 lemnm
2179 609 2378 678 captivi
2419 612 2604 679 specie
2629 627 2950 681 oppressus,
2998 614 3205 668 nullius
3245 615 3497 682 alterius,

239 700 393 770 ἄνδρα
425 699 633 769 ἀγαθὸν
660 699 846 762 εἰς’τὰ
880 698 1137 769 πολέμια.
1172 699 1485 753 Ἀπέστειλε
1516 700 1572 752 δὲ
1620 700 1712 753 καὶ
1747 701 1806 753 ἐν

1929 716 2076 771 piam
2132 701 2345 770 copiosi
2398 700 2547 759 risus
2589 702 2783 772 dignas
2836 719 2925 759 res
2985 705 3255 761 humanas
3303 722 3498 762 onmes

240 793 445 865 Σικελία
469 793 582 865 (59)
611 792 765 856 τινὰς
784 791 895 845 τῶν
910 791 1211 854 Λιόυαίων,
1232 794 1325 845 καὶ
1350 791 1456 845 τῶν
1483 791 1809 862 υὺανδήλων

1929 793 2283 848 :xistimabat.
2330 792 2464 846 Eunt
2503 810 2666 863 porro
2696 811 2820 850 cum
2872 797 3234 867 optimatibus
3277 798 3499 853 Vanda-

235 884 288 942 ὀδ
318 885 578 957 φρούριον
606 884 789 937 λαϐεῖν
816 884 1125 938 ἐκέλευσεν.
1158 886 1219 937 Οἱ
1249 884 1305 937 δὲ
1339 884 1499 938 τοῦτο
1531 884 1574 915 ³⁸
1604 884 1809 952 φυλάτ-

1917 884 2095 938 Iorum
2153 880 2411 940 omnibus
2448 900 2477 939 a
2514 887 2785 943 dedecore
2834 889 2996 959 longe
3042 899 3097 944 et
3148 900 3500 961 contemptu,

237 997 404 1042 τοντες
431 978 617 1032 Γὸτθοι
643 978 779 1047 πρὸς
806 978 849 1010 ⁸⁸
880 977 979 1048 τὴν
1004 977 1219 1049 μητέρα
1249 977 1607 1046 Ἀταλαρίχου
1635 972 1809 1030 ταῦτα

1929 975 2023 1030 sub
2069 984 2186 1031 tuta
2238 975 2368 1031 licet
2396 977 2674 1042 custodia,
2713 980 2889 1033 tenuit
2928 979 3257 1049 Belisarius,
3286 993 3345 1037 ut
3378 997 3503 1036 eum

236 1072 355 1142 δῆλα
377 1070 666 1142 ἐποίησαν.
713 1070 778 1124 Ἦ
807 1071 863 1124 δὲ
918 1071 1122 1139 γράφει
1174 1070 1314 1141 πρὸς
1362 1070 1684 1140 Βελισὰριον
1734 1068 1810 1141 μὴ

1929 1065 1986 1120 ad
2021 1065 2406 1137 imperatorem
2433 1067 2804 1124 Justinianum
2828 1069 3150 1143 Byzantium
3183 1074 3501 1131 deduceret.

236 1163 379 1217 τοῦτο
408 1162 687 1234 τυραννίδι
718 1163 762 1194 ¹⁷
802 1162 989 1215 λαϐεῖν
1038 1162 1101 1215 τὸ
1146 1161 1428 1234 φρούριον,
1479 1162 1586 1225 ἓως
1625 1160 1692 1215 ἂν
1723 1161 1819 1233 βα-

1914 1157 2190 1217 Continuo
2238 1178 2373 1218 vero
2424 1163 2689 1235 Cyrillum
2730 1180 2854 1219 cum
2906 1166 3085 1237 capite
3114 1166 3405 1223 Tzatzonis
3446 1169 3501 1225 in

238 1256 407 1319 σιλεὺς
459 1254 840 1317 Ἰουστινιανὸς
878 1252 1012 1324 γνῷ,
1063 1254 1155 1307 καὶ
1181 1254 1248 1309 τὰ
1290 1252 1551 1308 δοκοῦντα
1580 1251 1621 1285 ¹⁸
1666 1251 1815 1323 αὐτῷ

1929 1252 2226 1307 Sardiniam
2277 1253 2538 1317 insulam,
2601 1252 2849 1324 Cyrnum
2901 1256 3030 1310 olim
3081 1256 3309 1323 dictam,
3346 1258 3507 1329 169

243 1348 448 1420 ποιήσῃ.
480 1347 573 1399 Ἐν
608 1345 783 1418 τούτῳ
834 1346 893 1400 δὲ
939 1348 967 1400 ὁ
1001 1345 1367 1410 Οὑανδαλικδς
1415 1345 1653 1417 πόλεμος
1696 1345 1813 1398 ἐτε-

242 1440 390 1497 λεύτα

1912 1346 2290 1416 misit;quam
2345 1348 2435 1402 ille
2483 1349 2835 1418 postmodum
2877 1349 2931 1403 in
2966 1348 3347 1406 Romanorum
3402 1366 3506 1421 po-

1911 1439 2411 1509 testatemlrecepit.
2430 1436 2697 1493 Joannem
2723 1447 2905 1494 autem
2923 1439 3153 1496 alterum
3171 1440 3503 1506 Caesaream,

238 1548 349 1603 quae
396 1532 736 1588 Mauritaniae
768 1539 851 1587 est
885 1530 1163 1602 distatque
1210 1545 1239 1584 a
1286 1528 1622 1601 Carthagine
1688 1528 1913 1601 triginta
1966 1530 2183 1585 dierum
2242 1531 2458 1595 itinere,
2535 1532 2601 1585 ad
2680 1530 2860 1586 Gades
2899 1543 2960 1609 et
3024 1532 3159 1587 solis
3224 1547 3506 1595 occasum,

235 1629 350 1691 sita,
384 1634 441 1682 et
469 1627 699 1696 insuper
744 1624 977 1680 alterum
1018 1624 1295 1680 Joannem
1343 1640 1511 1680 unum
1548 1638 1613 1679 cx
1648 1623 1977 1678 satellitibus
2012 1624 2081 1678 ad
2115 1622 2313 1678 fretum
2376 1623 2711 1680 Gaditanum
2784 1635 2948 1694 atque
3023 1626 3247 1680 alteram
3303 1625 3513 1681 liercn-

232 1724 293 1777 lis
333 1723 650 1778 columnam
683 1722 860 1786 misit,
919 1722 1013 1792 qui
1068 1729 1335 1788 castrum,
1383 1719 1529 1793 quod
1574 1720 1803 1791 Septum
1842 1731 2065 1788 vocant,
2101 1728 2440 1790 occuparet:
2470 1718 2870 1790 Apollinarium
2913 1734 3046 1773 vero
3113 1719 3290 1775 virum
3364 1720 3513 1773 bello

229 1812 501 1887 Egregium
555 1814 623 1869 ad
675 1815 890 1871 insulas
916 1829 1039 1885 quae
1072 1815 1303 1886 prapius
1339 1816 1537 1870 absunt
1572 1814 1640 1868 ab
1671 1814 1873 1869 Oceani
1910 1814 1963 1869 in
2033 1815 2501 1869 mediterraneum
2564 1810 2799 1872 inﬂuxu,
2870 1809 3187 1878 Majoricam
3244 1810 3511 1865 nimirum

231 1924 385 1981 atque
439 1908 766 1964 Minoricam
824 1908 1143 1974 destinavit,
1184 1919 1240 1965 et
1285 1908 1340 1963 in
1388 1907 1635 1962 Siciliam
1708 1906 2010 1963 nonnullos
2064 1906 2271 1961 milites
2323 1922 2389 1960 ex
2470 1902 2665 1975 Lybia,
2715 1902 2808 1972 qui
2888 1901 3257 1957 Vandalorum
3328 1918 3512 1957 arcent

232 2005 327 2064 sub
353 2001 613 2073 praesidio
644 2010 912 2058 tenerent.
944 2002 1129 2059 Castri
1189 2017 1320 2058 vero
1385 2002 1641 2057 custodes
1682 2000 1871 2056 Gottbi
1947 1999 2096 2055 istud
2149 1998 2449 2053 Ataiarichi
2515 1998 2679 2051 matri
2740 1996 2942 2053 litteris
3000 1991 3510 2077 manifestaverunt;

232 2097 316 2153 Illa
357 2097 651 2162 Belisario,
699 2112 769 2154 ne
812 2108 1061 2154 castrum
1124 2098 1412 2170 tyrannice
1443 2104 1871 2168 expugnaretur,
1948 2093 2268 2165 priusquam
2318 2093 2620 2162 imperator
2667 2090 3012 2145 Justinianus
3061 2090 3265 2144 certior
3331 2090 3507 2159 ﬁeret,

231 2201 497 2257 suumque
524 2202 690 2258 super
723 2200 785 2243 ea
814 2201 875 2242 re
906 2186 1198 2243 consilium
1227 2187 1602 2259 explicuisset,
1629 2187 1927 2258 signiﬁcat.
1964 2181 2043 2240 lla
2075 2186 2294 2240 demum
2341 2182 2639 2238 Vandalira
2692 2182 2832 2238 bella
2882 2182 3044 2237 linem
3083 2181 3346 2237 habuere.

306 2282 363 2338 Ὀ
391 2283 451 2337 δὲ
483 2283 699 2353 φθόνος,
731 2277 819 2337 οἷα
853 2285 909 2336 ὲν
947 2275 1159 2355 μεγάλῃ
1192 2282 1305 2354 (40)
1339 2280 1655 2354 εὐδαιμονίᾳ
1678 2282 1821 2351 φιλεῖ

1997 2280 2270 2335 Caeterum
2341 2278 2569 2342 invidia,
2650 2277 3117 2347 quemadmodum
3194 2275 3249 2331 in
3317 2292 3515 2348 magna

231 2374 576 2446 γίνεσθαιίθ,
619 2370 777 2429 ώδινε
832 2376 927 2427 καὶ
977 2377 1057 2438 εἰς
1112 2374 1452 2446 Βελισάριον.
1504 2374 1662 2438 Τινὲς
1712 2374 1821 2445 γὰρ

231 2467 507 2521 διέϐαλλον
534 2465 698 2520 αὐτὸν
729 2467 810 2529 εἰς
839 2464 933 2519 τὸν
965 2464 1196 2535 βασιλέα
1227 2465 1520 2538 τυραννίδα
1565 2465 1819 2538 μελετᾷν.

238 2560 298 2616 ’0
323 2559 381 2613 δὲ
411 2558 673 2631 βασιλεὺς
722 2556 948 2628 πέμψας
983 2557 1273 2630 ὣλομῶνα
1308 2558 1677 2630 ἀποπειρᾶται
1723 2558 1822 2624 τὴν

230 2649 561 2720 Βελισαρίου
590 2650 840 2719 γνώμην,
889 2648 1120 2720 πότερον
1180 2647 1277 2701 σὺν
1320 2648 1578 2719 Γελίμερί
1613 2665 1672 2701 τε
1726 2648 1824 2702 καὶ

228 2740 564 2811 Οὑανδήλοις
598 2740 679 2803 εἰς
716 2737 1014 2801 Βυζάντιον
1044 2738 1221 2810 ἥκειν,
1261 2738 1295 2810 ἢ
1338 2738 1503 2792 αὑτοῦ
1544 2738 1819 2809 μένοντος,

224 2832 471 2894 ἐκείνους
530 2832 737 2887 στεῖλαι
781 2827 919 2885 ὦδε·
978 2832 1039 2884 οὐ
1083 2831 1194 2903 γὰρ
1246 2830 1437 2886 ἔλαθον
1484 2832 1723 2885 eam"
1774 2834 1821 2885 oi

221 2926 489 2995 ἄρχοντες
517 2924 567 2976 οἱ
592 2922 690 2993 τὴν
716 2922 1013 2994 τυραννίδα
1036 2923 1445 2991 ἐπενεγκόντες.
1490 2923 1550 2975 '0
1585 2922 1643 2976 δὲ
1665 2921 1822 2975 Βελι-

222 3014 413 3083 capto;
445 3012 531 3075 εἰς
562 3010 863 3075 Βυζάντιον
906 3011 1136 3081 ἀφίκετο
1182 3010 1472 3082 Σολομῶνα
1517 3013 1824 3084 στρατηγὸν

224 3104 433 3175 Λιϐύης
459 3104 803 3158 καταλιπών.
838 3104 1178 3160 Καταλαῦὼν
1207 3105 1264 3160 δὲ
1285 3106 1604 3177 Βελισάριος
1633 3105 1692 3159 τὸ
1719 3106 1824 3159 Βυ-

223 3198 445 3261 ζάντιον
500 3197 617 3267 ἅμα
670 3196 930 3268 Γελίμερι
980 3197 1076 3250 καὶ
1125 3198 1238 3261 τοῖς
1271 3196 1601 3268 Οὐανδήλοις
1642 3195 1824 3268 γερῶν

221 3287 438 3360 ἠξιώθη
474 3288 755 3358 μεγάλων,
783 3284 895 3342 οἷον
924 3288 969 3321 ’⁸
997 3290 1056 3342 ὲν
1082 3290 1193 3352 τοῖς
1215 3289 1327 3344 ἄνω
1359 3289 1574 3359 χρόνοις
1605 3289 1655 3341 οἱ
1693 3289 1828 3341 Ῥω-

217 3382 411 3450 μαίων
468 3379 770 3449 στρατηγοὶ
804 3380 863 3432 ὲν
911 3379 1201 3450 μεγίσταις
1240 3380 1418 3443 νίκαις
1470 3379 1823 3451 ἀνεδήσαντο.

222 3472 577 3541 Ἐξακοσίων
607 3490 667 3525 τε
710 3473 920 3544 χρόνων
952 3471 1366 3545 παρῳχηκότων
1408 3472 1582 3537 οὐδεὶς
1628 3473 1825 3544 ἐληλύ-

209 3566 303 3619 θει
344 3567 427 3628 είς
460 3565 631 3635 τιμὴν
674 3563 955 3636 τοιαύτην,
987 3564 1036 3617 εί
1075 3561 1151 3635 μὴ
1190 3564 1351 3627 Τῖτος
1390 3565 1484 3617 καὶ
1526 3564 1820 3635 Τραϊανὸς,

208 3659 320 3711 καὶ
355 3630 952 3726 ἄλλοι-αθτοκράτορες
984 3630 1469 3726 στρατηγήσαντες
1492 3630 1589 3708 ἐπί
1606 3655 1668 3706 τὸ
1692 3654 1824 3726 βαρ·
1852 3630 1897 3690 C

205 3749 465 3821 σαρικδν
490 3746 642 3810 ἔθνος
669 3747 948 3817 ἐνίκησαν.
973 3747 1057 3801 Τά
1085 3764 1150 3815 γε
1178 3747 1286 3818 γὰρ
1308 3746 1525 3817 λάφυρα
1554 3745 1825 3800 ἐνδεικνύ-

211 3855 399 3908 μενος
431 3838 534 3891 καὶ
562 3837 631 3891 τὰ
666 3836 763 3890 τοῦ
803 3837 1043 3908 πολέμου
1074 3836 1387 3909 ἀνδράποδα
1414 3838 1473 3889 ὲν
1518 3837 1661 3909 μέσῃ
1684 3838 1729 3866 ’⁸
1758 3839 1825 3907 τῇ

208 3930 388 3984 πόλει
421 3927 802 4000 ἐπόμπευσεν,
833 3929 893 3982 ὅν
943 3928 1214 4000 θρίαμϐον
1258 3927 1483 3982 καλοῦσι
1523 3929 1823 3997 Ῥωμαῖοι·

204 4022 279 4075 οὐ
308 4022 402 4090 τῷ
428 4021 481 4053 ’³
508 4020 724 4092 παλαιῷ
761 4020 946 4092 μέντοι
977 4021 1189 4093 τρόπῳ,
1220 4020 1357 4074 ἀλλὰ
1402 4020 1542 4091 πεζῇ
1593 4019 1823 4090 βαδίζων

206 4115 287 4168 ὲκ
322 4115 432 4184 τῆς
462 4114 641 4177 οἰκίας
674 4112 778 4184 τῆς
800 4113 995 4167 ἑαυτοῦ
1022 4114 1182 4184 ἄχρις
1216 4115 1297 4177 εἰς
1322 4114 1382 4166 τὸ
1410 4112 1737 4185 ίπποδρόμιν
1759 4114 1826 4169 ’⁵.

204 4201 345 4261 Ἠν
371 4206 433 4260 δὲ
480 4205 549 4259 τὰ
582 4206 799 4277 λάφυρα
840 4206 941 4259 ὅσα
971 4205 1039 4277 δὴ
1080 4204 1393 4277 ὑπουργικά
1432 4208 1498 4276 τῇ
1557 4205 1829 4276 βασιλέως

209 4300 386 4365 τάξει
415 4297 666 4353 ἀνεῖσθαι
688 4297 869 4353 εἰώθει
898 4299 966 4366 ’³,
995 4297 1178 4369 θρόνοι
1202 4300 1416 4369 χρυσοῖ,
1449 4296 1547 4351 καὶ
1570 4297 1829 4375 ὀχήματα

212 4388 311 4456 οἷς
344 4392 463 4446 τῶν
502 4391 772 4462 βασιλέων
818 4393 874 4446 αἱ
917 4393 1183 4461 γυναῖκεςν
1224 4391 1477 4462 ὀχοῦνται
1505 4390 1574 4457 ’⁸,
1623 4390 1829 4461 κόσμος

212 4502 284 4537 τε
320 4484 503 4549 πολὺς
532 4487 598 4538 ὲκ
623 4484 789 4539 λίθων
832 4486 1072 4557 ἐντίμων
1105 4485 1490 4555 συγκείμενος,
1536 4485 1828 4555 ὲκπόματα

217 4580 439 4647 χρυσᾶ,
474 4578 666 4633 καὶτὰ
689 4581 734 4613 ’⁷
768 4577 902 4634 ἄλλα
937 4577 1231 4650 σύμπαντα
1277 4578 1379 4632 ὃσα
1409 4580 1491 4641 εἰς
1524 4578 1625 4649 τὴν
1675 4577 1829 4648 βασι-

220 4666 377 4729 Ru;
409 4666 600 4739 θοίνην
624 4669 893 4739 χρήσιμα.
921 4663 1031 4722 Ἦν
1060 4668 1116 4722 δὲ
1148 4671 1244 4722 καὶ
1263 4669 1507 4739 ἄργυρος
1535 4668 1708 4722 ἕλκων
1732 4687 1833 4739 μυ-

226 4758 433 4825 ριάδας
468 4758 675 4820 πολλὰς
705 4758 983 4813 ταλάντων
1022 4760 1118 4812 καὶ
1146 4758 1507 4813 παντοδαπῶν
1539 4758 1833 4831 βασιλικῶν

221 4852 568 4922 κειμηλίων,
609 4852 751 4921 ἅπερ
783 4852 1064 4924 Γιζέριχος
1098 4853 1158 4906 τὸ
1187 4856 1232 4888 ’³
1262 4854 1323 4906 ὲν
1373 4850 1560 4923 Ῥώμῃ
1594 4852 1834 4922 συλήσας

1928 2371 2195 2428 felicitate
2229 2370 2346 2425 ﬁeri
2383 2378 2552 2436 amat,
2600 2370 2766 2425 etiam
2816 2368 3085 2423 Belisario
3136 2369 3513 2425 calamitatem

1923 2467 2157 2536 peperit.
2217 2462 2455 2530 Quidam
2503 2462 2650 2518 enim
2699 2462 2878 2532 ipsum
2911 2460 3177 2517 affectata:
3207 2462 3518 2533 tyrannidis

1926 2553 2074 2626 apud
2159 2555 2549 2624 imperatorem
2630 2551 2905 2606 criminati
2982 2559 3134 2607 sunt.
3213 2552 3518 2623 Imperator

1927 2657 2110 2703 autem
2152 2663 2250 2718 per
2283 2644 2635 2701 Salomonem
2666 2644 2920 2700 Belisarii
2976 2645 3307 2701 sententiam
3349 2659 3517 2714 expe-

1928 2742 2088 2805 ritur,
2147 2748 2330 2794 utrum
2413 2738 2531 2808 ipse
2588 2752 2714 2792 cum
2784 2736 3057 2793 Gelimere
3132 2733 3189 2792 et
3253 2735 3516 2792 Vandalis

1926 2831 2291 2912 Byzantium.
2334 2831 2636 2902 proﬁcisci,
2710 2846 2779 2885 an
2836 2838 2987 2887 certe
3045 2830 3166 2900 ipso
3230 2829 3287 2884 in
3346 2827 3519 2898 Lybia

1926 2923 2331 2978 diuturniorem
2386 2935 2596 2977 moram
2628 2920 2906 2986 trahente,
2940 2920 3093 2991 ipsos
3135 2919 3267 2974 illuc
3301 2919 3520 2974 mittere

1927 3022 2194 3071 statueret
2220 3014 2243 3067 ’ἰ
2266 3013 2439 3068 Porro
2477 3011 2781 3069 Belisarius
2819 3012 3115 3069 Salomone
3158 3011 3347 3083 Libys:
3376 3012 3519 3067 duce
3554 3008 3559 3013 ’

1928 3105 2123 3160 relicto
2152 3104 2172 3177 (
2191 3105 2260 3159 ab
2294 3104 2653 3174 optimatibus
2686 3104 2834 3160 enim
2860 3120 2920 3160 se
2943 3104 3520 3177 tyrannidisjnsimu-

1926 3196 2097 3252 latum
2147 3212 2258 3251 non
2306 3206 2426 3253 erat
2482 3197 2741 3269 nescius)
2782 3195 3109 3269 Byzantium
3170 3195 3519 3253 versusiter

1928 3288 2144 3359 arripit.
2177 3286 2425 3344 Subinde
2455 3303 2584 3345 cum
2615 3288 2889 3345 Gelimere
2914 3297 2972 3346 et
2998 3287 3266 3345 Vandalis
3304 3289 3523 3361 Byzan-

1931 3381 2067 3435 tium
2128 3380 2435 3453 profecuts.
2501 3397 2566 3438 ea
2630 3383 2901 3437 bonorum
2966 3383 3345 3452 amplitudine,
3411 3398 3522 3453 qua

1927 3474 2210 3544 prioribus
2256 3475 2478 3529 saeculis
2531 3475 2910 3530 Romanorum
2959 3476 3131 3532 duces
3166 3486 3291 3545 post
3345 3476 3520 3547 magis

1931 3566 2177 3637 insignes
2206 3550 2468 3621 victorias
2489 3550 2863 3632 donabantur,
2887 3566 3204 3624 cumulatus
3226 3575 3315 3623 est
3340 3585 3356 3621 :
3390 3582 3518 3622 sex-

1928 3668 2121 3713 centos
2147 3661 2292 3712 enim
2337 3674 2515 3715 annos
2532 3660 2578 3716 si
2610 3644 3238 3723 numeraverismnllus,
3252 3659 3361 3715 nisi
3380 3659 3524 3714 forte

1930 3747 2111 3815 Titus,
2138 3750 2449 3822 Traianus,
2477 3760 2572 3806 aut
2601 3752 2695 3807 alii
2730 3752 3093 3821 imperatores
3108 3761 3162 3806 et
3178 3752 3524 3806 exercituum

1930 3840 2215 3906 ductores,
2249 3846 2340 3913 qui
2378 3846 2640 3899 barbaras
2667 3844 2923 3899 nationes
2956 3843 3301 3905 devicerunt,
3331 3857 3521 3913 parem

1932 3936 2161 3992 honoris
2190 3936 2416 4008 gradum
2450 3938 2543 4006 qui
2571 3937 2834 4007 attigerit,
2869 3936 3031 3990 facile
3067 3945 3350 3991 occurret.
3382 3933 3529 4004 Spo-

1933 4029 2004 4084 lia
2041 4045 2280 4101 namque
2307 4038 2363 4086 et
2397 4031 2649 4095 exuvias,
2687 4031 2865 4086 victos
2894 4044 3123 4100 quoque
3161 4028 3305 4084 bello
3346 4028 3528 4097 capti-

1933 4138 2052 4190 vos,
2086 4139 2180 4194 per
2216 4123 2448 4199 mediam
2477 4124 2753 4179 civitatem
2790 4122 3188 4184 circumduxit,
3226 4119 3373 4192 quod
3418 4120 3525 4173 tri-

1935 4215 2198 4285 umphum
2221 4213 2452 4269 Romani
2473 4229 2884 4285 nuncupavere.
2951 4212 3027 4266 Ita
3048 4211 3270 4283 quidem
3293 4210 3525 4279 antiquo

1937 4320 2092 4359 more
2115 4320 2178 4359 ex
2217 4305 2381 4359 domo
2412 4304 2516 4360 sibi
2549 4304 2772 4375 propria
2802 4301 2873 4357 ad
2914 4303 3126 4358 circum
3156 4316 3330 4371 usque
3360 4299 3528 4370 pedes

1938 4394 2189 4450 incessit.
2225 4392 2403 4450 Fuere
2432 4409 2565 4448 vero
2596 4408 2658 4448 ea
2691 4393 2890 4463 spolia,
2918 4406 3042 4462 quae
3071 4391 3238 4461 regiae
3267 4389 3526 4459 majesta-

1939 4486 2010 4543 tis
2051 4486 2362 4541 ministerio
2393 4495 2447 4540 et
2492 4500 2682 4556 regum
2733 4484 2927 4539 usibus
2955 4484 3184 4538 concedi
3222 4497 3528 4538 consueve-

1940 4586 2068 4634 runt
2116 4597 2130 4634 :
2181 4578 2364 4633 throni
2428 4578 2604 4643 aurei,
2667 4584 2723 4632 et
2776 4576 3013 4641 lecticae,
3075 4574 3280 4645 quibus
3338 4590 3527 4647 regum

1939 4688 2142 4727 uxores
2173 4680 2356 4725 amant
2389 4671 2535 4736 vehi,
2579 4668 2822 4725 mundus
2878 4668 3131 4723 infinitus
3175 4682 3241 4722 ex
3271 4667 3531 4738 pretiosis

1940 4762 2159 4832 lapillis,
2187 4776 2352 4817 aurea
2378 4762 2600 4832 pocula,
2629 4770 2943 4831 ctelcraque
2967 4761 3177 4825 omnia,
3210 4774 3334 4829 qua
3364 4758 3533 4828 regiis

1940 4855 2212 4911 conviviis
2279 4854 2621 4909 inferuntur.
2664 4854 2955 4908 Censitutn
3011 4862 3093 4908 est
3138 4856 3405 4923 praetcrea
3438 4866 3533 4904 ar-

220 4944 513 4998 παλάτιον
544 4943 739 4998 ἔλασεν
760 4961 777 4975 ·
818 4946 877 4998 ἐν
907 4938 989 5007 οἷς
1019 4944 1113 4999 καὶ
1145 4944 1213 4998 τὰ
1258 4944 1533 4999 Ἰουδαίων
1564 4944 1826 5017 κειμήλια

1940 4944 2084 5016 genti
2140 4944 2358 5015 pondus
2413 4945 2654 5014 plurium
2713 4945 3025 5016 myriadum
3088 4945 3425 4999 talentorum
3480 4951 3535 4996 et

218 5029 329 5104 ἦν,
365 5036 517 5106 ἅπερ
559 5035 966 5099 Οὐεσπασιανὸς
1011 5035 1171 5099 Τῖτος
1217 5036 1355 5105 μετὰ
1390 5035 1488 5107 τὴν
1518 5036 1628 5090 τῶν
1672 5036 1826 5107 Ἱερο-

1939 5038 2089 5107 regia
2144 5039 2362 5110 generis
2414 5038 2594 5094 omnis
2655 5038 2924 5109 supellex,
2985 5052 3148 5105 quam
3204 5035 3532 5091 Gizerichus

220 5126 499 5197 σολύμων
552 5127 753 5181 ἅλωσιν
804 5128 884 5191 εἰς
934 5126 1153 5200 Ῥώμην
1188 5128 1230 5160 ’⁸
1280 5128 1533 5198 ἤνεγκεν.
1604 5128 1833 5199 Ἄνδρα·

1946 5128 2179 5184 Romam
2231 5130 2595 5202 depopulatus
2644 5146 2710 5184 οι
2772 5130 3162 5200 imperatorum
3213 5128 3414 5198 palatio
3444 5140 3533 5180 se-

1561 5239 1802 5298 VARIE
1827 5242 2235 5301 LECTIONES.

344 5333 390 5363 ¹⁸
424 5329 591 5383 τοῦτο
617 5331 740 5399 φυλ.
775 5333 840 5395 A,
867 5332 991 5401 φυλ.
1027 5331 1187 5385 τοῦτο
1218 5332 1368 5401 vulg.

230 5473 285 5505 ⁸³
323 5472 640 5546 cheb_alur
673 5472 835 5546 οίιτω.
916 5475 973 5546 γ²⁵
1001 5472 1388 5546 ἱπποδγρομεῖον
1434 5477 1478 5527 Α
1512 5490 1564 5539 a,
1601 5472 1835 5546 ἱπποδρό

232 5541 426 5614 νιιιε.“
477 5543 521 5573 ’⁷
548 5541 618 5595 τὰ
648 5542 775 5597 add.
810 5559 876 5598 ex
901 5545 963 5598 Δ.

1456 5333 1670 5407 δ’ξπρρς
1700 5334 1831 5407 add.
1856 5350 1920 5391 ex
1950 5338 2016 5407 Α.
2091 5339 2132 5369 ¹⁷
2158 5337 2436 5407 τυραννίδι
2472 5339 2514 5391 Α
2544 5352 2595 5399 a,
2632 5337 2925 5403 τυραννίδα
2961 5336 3105 5407 vulg.

226 5402 305 5478 ἐξ.
326 5472 345 5478 _
387 5403 433 5434 ”
461 5401 800 5478 γίνεσθαεΑ,
828 5402 1081 5478 γενέσθαι
1117 5404 1263 5478 vulg.
1310 5404 1372 5478 ﬂ”
1404 5401 1658 5478 αὐτὸνᾈ,
1692 5404 1843 5478 αυτῷ
1873 5406 2017 5478 vulg.

1057 5480 1388 5544 τποδρομεῐον
1434 5480 1478 5527 A
1512 5490 1564 5539 a,
1601 5480 1963 5546 ἱπποδρόμιον
1988 5480 2026 5535 f.
2133 5480 2181 5511 “
2206 5480 2388 5533 εξώθει
2434 5481 2477 5531 A
2526 5495 2577 5541 ει,
2624 5494 2648 5531 ε

1057 5544 1103 5575 ³⁸
1129 5545 1188 5597 τὸ
1220 5545 1345 5599 add.
1387 5561 1452 5600 ex
1476 5546 1544 5599 A.
1617 5546 1662 5576 ”
1690 5546 1771 5610 είς
1813 5546 2033 5619 Ῥώμην
2066 5547 2135 5613 Α,
2182 5552 2243 5604 ἐν
2285 5549 2475 5622 Ῥώμῃ
2504 5551 2649 5627 vuig.

3193 5337 3235 5367 ’⁸
3256 5336 3317 5388 τὸ
3340 5333 3534 5387 δοκοῦν

2115 5408 2160 5439 ’ί
2186 5403 2299 5463 οἷον
2326 5411 2369 5464 Α
2400 5408 2442 5473 f,
2484 5409 2614 5461 οἴων
2643 5409 2790 5477 vnlg.
2852 5410 2897 5440 “
2933 5403 3074 5477 μέσῇ
3106 5406 3171 5468 Av
3215 5403 3535 5477 μέβίι¹Ῡ¹⁸Ῐ8⁹

2133 5479 2181 5511 ⁸⁸
2206 5478 2388 5533 εξώθει
2434 5481 2477 5531 A
2526 5495 2577 5541 a,
2624 5474 2881 5533 εἰώθασιν
2935 5474 3083 5547 vulg.
3170 5474 3225 5514 ’⁸⁷
3266 5474 3538 5547 ᾠχοῦνται

1555 5664 1701 5721 JAC.
1742 5665 1955 5723 δολίῃ
1989 5665 2225 5725 NOTAE.

316 5779 439 5848 (39)
464 5776 794 5846 Jornaudes,
825 5779 901 5835 De
936 5782 1090 5835 rebus
1119 5779 1337 5846 Geticis,
1376 5782 1443 5837 ad
1474 5782 1658 5836 linem.

320 5850 441 5913 (ιο)
474 5848 870 5919 Excerptorutn
894 5850 1149 5922 Procopii
1183 5852 1258 5907 De
1292 5853 1428 5908 bella
1470 5852 1641 5907 Vand.
1673 5854 1767 5910 lib.
1800 5869 1837 5908 tt
1879 5849 2234 5909 continuatio.
