4088 6476
304 413 415 482 «ΩΒ

1626 410 2314 477 CHRONOGRAPHIA.

3494 414 3607 484 ιει

305 518 408 599 ψαὶ
436 522 606 598 μέρος
639 520 736 578 καὶ
763 514 864 587 τάς
884 536 1168 594 καμηλους
1192 523 1431 580 κτείνειν
1466 524 1781 579 ἐκέλευσεν.
1806 526 1910 577 Φο-

2016 538 2141 579 cum
2183 521 2604 594 impressionem
2634 522 2887 583 facturos
2910 524 3277 594 incluserant,
3303 541 3448 598 equo
3470 543 3605 585 con-

306 619 508 683 νεύσας
537 616 597 671 δὲ
625 615 771 688 ἀμφὶ
802 615 1117 680 διακοσίων,
1145 616 1332 689 δρόμῳ
1376 617 1457 681 είς
1482 617 1544 670 τὸ
1572 616 1668 671 τοῦ
1697 616 1902 671 κύκλου

305 714 478 786 μέσον
521 709 825 781 ἐχώρησεν,
868 708 1002 763 ἔνθα
1035 710 1093 765 αί
1132 713 1394 778 γυναῖκες
1437 711 1727 783 ἐκάθηντο.
1758 713 1821 765 Οἱ
1846 712 1904 765 δὲ

306 806 578 879 βάρϐαροι
614 803 987 871 ἐκπλαγέντες
1013 802 1108 857 ἐπὶ
1138 803 1201 856 τὸ
1228 803 1356 875 ὅρος
1396 804 1598 874 ἔφυγον
1624 806 1721 859 σὺν
1750 806 1902 877 πάσῃ

303 899 572 970 ἀκοσμίᾳ.
593 897 916 951 κτείνονται
942 897 999 950 δὲ
1030 897 1142 951 τῶν
1173 897 1538 970 Μαυρουσίων
1567 900 1625 951 ὲν
1652 897 1829 969 ταύτῃ
1858 899 1903 931 ⁸⁸

302 995 371 1064 τῇ
412 991 605 1064 ἡμέρᾳ
655 990 864 1061 μύριοι.
908 991 973 1044 Δί
1009 990 1067 1044 δὲ
1120 993 1381 1060 γυναῖκες
1429 992 1606 1049 πᾶσαι
1644 992 1746 1045 σὺν
1790 993 1903 1056 τοῖς

304 1082 555 1145 παιδίοις
585 1083 631 1121 δ’
669 1082 729 1134 ὲν
754 1081 1110 1152 ἀνδραπόδων
1149 1082 1294 1154 λόγῳ
1321 1083 1597 1150 ἐγένοντο.
1632 1084 1744 1137 Καὶ
1773 1082 1903 1137 τού-

304 1195 439 1243 τους
484 1176 742 1242 λαϐόντες
778 1175 876 1230 σὺν
908 1179 1029 1241 ταῖς
1076 1176 1345 1248 καμήλοις
1388 1177 1481 1232 καὶ
1512 1178 1663 1249 πάσῃ
1691 1181 1756 1248 τῇ
1788 1178 1909 1249 ἡλι-

306 1268 407 1340 κίᾳ
433 1267 484 1300 ³⁸
512 1269 596 1331 είς
627 1266 956 1338 Καρχηδόνα
990 1267 1248 1339 εἰσῄεσαν
1273 1267 1372 1338 τὴν
1407 1267 1678 1321 ἐπινίκιον
1709 1267 1907 1339 ἑορτὴν

315 1359 561 1429 ἀγοντες.
591 1360 654 1411 Ol
679 1358 735 1411 δὲ
760 1357 1028 1430 βάρϐαροι
1059 1358 1220 1414 πάλιν
1250 1359 1738 1428 συναθροισθέντες
1764 1377 1907 1413 παν·-

316 1451 477 1523 δημεὶ
506 1452 607 1504 σὺν
659 1450 874 1518 γυναιξὶ
905 1453 998 1503 καὶ
1033 1451 1268 1516 τέκνοις,
1320 1451 1528 1521 μηδένα
1574 1451 1907 1506 καταλιπόν-

314 1562 425 1609 τες,
448 1543 821 1613 ἐστράτευσαν
863 1544 1005 1597 κατὰ
1049 1543 1364 1614 Ῥωμαίων,
1394 1545 1492 1598 καὶ
1529 1545 1598 1599 τὰ
1637 1548 1697 1601 ἐν
1729 1546 1907 1611 Βυζα-

311 1638 420 1708 κιῳ
434 1635 615 1706 χωρία
644 1635 943 1705 ἐληΐζοντο.
972 1636 1225 1705 Σολομὼν
1251 1636 1308 1690 δὲ
1333 1637 1473 1708 ἄρας
1496 1639 1638 1694 κατά
1664 1643 1835 1710 τάχος
1862 1641 1902 1672 ⁵¹

310 1730 425 1784 πᾶν
458 1729 519 1783 τὸ
546 1729 890 1802 στράτευμα,
930 1730 1017 1781 ἐπ’
1055 1728 1257 1793 αὐτοὺς
1286 1729 1396 1801 ᾔει.
1440 1731 1738 1801 Γενόμενος
1772 1731 1828 1784 δὲ
1850 1732 1909 1786 ἐν

310 1821 712 1893 Βουλγαρίωνι,
751 1820 882 1875 ἔνθα
918 1822 969 1874 oi
1011 1821 1264 1892 πολέμιοι
1314 1823 1907 1893 ἐστρατοπεδεύσαντο,

310 1882 794 1984 διεκόσμησενίτὸ
848 1882 1186 1985 στράτευμα,
1231 1914 1307 1977 ὡς
1358 1882 1439 1977 εἰς
1488 1914 1689 1985 μάχην.
1743 1917 1807 1969 Οί
1851 1882 1909 1969 δέ
1938 1882 1985 1942 Β

312 2004 664 2074 Μαυρούσιοι
720 2006 780 2059 ὲν
827 2006 906 2078 τῷ
950 2006 1067 2077 ὄρει
1119 2007 1229 2060 τῶν
1289 2007 1771 2079 Βουλγαρίων(42)
1819 2009 1912 2061 ἐπὶ

313 2096 506 2149 πλεῖον
538 2096 754 2167 ἔμενον,
794 2097 875 2160 είς
922 2095 984 2148 τὸ
1030 2095 1212 2149 πεδίον
1257 2097 1544 2153 κατελθεῖν
1586 2099 1663 2168 μὴ
1720 2098 1911 2169 βουλό-

318 2204 496 2261 μενοι.
545 2187 800 2259 Σολομὼν
843 2187 903 2242 δὲ
955 2188 1282 2242 ἀποστέλλει
1339 2189 1616 2263 Θεόδωρον
1667 2190 1757 2245 διὰ
1813 2190 1913 2262 τῆς

315 2281 516 2345 νυκτὸς
547 2280 647 2334 σὺν
681 2281 875 2351 χιλίοις
904 2281 1114 2347 πεζοῖς,
1146 2283 1241 2336 καὶ
1278 2283 1388 2337 τῶν
1416 2283 1743 2353 σημειωτῶν
1767 2301 1914 2350 τινα,

315 2374 469 2437 ὅπως
521 2375 603 2437 εἰς
636 2373 697 2427 τὸ
754 2374 878 2444 ὅρος
926 2374 991 2426 ἐκ
1035 2373 1147 2432 τῶν
1181 2374 1407 2429 ὄπισθεν
1440 2374 1619 2429 αὐτῶν
1668 2374 1760 2430 διὰ
1814 2378 1916 2448 τῆς

316 2464 516 2530 νυκτὸς
553 2465 851 2519 ἀνέλθωειν
876 2466 947 2529 ⁸⁸,
985 2464 1081 2519 καὶ
1111 2465 1227 2538 ἆμα
1264 2466 1342 2537 τῷ
1371 2467 1509 2538 ἡλίῳ
1540 2467 1816 2539 ἀνίσχοντι
1848 2469 1918 2523 τὰ

317 2560 530 2630 σημεῖα
562 2557 800 2631 ὕπερθεν
827 2559 1083 2631 ἄραντες,
1114 2561 1258 2613 κατά
1279 2561 1391 2614 τῶν
1423 2561 1700 2632 πολεμίων
1732 2564 1919 2634 χωρή-

316 2666 493 2704 σωσιν
526 2650 595 2705 ⁸³.
641 2650 878 2722 Ὁμοίως
924 2651 981 2704 δὲ
1030 2652 1126 2704 καὶ
1172 2652 1335 2717 αὐτὸς
1384 2653 1587 2726 ὄρθρου
1647 2655 1841 2726 βαθέος
1871 2656 1919 2689 ⁵⁸

314 2741 589 2809 ἀνελθὼν,
621 2743 737 2814 ἅμα
769 2742 909 2797 κατὰ
938 2742 1049 2796 τῶν
1094 2743 1372 2814 πολεμίων
1410 2744 1713 2817 ἐχώρησεν.
1757 2747 1918 2801 Ἰδόν-

315 2851 411 2898 1ιῑες
438 2834 497 2887 δὲ
526 2836 577 2888 οἱ
606 2834 899 2906 βάρϐαροι,
936 2836 1019 2889 ὅτι
1060 2836 1118 2889 ὲν
1160 2837 1312 2907 μέσῳ
1349 2838 1459 2893 τῶν
1503 2838 1795 2909 Ῥωμαίων
1826 2858 1921 2909 γε-

314 2927 574 2997 γόνασιν,
605 2930 683 2991 εἰς
731 2928 909 3000 φυγὴν
945 2927 1217 3001 ὥρμησαν
1266 2930 1411 2985 κατά
1442 2930 1549 2983 τῶν
1583 2931 1629 2961 ⁸⁵
1658 2933 1920 3003 κρημνῶν

314 3019 619 3083 ὠθίζοντες
647 3019 875 3084 ἑαυτοὺς
915 3019 963 3051 ⁸⁸
989 3021 1085 3075 καὶ
1120 3019 1497 3091 ἀναιροῦντες.
1537 3023 1835 3077 Ἀπέθανον
1864 3024 1922 3078 δὲ

316 3112 378 3166 ἐν
406 3111 492 3183 τῷ
518 3110 740 3184 πολέμῳ
769 3112 1136 3185 Μαυρουσίων
1170 3114 1435 3185 μυριάδες
1462 3121 1524 3180 ε’,
1552 3116 1661 3168 τῶν
1691 3115 1747 3169 δὲ
1789 3115 1923 3170 Ῥω-⁵

2009 631 2233 679 sceuso,
2278 616 2614 687 quingentos
2655 616 2859 674 milites
2903 618 3301 676 selectissimos
3328 619 3398 675 ad
3436 634 3602 675 unam

2007 708 2481 765 circumvallantis
2514 711 2757 767 ambitus
2812 720 3023 781 partem
3080 712 3383 769 collocatos
3416 713 3607 769 hostes

2007 801 2254 872 aggredi,
2284 810 2341 857 et
2369 802 2614 859 camelos
2638 803 2763 859 telis
2798 804 2960 874 jubet
2988 804 3311 860 confodere.
3341 803 3606 860 Ducentis

2007 895 2230 951 circiter
2247 894 2579 959 interfectis,
2601 904 2864 952 contento
2885 911 3054 953 cursu
3077 897 3318 951 medium
3344 898 3606 965 ambitus,

2007 1002 2117 1057 quo
2142 987 2404 1043 mulieres
2438 988 2830 1054 consederant,
2862 998 3121 1058 occupat.
3151 987 3378 1043 Barbari
3418 1000 3603 1045 autem

2008 1081 2295 1147 prostrati,
2352 1082 2406 1135 in
2462 1089 2706 1137 montem
2749 1084 2900 1137 nullo
2941 1083 3095 1152 171
3145 1090 3367 1137 servato
3412 1084 3610 1138 ordine

2009 1172 2194 1244 fugam
2234 1175 2537 1245 arripiunt.
2580 1174 2657 1229 Ea
2687 1175 2777 1231 die
2828 1175 2896 1229 ad
2931 1176 3115 1231 decies
3158 1177 3309 1233 mille
3340 1174 3609 1234 Maurusii

2008 1268 2137 1322 caesi
2163 1266 2391 1322 fuerunt
2419 1282 2433 1322 :
2460 1268 2727 1323 mulieres
2765 1283 2892 1323 cum
2922 1268 3071 1324 natis
3101 1283 3296 1325 omnes
3331 1270 3385 1325 in
3423 1271 3609 1341 capti-

2009 1359 2233 1415 vitatem
2264 1368 2403 1414 actae
2445 1377 2460 1414 :
2507 1360 2685 1430 iisque
2719 1360 2936 1416 demum
2969 1375 3078 1414 una
3111 1376 3236 1415 cum
3269 1362 3607 1418 camelorum

2010 1450 2271 1521 gregibus
2327 1459 2386 1505 et
2446 1453 2627 1505 omnis
2689 1451 2871 1506 aetatis
2933 1449 3254 1504 hominibus
3309 1450 3567 1505 abductis

2012 1543 2251 1597 victores
2274 1542 2663 1613 Carthaginem
2690 1542 2926 1612 ingressi
2960 1543 3081 1596 dies
3111 1541 3281 1598 festos
3304 1545 3373 1597 ob
3396 1550 3611 1612 partam

1997 1634 2300 1711 .rictoriam
2337 1641 2590 1705 egerunt.
2647 1632 2848 1688 Verum
2912 1634 3134 1689 barbari
3197 1636 3350 1691 nullo
3393 1651 3458 1689 ex
3492 1637 3612 1693 suis

2012 1726 2230 1792 relicto,
2257 1741 2364 1781 una
2399 1742 2524 1782 eum
2558 1726 2827 1781 uxoribus
2871 1735 2925 1781 et
2970 1726 3163 1781 liberis
3200 1726 3255 1781 in
3288 1742 3458 1781 unum
3494 1727 3613 1782 col-

2012 1820 2161 1888 lecti,
2196 1822 2398 1876 bellum
2431 1823 2696 1877 adversus
2739 1822 3020 1878 Romanos
3062 1822 3533 1890 redintegraruut,
3559 1829 3617 1878 et

2014 1928 2183 1983 pagos
2216 1912 2365 1968 circa
2408 1912 2699 1983 Byzacium
2763 1912 3085 1983 depOpulati
3143 1922 3296 1968 sunt.
3347 1910 3614 1970 Salomon

2013 2020 2081 2060 ex
2112 2006 2351 2059 adverso
2411 2006 2589 2073 cepiis
2642 2006 2921 2061 exercitus
2974 2005 3234 2060 omnibus
3266 2010 3611 2072 convocatis,

2014 2108 2207 2154 contra
2238 2099 2519 2170 profectus
2578 2110 2665 2155 est
2722 2119 2735 2155 :
2791 2100 3018 2171 jamque
3073 2098 3485 2169 Bulgarionem,
3519 2098 3615 2169 qui

2017 2193 2174 2249 locus
2210 2193 2492 2248 hostilium
2548 2202 2860 2247 castrorum
2924 2200 3068 2257 erat,
3126 2208 3254 2246 cum
3315 2192 3611 2262 attigisset,

2015 2287 2321 2342 exercitum
2348 2300 2572 2341 omnem
2600 2284 2758 2353 quasi
2783 2300 3019 2354 pugnaui
3046 2284 3288 2338 initurus
3312 2282 3613 2353 disposuit.

2024 2379 2296 2434 Maurusii
2334 2381 2389 2435 in
2421 2378 2706 2450 planitiem
2733 2378 3066 2433 descendere
3106 2377 3287 2437 veriti.
3320 2377 3374 2431 in
3415 2376 3619 2445 Bulga-

2019 2472 2237 2528 rionum
2269 2481 2457 2527 monte
2506 2473 2715 2526 diutius
2772 2471 3173 2525 substiterunt.
3210 2469 3471 2524 Salomon
3510 2483 3617 2524 una

2018 2577 2142 2617 cum
2176 2562 2458 2633 peditibus
2506 2563 2655 2616 mille
2698 2562 3076 2625 Theodorum,
3118 2570 3171 2616 et
3217 2576 3284 2615 ex
3333 2560 3618 2629 signiferis

2018 2654 2309 2724 quemdam
2344 2653 2413 2709 de
2469 2662 2631 2709 nocte
2676 2655 2978 2719 summisit,
3026 2655 3120 2724 qui
3169 2654 3414 2710 tenebris
3464 2654 3614 2720 tecti,

2020 2757 2209 2803 monte
2240 2755 2391 2802 retro
2420 2747 2777 2803 adversarios
2810 2762 3140 2811 conscenso,
3177 2763 3303 2803 cum
3334 2748 3620 2803 exoriente

2020 2838 2257 2909 primum
2295 2840 2412 2895 sole
2441 2854 2506 2894 ex
2554 2840 2849 2910 superiore
2898 2841 3019 2896 loco
3063 2841 3223 2909 signa
3275 2839 3534 2896 tollerent
3562 2840 3619 2897 in

2021 2933 2215 2997 altum,
2251 2946 2316 2986 ac
2341 2932 2505 2986 simul
2534 2948 2728 2987 omnes
2755 2932 2808 2986 in
2840 2933 3193 2988 adversarios
3221 2933 3618 3002 irrumperent.

2023 3024 2142 3095 Ipse
2171 3024 2445 3095 profunda
2499 3025 2679 3080 adhuc
2712 3036 2874 3081 nocte
2913 3025 3015 3079 sub
3049 3040 3308 3080 auroram
3341 3041 3452 3080 una
3491 3040 3617 3081 cum

2024 3114 2133 3169 illis
2177 3116 2486 3170 ascendens
2524 3114 2577 3168 in
2624 3114 2814 3169 hostes
2847 3114 2952 3168 iter
2992 3112 3203 3183 dirigit.
3250 3112 3477 3168 Barbari
3509 3112 3623 3168 Ro.

319 3204 509 3277 μαίων
560 3205 623 3260 τὸ
657 3206 919 3278 παράπαν
951 3205 1073 3260 οὐδὲ
1124 3201 1228 3272 εἷς,
1262 3208 1324 3261 οὐ
1368 3209 1476 3279 μὴν
1529 3207 1649 3261 οὐδὲ
1703 3186 1916 3281 πληγήν

2026 3206 2205 3260 manis
2230 3205 2662 3275 circumquaque
2710 3220 2770 3260 se
2809 3205 3041 3260 vallatos
3086 3212 3141 3259 et
3184 3203 3427 3261 inclusos
3468 3220 3622 3259 rom-

316 3314 449 3354 τινα
502 3297 719 3364 ἔλαϐεν,
744 3299 883 3353 ἀλλὰ
911 3300 1113 3364 πάντες
1155 3301 1328 3368 ὑγιεῖς
1358 3299 1456 3373 τὴν
1498 3303 1657 3373 νίκην
1696 3302 1919 3374 ἤραντο.

315 3393 385 3447 Οἱ
416 3392 481 3446 δὲ
512 3392 755 3446 πλεῖστοι
786 3392 899 3446 τῶν
935 3393 1215 3465 ἀρχόντων
1263 3392 1445 3447 αὐτῶν
1472 3395 1586 3456 τοῖς
1631 3393 1925 3464 Ῥωμαίοις

315 3486 778 3560 προσερριΰησαν.
809 3486 1094 3541 Γυναικῶν
1128 3487 1313 3557 μέντοι
1351 3487 1447 3542 καὶ
1480 3488 1691 3543 παίδων
1728 3490 1924 3543 τοσοῦ-

313 3595 418 3634 τον
444 3578 654 3648 πλῆθος
676 3580 724 3632 οἱ
762 3578 1023 3649 Ῥωμαῖοι
1049 3579 1259 3644 ἔλαϐον,
1290 3580 1432 3635 ὥστε
1454 3581 1732 3652 προϐάτου
1755 3583 1927 3652 τιμῆς

314 3671 500 3724 παῖδα
550 3669 900 3741 Μαυρούσιον
958 3671 1279 3741 ὠνήσασθαι
1341 3671 1689 3743 βουλομένοις
1738 3673 1925 3726 ἀπεδίο

314 3762 489 3816 δοντο
508 3762 573 3816 ⁵⁷.
608 3744 718 3815 καὶ
747 3762 870 3815 τότε
900 3763 1084 3826 αὐτοῖς
1106 3764 1165 3817 τὸ
1191 3763 1423 3818 παλαιὸν
1453 3763 1633 3832 λόγιον
1664 3765 1925 3832 γυναικὸς

317 3852 591 3924 “meo;
639 3853 844 3922 ἀπέϐη,
893 3854 969 3918 ὡς
1020 3854 1129 3927 ἄρα
1176 3856 1238 3908 τὸ
1272 3855 1477 3924 πλῆθος
1534 3856 1715 3909 αὐτῶν
1771 3854 1925 3926 παρὰ

315 3946 528 4019 ἀνδρὸς
553 3946 806 4015 ἀγενείου
857 3946 1099 4002 ὄλλυται.
1136 3946 1197 4001 'O
1233 3945 1345 4019 γὰρ
1377 3944 1632 4016 Σολομὼν
1667 3947 1926 4017 εὐνοῦχος

318 4037 395 4090 ἐκ
424 4036 637 4090 παίδων
676 4038 831 4108 παρὰ
871 4036 1099 4107 γνώμην
1135 4037 1476 4107 καθέστηκεν
1512 4036 1621 4091 ὑπὸ
1645 4035 1853 4096 πάθους
1881 4037 1926 4068 ⁵⁸

2025 3299 2325 3367 perientes,
2357 3313 2455 3367 per
2478 3305 2753 3368 praerupta
2790 3298 2908 3352 loca
2939 3297 2993 3351 in
3027 3298 3213 3367 fugam
3236 3311 3296 3352 se
3325 3297 3621 3364 dederunt,

2025 3391 2257 3448 invicem
2283 3407 2343 3447 se
2368 3391 2686 3460 perturbato
2704 3392 2900 3447 ordine
2926 3400 3261 3460 prementes,
3284 3400 3337 3444 et
3368 3400 3621 3445 mutuam

2026 3485 2131 3540 sibi
2162 3485 2365 3540 caedem
2418 3484 2745 3540 inferentes.
2801 3485 2920 3538 Hoc
2963 3484 3018 3538 in
3063 3483 3369 3537 certamine
3399 3481 3623 3536 Mauru-

2025 3578 2233 3632 siorum
2268 3577 2547 3648 myriades
2604 3577 2850 3647 quinque
2907 3578 3214 3645 perierunt,
3241 3575 3621 3630 Romanorum

2027 3685 2096 3726 ne
2120 3671 2265 3725 ullus
2304 3671 2524 3743 quidem
2563 3670 2760 3735 defuit,
2807 3678 2903 3725 aut
2950 3671 3189 3739 aliquam
3245 3669 3470 3722 omnino
3503 3668 3622 3738 pla-

2024 3778 2146 3832 gam
2180 3764 2413 3836 accepit,
2439 3766 2574 3834 quin
2618 3765 2730 3820 imo
2775 3765 2929 3818 sanis
2964 3771 3019 3819 et
3051 3763 3221 3818 salvis
3252 3761 3511 3818 omnibus
3537 3762 3621 3814 in-

2026 3862 2234 3927 tegram
2269 3856 2552 3911 victoriam
2585 3856 2922 3910 retulerunt.
2976 3840 3389 3910 Maurusiorum
3435 3860 3621 3906 autem

2025 3947 2300 4018 primores
2328 3963 2439 4001 non
2471 3947 2631 4017 pauci
2670 3947 2936 4003 Romanis
2964 3962 3026 4002 se
3057 3944 3447 4015 adiunxerunt.
3480 3943 3623 3997 Mu-

2027 4040 2223 4095 lierum
2258 4054 2390 4094 vero
2417 4050 2471 4094 et
2502 4054 2798 4108 puerorum
2833 4040 2880 4094 is
2919 4038 3022 4093 fuit
3054 4052 3321 4092 numerus
3355 4051 3386 4090 a
3421 4034 3624 4088 Roma-

318 4129 398 4183 τά
420 4131 721 4200 γεννητικὰ
770 4130 934 4200 μόρια
974 4129 1287 4183 ἀποϐαλών.
1314 4130 1511 4183 Λαϐὼν
1538 4130 1595 4183 δὲ
1640 4132 1739 4202 τὴν
1770 4129 1916 4185 λείαν

2031 4132 2120 4187 nis
2154 4131 2469 4202 captus,'ut
2492 4131 2611 4187 ovis
2645 4132 2825 4201 pretio
2872 4145 3103 4200 puerum
3141 4128 3482 4183 Maurusiqu
3517 4124 3623 4183 sibi

321 4222 518 4276 πᾶσαν
544 4222 624 4286 είς
652 4222 978 4299 Καρχηδόνα
1000 4219 1365 4292 ὑπέστρεψεν.

2032 4236 2361 4293 comparare
2388 4223 2595 4278 volenti
2642 4223 2990 4278 aestimarent
3026 4229 3080 4276 ct
3127 4220 3508 4277 divenderent.
3543 4216 3623 4272 Ita

323 4318 555 4373 demum
589 4319 732 4373 vatis
782 4317 997 4373 femina;
1048 4325 1206 4373 vetus
1266 4316 1551 4370 oraculum
1597 4316 1805 4371 exitum
1836 4316 2103 4374 habuisse
2132 4318 2570 4390 deprehensum,
2596 4332 2708 4389 quo
2738 4316 2950 4386 plebem
3009 4329 3202 4370 eorum
3260 4313 3331 4367 ab
3389 4310 3623 4366 imberbi

318 4427 454 4469 ινιτ-ο
553 4414 771 4485 penitus
829 4414 1117 4469 delendam
1187 4414 1640 4483 prmnuntiatum.
1699 4413 1960 4469 Salomon
2038 4416 2210 4483 enim,
2262 4416 2639 4488 generationis
2704 4412 3049 4467 administris
3113 4409 3360 4481 partibus
3431 4406 3625 4462 morbo

322 4506 580 4573 amissis,
610 4507 814 4562 invitus
863 4506 993 4561 olim
1043 4522 1077 4560 α
1130 4522 1300 4576 puero
1339 4514 1541 4576 przeter
1591 4509 1923 4564 sententiam
1961 4509 2253 4567 eunuchus
2279 4520 2548 4565 evaserat.
2584 4508 2784 4579 Spoliis
2812 4504 3030 4560 tandem
3093 4510 3327 4557 onustus
3390 4498 3625 4553 Cartha-

320 4600 515 4670 ginem
551 4598 836 4655 remeavit.

412 4692 507 4745 Ἐν
538 4689 712 4762 τούτῳ
744 4691 801 4744 δὲ
836 4689 914 4761 τῷ
939 4689 1119 4761 χρόνῳ
1150 4690 1315 4761 τέρας
1346 4692 1405 4745 ὲν
1430 4692 1510 4761 τῷ
1554 4691 1773 4763 οὐρανῷ
1806 4691 1916 4764 (45]

2102 4688 2220 4743 Hoc
2251 4687 2416 4741 etiam
2471 4698 2618 4738 anno
2670 4689 2985 4751 portentum
3043 4679 3097 4733 in
3154 4677 3297 4732 cmlo
3352 4690 3624 4745 apparere

328 4785 537 4857 συνέϐη
586 4784 864 4853 γενέσθαι.
908 4784 968 4838 '0
999 4783 1111 4858 γὰρ
1154 4785 1307 4856 ἥλιος
1353 4784 1591 4839 ἀκτίνων
1619 4786 1791 4857 χωρὶς
1826 4786 1916 4857 τὴν

2034 4782 2287 4851 contigit.
2322 4780 2417 4835 Sol
2440 4779 2644 4835 etenim
2700 4776 2872 4831 radiis
2926 4774 3146 4844 penitus
3181 4770 3411 4826 orbatus
3446 4768 3622 4822 lucent

325 4878 552 4948 αἴγλην,
598 4876 788 4949 ὥσπερ
849 4878 882 4949 ἡ
942 4878 1169 4949 σελήνη,
1229 4878 1565 4947 ὲστύγναζεν
1612 4879 1660 4909 ⁵⁸
1706 4879 1916 4934 ἅπαντα

2035 4876 2260 4933 omnino
2291 4875 2435 4928 luna:
2467 4871 2707 4927 similem
2741 4885 2837 4940 per
2883 4876 3056 4923 touun
3114 4880 3320 4921 annum
3353 4862 3625 4916 obscura-

325 4970 423 5023 τὸν
449 4968 703 5023 ἐνιαυτόν
731 4984 745 4998 ·
778 4968 872 5022 ἐπὶ
906 4969 1162 5023 πλεῖστον
1197 4970 1253 5023 δὲ
1309 4969 1621 5024 ὲκλείποντι
1654 4969 1817 5041 ἐῴκει
1852 4971 1916 5038 ⁵ο,

2033 4981 2142 5027 tam
2168 4969 2403 5024 habebat
2431 4985 2445 5021 :
2475 4982 2640 5038 quam
2700 4963 3016 5035 frequenter
3067 4970 3248 5015 autem
3296 4971 3406 5012 non
3440 4954 3622 5024 plene,

323 5060 394 5117 οὐ
434 5060 699 5132 καθαρῶς
753 5061 983 5131 φαίνων,
1016 5060 1206 5133 ὥσπερ
1258 5061 1460 5119 ειώθει.
1493 5062 1702 5134 Χρόνος
1743 5061 1801 5116 δὲ
1858 5058 1916 5132 ἧι

2036 5070 2201 5134 prout
2226 5060 2460 5124 solebat,
2494 5060 2669 5125 visus,
2698 5055 2974 5112 deficienti
2994 5067 3092 5125 par
3119 5050 3387 5107 exstabat.
3420 5046 3552 5101 Erat
3576 5043 3628 5098 is

1624 5211 1860 5268 VARUE
1903 5212 2306 5269 LECTIONES.

406 5336 457 5369 ⁸⁸
484 5334 660 5406 ταύτῃ
694 5313 928 5406 Δίαὺτῇ
953 5332 1105 5406 ναις.
1176 5330 1235 5406 _"
1271 5330 1461 5406 natali:
1494 5333 1563 5387 A.
1625 5334 1705 5406 _”
1728 5333 1882 5405 πάσῃ
1916 5336 2008 5406 ᾼτῇ
2063 5334 2188 5406 λείᾳ
2220 5348 2294 5406 a.
2384 5333 2427 5365 "
2461 5331 2607 5406 κατά
2638 5331 2807 5406 τάχος
2855 5325 3098 5406 Α-ηκατὰ
3144 5324 3205 5406 τὸ
3261 5322 3427 5406 τάχος
3474 5321 3621 5406 vulg.

331 5405 383 5441 ³⁸
404 5391 731 5461 εἰσέλθωσιν
748 5391 797 5460 Ἀ
832 5391 928 5461 θ.”
949 5391 1371 5475 δέχ’ωρήσωσιν
1401 5404 1468 5470 Α,
1494 5404 1808 5474 χωρίσωσιν
1840 5391 2008 5474 ivulg."
2067 5407 2115 5438 “
2161 5391 2557 5475 'pa9éwevulg.
2608 5401 2685 5475 _"
2707 5391 2821 5475 τῶν
2846 5399 2977 5475 add:
2995 5412 3087 5475 3x
3138 5394 3205 5447 Α.
3267 5463 3279 5475 _
3300 5391 3346 5424 “
3397 5391 3625 5475 ἑαυτρῦς

332 5478 402 5543 Δ,
430 5478 635 5541 αὐτοὺς
663 5478 809 5547 vulg.
903 5477 949 5509 ⁵⁷
995 5461 1719 5547 ᾠῧήσασθαιμβουλδμένοιςᾼ
1747 5461 2063 5529 ἀπεδίδοντο
2103 5461 2179 5547 Αξ
2218 5461 2476 5547 ὠνεῖσθαι
2504 5461 2821 5547 βουλομένῳ
2841 5467 3165 5547 ἀπεδίδοντο
3191 5463 3338 5536 vulg.
3442 5461 3491 5495 ⁸⁸
3518 5462 3626 5515 ὑπὸ

335 5539 398 5605 et.
422 5548 497 5607 Δ.
530 5539 639 5603 ἀπὸ
669 5565 732 5604 π.
756 5539 903 5619 ὗυιε.
997 5544 1042 5579 ⁵⁸
1077 5539 1413 5613 ε’στύγναζεν
1437 5539 1524 5609 Α,’
1538 5545 1781 5611 ἐτίναξεν
1826 5547 1979 5617 vulg.
2046 5548 2091 5582 “
2116 5545 2307 5619 ἐῴκει]
2341 5539 2521 5599 ἐδόκεὲ
2560 5544 2627 5610 Α,
2664 5539 2832 5597 ἐοίκοι
2859 5539 3003 5609 vulg.

1621 5683 1760 5740 JAC.
1795 5682 1932 5741 GOA
1941 5682 2008 5738 Ri
2054 5682 2293 5741 ΝΟΤΛΕ.

2040 5804 2217 5861 dium.
2252 5807 2474 5860 Annum
2500 5818 2666 5876 porro
2699 5801 2767 5858 12
2788 5808 3047 5858 numerat
3072 5798 3328 5871 Procopii
3354 5796 3630 5869 interpres

436 5806 531 5878 ﬂ)
557 5806 865 5878 Proc0pius
888 5806 1165 5875 Burgaon.
2040 5806 2217 5861 dium.
2252 5807 2293 5857 Α

407 5809 529 5949 ίιό)
560 5877 638 5933 Ex
665 5877 919 5949 Procopii
974 5877 1071 5932 lib.
1114 5892 1157 5930 1|
1212 5876 1287 5931 De
1317 5876 1452 5931 bello
1504 5874 1679 5932 l’aud.
1713 5873 1779 5931 ad
1816 5890 1929 5932 me-
2038 5877 2093 5930 in
2123 5876 2293 5947 tnargi

2038 5891 2093 5930 in
2123 5890 2393 5947 margine.

434 5873 529 5951 45)
560 5877 638 5933 Ex
665 5873 919 5949 Procopii
974 5873 1071 5932 lib.
1114 5892 1157 5930 1|
1212 5876 1287 5931 De
1317 5876 1452 5931 bello
1504 5874 1679 5932 l’aud.
1713 5873 1779 5931 ad
1816 5890 1929 5932 mc-
