2044 3210
215 191 270 223 459
905 192 1022 223 THEOI

1055 193 1151 224 [ANIS
1807 198 1862 232 ιω

217 250 321 284 Artaia,
335 249 370 278 iis
385 257 416 278 se
441 249 602 285 adjunsisse
620 249 731 284 reperit.
752 248 837 285 Igitur
854 250 1011 285 congressi,

1065 251 1146 282 ταῖας
1173 250 1230 286 (47)
1246 248 1343 286 ἦρχον.
1358 251 1550 288 Συμϐαλὸντες
1575 255 1598 270 ⁸⁵
1620 254 1647 281 δὲ
1668 255 1797 291 πόλεμον,
1813 258 1860 284 καὶ

217 303 245 326 ct
262 298 319 326 acri
338 297 490 326 certamine
507 297 591 329 inito.
603 303 717 332 equum.
734 297 779 323 cui
797 296 953 325 Germanus
969 298 1014 324 in-

1066 298 1117 332 τῆς
1142 297 1233 332 μάχης
1252 300 1387 334 κραταιᾶς
1415 300 1577 335 γενομένης,
1604 302 1651 328 τὸν
1673 302 1695 318 ⁸⁷
1718 302 1861 338 Γερμανοῦ

217 346 336 378 sidebat,
358 345 495 380 quispiam
516 343 663 371 interierit.
680 343 836 371 Germanus
856 343 885 370 in
913 348 1014 371 terram

1068 343 1151 370 ἵππον
1165 352 1207 376 τις
1222 345 1275 371 τῶν
1292 346 1432 380 πολεμίων
1445 346 1577 374 ἔκτεινεν.
1593 347 1688 376 Πεσὼν
1702 348 1730 375 δὲ
1745 349 1792 375 ἐπὶ
1808 349 1861 383 γῆς

217 400 339 429 ιιι-ωαψς
365 396 444 419 actus
470 391 595 418 ultimum
618 389 772 425 periculum
799 390 943 420 subiisaet.
960 390 1014 417 nisi

1068 390 1209 425 Γερμανὸς
1236 391 1277 422 εἰς
1305 392 1430 419 κίνδυνον
1454 391 1548 428 ἦλθεν,
1564 395 1589 420 εί
1606 394 1643 429 μὴ
1672 395 1702 421 τὸ
1732 394 1814 430 τάχος
1835 395 1861 421 οἱ

217 440 349 467 satellites
364 439 450 466 armis
468 437 652 472 undequaque
678 436 822 467 vallantes.
835 443 907 471 equo
926 443 1016 470 quan-

1068 435 1220 472 δορυφόροι
1248 438 1418 473 φραξάμενοι
1442 440 1541 475 ἔφερον
1571 441 1671 473 ἵππον,
1700 441 1748 468 καὶ
1767 441 1863 468 τοῦτον

219 486 309 514 tocius
324 485 453 516 adducto,
465 490 527 511 eum
545 489 642 510 rursus
657 482 848 510 sustulissent.
864 481 1015 509 Vertuntur

1067 483 1230 511 ἐνεϐίϐασαν
1245 485 1279 511 ⁸⁸.
1299 486 1454 520 Τρέπονται
1470 488 1559 514 τοίνυν
1576 489 1602 514 οι
1621 488 1798 523 στρατιῶται,
1815 488 1864 515 καὶ

218 534 312 568 itaque
327 532 356 559 in
370 531 462 566 fugam
478 529 589 557 adversi
605 529 720 562 milites,
737 528 838 564 vixque
858 528 974 556 Tzotzas
987 528 1014 555 in

1066 528 1081 554 ὁ
1093 528 1217 561 Τζὸτζας
1230 530 1258 555 ἑν
1275 531 1314 564 τῷ
1331 531 1439 566 θορύϐῳ
1452 532 1541 566 τούτῳ
1552 533 1601 559 σὺν
1617 533 1720 567 ὀλίγοις
1733 533 1756 549 ⁸⁸
1767 533 1864 568 διαφυ-

218 584 295 607 tanto
310 578 429 606 tumultu
444 584 506 604 cum
524 576 619 611 paucis
636 583 665 603 se
679 575 742 610 luga
759 575 900 609 surripere
919 575 1014 603 valuit.

1066 574 1127 607 γετν
1152 574 1262 609 ἴσχυσεν
1282 575 1315 602 ’⁸.
1339 576 1369 602 Ὀ
1392 576 1420 604 δὲ
1442 577 1582 612 Γερμανὸς
1605 578 1662 608 τοῖς
1690 578 1759 613 ἀμφ’
1780 579 1864 605 αὑτὸν

217 629 305 657 Porro
328 627 484 655 Germanus
505 625 550 657 iis,
569 624 645 659 quia
662 631 691 651 se
714 623 828 659 propius
844 623 970 656 aberant,
985 627 1016 650 ut

1066 619 1313 656 ἐγκελευσάμενος,
1329 622 1410 653 εὐθὺς
1428 623 1475 649 ἐπὶ
1490 623 1520 649 τὸ
1535 624 1720 658 στρατόπεδον
1740 624 1795 650 τῶν
1810 633 1862 650 1:0-

218 680 294 704 rccta
316 674 345 701 in
363 672 485 700 hostium
501 674 595 698 castra
613 670 762 701 irruerent.
776 669 916 704 pracepit,
928 676 1016 704 eaque

1066 665 1169 700 λεμίων
1203 666 1351 703 ὥρμησεν,
1377 669 1425 695 καὶ
1445 669 1526 695 τοῦτο
1552 669 1709 703 παρέλαϐεν
1736 670 1859 706 πολέμῳ.

218 726 279 757 post
292 722 449 754 reparatam
465 724 584 752 pugnam
601 715 731 743 obtinuit.
745 714 814 742 Tum
834 722 899 742 vero
914 715 1015 742 milites

1073 712 1208 739 Ἐνταῦθα
1219 713 1248 740 δὲ
1262 713 1297 740 τὰ
1317 715 1447 749 χρήματα
1462 715 1488 741 oi
1504 715 1672 750 στρατιῶται
1686 716 1776 742 οὐδενὶ
1792 717 1863 751 λόγῳ

218 771 343 803 repertas
354 765 464 794 obviam
478 764 585 798 absque
598 762 705 790 delectu
721 762 762 789 vel
781 762 887 790 ratione
903 761 1015 789 divitias

1066 760 1236 795 ἀρτιάζοντες
1250 781 1257 792 ,
1279 761 1327 788 τοῦ
1355 762 1511 797 στρατηγοῦ
1531 763 1610 797 λόγον
1631 763 1682 790 οὐκ
1711 763 1860 791 ἐποιοῦντο.

217 813 379 849 diripientes
406 810 510 839 nullam
530 809 610 837 ducis
633 816 727 836 curam
747 815 853 843 gerere,
868 808 972 834 nullam
987 808 1015 835 in

1066 805 1173 842 Νοήσας
1187 807 1215 833 δὲ
1230 808 1244 834 ό
1260 807 1412 844 Γερμανὸς,
1430 809 1467 844 μὴ
1485 810 1730 845 συμφρονήσαντες
1742 810 1768 836 οι
1784 809 1861 836 πολέ-

217 865 281 886 eum
304 855 510 885 observantiam
535 853 665 881 retinere.
684 852 795 880 Veritus
818 852 903 887 igitur
921 860 955 880 ne
971 860 1015 880 ree

1069 862 1125 888 μιοι
1146 853 1190 880 ἐπ’
1206 854 1288 881 αὑτὸν
1308 854 1395 886 ῐωσιν,
1418 855 1513 882 iuran
1528 855 1703 891 ὀδυρόμενος,
1721 856 1767 882 καὶ
1793 855 1863 890 πρὸς

217 903 336 939 sumptis
351 902 450 930 animis
465 901 560 929 hostes
577 899 764 931 adorirentur,
774 898 897 927 substitit
912 898 946 926 de
959 903 1014 926 tam

1067 900 1219 936 εὐκοσμίαν
1244 901 1358 932 τούτους
1377 902 1558 938 παρακαλῶν,
1575 904 1606 929 οι
1632 903 1663 929 δὲ
1689 903 1862 938 Μαυρούσιοι

216 933 331 986 indigno
362 948 486 976 far-inore
514 950 696 980 conquestus,
726 945 803 980 ipsos
836 945 863 972 in
888 945 1013 973 ordinem

1064 947 1114 982 τὴν
1144 948 1248 982 τροπὴν
1278 947 1442 982 θεασάμενοι
1465 950 1537 975 κατὰ
1561 949 1615 976 τῶν
1640 949 1811 976 στασιαστῶν
1838 949 1862 965 ’³

216 996 335 1025 subinde
353 1000 499 1022 revocans.
519 991 655 1019 Maurusii
671 998 738 1019 vero
755 990 802 1018 ubi
819 990 911 1026 fugam
931 991 1012 1018 istam

1065 992 1209 1028 ὥρμησαν,
1227 993 1274 1019 καὶ
1286 992 1398 1024 τούτους
1411 993 1523 1020 ἐδίωκον
1541 994 1590 1020 σὺν
1607 993 1646 1029 τῷ
1661 994 1709 1020 τοῦ
1725 993 1860 1026 βασιλέως

215 1049 403 1078 conspexere.
430 1040 501 1068 iacto
526 1039 553 1067 in
576 1039 713 1074 ipsosmet
735 1037 837 1065 milites
859 1037 1014 1072 perduelles

1066 1039 1185 1074 στρατῷ.
1211 1039 1334 1071 Τζότζας
1356 1039 1386 1066 δὲ
1415 1039 1446 1066 τὺ
1479 1039 1580 1075 θάρσος
1596 1041 1637 1071 εἰς
1657 1040 1757 1071 αὐτοὺς
1779 1039 1860 1074 ἔχων,

217 1091 329 1124 impetu,
340 1095 395 1115 una
410 1094 473 1114 cum
486 1085 663 1121 imperatoris
677 1084 737 1112 acie
745 1092 794 1112 eos
803 1083 925 1111 insecuti
938 1088 1013 1112 sunt.

1066 1085 1197 1121 ἑωρακὼς
1213 1086 1247 1112 τὰ
1266 1086 1313 1112 ὑπ’
1336 1085 1424 1113 αὐτῶν
1451 1087 1585 1121 γενόμενα
1607 1086 1677 1120 μετὰ
1702 1085 1800 1113 ἑκατὸν
1820 1087 1861 1116 εις

216 1134 403 1169 Quamobrem
430 1132 559 1164 Tzottas,
575 1131 623 1166 qui
650 1130 778 1158 ﬁduciam
802 1137 911 1158 omnem
928 1130 956 1157 in
971 1131 1014 1158 eis

1067 1132 1158 1167 φυγὴν
1171 1132 1290 1168 ἐτράπη,
1306 1133 1352 1159 καὶ
1370 1133 1409 1164 είς
1427 1133 1618 1167 Μαυριτανίαν
1639 1133 1688 1167 τὴν
1718 1132 1861 1166 ὲνδοτέραν

216 1185 389 1216 reposuerat,
409 1187 472 1207 cum
498 1179 579 1206 istam
602 1178 714 1205 illorum
736 1177 880 1205 adversum
900 1184 930 1205 se
947 1184 1015 1204 con-

1066 1179 1219 1214 ἐχώρησεν,
1236 1180 1285 1206 καὶ
1300 1180 1316 1214 ἡ
1329 1179 1423 1209 στάσις
1440 1180 1468 1205 ὲν
1482 1179 1586 1210 τούτοις
1599 1178 1737 1205 ἐτελεύτα.
1750 1179 1860 1214 Γερμα-

216 1229 371 1256 versionem
390 1224 596 1257 animadvertit,
622 1231 651 1251 se
675 1232 738 1251 cum
765 1227 875 1250 centum
897 1223 961 1250 aliis
986 1222 1014 1249 in

1066 1225 1110 1252 νὺν
1121 1225 1150 1252 δὲ
1166 1226 1214 1252 σὺν
1230 1225 1357 1260 Δομνίκῳ
1375 1227 1423 1253 καὶ
1441 1226 1584 1261 Συμμάχῳ
1606 1225 1861 1260 μεταπεμψάμενος

216 1277 307 1311 fugam
331 1274 467 1309 coniecit,
486 1276 513 1300 et
531 1272 558 1299 in
574 1269 766 1298 Mauritaniam
786 1269 945 1296 interiorem
970 1276 1014 1295 re-

1065 1272 1080 1298 ὁ
1093 1271 1221 1307 βασιλεὺς
1245 1273 1286 1304 είς
1324 1272 1481 1304 Βυζάντιον,
1497 1272 1634 1306 Σολομῶνι
1654 1272 1736 1299 πάλιν
1756 1272 1790 1299 τά
1810 1272 1861 1305 τῆς

214 1322 301 1351 cessit
316 1331 321 1348 :
336 1325 419 1356 atque
430 1320 468 1346 ita
480 1318 593 1346 demum
606 1317 706 1345 seditio
722 1315 851 1343 cessavit.
864 1315 1015 1350 Imperator

1065 1317 1170 1353 Λιϐύης
1186 1318 1338 1353 πράγματα
1354 1314 1505 1354 ἐνεχείρισε
1533 1318 1773 1353 (τρισκαιδέκατον
1789 1318 1818 1344 δὲ
1835 1319 1858 1334 ’³

215 1375 307 1398 autem
327 1368 495 1397 Germanum
512 1374 566 1393 una
581 1372 645 1392 cum
660 1364 794 1392 Domnico
808 1368 835 1391 et
846 1363 1014 1399 Symmacho

1066 1363 1126 1395 ἔτος
1150 1361 1184 1398 ἦν
1201 1364 1283 1390 τοῦτο
1299 1363 1350 1398 τῆς
1386 1363 1576 1391 Ἰουστινιανοῦ
1596 1363 1756 1398 βασιλείας),
1770 1371 1859 1398 παρα-

216 1415 378 1452 Byzantium
395 1420 541 1445 revocans,
563 1411 675 1447 Libyam
696 1410 797 1436 iterum
816 1409 1015 1436 administran-

1066 1410 1199 1446 σχόμενος
1213 1409 1288 1444 αὑτῷ
1310 1410 1334 1427 ⁸³
1348 1410 1489 1445 ἄρχοντάς
1518 1418 1547 1436 τε
1563 1409 1659 1440 ἄλλους
1677 1411 1723 1436 καὶ
1755 1411 1862 1444 Ῥουφῖ-

215 1462 279 1490 dam
302 1459 441 1488 Salomoni
458 1457 609 1486 commisit.
625 1456 736 1484 Tertius
752 1460 817 1488 tunc
833 1462 916 1490 supra
939 1454 1016 1481 deci-

1066 1465 1111 1484 νον
1127 1456 1175 1483 καὶ
1197 1456 1324 1482 Λεόντιον
1347 1457 1395 1483 καὶ
1420 1457 1547 1492 Ἰωάννην
1565 1457 1611 1483 τὸν
1635 1457 1769 1483 Σισιννίου
1792 1457 1859 1483 υἱόν.

216 1517 290 1537 mum
302 1507 410 1543 imperii
429 1504 580 1534 Iustiniani
595 1503 793 1531 numerabatur
808 1510 898 1530 annus
911 1511 918 1529 :
932 1502 1015 1529 alios-

1066 1502 1193 1538 Σολομὼν
1219 1503 1249 1530 δὲ
1276 1503 1471 1534 καταπλεύσας
1498 1504 1538 1534 είς
1563 1503 1728 1538 Καρχηδόνα
1743 1503 1861 1538 μετρίως

215 1563 269 1591 que
282 1554 374 1590 Libyae
390 1556 509 1581 rectores
523 1551 667 1582 Rullnum,
681 1549 828 1577 Leontium
840 1553 867 1576 et
878 1548 1013 1576 Joannem

1066 1550 1112 1577 τὸν
1128 1550 1193 1576 λαὸν
1210 1550 1345 1585 ἐξηγεῖτο,
1359 1550 1406 1577 καὶ
1416 1550 1520 1586 Λιϐύην
1530 1550 1660 1585 ἀσφαλῶς
1674 1550 1859 1584 διεφύλαττεν,

218 1600 334 1628 Sisiunii
358 1599 443 1626 lilium
467 1597 584 1625 addidit.
605 1595 691 1623 Porro
715 1595 846 1622 Salomon
865 1594 1012 1629 Carthagi-

1065 1596 1222 1631 διακοσμῶν
1237 1604 1267 1622 τε
1291 1596 1336 1623 τὸν
1355 1597 1480 1632 στρατὸν,
1497 1597 1544 1624 καὶ
1571 1596 1598 1623 ετ
1623 1605 1684 1624 τινα
1699 1597 1818 1623 ὕποπτον
1832 1597 1860 1623 ὲν

215 1655 279 1674 nem
304 1645 446 1681 trajiciens
463 1644 514 1671 levi
532 1643 728 1677 moderatoque
745 1641 860 1676 imperio
878 1641 1008 1676 populum

897 1641 1008 1676 opulum
1063 1641 1138 1677 αὐτῷ
1155 1641 1295 1677 εὓρισκεν,
1308 1643 1348 1673 εἰς
1364 1642 1510 1674 Βυζάντιον
1527 1642 1704 1677 ἀπέπεμπεν.

216 1695 304 1727 rexit,
335 1698 363 1721 et
387 1693 501 1729 Libyam
529 1691 626 1719 sedulo
656 1694 773 1722 tutatus,
800 1689 955 1717 exercitum
980 1697 1013 1717 eo
1028 1689 1128 1717 ordine
1154 1689 1319 1724 composuit,
1345 1694 1384 1722 ut,
1401 1690 1517 1724 siquem
1534 1697 1568 1717 ex
1596 1690 1731 1717 militibus
1764 1695 1862 1724 suspe-

215 1746 292 1770 ctum
311 1738 594 1775 habuitdﬂyzantium
613 1736 706 1765 statim
721 1735 918 1764 transmiserit.

251 1787 403 1815 Belisarius
422 1790 513 1813 autem
536 1785 642 1817 Sicilia,
660 1784 758 1816 Roma,
775 1783 932 1818 vicinisque
951 1784 1018 1811 civi—

1103 1781 1266 1817 Βελισάριος
1289 1781 1317 1808 δὲ
1341 1782 1391 1816 τήν
1412 1790 1441 1808 τε
1470 1781 1596 1808 Σικελίαν
1616 1781 1664 1807 καὶ
1684 1779 1795 1816 Ῥώμην
1807 1780 1859 1807 ὑπὸ

217 1835 320 1863 tatibus
333 1842 347 1861 a
362 1833 455 1870 Jutgio
485 1832 606 1861 detentis
621 1832 649 1859 in
669 1830 821 1859 Romanam
849 1835 1014 1865 potestatem

1072 1828 1201 1862 Ἰουτγίου
1216 1827 1240 1844 ’⁵
1256 1827 1312 1862 (48)
1332 1826 1531 1862 κατεχομένην,
1545 1827 1592 1854 κα)¹
1608 1827 1657 1858 τὰς
1672 1827 1752 1862 πέριξ
1768 1827 1860 1858 πόλεις

216 1879 476 1917 receptis,.lutgium
491 1886 555 1906 sum
571 1886 659 1905 uxore
674 1882 702 1905 ct
719 1878 817 1905 liberis
834 1877 867 1904 ad
884 1876 1004 1905 Justinia

1065 1874 1244 1910 παραλαϐὼν,
1264 1873 1392 1908 Ἰούτγιον
1420 1874 1461 1905 εις
1480 1874 1627 1905 Βυζάντιον
1653 1874 1723 1910 πρὸς
1748 1875 1859 1900 Ἰουστι-

215 1934 284 1955 num
310 1925 474 1962 Byzantium
494 1918 619 1951 adduxit.
639 1923 794 1958 Imperator
814 1930 880 1950 vero
898 1921 1013 1950 Narsem

1068 1920 1160 1948 νιανδν
1175 1921 1281 1956 ἢγαγεν
1306 1920 1375 1955 μετὰ
1394 1920 1444 1955 τῆς
1466 1920 1595 1954 γυναικὸς
1620 1920 1667 1946 καὶ
1691 1919 1746 1946 τῶν
1758 1920 1860 1946 τέκνων

216 1962 418 2001 cubicularium
434 1970 517 1998 rebus
533 1970 590 1996 illic
606 1969 835 1996 administrandis
847 1976 910 1995 cum
924 1969 1014 1995 classe

1067 1967 1161 1994 αὐτοῦ.
1182 1966 1238 1992 Καὶ
1253 1966 1412 1993 ἀπέστειλεν
1431 1967 1445 1992 ὁ
1467 1966 1594 2001 βασιλεὺς
1608 1966 1721 2001 Ναρσῆν
1735 1966 1781 1992 τὸν
1797 1975 1860 1992 κου-

219 2018 309 2046 valida
336 2015 453 2044 Romam
486 2015 649 2043 transmisit.
677 2015 807 2043 Salomon
837 2015 918 2042 etiam
949 2022 1013 2041 cum

1065 2013 1240 2048 ϐικουλάριον
1253 2013 1321 2047 μετὰ
1339 2012 1482 2039 στόλου’ἑν
1493 2014 1525 2047 τῇ
1550 2012 1644 2049 Ῥώμῃ
1666 2012 1733 2047 πρὸς
1749 2012 1779 2038 τὸ
1803 2013 1860 2038 δια-

214 2063 392 2099 Carthagine,
417 2066 475 2089 tum
493 2063 519 2089 in
539 2061 626 2096 Libya
653 2061 771 2096 regenda
791 2068 898 2088 summa
917 2061 1013 2088 mode-

1073 2061 1211 2095 κρατῆσαι
1227 2058 1261 2085 τὰ
1270 2059 1370 2086 ἐκεῖσε.
1384 2058 1510 2094 Σολομὼν
1519 2059 1548 2085 δὲ
1564 2060 1596 2086 τὰ
1610 2060 1638 2085 ὲν
1649 2060 1802 2095 Καρχηδόνι
1814 2060 1861 2086 καὶ

215 2108 322 2135 ratione
357 2114 438 2138 usus,
468 2105 602 2133 adversus
626 2104 784 2133 Maurusios
820 2106 944 2140 praelium
971 2105 1013 2132 in-

1067 2104 1155 2140 Λιϐύῃ
1172 2104 1262 2136 καλῶς
1284 2104 1437 2140 διοικήσας,
1465 2105 1538 2132 κατὰ
1565 2106 1747 2141 Μαυρουσίων
1761 2108 1860 2140 ἐστρά-

216 2153 317 2182 struxit
328 2174 335 2186 ,
351 2156 380 2180 et
396 2152 485 2188 primo
500 2151 612 2187 quidem
629 2151 797 2186 Gogdarium
819 2159 834 2178 e
849 2151 1014 2179 satellitibus

1067 2159 1174 2178 τευσεν.
1190 2151 1245 2177 Καὶ
1260 2150 1367 2186 πρῶτον
1389 2151 1437 2186 μὲν
1453 2151 1599 2187 Γογδάριον
1611 2153 1634 2169 ’⁸
1646 2152 1702 2188 (49)
1716 2153 1763 2180 τὸν
1777 2154 1857 2180 αύτθῦ

216 2208 313 2231 unum,
326 2200 416 2227 virum
429 2198 568 2234 probitate
583 2201 609 2225 et
626 2198 738 2224 militari
757 2197 854 2232 peritia
872 2205 1013 2225 commen-

1067 2197 1229 2233 δορυφόρον,
1254 2197 1340 2232 ἄνδρα
1366 2197 1469 2231 ἀγαθὸν
1499 2199 1540 2230 είς
1554 2199 1588 2225 τὰ
1609 2199 1632 2215 ’⁸
1648 2199 1778 2234 πολέμια,
1810 2201 1857 2226 σὺν

215 2246 322 2278 datum,
336 2253 397 2272 cum
416 2244 539 2272 exercitu
559 2243 691 2278 przemisit
710 2252 717 2270 :
736 2244 783 2277 qui
802 2243 836 2269 ad
851 2243 944 2279 Bigam
962 2243 1013 2270 llu-

1068 2243 1254 2279 στρατεύματι
1271 2243 1405 2278 ἐπεμψεν,
1422 2244 1496 2275 ὅστις
1511 2245 1551 2276 είς
1563 2245 1647 2279 Βίγαν
1662 2245 1720 2280 (50)
1736 2246 1855 2279 ποταμὸν

216 2293 290 2320 vium
302 2291 474 2320 descendens
494 2290 527 2318 ad
544 2289 680 2325 Baugaem
695 2289 835 2316 civitatem
858 2290 1011 2317 desolatam

1066 2289 1243 2324 ἀφικόμενος,
1262 2290 1301 2321 είς
1313 2290 1425 2325 Βαυγαῆ
1441 2290 1497 2326 (51)
1517 2291 1595 2317 πόλιν
1610 2291 1714 2327 ἔρημον
1729 2292 1852 2326 ἐστρατο-

217 2342 309 2366 castra
325 2341 444 2364 metatus
460 2341 513 2364 est.
528 2335 565 2363 Ibi
586 2335 738 2363 commisso
762 2335 913 2362 certamine
929 2342 1011 2370 supe-

1042 2342 1051 2366 ι
1066 2334 1229 2363 πεδεύσατο.
1247 2328 1380 2363 Ἐνταῦθα
1394 2337 1422 2364 δὲ
1441 2338 1530 2373 μάχης
1557 2338 1720 2374 γενομένης,
1731 2338 1849 2373 ἡττηθεὶς

217 2388 306 2414 ratus,
321 2382 349 2409 in
367 2382 469 2408 vallum
487 2388 517 2408 se
536 2380 650 2415 recepit,
663 2381 690 2407 in
711 2387 768 2415 quo
789 2381 920 2407 continua
936 2379 1013 2407 Matt-

1068 2381 1116 2407 καὶ
1143 2382 1182 2411 εἰς
1210 2381 1240 2407 τὸ
1267 2383 1423 2418 χαράκωμα
1457 2384 1637 2419 ἀναχωρήσας
1658 2385 1699 2418 .",
1731 2385 1784 2411 ὑπὸ
1808 2384 1852 2418 τῆς

217 2427 356 2454 rusiorum
375 2425 521 2454 obsidione
537 2425 724 2460 premebatur.
742 2424 790 2452 His
807 2433 822 2453 e
840 2425 932 2452 Vicino
953 2425 1014 2453 loco

1069 2427 1122 2453 τῶν
1150 2428 1334 2463 Μαυρουσίων
1365 2430 1531 2466 προσεδρίας
1562 2431 1697 2462 ἐπιέζετο.
1731 2430 1855 2466 Σολομὼν

217 2472 334 2505 auditis,
361 2472 494 2500 Salomon
523 2472 690 2507 quantocius
724 2471 871 2500 advolavit.
900 2471 1014 2500 Barbari

1068 2473 1098 2500 δὲ
1114 2473 1228 2509 πλησίον
1242 2475 1387 2509 γενόμενος
1404 2476 1451 2502 καὶ
1464 2476 1550 2504 ταῦτα
1571 2477 1676 2512 μαθὼν,
1696 2478 1767 2504 κατὰ
1777 2477 1856 2512 τάχος

881 2551 924 2578 VA
931 2551 999 2579 Rle
1017 2551 1221 2589 LECTlONES.

246 2611 270 2627 “
284 2611 470 2646 συμϐαλόντες
483 2611 515 2642 Α,
534 2609 733 2647 συμϐάλλοντες
754 2610 829 2644 vulg.
845 2645 848 2647 Δ
903 2610 949 2647 τὸν
965 2610 997 2640 Α,
1013 2610 1067 2637 τῶν
1089 2611 1161 2646 vulg.
1198 2612 1220 2628 ⁸⁸
1233 2612 1394 2639 ἐνεϐίϐασαν
1413 2612 1445 2645 Α,
1461 2612 1536 2641 ἀνεϐ.
1552 2613 1625 2647 vulg.
1658 2613 1682 2628 "
1696 2613 1784 2647 τούτῳ
1808 2612 1856 2639 σὺν

216 2645 363 2681 ὀλίγοιςλ,
378 2647 427 2673 σὺν
442 2646 627 2683 ὀλίγωνΑνιιιβ.
657 2646 703 2683 λ⁹ξ
714 2645 869 2683 ἴσχυσεν-Α,
887 2645 1002 2683 ἰσχύσας
1020 2647 1093 2683 vulg.
1138 2645 1159 2663 i‘
1179 2647 1352 2674 στασιαστῶν
1373 2648 1405 2679 Α,
1423 2645 1629 2675 στασιασάντων
1641 2656 1665 2679 e,
1681 2645 1857 2683 στρατιωτῶν

217 2682 289 2718 vulg.
331 2684 354 2699 ⁹¹
368 2683 397 2709 δὲ
414 2682 478 2709 add.
491 2688 524 2709 ex
537 2681 589 2718 A._
598 2681 708 2718 F‘Aabté‘b
722 2681 755 2713 Δ,
770 2681 852 2718 apto;
869 2681 942 2718 vulg.
976 2681 1002 2718 °‘_
1017 2682 1129 2718 Ούγίου,
1144 2690 1205 2710 mox
1220 2684 1346 2717 Οὺϊτγιον
1365 2684 1396 2715 Α,
1411 2684 1536 2710 Οὑῖττίου
1550 2692 1575 2717 e,
1591 2684 1690 2718 οὐγίου
1704 2681 1723 2712 l'.
1751 2684 1773 2699 "
1790 2683 1857 2718 Fop~

216 2715 308 2753 ὃάρὶον
321 2718 353 2753 Δ,
366 2718 509 2753 Γονδάριον
526 2724 552 2751 e,
570 2716 702 2752 Γότοαριν
715 2724 741 2743 a.
770 2715 794 2732 ⁹⁶
807 2716 847 2747 εἰς
864 2715 896 2742 τὰ
910 2716 943 2747 Δ,
961 2716 1009 2742 καὶ
1022 2717 1061 2748 εἰς
1079 2717 1113 2743 τὰ
1127 2718 1200 2753 vulg.
1226 2719 1247 2734 ’⁷
1264 2715 1449 2754 ἀποχωρήσας
1468 2719 1500 2745 Α.

883 2775 954 2803 JAC.
966 2776 1075 2804 GOARI
1094 2778 1211 2806 NOTA‘I.

251 2835 422 2907 (47;!audas
439 2842 465 2864 et
478 2836 603 2877 Artliias.
695 2872 700 2877 _
895 2846 898 2849 ’
1099 2838 1155 2872 (49)
1174 2837 1335 2874 Procopius,
1354 2839 1402 2866 lib.
1428 2848 1447 2867 ιι
1471 2839 1507 2866 Dc
1533 2839 1601 2866 bello
1623 2838 1770 2866 Vaudalica
1780 2836 1857 2865 Gon-

251 2871 295 2907 με
327 2871 454 2898 Butmum
477 2876 558 2899 vertit
572 2873 748 2900 Anastasius.
767 2872 804 2898 De
828 2871 937 2900 Bullino
953 2872 1007 2900 Ro-
1062 2874 1175 2901 tharim.

249 2871 306 2908 (ιε)
327 2871 454 2898 Butinum
477 2873 558 2908 vertit
572 2872 804 2908 AnastasiusaDe
828 2871 937 2900 Bullino
953 2872 1007 2900 Ro-
1062 2874 1175 2901 tharim.

214 2915 287 2945 unm)
302 2911 456 2945 occupante
468 2907 564 2934 scribit
579 2908 712 2945 Agathias
730 2907 778 2935 lib.
806 2915 837 2941 ιι,
854 2909 942 2944 deque
961 2909 1008 2936 illo
1099 2909 1156 2945 (ϐυ)
1175 2909 1260 2942 Idem,
1274 2910 1401 2945 Abigam.

213 2949 229 2970 λ
249 2941 416 2976 Theophane
431 2941 539 2970 diversa
556 2943 650 2970 trudit.
897 2941 906 2944 '
1096 2941 1152 2979 (5t)
1171 2945 1243 2972 Idem
1262 2941 1401 2973 Fabdsim.
