4088 6448
357 371 465 439 48-!

1688 366 2362 431 CHRONOGRAPHIA.

3531 373 3638 438 482

357 488 554 559 γάλην,
595 485 699 542 καὶ
718 483 969 559 εἰσῆλθεν
991 485 1050 540 ὲν
1088 485 1368 558 Ἀπαμείᾳ
1412 485 1506 540 καὶ
1537 484 1756 557 ἑτέραις
1796 483 1935 538 πόλε

2059 482 2351 553 Apameam
2388 481 2636 554 aliasque
2673 481 2946 550 civitates,
2997 496 3276 544 armorum
3315 483 3368 540 vi
3400 483 3503 540 sibi
3537 500 3634 541 su-

358 599 470 637 σιν.

431 674 496 727 Α.
537 672 614 726 Μ.
641 670 803 725 6052.
836 699 906 712 -—
955 669 1147 740 Τούτῳ
1191 669 1272 741 τῷ
1298 668 1411 724 ἔτει
1450 668 1770 742 προσεῤῥύη
1808 668 1943 723 Ῥω-

356 764 547 833 μαίοις
580 760 821 824 Μοῦνδος
854 759 992 830 (75),
1040 761 1104 814 ὲκ
1132 760 1224 814 τοῦ
1254 760 1446 829 γένους
1481 761 1591 814 τῶν
1642 760 1892 830 Γηγέδων
1919 760 1942 792 ⁸

351 855 752 926 καταγόμενος,
784 854 898 918 υἰὸς
925 853 1186 924 Γιέσμου,
1221 855 1368 916 ὅστις
1393 852 1534 922 μετὰ
1553 854 1654 925 τὴν
1687 853 1942 923 τελευτὴν

349 947 448 1001 τοῦ
491 947 700 1016 πατρὸς
754 945 924 998 αὑτοῦ
973 941 1140 1016 ἦλθεν
1193 946 1330 1015 πρὸς
1386 944 1638 1015 Ῥἧγαν⁰
1667 943 1759 997 τὸν
1799 944 1943 997 Θείον

349 1040 522 1094 αὑτοῦ
573 1039 681 1092 ἀπὸ
729 1039 956 1109 μητρὸς,
1023 1037 1168 1106 ρῆγα
1219 1037 1352 1091 ὅντα
1400 1035 1495 1089 τοῦ
1532 1036 1790 1107 Σερμίου,
1847 1036 1944 1088 καὶ

349 1132 519 1199 γνοὺς
544 1129 704 1183 τοῦτο
751 1131 781 1182 ὁ
813 1127 916 1198 ρὴξ
957 1127 1196 1199 Ῥώμης,
1249 1130 1278 1182 ὁ
1322 1129 1667 1198 Θευδέριχος,
1717 1127 1940 1197 πέμψας

351 1221 493 1292 πρὸς
543 1219 730 1284 αὐτὸν,
770 1218 864 1272 καὶ
894 1218 1138 1281 πεισθεὶς
1167 1217 1412 1288 ἀπῆλθεν
1447 1217 1585 1288 πρὸς
1622 1217 1806 1283 αὑτὸν,
1846 1222 1942 1272 καὶ

351 1308 424 1383 ἦν
451 1310 567 1382 μετ’
591 1309 757 1364 αὑτοῦ
779 1309 1085 1379 συμμαχῶν
1115 1309 1284 1379 αὐτῷ.
1307 1309 1465 1364 Μετὰ
1482 1309 1538 1363 δὲ
1562 1309 1662 1379 τὴν
1685 1308 1939 1380 τελευτὴν

347 1404 702 1475 Θευδερίχου,
733 1397 899 1474 ἦλθεν
943 1401 1040 1454 ἐπὶ
1072 1401 1163 1454 τὸν
1189 1399 1483 1458 Λανούϐιον
1537 1401 1804 1470 ποταμὸν,
1845 1402 1942 1462 καὶ

344 1499 598 1570 ᾐτήσατο
625 1495 716 1549 τὸν
744 1495 969 1565 βασιλέα
1017 1492 1394 1550 Ἰουστινιανὺν
1422 1489 1560 1554 εἶναι
1589 1493 1695 1547 ὑπὸ
1727 1495 1824 1564 τὴν
1847 1493 1942 1564 βα-

347 1589 559 1645 σιλείαν
616 1587 799 1642 αὑτοῦ.
848 1587 958 1640 Καὶ
1013 1581 1177 1657 ἦλθεν
1234 1587 1294 1640 ὲν
1343 1585 1938 1653 Κωνσταντινουπόλει,

347 1684 446 1738 καὶ
473 1681 650 1735 πολλὰ
671 1679 834 1733 αὐτὸν
865 1678 1369 1749 φιλοτιμησάμενος
1398 1681 1426 1732 ό
1451 1679 1702 1750 βασιλεὺς
1731 1679 1941 1734 καὶτὸν

346 1771 463 1827 υἰὺν
499 1770 688 1836 αὐτοῦ,
718 1768 988 1822 ἀπέλυσεν
1017 1769 1234 1834 αὐτοὺς,
1263 1770 1498 1838 ποιήσας
1530 1770 1696 1823 αὐτὸν
1735 1787 1939 1842 στρατ-

2044 575 2262 640 bactas,
2298 575 2477 631 victor
2504 574 2792 645 ingressus
2821 585 2928 632 est.
3441 639 3444 644 _

2112 668 2178 724 A.
2229 667 2294 723 C.
2346 667 2472 723 552.
2510 667 2720 724 —lloc
2777 684 2925 723 anno
2975 669 3212 725 Mundus
3266 685 3297 726 e
3337 670 3636 740 Gepidibus

2043 775 2201 816 suum
2229 775 2402 830 genus
2432 759 2678 824 trahens,
2705 759 2912 817 Giesmi
2944 761 3108 828 lilius,
3161 762 3256 831 qui
3305 770 3428 830 post
3462 763 3635 830 patris

2041 851 2254 908 obitum
2320 851 2395 910 .ad
2454 849 2658 920 Regam
2712 854 3044 910 avunculum
3102 868 3169 907 ex
3220 862 3396 908 matre
3448 852 3636 908 Sirmii

2044 958 2227 1015 regem
2281 946 2540 1011 accessit,
2597 945 2653 1000 in
2708 945 3085 1002 Romanorum
3139 957 3326 1015 partes
3387 950 3628 1002 transiit.

2042 1035 2121 1096 Eo
2178 1039 2400 1108 cognito
2453 1038 2640 1095 Romae
2694 1054 2790 1102 rex
2845 1039 3262 1104 Theuderjchus
3314 1039 3521 1110 legatos
3561 1040 3631 1094 ad

2041 1145 2168 1186 eum
2203 1132 2395 1200 misit;
2437 1148 2672 1202 quorum
2701 1133 2882 1188 verbis
2923 1133 3014 1189 ille
3060 1148 3286 1198 suasus,
3329 1133 3397 1187 ad
3453 1132 3636 1188 Theu-

2042 1221 2326 1280 derichum
2377 1226 2679 1293 profectus,
2708 1238 2832 1278 cum
2885 1239 2952 1281 eo
3006 1232 3254 1280 moratus
3304 1231 3410 1292 est,
3445 1239 3630 1278 armo-

2043 1331 2164 1371 rum
2199 1315 2321 1384 ejus
2375 1316 2561 1372 socius
2607 1315 2808 1371 factus.
2864 1314 3246 1376 Theudericbo
3287 1314 3414 1370 fatis
3445 1316 3633 1371 functo

2043 1408 2108 1461 ad
2149 1407 2458 1462 Danubium
2489 1407 2690 1462 ﬂumen
2728 1407 2895 1470 venit,
2935 1415 2989 1461 et
3022 1407 3090 1461 ab
3115 1408 3443 1477 imperatore
3462 1405 3634 1462 Justi-

2041 1500 2207 1554 niano
2239 1501 2451 1570 imperii
2494 1499 2776 1560 subditum
2822 1514 2884 1556 se
2911 1499 3174 1569 deinceps
3222 1498 3412 1555 haberi
3440 1508 3631 1568 postn-

2043 1590 2196 1646 lavit.
2229 1589 2376 1656 Quin
2412 1590 2579 1646 etiam
2601 1591 2825 1660 .Cpolim
2877 1590 3136 1654 accessit,
3173 1603 3340 1659 quem
3391 1588 3630 1657 impera-

2045 1691 2130 1737 tor
2174 1697 2284 1738 una
2339 1697 2463 1737 cum
2510 1682 2624 1737 ﬁlio
2673 1681 2930 1737 maximis
2985 1679 3310 1741 muneribus
3364 1681 3627 1734 donatum

2042 1785 2096 1829 et
2146 1776 2349 1846 Illyrici
2407 1775 2733 1845 magistrum
2789 1775 3000 1830 militia:
3047 1773 3430 1834 renuntiatum
3485 1786 3516 1825 a
3569 1786 3630 1827 se

351 1863 559 1933 ηλάτην
611 1859 705 1916 τοῦ
753 1859 1072 1929 Ἰλλυρικοῦ.
1133 1862 1244 1914 Καὶ
1285 1862 1344 1914 ὲν
1383 1857 1497 1931 ’τῷ
1529 1863 1935 1931 παραγενέσθαι

2045 1868 2274 1923 dimisit.
2311 1868 2588 1939 Illyricum
2635 1883 2829 1924 .versus
2869 1867 2976 1920 iter
3022 1865 3233 1936 agenti,
3273 1873 3326 1920 et
3355 1864 3465 1932 jam
3500 1877 3629 1934 pro-

357 1955 523 2010 αὐτὸν
552 1953 595 1986 ³⁸
627 1956 707 2016 εἰς
733 1953 795 2006 τὸ
821 1951 1117 2023 Ἰλλυρικὸν
1148 1951 1284 2025 (76),
1317 1952 1540 2020 ἐξῆλθον
1572 1955 1937 2027 οἰΒούλγαροι

363 2046 566 2117 πλῆθος
605 2045 764 2110 πολὺ,
799 2045 894 2098 καὶ
916 2045 1167 2116 ὁρμήσας
1197 2043 1316 2098 κατ’
1372 2044 1554 2098 αὐτῶν
1597 2046 1806 2110 πάντας
1840 2048 1938 2102 άν-

353 2138 585 2207 ᾑλωσεν.
619 2137 730 2191 Καὶ
772 2135 1092 2194 ἀπέστειλεν
1139 2137 1197 2187 ὲν
1249 2135 1817 2194 Κωνσταντινουπόλει
1871 2140 1937 2193 ὲκ

345 2231 450 2299 τῆς
485 2230 864 2299 αἰχμαλωσίας
893 2229 1003 2283 τῶν
1047 2229 1370 2300 ἡγουμένων
1425 2229 1606 2290 αὐτῶν
1642 2232 1808 2302 μετὰέ
1840 2233 1936 2291 καὶ

347 2322 534 2379 ἄλλων
589 2323 799 2377 πολλῶν
833 2322 896 2387 “,
945 2318 1041 2374 καὶ
1099 2323 1455 2390 ἐπόμπευσαν
1507 2324 1706 2386 αὐτοὺς
1755 2324 1815 2376 ὲν
1857 2324 1936 2396 τῷ

347 2412 588 2484 ἱππικῷ.
637 2414 748 2467 Καὶ
801 2413 1021 2481 ἐγένετο
1062 2415 1252 2484 εἰρήνη
1283 2412 1479 2484 βαθεῖα
1524 2415 1582 2466 ὲν
1607 2417 1675 2485 τῇ
1718 2414 1932 2487 Θρᾴκῃ,

348 2507 556 2578 μηκέτι
590 2504 916 2576 τολμώντων
951 2504 1059 2559 τῶν
1093 2503 1311 2560 Ούννων
1341 2507 1582 2575 περᾶσαι
1611 2507 1702 2560 τὸν
1728 2510 1932 2572 Δάνον·

344 2598 454 2652 ὄιν.
484 2598 626 2660 Τοὺς
656 2597 714 2650 δὲ
742 2595 1124 2667 αἰχμαλώτους
1156 2597 1262 2652 τῶν
1311 2597 1639 2666 Βουλγάρων
1688 2599 1934 2671 ἐπεμψεν

342 2690 374 2742 ό
409 2687 668 2759 βασιλεὺς
691 2689 772 2751 εἰς
809 2688 1105 2760 Ἀρμενίαν
1140 2690 1234 2744 καὶ
1267 2692 1346 2753 εἰς
1367 2692 1632 2764 Λαζικὴν.
1658 2695 1770 2748 Καὶ
1799 2713 1934 2751 κατ-

343 2776 626 2842 ετάγησαν
647 2777 703 2828 ὲν
727 2777 840 2838 τοῖς
871 2775 1179 2847 νουμερίοις
1212 2779 1258 2809 ¹²
1282 2779 1558 2850 ἀριθμοῖς.

414 2869 484 2920 Δ.
517 2867 591 2921 M.
625 2867 784 2929 6053.
807 2898 881 2909 --
917 2869 1377 2942 Ἀλεξανδρείας
1405 2874 1744 2932 ἐπισκόπου
1774 2880 1934 2934 Παύ-

341 2960 466 3019 λου
499 2959 637 3025 ἔτος
665 2967 738 3017 α’.

416 3049 611 3122 Τούτῳ
638 3052 716 3124 τῷ
738 3053 850 3108 ἔτει
882 3055 962 3127 τῷ
996 3053 1058 3114 ιδ’
1080 3055 1461 3113 Ἰουστινιανοῦ
1490 3059 1602 3133 (77)
1636 3061 1884 3134 Χοσρόης
1903 3064 1932 3117 ό

2040 1963 2190 2016 ximo
2223 1960 2581 2031 Bulgarorum
2635 1974 2832 2018 manus
2865 1958 3152 2012 innumera
3181 1957 3457 2026 praeclusit
3488 1957 3624 2010 iter:

2038 2051 2157 2120 ipse
2204 2050 2567 2112 nihilominus
2620 2051 2762 2104 viam
2816 2047 2964 2104 ferro
3022 2048 3262 2117 aperuit,
3308 2053 3361 2101 et
3411 2045 3629 2098 irruens

2037 2142 2094 2200 in
2126 2142 2391 2204 adversos
2425 2143 2628 2198 delevit
2660 2157 2875 2196 omnes.
2907 2140 3150 2195 Selectos
3192 2152 3322 2194 vero
3357 2152 3421 2191 ex
3451 2135 3629 2206 capti-

2037 2237 2123 2291 vis
2174 2235 2347 2290 duces
2386 2251 2511 2290 cum
2546 2235 2670 2289 aliis
2721 2235 2972 2302 pluribus
3002 2233 3215 2302 Cpolim
3269 2231 3444 2296 misit,
3483 2244 3625 2298 quos

2036 2328 2275 2396 publicis
2317 2327 2543 2382 alfectos
2577 2326 2831 2381 ludibriis
2871 2341 2966 2395 per
2996 2327 3205 2380 circum
3240 2324 3622 2377 traduxerunt.

2038 2417 2248 2474 Exinde
2282 2419 2554 2488 profunda
2607 2433 2710 2488 pax
2750 2433 2848 2488 per
2894 2417 3181 2472 Thraciam
3231 2412 3626 2485 acta,_Huriiiis

2037 2511 2349 2574 Danubium
2402 2513 2659 2581 trajicere
2691 2527 2962 2581 musquam
2985 2510 3220 2582 amplius
3245 2511 3415 2564 ausis.
3450 2507 3625 2562 Porro

2037 2605 2396 2675 Bulgarorum
2420 2605 2666 2672 captivos
2697 2604 2753 2657 in
2779 2601 3096 2665 Armeniam
3136 2608 3190 2656 et
3215 2600 3448 2656 Lazicen
3475 2599 3626 2654 misit

2037 2697 2357 2767 imperator,
2387 2705 2446 2750 .et
2478 2695 2532 2750 in
2570 2694 2834 2748 militares
2866 2705 3128 2754 numeros
3167 2690 3377 2756 retulit.

2104 2874 2171 2932 Α.
2216 2873 2280 2929 C.
2317 2873 2442 2934 535.
2470 2869 2906 2934 —.—Ale_xaudri¢
2944 2865 3180 2939 episcopi
3230 2863 3396 2929 Pauli
3451 2881 3622 2919 annus

2102 2983 2259 3022 intus.

2102 2985 2259 3022 intus.

2033 2985 2219 3114 wlloc
2259 3074 2425 3125 anno,
2451 3057 2546 3127 qui
2583 3054 2886 3114 Iustiniani
2923 3052 3172 3116 decimus
3203 3060 3456 3123 quartus,
3491 3049 3624 3106 Per-

343 3141 455 3200 τῶν
515 3143 743 3214 Περσῶν
801 3144 1057 3216 βασιλεὺς
1104 3147 1374 3219 τετάρτην
1417 3149 1667 3221 εἰσϐολὴν
1701 3151 1784 3214 εἰς
1831 3152 1931 3223 τὴν

2038 3167 2220 3210 sarum
2269 3166 2363 3212 rex
2409 3149 2682 3205 Chosroes
2724 3156 2977 3218 quartam
3005 3143 3370 3216 irruptionem
3416 3144 3470 3198 in
3504 3141 3620 3198 Ro—

355 3235 645 3306 Ῥωμαίων
691 3238 795 3308 γῆν
841 3239 1154 3312 ἐποιήσατο.
1187 3239 1426 3300 Ἐλθόντι
1454 3241 1517 3302 δὲ
1553 3244 1635 3308 εἰς
1680 3243 1778 3316 τὴν
1820 3244 1928 3305 τῶν

340 3330 709 3400 Κωμαγηνῶν
752 3329 958 3402 χώραν,
1031 3332 1174 3394 κατά
1223 3333 1582 3404 Παλαιστίνης
1632 3337 1726 3389 καὶ
1766 3337 1930 3409 ’Ῑεροο

341 3421 598 3492 σολύμων
620 3423 874 3476 διενοεῖτο
897 3427 1117 3494 χωρεῖν,
1149 3425 1296 3488 ὅπως
1328 3426 1396 3478 τὰ
1433 3427 1492 3479 ὲν
1536 3426 1929 3497 Ἱεροσολύμοις

339 3514 606 3582 κειμήλια
633 3514 886 3586 ληΐσηται
911 3517 972 3570 ¹³.
1009 3514 1207 3587 Χώραν
1238 3517 1347 3588 γὰρ
1368 3518 1570 3586 ταύτην
1594 3519 1801 3590 ἀγαθὴν
1837 3521 1929 3574 καὶ

341 3605 686 3675 πολύχρυσον
712 3605 758 3637 ιδ
785 3607 1085 3676 οἰκητόρων
1117 3608 1349 3676 ἥκουσεν
1381 3602 1540 3662 εἶναι.
1583 3609 1841 3679 Ῥωμαῖοι
1872 3609 1928 3662 δὲ

339 3695 556 3758 τούτοις
597 3696 949 3761 ὑπαντιάζειν
988 3697 1172 3768 τρόπῳ
1209 3699 1383 3753 οὐδενὶ
1409 3700 1734 3764 διενοοῦντο,
1770 3702 1838 3754 τὰ
1873 3701 1929 3754 δὲ

335 3785 679 3859 ὀχυρώματα
708 3788 1127 3855 καταλαϐόντες,
1159 3793 1234 3855 ὡς
1271 3792 1500 3858 ἕκαστος
1525 3793 1776 3861 ἠδύνατο,
1805 3791 1930 3845 ταῦο

338 3895 414 3932 τα
436 3879 816 3948 διαφυλάττειν
843 3882 937 3934 καὶ
961 3883 1114 3937 αὐτοὶ
1149 3883 1419 3946 σώζεσθαι
1444 3884 1743 3946 ἐϐούλοντο.
1766 3885 1928 3948 Γνοὺς

335 3971 401 4027 δὲ
450 3974 625 4036 ταῦτα
676 3975 1074 4043 ’1ουστινιανὸς,
1127 3977 1443 4048 Βελισάριον
1503 3977 1661 4043 αὖθις
1708 3979 1776 4031 ὲκ
1819 3979 1929 4036 τῶν

2036 3257 2328 3304 manorum
2381 3240 2646 3296 ditionem
2700 3239 2869 3294 fecit:
2903 3238 3130 3310 jamque
3168 3237 3225 3302 in
3281 3234 3622 3308 Comagena-

2037 3353 2158 3392 rum
2221 3333 2561 3406 provinciam
2628 3333 2790 3404 186
2852 3332 3068 3389 delatus
3132 3329 3502 3395 Palaestinam,
3568 3339 3623 3384 et

2036 3425 2214 3495 ipsam
2258 3423 2715 3492 Hierosolymam,
2770 3423 2910 3477 dona
2959 3421 3013 3474 in
3065 3421 3182 3491 ipsa
3236 3422 3471 3490 reposita
3522 3420 3620 3475 de-

2036 3517 2403 3588 praedaturus,
2463 3515 2682 3584 aggredi
2757 3515 3146 3574 meditabatur.
3211 3512 3343 3576 Eam
3412 3515 3617 3585 quippe

2035 3611 2313 3680 regionem
2351 3607 2771 3672 lertilissimam,
2798 3617 2857 3668 et
2891 3606 3011 3673 ejus
3040 3606 3250 3662 incolas
3285 3622 3418 3660 auro
3449 3623 3614 3675 pecu-

2036 3703 2254 3771 niisque
2298 3700 2484 3754 felices
2511 3700 2784 3761 audierat,
2834 3697 3066 3754 Βουσιιηὶ
3097 3714 3229 3753 vero
3280 3697 3614 3770 impendenti

2034 3794 2210 3862 ruinae
2261 3795 2316 3846 in
2366 3791 2657 3844 adversum
2705 3790 2785 3844 ire
2821 3790 3192 3860 negligebant.
3237 3787 3446 3843 Etenim
3493 3804 3616 3842 mu-

2036 3889 2150 3942 nita
2173 3900 2406 3956 quaeque
2432 3883 2551 3936 loca
2578 3891 2934 3952 occupantes,
2959 3897 3021 3936 ea
3050 3896 3150 3951 pro
3174 3882 3384 3937 viribus
3416 3881 3616 3949 singuli

2037 3980 2352 4046 defendere,
2401 3986 2458 4038 et
2503 3979 2560 4035 in
2596 3978 2679 4038 eis
2717 3991 2962 4047 quaerere
3011 3975 3268 4038 salutem.
3303 3974 3382 4031 Eo
3424 3973 3619 4030 nuntio

1615 4139 1854 4196 VARUS
1877 4139 2288 4201 LECTIONES.

411 4255 438 4331 ξ
468 4256 600 4314 fort.
621 4259 875 4331 Γηπιδῷν
909 4260 1299 4331 εηΓηπαίδων.
1375 4261 1395 4292 ⁸
1436 4258 1660 4328 Ῥἦγαν,
1696 4261 1861 4331 vulgo
1893 4260 2090 4330 ρἧαν,
2124 4261 2220 4331 sed
2256 4259 2397 4314 haud
2427 4257 2592 4331 dubie
2607 4270 2819 4331 nomen
2845 4255 3137 4331 proprium
3177 4259 3280 4310 est.
3360 4251 3402 4282 ¹⁰
3426 4254 3490 4304 ἐκ
3521 4250 3616 4318 τοῦ

339 4326 646 4400 Ἰλλυρικοῦ
673 4325 724 4384 a.
805 4330 846 4360 “
871 4325 1080 4386 πολλῶν
1109 4331 1236 4385 add.
1269 4346 1335 4386 ex
1375 4344 1425 4384 a.
1503 4325 1546 4361 “
1580 4325 1988 4400 Noupép'otc'el'
2043 4331 2085 4361 ¹³
2122 4330 2368 4399 ληΐζεται
2394 4345 2441 4384 e.
2525 4327 2569 4359 ³⁸
2598 4326 2727 4382 fort.
2775 4325 3154 4396 πολυχρύσων.

1601 4443 1746 4501 JAC.
1780 4444 1992 4502 GOARI
2021 4445 2161 4500 NOT
2175 4445 2256 4500 λΕ.

391 4558 533 4632 ισδ)
561 4556 678 4612 Non
728 4558 836 4613 hoc
866 4559 1102 4632 primum
1139 4572 1294 4612 anno
1336 4572 1458 4632 sese
1513 4556 1778 4632 Romanis
1817 4559 1917 4632 ad-
1951 4563 1998 4621 ι)
2027 4560 2153 4632 ullis
2184 4567 2347 4632 terra:
2401 4555 2713 4632 cultoribus
2759 4553 3266 4632 debacchatnr:__et
3329 4551 3612 4632 plerisque

338 4629 550 4704 junxit,
581 4643 740 4704 quem
776 4630 1048 4704 praeclarae
1070 4643 1162 4683 res
1197 4629 1631 4704 pragteritmjarn
1663 4638 1793 4704 ante
1825 4629 1919 4704 diu

341 4697 450 4756 sub
475 4697 784 4753 JuStiniano
812 4699 1081 4752 meruisse
1122 4699 1442 4754 ostendunt.
1498 4697 1623 4751 Sola
1663 4700 1828 4768 igitur
1851 4701 1920 4754 de

339 4771 620 4840 Bulgaris,
681 4783 844 4836 quam
889 4770 942 4823 in
977 4769 1248 4839 Illyricum
1299 4769 1646 4840 profecturus
1707 4769 1916 4840 retulit.

341 4843 412 4896 ad
438 4837 646 4893 annum
681 4847 1004 4907 praesentem
1040 4837 1254 4906 Spectat
1285 4837 1532 4892 victoria.
1564 4838 1758 4892 Priora
1790 4837 1916 4893 Jor-

335 4912 580 4975 nandes,
621 4909 869 4963 Duelius
910 4908 1127 4973 Geticis,
1165 4911 1236 4962 ita
1288 4909 1548 4977 exprimit
1581 4910 1648 4964 ad
1683 4910 1807 4962 libri
1858 4910 1918 4962 li-

343 4996 472 5036 nem
509 4997 523 5034 :
560 4998 580 5030 ι
617 4978 836 5033 Petaam
875 4995 1095 5048 quoque
1123 4994 1309 5048 suum_
1337 4979 1591 5032 comitem
1626 4980 1769 5048 inter
1806 4980 1919 5048 pri-

341 5065 466 5105 mos
499 5049 730 5104 electum
762 5049 830 5102 ad
863 5046 1222 5103 obtinendam
1277 5046 1632 5103 Sirmiensem
1663 5046 1918 5104 Theodo-

341 5123 498 5174 ricus
522 5120 707 5189 dirigit
733 5120 1009 5175 civitatem
1037 5135 1050 5170 :
1077 5134 1238 5187 quam
1262 5119 1372 5182 ille,
1395 5119 1626 5186 expulso
1649 5133 1774 5189 rege
1797 5119 1918 5188 ejus

344 5189 705 5250 Transarico,
742 5191 850 5244 ﬁlio
882 5189 1137 5248 Trastile.
1189 5197 1399 5242 retenta
1438 5191 1558 5257 ejus
1590 5197 1784 5254 matre,
1817 5190 1918 5244 ob-

346 5261 536 5314 tinuit.
585 5259 818 5329 lndeque
861 5267 1049 5314 contra
1086 5258 1463 5329 Sabinianum
1499 5259 1698 5329 lllyriei
1750 5261 1919 5329 magi-

343 5337 525 5387 strum
557 5328 783 5390 militiae,
840 5330 931 5397 qui
971 5340 1100 5384 tunc
1151 5344 1272 5383 cum
1305 5328 1578 5382 Mundone
1634 5328 1923 5396 paraverat

344 5399 687 5461 conﬂictum,
721 5399 788 5453 ad
826 5400 1103 5454 civitatem
1140 5400 1469 5468 cognomine
1499 5397 1769 5468 Margum,
1801 5414 1924 5468 quae

344 5471 493 5525 inter
529 5469 832 5524 Danubium
865 5470 1310 5538 Marcianumque
1360 5469 1583 5522 ﬂumina
1616 5469 1921 5538 adjacebat,

342 5555 473 5596 cum
503 5540 716 5594 duobus
753 5541 998 5594 millibus
1031 5541 1294 5608 perlitum,
1347 5550 1400 5594 et
1431 5539 1706 5608 equitibus
1759 5541 1922 5608 quin:

341 5611 550 5682 gentis,
597 5610 651 5663 in
684 5610 974 5682 Mandonis
1024 5607 1218 5682 solatia
1250 5607 1516 5682 veniens,
1543 5607 1916 5682 lliyricianum

335 5678 652 5736 exercitum
701 5680 1002 5736 demolivit.
1057 5679 1190 5734 Nam
1249 5680 1337 5734 hic
1393 5678 1622 5733 Mundo‘
1659 5679 1917 5735 Attilanis

341 5751 625 5822 quondam
654 5751 867 5822 origine
901 5751 1241 5822 descendens
1262 5790 1276 5816 ,
1325 5749 1916 5822 Gepidarum‘gentem

339 5821 586 5892 fugiens,
626 5819 768 5876 ultra
819 5820 1126 5876 Danubium
1185 5820 1239 5874 in
1289 5821 1522 5876 occultis
1582 5819 1740 5887 locis,
1797 5821 1916 5876 sine

2031 4629 2414 4688 abactoribus,
2450 4626 2862 4693 Scamarisquc,
2894 4632 2949 4678 et
2983 4625 3289 4678 latronibus
3321 4623 3612 4686 undecun-

2028 4714 2134 4766 que
2182 4699 2448 4761 collertis,
2495 4695 2714 4760 turrim,
2753 4693 3086 4766 quzeﬂerta
3145 4693 3386 4766 dicitur,
3447 4709 3614 4763 supra

2028 4764 2261 4822 Danubii
2295 4769 2468 4836 ripam
2521 4780 2824 4834 occupans,
2874 4765 3060 4833 ibique
3089 4766 3286 4833 agresti
3326 4764 3433 4817 ritu
3472 4780 3614 4832 pra:-

2029 4840 2165 4892 dans
2196 4835 2444 4901 vicinos,
2479 4851 2659 4906 regem
2697 4851 2755 4891 se
2796 4837 2912 4890 suis
2950 4835 3361 4906 grassatoribus
3405 4851 3617 4889 nuncu-

2025 4919 2138 4984 pat.
2169 4906 2484 4984 “undergo
2544 4905 2679 4975 pene
2727 4907 3100 4984 desperatum,
3143 4907 3310 4984 etiam
3335 4905 3404 4959 de
3435 4907 3612 4984 tradi-

2021 4974 2167 5032 tione
2199 4993 2297 5032 sua
2321 4974 2738 5040 deliberantem,
2777 4974 2940 5029 Petza
2976 4974 3311 5030 subveniens
3342 4991 3371 5031 e
3426 4980 3608 5032 mani.-

1969 5084 1983 5099 .
2017 5047 2122 5103 bus
2147 5048 2427 5102 Sabiniani
2457 5047 2681 5113 eripuit,
2710 5061 2921 5116 suoque
2953 5048 3062 5115 regi
3104 5046 3448 5116 Themlorico
3479 5061 3608 5098 cum

2019 5119 2318 5188 gratiarum
2355 5119 2572 5188 actione
2594 5116 2733 5188 fecit
2785 5114 3172 5188 subjectum.)
3231 5114 3369 5168 Exin
3402 5115 3609 5188 Proco-

2020 5184 2165 5256 pius,
2207 5189 2282 5241 De
2315 5187 2450 5240 bello
2477 5186 2634 5240 Galli.
2667 5187 2761 5240 lib.
2797 5203 2834 5250 r,
2865 5202 2975 5240 non
3005 5187 3141 5239 nihil
3174 5185 3475 5256 remoteqab
3509 5184 3610 5237 ini-

2023 5253 2105 5312 tio
2139 5275 2152 5309 :
2201 5278 2218 5309 ι
2255 5257 2515 5311 Mundum
2559 5257 2870 5326 Illyriorum
2909 5257 3245 5326 praefectunr
3273 5255 3325 5326 in
3381 5253 3607 5306 Dalma-

2030 5330 2160 5383 tiam
2197 5328 2544 5383 Justinianus
2578 5323 2745 5389 misit,
2775 5323 2972 5388 Gothis
3005 5335 3134 5379 tunc
3164 5323 3461 5387 subditam,
3496 5330 3603 5377 etc.

2029 5397 2131 5453 llic
2173 5399 2284 5456 ,etsi
2338 5397 2614 5452 Barbarus
2668 5412 2888 5467 genere,
2948 5395 3488 5467 maximumAtamen
3549 5396 3603 5446 in

2029 5469 2248 5527 modum
2279 5469 2626 5538 imperatoris
2673 5463 2850 5522 'rcbus
2880 5465 3156 5531 studebat,
3189 5473 3243 5521 ct
3267 5463 3411 5520 bello
3463 5476 3605 5535 pra:-

2027 5540 2242 5595 validus
2267 5549 2406 5593 erat.
2447 5559 2464 5591 ι

2100 5610 2209 5680 (76)
2273 5609 2355 5680 De
2402 5607 2586 5663 Mundi
2643 5605 2875 5662 victoria
2944 5604 3196 5665 meminit
3251 5603 3604 5660 Marcellinus

2022 5678 2220 5736 Comes
2248 5681 2302 5734 in
2329 5678 2624 5735 Chronico.

2022 5774 2032 5796 ε
2095 5751 2209 5824 (77)
2242 5750 2492 5824 Epitome
2533 5747 2900 5824 Procopiipe
2936 5747 3095 5824 bella
3129 5747 3279 5803 Pers.
3330 5745 3427 5801 lib.
3463 5760 3500 5800 ll
3537 5743 3605 5814 ad

2023 5817 2304 5884 medium.—
2322 5817 2763 5877 Additamentum
2800 5817 3122 5876 Marcellini.
