4046 6438
573 335 680 399 567

1954 332 2176 396 THEOl

2279 332 2456 392 Ale
3479 401 3496 416 ,
3724 338 3806 403 568

569 453 751 512 meliis
782 453 1063 528 variisque
1113 461 1377 527 appetunt
1423 453 1661 525 injuriis.
1695 451 1934 509 Bindoes
1982 461 2165 506 autem

2279 450 2463 515 αὐτοῦ,
2498 448 2591 501 καὶ
2616 449 2694 509 εἰς
2732 444 2977 515 φρουρὰν
3004 443 3194 498 τοῦτον
3237 443 3578 515 ιιιτιιρέδιωιεν⁸
3606 454 3812 519 παρειαί.

572 547 919 605 Hormisdam
951 548 1373 620 apprehendens
1427 545 1681 602 diadema
1718 545 1787 601 ab
1833 531 1954 614 ejus
1981 546 2163 613 capite

571 639 792 707 avulsit,
826 638 1119 712 ipsumque
1143 640 1201 696 in
1232 653 1511 695 carcerem
1554 638 1824 707 detrusit;
1861 639 2162 694 Cliosroem

567 746 702 787 vero
733 739 794 785 ut
826 738 1114 802 paternum
1170 731 1370 787 solium
1402 730 1566 803 223
1598 731 1868 801 reciperet
1910 730 2165 786 hortatus

570 832 677 879 est.
749 822 1069 879 liormisdas
1120 831 1301 879 autem
1365 823 1668 880 summisso
1726 838 1792 878 ex
1835 838 2059 880 carcere
2100 824 2167 879 ad

571 916 773 973 Persas
809 916 1027 980 nuntio,
1064 926 1121 971 ut
1155 915 1286 983 sibi,
1322 931 1445 988 qua:
1477 931 1508 971 e
1533 914 1827 972 Persarum
1861 933 1919 972 re
1961 916 2164 985 forent,

570 1010 790 1065 dicendi
815 1010 1030 1080 copiam
1086 1008 1355 1079 facerent,
1390 1010 1720 1082 deprecatus
1773 1021 1881 1068 cst.
1922 1009 2169 1069 indictus

572 1119 705 1175 ergo
745 1104 800 1158 in
835 1113 1156 1173 sequentem
1188 1103 1336 1159 diem
1396 1101 1659 1175 frequens
1704 1103 1998 1161 Persarum
2041 1120 2172 1160 con-

570 1202 769 1251 ventus
807 1210 819 1244 :
865 1194 1068 1264 quiubi
1105 1210 1213 1250 una
1240 1209 1368 1250 cum
1402 1193 1560 1264 plebe
1584 1195 1637 1249 in
1669 1197 1818 1267 regia
1860 1212 2169 1268 congrega-

573 1297 662 1343 tus
709 1285 834 1355 fuit,
863 1284 1217 1343 Hormisdam
1250 1287 1496 1343 vinctum
1526 1286 1712 1343 coram
1742 1287 1941 1344 adduci
1981 1291 2170 1361 jussit.

576 1380 902 1437 Hormisdas
942 1380 1182 1451 primum
1234 1380 1289 1436 in
1347 1395 1528 1453 reges,
1554 1396 1676 1452 qua:
1719 1390 2024 1453 pateretur,
2062 1398 2173 1440 non

575 1472 989 1538 committenda,
1023 1472 1218 1529 Persas
1240 1488 1463 1531 monere
1495 1491 1509 1528 :
1543 1482 1657 1530 tum
1690 1490 1844 1542 vero,
1866 1492 1987 1548 quae
2014 1476 2175 1537 tulis-

577 1573 661 1621 set
693 1573 924 1637 tropaea,
949 1579 1072 1637 quae
1105 1565 1249 1621 bona
1273 1566 1623 1632 contulisset,
1654 1568 1875 1637 quantis
1900 1569 2120 1626 tributis
2145 1586 2176 1625 a

578 1659 780 1716 Turcis
812 1659 1072 1730 deinceps
1122 1658 1430 1732 pendendis
1482 1657 1738 1716 Persicas
1780 1677 1867 1718 res
1906 1662 2176 1728 auxisset,

577 1769 1014 1818 commemorare
1044 1772 1057 1809 :
1088 1764 1147 1808 ut
1170 1768 1359 1823 pacem
1387 1769 1638 1824 quaerere
1669 1756 1940 1825 coegisset
1971 1755 2177 1812 Berna-

579 1862 700 1912 nos,
749 1857 808 1900 ut
861 1846 1278 1918 Marterpolim
1331 1845 1680 1918 subegisset,
1736 1849 1963 1918 quantis
2010 1848 2176 1903 etiam

577 1941 722 2010 apud
760 1938 951 1995 Persas
993 1947 1151 2010 pater
1208 1940 1563 1996 excelluisset
1610 1940 1891 2011 praeclaris
1917 1940 2179 1997 facinori-

578 2032 704 2095 bus,
741 2046 1002 2087 enarrare
1037 2050 1049 2085 :
1082 2047 1255 2104 quare
1300 2031 1602 2088 Chosroem
1660 2047 1760 2088 ceu
1814 2032 2176 2090 dissidiorum

578 2125 865 2195 cupidum,
895 2125 1141 2181 avaritiae
1189 2126 1528 2196 voraginem,
1579 2126 1827 2183 caedibus
1868 2136 2175 2189 assuetum,

578 2214 1106 2286 przbsumptuosum,
1168 2216 1391 2287 injuriis
1427 2216 1731 2274 inferendis
1771 2234 2024 2289 pronum,
2064 2220 2181 2277 bei-

580 2306 876 2378 lorumque
891 2307 1219 2362 tumultibus
1244 2306 1599 2378 gaudentem,
1625 2325 1795 2381 regno
1815 2311 2176 2381 privandum:

581 2401 853 2470 miuprem
886 2398 993 2456 sibi
1028 2415 1152 2456 esse
1185 2399 1380 2467 tilium,
1417 2418 1580 2471 quem
1616 2403 1802 2473 potius
1832 2419 2013 2475 regem
2048 2419 2179 2474 pro-

583 2492 914 2550 movendum
944 2492 1330 2565 persuadebat.
1366 2494 1435 2547 At
1473 2494 1710 2551 Bindoes
1748 2496 2013 2551 adversus
2041 2494 2181 2550 lior-

581 2585 816 2642 misdam
840 2600 1130 2659 perorans,
1153 2591 1368 2659 etjquos
1394 2588 1628 2659 turpiter
1648 2588 1836 2660 lapsus
1863 2589 2181 2644 admisisset

583 2693 769 2734 coram
794 2694 1132 2735 enumerans
1150 2694 1475 2735 consessum
1504 2681 1823 2735 universum
1854 2681 1907 2735 in
1930 2678 2182 2735 Ilormis-

582 2770 707 2827 dam
742 2771 1008 2828 incendit.
1045 2771 1283 2828 Uxorem
1327 2772 1546 2827 tandem
1580 2781 1633 2828 et
1668 2772 1839 2828 lilium
1871 2771 2181 2830 Hormisdaz

583 2859 895 2931 producunt
926 2861 980 2916 in
1006 2861 1267 2924 medium,
1301 2869 1354 2917 et
1388 2863 1493 2918 sub
1522 2861 2019 2935 ipsiusilormisdaa
2044 2880 2180 2919 con-

585 2960 780 3024 spectu
829 2969 982 3010 serra
1039 2954 1250 3010 medios
1295 2953 1551 3010 dividunt
1591 2973 1604 3011 :
1649 2970 1774 3010 eum
1827 2972 1959 3012 vero
2001 2957 2179 3015 oculis

586 3044 860 3114 privatum
927 3044 1285 3112 conjecerunt
1342 3044 1395 3099 in
1447 3061 1753 3102 carcerem.
1785 3046 1865 3101 Ac
1908 3047 2180 3104 nonnullo

587 3137 810 3206 quidem
866 3137 1079 3192 dierum
1121 3137 1413 3192 intervallo
1461 3145 1675 3208 patrem
1716 3139 1771 3194 in
1804 3141 2053 3196 custodia
2085 3141 2180 3197 be-

588 3227 752 3301 nigne
814 3228 1027 3301 excepit
1078 3227 1375 3291 Chosroes,
1430 3228 1797 3302 suppeditatis
1840 3231 2023 3298 etiam,
2057 3247 2180 3304 quae

589 3322 785 3393 volupe
808 3321 1012 3385 forent,
1049 3320 1610 3379 deliciisziiormisda
1633 3340 1765 3380 vero
1798 3326 1966 3381 missa
1998 3342 2027 3381 a
2052 3343 2179 3399 rege

589 3429 817 3469 munera
864 3414 1101 3484 pedibus
1136 3414 1518 3483 conculcantc,
1551 3425 1603 3472 et
1631 3417 1866 3488 injurias
1898 3420 2179 3475 convicia-

587 3523 694 3578 ψιο
749 3508 1104 3579 rependente,
1151 3507 1430 3565 Chosroes
1483 3510 1564 3565 ira
1623 3511 1889 3582 percitus,
1939 3511 2181 3570 fustibus

587 3601 899 3671 agrestibus
948 3617 1044 3673 per
1095 3602 1188 3657 ilia
1253 3619 1433 3673 usque
1473 3603 1541 3659 ad
1594 3620 1780 3660 necem
1825 3605 1958 3661 cazdi
1987 3605 2176 3677 jussit.

587 3694 720 3749 Tam
777 3695 1018 3751 immane
1066 3694 1285 3754 facinus
1341 3695 1541 3753 Persas
1591 3697 1807 3764 afﬂixit,
1839 3707 1891 3751 ct
1930 3701 2177 3754 omnium

587 3786 785 3842 odium.
833 3787 1102 3845 adversus
1152 3787 1455 3845 Chosroem
1516 3791 1858 3860 provocavit.
1904 3789 2182 3848 Cliosro'es

586 3880 835 3939 collectis
878 3891 1217 3937 armatorum
1256 3868 1447 3953 cepiis'
1483 3884 1633 3953 regia
1691 3899 1750 3938 se
1801 3882 2085 3948 subduxit,
2125 3891 2181 3939 et

589 3971 858 4027 adversus
885 3972 938 4026 in
965 3968 1127 4028 Zabze
1183 3970 1427 4028 fluminis
1477 3971 1782 4042 planitiem,
1826 3988 1932 4042 qua
1982 3971 2179 4027 Baram

589 4080 714 4120 cum
744 4065 945 4121 castris
981 4063 1335 4129 consederat,
1383 4066 1643 4137 perrexit.
1681 4065 2019 4134 Optimatum
2051 4079 2182 4119 vero

589 4174 813 4214 suorum
848 4158 1118 4228 quosdam
1134 4158 1188 4212 in
1203 4156 1396 4212 Baram
1413 4167 1598 4228 partes
1615 4157 1882 4213 inclinare
1904 4156 2181 4213 Cliusroes

589 4251 925 4320 suspicatus,
945 4265 1041 4307 eos
1055 4250 1217 4305 morti
1234 4249 1484 4306 tradidit:
1505 4266 1568 4306 ex
1588 4265 1697 4321 quo
1716 4250 2181 4306 tumultuantibus

588 4342 764 4412 c0piis
795 4341 1069 4403 Chosroes
1122 4357 1248 4398 cum
1289 4340 1486 4413 paucis
1518 4340 1703 4412 fugam
1750 4341 1891 4396 inire
1920 4342 2176 4412 cogitur:

589 4436 835 4506 reliquus
867 4444 1052 4492 autem
1093 4434 1368 4490 exercitus
1420 4443 1570 4489 totus
1602 4432 1669 4488 ad
1714 4432 1911 4487 Baram
1948 4430 2176 4488 defecit.

2266 547 2351 596 λει
2398 540 2456 596 δὲ
2502 540 2752 610 Χοσρόην
2778 537 2874 591 τοῦ
2910 535 3167 608 πατρῴου
3200 535 3394 606 θρόνου
3440 536 3735 605 ἀνθέξεσθαι
3759 546 3810 603 ³³,

2280 635 2343 690 '0
2370 633 2428 687 δὲ
2472 632 2769 703 Ὀρμίσδας
2797 633 2862 684 ἐκ
2891 630 2990 700 τῆς
3021 629 3267 700 φρουρᾶς
3294 627 3520 698 ἄγγελον
3547 627 3813 704 ἐξέπεμψεν

2267 732 2383 795 τοῖς
2409 727 2670 800 Πέρσαις,
2702 723 3026 795 αἰτούμενος
3059 723 3295 793 λαλῆσαι
3325 722 3393 776 τὰ
3422 724 3743 796 συμφέροντα
3760 734 3813 800 τῇ

2268 822 2517 892 Περσίδι.
2558 820 2775 873 Γίνεται
2801 818 2984 871 τοίνυν
3021 819 3090 887 τῇ
3128 814 3413 886 ἐπαύριον.
3445 817 3537 868 καὶ
3575 818 3817 888 συνηθροί-

2273 914 2373 983 σθη
2409 914 2443 982 ἡ
2482 909 2787 981 σύγκλητος
2816 907 2926 961 τῶν
2952 904 3180 978 Περσῶν
3208 906 3264 959 ἐν
3298 907 3411 968 τοῖς
3443 905 3714 973 βασιλείοις
3740 910 3816 963 σὺν

2270 1000 2349 1073 τῷ
2380 999 2598 1071 πλήθει,
2629 999 2726 1053 καὶ
2758 998 2949 1068 ἄγουσι
2976 996 3069 1051 τὸν
3111 995 3409 1068 Ὀρμίσδαν
3427 995 3661 1066 δέσμιον.
3700 998 3750 1052 '0
3773 1000 3818 1054 δὲ

2283 1092 2581 1166 Ὀρμίσδας
2637 1091 3054 1161 ἀνεμίμνησκεν
3105 1087 3343 1159 Πέρσας,
3394 1086 3468 1152 ὡς
3501 1088 3560 1141 οὐ
3593 1088 3669 1142 δεῖ
3714 1093 3817 1162 περὶ

2272 1187 2398 1250 τθδς
2428 1184 2667 1257 βασιλεῖς
2714 1183 2889 1237 ταῦτα
2929 1180 3350 1252 ἐξαμαρτάνειν,
3384 1181 3479 1234 καὶ
3510 1182 3625 1248 ὅσα,
3664 1183 3743 1251 ἀφ’
3770 1178 3816 1239 οὗ

2274 1278 2653 1339 ἐϐασίλευσεν,
2682 1275 2926 1347 τρόπαια
2959 1272 3283 1344 πεποίηκεν,
3318 1273 3416 1327 καὶ
3441 1260 3537 1348 ϐ’σα
3562 1273 3815 1347 εὐεργέτη-

2277 1388 2369 1425 σεν
2391 1371 2631 1445 Πέρσας,
2664 1368 2760 1423 καὶ
2779 1368 2927 1429 ὅπως
2947 1366 3227 1437 Τούρκους
3252 1366 3294 1399 ²⁹
3318 1367 3383 1435 τῇ
3412 1365 3627 1436 Περσίδι
3655 1368 3815 1439 φόρους

2276 1461 2452 1517 τελεῖν
2499 1461 2822 1532 πεποίηκεν,
2869 1458 3177 1527 Ῥωμαίους
3224 1457 3279 1510 δὲ
3314 1456 3537 1529 είρήνης
3581 1459 3715 1529 ἐρᾷν,
3746 1462 3817 1513 καὶ

2276 1556 2424 1621 ὅπως
2446 1557 2545 1626 τὴν
2568 1553 2995 1624 Μαρτυρόπολιν
3017 1550 3351 1621 παρέλαϐεν,
3376 1549 3584 1614 καὶτὰς
3603 1550 3817 1623 πατρῴας

2278 1647 2564 1721 ἀριστείας
2597 1645 2935 1717 ἐξήγγειλεν.
2985 1645 3168 1710 Ἦξίου
3206 1643 3263 1697 δέ
3310 1645 3818 1714 ἀποχειροτονηθῆναι

2279 1740 2533 1813 Χοσρόην
2562 1741 2662 1811 τῆς
2696 1738 2998 1811 βασιλείας,
3029 1736 3104 1800 ὡς
3131 1735 3415 1807 φιλάδικον
3444 1736 3536 1789 καὶ
3562 1732 3816 1807 ἀπλήστον,

2281 1835 2378 1889 καὶ
2427 1833 2730 1906 αίμοχαρῆ,
2785 1831 3158 1903 ὑπεροπτικόν
3197 1849 3257 1884 τε
3313 1829 3412 1884 καὶ
3470 1829 3715 1900 ὑϐριστὴν
3749 1833 3818 1883 καὶ

2282 1927 2677 1999 φιλοπόλεμον·
2728 1927 2943 1980 ὑπεῖναι
2976 1925 3033 1978 δὲ
3071 1922 3229 1994 αὐτῷ,
3264 1922 3435 1976 παῖδα
3467 1921 3533 1987 ⁸ο,
3560 1925 3645 1976 καὶ
3670 1922 3817 1975 τοῦτον

2285 2022 2488 2094 μᾶλλον
2522 2024 2600 2086 είς
2637 2021 2865 2092 βασιλέα
2893 2017 3357 2090 προχειρίσασθαι
3399 2016 3697 2087 παρεκάλει.
3724 2015 3815 2068 Βιν-

2281 2117 2408 2188 δόης
2433 2116 2491 2169 δὲ
2538 2115 2677 2188 πρὸς
2721 2114 3020 2186 Ὅρμίσδαν
3071 2110 3386 2180 ἀντέλεγεν,
3443 2110 3536 2164 καὶ
3578 2110 3640 2163 τὰ
3666 2108 3810 2162 τούτου

2284 2209 2578 2281 σφάλματα
2600 2209 2682 2273 είς
2707 2206 2871 2279 μέσον
2900 2206 3348 2280 προϐαλλόμενος
3377 2205 3581 2267 πάντας
3598 2203 3810 2276 διήγειρεν

2282 2301 2427 2355 κατά
2473 2299 2568 2354 τοῦ
2611 2299 2910 2373 Ὀρμίσδα·
2946 2300 3042 2353 καὶ
3084 2299 3312 2367 ἄγουσιν
3367 2299 3447 2362 είς
3489 2297 3639 2369 μέσον
3664 2299 3741 2369 τήν
3767 2314 3809 2351 τε

2281 2396 2518 2464 γυναῖκα
2547 2392 2839 2463 Ὀρμίσδου
2865 2393 2961 2446 καὶ
2986 2391 3079 2446 τὸν
3103 2391 3220 2446 υἱόν
3248 2408 3261 2422 ·
3292 2390 3391 2445 καὶ
3421 2393 3531 2454 τοῖς
3552 2389 3805 2461 προσειωθό·

2285 2505 2368 2541 σιν
2405 2486 2448 2518 “
2492 2486 2579 2541 ἐπ’
2613 2484 2803 2556 ὄψεσιν
2852 2484 3146 2557 Ὀρμίσδου
3184 2483 3415 2547 τούτους
3460 2485 3798 2554 ἐδιχοτόμησαν.

2282 2582 2388 2634 Τὸν
2418 2581 2474 2634 δὲ
2526 2578 2822 2652 ὐρμίσδαν
2877 2578 3286 2649 τυφλώσαντες,
3346 2581 3411 2651 τῇ
3464 2578 3655 2651 φρουρᾷ
3679 2579 3790 2630 ἐναπ-

2283 2673 2488 2728 έΟεντο.
2536 2674 2647 2726 Καὶ
2675 2675 2702 2728 6
2741 2673 2838 2746 μὲν
2886 2674 3137 2746 Χοσρόης
3176 2674 3309 2745 ἄχρι
3347 2672 3490 2736 τινὸς
3527 2673 3614 2725 τὸν
3652 2669 3793 2739 stipa

2282 2765 2711 2839 ἐφιλοφρόνησεν
2764 2767 2823 2819 ἐν
2874 2769 2941 2838 τῇ
2992 2767 3228 2838 φρουρᾷ,
3276 2768 3462 2821 πᾶσαν
3502 2763 3675 2837 ἡδονὴν
3709 2777 3801 2830 πιρ-

2282 2856 2457 2928 έχωψ
2495 2859 2523 2912 6
2570 2856 2624 2910 δὲ
2668 2857 2968 2929 Ὀρμίσδας
3005 2857 3199 2929 ὕϐρεσι
3240 2857 3435 2911 τοῦτον
3461 2855 3710 2928 ἠμείϐετο.
3735 2868 3807 2905 κα-

2280 2945 2542 3001 ταπατῶν
2572 2948 2619 2986 δ’
2650 2948 2718 3001 τὰ
2749 2948 2853 3001 ὑπὸ
2879 2949 2974 3001 τοῦ
3008 2948 3277 3020 βασιλέως
3312 2948 3651 3018 πεμπόμενα,
3682 2946 3811 3014 Ὀργι·

2284 3037 2433 3102 σὀεὶς
2485 3037 2542 3094 δὲ
2570 3039 2617 3073 ⁸⁸
2668 3041 2697 3093 6
2738 3041 2991 3110 Χοσρόης
3050 3040 3314 3112 ῥοπάλοις
3363 3041 3573 3111 ἀγρίοις
3618 3038 3814 3092 ἐκέλευσε

2282 3134 2427 3189 κατὰ
2458 3133 2568 3189 τῶν
2611 3134 2853 3203 λαγόνων
2891 3135 3002 3206 (89)
3051 3135 3397 3206 τυπτόμενον
3427 3134 3471 3168 ⁸⁸
3523 3131 3692 3187 τοῦτον
3718 3132 3814 3182 ἀπο·

2284 3226 2486 3282 θανεῖν.
2520 3226 2695 3280 Τοῦτο
2726 3227 2783 3280 δὲ
2837 3225 3110 3298 ἐλύπησεν
3138 3228 3265 3291 τοὺς
3315 3228 3553 3297 Πέρσας,
3582 3226 3665 3278 καὶ
3704 3224 3816 3293 μῖσος

2282 3319 2427 3374 κατά
2449 3318 2544 3373 τοῦ
2572 3319 2815 3389 Χοσρόου
2841 3320 3126 3389 ἐνέθηκεν.
3154 3316 3412 3391 Χοσρόης
3437 3320 3492 3373 δὲ
3520 3314 3819 3387 συναθροίσας

2281 3411 2563 3483 δυνάμεις,
2617 3413 2727 3467 τῶν
2765 3412 2810 3444 ⁸⁸
2868 3412 3163 3484 βασιλείων
3220 3412 3536 3478 ὑπεξελθὼν
3586 3408 3711 3464 κατὰ
3752 3404 3821 3459 τοῦ

2281 3507 2483 3580 Βαρὰμ
2536 3507 2874 3580 παρεγένετο
2927 3508 2983 3561 ὲν
3019 3505 3191 3578 πεδίῳ
3240 3505 3341 3560 τοῦ
3396 3504 3546 3560 Ζάϐα
3599 3497 3821 3570 ποταμοῦ,

2281 3600 2411 3654 ἔνθα
2438 3601 2640 3673 Βαράμ
2692 3602 2787 3657 τὸν
2819 3602 3040 3673 χάρακα
3099 3596 3269 3672 εἶχεν.
3321 3599 3632 3655 Ὑπολαϐὼν
3659 3598 3706 3650 δὲ
3743 3595 3826 3647 Xo-

2284 3696 2473 3766 σρόης,
2510 3696 2594 3749 ὅτι
2622 3696 2769 3760 τινὲς
2800 3695 2910 3751 τῶν
2944 3694 3225 3767 ἀρχόντων
3263 3696 3617 3768 πρόσκεινται
3657 3692 3722 3760 τῷ
3744 3691 3826 3742 Βα-

2287 3788 2422 3860 ρὰμ,
2456 3789 2682 3852 τούτους
2720 3788 3035 3858 ἐφόνευσεν.
3078 3788 3465 3861 Ταραχθέντος
3495 3789 3551 3841 δὲ
3594 3785 3680 3840 τοῦ
3705 3780 3825 3845 ὶαῡῧν

2282 3883 2674 3954 ἀποδιδράσκει
2704 3883 2954 3954 Χοσρόης
2992 3884 3132 3951 μετά
3157 3901 3323 3937 τινων
3351 3884 3549 3951 ὀλίγων
3572 3899 3584 3913 ·
3615 3880 3701 3935 καὶ
3724 3877 3828 3930 πάν-

2281 3990 2374 4037 τες
2403 3976 2451 4027 οἱ
2482 3975 2529 4006 “
2554 3974 2684 4045 περὶ
2711 3973 2803 4027 τὸν
2828 3974 3082 4045 Χοσρόην
3100 3973 3177 4044 τῷ
3198 3975 3401 4047 Βαράμ
3422 3973 3827 4045 προσεχώρησαν.

2293 4066 2353 4121 Ὃ
2388 4066 2444 4121 δὲ
2476 4067 2725 4139 Χοσρόης
2760 4067 2959 4139 ἠπόρει
2991 4068 3043 4121 τί
3074 4068 3266 4139 δράσοι
3296 4069 3364 4135 ⁸⁷,
3408 4068 3566 4122 ἐνίων
3601 4066 3692 4137 μὲν
3722 4077 3829 4130 συμ-

2283 4159 2653 4215 ϐουλευόντων
2683 4160 2834 4232 αύτῷ
2867 4163 3004 4233 πρὸς
3032 4162 3312 4233 Τούρκους
3347 4164 3566 4233 χωρεῖν,
3591 4160 3768 4229 ἐτέρων
3791 4150 3830 4204 δὲ

2283 4257 2422 4327 πρὸς
2471 4254 2800 4326 Ῥωμαίους.
2838 4255 2898 4308 Ὀ
2919 4253 2976 4307 δὲ
3001 4254 3251 4327 Χοσρόης
3278 4255 3375 4309 τοῦ
3407 4256 3574 4309 ἵππου
3605 4253 3647 4289 ’³⁸
3676 4245 3830 4305 ἐπιϐὰς

2285 4349 2381 4402 καλ⁵
2434 4349 2528 4403 τὸν
2562 4348 2782 4420 χαλινὸν
2828 4348 2997 4411 ἐάσας
3050 4347 3384 4420 προστάττει
3433 4349 3594 4401 πᾶσιν
3643 4336 3830 4396 ἕπεσθαι

2283 4440 2396 4501 τοῖς
2429 4438 2523 4492 τοῦ
2558 4440 2729 4494 ἵππου
2763 4439 3085 4510 κινήμασιν.
3134 4438 3194 4491 Ὀ
3223 4438 3280 4491 δέ
3311 4438 3478 4500 ἵππος
3511 4434 3601 4490 ἐπὶ
3627 4432 3689 4487 τὰ
3726 4431 3831 4483 Ῥω·

590 4528 960 4596 Quamobrem
993 4528 1268 4584 Chosroes
1302 4527 1432 4598 quid
1458 4526 1562 4583 sibi
1609 4525 1882 4597 agendum
1919 4524 2059 4580 foret
2093 4524 2176 4579 in-

2288 4530 2462 4600 μαῖκὰ
2519 4530 2660 4601 μέρη
2690 4507 3017 4601 ἀπεκίνησε,
3072 4528 3168 4585 καὶ
3215 4529 3354 4599 πρὸς
3387 4528 3448 4582 τὸ
3496 4520 3831 4596 Κερκέσιον⁸⁹

591 4633 800 4687 certus,
830 4637 953 4677 cum
996 4622 1088 4676 alii
1118 4621 1186 4677 ad
1215 4619 1448 4685 Turcos,
1485 4621 1552 4676 ad
1584 4619 1864 4676 Romanos
1894 4619 1985 4675 alii
2024 4633 2176 4675 sece-

2282 4620 2681 4692 παραγίνεταιο
2716 4619 2812 4674 καὶ
2857 4619 3118 4692 πρέσϐεις
3149 4619 3431 4689 ἐκπέμπει
3460 4618 3507 4650 ⁸ο
3542 4616 3635 4682 τὴν
3671 4606 3832 4666 ἐαυτοῦ

589 4714 721 4771 dere
777 4716 1091 4780 suaderent,
1126 4712 1508 4770 conscendens
1558 4726 1785 4782 equum,
1850 4708 2176 4782 frenumque

2281 4713 2468 4784 ἄφιξιν
2507 4713 2814 4786 κατάδηλον
2846 4714 3153 4785 Ῥωμαίοις
3197 4712 3543 4781 ποιούμενος.
3581 4709 3763 4776 Ἔτυχε
3790 4699 3835 4753 δὲ

592 4808 902 4875 remittens,
959 4817 1296 4878 spontaneos
1342 4807 1467 4877 equi
1505 4814 1690 4861 motus
1717 4813 1946 4862 caeteros
1986 4820 2176 4861 omnes

2282 4807 2496 4877 Πρόϐον
2530 4806 2623 4871 τὸν
2648 4805 2944 4877 πατρίκιον
2973 4807 3093 4860 ἐκεῖ
3112 4805 3243 4860 ὄντα
3258 4804 3453 4859 τοῦτον
3484 4797 3831 4866 ὑποδέξασθαι,

593 4902 749 4973 sequi
780 4899 969 4969 jussit.
1021 4899 1213 4972 Equus
1260 4907 1442 4955 autem
1488 4897 1555 4952 ad
1605 4895 1981 4953 Romanorum
2040 4897 2176 4952 lines

2281 4898 2377 4951 καὶ
2420 4895 2508 4951 διὰ
2568 4897 2921 4971 γραμμάτων
2973 4896 3052 4969 τῷ
3086 4897 3301 4969 βασιλεῖ
3359 4896 3672 4968 μηνύσαντα
3704 4890 3741 4922 ⁵⁸
3782 4883 3835 4938 τὰ

590 5010 940 5068 progressus,
969 4994 1037 5049 ad
1065 4993 1385 5050 Cercesium
1433 4989 1586 5045 venit
1615 5005 1629 5040 :
1665 4997 1779 5043 tum
1803 5003 1933 5043 vero
1964 4988 2174 5060 legatos

2282 4991 2406 5043 κατ’
2436 4991 2620 5046 αὐτόν.
2679 4992 2723 5044 0
2753 4990 2811 5045 δὲ
2844 4990 3047 5064 Βαρὰμ
3083 4989 3410 5047 ἀπέστειλεν
3450 4986 3698 5059 πρέσϐεις
3724 4977 3835 5052 πρὸς

1907 5099 2137 5158 unum
2177 5102 2583 5181 LECTIONES.

659 5207 705 5241 ³⁸
731 5203 1054 5281 alliganda:
1165 5217 1196 5281 ιι
1228 5198 1667 5281 ῐ,“ἀνειδέξασθαι
1686 5196 1901 5281 ,νυιεηλ
1925 5197 2484 5281 ³⁹εδπωςω¹ζούρκουξ
2514 5203 2582 5281 τῇ
2610 5200 2833 5281 Περσίδι
2882 5201 3085 5281 φόρους
3115 5200 3287 5281 τελεῖν
3312 5217 3446 5254 πεπ.
3584 5186 3835 5281 ὃσοχςέεξτξ·

592 5294 720 5347 ρους
748 5265 1013 5350 Τούρκων
1038 5274 1215 5327 τελεῖν
1246 5265 1314 5342 τῇ
1350 5273 1414 5327 Π.
1450 5287 1584 5322 πεπ.
1610 5267 1758 5331 vulg.
1802 5265 1820 5268 ’
1855 5267 1901 5300 ⁴⁰
1928 5266 2077 5336 αὐτῷ
2110 5265 2327 5339 μᾶ).λον’
2352 5272 2517 5324 παῖδα
2547 5265 2613 5334 Ᾰ,
2649 5265 2858 5327 omisso
2884 5265 3111 5342 μᾶλλον,
3141 5274 3283 5340 quod
3325 5270 3591 5341 sequitur.
3667 5265 3705 5296 “
3728 5274 3836 5329 προ-

592 5347 840 5379 nunt...“
879 5346 909 5379 Δ
970 5359 1082 5379 ηιιΛ
1145 5357 1310 5379 nunc“
1380 5340 1581 5379 aunmoin,
1685 5340 1730 5370 ⁵³
1759 5338 2092 5379 νηξηιπητιτιυ
2124 5371 2196 5379 .-.
2233 5342 2559 5379 ιτ-ρηεηεηευη
2598 5357 2687 5379 nm
2769 5342 2800 5379 Δ
2932 5344 2978 5374 η
3011 5342 3288 5379 amnium,
3334 5342 3389 5379 ει
3443 5344 3472 5379 Α
3515 5341 3577 5379 Υξ
3631 5341 3739 5379 Ann-
3784 5329 3833 5379 Α.

589 5341 939 5411 ὲιωθόσινλ,
969 5359 1082 5414 quo
1145 5341 1310 5398 sensu
1379 5341 1586 5395 nescio.
1685 5341 1730 5370 "
1759 5341 2092 5392 καταπατῶν
2124 5371 2196 5381 -
2233 5342 2563 5411 πεμπόμενα
2598 5357 2712 5397 om.
2762 5342 2830 5397 A.
2890 5341 2895 5342 ν
2932 5344 2978 5374 ⁸³
3011 5342 3288 5413 ὀργισθεὶς
3334 5342 3390 5395 δέ
3443 5344 3472 5395 6
3513 5341 3579 5393 Χ.
3627 5341 3739 5411 ῥοπ.
3784 5341 3833 5386 Α»

589 5416 926 5497 εἶέργίσθη
947 5418 976 5469 6
1001 5413 1353 5497 Χηκαὶιροπ.
1381 5412 1533 5497 vulg.
1609 5411 1657 5497 δῖ
1681 5410 1823 5497 καξά
1844 5411 1976 5497 ελτῷν
2027 5409 2271 5497 λαγόνων
2298 5415 2640 5497 τυπτόμενον
2693 5414 2762 5476 Α,
2793 5412 2936 5497 κατά
2985 5416 3075 5497 ri»:
3110 5414 3313 5497 λαγόνα
3361 5411 3651 5497 τύπτεσῐλαι
3682 5399 3833 5497 ἐξέῇ

589 5480 778 5544 δι’σὲῶν
800 5480 926 5543 add.
958 5501 1026 5541 ex
1060 5484 1126 5539 A.
1202 5480 1250 5516 "
1287 5484 1338 5536 οί
1375 5481 1502 5536 add.
1537 5496 1599 5536 ex
1628 5484 1693 5535 Δ.
1770 5480 1815 5512 ⁸⁷
1838 5481 2027 5552 δράσει
2072 5483 2138 5545 Α,
2164 5482 2362 5552 δρᾶσαι
2400 5483 2436 5543 ί,
2468 5480 2721 5553 δράσοιτο
2764 5484 2911 5554 vulg.
2991 5485 3038 5518 ιδ
3064 5483 3159 5538 τοῦ
3192 5480 3380 5538 ήῖππου
3426 5484 3491 5548 Δ,
3541 5480 3641 5534 τῶν
3682 5480 3833 5528 ἵππων

592 5559 737 5631 vulg.
813 5559 859 5592 ⁸³
884 5556 1120 5624 Κέρσιον
1142 5556 1208 5609 A.
1283 5554 1330 5586 ⁸⁶
1364 5553 1643 5623 ἐκπέμπει
1674 5555 1738 5618 Α,
1772 5553 1982 5624 πέμπει
2012 5552 2159 5622 vulg.
2234 5553 2275 5584 "
2316 5553 2554 5623 μηνύσαι
2584 5570 2636 5608 a.

1890 5644 2032 5701 διε.
2063 5645 2278 5702 GOARI
2330 5644 2567 5704 NOTAE.
2583 5654 2595 5669 ’

664 5742 778 5874 (83)
809 5744 903 5799 Sic
938 5753 993 5800 et
1016 5742 1222 5802 Simoc.
1258 5745 1294 5803 Ι.
1335 5759 1406 5809 ιν,
1435 5759 1486 5801 c.
1515 5743 1565 5812 7,
1602 5742 1746 5799 κατὰ
1792 5743 1899 5797 τῶν
1962 5741 2208 5812 λαγόνων
2247 5742 2573 5816 παιόμενος,
2603 5745 2676 5801 ad
2703 5744 2800 5800 ilia
2823 5759 2992 5800 avsus
3015 5784 3029 5812 ,
3085 5740 3275 5798 acerba
3343 5746 3506 5796 morte
3570 5727 3823 5793 exstiterim

664 5827 690 5874 τ.
766 5830 1012 5874 οιιιιενιε.

592 5827 690 5875 δεῖ.
719 5827 1012 5874 UOIBEI’IS.
