4046 6422
539 445 645 506 579
749 461 758 469 '

1962 422 2458 487 TIIEOPHANIS

3724 415 3837 480 530

537 570 724 611 morar
803 550 1090 606 referebat.
1146 549 1369 605 Priscus
1424 549 1607 617 itaque
1669 543 1904 615 Gepcdis
1949 541 2135 612 prodi-

2256 539 2339 590 μὸν
2369 539 2396 590 6
2451 536 2708 604 Πρίσκος,
2770 531 3043 602 μεσούσης
3073 533 3171 602 τῆς
3218 530 3410 593 νυκτὸς
3445 528 3690 600 εὑρίσκει
3736 533 3840 584 τὶν

538 652 685 702 tione
717 661 850 699 usus
905 642 1172 710 profunda
1222 643 1333 712 jam
1404 649 1565 694 nocte
1621 637 1934 708 Musugium
2001 635 2133 688 vino

535 748 696 806 plane
734 737 990 788 obrutum
1017 717 1320 798 comperit;
1357 730 1641 784 funebrem
1691 729 1894 783 etenim
1929 727 2135 782 solem-

536 829 761 883 nitatem
820 827 1040 896 proprio
1082 823 1238 878 fratri
1278 832 1611 876 sacraverat.
1663 819 1741 874 Eo
1803 820 1970 891 igitur
2009 819 2136 872 vivo

535 919 954 988 comprehenso,
991 915 1317 969 horrendam
1340 913 1566 967 omnino
1598 911 1969 966 Barbarorum
1995 918 2138 965 stra-

534 1028 654 1082 gem
693 1010 884 1066 edidit.
947 1007 1083 1062 Hinc
1139 1007 1308 1061 ubere
1361 1007 1544 1075 prmda
1601 1005 1753 1076 potiti
1812 1003 2048 1060 Romani
2081 1004 2135 1058 in

535 1107 790 1174 crapulas
820 1113 872 1157 et
899 1103 1209 1171 voluptates
1234 1101 1606 1155 resolvuntur.
1671 1100 1857 1166 Quare
1907 1098 2138 1152 Barbari

535 1198 586 1248 in
623 1211 788 1248 unum
831 1209 1026 1263 agmen
1055 1191 1236 1245 denuo
1265 1190 1480 1245 collecti
1507 1191 1773 1260 impetum
1809 1191 1864 1245 in
1894 1190 2136 1245 victores

536 1288 791 1342 faciunt:
831 1287 1101 1340 malorum
1145 1292 1330 1338 autem
1381 1284 1659 1338 illatorum
1701 1284 1837 1338 ultio
1871 1285 2139 1354 praeclaro

537 1381 778 1434 facinore
823 1379 988 1449 229
1009 1379 1163 1449 prius
1196 1378 1344 1433 edito
1379 1377 1629 1432 acerbior
1664 1378 1996 1442 exstitisset,
2028 1377 2139 1433 nisi

537 1472 758 1528 Genmn
784 1489 906 1525 cum
945 1480 1060 1526 toto
1086 1472 1360 1540 peditatus
1411 1470 1612 1525 robore
1634 1478 1915 1525 certamen
1960 1470 2140 1525 iniens

540 1565 867 1618 acerrimum
917 1561 1284 1616 Barbarornm
1316 1562 1458 1616 vires
1509 1561 1782 1631 fregisset.
1811 1559 1985 1616 Porro
2023 1559 2143 1615 Pri-

541 1672 667 1712 scus
697 1667 928 1711 cunctos
948 1657 1152 1725 quibus
1181 1655 1266 1708 sui
1291 1653 1542 1724 corporis
1567 1654 1878 1709 custodiam
1911 1657 2142 1708 demano

541 1749 784 1811 daverat,
815 1751 866 1804 in
900 1750 1206 1818 patibulum
1234 1749 1363 1818 egit.

613 1841 809 1896 Eodem
868 1857 1014 1896 anno
1080 1841 1284 1895 Paulus
1349 1840 1700 1910 imperatoris
1745 1847 1902 1911 pater
1965 1847 2144 1893 morte

2239 628 2580 684 Μουσούκιον
2626 627 3023 697 διεφθαρμένον
3053 629 3120 695 τῇ
3174 623 3335 695 μέθῃ.
3368 624 3691 692 Ἐπιτάφιον
3719 627 3840 694 γὰρ

2241 725 2436 794 ἑορτὴν
2489 721 2584 775 τοῦ
2623 721 2755 774 ἰδίου
2789 718 3026 788 ἀδελφοῦ
3081 716 3358 786 ἑώρταζεν
3393 716 3458 770 ’⁸.
3491 717 3602 769 Καὶ
3643 716 3846 770 τοῦτον

2243 815 2644 885 συλλαϐόμενος
2668 814 2870 878 ζῶντα,
2913 813 3073 881 φόνον
3108 810 3275 865 πολὺν
3299 812 3358 864 ὲν
3379 813 3489 872 τοῖς
3539 810 3847 883 βαρϐάροις

2241 909 2562 978 εἰργάσατο.
2619 906 2830 977 Πολλῆς
2886 906 2945 959 δὲ
2999 904 3386 975 αἰχμαλωσίας
3431 904 3845 974 κρατήσαντες,

2245 1003 2384 1076 μέθῃ
2404 1004 2497 1056 καὶ
2523 1003 2703 1073 τρυφῇ
2735 999 2964 1064 ἑαυτοὺς
2993 998 3382 1052 ὲκδεδώκασιν.
3411 997 3853 1067 Συναθροισθέν-

2240 1116 2330 1159 τες
2363 1098 2421 1150 δὲ
2453 1099 2502 1150 οἱ
2528 1095 2803 1166 Βάρόαροι
2836 1097 2950 1157 τοῖς
2982 1094 3327 1164 νενικηκόσιν
3361 1093 3706 1162 ἐφίστανταιο
3742 1093 3854 1146 καὶ

2240 1186 2309 1262 ἦν
2337 1190 2403 1244 ἂν
2427 1190 2460 1260 ἡ
2486 1189 2802 1258 ἁντίδρασις
2832 1187 2873 1218 ¹¹⁵
2894 1186 3253 1256 χαλεπωτέρα
3272 1186 3373 1254 τῆς
3403 1185 3854 1256 προῦπαρξάσης

2243 1281 2635 1352 ἀνδραγαθίας,
2674 1281 2722 1333 εἰ
2751 1279 2827 1350 μὴ
2857 1282 2884 1332 6
2918 1277 3133 1343 Γένζων
3183 1277 3322 1347 μετὰ
3349 1277 3449 1346 τῆς
3477 1275 3704 1346 πεζικῆς
3741 1277 3852 1330 δυ-

2243 1371 2462 1440 νάμεως
2485 1371 2596 1423 τῶν
2647 1369 2940 1439 Ῥωμαίων
2974 1369 3224 1431 ἐπιστὰς,
3266 1367 3418 1440 μάχῃ
3465 1368 3698 1437 κραταιᾷ
3765 1367 3852 1420 δι-

2246 1467 2490 1520 εκώλυσε
2518 1464 2560 1496 “
2589 1463 2688 1526 τὰς
2727 1462 2905 1533 ὁρμάς
2936 1460 3044 1514 τῶν
3075 1458 3398 1530 Βαρϐάρων.
3433 1458 3494 1513 '0
3514 1460 3569 1512 δὲ
3600 1461 3856 1529 Πρίσκος

2244 1564 2370 1623 τοὺς
2397 1560 2497 1630 τὴν
2534 1559 2779 1630 φρουρὰν
2803 1555 2954 1626 αὑτῷ
2985 1556 3029 1588 ³⁸
3061 1557 3532 1628 πεπιστευμένους
3589 1556 3696 1627 (10)
3734 1557 3851 1611 ἁν-

2248 1655 2626 1710 εσκολόπισεν.

2318 1835 2409 1908 Τῷ
2429 1836 2472 1890 δ’
2495 1835 2646 1908 αὐτῷ
2670 1835 2848 1907 χρόνῳ
2877 1834 2972 1889 καὶ
3002 1833 3217 1898 Παῦλος
3246 1834 3274 1888 6
3309 1831 3408 1886 τοῦ
3441 1831 3705 1902 βασιλέως
3731 1850 3858 1886 στα-

542 1934 690 2005 Cpoli
733 1935 1088 2005 perfunctus,
1117 1936 1260 1989 inter
1299 1907 1662 2003 imperatores
1693 1907 1880 2004 parem
1919 1933 2001 1987 eis
2052 1947 2142 1988 se-

2256 1930 2352 2002 ιὴρ
2384 1907 2740 1999 ἐτελεύτησεν
2761 1930 2819 1982 ἐν
2841 1930 2908 1999 τῇ
2943 1924 3516 1982 Κωνσταντινουπόλει
3543 1923 3635 1978 καὶ
3659 1925 3852 1995 ἐτάφη

541 2027 1182 2098 pulturamettumulum
1211 2026 1449 2080 obtinuit
1486 2044 1499 2080 :
1533 2026 1785 2082 similiter
1815 2035 1869 2080 et
1909 2027 2145 2080 Anasta-

541 2123 621 2177 sia
656 2122 902 2192 Augusta
941 2137 1136 2178 socrus
1173 2119 1444 2186 Mauricii,
1485 2118 1701 2175 Tiberii
1731 2134 1870 2174 vero
1905 2119 2145 2188 impera-

541 2215 678 2268 toris
707 2214 928 2283 conjux,
956 2215 1112 2284 juxta
1152 2215 1333 2268 virum
1384 2229 1545 2268 suum
1587 2212 1870 2268 Tiberium
1903 2210 2145 2282 sepulcri

543 2304 721 2361 locum
754 2318 1050 2361 consecuta
1079 2315 1182 2362 est.

595 2396 661 2450 Α.
677 2395 939 2451 0.-586.
958 2394 1071 2451 Hoc
1084 2411 1230 2450 anno
1247 2411 1369 2451 cum
1382 2393 1606 2451 Priscus
1621 2395 1817 2450 iterum
1836 2391 2147 2449 Danubium

464 2493 471 2500 '
545 2494 890 2556 occupasset,
936 2494 992 2540 et
1040 2485 1418 2541 Sclavinorum
1464 2485 1729 2540 ditionem
1759 2483 2145 2554 depopulatus,

543 2589 797 2645 magnam
824 2577 948 2631 inde
963 2578 1196 2646 praedam
1209 2585 1262 2632 et
1285 2577 1624 2646 captivorum
1645 2590 1934 2630 numerum
1951 2573 2020 2629 ad
2055 2575 2149 2629 im-

542 2677 849 2738 peratorem
874 2670 1244 2724 summisisset
1268 2687 1284 2734 ;
1310 2682 1608 2739 Imperator
1631 2665 1918 2722 Tatemere
1939 2666 2006 2721 ad
2032 2665 2151 2721 Pri-

543 2771 698 2814 scum
717 2761 884 2813 misso
901 2756 1204 2812 Romanum
1222 2759 1526 2814 exercitum
1544 2759 1611 2813 iis
1627 2758 1680 2811 in
1701 2756 1837 2812 locis
1855 2757 2152 2812 hibernare

543 2851 710 2927 jubet.
725 2851 928 2906 Placito
941 2852 1287 2922 imperatoris
1301 2862 1546 2922 accepto,
1564 2867 1774 2908 moram
1788 2854 2150 2923 deprecaban-

544 2949 636 2997 tur
651 2942 905 3009 Romani,
931 2957 994 2998 ac
1013 2960 1138 2999 cum
1159 2953 1383 3016 propter
1408 2944 1778 3002 Barbarorum
1807 2947 1912 3002 sibi
1931 2947 2151 3018 opposi-

545 3033 661 3089 tum
674 3035 997 3101 exercitum,
1017 3043 1132 3090 tum
1150 3037 1364 3092 hostilis
1379 3044 1433 3092 et
1448 3037 1658 3093 infestae
1672 3038 1914 3111 regionis
1931 3039 2151 3110 pericu-

545 3124 680 3190 lum,
706 3134 760 3180 et
781 3127 1122 3182 intoleranda
1140 3128 1438 3198 frigora,id
1453 3144 1726 3200 nusquam
1758 3131 1875 3186 ﬁeri
1893 3145 2055 3201 posse
2092 3132 2147 3186 in

2249 2028 2308 2080 ὲν
2341 2028 2452 2086 τοῖς
2473 2023 2774 2094 βασιλικοῖς
2806 2023 3124 2094 μνήμασινο
3161 2021 3366 2092 ὁμοίως
3395 2020 3850 2074 καὶἈναστασία

2249 2120 2282 2190 ἠ
2313 2117 2478 2172 αὑτοῦ
2505 2118 2547 2149 ¹⁷
2571 2115 2861 2186 Αὑγοῦστα
2883 2117 2916 2186 ἡ
2941 2113 3183 2185 πενθερὰ
3203 2112 3298 2167 τοῦ
3323 2112 3655 2181 Μαυρικίου,
3699 2114 3843 2184 γυνὴ

2249 2213 2306 2267 δὲ
2324 2213 2576 2285 Τιϐερίου
2608 2210 2703 2266 τοῦ
2730 2208 2995 2282 βασιλέως
3015 2225 3028 2240 ·
3062 2210 3155 2262 καὶ
3187 2207 3328 2279 αὐτὴ
3355 2207 3533 2278 ἐτάφη
3581 2206 3719 2277 μετὰ
3740 2207 3841 2260 Τι-

2250 2306 2435 2378 ϐερίου
2465 2304 2554 2358 τοῦ
2589 2303 2782 2375 ἀνδρὸς
2808 2304 3004 2374 αὐτῆς.

2322 2401 2387 2452 Δ.
2411 2398 2486 2452 Μ.
2512 2395 2671 2451 6086.
2700 2422 2769 2434 -
2799 2394 2988 2466 Τούτῳ
3026 2392 3105 2466 τῷ
3137 2392 3247 2446 ἔτει
3277 2390 3373 2446 τοῦ
3404 2389 3645 2462 Πρίσκου
3679 2393 3835 2448 πάλιν

2251 2489 2344 2541 τὸν
2398 2489 2612 2558 Ἴστρον
2639 2485 3044 2548 καταλαϐόντος
3092 2483 3228 2554 (ii),
3279 2485 3374 2536 καὶ
3421 2481 3492 2536 τὰ
3534 2483 3831 2537 Σκλασινῶν

2251 2579 2379 2649 ἔθνη
2402 2577 2444 2610 ⁸⁸
2482 2575 2930 2648 πραιδεύσαντος,
2967 2575 3062 2628 καὶ
3103 2573 3306 2643 πολλὴν
3359 2574 3718 2644 αἰχμαλωσίαν
3743 2574 3817 2644 τῷ

2255 2671 2468 2742 βασιλεῖ
2511 2668 2958 2738 ἁναπέμψαντος,
2987 2668 3015 2719 6
3065 2665 3323 2736 βασιλεὺς
3373 2665 3469 2718 τὸν
3499 2665 3814 2736 Τατίμερα¹⁹

2252 2760 2579 2824 ἀποστείλας
2610 2759 2746 2830 πρὸς
2771 2759 3032 2829 Πρίσκον,
3065 2757 3510 2830 παρακελεύεται
3541 2757 3826 2810 αύτόθιτδν

2253 2853 2500 2925 χειμῶνα
2519 2851 2795 2923 διατρῖψαι
2816 2851 3270 2920 τοὺςῬωμαίους
3305 2850 3499 2921 καιρόν
3530 2847 3666 2922 (12).
3693 2849 3756 2902 Οἰ
3785 2848 3837 2901 δὲ

2265 2947 2527 3020 Ῥωμαῖοι
2577 2945 2736 2999 τοῦτο
2780 2943 3050 3017 μαθόντες
3077 2943 3122 2977 ³⁸
3161 2945 3484 3014 ἀντέλεγον,
3521 2943 3598 3007 ὠς
3621 2944 3724 2996 οὐκ
3758 2944 3839 2995 ὲν-

2251 3043 2472 3114 δέχεται
2497 3040 2660 3096 τοῦτο
2697 3040 2955 3109 γενέσθαι
3003 3038 3096 3094 διά
3125 3055 3186 3092 τε
3221 3039 3291 3092 τὰ
3330 3036 3513 3110 πλήθη
3552 3035 3666 3090 τῶν
3698 3029 3842 3107 Βαρ-
3913 3067 3916 3070 ~

2254 3135 2461 3209 ὀάρων,
2510 3135 2606 3190 καὶ
2638 3135 2700 3188 τὸ
2751 3133 3022 3205 πολεμίαν
3049 3133 3270 3186 ὑπεῖναι
3303 3132 3344 3163 ²¹
3381 3131 3480 3202 τὴν
3509 3129 3720 3202 χώραν,
3753 3129 3845 3182 και

545 3217 841 3272 adversum
867 3220 1223 3289 ohjiciebant.
1257 3220 1482 3276 Priscus
1501 3221 1763 3279 suavibus
1795 3223 1979 3279 verbis
2003 3224 2142 3278 mili-

2256 3233 2319 3286 τὰ
2349 3229 2496 3302 ψύχη
2520 3231 2565 3261 ¹¹
2595 3229 2867 3300 ἀφόρητα.
2895 3227 2953 3281 '0
2983 3227 3038 3280 δὲ
3056 3226 3297 3298 Πρίσκος
3325 3225 3506 3293 λόγοις
3531 3225 3780 3288 πιθανοῖς
3801 3224 3846 3254 ’³

547 3313 657 3364 tem
677 3311 972 3373 demulcet,
992 3323 1045 3367 et
1066 3312 1416 3383 imperatoris
1436 3312 1594 3383 jussu
1608 3315 2030 3385 obsequentem,
2056 3316 2142 3370 hi-

2256 3326 2467 3380 Ξπεισεν
2499 3323 2546 3354 ’⁸
2579 3322 2781 3385 αὐτοὺς
2817 3322 2933 3374 ἐκεῖ
2965 3321 3252 3392 χειμάσαι,
3306 3318 3403 3371 καὶ
3429 3317 3529 3389 τὴν
3559 3317 3655 3369 τοῦ
3687 3315 3846 3385 βασι-

547 3402 772 3458 bernam
802 3404 1002 3458 ibidem
1039 3406 1333 3462 stationem
1360 3408 1561 3464 habere
1591 3407 1807 3464 suadet.
1842 3408 2142 3466 Mauricius

547 3494 636 3550 his
688 3497 890 3552 auditis
928 3497 1299 3570 Philippicum
1343 3517 1605 3572 generum
1645 3500 1888 3558 Orientis
1920 3505 2141 3568 ducem,

544 3604 820 3660 qucmquc
855 3592 926 3645 ob
963 3595 1011 3646 ci
1043 3593 1293 3661 junctam
1343 3596 1396 3648 in
1444 3597 1860 3652 matrimonium
1894 3612 2142 3652 sororem

546 3679 876 3737 ﬁdissimum
919 3685 1177 3752 habebat,
1204 3690 1591 3745 excubitorum
1617 3692 1876 3747 comitem
1911 3693 2141 3747 creavit.

546 3771 719 3827 Porro
753 3775 1092 3846 Philippicus
1117 3781 1484 3836 sanctissima:
1515 3781 1762 3838 Dominae
1795 3793 1997 3839 nostrae
2023 3799 2145 3839 mo-

548 3866 854 3918 nasterium
915 3877 968 3922 et
1021 3869 1154 3923 illud
1204 3872 1464 3942 palatium
1506 3887 1615 3944 quo
1665 3874 1964 3930 Mauricius
2037 3875 2143 3929 im-

551 3963 778 4024 perator
809 3973 932 4013 cum
992 3962 1178 4017 liberis
1232 3964 1528 4034 aliquando
1579 3964 1723 4022 foret
1781 3969 2144 4040 excipiendus

549 4051 876 4125 Chrysopoli
911 4057 1079 4125 carpit
1111 4057 1416 4116 aedificare:
1447 4060 1687 4132 piscinas
1711 4064 1877 4118 etiam
1918 4073 1972 4118 et
2013 4065 2145 4118 hor-

551 4153 638 4203 tos
671 4150 737 4203 ad
770 4151 890 4218 ejus
936 4168 1093 4207 usum
1134 4153 1430 4213 deliciasve
1478 4159 1627 4214 intus
1687 4161 1902 4229 paravit
1934 4178 1946 4213 :
1983 4157 2141 4230 Cpoli

551 4249 733 4296 autem
755 4243 1043 4314 Philippici
1077 4247 1299 4303 domum
1323 4250 1394 4304 ab
1422 4265 1488 4304 co
1518 4263 1890 4323 nuncupatam
1930 4260 2145 4308 exstru-

551 4332 650 4386 xit.

2242 3418 2381 3480 λέως
2415 3415 2663 3470 κέλευσιν
2700 3413 3013 3485 πληρῶσαι.
3053 3412 3115 3465 ’0
3143 3412 3202 3465 δὲ
3244 3410 3500 3482 βασιλεὺς
3533 3409 3848 3480 Μαυρίκιος

2244 3511 2420 3566 ταῦτα
2453 3507 2710 3580 ἀκηκοὼς
2748 3505 3085 3560 Φιλιππικὸν
3125 3505 3220 3558 τὸν
3257 3503 3391 3558 [διον
3447 3501 3703 3572 γαμϐρὸν
3757 3501 3850 3553 τὸν

2243 3605 2346 3675 τῆς
2365 3603 2659 3673 ’Λνατολῆς
2689 3599 3004 3671 στρατηγὸν
3030 3595 3261 3668 εποίησε
3291 3596 3511 3666 κόμητα
3531 3593 3639 3647 τῶν
3656 3592 3854 3658 {simu-

2246 3696 2484 3769 6ιτόρων
2509 3696 2730 3768 θαρρῶν
2761 3691 2932 3765 αὐτῷ,
2965 3691 3041 3756 ὡς
3081 3691 3183 3763 τὴν
3224 3691 3392 3744 αὑτοῦ
3441 3688 3675 3758 ἀδελφὴν
3699 3687 3854 3756 αὐτῷ

2247 3787 2464 3855 ἔζευξεν
2493 3789 2563 3842 ’⁸.
2601 3787 2660 3840 '0
2688 3785 2745 3840 δὲ
2773 3783 3104 3848 Φιλιππικδς
3131 3783 3339 3856 ἧρξατο
3371 3781 3576 3846 κτίζειν
3608 3783 3665 3834 ἐν
3701 3782 3853 3849 Χρυ-

2249 3881 2472 3935 σοπόλει
2508 3880 2608 3953 τὴν
2647 3879 2817 3951 μονὴν
2860 3878 2964 3948 τῆς
3013 3876 3294 3946 παναγίας
3347 3875 3506 3946 ἡμῶν
3545 3875 3851 3945 Δεσποίνης

2247 3972 2513 4028 Θεοτόκου
2543 3974 2637 4027 καὶ
2660 3972 2924 4026 παλάτιον
2958 3972 3016 4025 ὲν
3046 3971 3188 4043 αὐτῇ
3239 3970 3452 4038 ὀφεῖλον
3483 3967 3849 4038 ὑποδέχεσθαι

2246 4065 2556 4136 Μαυρίκιον
2585 4063 2678 4118 τδν
2707 4063 2955 4135 βασιλέα,
3009 4063 3106 4117 καὶ
3135 4063 3203 4117 τὰ
3237 4064 3402 4116 τέκνα
3461 4061 3650 4126 αὐτοῦ,
3690 4063 3851 4129 ποιή-

2251 4174 2351 4222 σας
2413 4156 2796 4228 ἰχθυοτροφεῖα
2843 4156 2942 4209 καὶ
2998 4154 3328 4226 παραδείσια
3373 4152 3588 4207 ἔνδοθεν
3620 4153 3753 4225 [ἔσω
3778 4151 3848 4223 ³⁸]

2251 4249 2333 4312 εἰς
2362 4249 2462 4321 τὴν
2495 4247 2794 4320 θεραπείαν
2823 4248 3012 4313 αὑτοῦ,
3047 4249 3142 4302 καὶ
3173 4250 3230 4301 ὲν
3267 4245 3850 4301 Κωνσταντινουπόλει
3903 4243 3925 4255 ’

2251 4343 2352 4414 τὴν
2379 4343 2556 4396 οἰκίαν
2585 4341 2683 4412 τὴν
2713 4341 3112 4413 ὲπιλεγομὲνην
3143 4343 3212 4394 τὰ
3231 4337 3589 4396 Φιλιππικοῶ

621 4428 684 4480 Α.
729 4428 788 4483 C.
848 4429 972 4488 587.
1004 4460 1074 4472 ——
1111 4429 1334 4502 Cpoleos
1408 4433 1640 4504 episcopi
1695 4433 1910 4506 Cyriaci
1969 4451 2142 4492 annus

2308 4405 2386 4491 Ἀ.
2413 4435 2491 4492 Μ.
2522 4405 2684 4490 608:1.
2735 4463 2805 4472 —-
2854 4405 3552 4497 ιξωιισταντινουπόνιεως
3603 4428 3852 4483 ἐπισκά-

548 4531 684 4588 prtm
697 4538 776 4575 us.

623 4613 916 4670 Antiochia:
932 4617 1212 4672 Anastasii
1231 4619 1464 4690 episcopi
1485 4635 1655 4675 annus
1682 4622 1891 4692 primus
1910 4663 1925 4678 .

2253 4546 2372 4584 που
2408 4525 2712 4597 Κυριακοῦ
2742 4525 2879 4590 ἔτος
2902 4531 2976 4577 a'.

2328 4617 2687 4689 Ἀντιοχείας
2705 4617 2814 4689 (15)
2832 4616 3178 4671 ἐπισκόπου
3201 4615 3598 4669 ’Λναστιισίου
3628 4612 3762 4680 ἔτος
3774 4611 3847 4665 a’.

1899 4756 2136 4813 VARUE
2169 4753 2558 4814 LEtiTlONES
2572 4793 2588 4811 .

624 4841 669 4874 ¹³
696 4841 1336 4915 ἐώρταζενᾼ,ὲόρταζεν
1362 4844 1512 4913 vulg.

1587 4845 1631 4876 “
1663 4846 1932 4912 ἀντίδοσις
1959 4854 2004 4902 Α
2034 4849 2071 4904 f.
2151 4852 2197 4883 ¹⁸
2229 4849 2524 4905 διεκώλυσε
2550 4847 2616 4913 Α,
2658 4845 2871 4900 διέλυσε
2899 4847 3050 4916 vnlg.

3133 4845 3178 4883 ⁸⁸
3198 4845 3378 4898 αὐτῶν
3430 4846 3496 4900 Α.
3601 4845 3644 4881 ¹¹
3679 4845 3849 4898 αὑτοῦ

553 4913 677 4992 add.
711 4929 778 4992 ex
803 4915 884 4992 A._
949 4914 991 4945 ³⁸
1019 4913 1151 4992 ἔθνη
1181 4929 1291 4992 out.
1316 4914 1363 4992 f._
1427 4917 1470 4992 ‘_’
1500 4915 1829 4992 ςιίατήμερον
1859 4919 1897 4976 f.
1946 4920 2021 4992 Α¹⁰
2054 4939 2142 4992 μει

2256 4921 2438 4990 ηκότες
2468 4921 2535 4992 Δ.
2612 4917 2657 4948 ²¹
2686 4919 2782 4992 και
2813 4918 2873 4971 τὸ
2902 4913 3170 4992 πολεμίας)
3198 4917 3415 4992 ὑπεῖναι
3467 4917 3533 4992 ᾼ,
3590 4915 3685 4992 κα)
3741 4918 3849 4992 τῶν

555 4983 831 5056 πολεμίων
864 4985 1133 5056 ὑπηνιιηζ.
1201 4987 1248 5018 ⁸⁸
1281 4986 1375 5040 καὶ
1395 4983 1465 5038 τὰ
1484 4983 1773 5056 domoin.
1808 4990 1849 5042 A
1882 5005 1914 5044 a
1938 4988 1977 5045 f.

2051 4992 2100 5029 "
2130 4989 2409 5054 πειθανοῖς
2441 4989 2590 5060 vulg.

2671 4988 2718 5029 I“
2746 4987 2966 5040 ἔπεισεν
3009 4986 3075 5053 Α,
3126 4986 3346 5041 ἔπειθεν
3407 4989 3553 5058 vulg.
3631 4987 3676 5018 ³⁵
3703 4987 3852 5058 αὐτῷ

553 5052 770 5120 ἔζευξεν
796 5058 862 5125 Α,
897 5052 1108 5122 ζεύξας
1139 5056 1288 5128 αὐτῷ
1317 5057 1464 5125 vulg.
1499 5052 1509 5056 ⁷
1536 5052 1816 5112 ’δ’ένδοοεν
1841 5060 2044 5114 ἔσωθεν
2068 5062 2113 5116 Α

2256 5063 2307 5119 ιι]
2346 5052 2676 5117 alterutrum
2713 5058 3012 5114 delendum
3038 5052 3281 5114 videtur.

546 5193 556 5226 )
1855 5179 1989 5236 IAC.
2031 5180 2142 5236 (ἶοὶ

2311 5177 2551 5236 ΝΟΤᾸΕ.

624 5268 738 5338 (-10)
774 5268 890 5340 Non
925 5268 1065 5324 bene
1095 5268 1364 5340 interpr.,
1400 5269 1588 5340 quibus
1618 5271 1704 5324 sui
1745 5273 1983 5339 corporis
2039 5289 2137 5326 cu-

2311 5273 2425 5344 (H)
2460 5275 2669 5343 Hyeme
2697 5278 2852 5344 gesta
2890 5284 3098 5344 novum
3135 5283 3346 5322 annmn
3405 5268 3653 5344 indicant
3701 5256 3850 5344 ερας

555 5335 786 5394 stadium
817 5335 1270 5412 demandauerat,
1318 5335 1452 5404 imo,
1490 5341 1693 5410 quibus
1749 5335 2056 5396 castrorum
2085 5352 2140 5398 et
2239 5335 2606 5399 Simocatt'am
2628 5335 2753 5412 cap.
2779 5341 2867 5394 10.
2892 5339 3258 5396 Undecimum
3286 5349 3491 5403 tamen,
3511 5340 3631 5408 ejus
3650 5335 3848 5394 calculi

556 5413 856 5483 exercitus.
882 5410 1091 5465 Simoc.
1117 5411 1316 5483 lib.__VI,
1351 5426 1473 5483 cap.
1586 5432 1598 5466 ε
1627 5413 1738 5480 Τῆς
1796 5413 2139 5483 διαφρουρᾶς

559 5482 978 5554 κατημέλησαν,
1007 5485 1072 5551 ἣν
1100 5481 1370 5554 σκούλκαν
1399 5481 1632 5554 σύνηθες
1663 5485 1728 5552 τῇ
1760 5481 1970 5554 πατρία
2021 5481 2134 5553 (ρω-

559 5553 624 5621 νῇ
686 5551 978 5624 Ῥωμαίοις
1031 5551 1363 5624 ἀποκαλεῖνο
1411 5551 1725 5624 Custodiam
1777 5551 2140 5624 uegieaferont,

559 5638 717 5691 quam
757 5623 985 5676 scultam
1011 5623 1186 5692 patrio
1208 5638 1448 5677 sermone
1485 5623 1714 5678 Romani
1745 5625 1810 5680 de
1833 5623 1975 5680 utare
1995 5627 2138 5680 voci-

563 5702 711 5766 tant:
756 5693 898 5748 idem
935 5708 1043 5766 non
1096 5707 1289 5766 omnes
1320 5693 1589 5766 ejusmodi
1621 5697 1880 5751 custodes
1908 5697 1962 5750 in
1994 5699 2136 5766 pati-

563 5760 754 5818 bulum
789 5773 943 5834 actos
975 5764 1071 5826 ait,
1105 5763 1250 5834 quod
1296 5760 1477 5820 nimiae
1509 5765 1705 5822 fuisset
1753 5760 2138 5833 serveritatis;

563 5837 695 5905 sed,
722 5832 849 5905 soi);
899 5832 1281 5905 φρουράρχους
1312 5853 1325 5888 :
1356 5836 1631 5905 praefectos
1664 5836 1955 5903 custodita,
1999 5832 2143 5893 non?

563 5903 732 5960 nullis
760 5902 885 5959 aliis
908 5902 1297 5976 durius'virgis
1323 5902 1499 5965 caesis.
1525 5909 1817 5965 COMBEFIS.

2241 5432 2348 5469 non
2375 5422 2661 5484 superant.

2312 5480 2869 5557 (Ηγιλθεθγεέηῃτοῦ
2909 5481 3179 5557 χειμῶνος
3212 5483 3425 5552 καιρόν,
3459 5481 3564 5536 nisi
3617 5480 3848 5536 Codices

2242 5555 2442 5626 reliqui
2481 5572 2606 5609 cum
2641 5555 2813 5626 Regio
2852 5555 3242 5610 convenirent.

2320 5620 2435 5696 (Β)
2463 5626 2564 5682 Hic
2599 5620 2880 5680 secu'ndus
2905 5627 3264 5696 episcopatus
3298 5632 3381 5678 est
3415 5622 3718 5696 Anastasii,
3751 5620 3846 5692 qui

2249 5714 2396 5754 anno
2418 5695 2641 5752 ’Justini
2677 5699 2873 5766 quinto
2912 5702 3131 5766 amotus
3162 5695 3360 5766 fuerat.
3394 5695 3651 5748 Cin'onic.
3685 5697 3846 5766 _Ale-

2251 5769 2462 5826 xan,d.:
2519 5763 2711 5836 Τούτιιὶ
2770 5767 2846 5836 τῷ
2915 5765 3027 5818 ἔτει
3092 5765 3441 5836 Ἀναστάσιος
3497 5763 3846 5835 πατριάρχης

2263 5838 2599 5907 Ἀντιοχείας
2633 5835 2936 5906 ἐπανῆλθε-ι
2971 5838 3028 5888 ὲν
3064 5835 3366 5907 Ἀντιοχείᾳ
3403 5839 3543 5906 μετὰ
3584 5837 3845 5907 τελευτὴν

2249 5904 2558 5978 Γρηγορίου
2594 5904 2932 5979 πατριάρχου
2969 5906 3286 5976 γενομένου,
3337 5904 3431 5958 τοῦ
3459 5907 3550 5958 καὶ
3599 5904 3843 5970 διαδεξα-
