4046 6440
273 445 354 510 581
1569 445 1664 504 CII
1677 445 2250 506 RONOGRAPHIA.

333 557 515 629 Τούτῳ
547 557 627 630 τῷ
653 557 764 612 ἔτει
781 559 859 622 είς
884 558 949 612 τὰ
967 558 1058 612 τοῦ
1083 556 1376 621 Βυζαντίου
1405 557 1706 627 προάστεια
1727 557 1841 629 (Η)
1873 565 1922 622 Α

269 653 534 704 τέκτονται
560 649 788 718 τέρατα,
820 648 1036 702 παιδίον
1062 647 1390 718 τετράπουν,
1421 648 1517 700 καὶ
1545 647 1673 702 ἄλλο
1701 647 1846 701 δικόο

269 759 427 814 ρυφον
445 743 511 796 ⁸⁷.
552 741 786 809 Λέγουσι
823 739 878 794 δὲ
909 741 958 793 oi
991 740 1089 804 τὰς
1131 740 1373 812 ἱστορίας
1423 739 1701 810 ἐπιμελῶς
1751 741 1844 808 ἐγ-

267 837 562 908 γράφοντες
596 835 671 904 μὴ
698 833 988 903 σημαίνειν
1030 832 1212 900 ἀγαθὰ
1239 835 1356 895 ταῖς
1382 831 1620 898 πόλεσιν,
1656 834 1712 885 ἐν
1753 826 1842 896 αἷς

264 927 323 980 ἂν
359 925 403 957 ⁸⁸
441 924 677 995 τεχθῶσι
712 925 780 976 τὰ
807 921 1054 976 τοιαῦτα.
1092 923 1151 974 '0
1173 921 1228 974 δὲ
1271 920 1525 992 βασιλεὺς
1564 921 1656 972 τὸν
1710 921 1838 990 Πρίο

265 1035 382 1072 σκον
406 1017 507 1087 τῆς
535 1014 870 1086 στρατηγίας
893 1016 937 1048 ’θ
966 1012 1246 1066 άποπαύει
1263 1030 1276 1042 ·
1303 1012 1508 1083 Πέτρον
1532 1011 1590 1064 δὲ
1611 1011 1699 1064 τὸν
1726 1012 1846 1065 ἐαυ·

261 1109 346 1164 τοῦ
378 1091 610 1176 ἀδελφὸν
647 1106 951 1177 στρατηγὸν
985 1106 1083 1175 τῆς
1109 1105 1394 1175 δυνάμεως
1431 1107 1666 1157 ποιεῖται
1706 1104 1842 1156 Ῥω-

265 1202 451 1272 μαίων.
499 1200 558 1252 '0
590 1199 688 1267 μὲν
719 1194 814 1251 οὖν
848 1195 1087 1267 Πρίσκος
1118 1195 1231 1268 (15)
1264 1195 1362 1258 τὰς
1412 1193 1671 1263 δυνάμεις
1703 1195 1840 1264 άρά-

267 1309 412 1362 μενος
441 1291 574 1360 πρὶν
604 1290 638 1358 ἦ
691 1287 782 1340 τὸν
821 1288 1025 1357 Πέτρον
1069 1287 1272 1356 φθάσαι
1301 1285 1532 1356 διεπέρα
1557 1285 1600 1316 ³ο
1631 1287 1724 1338 τὸν
1747 1301 1842 1336 πο-

258 1383 452 1453 ταμόν·
490 1384 518 1435 ὁ
547 1381 605 1434 δὲ
647 1380 899 1448 Χαγάνος
927 1379 1024 1449 τὴν
1053 1379 1350 1449 μετάϐασιν
1371 1378 1463 1431 τοῦ
1529 1376 1841 1446 Ῥωμαῖκοῦ

257 1474 377 1529 λαοῦ
424 1471 704 1541 ἀκηκοὼς,
746 1471 866 1524 λίαν
905 1471 1240 1542 ἐθαύμασεν,
1277 1471 1372 1524 καὶ
1404 1471 1539 1540 πρὸς
1585 1469 1676 1522 τὸν
1706 1470 1840 1541 Πρί-

258 1584 376 1619 σκον
407 1564 756 1628 ἀπέττειλεν,
807 1563 1000 1634 μαθεῖν
1033 1563 1136 1632 τὴν
1163 1563 1344 1616 αἰτίαν
1395 1563 1694 1632 ἐπιζητῶν,
1745 1563 1843 1615 καὶ

257 1660 443 1728 μοῖραν
477 1654 666 1708 λαϐεῖν
712 1657 814 1725 τῆς
843 1654 1110 1725 πραίδαςο
1140 1655 1236 1708 καὶ
1270 1653 1444 1718 οὕτως
1474 1654 1566 1707 τὸν
1595 1653 1842 1724 ποταμὸν

254 1748 630 1820 διανήξασθαι.
684 1748 818 1800 Λίαν
854 1748 965 1818 γάρ
998 1747 1358 1818 ἐχαλέπαινεν
1401 1746 1497 1799 ἐπὶ
1525 1750 1640 1810 τοῖς
1682 1746 1842 1798 εὐτυ-

255 1845 459 1915 χήμασι
511 1841 622 1894 τῶν
678 1839 987 1908 Ῥωμαίων.
1047 1839 1264 1910 Πέμπει
1314 1837 1550 1892 τοίνυνὸ
1607 1837 1843 1908 Πρίσκος

3449 445 3553 508 [£2

2025 558 2136 613 Iloe
2173 572 2316 612 anno
2343 567 2589 612 monstra
2637 556 2691 611 in
2733 556 3068 612 suburbanis
3116 557 3363 629 Byzantii
3409 559 3554 615 locus

1949 661 2078 706 nata
2107 660 2238 706 sunt
2269 670 2282 706 :
2326 666 2462 720 puer
2501 650 2761 704 nimirum
2788 651 3127 720 quadrupes,
3182 659 3237 706 et
3273 653 3414 707 alius
3464 653 3550 706 bi-

1946 761 2096 814 ceps.
2121 744 2372 799 Accurati
2391 759 2552 813 porro
2577 744 2929 798 historiarum
2957 745 3258 814 seriptorcs
3289 746 3546 811 urbibus,

1947 837 2000 890 in
2035 837 2234 907 quibus
2264 837 2355 890 illa
2407 836 2737 906 prodierint,
2773 837 2852 890 nil
2905 837 3035 890 boni
3081 837 3354 907 iaustiqne
3387 839 3550 908 230

1948 930 2273 998 portendere
2329 937 2668 984 asseverant.
2712 927 3019 998 Imperator
3065 938 3250 982 autem
3287 928 3480 984 Prisco
3519 948 3548 983 a

1946 1033 2159 1072 summa
2193 1019 2532 1072 exercituum
2571 1019 2896 1086 ptmfectura
2921 1027 3137 1072 remoto
3169 1019 3388 1073 Petrum
3422 1034 3553 1088 pro-

1950 1110 2131 1178 prium
2165 1109 2386 1165 fratrem
2429 1109 2802 1164 Romanarum
2839 1111 3123 1180 copiarum
3153 1111 3345 1164 ducem
3390 1109 3550 1164 iustis

1946 1205 2073 1256 tuit.
2130 1202 2205 1256 De
2235 1219 2332 1255 sua
2374 1203 2827 1257 exauctoratione
2849 1203 3076 1258 Priscus
3117 1206 3320 1257 certior
3343 1203 3545 1268 iactus,

1945 1297 2161 1352 eductis
2196 1312 2382 1351 secum
2407 1307 2530 1350 ante
2572 1296 2717 1350 Petri
2749 1297 3044 1351 adventum
3076 1298 3330 1350 omnibus
3351 1296 3547 1365 copiis,

1945 1405 2162 1443 amnem
2198 1389 2430 1458 trajicit.
2496 1387 2565 1444 Ut
2616 1389 2894 1444 Romanas
2923 1389 3071 1444 acies
3120 1390 3436 1443 ulteriorem
3474 1389 3550 1441 ri-

1945 1499 2070 1550 pam
2105 1499 2208 1539 suo
2245 1485 2477 1538 transitu
2511 1485 2821 1539 obtinuisse
2861 1484 3157 1554 Chaganus
3182 1485 3470 1548 intellexit,
3497 1485 3550 1539 id

1946 1576 2082 1630 satis
2098 1575 2356 1640 miratus,
2376 1577 2527 1630 misit
2549 1576 2613 1630 ad
2634 1577 2882 1632 Priscum
2899 1592 3120 1630 causam
3137 1575 3398 1629 nimirum
3429 1589 3554 1643 pero

1947 1674 2325 1727 cunctaturns.
2357 1681 2420 1722 ac
2441 1668 2607 1723 simul
2640 1667 2836 1737 praedic
2875 1677 3084 1738 partem
3118 1667 3381 1738 censequi
3405 1669 3550 1735 apud

1945 1774 2007 1814 se
2037 1760 2388 1822 consiliatus,
2427 1771 2591 1828 atque
2639 1761 2709 1813 ita
2741 1760 2958 1813 demum
2986 1774 3200 1812 aumem
3224 1760 3337 1828 ipse
3367 1768 3552 1813 trans-

1949 1847 2261 1900 veheretur.
2319 1846 2494 1912 Quam
2527 1847 2754 1901 moleste
2776 1847 2922 1900 enim
2955 1847 3167 1900 ferebat
3219 1863 3549 1915 prosperum

260 1937 385 2007 ccepi.
405 1933 612 1988 τούτων
627 1932 767 2004 πρὸς
788 1933 880 1986 τὸν
897 1933 1149 2001 Χαγάνον
1179 1933 1219 1965 ³⁸
1250 1931 1551 2003 πρεσϐείαν
1575 1931 1845 2001 Θεόδωρον

1956 1938 2231 2013 quippiam
2264 1938 2522 1990 Romanis
2545 1939 2865 1993 succedere.
2897 1937 2975 1992 Ad
3007 1938 3328 2006 Chaganum
3367 1939 3551 2007 itaque

265 2030 354 2083 τδν
390 2027 583 2096 ἰατρὸν,
615 2025 869 2096 ἀγχινοίᾳ
903 2025 998 2079 καὶ
1034 2024 1246 2080 συνέσει
1276 2023 1714 2094 κεκοομημένον.
1746 2017 1850 2078 Οὖ-

261 2139 353 2184 τος
379 2102 632 2190 ἑωρακὼς
661 2119 753 2172 τὸν
785 2120 1037 2186 Χαγάνον
1075 2117 1218 2188 μέγα
1248 2118 1578 2188 φρονοῦντα,
1624 2117 1720 2169 καὶ
1750 2116 1850 2179 τὰς

250 2213 574 2283 ἀποκρίσεις
615 2210 1080 2283 ἀλαζονικώτερον
1134 2209 1458 2280 ποιούμενον
1515 2211 1562 2243 ³⁸
1609 2209 1848 2280 (ἠπείλει

255 2305 358 2374 γὰρ
374 2305 596 2358 πάντων
615 2304 722 2356 τῶν
751 2302 921 2356 ἐθνῶν
944 2302 1107 2356 αὐτὸν
1129 2297 1269 2354 εἶναι
1295 2301 1529 2372 κύριον),
1550 2301 1849 2371 διηγήματι

257 2396 468 2467 παλαιῷ
498 2398 591 2451 τὸν
627 2394 964 2467 βαρϐαρικὸν
1003 2393 1350 2461 κατεπράϋνε
1380 2391 1578 2461 τύφονο
1609 2391 1851 2459 ἔφασκεν

249 2483 348 2550 γάρ
378 2497 391 2512 °
437 2485 734 2545 Ἄκουσον,
793 2483 1052 2550 Χαγάνε,
1109 2481 1428 2550 ἐπωφελοῦς
1483 2480 1845 2551 διηγήματος’

245 2573 561 2646 Σέσωστρις
605 2577 633 2628 ὁ
663 2574 772 2628 τῶν
806 2575 852 2606 ³³
901 2574 1218 2643 Αἰγυπτίων
1257 2574 1512 2644 βασιλεὺς
1541 2575 1850 2646 περιφανής

241 2682 304 2721 τε
345 2669 445 2721 καὶ
488 2667 612 2720 λίαν
663 2668 708 2700 ³⁸
742 2668 1040 2739 εὐδαίμων,
1094 2666 1172 2738 τῷ
1202 2667 1422 2739 πλούτῳ
1467 2667 1720 2739 λαμπρὸς
1751 2665 1848 2718 καὶ

241 2763 364 2823 ταῖς
396 2761 695 2830 δυνάμεσιν
751 2761 1202 2832 ἀκαταμάχητος,
1234 2762 1464 2815 πλεῖστοι
1499 2763 1592 2814 καὶ
1629 2762 1841 2831 μεγάλα

246 2852 590 2906 ἐδουλώσατο
629 2851 786 2922 ἔθνη·
836 2854 1086 2908 ἐντεῦθεν
1138 2855 1218 2918 εἰς
1247 2853 1570 2918 ἀλαζονείαν
1618 2871 1848 2925 περιπε-

242 2941 379 3010 σὼν,
419 2944 857 3016 χρυσοκόλλητον
902 2945 1084 3016 ὄχημα
1107 2947 1171 3000 ἐκ
1220 2945 1382 3000 λίθων
1431 2946 1629 3016 τιμίων
1678 2963 1845 3000 κατοι-

244 3037 548 3099 σκευάσας,
578 3036 911 3106 ἐπικάθηται
930 3037 1128 3105 τούτῳ,
1160 3037 1258 3090 καὶ
1286 3037 1576 3090 ὑποϐάλλει
1595 3037 1672 3108 τῷ
1694 3036 1846 3108 ζυγῷ

242 3127 353 3180 τῶν
388 3127 736 3197 ἡττηθέντων
769 3127 1032 3198 βασιλέων
1068 3128 1376 3201 τέσσσαρας
1403 3129 1586 3183 ἕλκειν
1618 3131 1679 3182 τὸ
1707 3131 1841 3201 ὅχη-

241 3236 348 3292 μα.
381 3219 590 3274 Τούτου
646 3220 704 3274 δὲ
739 3221 1057 3292 γενομένου,
1095 3225 1154 3276 ἐν
1202 3224 1461 3294 ἐπισήμῳ
1503 3223 1698 3276 ἑστῶτι
1730 3223 1841 3296 (i6)

1925 2031 2280 2107 degatiouem
2320 2029 2386 2085 de
2423 2030 2508 2085 his
2536 2029 2759 2085 Priscus
2792 2031 3038 2094 instruit,
3083 2030 3432 2084 Theodorum
3470 2029 3551 2081 vi-

1953 2120 2155 2175 delicet
2195 2122 2490 2184 medicum,
2516 2122 2693 2175 virum
2730 2123 2898 2176 animi
2935 2122 3161 2176 solertia
3212 2131 3265 2177 et
3307 2122 3550 2191 pruden-

1953 2211 2028 2265 tia
2058 2211 2351 2281 insignem.
2413 2211 2516 2278 Qui
2545 2228 2670 2267 cum
2732 2213 2974 2267 tumidos
3008 2213 3252 2283 Chagaui
3288 2214 3544 2282 Spiritus,

1949 2303 2183 2373 ejusque
2262 2319 2530 2374 responsa
2611 2307 2961 2374 arrogantius
3005 2308 3132 2359 data
3199 2307 3547 2372 (cunctarum

1950 2397 2154 2467 quippe
2178 2397 2466 2466 nationum
2501 2413 2624 2453 sese
2670 2398 3321 2468 praedicabatdominum)
3363 2398 3548 2452 animo

1951 2491 2289 2559 percepisset
2319 2510 2331 2544 :
2367 2491 2719 2545 barbaricam
2767 2491 3008 2545 hominis
3061 2491 3411 2546 insolentiam
3447 2505 3548 2543 an-

1950 2584 2105 2651 tiqua
2154 2585 2476 2637 narratione
2507 2583 2880 2655 demulcebat.
2939 2584 3018 2637 Ad
3042 2600 3166 2636 eum
3202 2585 3387 2650 itaque
3411 2597 3546 2636 con-

1948 2688 2181 2727 versus:
2221 2673 2361 2727 Audi
2391 2713 2407 2738 ,
2465 2674 2664 2743 inquit,
2694 2672 2972 2742 Chagaue.
3027 2675 3404 2728 narrationem
3439 2671 3544 2726 tibi

1948 2765 2319 2834 profuturam.
2378 2765 2671 2829 Sesostris,
2721 2765 3104 2835 ngyptiorum
3140 2781 3233 2819 rex
3287 2765 3543 2826 illustris,

1948 2865 2116 2927 atque
2142 2857 2344 2927 oppido
2381 2856 2533 2924 felix,
2559 2859 2765 2913 divitiis
2797 2858 3002 2926 alioqui
3041 2858 3249 2920 clarus,
3276 2864 3330 2910 et
3357 2870 3533 2910 armo-

1949 2969 2068 3007 rum
2125 2955 2321 3009 robore
2351 2969 2580 3023 prorsus
2608 2955 2867 3017 invictus,
2899 2954 3224 3008 innumeras
3250 2960 3415 3022 atque
3445 2967 3544 3018 po-

1948 3046 2287 3102 tentissimas
2319 3047 2575 3101 nationes
2609 3047 2825 3116 subegit
2866 3065 2878 3099 :
2911 3061 3088 3114 eoque
3143 3046 3194 3096 in
3227 3043 3544 3111 superbiam

1948 3138 2176 3192 omnino
2190 3140 2497 3194 dementem
2521 3140 2815 3210 prolapsus
2843 3154 3067 3191 currum
3083 3152 3219 3190 auro
3251 3134 3521 3204 lapidibus

1949 3245 2056 3299 que
2086 3231 2345 3299 pretiosis
2369 3241 2720 3300 compactum
2770 3230 3008 3301 paravit,
3047 3229 3137 3284 cui
3167 3227 3442 3292 insidens,
3476 3240 3542 3280 ex

240 3306 326 3377 εἷς
341 3311 456 3366 τῶν
475 3313 757 3382 τεσσάρων
777 3312 1042 3383 βασιλέων
1073 3313 1282 3384 συχνῶς
1312 3314 1373 3366 τὸ
1401 3313 1555 3383 ὄμμα
1583 3313 1845 3382 ἐπέστρε-

1953 3321 2184 3375 devictis
2253 3323 2477 3391 regibus
2531 3329 2789 3388 quatuor,
2839 3321 2932 3390 qui
2989 3334 3213 3374 currum
3272 3332 3542 3386 equorum

239 3421 348 3474 φεν
387 3406 468 3467 εἰς
496 3404 564 3456 τὰ
609 3404 786 3458 ὀπίσω
813 3406 878 3472 ³⁸,
904 3404 1000 3459 καὶ
1045 3405 1137 3458 τὸν
1169 3405 1363 3476 τροχὸν
1397 3405 1544 3474 ἐώρα
1593 3405 1848 3474 κυλιόμε-

241 3515 338 3551 νον
361 3513 376 3526 °
419 3498 496 3568 τῷ
522 3499 800 3570 Σέσωστρι
835 3499 893 3553 δὲ
924 3498 967 3530 ³⁸
999 3499 1370 3570 ἐπερωτῶντι,
1403 3497 1491 3551 διὰ
1532 3498 1584 3550 τί
1620 3497 1846 3550 ὄπισθεν

237 3590 598 3661 ἑπιστηρίζει
632 3592 702 3643 τὰ
733 3591 987 3662 ὄμματα,
1025 3591 1215 3645 τοῦτον
1271 3592 1476 3644 εἰπεῖν’
1515 3590 1618 3642 Τὸν
1646 3588 1840 3660 τροχὸν

241 3681 525 3754 θαυμάζω
551 3684 909 3748 ἀστατοῦντα,
940 3685 1035 3737 καὶ
1064 3685 1250 3738 ἄλλοτε
1281 3684 1457 3747 ἄλλως
1488 3680 1807 3752 κινούμενον
1825 3695 1838 3709 ⁸

238 3776 341 3828 καὶ
385 3776 520 3828 ποτὲ
547 3777 646 3845 μὲν
663 3775 730 3829 τὰ
762 3777 942 3847 ὑψηλά
975 3777 1356 3843 ταπεινοῦντα,
1384 3774 1540 3838 αὖθις
1571 3775 1626 3827 δὲ
1655 3773 1723 3826 τὰ
1747 3791 1845 3826 τα·

236 3868 416 3920 πεινά
462 3868 791 3937 ἀνυψοῦντα.
849 3869 953 3922 Τὸν
997 3869 1054 3922 δὲ
1106 3869 1412 3938 Σέσωστριν
1464 3867 1698 3928 συνετῶς
1745 3865 1844 3935 τὴν

234 3960 572 4032 παραϐολὴν
607 3966 669 4033 τῇ
720 3965 856 4034 ἀκοῇ
887 3962 1264 4032 ἐπισκέψαντα
1291 3963 1334 3993 ³⁷
1359 3960 1744 4031 νομοθετῆσαι,
1784 3959 1844 4012 τὸ

234 4055 456 4125 μηκέτι
480 4055 525 4087 ³⁸
557 4055 794 4124 βασιλεῖς
823 4057 1001 4110 ἕλκειν
1043 4057 1106 4110 τὸ
1135 4056 1340 4126 ὄχημα.
1383 4055 1440 4107 Ὀ
1486 4055 1542 4108 δὲ
1592 4053 1845 4120 Χαγάνος

231 4149 425 4201 ταῦτα
454 4149 705 4218 ἀκηκοὼς
739 4150 831 4202 καὶ
865 4149 1231 4217 ὑπογελάσας,
1260 4147 1462 4217 ἔφησεν
1486 4149 1586 4216 τὴν
1612 4147 1835 4218 εἰρήνην

229 4239 428 4310 ἄγειν,
450 4245 520 4312 τῇ
559 4242 616 4295 δὲ
643 4243 961 4313 προαιρέσει
988 4245 1027 4296 Π
1040 4242 1251 4312 ρίσκου,
1284 4239 1340 4292 εί
1370 4257 1422 4292 τι
1457 4239 1522 4293 ἂν
1553 4237 1684 4312 θέλῃ
1730 4239 1840 4292 τῶν

1948 3425 2102 3464 more
2131 3411 2433 3474 traherent,
2482 3412 2548 3464 ad
2580 3411 2770 3480 jugum
2801 3411 3064 3480 alligavit.
3135 3408 3357 3461 Interim
3411 3407 3540 3461 dum

1943 3517 2006 3556 ea
2043 3517 2239 3571 pompa
2255 3503 2430 3557 elatus
2475 3502 2796 3571 triumphat,
2833 3518 2862 3556 e
2885 3501 3102 3570 regibus
3129 3510 3366 3569 quatuor
3403 3497 3542 3553 alter

1941 3594 2225 3648 coitvcrsis
2272 3602 2420 3648 retro
2476 3593 2796 3663 frequenter
2823 3593 3125 3646 luminibus
3184 3600 3362 3644 rotam
3416 3604 3541 3646 sese

1941 3685 2464 3740 circumvolveotem
2519 3685 2786 3739 attentius
2828 3685 3326 3753 coalemplabatur.
3375 3683 3539 3735 Seso-

1945 3777 2046 3833 ειτὶ
2105 3793 2237 3832 vero
2295 3778 2630 3842 sciscitanti,
2682 3793 2781 3832 cur
2838 3789 2986 3830 retro
3041 3777 3229 3847 ﬁgeret
3289 3777 3535 3840 oculum,

1943 3870 2228 3940 respondit
2282 3870 2426 3924 ille:
2473 3868 2625 3925 Rotas
2688 3871 3112 3924 inconstantiam
3175 3869 3420 3923 demiror
3479 3869 3536 3923 in

1941 3959 2193 4013 diversas
2218 3966 2400 4027 partes
2429 3973 2488 4013 se
2522 3958 2924 4022 convolveutis,
2950 3965 3004 4010 et
3040 3972 3144 4026 qua
3182 3964 3393 4025 partem
3439 3969 3538 4011 su-

1944 4052 2218 4122 periorem
2253 4050 2596 4115 inclinantis,
2628 4065 2734 4119 qua
2757 4065 2888 4103 vero
2916 4049 3234 4102 inferiorem
3273 4047 3536 4118 erigentis

1950 4151 2004 4201 et
2033 4143 2308 4200 excelsius
2340 4143 2630 4200 elevantis.
2679 4143 2852 4197 Porro
2887 4141 3157 4196 Sesostris
3181 4156 3305 4195 eum
3335 4139 3534 4194 simili-

1951 4236 2196 4292 tudinem
2231 4237 2393 4304 hanc,
2439 4253 2547 4307 qua
2595 4237 2834 4308 pollebat
2861 4237 3026 4290 animi
3059 4235 3372 4305 sagacitate,
3411 4247 3535 4303 per-

1558 4379 1795 4436 VARUE
1829 4379 2232 4436 LECTIONES.

308 4479 360 4515 ³⁷
384 4477 484 4531 δύο
513 4478 766 4546 κορυφῶν
791 4481 831 4531 Α
869 4477 907 4531 f.
983 4475 1027 4509 ⁸⁸
1053 4477 1116 4532 ἂν
1155 4479 1279 4532 add.
1310 4492 1375 4530 ex
1400 4478 1464 4530 Δ.

232 4550 279 4583 ³⁸
314 4548 463 4618 πρὸς
485 4549 577 4600 τὸν
599 4550 846 4614 Χαγάνον
875 4550 943 4620 Λ,
973 4550 1208 4620 Χαγάνῳ
1242 4549 1388 4617 vnlg.

228 4617 372 4672 add.
410 4634 479 4673 ex
514 4621 574 4672 Δ.
651 4622 694 4652 ³³
721 4623 798 4680 εἰς
833 4622 899 4672 τὰ
924 4619 1100 4670 ὀπίσω
1128 4617 1190 4682 Α,
1237 4620 1318 4682 είς
1363 4617 1607 4671 τούπίσω
1631 4618 1774 4685 vulg.

1544 4477 1588 4508 ⁸³
1614 4476 1706 4529 τὸν
1742 4478 1842 4530 Πο.
1875 4495 1904 4530 τ

1499 4547 1544 4580 ³³
1569 4529 1893 4616 ποιούμενον
1923 4529 1989 4611 Κ,
2040 4529 2557 4616 ποιούμενοςνγυιὲ.

1853 4618 1898 4650 ³³
1929 4609 2019 4670 τδν
2049 4618 2106 4670 δὲ
2133 4609 2440 4687 Σέσωστριν
2466 4609 2829 4686 ἐπερωτῶντα
2870 4617 2916 4667 Δ
2965 4613 3002 4668 Γ.
3077 4613 3122 4645 ³⁷
3148 4609 3382 4676 συνετῶς
3428 4609 3531 4682 τὴν

1886 4479 1972 4546 τῆς
2004 4495 2195 4548 στρατ.
2227 4476 2290 4541 Α,
2318 4477 2418 4546 τῆς
2447 4493 2634 4548 στρατ.
2668 4474 2761 4548 τὸν
2795 4475 2894 4548 Πρ.
2921 4471 3067 4548 vuig.
3124 4471 3169 4505 ³⁸
3203 4469 3528 4548 διαπε-ρᾷιᾹ.

2640 4525 2752 4598 et
2777 4525 2886 4596 4.2;.
2916 4525 3043 4597 add?
3075 4559 3141 4596 ex
3193 4541 3258 4594 A.
3336 4525 3382 4576 ιε
3410 4525 3534 4593 λίαν

229 4689 424 4759 ἀκοὴν
453 4691 664 4754 suam,
702 4691 906 4744 omisso
939 4689 1036 4759 τὴν
1063 4687 1407 4760 παραϐολὴν,
1442 4690 1487 4742 Α
1513 4687 1552 4742 f.
1623 4688 1668 4721 ³⁸
1696 4687 1790 4740 τοῦ
1825 4688 2023 4759 μηκέτι
2053 4688 2119 4742 Α.

1547 4821 1690 4888 JAC,
1725 4821 1935 4878 GOARI
1995 4821 2225 4879 NOTIE.

229 4972 422 5041 μένου
451 4969 556 5038 πρὸ
584 4969 774 5022 τούτου
809 4968 899 5022 τὸν
940 4969 1102 5022 αὑτὸν
1153 4969 1504 5041 Ὰναστάσιον
1531 4985 1543 5020 :
1571 4969 1683 5041 uhi_
1722 4967 1836 5022 Ra-
1872 4973 1916 5029 Ι)
1944 4984 2069 5038 cap.
2105 4967 2357 5041 il,qt_tod
2388 4966 2644 5021 nimirntn
2681 4966 2827 5041 haud
2858 4965 2964 5020 sibi
2998 4966 3136 5041 satis
3170 4973 3348 5041 lutum
3374 4974 3528 5041 trans

227 5039 368 5096 iter.
390 5080 407 5102 ,
436 5041 528 5109 qui
560 5041 701 5094 rivus
724 5041 886 5094 etiam
922 5040 1262 5093 Anastasimn
1319 5049 1607 5105 receperat.
1650 5039 1838 5108 Scrip-

228 5113 388 5167 serit
445 5114 585 5163 l'orte
619 5119 918 5179 exceperat.
959 5111 1122 5176 Ergo,
1156 5111 1243 5180 qui
1277 5119 1327 5164 et
1371 5122 1492 5164 ante
1546 5110 1836 5164 Anastasio

227 5183 509 5249 sti/Tecta:
535 5181 732 5250 fuerat.
764 5181 1056 5235 COIBEFIS.

318 5252 443 5318 (Η)
485 5251 609 5304 ﬂare
649 5267 756 5304 una
796 5267 917 5305 sum
962 5251 1400 5321 praecedentibus
1453 5266 1633 5305 annus
1687 5251 1829 5305 idem

231 5323 396 5390 apud
435 5322 792 5392 Simoeattam
818 5323 1207 5392 complectitur
1240 5337 1364 5390 cap.
1388 5321 1445 5376 ll
1479 5340 1492 5375 :
1539 5321 1629 5374 Ἐν
1664 5321 1837 5391 τούτῳ

227 5394 293 5446 δὲ
330 5390 591 5463 ἐνιαυτῷ,
614 5392 822 5463 inquit,
850 5393 927 5463 εἰς
950 5390 1038 5444 ’τὰ
1061 5393 1166 5463 πρὸ
1195 5392 1288 5445 τοῦ
1319 5393 1510 5463 ἄστεος
1561 5390 1837 5444 τίκτονται

230 5461 536 5533 παράδοξα
564 5461 801 5531 τέρατα·
842 5462 956 5516 Hoc
980 5461 1260 5528 ipso'anno
1291 5462 1558 5517 mirabilia
1589 5471 1836 5531 portenta

226 5534 296 5587 in
323 5533 653 5586 suburbanis
675 5543 927 5600 generata
959 5543 1102 5588 sunt.

321 5605 370 5672 (Ι
388 5603 442 5671 5)
461 5601 624 5654 Addit
644 5603 872 5672 interpr.
892 5603 1036 5672 quod
1064 5604 1303 5658 historiae
1327 5608 1615 5672 repugnat,
1645 5601 1708 5656 de
1733 5619 1832 5656 sua

226 5669 691 5727 exauctoratione
727 5669 947 5728 Priscus
981 5677 1175 5727 certior
1217 5669 1415 5742 factus,
1451 5669 1652 5727 e‘ductis
1679 5681 1827 5736 ete.;

229 5746 362 5800 imo
389 5744 894 5814 antequamsciret,
918 5744 998 5814 sic
1016 5745 1319 5814 exercitum
1349 5744 1680 5814 traiecerat:
1708 5744 1830 5796 τού-

235 5831 355 5867 των
412 5813 570 5866 οὔπω
609 5812 927 5884 ἐπέπυστοε
965 5813 1142 5883 inquit
1195 5812 1506 5884 TheophyI.
1539 5815 1659 5868 Alia
1720 5814 1824 5868 ita-

240 5900 351 5954 quc
394 5885 609 5938 ratione
640 5882 694 5937 id
722 5881 950 5952 factum,
979 5881 1144 5955 quam
1175 5884 1320 5942 idem
1352 5881 1594 5953 explicat
1615 5884 1710 5940 lib.
1743 5900 1820 5948 vr,

1943 5037 2160 5092 aninem
2185 5039 2546 5096 existimaret.
2569 5053 2632 5092 ac
2672 5037 3040 5090 Barbarorum
3065 5038 3346 5106 inepioata
3390 5039 3532 5095 irru-

1941 5110 2130 5179 ptione
2163 5109 2716 5179 opprimimetueret.
2760 5111 2959 5179 Atnec
2995 5109 3129 5179 illud
3164 5121 3286 5176 apte
3338 5109 3526 5164 reddi-

1941 5177 2081 5243 tum,
2127 5177 2251 5249 τὴν
2287 5178 2590 5248 μετάϐασιν
2632 5177 2905 5248 ἀκηκοώς,
2959 5188 3014 5230 ιιι
3051 5177 3318 5249 Romanas
3384 5179 3526 5234 acies

1941 5248 2254 5302 ulteriorem
2289 5251 2462 5318 ripam
2495 5266 2592 5303 suo
2631 5251 2864 5304 transitu
2905 5249 3193 5302 obtinuisse
3239 5248 3526 5316 Chaganus

1940 5319 2246 5374 intellexit:
2299 5318 2541 5373 nondum
2611 5321 2755 5375 enim
2810 5319 3203 5378 obtinuerant,
3251 5333 3413 5386 quam
3467 5327 3527 5374 ut

1941 5393 2087 5445 clare
2113 5399 2308 5444 auctor
2335 5391 2691 5460 prosequitur
2737 5405 2800 5444 ex
2834 5389 3026 5444 eodem
3073 5386 3404 5460 ATheophyl.
3440 5389 3526 5443 Sit

1944 5476 2097 5531 ergo,
2162 5457 2383 5531 audiens
2446 5457 2728 5515 transitum
2761 5477 2780 5525 ;
2817 5461 2880 5531 in
2935 5457 3220 5531 procinctu
3250 5457 3253 5458 ⁷
3288 5457 3522 5531 seilicet.

1942 5527 2251 5603 Tifeophyl.
2317 5530 2418 5600 τὴν
2457 5533 2748 5603 ἀπόϐασιν.
2790 5527 3040 5603 descensu
3079 5527 3262 5581 audito
3286 5542 3305 5581 :
3337 5535 3402 5582 ut
3446 5528 3524 5586 ibi

1939 5600 2189 5669 interpr.
2209 5643 2224 5668 ,
2251 5617 2444 5671 nempe
2475 5603 2539 5654 ad
2568 5602 2791 5656 ﬂumen.
2823 5600 3114 5654 Centauris.

2010 5672 2124 5748 (l6)
2175 5673 2252 5726 Ita
2314 5669 2718 5748 plane..err_t_)re
2755 5671 3048 5748 scriptum,
3084 5684 3181 5738 pro
3233 5669 3418 5748 ἑορτῇ,
3460 5677 3522 5748 ut

1936 5740 2064 5812 legit
2088 5743 2283 5798 Anast.
2317 5741 2590 5812 habetque
2611 5740 2917 5812 Theopbyl.
2956 5741 3048 5794 lib.
3073 5755 3280 5812 vicap.
3313 5740 3434 5796 ult'.:
3460 5741 3520 5794 iw

1937 5813 2157 5886 μεγάλη
2194 5814 2300 5866 τινὶ
2347 5811 2454 5886 καὶ.Δ
2494 5811 2786 5886 περιφανεέ
2837 5811 3022 5886 ἑορτῇ·
3070 5811 3262 5864 celebri
3291 5812 3523 5877 quadam

1933 5880 2290 5953 solemnitate,
2328 5899 2391 5938 ac
2424 5880 2688 5953 frequenti
2714 5880 3094 5954 Egyptiorttm
3129 5889 3410 5937 conventu.
