4046 6442
533 436 640 500 583
1928 407 2422 471 TIlEOPHANlS
3387 488 3411 500 θ
3699 405 3814 467 584

529 548 790 619 cepisset,
816 545 936 614 lege
969 541 1179 596 sancita
1211 535 1404 598 edixit,
1435 547 1500 586 ne
1534 529 1630 585 ulli
1663 527 1924 619 deinceps
1950 539 2107 619 reges
2134 613 2135 617 η

2245 519 2469 590 αφύρων
2510 518 2600 571 τον
2640 517 2893 583 Χαγάνον
2929 516 3186 586 τιμῆσαι.
3232 515 3292 567 Ὀ
3322 515 3378 568 δὲ
3436 515 3677 585 Πρίσκος
3705 518 3818 588 τὴν

529 607 949 703 cu-rrumvapitd
991 628 1279 700 Egyptios
1325 622 1634 678 traherent.
1678 615 1920 668 Subrisit
1973 610 2135 665 Cha»

2242 611 2588 682 ,ἰχμαλωσίαν
2614 609 2866 664 ἀπέδωκε
2914 609 2992 680 τῷ
3021 608 3262 679 Χαγάνῳ
3314 607 3456 678 ὑπὲρ
3484 608 3583 678 τῆς
3615 609 3821 665 διαϐά-

531 744 728 799 ganus,
773 700 857 779 bis
885 723 1108 784 auditis,
1154 729 1206 774 et
1235 715 1384 786 pacis
1419 711 1623 766 foedera
1666 713 2010 762 servaturum
2052 717 2112 756 se

2242 723 2370 768 ἐως.
2435 704 2517 756 Τὰ
2543 703 2599 757 δὲ
2648 703 2867 774 λάφυρα
2909 703 3088 755 πάντα
3137 701 3318 755 λασὼν
3369 700 3668 764 ἀκινδύνως
3717 703 3826 756 τὸν

531 793 785 890 promisit
819 831 832 867 :
866 817 916 868 in
945 819 1216 883 potestate
1243 822 1372 860 vero
1415 803 1591 859 Prisci
1624 809 1792 864 stare,
1823 813 1930 868 qua
1962 804 2114 866 parte

2242 797 2456 868 ςοταμον
2485 797 2829 866 διεπέρασεν.
2878 796 2938 848 '0
2981 795 3037 848 δὲ
3070 794 3321 862 Χαγάνος
3359 793 3533 848 ταῦτα
3578 794 3831 864 δεξάμε-

531 886 830 982 spoliorum
865 908 1043 970 vellet,
1080 919 1140 959 se
1156 905 1421 956 donatum
1456 897 1812 965 relinqueret.
1844 893 1898 946 In
1932 899 2116 944 trans-

2247 907 2303 953 ος
2329 889 2474 959 ἥσθη
2513 890 2802 958 μεγάλωςο
2861 889 2957 941 καὶ
3011 889 3040 940 ὁ
3093 887 3334 957 Πρίσκος
3385 887 3464 948 εἰς
3518 886 3834 950 Βυζάντιον

533 978 642 1058 itus
701 1004 884 1071 itaque
929 995 1182 1053 concessi
1237 991 1583 1055 mercedem,
1624 986 1872 1056 captivos
1922 999 2116 1038 onmes

2242 979 2371 1054 (κεν.
2409 983 2469 1035 '0
2503 983 2559 1034 δὲ
2586 983 2793 1052 Πέτρος
2821 983 2918 1052 τὴν
2946 982 3283 1052 στρατηγίαν
3315 978 3648 1043 παρέλαϐεν.

525 1095 756 1150 Priscus
774 1069 1036 1160 Chagano
1073 1086 1345 1150 restituit;
1399 1085 1538 1152 ipse,
1572 1079 1807 1136 retentis
1831 1077 1936 1130 sibi
1967 1073 2180 1145 spoliis,
2225 1089 2443 1128 amnem
2476 1075 2674 1129 iterum
2699 1076 2821 1130 sine
2858 1073 3105 1144 periculo
3134 1073 3370 1142 trajecit.
3399 1071 3692 1142 Cliaganus
3727 1069 3838 1124 his

535 1190 771 1258 receptis
799 1185 1076 1239 mirumin
1103 1183 1324 1236 modum
1361 1179 1578 1231 laetatus
1649 1182 1733 1228 est
1765 1189 1778 1224 :
1808 1170 1998 1224 Prisro
2060 1183 2193 1223 vero
2223 1167 2548 1240 Byzantium
2577 1182 2837 1233 reverso,
2900 1165 3100 1221 Petrus
3145 1166 3200 1220 in
3248 1166 3527 1221 exercitus
3575 1162 3839 1220 ducendi

522 1297 733 1336 munus
775 1278 1065 1333 successit.

601 1377 664 1428 A.
693 1375 754 1428 C.
779 1371 920 1428 .588.
951 1400 1022 1412 —
1045 1367 1158 1422 lloc
1185 1380 1332 1421 anno
1358 1365 1518 1419 Petro
1541 1362 1668 1418 duci
1699 1361 1817 1417 suis
1841 1360 2113 1414 mandatis

531 1468 690 1538 231
727 1461 1056 1534 signiﬁcavit
1090 1459 1421 1528 imperator,
1457 1465 1517 1510 ut
1565 1452 1970 1523 stipendiorum
2005 1461 2115 1505 ter-

532 1564 664 1616 tiam
697 1566 905 1628 partem
941 1554 1182 1609 nummis
1213 1551 1398 1605 aureis
1429 1546 1848 1618 persolvendam
1882 1544 2115 1598 Romani

534 1655 740 1708 milites
772 1649 1086 1718 acciperent
1125 1665 1138 1700 :
1183 1653 1392 1714 partem
1434 1643 1596 1696 aliam
1628 1640 1799 1694 armis
1841 1639 1946 1694 sibi
1978 1653 2116 1692 con-

2292 1361 2354 1411 Α.
2389 1357 2464 1412 Μ.
2492 1356 2652 1412 6088.
2688 1389 2756 1399 -—
2779 1355 2968 1427 Τούτῳ
2998 1357 3075 1429 τῷ
3118 1358 3230 1410 ἔτει
3281 1356 3570 1409 ἐκέλευσεν
3597 1355 3624 1406 ὁ
3656 1353 3837 1424 βασι-

2221 1451 2346 1516 λεὺς
2372 1451 2560 1522 Πέτρῳ
2583 1451 2794 1522 (17)τῷ
2827 1451 3140 1522 στρατηγῷ,
3173 1451 3315 1503 ὥστε
3348 1450 3446 1520 τὴν
3469 1450 3658 1518 τρίτην
3691 1451 3839 1518 μοῖ-

2226 1561 2325 1616 ραν
2348 1543 2446 1613 τῆς
2501 1543 2666 1614 ρόγας
2694 1542 2782 1595 διὰ
2815 1543 3020 1613 χρυσοῦ
3070 1543 3197 1606 τοὺς
3240 1542 3548 1612 Ῥωμαίους
3587 1543 3795 1594 λαεεῖν
3821 1557 3836 1569 ο

2224 1635 2319 1688 καὶ
2349 1635 2448 1703 τὴν
2476 1634 2668 1704 τρίτην
2702 1634 2790 1687 διὰ
2819 1635 3003 1688 ὃπλων
3027 1650 3041 1665 ⁸
3069 1636 3169 1705 τὴν
3208 1635 3264 1689 δὲ
3309 1635 3502 1703 ἑτέραν
3527 1635 3718 1706 τρίτην
3751 1636 3840 1688 δι’

533 1747 752 1802 cessis:
785 1743 1031 1796 ultimam
1074 1739 1314 1807 denique
1356 1737 1478 1790 data
1525 1733 1591 1788 ad
1631 1742 1809 1787 vestes
1843 1731 2121 1801 quaslibet

2242 1727 2450 1796 ισθῆτος
2472 1728 2751 1790 παντοίας.
2783 1729 2846 1782 Ol
2875 1729 2919 1760 ³’
2960 1728 3143 1782 τοίνυν
3197 1729 3459 1797 Ῥωμαῖοι
3489 1729 3644 1783 τοῦτο
3676 1731 3841 1800 ἀκη-

535 1837 762 1891 materia
823 1833 928 1887 sibi
971 1845 1260 1901 repensant
1322 1827 1733 1898 profiterentur.
1805 1824 1961 1890 Quod
2025 1823 2116 1878 ubi

2242 1821 2413 1885 ιοότες
2444 1823 2580 1893 πρὸς
2607 1822 2898 1893 τυραννίδα
2945 1822 3262 1893 ἐτρέποντο.
3313 1821 3370 1873 '0
3401 1821 3458 1874 δὲ
3513 1823 3840 1892 στρατηγὸς

534 1929 904 1989 resciverunt,
936 1924 1001 1978 ad
1039 1923 1392 1978 rebellionem
1418 1937 1476 1976 se
1497 1927 1906 1975 converterunt.
1932 1917 2120 1974 Deter-

2242 1914 2484 1985 ροϐηθείς
2513 1917 2625 1978 τοῖς
2658 1913 3050 1985 στρατοπέδοις
3079 1915 3420 1982 ἀπελογεῖτο,
3456 1913 3532 1976 ὡς
3549 1914 3648 1966 οὐκ
3675 1914 3835 1984 ἀλη-

533 2025 678 2079 ritus
717 2021 826 2076 dux
863 2020 1068 2074 factum
1106 2018 1250 2087 apud
1296 2016 1500 2070 milites
1549 2014 1870 2080 excusavit,
1911 2028 2123 2083 nequa-

2242 2005 2314 2068 ιὲς
2349 2006 2507 2059 τοῦτό
2566 2007 2705 2058 ἐστι.
2741 2006 2852 2058 Καὶ
2892 2005 3210 2059 ἐπεδείκνυε
3256 2004 3335 2076 τῷ
3393 2003 3609 2075 στρατῷ
3653 2005 3834 2073 ἔτερα

533 2128 702 2186 quam
738 2113 792 2167 id
839 2126 1024 2165 verum
1057 2125 1180 2164 esse
1223 2122 1550 2164 asseverans
1581 2123 1596 2159 :
1628 2107 1763 2177 quin
1792 2106 1957 2160 etiam
1987 2105 2123 2160 alias

2242 2098 2526 2169 (pappare.
2574 2097 3066 2168 παρακελευόμενα
3129 2096 3301 2168 αὐτῷ,
3347 2097 3488 2150 ὥστε
3537 2097 3664 2160 τοὺς
3692 2099 3829 2167 ἀρι-

537 2205 749 2261 litteras
776 2203 1043 2266 ostendit,
1073 2202 1275 2271 quibus
1305 2200 1534 2270 jubebat
1581 2199 1905 2268 imperator,
1939 2205 1996 2250 ut
2023 2197 2124 2250 mi-

2242 2187 2558 2250 ςτεύσαντας
2587 2189 2682 2240 καὶ
2722 2189 2786 2241 ἐκ
2814 2187 2924 2240 τῶν
2973 2187 3237 2241 κινδύνων
3289 2187 3655 2251 διασωθέντας
3689 2188 3735 2220 ⁸⁸
3757 2190 3826 2242 ἐν

537 2298 666 2354 lites
696 2299 786 2367 qui
817 2299 871 2351 in
901 2297 1043 2350 bello
1064 2295 1282 2349 fortiter
1312 2308 1372 2348 se
1393 2301 1698 2362 gesserant,
1729 2300 1782 2346 et
1806 2306 1836 2345 a
1863 2291 2125 2360 gravibus

2242 2284 2345 2346 παῖς
2367 2280 2584 2333 πόλεσιν
2615 2279 3017 2345 ἀναπαύεσθαι,
3055 2281 3152 2334 καὶ
3180 2279 3649 2352 γηροτροφεῖσθαι
3683 2281 3726 2313 δι
3752 2282 3822 2336 ἐκ

539 2389 804 2462 periculis
865 2387 1171 2442 incolumes
1215 2391 1544 2447 evaserant,
1601 2382 1656 2450 ip
1712 2381 1945 2436 urbibus
2000 2382 2124 2433 data

2242 2375 2332 2428 :th
2360 2373 2636 2443 δημοσίων
2657 2390 2674 2405 ο
2707 2373 2836 2436 τοὺς
2863 2371 2920 2425 δὲ
2965 2375 3164 2437 παῖδας
3211 2374 3320 2426 τῶν
3353 2373 3704 2443 στρατιωτῶν
3735 2376 3817 2438 εἰς

537 2481 830 2537 vacatione
857 2486 1106 2548 agerent,
1135 2484 1190 2530 et
1225 2473 1461 2544 publicis
1498 2471 1810 2540 sumptibus
1842 2471 1984 2524 inter
2021 2484 2127 2522 ca:-

2242 2465 2352 2529 τοὺς
2378 2465 2576 2527 τόπους
2602 2463 2710 2516 τῶν
2737 2463 2953 2517 οἰκείων
2976 2463 3021 2496 ⁸⁸
3050 2466 3256 2533 γονέων
3281 2465 3694 2536 ἐγγράφεσθαι·
3723 2468 3811 2518 καὶ

505 2569 508 2572 ’
539 2583 689 2628 teros
711 2586 872 2626 senes
898 2570 1178 2623 alerentur
1205 2582 1219 2619 :
1256 2565 1495 2634 amplius
1526 2572 1582 2617 et
1618 2563 1848 2616 militum
1883 2560 2037 2614 liberi
2071 2561 2126 2614 in

2242 2555 2398 2627 ταύτῃ
2424 2558 2491 2626 τῇ
2519 2555 2839 2626 πιθανότητι
2870 2555 2916 2588 ’⁵³
2935 2555 3025 2609 τὸν
3054 2555 3183 2610 λαὸν
3219 2558 3602 2628 κατεπράῡνεν
3630 2559 3686 2622 δ”
3713 2558 3797 2610 καί

542 2665 828 2735 pr0prium
863 2671 1148 2732 parentum
1170 2660 1348 2713 locum
1374 2655 1809 2712 ascriberentur.
1841 2652 2126 2722 Ejusmodi

539 2754 836 2807 verborum
865 2750 1138 2805 lenocinio
1165 2748 1474 2803 exercitum
1508 2747 1582 2801 ita
1611 2745 1892 2810 demulsit,
1931 2753 1988 2796 ut
2015 2743 2128 2797 Cae-

545 2859 727 2901 sarem
767 2843 1010 2897 universi
1055 2841 1251 2895 faustis
1304 2836 1802 2892 acclamationibus
1849 2834 2128 2904 prosecuti

544 2936 657 2990 sint
688 2951 701 2988 :
740 2934 806 2990 de
837 2935 1040 3004 quibus
1068 2932 1328 2986 omnibus
1358 2931 1559 2986 Petrus
1599 2929 1986 2998 imperatorem
2016 2942 2131 2980 cer-

542 3027 741 3082 tiorem
775 3025 926 3081 fecit.
953 3025 1405 3094 Marcianopolim
1431 3039 1563 3078 vero
1600 3022 1894 3087 accedens,
1930 3021 2130 3074 milites

544 3121 721 3184 mille,
762 3121 856 3189 qui
897 3126 1330 3190 praecurrerent,
1367 3114 1682 3184 misit.‘lsti
1714 3129 1844 3167 vero
1876 3115 1932 3167 in
1984 3111 2133 3166 Seia-

546 3215 728 3276 vinos,
766 3213 858 3283 qui
893 3226 1143 3284 magnam
1173 3226 1203 3266 e
1240 3210 1617 3265 Romanorum
1653 3207 1853 3262 finibus
1889 3205 2128 3276 praedam

2229 2648 2322 2702 τὸν
2353 2649 2609 2717 Καίσαρα
2643 2650 3040 2720 ἀνευφὴμησαν
3057 2650 3123 2703 ⁸⁸.
3151 2649 3336 2703 Ταῦτα
3359 2650 3415 2702 δὲ
3450 2652 3479 2704 ό
3514 2650 3702 2721 Πέτρος
3728 2649 3799 2719 τῷ

2232 2739 2442 2810 βασιλεί
2469 2741 2515 2772 ⁸⁸
2548 2757 2680 2794 κατε
2691 2742 2947 2811 μήνυσεν.
2972 2740 3178 2795 Ἐλθὼν
3206 2742 3263 2794 δὲ
3281 2744 3372 2795 ἐπὶ
3399 2743 3804 2814 Μαρκιανούπυ-

2229 2833 2314 2887 λιν
2349 2833 2666 2886 ἀποστέλλει
2693 2833 2896 2904 χιλίους
2925 2835 3276 2904 προτρέχειν.
3312 2829 3474 2887 Οὗτοι
3501 2836 3818 2907 περιτυχόν-

2230 2943 2322 2990 τες
2345 2926 2663 2989 Σκλαόινοῖς
2699 2927 3121 2998 ἐπιφερομένοις
3179 2926 3499 3000 Ῥωμαϊκὴν
3530 2928 3822 2997 λεηλασίαν

2233 3018 2457 3088 πολλὴν,
2494 3018 2717 3081 τούτους
2763 3019 3058 3091 τρέπονται
3111 3021 3188 3052 "-
3223 3023 3273 3072 οἱ
3303 3020 3360 3073 δὲ
3410 3021 3678 3091 βάρϐαροι
3734 3020 3827 3090 τὴν

2233 3114 2614 3183 αἰχμαλωσίαν
2652 3115 3075 3184 ἀποσφάξαντες
3108 3117 3243 3188 (18),
3303 3117 3400 3170 καὶ
3455 3116 3829 3187 αἰχμαλωσίας

2236 3204 2436 3277 πολλῆς
2468 3208 2865 3277 κρατήσαντες,
2903 3208 2997 3261 ἐπὶ
3028 3208 3098 3262 τὰ
3131 3207 3418 3279 Ῥωμαϊκὰ
3457 3207 3832 3278 ὑπέστρεψαν.

547 3319 868 3376 evexerant,
908 3309 1241 3373 incidentes,
1272 3307 1326 3361 in
1353 3305 1540 3376 fugam
1585 3305 1857 3358 Barbaros
1888 3311 2118 3357 vertere.
2154 3301 2223 3356 At
2284 3301 2531 3368 Barbari,
2600 3304 2833 3373 captivis
2887 3303 3219 3371 interfectis,
3263 3314 3516 3360 caateram
3562 3303 3834 3376 prtedam,

547 3421 670 3477 qu.e
706 3406 946 3458 maxima
981 3403 1103 3468 fuit,
1140 3417 1326 3456 secum
1361 3401 1724 3462 abducentes,
1768 3400 1822 3452 in
1864 3396 2238 3452 Romanorum
2269 3398 2404 3454 lines
2438 3399 2675 3469 regressi
2706 3407 2855 3454 sunt.

621 3498 822 3552 Eodem
851 3513 996 3551 anno
1027 3497 1294 3552 solarium
1327 3494 1640 3566 Magnaura:
1667 3494 1964 3549 rotundum
1994 3509 2129 3550 con-

2310 3494 2400 3564 Τῷ
2451 3495 2494 3547 δ’
2548 3494 2699 3564 αὐτῷ
2750 3494 2861 3548 ἔτει
2913 3495 3128 3550 ἔκτισεν
3156 3497 3183 3550 ό
3216 3495 3473 3566 βασιλεὺς
3507 3494 3571 3548 τδ
3599 3493 3645 3528 ⁸⁸
3675 3493 3838 3560 ἡλια-

546 3591 688 3646 didit
741 3592 1074 3659 imperator,
1135 3602 1406 3658 suamque
1462 3596 1704 3642 statuam
1759 3587 1824 3641 ad
1888 3588 2130 3642 medium

547 3685 748 3738 atrium
791 3683 987 3747 erexit,
1016 3681 1334 3751 ibidemque
1363 3680 1548 3750 posuit
1581 3687 2008 3735 armamentum.

621 3860 686 3912 A.
719 3857 780 3910 C.
809 3857 932 3912 589.
957 3887 1024 3900 --
1055 3855 1168 3910 Hoc
1189 3871 1335 3910 anno
1359 3870 1483 3910 cum
1515 3853 1712 3910 Petrus
1736 3855 1844 3910 dux
1873 3866 2132 3910 venatum

552 3951 873 4022 prodiisset,
908 3949 1142 4019 agrestis
1182 3964 1279 4004 sus
1315 3949 1531 4004 obviam
1581 3948 1760 4002 factus
1788 3946 1978 4018 pedem
2018 3949 2137 4016 ejus

555 4043 621 4096 ad
667 4043 914 4096 arborem
957 4041 1217 4095 contrivit
1251 4057 1264 4093 :
1297 4055 1364 4095 ex
1391 4055 1500 4109 quo
1524 4038 1812 4093 doloribus
1849 4040 2009 4105 plane
2055 4040 2139 4090 in-

555 4133 866 4188 tolerandis
929 4132 1023 4185 diu
1083 4132 1364 4186 cruciatus
1431 4138 1537 4186 est.
1598 4131 1900 4200 Imperator
1953 4141 2136 4184 autem

555 4228 760 4282 litteris
810 4223 1340 4289 inclementioribus,
1400 4223 1708 4292 probrosis,
1755 4223 2140 4292 conviciisque

556 4322 902 4394 gravissimis
928 4336 1051 4376 eum
1084 4319 1427 4391 perstrinxit,
1461 4333 1583 4373 cum
1615 4317 1904 4372 Sclaviuos
1937 4317 2141 4389 Byzan-

561 4417 694 4470 tium
721 4430 917 4470 versus
949 4414 1245 4468 adventare
1264 4411 1602 4467 rescivisset.
1633 4410 1728 4465 llis
1762 4411 1963 4466 Petrus
1992 4427 2143 4466 com-
2179 4395 2225 4451 ο

559 4517 746 4564 motus
796 4523 860 4560 ac
901 4522 1030 4563 vere
1083 4514 1310 4562 coactus
1347 4505 1527 4558 Novas
1580 4519 1639 4559 se
1689 4505 1942 4558 contulit.
2002 4505 2140 4558 Cum

561 4616 695 4656 vero
729 4601 884 4656 urbis
936 4600 1197 4670 primates
1236 4613 1300 4653 ac
1337 4597 1543 4652 milites
1571 4612 1679 4651 una
1704 4611 1829 4651 cum
1851 4596 2137 4667 "episcopo

2237 3589 2330 3642 κὸν
2359 3587 2378 3659 (
2390 3587 2470 3659 19)
2502 3588 2598 3658 τῆς
2629 3587 2966 3658 Μαγναύρας
2995 3587 3056 3641 τὸ
3086 3589 3416 3658 στρογγύλον
3439 3587 3484 3620 ⁸⁸
3511 3604 3525 3618 ⁸
3553 3590 3647 3642 καὶ
3672 3588 3840 3657 έστη-

2239 3697 2330 3734 σεν
2360 3681 2419 3732 ὲν
2458 3679 2534 3750 τῷ
2569 3679 2850 3750 μεσιαύλῳ
2881 3681 2979 3748 τὴν
3034 3680 3172 3734 ἰδίαν
3211 3681 3435 3752 στήλην,
3474 3685 3568 3734 καὶ
3601 3680 3844 3734 ἀπέθετο

2238 3774 2354 3826 ἐκεῖ
2380 3772 2442 3825 τὸ
2462 3773 2835 3843 ἀρμαμέντον.

2311 3866 2374 3918 Α.
2415 3867 2489 3920 Μ.
2526 3866 2685 3922 6089.
2719 3894 2786 3906 --
2815 3864 3002 3936 Τούτῳ
3020 3865 3098 3936 τῷ
3125 3865 3235 3919 ἔτει
3262 3865 3472 3936 Πέτρου
3503 3866 3597 3919 τοῦ
3633 3883 3839 3937 στρατ-

2242 3960 2379 4028 ηγοῦ
2435 3956 2800 4027 κυνηγοῦντος
2825 3955 3073 4028 (ΞΟ),καί
3109 3958 3201 4022 ὑὸς
3232 3959 3426 4028 ἀγρίου
3458 3958 3605 4028 αύτῴ
3638 3975 3840 4012 συναν-

2241 4054 2522 4122 τήσαντος,
2572 4053 2660 4105 τὸν
2710 4053 2844 4106 πόδα
2867 4053 3060 4106 τούτου
3093 4053 3148 4105 ἐν
3169 4053 3372 4123 δένδρῳ
3401 4051 3702 4120 ὲξέθλιψεν,
3744 4054 3842 4106 καὶ

2245 4146 2536 4214 ἁφορήτοις
2557 4145 2604 4176 ⁵⁸)
2633 4144 2846 4208 ὀδύναις
2864 4146 3040 4216 χρόνῳ
3076 4145 3257 4215 πολλῷ
3285 4145 3657 4215 ἐνοσηλεύετο.
3693 4144 3752 4197 '0
3781 4144 3842 4196 δὲ

2247 4234 2603 4304 αὐτοκράτωρ
2655 4235 2982 4305 γράμμασιν
3015 4237 3316 4306 αἰσχίστοις
3376 4238 3471 4289 καὶ
3511 4236 3842 4306 ὀνειδισμοῖς

2248 4325 2541 4394 ἁφορήτοις
2571 4325 2734 4378 αὐτὸν
2769 4327 3092 4396 περιέϐαλεν
3125 4330 3192 4393 υ,
3230 4326 3470 4391 ἀκούσας
3495 4329 3541 4360 ⁸¹
3567 4327 3842 4381 Σκλαόινά

2250 4416 2377 4486 ἔθνη
2411 4418 2552 4471 κατὰ
2585 4419 2677 4471 τοῦ
2725 4417 3023 4482 Βυζαντίου
3069 4420 3359 4474 κινεῖσθαι.
3427 4419 3484 4473 '0
3515 4420 3572 4473 δὲ
3630 4422 3842 4489 Πέτρος

2252 4507 2582 4578 βιασάμενος
2609 4511 2688 4573 εἰς
2719 4510 2898 4573 Νόϐας
2933 4512 2979 4542 ³³
3008 4512 3339 4580 παρεγένετο
3368 4511 3507 4583 (EH).
3553 4512 3617 4565 Οί
3649 4511 3706 4565 δὲ
3740 4512 3843 4591 τῆς

2245 4598 2458 4662 πόλεως
2492 4597 2750 4669 ἐπίσημοι
2783 4601 3114 4670 στρατιῶται
3166 4601 3285 4672 ἅμα
3313 4601 3392 4672 τῷ
3422 4603 3709 4672 ἐπισκόπῳ
3760 4602 3843 4672 τῷ

1850 4715 2084 4771 VARle
2127 4708 2548 4772 LECTIONES.

637 4812 681 4845 ’9
703 4815 749 4864 oi
782 4812 905 4866 add.
961 4827 1025 4865 ex
1079 4811 1145 4864 Α.

568 4955 713 5020 vnlg.
790 4953 834 4986 "
868 4950 1160 5020 τρέπονται
1186 4953 1224 5004 Α
1259 4952 1315 5012 1),
1345 4952 1639 5022 τρέπουσιν
1671 4951 1839 5022 vulg:
1883 4950 1944 5022 _""
1973 4951 2032 5022 τὸ

567 5024 615 5058 ⁵⁹
638 5024 911 5094 ἀφορήτος
937 5025 1001 5088 Α,
1035 5022 1317 5092 ἁφορήτας
1351 5022 1498 5092 vulg.

1223 4810 1268 4843 ⁸ο
1296 4810 1659 4872 διασωθέντας
1696 4809 1740 4864 Δ
1791 4825 1841 4874 e,
1891 4810 2167 4872 σωθέντας
2219 4811 2365 4878 vulg.

565 4885 614 4920 ”
639 4883 990 4951 πειθανότητι
1023 4883 1171 4950 vulg.
1239 4882 1286 4920 ⁸⁸
1303 4883 1680 4950 κατεπράϋνεν
1708 4880 1772 4938 Α.
1801 4881 2196 4950 καταπραΰνας
2223 4883 2366 4950 vulg.
2443 4883 2489 4912 ⁵³
2519 4882 2846 4952 εὐφήμησαν
2875 4885 2934 4936 Α.
3012 4883 3056 4914 ⁸⁸
3081 4881 3158 4952 τῷ
3187 4883 3310 4952 βασ.
3352 4883 3419 4947 Α,
3464 4883 3558 4934 καὶ
3588 4883 3667 4952 τῷ
3721 4883 3825 4952 βασ

568 4955 713 5006 vulg.
790 4953 834 4986 "
868 4953 1160 5006 τρέπονται
1186 4953 1224 5004 Α
1259 4952 1315 5006 1).
1345 4952 1639 5006 τρέπουσιν
1671 4951 1816 5006 vultt.
1898 4950 1944 4980 ’⁵⁸
1973 4951 2032 5002 τὸ
2099 4951 2188 5006 ήλ.
2245 4952 2312 5006 A.
2348 4951 2439 5004 τὸν
2503 4951 2590 5006 ﬂ.
2620 4953 2767 5006 vulg.
2844 4953 2890 4984 ‘9
2917 4952 2977 5004 τὸ
3011 4953 3344 5006 στρογγύλον
3393 4955 3516 5006 add.
3547 4969 3615 5006 ex
3661 4955 3707 5005 Α
3740 4970 3770 5006 a
3806 4953 3831 5006 f

2157 4976 2188 5002 ι.
2245 4968 2312 5008 Λ.
2348 4968 2439 5004 τον
2503 4968 2590 5008 τῖΑ.
2620 4968 2767 5008 γιιια.
2844 4968 2890 4984 ’³
2917 4968 2977 5004 το
3011 4968 3344 5008 στρογγυλον
3393 4968 3516 5007 ιιιιιι.
3547 4969 3615 5006 (ξι
3661 4968 3707 5005 Α
3740 4970 3770 5006 8
3806 4968 3846 5008 1.

1575 4968 1639 5002 ειν
1671 4955 1816 5019 vulg.
1898 4955 1944 4980 “
1973 4955 2032 5002 τὸ
2099 4955 2188 5019 ήλ.
2245 4955 2312 5016 Α,
2348 4955 2439 5004 τὸν
2503 4955 2590 5020 ήλ.
2620 4955 2767 5020 vulg.
2844 4955 2890 4984 ⁸9
2917 4955 2977 5004 τὸ
3011 4955 3344 5022 στρογγύλον
3393 4955 3516 5007 add.
3547 4969 3615 5006 ex
3661 4955 3707 5005 Α
3740 4970 3770 5006 a

1575 5022 1617 5053 ⁵¹
1646 5019 1973 5085 περιέϐαλεν
1996 5021 2062 5084 Α,
2096 5021 2452 5091 περιέϐαλλεν
2491 5022 2640 5092 vulg.
2719 5024 2764 5053 ⁵⁸
2791 5021 3007 5076 ἀκούων
3036 5023 3104 5076 Δ.
3185 5025 3231 5056 ³³
3264 5023 3460 5092 Νομὰς
3491 5039 3520 5078 e
3557 5024 3587 5075 l'.

3135 4813 3180 4846 δ’
3221 4811 3439 4865 οἰκείων
3487 4813 3610 4865 add.
3665 4827 3731 4866 ex
3777 4812 3844 4866 A-

3012 4883 3056 4914 ⁸⁸
3081 4881 3158 4952 τῷ
3187 4883 3310 4952 βασ.
3352 4883 3419 4947 Α,
3464 4883 3558 4934 καὶ
3588 4883 3667 4952 τῷ
3721 4883 3844 4952 βασ.

2469 4811 2510 4842 "
2550 4811 2932 4880 εὐτροφεῖσθαι
2988 4828 3038 4865 e.

2443 4883 2489 4912 ⁵⁸
2519 4882 2846 4952 εὐφήμησαν
2875 4885 2934 4936 Α.

2719 5024 2764 5053 ⁵⁸
2791 5021 3007 5076 ἀκούων
3036 5021 3104 5076 Δ.
3185 5025 3231 5056 ³³
3264 5023 3460 5094 Νομὰς
3491 5039 3520 5078 e
3557 5024 3587 5075 l'.

1855 5135 1995 5192 JAC.
2024 5138 2234 5194 GOARI
2287 5137 2520 5194 NOTAE.

643 5252 752 5323 (I7)
781 5250 1079 5323 Simocatta
1110 5251 1206 5306 lib.
1237 5251 1270 5323 _'l
1301 5265 1459 5320 capp.
1487 5251 1509 5304 l
1545 5258 1598 5304 et
1635 5247 1689 5303 2.

639 5320 751 5396 J8)
784 5321 1091 5394 TheOpbyl.
1125 5321 1290 5396 paulo
1331 5323 1502 5396 aliter
1556 5334 1670 5396 rem
1706 5326 1920 5396 narrat,
1975 5320 2146 5375 semel

570 5390 874 5450 ac'iterum
907 5390 1182 5448 occi'sos'a
1231 5391 1484 5446 barbaris
1519 5390 1806 5457 captivos;
1841 5391 1979 5443 alios
2021 5405 2145 5444 cum

569 5467 808 5537 primum
863 5464 1096 5537 Romani
1158 5465 1554 5537 occurrissent,
1584 5460 1752 5537 _alios
1797 5475 1920 5537 cum
1973 5475 2032 5515 se
2080 5461 2149 5513 ab

571 5530 654 5589 eis
689 5535 1017 5604 expugnari,
1057 5541 1116 5585 ut
1151 5533 1298 5586 nulla
1348 5547 1476 5600 spes
1517 5530 1716 5586 salutis
1754 5531 1962 5600 reliqua
1986 5540 2151 5596 esset,

571 5605 844 5659 viderent.
901 5603 1198 5657 Coualris.

645 5673 758 5743 (19)
795 5671 1068 5727 Salarium
1131 5671 1265 5726 illud
1299 5669 1586 5743 rotundum
1623 5678 1900 5743 memorat
1919 5670 2155 5743 Anasta-

577 5745 694 5799 sius
719 5741 856 5796 {cui
882 5757 1018 5797 voce
1083 5741 1413 5812 στρογγύλον
1453 5741 1631 5812 adject
1662 5742 1944 5795 naonnulli
1982 5742 2147 5796 codd.

577 5809 1287 5881 consentiunt.gMealdu).ov
1315 5821 1496 5867 autem
1518 5809 1692 5867 basim
1713 5812 1979 5881 lapideam
2010 5825 2150 5866 areae

581 5881 666 5938 vel
697 5881 823 5935 atrii
852 5880 1033 5938 medio
1064 5889 1302 5938 erectam
1329 5882 1524 5940 lubens
1554 5880 1972 5951 interpretarer,
2024 5899 2148 5937 cum

2257 5252 2313 5305 in
2350 5265 2417 5322 eo
2448 5258 2686 5322 statuam
2720 5251 3126 5322 superpositam
3167 5253 3407 5307 intuear.

2327 5321 2440 5393 (20)
2469 5321 2809 5393 iExcerptuni
2838 5339 2868 5378 e
2889 5321 3060 5393 ’capp.
3089 5323 3149 5386 2.
3175 5324 3228 5386 5,
3253 5324 3286 5377 4
3320 5331 3373 5377 et
3398 5322 3450 5376 5.

2327 5391 2437 5463 (21)
2465 5392 2616 5466 Nova
2661 5390 2775 5466 alia
2817 5394 2872 5447 in
2910 5390 3120 5455 Africa,
3167 5394 3284 5466 alia
3343 5395 3412 5466 in,
3440 5390 3649 5466 _MlBSiP_I
3683 5410 3851 5466 supe-

2256 5462 2991 5533 riore.—The0pliylactus
3058 5463 3280 5518 venisse
3326 5462 3546 5531 quidem
3621 5462 3849 5520 Petrum

2256 5533 2439 5604 Nevas
2469 5542 2679 5604 narrat,
2708 5533 2847 5586 nihil
2875 5543 3073 5604 tamen
3108 5533 3386 5604 ejusmodi
3416 5535 3471 5587 in
3495 5548 3558 5586 ea
3593 5537 3732 5590 urbe
3775 5535 3850 5588 illi

2261 5602 2533 5657 accidisse
2567 5602 2759 5666 refert,
2795 5603 2890 5658 sed
2943 5605 2999 5658 in
3041 5602 3253 5666 Asiino,
3287 5605 3378 5658 ubi
3415 5613 3561 5658 esset
3609 5606 3854 5660 lectissi-

2265 5687 2480 5726 morum
2509 5672 2643 5726 illud
2669 5674 2901 5726 militum
2923 5674 3242 5742 prazsidium
3274 5688 3304 5727 a
3332 5672 3552 5728 Justino
3573 5675 3687 5729 illic
3715 5691 3852 5728 eon-

2255 5744 2530 5804 stitutum,
2570 5743 2715 5810 quod
2757 5744 2804 5798 is
2852 5743 3057 5799 frustra
3087 5757 3342 5800 amovere
3359 5746 3852 5810 conatussit,coa¢

2257 5814 2362 5936 this
2391 5814 2744 5880 prmsidiariis
2781 5815 2836 5871 in
2853 5829 2961 5871 sua
2985 5822 3188 5872 castra.
3226 5813 3318 5872 Sic
3342 5813 3380 5872 l.
3407 5829 3501 5882 vn,
3528 5829 3613 5872 cc.
3653 5815 3689 5869 2
3719 5822 3779 5873 et
3798 5813 3850 5872 5.

2313 5898 2553 5936 ΟΜΒΕΡΙΞ.

2313 5898 2553 5939 ΟΜΒΕΠΞ.
