4046 6426
347 347 464 407 (U3

1665 347 2023 410 (IIIRUNOC
2038 351 2344 413 RAPHIA.

3515 360 3629 427 GH

341 461 558 512 Γίνεται
608 459 786 512 τοίνυν
828 458 936 513 τῶν
968 461 1174 514 παίδων
1229 462 1255 514 ὁ
1287 462 1514 527 Θάνατος
1572 463 1664 516 τοῦ
1717 464 1924 534 πατρὸς

2035 468 2094 521 ile
2118 467 2384 522 Mauricio
2414 470 2745 539 quantocius
2773 486 2802 526 c
2843 470 3023 525 medio
3053 470 3297 527 tollendo
3325 473 3624 529 consilium

335 551 632 620 ἐπιτάφιον
661 551 1229 624 προσεπιδειξαμένου
1266 555 1365 623 τὴν
1401 555 1606 626 ἀρετὴν
1637 558 1693 608 ὲν
1719 555 1795 624 τῷ
1833 574 1932 625 με-

333 644 492 710 γέθει
547 641 658 695 τῶν
720 644 1018 716 συμφορῶν
1077 646 1142 699 ³⁸.
1190 647 1302 716 Τῆς
1338 647 1448 718 γὰρ
1505 647 1735 717 τιθηνῆς
1767 648 1936 702 αὑτοῦ

335 736 626 806 κλεψάσης
658 735 705 767 ³⁸
728 735 827 790 ἕνα
853 738 964 790 τῶν
989 737 1287 808 βασιλικῶν
1317 739 1642 810 μειρακίων,
1679 741 1772 794 καὶ
1801 741 1936 811 πρὸς

336 827 562 898 σφαγὴν
608 827 672 880 τὸ
704 829 909 898 ἑαυτῆς
942 829 1235 901 ἐπιδούσης
1290 832 1332 862 ³⁷
1375 832 1512 903 (85),
1553 835 1582 886 ὁ
1625 833 1932 902 Μαυρίκιος

332 919 402 970 οὑ
433 918 787 983 κατεδέξατο,
824 920 964 973 άλλά
995 921 1058 974 τὸ
1110 921 1241 974 ίδιον
1292 923 1632 993 ἐπεζήτησεν
1660 941 1672 953 ·
1710 924 1845 992 φασὶ
1877 924 1937 977 δέ

332 1026 509 1075 τινες,
572 1010 654 1062 ὅτι
707 1010 903 1062 τούτου
956 1012 1279 1080 σφαγέντος.
1317 1013 1461 1082 γάλα
1512 1015 1608 1066 σὺν
1635 1014 1713 1083 τῷ
1740 1015 1935 1083 αἵματι

333 1100 607 1174 ἓρῤευσεν
643 1101 710 1169 ³⁸,
743 1101 885 1155 ὥστε
918 1105 1132 1167 πάντας
1183 1106 1314 1168 τοὺς
1365 1105 1610 1176 ὁρῶντας
1663 1106 1935 1177 θρηνῆσαι

332 1194 549 1257 δεινῶς.
581 1194 740 1249 Οῦτω
775 1197 876 1266 μὲν
913 1192 1009 1251 οὖν
1057 1199 1090 1252 ὁ
1131 1199 1388 1269 βασιλεὺς
1435 1199 1531 1252 καὶ
1567 1199 1731 1269 μόνος
1759 1201 1806 1231 ³⁹
1835 1200 1937 1268 φύ-

337 1304 482 1349 σεως
511 1287 851 1359 ὑψηλότερος
901 1289 1146 1358 γεγονὼς
1197 1290 1529 1344 ὑπαλλάττει
1577 1291 1624 1321 ιο
1675 1290 1768 1344 τὸν
1797 1290 1932 1361 βίον.

335 1378 414 1431 οὑ
469 1378 682 1431 διέλιπε
722 1378 782 1431 δὲ
835 1378 934 1450 τὴν
976 1380 1266 1449 Ῥωμαίων
1304 1379 1583 1450 βασιλείαν
1621 1380 1681 1446 ἐξ
1723 1381 1936 1435 ἐκείνου

333 1469 538 1540 καιροῦ
587 1470 984 1542 δυστυχήματα
1023 1471 1250 1526 ποικίλα
1279 1489 1338 1524 τε
1368 1474 1466 1526 καὶ
1509 1473 1745 1540 ἐξαίσια.
1778 1474 1847 1527 Ὅ
1877 1490 1936 1526 τε

334 1563 450 1634 γὰρ
484 1561 738 1633 Χοσρόης
766 1564 795 1616 ὁ
846 1563 958 1616 τῶν
992 1563 1222 1632 Περσῶν
1267 1563 1527 1635 βασιλεὺς
1561 1565 1662 1636 τὴν
1707 1565 1936 1636 εἰρήνην

2040 560 2142 613 init
2179 579 2193 614 :
2228 561 2647 632 submissosque
2695 562 3104 620 Chalcctlonem
3131 565 3330 621 milites
3357 567 3424 620 ad
3449 566 3623 622 Euro-

2039 651 2115 719 pii
2153 660 2372 721 portum
2403 653 2759 720 descendere,
2793 655 2977 724 ibique
3007 655 3364 710 Mauriciana:
3397 657 3623 712 familiae

2038 750 2280 812 stragem
2331 742 2494 799 edere
2553 743 2810 814 imperat.
2879 745 2995 800 Sub
3049 744 3402 816 imperatoris
3456 748 3626 817 igitur

2040 832 2216 902 ipsius
2253 835 2446 889 oculos
2475 834 2632 890 liberi
2683 837 2806 905 ejus
2862 839 3092 892 masculi
3149 841 3394 908 quinque
3445 840 3626 910 primo

2041 938 2311 980 necantur
2351 945 2363 980 :
2421 928 2772 997 imperatoris
2803 933 3006 1001 quippe
3049 931 3383 1001 supplicium
3417 947 3448 984 a
3486 933 3626 984 tilio-

2039 1033 2160 1072 rum
2193 1034 2325 1073 nece
2372 1029 2646 1090 tyrannus
2693 1023 3112 1092 auspicabatur.
3167 1023 3468 1078 Mauricius
3501 1038 3622 1077 eam

2038 1109 2401 1163 calamitatem
2462 1111 2586 1164 forti
2651 1114 2836 1165 animo
2869 1115 3173 1178 sustinens,
3233 1115 3403 1168 Deum
3438 1130 3623 1170 rerum

2039 1202 2287 1254 omnium
2317 1202 2605 1271 prtesidem
2653 1203 2997 1273 frequentius
3047 1208 3336 1268 invocans,
3376 1207 3622 1276 philoso-

2039 1294 2334 1360 phabatur,
2363 1294 2669 1363 crebroque
2703 1298 2980 1364 repetebat
3017 1314 3032 1348 :
3061 1296 3249 1351 Justus
3270 1315 3345 1363 es,
3375 1298 3621 1364 Domine,

2039 1394 2088 1439 et
2119 1394 2266 1440 recta
2293 1385 2506 1454 judicia
2543 1397 2656 1441 tua.
2699 1387 2855 1443 Filiis
2907 1389 3093 1458 itaque
3121 1405 3271 1444 mors
3318 1391 3486 1453 illata,
3537 1407 3626 1446 se-

2035 1477 2342 1548 pulcralem
2404 1480 2672 1534 honorem
2704 1489 2861 1549 patre
2912 1462 3260 1551 auspicante,
3303 1482 3397 1552 qui
3432 1484 3625 1537 videli-

2038 1577 2128 1622 cet
2154 1568 2208 1622 in
2245 1569 2482 1624 summis
2539 1571 2805 1625 erumnis
2852 1586 3080 1626 summae
3129 1573 3352 1626 virtutis
3384 1573 3622 1643 speciem

328 1652 603 1718 διέλυσεν,
637 1654 732 1707 καὶ
782 1655 832 1707 οἰ
876 1654 1133 1726 ’Λϐάρεις
1182 1657 1222 1688 ⁵¹
1255 1656 1356 1728 τὴν
1399 1656 1624 1727 Θρᾴκην
1649 1656 1930 1724 διώλεσαν,

2037 1657 2308 1712 exhibuit.
2337 1657 2476 1713 Cum
2499 1659 2647 1713 enim
2695 1661 2880 1714 nutrix
2921 1677 3089 1716 unum
3147 1677 3214 1716 ex
3272 1663 3625 1732 imperatoris

331 1746 431 1800 καὶ
480 1745 752 1816 ἀμφωτά
786 1747 1176 1818 στρατεύματα
1211 1749 1322 1802 τῶν
1361 1748 1657 1817 Ῥωμαίων
1703 1746 1930 1816 διεφθά-

2040 1747 2171 1803 filiis
2220 1748 2489 1805 suﬂ‘urata
2521 1751 2808 1820 proprium
2865 1751 2988 1821 ejus
3045 1751 3167 1806 Icco
3217 1753 3622 1818 substituisset,

335 1855 551 1908 ρησανο
588 1838 758 1904 ὥστε,
794 1840 1035 1911 ὁπηνίκα
1083 1840 1407 1910 Ἡράκλειος
1433 1841 1812 1906 ἐϐασίλευσεν,
1843 1839 1930 1905 ἐξ·

2039 1853 2148 1894 non
2176 1841 2383 1896 esthoc
2412 1856 2608 1911 passus
2634 1840 2958 1904 Mauricius.
2995 1843 3091 1898 sed
3120 1858 3283 1897 suum
3311 1843 3622 1912 requisivit.

341 1931 528 1983 έτασιν
556 1929 652 1983 τοῦ
686 1930 972 1984 ὁπλιτικοῦ
1003 1933 1306 2004 ἐποιήσατο
1339 1934 1418 1996 εἰς
1443 1932 1506 1985 τὸ
1550 1931 1805 2005 ἀκριϐὲς,
1841 1933 1930 1985 καὶ

2041 1929 2118 1985 Ex
2148 1931 2380 2001 jugulati
2420 1933 2575 2002 pueri
2618 1934 2952 2003 corpusculo
3007 1933 3090 1987 lae
3150 1948 3462 1999 emanasse,
3499 1935 3622 2003 qui-

347 2024 420 2076 ὲκ
472 2023 644 2094 πάσης
682 2025 784 2094 τῆς
811 2025 1054 2096 πληθύος
1093 2026 1190 2095 τῆς
1221 2025 1542 2097 εὑρεθείσης
1580 2026 1676 2078 ἐπὶ
1714 2025 1816 2095 τῆς
1845 2043 1930 2078 τυ-

2041 2024 2168 2079 dam
2207 2024 2432 2079 ferunt:
2465 2027 2614 2095 quod
2656 2027 3072 2095 spectatoribus
3095 2028 3353 2080 omnibus
3381 2028 3624 2082 acerbis-

343 2115 589 2184 ραννίδος
617 2117 915 2188 Μαυρικίῳ
941 2118 1082 2188 μετὰ
1109 2119 1290 2171 Φωκᾶρ
1303 2119 1403 2188 οὑχ
1435 2111 1595 2189 εὗρεν
1623 2115 1930 2188 περαιτέρω

2039 2115 2214 2170 simas
2287 2102 2567 2187 lacrymas
2628 2117 2897 2172 excussit.
2959 2116 3162 2186 Sicque
3186 2115 3350 2189 244
3402 2118 3622 2172 tandem

334 2203 430 2258 δύο
459 2205 694 2277 ἀνδρῶν.
727 2206 916 2272 Οὕτως
959 2209 1010 2262 οἰ
1042 2208 1135 2262 τὸν
1171 2207 1441 2279 τύραννον
1481 2207 1930 2278 προστησάμενοι

2041 2207 2364 2276 imperator,
2395 2223 2520 2262 cum
2541 2210 2662 2278 lege
2692 2218 2904 2262 natura:
2933 2209 3279 2278 superiorem
3310 2222 3370 2264 se
3415 2211 3614 2280 gessit,

333 2296 428 2348 ἐπὶ
462 2297 634 2352 αὑτοῦ
671 2299 1054 2372 ἀνηλώθησαν.

2044 2301 2212 2355 vitam
2249 2310 2425 2356 morte
2451 2303 2834 2356 commutavit.
2869 2302 2948 2356 Ex
2994 2302 3088 2356 illo
3119 2301 3340 2357 demum
3379 2311 3623 2372 tempore

327 2393 679 2454 calamitates
704 2398 876 2453 varias
905 2399 1266 2470 ingentesque
1295 2398 1606 2454 Romanum
1633 2396 1926 2470 imperium
1965 2395 2305 2455 labefactare
2353 2413 2464 2453 non
2486 2397 2842 2453 destiterunt.
2882 2393 3101 2450 Etenim
3166 2393 3442 2453 Cbosroes
3486 2392 3622 2449 Pcr-

325 2501 529 2543 sarum
581 2505 675 2545 rex
721 2505 909 2560 pacem
953 2492 1140 2556 solvit,
1177 2492 1384 2547 Abares
1416 2489 1712 2547 Thraciam
1750 2492 2228 2549 devastaverunt:
2295 2499 2350 2547 et
2381 2501 2615 2562 uterque
2639 2491 2926 2546 Romanus
2991 2489 3293 2556 exercitus,
3363 2504 3488 2544 cum
3559 2489 3619 2545 in

323 2580 584 2641 Oriente.
629 2591 743 2637 tum
771 2584 826 2637 in
857 2581 1177 2648 Occidente,
1229 2583 1582 2654 dissipatus:
1620 2585 1696 2639 ita
1727 2592 1786 2639 ut
1852 2599 1978 2639 cum
2054 2583 2340 2639 lleraelius
2402 2585 2702 2654 imperator
2749 2592 2972 2639 creatus
3017 2592 3334 2638 accuratam
3385 2583 3620 2637 militum

325 2675 716 2731 recensionem
745 2684 950 2746 ageret,
985 2676 1054 2732 de
1085 2678 1344 2732 universa
1375 2676 1750 2744 multitudine,
1799 2691 1922 2748 qua:
1961 2678 2015 2733 in
2047 2677 2138 2731 illa
2199 2676 2398 2732 Phocae
2466 2678 2736 2732 adversus
2785 2675 3110 2731 Mauricium
3164 2677 3465 2732 rebellione
3519 2678 3620 2730 ad-

323 2769 542 2836 fuerat,
569 2769 712 2826 duos
733 2779 946 2826 tantum
973 2771 1222 2827 homines
1251 2772 1582 2842 superstites
1614 2771 1924 2844 reperiret:
1970 2772 2110 2829 adeo
2136 2773 2213 2828 illi
2262 2773 2390 2844 ipsi,
2433 2772 2529 2844 qui
2574 2781 2871 2844 tyrannum
2947 2779 3266 2836 evexerant,
3339 2770 3445 2826 sub
3501 2770 3620 2841 ipso

325 2863 558 2919 demum
596 2861 664 2917 ad
706 2864 1141 2919 internecionem
1183 2864 1346 2920 deleti
1388 2872 1544 2920 sunt.

406 2955 475 3008 Α.
531 2954 609 3010 Μ.
675 2953 843 3011 6095.
903 2983 966 2996 —
1023 2953 1332 3024 Ῥωμαίων
1374 2953 1687 3022 βασιλέως
1759 2953 1937 3011 Φωκᾶ

326 3048 474 3112 ἔτος
499 3043 582 3101 a'.

408 3138 600 3209 Τούτῳ
623 3138 703 3209 τῷ
729 3138 838 3193 ἔτει
864 3139 998 3211 μηνὶ
1029 3141 1324 3213 Νοεμϐρίῳ
1343 3141 1640 3195 ἰνδικτιῶνι
1671 3141 1714 3174 δ’
1741 3149 1796 3208 ς’
1818 3141 1933 3213 (84)

334 3230 676 3301 βασιλεύσας
705 3232 902 3296 Φωκᾶς
953 3232 983 3284 ὁ
1021 3231 1290 3302 τύραννος
1323 3233 1557 3297 ἀνεῖλεν,
1611 3232 1689 3294 ὡς
1741 3233 1930 3304 προλέι

2035 3244 2244 3284 rannus
2276 3227 2490 3283 Phoeas
2532 3236 2804 3298 occupato
2847 3227 3097 3296 imperio,
3131 3225 3453 3279 Mauricium
3493 3239 3618 3278 cum

329 3324 551 3386 λεκται,
584 3323 896 3394 Μαυρίκιον
951 3323 1050 3377 σὺν
1081 3322 1249 3377 πέντε
1300 3327 1490 3378 παισὶν
1523 3326 1750 3397 ἄρρεσιν
1773 3341 1789 3358 ο
1840 3327 1930 3380 καὶ

2035 3324 2280 3392 quinque
2304 3321 2570 3378 masculis
2603 3322 2814 3386 liberis,
2852 3329 2909 3374 ut
2964 3319 3353 3390 prmisimus,
3391 3317 3617 3380 occidit,

327 3417 440 3480 τὰς
465 3415 676 3468 τούτων
707 3415 953 3484 κεφαλὰς
993 3416 1250 3470 ἐκέλευσε
1277 3417 1508 3488 τεθῆναι
1538 3418 1596 3470 έν
1628 3416 1852 3488 Κάμπῳ
1874 3416 1922 3448 ’⁸⁸

2035 3429 2338 3483 eorumque
2370 3416 2552 3484 capita
2587 3413 2640 3467 in
2675 3412 2936 3466 tribunali
2962 3425 3157 3480 campo
3180 3425 3276 3481 per
3293 3410 3474 3480 plures
3499 3409 3618 3463 dies

329 3506 432 3560 τοῦ
471 3505 851 3576 τριϐουναλίου
907 3505 1121 3576 ἡμέρας
1158 3507 1353 3571 ἰκανάς
1379 3523 1394 3537 ·
1418 3507 1515 3561 καὶ
1561 3508 1856 3578 ἐξήρχοντο
1881 3508 1930 3560 οἰ

2035 3504 2231 3573 exponi
2258 3504 2449 3570 jussit.
2479 3504 2555 3556 Ex
2591 3502 2726 3556 urbe
2757 3517 2924 3571 porro
2956 3499 3251 3570 prodibant
3271 3500 3444 3564 cives,
3472 3508 3526 3553 et
3547 3496 3615 3550 ad

330 3601 434 3668 τῆς
487 3599 724 3664 πόλεως,
761 3599 858 3652 καὶ
898 3598 1173 3670 ἐθεώρουν
1221 3601 1419 3664 αὑτὰς,
1459 3600 1565 3663 ἕως
1621 3598 1927 3664 ὲπώζεσαν.

2035 3610 2222 3650 eorum
2250 3594 2584 3663 spectacula,
2628 3593 2805 3647 donec
2835 3591 3064 3645 omnino
3109 3588 3386 3654 fmterent,
3417 3600 3618 3640 conve-

344 3692 684 3762 Ἀναιρεῖται
712 3690 770 3743 δὲ
804 3691 902 3744 καὶ
931 3691 1140 3762 Πέτρος
1168 3691 1280 3762 (85)
1310 3692 1338 3743 ὁ
1360 3691 1589 3760 ἀδελφὸς
1615 3691 1805 3746 αὑτοῦ.
1837 3690 1930 3744 καὶ

2035 3686 2276 3742 nicbant.
2324 3684 2520 3740 Petrus
2567 3683 2796 3753 insuper
2840 3681 3092 3735 Mauricii
3150 3679 3325 3734 frater
3355 3692 3387 3732 e
3430 3674 3616 3730 medio

2103 2954 2170 3010 Α.
2223 2952 2286 3008 C.
2337 2953 2464 3009 595.
2511 2982 2584 2993 —
2620 2950 2980 3006 Rontanorum
3029 2948 3374 3018 imperatoris
3427 2947 3620 3001 Phorm

2045 3063 2212 3101 mnus
2242 3047 2471 3114 primus.

2105 3138 2221 3194 Hoc
2247 3153 2393 3192 anno
2426 3152 2617 3193 mense
2643 3136 2962 3200 Novembri,
2995 3134 3295 3190 indictione
3323 3143 3498 3198 serta,
3531 3141 3619 3204 ty-

330 3780 492 3836 ἄλλοι
543 3781 754 3835 πολλοί.
808 3781 1095 3836 Θεοδόσιον
1133 3783 1190 3835 δὲ
1249 3783 1342 3835 τὸν
1391 3783 1506 3835 υἱὸν
1560 3781 1726 3834 αὑτοῦ
1771 3782 1931 3850 λόγος

331 3877 534 3944 κρατεῖ
581 3875 921 3944 πεφευγέναι
961 3874 1055 3928 καὶ
1116 3874 1412 3928 σεσῶσθαι.
1457 3874 1677 3944 Ταύτην
1723 3874 1781 3926 δὲ
1832 3873 1930 3944 τὴν

332 3965 528 4036 φήμην
580 3966 831 4036 Χοσρὸης
879 3968 908 4021 ὁ
957 3966 1068 4020 τῶν
1114 3965 1341 4037 Περσῶν
1389 3965 1645 4038 βασιλεὺς
1691 3963 1929 4037 ηὔξησεν

331 4057 527 4110 ἄλλοτε
553 4057 600 4089 ⁸⁵
626 4057 802 4121 ἄλλως
829 4057 1186 4128 ψευδόμενος,
1217 4059 1312 4112 καὶ
1356 4057 1486 4129 παρ’
1520 4057 1701 4126 ἑαυτῷ
1732 4057 1926 4111 τοῦτον

331 4146 480 4217 ἔχειν
519 4148 715 4216 λέγων,
753 4148 852 4202 καὶ
881 4153 1133 4220 προνοεῖν
1161 4151 1344 4221 δῆθεν,
1381 4151 1468 4205 ἵνα
1492 4150 1592 4221 τὴν
1635 4150 1926 4222 Ῥωμαίων

334 4239 620 4308 βασιλείαν
651 4242 952 4315 παραλάϐῃ
977 4259 990 4274 ·
1022 4243 1258 4314 δολερῶς
1277 4243 1336 4297 δὲ
1366 4244 1465 4314 τῆς
1485 4243 1595 4296 τῶν
1630 4245 1924 4314 Ῥωμαίων

334 4329 620 4400 βασιλείας
642 4332 881 4397 ἐλπίζων
907 4333 1206 4404 κρατῆσαι,
1249 4334 1323 4396 ὡς
1361 4333 1605 4404 ἠλέγχθη
1660 4333 1928 4404 πολυτρό-

333 4438 478 4489 πως,
510 4422 747 4490 μάλιστα
775 4424 834 4477 δὲ
867 4425 934 4477 ὲκ
974 4425 1069 4476 τοῦ
1102 4424 1376 4493 πολέμους
1404 4425 1707 4494 αἰφνιδίους
1745 4425 1788 4458 ⁸⁸
1809 4425 1925 4495 (86)

331 4511 580 4581 κινῆσαι,
639 4514 734 4567 καὶ
787 4513 1044 4584 μεγάλως
1099 4513 1452 4585 λυμήνασθαι
1490 4513 1558 4567 τὰ
1617 4514 1924 4583 Ῥωμαϊκά.

331 4603 443 4656 Τοῦ
493 4604 548 4657 δὲ
600 4605 763 4659 Φωκᾶ
812 4603 1058 4677 πρέσϐυν
1113 4607 1252 4675 πρὸς
1286 4606 1450 4660 αὑτὸν
1501 4605 1926 4669 ἀποστείλαντος

2034 3781 2249 3835 tollitur
2281 3794 2406 3832 cum
2447 3777 2574 3831 aliis
2611 3776 2888 3846 plurimis.
2941 3772 3314 3828 Theodosium
3359 3769 3613 3825 Mauricii

2033 3869 2206 3924 filium
2234 3869 2357 3938 fuga
2387 3868 2652 3932 evasisse,
2677 3874 2731 3922 et
2762 3865 3008 3936 periculo
3029 3863 3383 3933 superstitem
3412 3859 3616 3914 vixisse

2032 3977 2224 4017 rumor
2253 3970 2358 4016 est.
2406 3961 2558 4015 Hanc
2590 3975 2722 4014 vero
2752 3957 2952 4012 famam
2993 3955 3286 4010 Persarum
3324 3969 3416 4007 rex
3437 3951 3618 4006 Chos-

2032 4065 2157 4106 roes
2210 4051 2379 4104 variis
2429 4049 2737 4104 mendaciis
2787 4050 2842 4103 in
2897 4047 2952 4102 id
3007 4046 3260 4102 confictls
3309 4059 3408 4115 pro
3460 4043 3615 4097 libito

2031 4145 2221 4209 auxit;
2250 4142 2622 4198 Theodosium
2644 4157 2816 4212 penes
2831 4155 2891 4196 se
2915 4139 3117 4194 habere
3131 4138 3424 4201 simulans,
3445 4151 3616 4205 seque

2032 4236 2270 4292 subinde
2327 4251 2648 4306 procurare,
2695 4245 2756 4290 ut
2799 4243 3087 4304 paternum
3125 4230 3394 4301 reciperet
3438 4227 3615 4297 impe-

2030 4329 2171 4384 rium
2207 4345 2219 4381 :
2254 4344 2378 4382 eum
2433 4342 2621 4384 revera
2657 4329 2776 4397 ipse
2804 4326 2871 4381 de
2897 4324 3215 4394 usurpando
3235 4322 3610 4378 Romanorum

2032 4421 2261 4492 imperio
2302 4422 2573 4490 cogitaret
2623 4437 2636 4474 :
2674 4417 3136 4488 quemadmodum
3168 4416 3409 4486 seipsum
3442 4413 3610 4469 variis

2030 4510 2247 4567 demum
2284 4511 2460 4566 modis
2486 4509 2746 4581 prodidit,
2781 4509 2920 4565 bella
2955 4499 3190 4562 marime
3216 4521 3281 4561 ex
3313 4505 3612 4575 improviso

2031 4605 2087 4660 in
2131 4603 2416 4659 Romanos
2466 4603 2779 4664 inferendo.
2826 4617 3128 4672 eorumque
3177 4599 3416 4656 ditiones
3465 4597 3614 4655 finde

331 4691 514 4752 Βίλιον
548 4698 592 4729 ⁸⁸
643 4698 780 4770 (87),
816 4699 1008 4752 τοῦτον
1044 4699 1375 4770 ἐκράτησεν,
1414 4701 1509 4752 καὶ
1542 4701 1622 4763 εἰς
1676 4699 1927 4770 φυλακὴν

2035 4696 2360 4767 diripiendo.
2406 4696 2544 4752 Cum
2579 4711 2714 4752 vero
2763 4695 2978 4750 Phocas
3016 4695 3214 4749 Bilium
3266 4693 3505 4763 legatum
3543 4689 3613 4747 ad

331 4789 588 4855 ἀπέθετο,
647 4792 845 4862 μηκέτι
879 4793 957 4854 εἰς
1010 4791 1080 4845 τά
1150 4791 1442 4860 Ῥωμαϊκὰ
1477 4792 1819 4862 ὑποστρέψαι
1853 4793 1921 4846 ⁸⁷.

330 4881 374 4935 Γ
380 4882 634 4954 ράμμασι
671 4883 729 4936 δὲ
784 4881 1005 4952 ἀτίμοις
1062 4881 1156 4935 τὸν
1194 4883 1392 4936 Φωκᾶν
1444 4881 1810 4953 ἀντημείϐετο
1846 4879 1916 4935 ⁸⁸.

2031 4806 2156 4846 eum
2198 4791 2462 4855 misisset,
2496 4791 2964 4860 comprehensum
2992 4787 3191 4858 dejecit
3217 4787 3271 4841 in
3306 4801 3611 4852 carcerem,

2032 4897 2304 4954 nusquam
2355 4882 2616 4954 deinceps
2664 4882 2721 4938 in
2767 4880 3074 4936 Romanam
3127 4880 3395 4937 ditionem
3431 4895 3604 4936 rever-

1659 4995 1894 5053 VARIZE
1931 4997 2338 5054 LECTIONES.

438 5093 485 5124 ³⁸
535 5091 638 5164 τῆς
683 5093 969 5164 συμφορᾶς
1004 5092 1068 5146 Αο

1178 5089 1550 5163 θαῗκλεψάσης
1604 5090 1670 5154 Α,
1732 5091 2091 5163 σκεᾉπασάσης
2139 5093 2289 5161 vulg.

2389 5091 2446 5171 ’ζ
2486 5091 2625 5162 πρὸς
2677 5091 3013 5171 ςφαγὴνητδ
3045 5090 3263 5171 ,ἑαυτῆς
3321 5085 3614 5171 ετξιδοδσης

326 5163 399 5224 Α,
467 5158 604 5243 πρὸς
663 5158 839 5232 φυγὴν
869 5158 1092 5233 ’ἑαυτὴν
1142 5158 1684 5282 ἐπιδοσάσηςλνυιξ.
1798 5161 1842 5200 ³³
1896 5158 2155 5234 έρῤεύσεν
2203 5158 2268 5225 Αζ
2319 5158 2544 5232 ἐρεῦσαι
2608 5158 2752 5228 vnlg.
2801 5158 2812 5161 ’
2849 5158 2933 5194 ’⁸³
2991 5162 3152 5232 μόνος
3201 5158 3267 5222 Ᾱ,
3331 5158 3496 5240 νόμον
3549 5171 3606 5220 a,

327 5233 499 5282 νόμου
527 5237 566 5282 Ι.
597 5233 747 5282 νόμω
772 5233 915 5282 vulg.
993 5233 1038 5265 “
1071 5233 1405 5282 ὑπαλλάττει
1433 5232 1497 5282 Α.
1519 5231 1637 5282 διαλ
1660 5234 1824 5282 .άττει
1861 5236 2007 5282 νυία.
2085 5233 2127 5264 ⁸¹
2175 5235 2225 5282 οἱ
2261 5233 2526 5282 3άοϐαοοι
2566 5232 2633 5282 Α.
2707 5233 2754 5264 ⁸⁸
2785 5233 2973 5282 ἰνδικτ.
3008 5248 3119 5282 om.
3155 5229 3198 5282 Α
3225 5229 3265 5282 ι’.
3339 5226 3384 5258 ⁸⁸
3407 5243 3606 5282 καππω

327 5233 499 5302 νόμου
517 5231 566 5304 ιζ,
594 5233 747 5304 νόμῳ
772 5231 943 5304 vulg._
968 5231 1409 5304 eranum-ns;
1432 5231 1497 5296 Α,
1519 5231 1824 5304 διαλλάττει
1861 5231 2008 5304 vulg.

327 5320 360 5357 ιι
396 5304 434 5357 f.
512 5302 556 5336 ⁸⁸
583 5302 769 5355 ἄλλοτε
807 5302 1026 5368 Α,νάλλο
1051 5319 1109 5356 τε
1141 5304 1290 5368 vulg.

328 5372 642 5445 στρέψαντα
670 5373 814 5444 vulg.

1365 5303 1410 5334 “
1435 5303 1734 5374 αἰφνιδίους
1759 5303 1824 5365 Α,
1851 5302 2121 5374 αἰφνιδίου
2146 5302 2294 5374 vulg.
2371 5302 2418 5335 “

910 5374 956 5406 "
992 5367 1354 5444 ἀντημείϐετο
1409 5374 1454 5426 Α
1496 5367 1528 5426 a
1553 5370 1593 5439 Γ,
1647 5367 2039 5442 ἀνταμείϐεται
2066 5377 2216 5444 vulg.

2085 5233 2127 5264 “
2175 5235 2225 5286 οἱ
2259 5226 2526 5303 βάρϐαροι
2566 5232 2633 5288 Α.
2703 5226 2754 5264 ’⁸⁸
2785 5226 3125 5303 ἰνδικτδοιιι,
3225 5229 3292 5303 ι’.Δ
3339 5226 3384 5303 ξ’
3407 5227 3618 5303 κάππφ

2446 5251 2526 5286 -οι
2566 5251 2633 5288 Λ.
2707 5251 2754 5264 ’⁵
2785 5251 2973 5287 ινοικτ.
3008 5251 3119 5286 om.
3155 5251 3198 5282 ﬂ
3225 5251 3265 5283 ι.
3341 5251 3383 5258 "
3407 5251 3614 5296 καππψ

2443 5251 2648 5374 gotum;
2675 5303 2740 5359 A.
2817 5303 2861 5336 "
2890 5299 3233 5370 ὑποστρέψαι
3266 5297 3312 5353 Α
3344 5296 3376 5352 b
3416 5297 3453 5362 Γ,
3484 5297 3614 5350 ὑπο-

1623 5486 1766 5543 JAC.
1805 5486 2015 5544 GOARI
2043 5489 2279 5546 ΝΟΤᾹΞ.

404 5580 518 5653 (85)
549 5579 945 5653 :l‘heOphylact.
982 5596 1103 5652 cap.
1159 5581 1247 5647 ιι,
1285 5581 1379 5653 qui
1428 5597 1542 5638 rem
1584 5581 1793 5639 clarius
1823 5598 1916 5639 εις

326 5649 508 5724 ponit.
537 5649 824 5724 Qonnerts.

329 5721 514 5847 ἓξὲξ)
544 5721 859 5780 Chronicon
885 5723 1039 5778 Alex.
1075 5731 1128 5780 et
1148 5723 1420 5795 appendix
1447 5723 1513 5781 ad
1545 5721 1700 5781 Marii
1733 5723 1913 5781 Chro-

373 5809 420 5846 l‘
465 5810 518 5846 ll.

2102 5584 2211 5653 (85)
2256 5584 2558 5654 Simoentta
2600 5599 2724 5654 cap.
2760 5583 2848 5649 t3,
2885 5581 3099 5638 Chron.
3126 5581 3396 5654 Alexand.

2099 5650 2211 5726 (86)
2277 5653 2572 5726 Theodosii
2633 5650 2864 5710 mortem
2924 5655 3254 5724 comprobat
3305 5650 3615 5724 Thcop'ay'.

2027 5741 2150 5792 cap.
2187 5724 2272 5778 13.
2305 5724 2591 5780 ϐοιιιιεειε.

2100 5796 2214 5866 (87)
2251 5794 2548 5850 Situocatla
2576 5808 2698 5867 cap.
2732 5795 2820 5864 i5,
2845 5795 3044 5852 Δίλιον.
