4046 6428
516 433 627 498 639

1851 433 2340 499 THEOPHANIS

3670 435 3771 501 640

516 547 828 620 perdendas
849 547 1129 618 sperabat.
1171 546 1239 600 At
1270 545 1364 601 ubi
1393 546 1530 602 viles
1558 562 1752 602 eorum
1783 546 1948 620 256
1967 549 2090 603 ani-

2206 565 2392 613 πάντες
2423 549 2626 603 ἐκεῖνοι
2660 547 2763 610 τάς
2795 546 3088 617 φάλαγγας
3117 546 3374 621 ἀκρατῶς
3406 548 3624 606 διώκειν
3654 557 3775 608 τοὺ-

516 659 636 698 mos
666 652 721 698 et
765 652 970 696 metum
1021 648 1288 711 expertus
1334 647 1443 703 est,
1478 647 1603 709 post
1631 639 1778 694 diem
1815 641 2090 696 decimum

515 737 584 791 ad
603 737 988 805 imperatorem
1019 745 1297 792 reversus,
1331 729 1591 786 amictum
1625 739 1679 784 et
1705 732 2095 787 meticulosum

518 825 883 881 Barbarorum
937 831 1142 879 statum
1187 836 1406 877 omnem
1438 820 1782 877 enucleatius
1815 822 2092 892 exposuit.

516 918 786 974 Caeterum
826 917 1069 972 insolens
1097 914 1187 969 ille
1215 913 1504 970 Persarum
1552 914 1666 970 dux
1695 929 1866 969 morat
1903 914 2096 970 tandiu

519 1026 615 1080 per
641 1015 904 1064 montana
941 1007 1224 1078 producta:
1253 1007 1570 1078 impatiens,
1597 1015 1655 1064 et
1704 1009 1760 1062 in
1814 1017 2096 1063 certamen

516 1097 856 1155 descendere
905 1099 1237 1153 necessitate
1284 1099 1628 1169 compulsus.
1674 1097 1852 1154 diviso
1902 1099 1957 1154 in
1993 1099 2099 1156 tria

517 1192 736 1264 agntina
760 1191 1032 1255 exercitu.
1074 1191 1178 1248 sub
1203 1192 1440 1262 primum
1473 1206 1687 1248 aurora:
1710 1192 2098 1264 crepusculum

517 1288 576 1337 et.
617 1280 865 1335 nondum
921 1279 1216 1336 manifesto
1251 1281 1412 1337 terris
1451 1280 1588 1346 sole,
1622 1289 1850 1353 paratus
1887 1281 1956 1337 ad
1999 1298 2102 1352 pu-

518 1387 681 1442 gnam
721 1387 788 1428 ex
817 1372 1120 1441 improviso
1149 1372 1424 1444 apparuit.
1461 1371 1766 1444 Imperator
1795 1373 2104 1444 praecogni-

519 1465 592 1521 tis
619 1465 740 1535 ejus
759 1466 1033 1531 consiliis,
1057 1465 1386 1536 dispositum
1412 1467 1620 1535 pariter
1643 1480 1709 1522 ac
1734 1465 2097 1522 distributum

521 1556 577 1612 in
609 1559 756 1614 acies
781 1565 897 1614 tres
918 1560 1240 1622 exercitum,
1277 1558 1345 1613 ad
1370 1573 1609 1629 pugnam
1657 1559 1869 1614 eduxit.
1925 1558 2100 1630 Impe-

522 1661 711 1705 ratore
762 1665 900 1706 vero
958 1651 1026 1704 ad
1076 1649 1355 1706 Orientem
1417 1650 1743 1714 constituto,
1803 1651 2103 1706 exorientis

520 1757 739 1813 quoque
771 1743 907 1798 solis
951 1742 1114 1808 radii,
1172 1757 1332 1807 quem
1382 1739 1565 1797 Persa:
1613 1750 1876 1811 tanquam
1929 1739 2098 1796 Deum

519 1842 882 1901 venerantur,
938 1850 1132 1890 eorum
1193 1833 1385 1890 oculos
1444 1833 1631 1888 acrius
1670 1833 2098 1904 perstringebat.

2202 660 2330 705 τους
2355 641 2625 713 ἐνόμιζον.
2671 642 3132 713 Ἐπιστραφέντες
3161 639 3255 697 οὖν
3294 645 3344 697 oi
3381 645 3645 716 Ῥωμαῖοι
3689 648 3776 702 εὐ-

2197 735 2386 807 ψύχως
2441 735 2669 798 τούτους
2717 735 3050 806 ὲστρέψαντο
3104 734 3200 788 κα)⁵
3264 735 3492 799 πολλοὺς
3546 737 3777 804 ἀνεῖλον,

2198 826 2492 890 ὲλάσαντες
2509 827 2705 890 αὐτοὺς
2727 826 2833 890 ἕως
2854 827 2948 880 τοῦ
2974 827 3155 898 ὅρους,
3179 827 3260 890 είς
3285 829 3562 898 κρημνοὺς
3581 829 3782 892 αὐτοὺς

2200 917 2486 974 ἐνέϐαλλον
2501 917 2550 950 ⁸⁸
2580 917 2674 971 καὶ
2702 917 2904 979 τόπους
2942 917 3243 983 δυσϐάτους
3265 957 3280 982 ,
3315 919 3411 972 καὶ
3441 921 3650 984 πάντας
3680 921 3781 974 αὐ-

2199 1004 2352 1058 τοῦ⁸¹
2383 1004 2713 1075 συνέτριψαν
2735 1022 2748 1037 ·
2777 1007 2836 1058 ἂν
2854 1005 2909 1060 δὲ
2942 1010 3054 1068 τοῖς
3079 1009 3349 1078 κρημνοῖς
3379 1009 3551 1077 αἰγῶν
3573 1009 3785 1080 ἀγρίων

2199 1097 2355 1168 δίκην
2388 1097 2789 1169 ίσκηνοϐάτουν
2803 1099 2850 1130 ⁸⁸
2882 1099 3018 1170 (55).
3053 1098 3291 1163 Πολλοὺς
3332 1101 3389 1154 δὲ
3427 1102 3522 1154 καὶ
3571 1100 3784 1166 ζῶντας

2201 1187 2547 1262 ἐζώγρησαν.
2580 1187 2898 1260 Παρέλασον
2937 1189 2995 1244 δὲ
3031 1191 3127 1245 καὶ
3155 1190 3218 1245 τὺ
3243 1191 3451 1245 τούτων
3479 1194 3785 1263 στρατόπε-

2201 1281 2314 1347 δον,
2343 1284 2438 1336 καὶ
2466 1285 2648 1337 πᾶσαν
2672 1282 2769 1354 τὴν
2799 1280 3117 1352 ἀποσκευὴν
3144 1281 3328 1335 αὐτῶν
3343 1283 3409 1336 ⁵³.
3444 1282 3506 1336 Oi
3534 1281 3592 1336 δὲ
3643 1283 3785 1338 Ῥω-

2205 1376 2357 1446 μαῖοι
2384 1376 2522 1446 πρὸς
2541 1373 2674 1446 ὕψος
2703 1375 2803 1440 τὰς
2834 1377 3023 1446 χεῖρας
3049 1375 3393 1440 ἐκτείναντες
3426 1377 3504 1448 τῷ
3534 1376 3655 1449 Θεῷ
3681 1380 3789 1451 ηὑ-

2203 1464 2517 1535 χαρίστουν,
2560 1465 2656 1519 καὶ
2705 1465 2786 1535 τῷ
2835 1467 3280 1537 στρατηγήσαντι
3337 1467 3521 1532 καλῶς
3571 1469 3795 1541 βασιλεῖ

2205 1557 2476 1620 συντόνως
2511 1556 2905 1629 προσηύχοντο.
2939 1559 3004 1612 Οί
3028 1558 3138 1629 γὰρ
3169 1559 3302 1630 πρὶν
3336 1561 3474 1631 μηδὲ
3503 1561 3794 1631 Περσικὴν

2203 1646 2356 1700 κόνιν
2404 1646 2777 1716 τολμήσαντες
2817 1647 2968 1712 ἰδεῖν,
3021 1647 3120 1700 νῦν
3169 1647 3270 1711 τάς
3326 1651 3536 1718 σκηνὰς
3574 1652 3793 1705 τούτων

2203 1738 2538 1801 ἀσαλεύτους
2566 1739 2818 1811 εὑρόντες
2843 1739 3347 1811 ὲλαφυρολόγησαν.
3369 1743 3467 1806 Τίς
3493 1745 3600 1815 γὰρ
3628 1744 3797 1815 ἠλπι-

2204 1829 2299 1895 ζεν
2329 1829 2390 1882 τὸ
2415 1829 2520 1882 τῶν
2545 1828 2772 1901 Περσῶν
2794 1829 3225 1900 δυσμαχώτατον
3249 1831 3407 1900 γένος
3433 1833 3578 1887 νῶτα
3605 1833 3796 1888 δοῦναί

521 1923 823 1995 Imperator
843 1928 1029 1997 itaque
1061 1926 1246 1996 fugam
1269 1925 1531 1981 simulare
1554 1923 1722 1996 jussit
1747 1925 2054 1981 exercitum
2081 1943 2095 1980 :

2206 1937 2335 1974 ποτε
2371 1920 2700 1990 Ῥωμαίοιςς
2749 1920 2808 1973 Ὀ
2838 1920 2895 1974 δὲ
2923 1919 3174 1989 βασιλεὺς
3197 1920 3290 1974 τὸν
3329 1922 3561 1994 στρατὸν
3585 1923 3684 1976 σὺν
3714 1924 3798 1994 τῷ

521 2031 696 2088 quare
747 2017 928 2073 Persae
957 2019 1288 2090 pltalangum
1316 2033 1544 2074 suarum
1578 2019 1776 2073 solutis
1808 2017 2101 2073 ordinibus

2213 2013 2506 2084 στρατηγῷ
2547 2013 2864 2067 καταλιπὼν
2893 2015 2974 2078 είς
3010 2015 3309 2085 Ἀρμενίαν
3349 2015 3794 2086 παραχειμάσαι,

521 2121 618 2162 eos
680 2108 1144 2179 intemperantius
1218 2108 1594 2178 insequendos
1645 2107 1974 2164 decernunt.
2032 2106 2101 2161 At

2210 2107 2372 2170 αὐτὸς
2400 2109 2481 2169 είς
2515 2106 2809 2170 Βυζάντιον
2841 2107 3208 2178 ὑπέστρεψεν.

521 2195 757 2258 Romani
804 2215 962 2254 versa
996 2200 1049 2254 in
1091 2215 1188 2256 eos
1221 2200 1362 2255 facie
1428 2199 1846 2269 impressionem
1904 2214 2098 2255 eorum
2167 2198 2386 2253 fortiter
2440 2199 2734 2264 sustinent,
2781 2204 2839 2253 et
2889 2208 3041 2268 terga
3078 2199 3213 2254 dare
3275 2200 3615 2270 compellunt
3662 2218 3678 2255 ε
3743 2207 3796 2254 et

521 2295 712 2350 multis
763 2311 955 2351 eorum
1019 2297 1198 2363 casis,
1263 2295 1512 2366 reliquos
1561 2296 1628 2350 ad
1679 2296 1884 2351 montis
1939 2296 2166 2367 adigunt
2204 2293 2511 2363 angustias,
2541 2303 2595 2348 et
2631 2294 2686 2348 in
2717 2301 2992 2365 praerupta
3021 2294 3140 2348 loca
3178 2294 3595 2365 przecipitiaque
3639 2309 3796 2348 com-

522 2386 736 2456 pulsos,
789 2396 1167 2458 prosteruunt.
1214 2395 1270 2443 et
1320 2387 1376 2442 in
1409 2400 1718 2443 extremum
1784 2387 2090 2457 perieulum
2159 2385 2465 2441 adducunt.
2533 2385 2636 2441 Per
2683 2399 2910 2456 asperas
2957 2385 3124 2440 etiam
3198 2385 3326 2442 illas
3368 2393 3424 2440 et
3479 2387 3792 2442 salebrosas

522 2491 690 2546 rupes
723 2493 1018 2550 caprarum
1080 2478 1436 2549 sylvestrium
1497 2495 1652 2535 more
1714 2479 2035 2536 desilientes
2103 2477 2305 2533 Persas
2335 2486 2614 2533 venantur
2640 2485 2695 2533 ct
2723 2478 2952 2546 capiunt
2981 2477 3156 2540 vivos,
3187 2477 3582 2546 occupatisque
3600 2490 3786 2529 eorum

529 2573 746 2640 castris,
778 2574 1035 2631 bellicum
1076 2585 1400 2647 apparatum
1425 2590 1645 2632 omnem
1676 2575 1968 2647 diripiunt.
2015 2577 2095 2632 Ita
2133 2579 2355 2635 demum
2390 2576 2621 2632 Romani
2651 2576 2907 2632 manibus
2953 2577 3010 2631 in
3055 2575 3256 2631 caelum
3333 2575 3495 2630 elatis
3577 2575 3775 2629 debitas

524 2665 636 2720 Deo
657 2672 842 2736 grates
871 2664 1140 2731 referunt,
1171 2673 1225 2721 et
1260 2667 1328 2719 ad
1392 2680 1518 2720 eum
1584 2682 1685 2737 pro
1738 2667 2075 2738 imperatore
2103 2684 2205 2726 suo
2243 2670 2323 2724 rei
2349 2669 2603 2724 militaris
2657 2667 2797 2724 adeo
2825 2669 3005 2739 perito
3025 2676 3154 2723 vota
3184 2669 3411 2740 insuper
3443 2668 3770 2738 concipiunt.

524 2757 630 2825 Qui
658 2755 811 2829 'prius
849 2757 996 2814 enim
1051 2759 1134 2813 vel
1188 2765 1397 2812 motum
1431 2773 1460 2812 a
1533 2759 1720 2816 Persis
1786 2762 2064 2831 pulverem
2129 2761 2334 2818 intueri
2388 2763 2745 2828 verebantur,
2793 2762 3300 2832 imprarsentiarum
3364 2760 3541 2817 deﬁxa
3586 2769 3638 2816 et
3684 2761 3786 2814 im-

525 2862 674 2908 nt0ta
700 2867 893 2908 eorum
923 2851 1159 2908 tentoria
1183 2851 1482 2921 depraedati
1511 2862 1663 2908 sunt.
1695 2853 1856 2921 Quis,
1878 2857 2076 2912 amabo
2115 2857 2314 2915 Persas
2345 2865 2561 2930 gentem
2591 2857 2760 2913 armis
2797 2857 3062 2913 invictam
3117 2867 3273 2926 terga
3338 2853 3604 2910 Romanis
3654 2855 3792 2910 dare

524 2959 774 3016 unquam
803 2945 1126 3017 sperasset?
1161 2946 1466 3015 Imperator
1539 2954 1724 3002 autem
1789 2949 1986 3004 relicto
2051 2951 2320 3020 exercitu,
2390 2951 2642 3022 duceque
2670 2949 2719 3006 ei
2767 2948 3089 3019 praeposito,
3145 2947 3250 3004 sub
3301 2945 3465 3017 cujus
3514 2960 3648 3001 cura
3707 2946 3794 3000 bi-

524 3039 696 3098 bema
720 3038 778 3093 in
817 3039 1074 3095 Armenia
1101 3041 1454 3111 transigeret,
1485 3039 1812 3112 Byzantium
1848 3059 2106 3102 reversus
2144 3054 2254 3102 est.

597 3128 714 3186 Hoc
739 3145 884 3187 anno
906 3131 1115 3188 Mamed
1147 3149 1363 3190 ameras
1397 3133 1575 3203 primo
1607 3135 1856 3206 conspici
1887 3137 2056 3206 coepit
2093 3153 2109 3191 :

532 3223 699 3280 annis
728 3238 924 3280 novem
960 3225 1232 3296 regnavit,
1267 3241 1296 3278 a
1331 3225 1548 3280 collatae
1581 3225 1839 3284 Heraclio
1893 3229 2109 3300 imperii

528 3317 825 3386 potestatis
855 3331 1002 3372 anno
1031 3316 1248 3373 decimo
1279 3319 1467 3374 tertio.

601 3407 669 3462 Α.
703 3404 767 3461 C.
801 3405 1119 3462 (iit—Hoc
1148 3422 1294 3462 anno
1319 3407 1526 3464 mensis
1561 3407 1740 3465 Martii
1780 3409 1870 3466 die
1893 3410 2110 3469 decimo

531 3499 730 3570 quinto
755 3499 1057 3556 indictione
1081 3498 1374 3555 undecima
1407 3501 1631 3557 solvens
1650 3502 1720 3557 ab
1749 3502 1886 3559 urbe
1922 3507 2111 3572 regina

531 3587 839 3661 imperator
868 3591 1088 3661 magnis
1115 3590 1410 3646 itineribus
1439 3591 1496 3646 in
1525 3591 1846 3648 Armeniam
1878 3603 2109 3652 conten-

529 3681 631 3737 dit.
668 3680 962 3737 Persarum
991 3696 1123 3737 vero
1171 3696 1267 3738 rex
1301 3679 1580 3739 Cbosroes
1612 3680 1998 3739 Sarbanazam
2041 3685 2108 3741 ad

529 3773 667 3830 lines
691 3773 854 3844 257
881 3772 1258 3830 Romanorum
1291 3774 1630 3830 invadendos
1683 3777 1972 3832 submisit.
1995 3776 2110 3834 He-

529 3866 738 3922 raclius
767 3877 949 3923 autem
983 3865 1182 3922 litteris
1215 3864 1548 3923 Chrosroem
1596 3868 1849 3931 monuit.
1877 3877 1974 3924 aut
2011 3884 2113 3941 pa-

2281 3137 2474 3209 τούτῳ
2489 3136 2536 3169 ⁸⁸
2565 3135 2642 3207 τῷ
2671 3133 2782 3190 ἔτει
2813 3132 3013 3203 Μάμεδ
3038 3132 3211 3204 ἐφάνη
3235 3130 3348 3204 (56)
3367 3131 3588 3204 ἀμηράς
3607 3129 3700 3201 ετη
3722 3131 3792 3200 θ’,

2214 3231 2282 3300 ιγ’
2307 3232 2428 3294 ἔτος
2463 3227 2786 3301 Ἡράκλειος
2817 3225 3060 3293 ἐξουσία.

2290 3410 2356 3464 Α.
2391 3408 2461 3464 Μ.
2493 3409 2656 3465 6114.
2681 3407 2963 3477 -Τούτῳ
2993 3403 3073 3476 τῷ
3123 3402 3234 3457 ἔτει
3268 3402 3398 3474 μηνὶ
3427 3399 3657 3472 Μαρτίῳ
3712 3397 3801 3465 ιε’,

2220 3501 2515 3558 Ξνδικτιῶνι
2550 3508 2640 3568 ια’,
2691 3500 2912 3573 ἀπάρας
2953 3500 2982 3553 ὁ
3033 3496 3288 3568 βασιλεὺς
3323 3493 3645 3566 Ἡράκλειος
3691 3491 3806 3546 ἀπὸ

2216 3597 2316 3666 τῆς
2347 3594 2619 3666 βασιλίδος
2641 3593 2782 3648 κατὰ
2811 3591 2976 3661 τάχος
2996 3589 3226 3660 ἀφίκετο
3251 3585 3639 3657 είςἈρμενίαν
3658 3584 3802 3654 (57).

2221 3687 2472 3759 Χοσρόης
2497 3685 2553 3739 δὲ
2585 3686 2614 3739 ὁ
2638 3684 2746 3740 τῶν
2783 3680 3010 3754 Περσῶν
3052 3679 3302 3751 βασιλεὺς
3348 3675 3668 3732 ἀπέστειλεν
3703 3675 3806 3728 τὸν

2221 3777 2578 3850 Σαρδαναζᾶν
2605 3775 2702 3829 σὺν
2730 3774 2810 3847 τῷ
2831 3769 3029 3827 ἑαυτοῦ
3063 3767 3282 3842 στρατῷ
3305 3765 3580 3820 εἰσϐαλεῖν
3595 3765 3678 3828 εἰς
3697 3764 3808 3833 τὴν

2217 3871 2330 3926 τῶν
2387 3869 2680 3942 Ῥωμαίων
2732 3867 2858 3938 γῆν.
2889 3862 3216 3935 Ἡράκλειος
3266 3859 3324 3915 δὲ
3372 3857 3613 3930 ἔγραψεν
3663 3857 3809 3927 πρὸς

1823 3985 2053 4042 νΑιιυΕ
2089 3984 2498 4046 LECTIONES.

601 4075 649 4152 ξι
683 4074 968 4152 ἐνέβαλλον
1008 4147 1021 4152 _
1045 4077 1100 4152 1',“
1141 4078 1503 4152 ἐμϐάλλοντες
1543 4083 1694 4152 vulg.

1795 4083 1838 4114 "
1863 4083 2052 4155 αὑτοῦ]
2080 4083 2280 4155 αὐτοὺς
2301 4082 2447 4153 vulg.
2523 4083 2569 4115 "
2596 4079 3007 4155 ἐσκηροϐάτουν
3038 4091 3090 4142 a,
3120 4072 3416 4155 ém906._f,
3443 4070 3573 4152 fort.
3606 4069 3811 4155 ἐσκλη-

534 4145 814 4226 Ροδέτουνο
854 4149 936 4226 ..ξ’
963 4142 1419 4226 αὖῖῖίένῖᾳιὲτοῦβ
1453 4142 1496 4206 [ξ
1567 4153 1616 4184 ⁵⁸
1636 4142 1812 4224 ιῖούτῳ
1842 4183 1997 4194 —-—
2019 4142 2274 4226 ἕξουσίαῖ
2314 4142 2430 4209 haec
2467 4164 2596 4209 nota
2622 4142 2963 4222 non'legitur
2993 4150 3050 4204 in
3084 4161 3115 4202 a
3143 4161 3174 4203 e
3195 4142 3238 4214 ;”
3271 4145 3365 4200 sed
3397 4142 3619 4199 omnino
3650 4143 3810 4199 scri-

529 4217 763 4273 bendum
791 4231 807 4274 :
854 4216 1172 4290 Ἢρακλείοῦ
1203 4220 1443 4288 ἐξουσία.

603 4407 718 4479 (55)
767 4407 1266 4485 Morabanturtait
1309 4408 1636 4485 Anastasius
1673 4424 1687 4464 :
1746 4412 1863 4467 vult
1905 4411 2109 4485 quippe

532 4477 817 4535 Romanos
845 4480 922 4535 ibi
948 4481 1133 4536 sedem
1167 4481 1448 4536 habuisse.

1836 4312 1980 4369 JAC.
2019 4313 2234 4370 GOABI
2268 4313 2502 4370 NOTAE.

2289 4414 2404 4482 (57)
2441 4412 2488 4466 Α
2533 4410 2848 4482 Nioepltoro
2896 4408 3143 4482 narratis
3193 4404 3642 4482 ad__annum_625
3685 4405 3810 4459 haec

2217 4476 2578 4554 adjungenda
2614 4476 2744 4554 :__ut
2792 4481 3054 4554 nimirum
3101 4477 3388 4554 Heraclius
3445 4476 3620 4554 primo
3678 4492 3812 4554 vere

601 4548 717 4673 ἳεθ)
769 4551 1121 4605 Celeberima:
1150 4553 1293 4621 apud
1339 4551 1759 4608 Maltumetanos
1808 4569 2002 4609 omnes
2041 4567 2106 4608 ac
2216 4544 2488 4626 legatione
2515 4551 2584 4608 ad
2615 4549 2831 4606 Turcos
2861 4550 3161 4610 destinata.
3199 4547 3324 4603 belli
3357 4547 3540 4602 socios
3571 4544 3804 4600 eosdem

601 4619 826 4673 'entalis
855 4622 1025 4673 niam
1057 4623 1265 4673 incolas
1294 4620 1508 4673 ﬂeciraa
1539 4623 1642 4673 hoc
1667 4632 1753 4673 est.
1787 4625 2102 4673 exordium.
2137 4598 2184 4655 Ῑ)
2212 4625 2512 4673 amouerit-
2531 4634 2584 4673 et
2606 4623 2677 4673 ab
2697 4634 2888 4673 eorum
2922 4621 3148 4673 regione
3172 4618 3477 4673 digressus.
3506 4631 3602 4673 Der
3628 4613 3804 4670 Lazos

527 4598 1651 4696 orléuiaIfs‘_ﬁ3ié':iﬁc3iaé'ﬂé'ﬁ£BHE
1661 4598 1759 4679 ἒξῖ
1787 4598 2106 4686 οἷ’ὄέἇίἶηῖιῖ
2137 4598 2184 4655 θ
2212 4598 3602 4696 $337,331,}?{b'ééFuxﬁ'féitéuB'd’iéiéséugjei
3628 4613 3812 4696 Lazqs

529 4705 644 4758 quo
679 4691 1162 4764 pseudopropheta
1215 4691 1492 4748 innovatae
1539 4695 1852 4764 religionis,
1899 4695 2107 4764 prioris

531 4765 763 4834 deserta:
792 4775 940 4834 reus,
967 4762 1148 4832 fugam
1189 4764 1483 4834 arripiens,
1513 4762 1710 4830 divini,
1741 4762 2103 4834 quod—aiunt,

531 4833 716 4885 cultus
742 4832 907 4905 positi
945 4847 1119 4905 annos
1157 4847 1221 4888 ac
1244 4833 1590 4888 durationem
1621 4832 1838 4890 emet—iri
1869 4832 2107 4905 posteris

531 4902 944 4974 superstitionis
987 4902 1227 4958 inductae
1279 4906 1610 4974 sequacibus
1661 4902 1888 4962 causam
1933 4907 2104 4962 dedit.

531 4968 670 5037 Hos,
703 4971 947 5046 inquam,
971 4988 1115 5046 anno
1141 4968 1455 5046 portentum
1487 4975 1619 5030 illud
1647 4978 1942 5031 exitiosum
1975 4978 2109 5046 ὲφά-

530 5059 622 5117 νη,
667 5042 816 5117 et‘in
850 5042 1370 5117 hominummentes
1403 5045 1674 5117 dominari
1723 5047 1926 5114 coepit;
1964 5042 2109 5117 ἁμη-

534 5112 636 5185 ρᾶς
664 5112 813 5185 enim
844 5117 1084 5182 princeps
1116 5123 1202 5171 est
1225 5124 1280 5169 et
1311 5114 1582 5180 dominus,
1621 5127 1674 5170 et
1698 5133 1762 5170 ex
1811 5112 1954 5172 falso
1999 5112 2110 5171 mu

532 5182 898 5254 inendaciquc
926 5185 1178 5239 doctrina
1209 5185 1403 5240 doctor
1437 5187 1529 5242 ille
1571 5186 1832 5242 falsarios
1870 5195 2111 5254 potesta-

532 5262 645 5309 tem
678 5253 1026 5326 insubditos
1059 5256 1293 5326 accepit,
1340 5272 1506 5326 quam
1553 5258 1672 5326 ipse
1713 5253 1908 5313 novem
1947 5259 2112 5313 annis

533 5324 800 5380 exercuit.
834 5325 971 5380 Cum
1005 5342 1137 5382 vero
1169 5324 1216 5381 is
1249 5324 1399 5384 esset
1435 5324 1672 5383 Heraclii
1715 5327 1965 5382 decimus
1997 5336 2112 5380 ter-

534 5395 682 5458 tius,
731 5397 798 5449 ad
853 5410 1056 5450 annum
1113 5408 1474 5467 sequentem,
1519 5408 1575 5454 et
1621 5397 1740 5466 ejus
1785 5398 2112 5452 laterculum

534 5474 861 5536 prmsentem
889 5468 1153 5536 epocham
1183 5469 1417 5523 attinere
1449 5477 1598 5522 recta
1630 5476 1938 5536 temporum
1973 5468 2114 5522 ratio

536 5535 736 5605 arguit.
771 5535 1052 5591 Videndns
1087 5538 1155 5592 de
1205 5539 1290 5593 his
1328 5539 1584 5593 Petavius
1626 5539 1722 5594 lib.
1746 5535 1750 5536 ί
1775 5553 1811 5593 ιι
1850 5539 1924 5592 De
1968 5539 2112 5592 doct.

538 5615 726 5671 temp.,
753 5607 1024 5677 capitibus
1054 5609 1263 5677 aliquot
1292 5623 1322 5663 a
1350 5609 1834 5677 quinquagesimo,
1867 5620 1920 5663 et
1952 5609 2044 5664 lib.
2073 5625 2112 5672 ι,

537 5690 663 5749 cap.
691 5676 860 5749 etiam
887 5676 1677 5749 quinqttagesimo.’Legendus
1700 5693 1918 5748 quoque
1944 5679 2116 5734 Abra-

540 5745 667 5819 ham
688 5745 1060 5819 Ecchellensis
1080 5745 1676 5804 deMoslamani'corum
1705 5745 2116 5819 imperioTlteof

543 5815 710 5884 pltani
756 5820 1129 5874 consentiens.
1157 5819 1333 5884 Quam
1381 5822 1530 5875 varie
1596 5815 2113 5889 porro—Maltomcti

541 5900 743 5942 nomen
773 5889 1066 5956 scribatur,
1090 5890 1409 5945 observabis
1437 5905 1595 5962 pagg.
1624 5891 1748 5959 “2.58,
1772 5891 1897 5947 265.

2209 4705 2267 4752 et
2304 4685 2580 4750 A'rmenos
2634 4693 2689 4748 in
2745 4685 3026 4747 Persidem
3081 4685 3368 4758 irruperit.
3423 4685 3597 4758 Cujus
3630 4685 3813 4758 armis
3885 4743 3890 4747 _

2209 4768 2483 4823 Chosroes
2542 4755 3264 4837 ιιειϊξιιιςηδεηῑηιτηάιιὶι,ζ
3318 4759 3413 4837 qui
3481 4755 3811 4837 'l‘iteOphani

2210 4850 2635 4905 nonnunquam,
2653 4823 2966 4907 Nicepltoro
2983 4845 3204 4900 semper
3225 4823 3518 4907 Sarbarus,
3544 4823 3812 4907 Heraclio

2210 4896 2600 4978 opponendum
2621 4896 3204 4978 ratus_'(sua‘namque
3220 4899 3397 4978 tueri.
3425 4912 3586 4978 quam
3621 4896 3810 4950 aliena

2213 4967 2408 5048 rapere
2430 4977 2618 5048 satius
2649 4967 2963 5048 videbatur)
2995 4967 3187 5048 missis
3220 4967 3608 5048 litteris‘adnse
3642 4980 3813 5048 revo-

2211 5035 2305 5103 ca't
2333 5067 2348 5104 :
2387 5047 2532 5102 idem
2563 5043 2916 5115 postmodum
2945 5035 3103 5115 'anno
3130 5039 3375 5097 Heraclii
3414 5038 3481 5092 18
3509 5035 3619 5115 GP.
3651 5036 3811 5090 obsi-

2212 5119 2376 5174 dione
2393 5105 2592 5180 soluta',
2606 5114 3007 5186 Cltalcedonem
3029 5111 3225 5186 iterum
3253 5123 3504 5186 reversus
3517 5105 3812 5186 aCltosroe

2214 5204 2411 5245 rursus
2463 5179 2791 5242 accersitur.
2848 5183 3054 5238 Verum
3116 5181 3425 5241 Heraclius,
3481 5179 3812 5246 interceptis

2215 5259 2477 5314 Chosrois
2509 5257 2734 5319 litteris,
2766 5253 2923 5308 fictas
2969 5255 3109 5308 alias
3139 5251 3402 5321 supponit
3432 5246 3501 5302 ad
3534 5245 3812 5300 Sarbara-

2215 5345 2361 5395 zam,
2386 5344 2452 5383 ac
2475 5344 2544 5384 ne
2569 5327 2715 5383 vires
2736 5327 3029 5396 Persarum
3053 5337 3246 5377 omnes
3269 5322 3324 5396 in
3349 5335 3408 5375 se
3433 5324 3808 5396 converteret,

2215 5392 2520 5456 Chosroem
2570 5397 2744 5453 solum
2805 5394 2968 5467 facile
3021 5392 3394 5467 superandum
3439 5397 3620 5448 ratus.
3649 5392 3803 5467 “ejus

2219 5470 2442 5525 nomine
2490 5469 2839 5524 Sarbarazan
2865 5463 3024 5532 jubet
3049 5460 3334 5517 Romanos
3367 5460 3500 5532 lines
3534 5460 3811 5532 continuo

2217 5551 2396 5595 marte
2424 5538 2712 5594 infestare.
2735 5527 2907 5589 Fictis
2937 5533 3093 5588 hisce
3117 5533 3315 5587 litteris
3345 5533 3412 5585 ad
3440 5527 3808 5582 Sarbarazam

2217 5611 2434 5675 delatis,
2490 5624 2668 5678 coque
2723 5603 2993 5678 Bithyniae
3039 5599 3805 5678 _agros__bello__lacessente,

2220 5667 2870 5750 Persia'quaquavcrsus
2894 5667 3175 5750 victricem
3223 5670 3458 5750 lleraelii
3522 5667 3805 5750 fortunam

2219 5737 2484 5815 reverita:
2513 5737 2637 5818 ejus
2683 5746 2851 5800 armis
2886 5745 3298 5818 subjiciebatur.
3335 5741 3502 5796 Plura
3531 5737 3802 5793 Petavius

2223 5823 2276 5878 in
2305 5815 2694 5893 Nicephorum,
2732 5831 2849 5890 pag.
2883 5815 2971 5870 68.
