4046 6446
263 385 359 451 641

1557 379 2231 444 CHRONOG-RAPHIA.

3423 389 3528 453 042

267 500 532 572 Χοσρόηνν
567 500 600 570 ἦ
635 498 735 571 τὴν
771 499 996 571 εερὴνην
1027 497 1407 562 ἀσπάσασθαι,
1445 496 1479 568 ἢ
1525 496 1723 550 ἑαυτὸν
1761 497 1842 558 είς
1875 523 1885 557 Α

1959 513 2064 552 :em
2093 498 2540 568 amplecteretur,
2575 510 2671 556 aut
2715 510 2866 558 certe
2909 519 3074 574 quam
3102 505 3270 563 citius
3303 507 3357 562 in
3392 508 3524 564 Per-

267 594 360 664 τὴν
385 591 628 663 Περσίδα
652 594 751 647 σὺν
777 591 856 663 τῷ
889 591 1086 646 ἑαυτοῦ
1118 589 1339 662 στρατῷ
1363 590 1660 646 εἰσϐαλεῖν.
1705 589 1764 641 '0
1791 589 1849 641 δὲ

268 684 514 755 Χοσρὸης
549 681 674 736 οὔτε
715 681 814 754 τὴν
848 684 1074 754 εἰρήνην
1105 683 1407 752 ἠσπάζετο,
1459 681 1584 735 οὔτε
1639 699 1695 733 τι
1738 679 1848 733 τῶν

269 778 439 846 λόγων
471 777 659 846 ἠγεῖτο
675 775 745 840 ⁸⁸,
794 777 878 828 ὅτι
916 776 1238 846 Ἡράκλειος
1290 775 1464 845 τολμᾷ
1508 777 1575 843 τῇ
1624 772 1848 844 Περσίδι

270 869 664 940 πλησιάσαι.ὐ
686 867 744 921 δὲ
775 867 1028 938 βασιλεὺς
1053 871 1120 939 τῇ
1151 869 1372 938 εἰκοστῇ
1406 866 1502 918 τοῦ
1531 865 1848 935 ’Λπριλλίου

272 961 437 1031 μηνὸς
452 961 500 991 ⁸⁵
516 958 798 1012 εἰσέϐαλεν
827 960 908 1022 είς
934 959 1036 1030 τὴν
1069 957 1327 1028 Περσίδα,
1348 959 1444 1012 καὶ
1476 957 1665 1027 μαθὼν
1688 957 1851 1010 τοῦτο

270 1051 515 1122 Χοσρόης
547 1051 639 1103 τὸν
680 1049 1044 1122 Σαρϐαραζᾶν
1083 1049 1480 1120 decempedam"
1531 1048 1846 1102 ἐκέλευσενσ

274 1146 362 1197 καὶ
400 1142 740 1207 ἑπισυνάξας
790 1145 856 1197 ὲκ
884 1143 1067 1214 πάσης
1097 1144 1196 1215 τῆς
1243 1145 1508 1215 Περσίδος
1545 1145 1616 1197 τὰ
1649 1143 1846 1196 ἑαυτοῦ

274 1234 680 1304 στρατεύματα,
714 1235 809 1287 καὶ
851 1235 1132 1305 παραδοὺς
1160 1233 1303 1288 αὐτά
1343 1234 1424 1305 τῷ
1466 1234 1613 1304 Σάην
1627 1235 1674 1267 ³⁸
1708 1235 1851 1289 κατὰ

303 1329 434 1399 άχος
471 1326 744 1396 ἑνωθῆναι
775 1327 916 1380 αὑτά
958 1327 1034 1396 τῷ
1064 1326 1429 1399 Σαρϐαραζᾶν
1476 1325 1812 1399 προσέταξεν
1833 1341 1847 1354 ·

272 1423 361 1474 καὶ
414 1419 561 1474 οὕτω
602 1422 856 1490 χωρῆσαι
887 1419 1030 1473 κατὰ
1061 1419 1158 1473 τοῦ
1193 1419 1488 1490 βασιλέως.
1528 1419 1852 1490 Ἡράκλειος

266 1513 322 1567 δὲ
371 1511 893 1584 προσκαλεσάμενος
939 1513 999 1568 τὺ
1031 1513 1227 1567 ἑαυτοῦ
1277 1513 1619 1585 στράτευμα,
1671 1513 1852 1582 λόγοις

268 1605 679 1675 παραινετικοίς
735 1605 1010 1677 διήγειρεν
1061 1605 1280 1669 αὐτοὺς,
1341 1605 1557 1675 λέγων’
1586 1606 1850 1674 Ἄνδρες,

267 1697 525 1764 ἀδελφοί
574 1713 721 1766 μου,
777 1695 1054 1766 λάϐωμεν
1084 1701 1172 1764 εἰς
1213 1697 1371 1752 νοῦν
1411 1697 1522 1751 τὸν
1553 1697 1662 1752 τοῦ
1703 1698 1852 1753 Θεοῦ

267 1790 476 1858 φόϐον,
503 1789 604 1842 καὶ
630 1789 1060 1859 ἀγωνισώμεθα
1089 1788 1204 1856 τὴν
1229 1790 1336 1845 τοῦ
1373 1791 1524 1845 Θεοῦ
1551 1791 1725 1858 ὕϐριν
1755 1791 1854 1843 ὲκ-

1951 587 2124 643 sidem
2174 591 2514 658 irrupturmn
2566 607 2625 646 se
2661 593 3093 662 pnestolaretur.
3128 597 3196 652 At
3246 599 3526 655 Cbosroes

1951 695 2127 750 neque
2158 683 2310 751 pacis
2351 697 2636 740 sermones
2692 686 2936 750 admisit,
2986 699 3038 743 et
3071 687 3306 744 Heraclii
3347 692 3528 747 minus

1949 785 2051 840 pro
2104 772 2278 826 nihilo
2332 772 2614 828 habendas
2666 775 2844 839 duxit,
2891 776 2983 844 qui
3030 792 3155 830 eum
3186 777 3240 830 in
3277 777 3524 832 Persium

1950 864 2178 934 propius
2256 865 2521 920 accedere
2551 881 2656 920 non
2691 881 2953 920 ausurum
2983 877 3252 938 speraret.
3285 871 3527 940 Impera-

1950 954 2037 1010 tor
2065 959 2252 1026 itaque
2305 959 2511 1012 mensis
2539 958 2747 1027 Aprilis
2774 960 2863 1014 die
2897 960 3160 1029 vigesimo
3191 963 3244 1016 in
3279 961 3525 1018 Persiam

1949 1050 2312 1118 irruptionem
2373 1051 2726 1122 fecitzquod
2788 1054 2879 1108 ubi
2930 1057 3160 1110 rescivit
3226 1056 3527 1119 Chosroes.

1953 1144 2312 1198 Sarbarazam
2341 1153 2584 1208 revocat,
2624 1155 2678 1200 et
2712 1146 2959 1203 collectis
3003 1164 3068 1203 ex
3103 1149 3360 1205 universa
3398 1150 3530 1204 l’er-

1951 1236 2070 1293 side
2096 1239 2293 1308 c0piis,
2326 1238 2504 1308 iisque
2533 1238 2624 1293 Sai
2653 1238 2780 1295 duci
2807 1241 3144 1307 commissis,
3173 1259 3337 1312 quam
3363 1244 3528 1298 citius

1953 1330 2276 1386 Sarbarazae
2303 1331 2629 1404 adjungeret
2660 1347 2740 1396 se,
2788 1343 2848 1387 ut
2879 1334 3088 1389 viribus
3129 1335 3300 1391 unitis
3331 1336 3386 1390 in
3426 1336 3532 1389 im-

1951 1433 2261 1495 peratorcm
2291 1425 2774 1495 progrederemur,
2809 1425 2998 1480 edixit.
3029 1424 3312 1482 Heraclius
3349 1436 3529 1482 autem

1954 1526 2149 1572 vocato
2173 1517 2238 1572 ad
2270 1517 2659 1573 allocutionem
2684 1519 2956 1581 exercitu,
2988 1518 3176 1574 verbis
3204 1517 3270 1572 ad
3295 1518 3534 1573 suaden-

1953 1606 2082 1662 dum
2119 1607 2266 1677 aptis
2318 1608 2536 1661 animos
2591 1622 2783 1662 eorum
2819 1608 3204 1663 excitaturus:
3247 1607 3382 1675 Viri,
3416 1608 3533 1678 fra-

1958 1710 2081 1761 tres.
2119 1701 2318 1770 inquit,
2354 1699 2455 1754 Dei
2487 1701 2733 1754 timorem
2771 1701 2828 1755 in
2862 1701 3099 1754 animum
3127 1700 3536 1766 inducamus,et

1956 1793 2070 1862 ejus
2121 1791 2351 1860 injurias
2389 1792 2580 1846 ulcisci
2632 1792 3033 1848 contendamus.
3101 1791 3312 1848 Stemus
3356 1795 3536 1848 animo

269 1880 602 1948 omnia-at".
665 1858 912 1951 Στῶμεν
940 1883 1231 1951 γενναίως
1281 1883 1411 1936 κατ’
1447 1883 1680 1951 ἐχθρῶν
1733 1883 1854 1938 τῶν

1959 1858 2086 1952 forti
2119 1858 2183 1936 in—
2203 1884 2400 1948 hostes,
2437 1899 2468 1935 a
2496 1883 2686 1952 quibus
2711 1882 2979 1952 hucusque
3007 1880 3304 1938 Christiani
3335 1890 3410 1936 tot
3432 1881 3535 1934 ad-

276 1975 474 2028 πολλὰ
503 1973 673 2027 δεινὰ
689 1976 1072 2041 Χριστιανοῖς
1086 1975 1530 2046 ἐργασαμένων.
1557 1976 1855 2032 Αὶδεσθῶ-

277 2081 398 2136 μεν
437 2064 502 2120 τὸ
531 2063 651 2119 τῶν
699 2067 993 2136 Ῥωμαίων
1045 2067 1390 2122 ἀδέσποτον
1445 2071 1664 2137 κράτος
1685 2111 1700 2135 ,
1756 2070 1855 2123 καί

281 2155 518 2227 στῶμεν
571 2157 702 2210 κατ’
762 2157 996 2227 ἐχθρῶν
1057 2157 1372 2225 δυσσεϐῶς
1432 2159 1852 2230 ὡπλισμένων.

277 2249 556 2318 Λάϐωμεν
587 2251 803 2304 πίστιν
831 2251 952 2304 τῶν
979 2251 1186 2320 φόνων
1205 2254 1250 2284 ⁶⁰
1273 2253 1655 2322 φονεύτριαν.
1683 2255 1853 2310 Ἀνα-

274 2342 646 2413 λογισώμεθα
706 2344 740 2397 ὅ
747 2362 798 2398 τι
855 2344 1038 2398 ἔνδον
1067 2345 1259 2414 ἐσμὲν
1296 2345 1409 2414 τῆς
1436 2347 1559 2401 τῶν
1606 2348 1858 2414 Περσῶν

274 2435 406 2504 γῆς,
435 2437 535 2489 καί
553 2436 829 2506 μεγάλου·
849 2437 1142 2492 κίνδυνον
1168 2438 1208 2505 ἡ
1243 2437 1406 2508 φυγὴ
1437 2438 1622 2508 φέρει.
1666 2439 1860 2494 Ἔκδι-

268 2527 560 2597 κήσωμεν
588 2529 699 2596 τὰς
740 2530 967 2598 φθορὰς
994 2531 1114 2584 τῶν
1139 2530 1478 2598 παρθένων,
1521 2530 1595 2584 τὰ
1651 2548 1858 2602 τετμη-

258 2618 425 2687 μένα
441 2618 600 2688 μέλη
639 2619 761 2674 τῶν
787 2621 1167 2688 στρατιωτῶν
1189 2619 1467 2690 ὁρῶντες,
1495 2621 1860 2692 πονήσωμεν

263 2711 379 2778 τὰς
426 2712 700 2780 καρδίας.
767 2715 890 2767 οὐκ
934 2714 1108 2768 ἐστιν
1146 2716 1179 2768 ό
1240 2713 1530 2780 κίνδυνος
1581 2713 1856 2783 ἄμισθος,

263 2803 436 2859 ἀλλὰ
463 2805 575 2874 τῆς
624 2807 870 2862 αίωνίου
900 2806 1088 2873 δόξης
1115 2807 1430 2874 πρόξενος.
1473 2806 1714 2877 Στῶμεν
1749 2810 1858 2862 ἀν-

262 2895 507 2964 δρείως,
547 2897 648 2952 καί
686 2901 899 2968 Κύριος
923 2902 954 2953 ὁ
979 2899 1121 2966 Θεὸς
1159 2899 1528 2970 συνεργήσει
1555 2900 1733 2970 ἡμᾶς,
1759 2901 1859 2956 καί

267 2987 482 3043 ὀλέσει
523 2989 666 3058 τοὺς
702 2991 956 3060 ἐχθροὺς
993 2991 1185 3060 ἡμῶν.
1240 2991 1426 3044 Ταῦτα
1477 2992 1536 3046 δὲ
1579 2993 1675 3046 καὶ
1725 2993 1861 3047 ἄλλα

268 3081 371 3134 τοῦ
427 3082 696 3152 βασιλέως
751 3084 1186 3156 παραινέσαντος
1239 3083 1316 3153 τῷ
1370 3083 1508 3155 λαῷ,
1583 3085 1860 3156 ἀπεκρίθη

1956 1991 2106 2028 versa
2135 1975 2388 2043 perpessi.
2420 1972 2645 2028 Romani
2681 1975 2890 2043 imperii
2917 1973 3248 2042 majestatem
3272 1972 3538 2038 hucusque

1956 2068 2272 2122 indomitam
2308 2065 2564 2120 Barbaris
2596 2066 2935 2121 succumbere
2979 2068 3174 2134 pudeat
3217 2081 3332 2131 nos,
3362 2074 3410 2119 et
3439 2065 3534 2118 ho-

1957 2159 2128 2215 stibus
2167 2176 2321 2213 arma
2353 2159 2517 2230 impia
2557 2158 2917 2213 tractantibus
2949 2159 3201 2212 invictum
3229 2167 3409 2227 pectus
3446 2174 3538 2226 op-

1956 2267 2237 2322 ponamus.
2265 2250 2394 2306 Fide
2428 2252 2616 2305 mortis
2651 2267 2713 2304 ac
2733 2259 2905 2304 metus
2931 2251 3103 2304 omnis
3133 2249 3539 2315 triumphatrice

1958 2345 2324 2416 accingamur.
2371 2343 2438 2399 In
2491 2342 2727 2400 Persica:
2778 2343 2999 2399 ditionis
3028 2344 3327 2399 meditullio
3360 2343 3536 2397 consi-

1959 2447 2098 2492 stere
2122 2455 2218 2492 nos
2254 2437 2688 2506 contemplemur,
2717 2447 2766 2492 et
2793 2448 3048 2506 quantum
3082 2436 3378 2502 periculum
3412 2437 3540 2506 fuga

1961 2547 2139 2588 secum
2165 2533 2335 2587 vehat.
2369 2530 2661 2598 Corruptos
2688 2532 2914 2602 uirgines
2950 2539 3164 2584 nostras
3190 2529 3539 2584 ulciscamur:

1963 2626 2091 2680 visis
2122 2625 2544 2680 commilitonum
2575 2635 2879 2678 nostrorum
2913 2622 3161 2677 membris
3210 2621 3343 2692 fiede
3384 2632 3538 2674 trnn-
3635 2687 3641 2692 ν

1961 2718 2119 2782 catis,
2153 2733 2256 2787 qua
2291 2716 2458 2784 decet,
2508 2716 2684 2772 cordis
2721 2715 3090 2784 compassione
3137 2730 3224 2768 eos
3258 2729 3544 2784 prosequa-

1963 2829 2102 2867 mur.
2146 2811 2451 2866 Periculum
2484 2810 2720 2865 mercede
2750 2807 2896 2862 haud
2928 2816 3101 2869 vacat,
3135 2806 3261 2876 quin
3293 2807 3402 2859 imo
3418 2819 3542 2873 per~

1961 2915 2136 2973 petua:
2181 2903 2367 2974 gloria!
2410 2917 2663 2956 coronam
2714 2907 3064 2970 promeretur.
3100 2894 3339 2950 Fortiter
3367 2895 3546 2964 itaque

1962 3012 2210 3066 geramus
2243 3013 2363 3057 nos,
2389 2993 2662 3064 suppetias
2685 2992 2836 3045 dabit
2860 2990 3028 3055 Deus,
3061 2997 3373 3058 nostrosque
3401 2987 3546 3041 dele-

1965 3091 2039 3144 bit
2068 3090 2336 3144 inimicos.
2357 3086 2456 3144 His
2487 3096 2543 3142 et
2572 3087 2696 3142 aliis
2730 3083 3005 3141 similibus
3041 3080 3361 3150 imperatori
3385 3095 3546 3136 exer-

271 3173 433 3243 αὐτῷ
461 3168 542 3238 εἷς
566 3173 709 3246 ὑπὲρ
739 3177 990 3228 πάντωνο
1023 3175 1346 3241 Ἦπλωσας
1383 3174 1554 3244 ἡμῶν
1589 3176 1698 3242 τὰς
1721 3193 1860 3245 καρ-

1966 3181 2111 3236 citus
2171 3180 2386 3234 animos
2439 3176 2786 3248 provocanti,
2829 3189 2974 3229 unus
3007 3188 3037 3229 e
3083 3172 3245 3227 turba
3292 3170 3542 3226 omnium

272 3264 438 3330 διας,
468 3265 763 3328 Δέσποτα,
802 3265 868 3319 τὸ
911 3267 1030 3319 σὸν
1066 3267 1378 3332 πλατύνας
1410 3266 1480 3319 ἐν
1510 3269 1861 3335 παραινέσει

269 3361 495 3427 στόμα.
533 3358 805 3423 Ὠξυναν
830 3360 886 3412 οὶ
913 3359 1086 3429 λόγοι
1115 3374 1233 3413 σου
1255 3358 1328 3412 τὰ
1352 3357 1498 3427 ξίφη
1529 3357 1721 3427 ήμῶν,
1760 3359 1860 3414 καί

269 3454 528 3522 ἔμψυχα
563 3451 755 3506 ταῦτα
783 3451 1160 3520 εἰργάσαντο.
1181 3450 1616 3520 Ἅνεπτέρασας
1633 3450 1675 3482 ⁸³
1702 3451 1862 3521 ἡμᾶς

271 3528 376 3598 διὰ
399 3543 522 3598 τῶν
551 3545 770 3613 λόγων.
789 3545 1187 3612 Ἐρυθριωμεν
1215 3543 1287 3597 ἐν
1306 3541 1438 3608 ταῖς
1462 3542 1685 3612 μάχαις
1730 3559 1865 3610 προ·

268 3633 506 3703 ἄγοντα
521 3633 565 3664 ⁸³
590 3631 762 3701 ἡμῶν
787 3648 863 3687 σε
891 3631 1166 3700 ὁρῶντες,
1199 3630 1297 3685 καὶ
1325 3631 1592 3700 ἑπόμεθα
1612 3632 1684 3685 ἐν
1712 3631 1864 3688 πᾶσι

268 3726 407 3792 τοῖς
435 3725 572 3791 σοῖς
605 3725 953 3794 κελεύμασι.
999 3724 1059 3778 '0
1100 3723 1160 3778 δὲ
1206 3723 1461 3794 βασιλεὺς
1487 3722 1772 3778 ἀναλαϐὼν
1803 3722 1864 3777 τὸ

272 3819 625 3891 στράτευμα,
663 3819 824 3881 εὐθὺς
854 3821 911 3871 ὲν
937 3821 1004 3889 τῇ
1052 3817 1307 3889 ὲνδοτέρᾳ
1337 3818 1560 3888 Περσίδι
1593 3817 1864 3890 διεχώρη-

270 3930 398 3976 σεν,
435 3913 569 3983 πυρὶ
599 3912 963 3980 καταφλέγων
993 3910 1095 3974 τὰς
1147 3909 1336 3984 χώρας
1367 3910 1460 3963 καὶ
1487 3910 1604 3974 -τάς
1632 3908 1861 3979 κώμαςο

271 4005 380 4058 καὶ
441 4004 654 4073 γίνεταί
686 4021 741 4056 τι
771 4002 957 4072 θαῦμα
986 4001 1236 4072 φοϐερόν.
1283 4001 1374 4057 Ἐν
1421 4001 1532 4073 γὰρ
1569 4004 1638 4072 τῇ
1673 3999 1860 4072 Θερινῇ

266 4100 460 4168 τροπῇ
504 4097 614 4169 ἀὴρ
643 4098 836 4166 γέγονε
882 4093 1179 4165 δροσώδης,
1233 4093 1583 4164 ψυχαγωγῶν
1613 4093 1707 4149 τὸν
1753 4093 1866 4148 τῶν

283 4189 584 4260 Ῥωμαίων
618 4190 870 4261 στρατὸν,
896 4188 1039 4243 ὥστε
1071 4188 1285 4257 ἀγαθὰς
1317 4187 1542 4250 ἐλπίδας
1575 4186 1867 4242 ἀναλαϐεῖν

271 4281 508 4346 αὐτούς.
549 4281 815 4347 Ἀκούσας
848 4283 908 4336 δὲ
959 4281 1302 4354 Ἡράκλειος,
1358 4281 1442 4334 ὅτι
1501 4280 1752 4352 Χοσρόης
1809 4281 1867 4332 ὲν

185 4395 190 4398 ·
269 4375 520 4446 Γαζακῷ
549 4378 614 4446 τῇ
647 4375 800 4428 πόλει
831 4374 982 4428 ἐστὶν
1037 4374 1134 4428 σὺν
1165 4373 1581 4444 τεσσαράκοντα
1629 4371 1868 4443 χιλιάσιν

1960 3271 2080 3326 vice.
2108 3270 2434 3340 respondit:
2477 3267 2736 3322 Dilatasti
2764 3263 2960 3337 gaudio
2989 3263 3154 3318 corda
3186 3271 3397 3322 nostra,
3450 3261 3549 3314 do-

1959 3361 2122 3422 mine,
2162 3359 2255 3412 ubi
2301 3375 2361 3413 os
2400 3358 2470 3412 ad
2502 3359 2764 3412 orandum
2796 3365 2846 3410 et
2873 3353 3210 3409 suadendum
3252 3350 3543 3406 reclusisti.

1960 3454 2234 3507 Acuerunt
2262 3453 2470 3522 gladios
2499 3467 2765 3522 sermones
2798 3449 2898 3514 tui,
2927 3449 3163 3502 animum
3187 3446 3353 3501 etiam
3378 3445 3546 3498 armis

1963 3547 2162 3600 nostris
2187 3545 2394 3615 loquela
2421 3555 2515 3597 tua
2541 3543 2684 3611 fecit.
2731 3543 2860 3596 Alas
2891 3550 3032 3596 certe
3065 3540 3234 3594 verbis
3259 3537 3547 3592 addidisti.

1963 3633 2340 3688 Erubescimus
2372 3641 2580 3687 tantum
2610 3641 2659 3686 te
2688 3631 2976 3686 exercitum
3017 3627 3333 3699 praecedere,
3379 3633 3430 3680 et
3458 3641 3547 3694 pe-

1963 3726 2155 3781 riculis
2190 3726 2353 3797 obiici
2383 3743 2401 3780 :
2440 3735 2491 3780 et
2519 3726 2582 3780 ob
2613 3727 2667 3778 id
2697 3727 2928 3779 maxime
2952 3724 3124 3793 jussis
3170 3724 3274 3776 tuis
3307 3718 3550 3775 omnibus

1965 3836 2168 3890 semper
2200 3819 2527 3890 parebimus.
2562 3819 2643 3873 Ita
2671 3819 2971 3890 imperator
3017 3813 3265 3871 exercitu
3321 3810 3545 3871 educto,

1967 3916 2021 3970 in
2058 3913 2294 3970 mediam
2322 3913 2500 3983 ipsam
2526 3908 2810 3967 Persidem
2840 3904 3188 3964 velocissime
3218 3901 3548 3975 penetravit,

1965 4019 2018 4065 et
2048 4007 2240 4063 obvias
2270 4019 2521 4076 quasque
2570 4003 2739 4059 urbes
2773 4009 2827 4058 et
2861 3999 3013 4056 vicos
3061 3999 3186 4070 igne
3215 3997 3548 4053 devastavit.

1966 4101 2106 4157 Tum
2159 4114 2292 4156 vero
2348 4100 2622 4154 insuetum
2655 4098 2881 4151 omnino
2925 4100 2982 4150 et
3030 4093 3262 4148 horrore
3321 4087 3548 4160 dignmn

1967 4193 2296 4249 miraculum
2330 4190 2449 4246 ﬁeri
2475 4189 2730 4259 contigit.
2752 4186 2912 4244 Circa
2943 4185 3191 4242 aestivam
3223 4183 3426 4254 quippe
3458 4199 3551 4238 so-

1968 4289 2037 4344 lis
2069 4287 2487 4342 conversionem
2521 4283 2744 4340 roridns
2777 4297 2841 4338 ac
2872 4288 3214 4350 temperatus
3241 4292 3337 4332 aer
3363 4275 3551 4331 reddi—

1968 4389 2058 4436 tns
2087 4379 2225 4434 adeo
2252 4377 2562 4432 Romanum
2611 4373 2883 4430 recreavit
2921 4372 3254 4436 exercitum,
3288 4377 3347 4424 ut
3379 4384 3442 4424 ex
3483 4383 3551 4424 eo

271 4466 497 4538 ἀνδρῶν
529 4466 895 4539 πολεμιστῶν,
919 4465 1179 4538 ὥρμησεν
1214 4467 1337 4521 κατ’
1370 4466 1536 4520 αὐτοῦ
1559 4483 1574 4499 ο
1605 4468 1702 4520 καὶ
1735 4483 1869 4537 προ-

1971 4472 2153 4530 felicis
2201 4479 2434 4527 eventus
2490 4465 2738 4524 secuturi
2797 4463 3038 4519 faustam
3090 4477 3239 4532 spem
3291 4459 3550 4530 concipe-

269 4559 511 4629 πέμψας
559 4559 714 4623 τινὰς
758 4560 869 4614 τῶν
915 4560 1010 4613 ὑπ’
1045 4559 1213 4614 αὐτοῦ
1247 4557 1639 4631 Σαρακηνῶν⁶²
1674 4576 1868 4612 συναν-

266 4652 418 4707 τῶσι
446 4654 514 4726 τῇ
549 4651 644 4706 τοῦ
683 4652 929 4722 Χοσρόου
949 4651 995 4684 ⁸⁸
1039 4651 1222 4724 βίγλᾳ,
1255 4649 1583 4708 καὶτούτων
1611 4651 1736 4716 τοὺς
1767 4651 1868 4723 μὲν

184 4790 196 4800 .
268 4746 498 4802 ἀνεῖλον
515 4745 586 4810 ⁸⁸,
615 4747 743 4810 τοὺς
780 4746 839 4801 δὲ
893 4745 1230 4818 πεδήσαντες
1289 4745 1388 4799 σὺν
1445 4743 1526 4815 τῷ
1573 4742 1869 4815 στρατηγῷ

268 4837 470 4895 αὐτῶν
499 4837 580 4908 τῷ
613 4837 824 4909 βασιλεῖ
861 4839 1270 4910 προσήνεγκαν.
1295 4835 1470 4890 Τοῦτο
1500 4833 1688 4907 μαθὼν
1721 4835 1866 4888 Χοσ-

271 4931 420 5004 ρόης
478 4931 801 4985 καταλιπὼν
830 4928 932 5001 τὴν
962 4928 1118 4983 πόλιν
1137 4929 1234 4983 καὶ
1262 4928 1325 4983 τδ
1353 4929 1692 5002 στράτευμα,
1713 4927 1864 4999 φυγῇ

266 5027 576 5097 ἐχρήσατο.
615 5024 676 5077 Ὀ
728 5023 786 5077 δὲ
826 5021 1152 5094 Ἡράκλειος
1200 5021 1517 5089 ἐπιδιώξας,
1573 5022 1702 5085 τοὺς
1763 5019 1866 5092 μὲν

267 5117 498 5188 φθάσας
526 5115 760 5181 ἀνεῖλεν,
797 5116 849 5168 οἱ
873 5115 931 5169 δὲ
959 5114 1140 5168 λοιποὶ
1168 5113 1435 5184 φυγόντες
1472 5098 1862 5183 διεσκεδάσθη-

271 5227 415 5264 σαν·
457 5209 554 5264 καὶ
598 5206 926 5264 καταλαϐὼν
965 5208 996 5264 ὁ
1031 5205 1284 5279 βασιλεὺς
1315 5205 1417 5275 τὴν
1445 5202 1680 5268 Γαζακῶ
1710 5201 1866 5257 πόλιν

269 5306 336 5358 ὲν
367 5305 438 5374 τῇ
473 5301 759 5373 Ἀνατολῇ,
788 5301 847 5354 ὲν
882 5295 1187 5375 ᾖύπῆρχεν
1218 5299 1248 5352 δ
1279 5298 1408 5362 ναὸς
1438 5296 1532 5352 τοῦ
1565 5295 1746 5368 Πυρδς
1771 5293 1868 5347 καὶ

1964 4574 2110 4624 rent.
2161 4566 2342 4635 Atque
2390 4563 2621 4618 audiens
2684 4559 3006 4622 lleraclius,
3057 4557 3124 4612 ad
3157 4553 3434 4610 Gazacum
3468 4554 3552 4609 ci-

1964 4660 2189 4715 vitatem
2227 4671 2355 4712 cum
2383 4662 2724 4712 armatorum
2755 4652 2824 4708 40
2845 4649 3089 4705 millibus
3115 4647 3420 4702 Cbosroem
3451 4644 3552 4699 ad-

1963 4764 2110 4814 esse,
2147 4753 2300 4802 recta
2327 4743 2397 4799 ad
2431 4758 2559 4799 eum
2592 4740 2904 4798 contendit.
2954 4737 3222 4795 Saraceni
3263 4749 3394 4791 vero
3427 4736 3566 4806 quia

1964 4840 2090 4896 dam
2110 4838 2215 4895 sub
2243 4852 2310 4893 eo
2341 4836 2644 4892 militantes
2675 4832 2743 4888 ad
2770 4828 3227 4903 praecurrendnm
3255 4827 3550 4900 praemissi,

1973 4933 2238 4990 Cbosrois
2287 4927 2710 4987 excubitoribus
2749 4925 2966 4982 obviam
3007 4922 3138 4978 facti
3165 4962 3180 4987 ,
3215 4937 3315 4976 eos
3351 4921 3549 4991 partim

1930 5087 1932 5090 ,
1970 5023 2272 5088 trucidant,
2304 5021 2473 5092 358
2509 5020 2707 5090 partim
2738 5015 2978 5073 vinculis
3036 5014 3382 5084 mancipatos
3422 5025 3548 5070 cum

1970 5116 2110 5172 duce
2134 5114 2201 5170 ad
2221 5112 2574 5184 imperatoris
2590 5118 2949 5181 conspectum
2978 5107 3281 5162 adducunt.
3299 5101 3571 5158 Audiens-

1972 5203 2080 5260 boc
2105 5203 2410 5265 Cbosroes,
2440 5200 2661 5257 deserta
2689 5201 2826 5255 urbe
2850 5207 2907 5255 et
2931 5197 3204 5260 exercitu,
3231 5192 3400 5248 celeri
3422 5188 3551 5259 fuga

1971 5299 2208 5356 salutem
2248 5295 2470 5367 quam.
2519 5292 2842 5364 Insequitur
2864 5287 3174 5352 Heraclius,
3211 5293 3264 5340 et
3288 5276 3570 5356 fugitivo-'

269 5395 345 5450 τὰ
374 5370 637 5468 χρήματα
675 5370 916 5467 Ιξροίσοο
967 5370 1070 5447 τοῦή
1097 5370 1304 5447 Λυδῶν
1337 5389 1604 5462 βασιλέως
1625 5430 1642 5457 ,
1684 5389 1779 5442 καὶ
1828 5389 1864 5461 ἡ

1965 5403 2089 5444 rum
2125 5385 2394 5458 quosdam
2451 5393 2768 5448 assecutus,
2825 5378 3110 5442 interﬁcit,
3161 5375 3300 5431 alios
3351 5370 3548 5444 pedum

278 5463 608 5560 πλανητῶν
636 5463 949 5560 ἀνθράκων,
982 5485 1160 5542 ταῦτα
1186 5482 1371 5540 λαϐὼν
1396 5484 1490 5540 ἐπὶ
1519 5481 1862 5554 Δασταγέρδι

1963 5479 2247 5535 celeritate
2302 5475 2409 5532 sibi
2451 5483 2676 5543 ereptos
2735 5471 2944 5542 passim
2977 5467 3231 5535 dissipat.
3263 5463 3545 5519 Gnaeum

1594 5574 1830 5633 VARIE
1869 5570 2281 5631 LECTIONES.
3193 5569 3198 5574 ’

338 5679 396 5726 ,⁸⁵
429 5676 554 5730 οὔτε
581 5676 674 5729 επὶ
702 5676 795 5729 τὸν
819 5675 979 5744 λόγον
1006 5676 1192 5746 ἠγεῖτο
1217 5673 1256 5729 f.
1329 5675 1374 5709 ³⁸
1407 5671 1574 5795 μεὲνδς
1603 5686 1713 5726 om.
1742 5686 1792 5724 a.
1869 5668 1885 5700 '

343 5747 383 5795 τ-
419 5747 722 5795 ἐκζητῆσαι
749 5748 897 5795 vula.
975 5747 1021 5778 ⁸⁸
1053 5747 1231 5795 ωόνων
1253 5761 1282 5795 a
1311 5745 1350 5795 f-
1380 5744 1449 5795 ωό
1487 5761 1564 5795 ων
1591 5741 1742 5795 vuln.
1815 5737 1860 5769 ⁸¹

1959 5664 2295 5736 Βπυστρέψας
2323 5662 2476 5736 vulg.
2551 5661 2596 5695 "'
2620 5661 2752 5730 Σάϊν
2769 5674 2822 5723 a,
2861 5657 3021 5731 rem?
3058 5671 3108 5711 ο.
3185 5653 3232 5693 τ’
3268 5649 3574 5720 ἐκδικῆσαι,

1959 5744 2026 5790 rt.
2053 5735 2462 5795 ἀνεπτέρωσας.
2536 5733 2590 5765 ⁸⁸
2634 5726 2975 5795 προάγοντα]
3033 5723 3349 5795 προήγοντα
3401 5723 3550 5795 vulg.

277 5765 306 5802 a
338 5723 383 5807 τ,
419 5723 729 5817 excissa;
741 5723 906 5815 ἶνιξῖ
926 5723 1282 5813 ’⁷οδ⁸ἑρῐνὼνέ
1302 5745 1350 5817 Ῑ,
1380 5723 1573 5817 ᾦόόώί
1589 5723 1751 5817 ing.
1783 5723 1860 5817 ,ιι

1959 5744 2026 5817 rt.
2053 5723 2462 5817 ἀνεπτέρωσαξ.
2536 5733 2590 5765 ⁸⁸
2634 5723 3004 5804 προάγονταΓ
3033 5723 3349 5797 προήγοντα
3401 5723 3550 5796 vulg.

277 5820 326 5852 ⁸⁸
365 5807 722 5889 Σαρακηνοὺς
753 5807 900 5889 vulg.
978 5817 1026 5850 “
1057 5807 1154 5871 σὺν
1185 5807 1432 5886 «metu
1460 5811 1555 5868 τοῦ
1582 5807 1752 5884 Χοσρ.
1781 5807 1822 5864 f.

1976 5807 2192 5863 ἀνεῖλεν
2221 5807 2373 5876 vulg.
