  <div class='ocr_page' id='page_1' title='image "/cluster/home/n/w/nwhite01/storage/ocr_20150623/108/coo.31924054870120/352.png"; bbox 0 0 4046 6424; ppageno 0'>
   <div class='ocr_carea' id='block_1_1' title="bbox 270 428 382 491">
    <p class='ocr_par' dir='ltr' id='par_1_1' title="bbox 270 428 382 491">
     <span class='ocr_line' id='line_1_1' title="bbox 270 428 382 491; baseline 0.018 -2"><span class='ocrx_word' id='word_1_1' title='bbox 270 428 382 491; x_wconf 75' lang='lat'><strong>693</strong></span> 
     </span>
    </p>
   </div>
   <div class='ocr_carea' id='block_1_2' title="bbox 1581 441 2257 504">
    <p class='ocr_par' dir='ltr' id='par_1_2' title="bbox 1581 441 2257 504">
     <span class='ocr_line' id='line_1_2' title="bbox 1581 441 2257 504; baseline 0.004 -5"><span class='ocrx_word' id='word_1_2' title='bbox 1581 441 2257 504; x_wconf 72' lang='lat' dir='ltr'><strong>CHRONOGRAPHIA.</strong></span> 
     </span>
    </p>
   </div>
   <div class='ocr_carea' id='block_1_3' title="bbox 3445 446 3601 508">
    <p class='ocr_par' dir='ltr' id='par_1_3' title="bbox 3445 446 3601 508">
     <span class='ocr_line' id='line_1_3' title="bbox 3445 446 3601 508; baseline 0.019 -3"><span class='ocrx_word' id='word_1_3' title='bbox 3445 446 3550 508; x_wconf 65' lang='grc'><strong>694</strong></span> <span class='ocrx_word' id='word_1_4' title='bbox 3599 453 3601 455; x_wconf 76' lang='grc'><strong>’</strong></span> 
     </span>
    </p>
   </div>
   <div class='ocr_carea' id='block_1_4' title="bbox 275 540 1861 627">
    <p class='ocr_par' dir='ltr' id='par_1_4' title="bbox 275 540 1861 623">
     <span class='ocr_line' id='line_1_4' title="bbox 275 540 1861 623; baseline 0.008 -29"><span class='ocrx_word' id='word_1_5' title='bbox 275 540 464 611; x_wconf 79' lang='grc' dir='ltr'>μένιον</span> <span class='ocrx_word' id='word_1_6' title='bbox 494 542 574 612; x_wconf 84' lang='grc' dir='ltr'><strong>τῷ</strong></span> <span class='ocrx_word' id='word_1_7' title='bbox 604 544 752 612; x_wconf 71' lang='grc' dir='ltr'>γένει</span> <span class='ocrx_word' id='word_1_8' title='bbox 789 546 1069 616; x_wconf 70' lang='grc' dir='ltr'>ἰκπὲμπει</span> <span class='ocrx_word' id='word_1_9' title='bbox 1095 548 1505 615; x_wconf 81' lang='grc' dir='ltr'>αὐγουστάλιον.</span> <span class='ocrx_word' id='word_1_10' title='bbox 1534 553 1861 623; x_wconf 76' lang='grc' dir='ltr'>Ηληρωθέν·</span> 
     </span>
    </p>
   </div>
   <div class='ocr_carea' id='block_1_5' title="bbox 1967 540 3549 627">
    <p class='ocr_par' dir='ltr' id='par_1_5' title="bbox 1967 555 3549 627">
     <span class='ocr_line' id='line_1_5' title="bbox 1967 555 3549 627; baseline -0.003 -15"><span class='ocrx_word' id='word_1_11' title='bbox 1967 556 2145 627; x_wconf 86' lang='lat' dir='ltr'><strong>Cyrus</strong></span> <span class='ocrx_word' id='word_1_12' title='bbox 2179 555 2324 626; x_wconf 91' lang='lat' dir='ltr'><strong>apud</strong></span> <span class='ocrx_word' id='word_1_13' title='bbox 2373 555 2760 625; x_wconf 89' lang='lat' dir='ltr'><strong>imperatorem</strong></span> <span class='ocrx_word' id='word_1_14' title='bbox 2791 563 3108 620; x_wconf 85' lang='lat' dir='ltr'><strong>accusatur,</strong></span> <span class='ocrx_word' id='word_1_15' title='bbox 3149 555 3300 626; x_wconf 90' lang='lat' dir='ltr'><strong>quod</strong></span> <span class='ocrx_word' id='word_1_16' title='bbox 3329 555 3549 627; x_wconf 68' lang='lat' dir='ltr'><strong>zEgypti</strong></span> 
     </span>
    </p>
   </div>
   <div class='ocr_carea' id='block_1_6' title="bbox 268 634 1861 718">
    <p class='ocr_par' dir='ltr' id='par_1_6' title="bbox 268 634 1861 718">
     <span class='ocr_line' id='line_1_6' title="bbox 268 634 1861 718; baseline 0.011 -33"><span class='ocrx_word' id='word_1_17' title='bbox 268 648 360 695; x_wconf 81' lang='grc' dir='ltr'><strong>τος</strong></span> <span class='ocrx_word' id='word_1_18' title='bbox 403 634 462 686; x_wconf 78' lang='grc' dir='ltr'>δὲ</span> <span class='ocrx_word' id='word_1_19' title='bbox 490 634 587 688; x_wconf 78' lang='grc' dir='ltr'>τοῦ</span> <span class='ocrx_word' id='word_1_20' title='bbox 639 638 857 706; x_wconf 81' lang='grc' dir='ltr'>χρόνου,</span> <span class='ocrx_word' id='word_1_21' title='bbox 904 639 953 690; x_wconf 87' lang='grc' dir='ltr'><strong>οί</strong></span> <span class='ocrx_word' id='word_1_22' title='bbox 998 639 1107 692; x_wconf 83' lang='grc' dir='ltr'><strong>τῶν</strong></span> <span class='ocrx_word' id='word_1_23' title='bbox 1159 641 1497 714; x_wconf 83' lang='grc' dir='ltr'>Σαρακηνῶν</span> <span class='ocrx_word' id='word_1_24' title='bbox 1549 647 1861 718; x_wconf 79' lang='grc' dir='ltr'><strong>πράκτορες</strong></span> 
     </span>
    </p>
   </div>
   <div class='ocr_carea' id='block_1_7' title="bbox 272 724 1864 804">
    <p class='ocr_par' dir='ltr' id='par_1_7' title="bbox 272 724 1864 804">
     <span class='ocr_line' id='line_1_7' title="bbox 272 724 1864 804; baseline 0.012 -29"><span class='ocrx_word' id='word_1_25' title='bbox 272 724 645 794; x_wconf 76' lang='grc' dir='ltr'><strong>παρεγένοντο</strong></span> <span class='ocrx_word' id='word_1_26' title='bbox 671 727 768 782; x_wconf 83' lang='grc' dir='ltr'>τοῦ</span> <span class='ocrx_word' id='word_1_27' title='bbox 804 729 851 762; x_wconf 79' lang='grc'><strong><em>⁸⁸</em></strong></span> <span class='ocrx_word' id='word_1_28' title='bbox 878 729 1066 784; x_wconf 80' lang='grc' dir='ltr'>λαϐεῖν</span> <span class='ocrx_word' id='word_1_29' title='bbox 1100 731 1164 785; x_wconf 73' lang='grc' dir='ltr'>τὸ</span> <span class='ocrx_word' id='word_1_30' title='bbox 1192 735 1436 804; x_wconf 84' lang='grc' dir='ltr'>χρυσίον.</span> <span class='ocrx_word' id='word_1_31' title='bbox 1478 735 1537 790; x_wconf 83' lang='grc' dir='ltr'><strong>Ὀ</strong></span> <span class='ocrx_word' id='word_1_32' title='bbox 1570 738 1617 770; x_wconf 69' lang='grc'><strong>⁵⁸</strong></span> <span class='ocrx_word' id='word_1_33' title='bbox 1651 739 1706 791; x_wconf 78' lang='grc' dir='ltr'><strong>δὲ</strong></span> <span class='ocrx_word' id='word_1_34' title='bbox 1739 740 1864 794; x_wconf 84' lang='grc' dir='ltr'><strong>Μα-</strong></span> 
     </span>
    </p>
   </div>
   <div class='ocr_carea' id='block_1_8' title="bbox 269 815 1859 898">
    <p class='ocr_par' dir='ltr' id='par_1_8' title="bbox 269 815 1859 898">
     <span class='ocr_line' id='line_1_8' title="bbox 269 815 1859 898; baseline 0.014 -32"><span class='ocrx_word' id='word_1_35' title='bbox 269 815 434 886; x_wconf 77' lang='grc' dir='ltr'>νουὴλ</span> <span class='ocrx_word' id='word_1_36' title='bbox 472 818 795 890; x_wconf 65' lang='grc' dir='ltr'>ἀπράκτους</span> <span class='ocrx_word' id='word_1_37' title='bbox 825 824 1026 889; x_wconf 82' lang='grc' dir='ltr'>αὐτοὺς</span> <span class='ocrx_word' id='word_1_38' title='bbox 1067 823 1345 890; x_wconf 75' lang='grc' dir='ltr'><strong>ἐξελαύνει</strong></span> <span class='ocrx_word' id='word_1_39' title='bbox 1375 828 1575 898; x_wconf 79' lang='grc' dir='ltr'>λέγων,</span> <span class='ocrx_word' id='word_1_40' title='bbox 1613 832 1696 885; x_wconf 84' lang='grc' dir='ltr'>ὅτι</span> <span class='ocrx_word' id='word_1_41' title='bbox 1735 834 1859 887; x_wconf 85' lang='grc' dir='ltr'><strong>Οὐκ</strong></span> 
     </span>
    </p>
   </div>
   <div class='ocr_carea' id='block_1_9' title="bbox 266 909 1860 993">
    <p class='ocr_par' dir='ltr' id='par_1_9' title="bbox 266 909 1860 993">
     <span class='ocr_line' id='line_1_9' title="bbox 266 909 1860 993; baseline 0.011 -32"><span class='ocrx_word' id='word_1_42' title='bbox 266 909 385 980; x_wconf 66' lang='grc' dir='ltr'>εἰμι</span> <span class='ocrx_word' id='word_1_43' title='bbox 408 911 527 981; x_wconf 75' lang='grc' dir='ltr'><strong>ἐγὼ</strong></span> <span class='ocrx_word' id='word_1_44' title='bbox 571 913 766 982; x_wconf 77' lang='grc' dir='ltr'>Κῦρος</span> <span class='ocrx_word' id='word_1_45' title='bbox 793 917 825 970; x_wconf 85' lang='grc' dir='ltr'><em>ὀ</em></span> <span class='ocrx_word' id='word_1_46' title='bbox 869 915 1124 985; x_wconf 75' lang='grc' dir='ltr'>ἄοπλος,</span> <span class='ocrx_word' id='word_1_47' title='bbox 1170 919 1271 974; x_wconf 80' lang='grc' dir='ltr'><strong>ἵνα</strong></span> <span class='ocrx_word' id='word_1_48' title='bbox 1307 922 1456 990; x_wconf 76' lang='grc' dir='ltr'>τέλη</span> <span class='ocrx_word' id='word_1_49' title='bbox 1479 923 1527 957; x_wconf 85' lang='grc'><strong><em>³⁸</em></strong></span> <span class='ocrx_word' id='word_1_50' title='bbox 1571 925 1715 993; x_wconf 80' lang='grc' dir='ltr'><strong>ὑμῖν</strong></span> <span class='ocrx_word' id='word_1_51' title='bbox 1744 940 1860 979; x_wconf 79' lang='grc' dir='ltr'>πα-</span> 
     </span>
    </p>
   </div>
   <div class='ocr_carea' id='block_1_10' title="bbox 258 998 1862 1082">
    <p class='ocr_par' dir='ltr' id='par_1_10' title="bbox 258 998 1862 1082">
     <span class='ocr_line' id='line_1_10' title="bbox 258 998 1862 1082; baseline 0.014 -32"><span class='ocrx_word' id='word_1_52' title='bbox 258 998 480 1069; x_wconf 73' lang='grc' dir='ltr'>ράσχω</span> <span class='ocrx_word' id='word_1_53' title='bbox 505 1017 517 1031; x_wconf 91' lang='grc'><strong>·</strong></span> <span class='ocrx_word' id='word_1_54' title='bbox 541 1001 684 1058; x_wconf 68' lang='grc' dir='ltr'><strong>ἀλλ’</strong></span> <span class='ocrx_word' id='word_1_55' title='bbox 705 1004 823 1075; x_wconf 83' lang='grc' dir='ltr'><strong>ὲτὼ</strong></span> <span class='ocrx_word' id='word_1_56' title='bbox 849 1006 1114 1076; x_wconf 73' lang='grc' dir='ltr'>ἐγοπλός</span> <span class='ocrx_word' id='word_1_57' title='bbox 1132 1010 1178 1042; x_wconf 83' lang='grc'>⁸⁸</span> <span class='ocrx_word' id='word_1_58' title='bbox 1206 1015 1346 1082; x_wconf 80' lang='grc' dir='ltr'>ειμι.</span> <span class='ocrx_word' id='word_1_59' title='bbox 1371 1013 1591 1070; x_wconf 82' lang='grc' dir='ltr'><strong>Τούτων</strong></span> <span class='ocrx_word' id='word_1_60' title='bbox 1615 1016 1862 1077; x_wconf 57' lang='grc' dir='ltr'>δὲάπελ-</span> 
     </span>
    </p>
   </div>
   <div class='ocr_carea' id='block_1_11' title="bbox 268 1089 1861 1176">
    <p class='ocr_par' dir='ltr' id='par_1_11' title="bbox 268 1089 1861 1176">
     <span class='ocr_line' id='line_1_11' title="bbox 268 1089 1861 1176; baseline 0.011 -35"><span class='ocrx_word' id='word_1_61' title='bbox 268 1089 476 1144; x_wconf 70' lang='grc' dir='ltr'>θέντων</span> <span class='ocrx_word' id='word_1_62' title='bbox 506 1091 727 1158; x_wconf 74' lang='grc' dir='ltr'>εὐθέως,</span> <span class='ocrx_word' id='word_1_63' title='bbox 763 1097 1076 1163; x_wconf 77' lang='grc' dir='ltr'><strong>ὁπλίζονται</strong></span> <span class='ocrx_word' id='word_1_64' title='bbox 1105 1102 1153 1155; x_wconf 80' lang='grc' dir='ltr'>οἱ</span> <span class='ocrx_word' id='word_1_65' title='bbox 1199 1103 1510 1175; x_wconf 75' lang='grc' dir='ltr'>Εαρακηνοὶ</span> <span class='ocrx_word' id='word_1_66' title='bbox 1538 1107 1660 1160; x_wconf 84' lang='grc' dir='ltr'>κατ’</span> <span class='ocrx_word' id='word_1_67' title='bbox 1687 1109 1861 1176; x_wconf 77' lang='grc' dir='ltr'>Αίγύ-</span> 
     </span>
    </p>
   </div>
   <div class='ocr_carea' id='block_1_12' title="bbox 266 1185 1857 1271">
    <p class='ocr_par' dir='ltr' id='par_1_12' title="bbox 266 1185 1857 1271">
     <span class='ocr_line' id='line_1_12' title="bbox 266 1185 1857 1271; baseline 0.013 -37"><span class='ocrx_word' id='word_1_68' title='bbox 266 1198 446 1235; x_wconf 77' lang='grc' dir='ltr'>πτουο</span> <span class='ocrx_word' id='word_1_69' title='bbox 493 1185 589 1240; x_wconf 79' lang='grc' dir='ltr'>καὶ</span> <span class='ocrx_word' id='word_1_70' title='bbox 639 1188 978 1259; x_wconf 77' lang='grc' dir='ltr'><strong>συνάψαντες</strong></span> <span class='ocrx_word' id='word_1_71' title='bbox 1031 1193 1175 1248; x_wconf 83' lang='grc' dir='ltr'>κατὰ</span> <span class='ocrx_word' id='word_1_72' title='bbox 1198 1195 1242 1227; x_wconf 81' lang='grc'><strong>⁸⁷</strong></span> <span class='ocrx_word' id='word_1_73' title='bbox 1291 1197 1550 1268; x_wconf 79' lang='grc' dir='ltr'>Μανουὴλ</span> <span class='ocrx_word' id='word_1_74' title='bbox 1600 1199 1857 1271; x_wconf 80' lang='grc' dir='ltr'>πόλεμον,</span> 
     </span>
    </p>
   </div>
   <div class='ocr_carea' id='block_1_13' title="bbox 267 1275 1861 1357">
    <p class='ocr_par' dir='ltr' id='par_1_13' title="bbox 267 1275 1861 1357">
     <span class='ocr_line' id='line_1_13' title="bbox 267 1275 1861 1357; baseline 0.013 -31"><span class='ocrx_word' id='word_1_75' title='bbox 267 1275 640 1331; x_wconf 80' lang='grc' dir='ltr'>ἀπελαύνουσι</span> <span class='ocrx_word' id='word_1_76' title='bbox 692 1280 904 1337; x_wconf 83' lang='grc' dir='ltr'>τοῦτον.</span> <span class='ocrx_word' id='word_1_77' title='bbox 947 1284 1122 1349; x_wconf 81' lang='grc' dir='ltr'>Αὐτὸς</span> <span class='ocrx_word' id='word_1_78' title='bbox 1147 1285 1204 1340; x_wconf 81' lang='grc' dir='ltr'>δὲ</span> <span class='ocrx_word' id='word_1_79' title='bbox 1239 1289 1358 1357; x_wconf 85' lang='grc' dir='ltr'>μετ’</span> <span class='ocrx_word' id='word_1_80' title='bbox 1387 1288 1587 1357; x_wconf 79' lang='grc' dir='ltr'>ὀλίγων</span> <span class='ocrx_word' id='word_1_81' title='bbox 1622 1292 1785 1345; x_wconf 84' lang='grc' dir='ltr'>τινῶν</span> <span class='ocrx_word' id='word_1_82' title='bbox 1813 1293 1861 1326; x_wconf 84' lang='grc'><strong>³⁸</strong></span> 
     </span>
    </p>
   </div>
   <div class='ocr_carea' id='block_1_14' title="bbox 265 1365 1860 1456">
    <p class='ocr_par' dir='ltr' id='par_1_14' title="bbox 265 1365 1860 1456">
     <span class='ocr_line' id='line_1_14' title="bbox 265 1365 1860 1456; baseline 0.012 -36"><span class='ocrx_word' id='word_1_83' title='bbox 265 1368 350 1432; x_wconf 83' lang='grc' dir='ltr'>εἰς</span> <span class='ocrx_word' id='word_1_84' title='bbox 401 1365 818 1443; x_wconf 79' lang='grc' dir='ltr'>Ἀλεξάνδρειαν</span> <span class='ocrx_word' id='word_1_85' title='bbox 862 1375 1214 1442; x_wconf 83' lang='grc' dir='ltr'>διασώζεται.</span> <span class='ocrx_word' id='word_1_86' title='bbox 1263 1379 1397 1434; x_wconf 87' lang='grc' dir='ltr'><strong>Τότε</strong></span> <span class='ocrx_word' id='word_1_87' title='bbox 1444 1383 1494 1434; x_wconf 79' lang='lat' dir='ltr'><strong>oi</strong></span> <span class='ocrx_word' id='word_1_88' title='bbox 1549 1384 1860 1456; x_wconf 76' lang='grc' dir='ltr'>Σαρακηνοὶ</span> 
     </span>
    </p>
   </div>
   <div class='ocr_carea' id='block_1_15' title="bbox 262 1460 1858 1547">
    <p class='ocr_par' dir='ltr' id='par_1_15' title="bbox 262 1460 1858 1547">
     <span class='ocr_line' id='line_1_15' title="bbox 262 1460 1858 1547; baseline 0.011 -36"><span class='ocrx_word' id='word_1_89' title='bbox 262 1460 701 1532; x_wconf 78' lang='grc' dir='ltr'>ἐφορολότησαν.</span> <span class='ocrx_word' id='word_1_90' title='bbox 764 1465 1034 1532; x_wconf 82' lang='grc' dir='ltr'>’Δκούσας</span> <span class='ocrx_word' id='word_1_91' title='bbox 1093 1469 1150 1522; x_wconf 80' lang='grc' dir='ltr'>δὲ</span> <span class='ocrx_word' id='word_1_92' title='bbox 1215 1470 1542 1543; x_wconf 80' lang='grc' dir='ltr'>Ἡράκλειος</span> <span class='ocrx_word' id='word_1_93' title='bbox 1592 1475 1662 1528; x_wconf 76' lang='grc' dir='ltr'>τὰ</span> <span class='ocrx_word' id='word_1_94' title='bbox 1715 1493 1858 1547; x_wconf 83' lang='grc' dir='ltr'>πρα-</span> 
     </span>
    </p>
   </div>
   <div class='ocr_carea' id='block_1_16' title="bbox 260 1550 1859 1632">
    <p class='ocr_par' dir='ltr' id='par_1_16' title="bbox 260 1550 1859 1632">
     <span class='ocr_line' id='line_1_16' title="bbox 260 1550 1859 1632; baseline 0.009 -28"><span class='ocrx_word' id='word_1_95' title='bbox 260 1550 470 1621; x_wconf 80' lang='grc' dir='ltr'>χθέντα</span> <span class='ocrx_word' id='word_1_96' title='bbox 499 1555 547 1586; x_wconf 83' lang='lat'><strong>&quot;</strong></span> <span class='ocrx_word' id='word_1_97' title='bbox 569 1555 894 1611; x_wconf 84' lang='grc' dir='ltr'>ἀποστέλλει</span> <span class='ocrx_word' id='word_1_98' title='bbox 923 1558 1108 1630; x_wconf 75' lang='grc' dir='ltr'>Κῦρον</span> <span class='ocrx_word' id='word_1_99' title='bbox 1133 1560 1270 1629; x_wconf 72' lang='grc' dir='ltr'>πρὸς</span> <span class='ocrx_word' id='word_1_100' title='bbox 1292 1561 1353 1615; x_wconf 87' lang='grc' dir='ltr'>τὸ</span> <span class='ocrx_word' id='word_1_101' title='bbox 1376 1563 1421 1596; x_wconf 83' lang='grc'><strong><em>⁶⁹</em></strong></span> <span class='ocrx_word' id='word_1_102' title='bbox 1445 1566 1630 1618; x_wconf 83' lang='grc' dir='ltr'>πεῖσαι</span> <span class='ocrx_word' id='word_1_103' title='bbox 1660 1567 1859 1632; x_wconf 73' lang='grc' dir='ltr'>αὐτοὺς</span> 
     </span>
    </p>
   </div>
   <div class='ocr_carea' id='block_1_17' title="bbox 258 1647 1857 1729">
    <p class='ocr_par' dir='ltr' id='par_1_17' title="bbox 258 1647 1857 1729">
     <span class='ocr_line' id='line_1_17' title="bbox 258 1647 1857 1729; baseline 0.01 -33"><span class='ocrx_word' id='word_1_104' title='bbox 258 1647 628 1717; x_wconf 77' lang='grc' dir='ltr'><strong>ἀναχωρῆσαι</strong></span> <span class='ocrx_word' id='word_1_105' title='bbox 673 1647 772 1719; x_wconf 86' lang='grc' dir='ltr'>τῆς</span> <span class='ocrx_word' id='word_1_106' title='bbox 795 1649 1076 1718; x_wconf 71' lang='grc' dir='ltr'>Αἰγύπτου</span> <span class='ocrx_word' id='word_1_107' title='bbox 1115 1651 1194 1723; x_wconf 83' lang='grc' dir='ltr'>τῷ</span> <span class='ocrx_word' id='word_1_108' title='bbox 1243 1653 1449 1725; x_wconf 84' lang='grc' dir='ltr'>πρώτῳ</span> <span class='ocrx_word' id='word_1_109' title='bbox 1489 1659 1814 1729; x_wconf 79' lang='grc' dir='ltr'>στοιχήματι</span> <span class='ocrx_word' id='word_1_110' title='bbox 1842 1675 1857 1690; x_wconf 78' lang='grc'><strong>⁸</strong></span> 
     </span>
    </p>
   </div>
   <div class='ocr_carea' id='block_1_18' title="bbox 258 1738 1858 1820">
    <p class='ocr_par' dir='ltr' id='par_1_18' title="bbox 258 1738 1858 1820">
     <span class='ocr_line' id='line_1_18' title="bbox 258 1738 1858 1820; baseline 0.009 -29"><span class='ocrx_word' id='word_1_111' title='bbox 258 1738 361 1792; x_wconf 76' lang='grc' dir='ltr'><strong>καὶ</strong></span> <span class='ocrx_word' id='word_1_112' title='bbox 407 1739 664 1793; x_wconf 82' lang='grc' dir='ltr'>ἀπελθὼν</span> <span class='ocrx_word' id='word_1_113' title='bbox 707 1742 736 1794; x_wconf 83' lang='grc'>6</span> <span class='ocrx_word' id='word_1_114' title='bbox 769 1741 949 1815; x_wconf 82' lang='grc' dir='ltr'>Κῦρος</span> <span class='ocrx_word' id='word_1_115' title='bbox 984 1747 1067 1809; x_wconf 88' lang='grc' dir='ltr'><strong>είς</strong></span> <span class='ocrx_word' id='word_1_116' title='bbox 1100 1745 1200 1816; x_wconf 80' lang='grc' dir='ltr'>τὴν</span> <span class='ocrx_word' id='word_1_117' title='bbox 1235 1749 1590 1820; x_wconf 81' lang='grc' dir='ltr'>παρεμϐολὴν</span> <span class='ocrx_word' id='word_1_118' title='bbox 1621 1751 1729 1804; x_wconf 84' lang='grc' dir='ltr'><strong>τῶν</strong></span> <span class='ocrx_word' id='word_1_119' title='bbox 1752 1753 1858 1806; x_wconf 78' lang='grc' dir='ltr'><strong>Σαο</strong></span> 
     </span>
    </p>
   </div>
   <div class='ocr_carea' id='block_1_19' title="bbox 265 1831 1857 1913">
    <p class='ocr_par' dir='ltr' id='par_1_19' title="bbox 265 1831 1857 1913">
     <span class='ocr_line' id='line_1_19' title="bbox 265 1831 1857 1913; baseline 0.011 -30"><span class='ocrx_word' id='word_1_120' title='bbox 265 1831 528 1902; x_wconf 79' lang='grc' dir='ltr'>ρακηνῶν</span> <span class='ocrx_word' id='word_1_121' title='bbox 561 1834 1046 1905; x_wconf 84' lang='grc' dir='ltr'>ύπεραπελογείτο,</span> <span class='ocrx_word' id='word_1_122' title='bbox 1094 1837 1172 1902; x_wconf 86' lang='grc' dir='ltr'>ὡς</span> <span class='ocrx_word' id='word_1_123' title='bbox 1218 1841 1460 1904; x_wconf 78' lang='grc' dir='ltr'><strong>ἀναίτιος</strong></span> <span class='ocrx_word' id='word_1_124' title='bbox 1489 1841 1565 1896; x_wconf 83' lang='grc' dir='ltr'>ὢν</span> <span class='ocrx_word' id='word_1_125' title='bbox 1609 1846 1709 1913; x_wconf 78' lang='grc' dir='ltr'>τῆς</span> <span class='ocrx_word' id='word_1_126' title='bbox 1748 1863 1857 1900; x_wconf 84' lang='grc' dir='ltr'>πα-</span> 
     </span>
    </p>
   </div>
   <div class='ocr_carea' id='block_1_20' title="bbox 271 1924 1860 2008">
    <p class='ocr_par' dir='ltr' id='par_1_20' title="bbox 271 1924 1860 2008">
     <span class='ocr_line' id='line_1_20' title="bbox 271 1924 1860 2008; baseline 0.011 -34"><span class='ocrx_word' id='word_1_127' title='bbox 271 1924 576 1994; x_wconf 68' lang='grc' dir='ltr'>ραϐάσεως,</span> <span class='ocrx_word' id='word_1_128' title='bbox 609 1927 705 1979; x_wconf 73' lang='grc' dir='ltr'>καὶ</span> <span class='ocrx_word' id='word_1_129' title='bbox 732 1929 781 1980; x_wconf 84' lang='grc' dir='ltr'><strong>εί</strong></span> <span class='ocrx_word' id='word_1_130' title='bbox 807 1927 1082 1998; x_wconf 83' lang='grc' dir='ltr'>βούλοιντο</span> <span class='ocrx_word' id='word_1_131' title='bbox 1109 1932 1210 2004; x_wconf 85' lang='grc' dir='ltr'>τὴν</span> <span class='ocrx_word' id='word_1_132' title='bbox 1237 1934 1512 2005; x_wconf 88' lang='grc' dir='ltr'>προτέραν</span> <span class='ocrx_word' id='word_1_133' title='bbox 1539 1939 1860 2008; x_wconf 76' lang='grc' dir='ltr'><strong>συμφωνίαν</strong></span> 
     </span>
    </p>
   </div>
   <div class='ocr_carea' id='block_1_21' title="bbox 273 2017 1863 2099">
    <p class='ocr_par' dir='ltr' id='par_1_21' title="bbox 273 2017 1863 2099">
     <span class='ocr_line' id='line_1_21' title="bbox 273 2017 1863 2099; baseline 0.009 -30"><span class='ocrx_word' id='word_1_134' title='bbox 273 2019 454 2087; x_wconf 78' lang='grc' dir='ltr'>ὅρκοις</span> <span class='ocrx_word' id='word_1_135' title='bbox 505 2017 828 2087; x_wconf 75' lang='grc' dir='ltr'>βεὸαιῶσαι.</span> <span class='ocrx_word' id='word_1_136' title='bbox 875 2021 1020 2092; x_wconf 83' lang='grc' dir='ltr'>Πρδς</span> <span class='ocrx_word' id='word_1_137' title='bbox 1057 2022 1271 2088; x_wconf 83' lang='grc' dir='ltr'>τούτοις</span> <span class='ocrx_word' id='word_1_138' title='bbox 1316 2025 1367 2078; x_wconf 86' lang='grc' dir='ltr'><strong>οί</strong></span> <span class='ocrx_word' id='word_1_139' title='bbox 1417 2026 1731 2099; x_wconf 77' lang='grc' dir='ltr'>Σαρακηνοὶ</span> <span class='ocrx_word' id='word_1_140' title='bbox 1761 2029 1863 2083; x_wconf 80' lang='grc' dir='ltr'>οὐκ</span> 
     </span>
    </p>
   </div>
   <div class='ocr_carea' id='block_1_22' title="bbox 267 2111 1862 2191">
    <p class='ocr_par' dir='ltr' id='par_1_22' title="bbox 267 2111 1862 2191">
     <span class='ocr_line' id='line_1_22' title="bbox 267 2111 1862 2191; baseline 0.01 -30"><span class='ocrx_word' id='word_1_141' title='bbox 267 2111 606 2182; x_wconf 75' lang='grc' dir='ltr'>ἐπείσθησαν</span> <span class='ocrx_word' id='word_1_142' title='bbox 657 2113 908 2183; x_wconf 84' lang='grc' dir='ltr'>λέγοντες</span> <span class='ocrx_word' id='word_1_143' title='bbox 953 2116 1032 2187; x_wconf 82' lang='grc' dir='ltr'>τῷ</span> <span class='ocrx_word' id='word_1_144' title='bbox 1077 2117 1396 2190; x_wconf 71' lang='grc' dir='ltr'>ἑπισκόπῳο</span> <span class='ocrx_word' id='word_1_145' title='bbox 1435 2121 1596 2191; x_wconf 80' lang='grc' dir='ltr'><strong>Δύνῃ</strong></span> <span class='ocrx_word' id='word_1_146' title='bbox 1642 2121 1862 2177; x_wconf 74' lang='grc' dir='ltr'>τοῦτον</span> 
     </span>
    </p>
   </div>
   <div class='ocr_carea' id='block_1_23' title="bbox 260 2203 1858 2279">
    <p class='ocr_par' dir='ltr' id='par_1_23' title="bbox 260 2203 1858 2279">
     <span class='ocr_line' id='line_1_23' title="bbox 260 2203 1858 2279; baseline 0.009 -23"><span class='ocrx_word' id='word_1_147' title='bbox 260 2203 374 2256; x_wconf 75' lang='grc' dir='ltr'><strong>τὸν</strong></span> <span class='ocrx_word' id='word_1_148' title='bbox 407 2207 756 2276; x_wconf 76' lang='grc' dir='ltr'><strong>παμμεγέθη</strong></span> <span class='ocrx_word' id='word_1_149' title='bbox 788 2209 1024 2264; x_wconf 74' lang='grc' dir='ltr'>στύλον</span> <span class='ocrx_word' id='word_1_150' title='bbox 1070 2212 1420 2279; x_wconf 82' lang='grc' dir='ltr'>καταπιεῖν;</span> <span class='ocrx_word' id='word_1_151' title='bbox 1461 2213 1520 2268; x_wconf 87' lang='lat'><strong>&#39;0</strong></span> <span class='ocrx_word' id='word_1_152' title='bbox 1567 2215 1624 2268; x_wconf 81' lang='grc' dir='ltr'>δὲ</span> <span class='ocrx_word' id='word_1_153' title='bbox 1668 2211 1822 2271; x_wconf 77' lang='grc' dir='ltr'>εἶπεν</span> <span class='ocrx_word' id='word_1_154' title='bbox 1845 2234 1858 2248; x_wconf 89' lang='grc'><strong>·</strong></span> 
     </span>
    </p>
   </div>
   <div class='ocr_carea' id='block_1_24' title="bbox 260 2297 1862 2376">
    <p class='ocr_par' dir='ltr' id='par_1_24' title="bbox 260 2297 1862 2376">
     <span class='ocr_line' id='line_1_24' title="bbox 260 2297 1862 2376; baseline 0.008 -27"><span class='ocrx_word' id='word_1_155' title='bbox 260 2297 392 2350; x_wconf 82' lang='grc' dir='ltr'><strong>Οὐκ</strong></span> <span class='ocrx_word' id='word_1_156' title='bbox 422 2297 751 2368; x_wconf 78' lang='grc' dir='ltr'>ἐνδέχεται.</span> <span class='ocrx_word' id='word_1_157' title='bbox 783 2302 846 2354; x_wconf 81' lang='lat' dir='ltr'><strong>Oi</strong></span> <span class='ocrx_word' id='word_1_158' title='bbox 871 2299 928 2354; x_wconf 81' lang='grc' dir='ltr'>δὲ</span> <span class='ocrx_word' id='word_1_159' title='bbox 960 2298 1116 2356; x_wconf 74' lang='grc' dir='ltr'>εἷπον</span> <span class='ocrx_word' id='word_1_160' title='bbox 1139 2319 1154 2333; x_wconf 72' lang='grc' dir='ltr'><strong>ο</strong></span> <span class='ocrx_word' id='word_1_161' title='bbox 1182 2303 1338 2358; x_wconf 78' lang='grc' dir='ltr'><strong>Οὑδᾶ</strong></span> <span class='ocrx_word' id='word_1_162' title='bbox 1379 2304 1528 2375; x_wconf 69' lang='grc' dir='ltr'><strong>ἡμῖν</strong></span> <span class='ocrx_word' id='word_1_163' title='bbox 1549 2305 1862 2376; x_wconf 75' lang='grc' dir='ltr'>ἐνδέχεται</span> 
     </span>
    </p>
   </div>
   <div class='ocr_carea' id='block_1_25' title="bbox 255 2391 1268 2466">
    <p class='ocr_par' dir='ltr' id='par_1_25' title="bbox 255 2391 1268 2466">
     <span class='ocr_line' id='line_1_25' title="bbox 255 2391 1268 2466; baseline 0.008 -22"><span class='ocrx_word' id='word_1_164' title='bbox 255 2391 661 2461; x_wconf 79' lang='grc' dir='ltr'><strong>ἀναχωρῆσαι</strong></span> <span class='ocrx_word' id='word_1_165' title='bbox 691 2392 805 2463; x_wconf 83' lang='grc' dir='ltr'>τῆς</span> <span class='ocrx_word' id='word_1_166' title='bbox 829 2396 1135 2466; x_wconf 73' lang='grc' dir='ltr'>Αἰγύπτου</span> <span class='ocrx_word' id='word_1_167' title='bbox 1157 2399 1268 2453; x_wconf 75' lang='grc' dir='ltr'>ἔτι.</span> 
     </span>
    </p>
   </div>
   <div class='ocr_carea' id='block_1_26' title="bbox 1964 647 3550 718">
    <p class='ocr_par' dir='ltr' id='par_1_26' title="bbox 1964 647 3550 718">
     <span class='ocr_line' id='line_1_26' title="bbox 1964 647 3550 718; baseline -0.003 -12"><span class='ocrx_word' id='word_1_168' title='bbox 1964 663 2098 717; x_wconf 86' lang='lat' dir='ltr'><strong>opes</strong></span> <span class='ocrx_word' id='word_1_169' title='bbox 2153 647 2450 704; x_wconf 83' lang='lat' dir='ltr'><strong>Saracenis</strong></span> <span class='ocrx_word' id='word_1_170' title='bbox 2489 648 2752 704; x_wconf 78' lang='lat' dir='ltr'><strong>dedisset.</strong></span> <span class='ocrx_word' id='word_1_171' title='bbox 2790 649 3098 718; x_wconf 87' lang='lat' dir='ltr'><strong>Imperator</strong></span> <span class='ocrx_word' id='word_1_172' title='bbox 3143 648 3224 703; x_wconf 85' lang='lat' dir='ltr'><strong>ira</strong></span> <span class='ocrx_word' id='word_1_173' title='bbox 3263 649 3550 710; x_wconf 89' lang='lat' dir='ltr'><strong>incensus,</strong></span> 
     </span>
    </p>
   </div>
   <div class='ocr_carea' id='block_1_27' title="bbox 1964 740 3551 814">
    <p class='ocr_par' dir='ltr' id='par_1_27' title="bbox 1964 740 3551 814">
     <span class='ocr_line' id='line_1_27' title="bbox 1964 740 3551 814; baseline -0.004 -15"><span class='ocrx_word' id='word_1_174' title='bbox 1964 743 2117 799; x_wconf 89' lang='lat' dir='ltr'><strong>misit</strong></span> <span class='ocrx_word' id='word_1_175' title='bbox 2140 743 2233 813; x_wconf 89' lang='lat' dir='ltr'><strong>qui</strong></span> <span class='ocrx_word' id='word_1_176' title='bbox 2254 742 2434 813; x_wconf 90' lang='lat' dir='ltr'><strong>ipsum</strong></span> <span class='ocrx_word' id='word_1_177' title='bbox 2463 750 2799 808; x_wconf 77' lang='lat' dir='ltr'><strong>accerseret,</strong></span> <span class='ocrx_word' id='word_1_178' title='bbox 2837 752 2891 799; x_wconf 93' lang='lat' dir='ltr'><strong>et</strong></span> <span class='ocrx_word' id='word_1_179' title='bbox 2929 742 3236 798; x_wconf 82' lang='lat' dir='ltr'><strong>Manuelem</strong></span> <span class='ocrx_word' id='word_1_180' title='bbox 3256 740 3551 814; x_wconf 90' lang='lat' dir='ltr'><strong>quemdam</strong></span> 
     </span>
    </p>
   </div>
   <div class='ocr_carea' id='block_1_28' title="bbox 1963 831 3554 907">
    <p class='ocr_par' dir='ltr' id='par_1_28' title="bbox 1963 831 3554 907">
     <span class='ocr_line' id='line_1_28' title="bbox 1963 831 3554 907; baseline -0.003 -17"><span class='ocrx_word' id='word_1_181' title='bbox 1963 834 2283 891; x_wconf 76' lang='lat' dir='ltr'><strong>Armenium</strong></span> <span class='ocrx_word' id='word_1_182' title='bbox 2319 831 2539 906; x_wconf 68' lang='lat' dir='ltr'><strong>genere</strong></span> <span class='ocrx_word' id='word_1_183' title='bbox 2570 835 2842 907; x_wconf 75' lang='lat' dir='ltr'><strong>delegavit</strong></span> <span class='ocrx_word' id='word_1_184' title='bbox 2897 835 3265 906; x_wconf 81' lang='lat' dir='ltr'><strong>augustalcm.</strong></span> <span class='ocrx_word' id='word_1_185' title='bbox 3324 833 3554 888; x_wconf 85' lang='lat' dir='ltr'><strong>Evoluto</strong></span> 
     </span>
    </p>
   </div>
   <div class='ocr_carea' id='block_1_29' title="bbox 1963 929 3553 1004">
    <p class='ocr_par' dir='ltr' id='par_1_29' title="bbox 1963 929 3553 1004">
     <span class='ocr_line' id='line_1_29' title="bbox 1963 929 3553 1004; baseline -0.003 -18"><span class='ocrx_word' id='word_1_186' title='bbox 1963 931 2229 1003; x_wconf 89' lang='lat' dir='ltr'><strong>temporis</strong></span> <span class='ocrx_word' id='word_1_187' title='bbox 2253 932 2457 1004; x_wconf 89' lang='lat' dir='ltr'><strong>spatio,</strong></span> <span class='ocrx_word' id='word_1_188' title='bbox 2479 932 2889 989; x_wconf 84' lang='lat' dir='ltr'><strong>Saracenorum</strong></span> <span class='ocrx_word' id='word_1_189' title='bbox 2926 939 3216 988; x_wconf 75' lang='lat' dir='ltr'><strong>exactores</strong></span> <span class='ocrx_word' id='word_1_190' title='bbox 3243 929 3553 1000; x_wconf 81' lang='lat' dir='ltr'><strong>colligendo</strong></span> 
     </span>
    </p>
   </div>
   <div class='ocr_carea' id='block_1_30' title="bbox 1963 1021 3554 1097">
    <p class='ocr_par' dir='ltr' id='par_1_30' title="bbox 1963 1021 3554 1097">
     <span class='ocr_line' id='line_1_30' title="bbox 1963 1021 3554 1097; baseline -0.003 -18"><span class='ocrx_word' id='word_1_191' title='bbox 1963 1024 2084 1079; x_wconf 84' lang='lat' dir='ltr'><strong>auri</strong></span> <span class='ocrx_word' id='word_1_192' title='bbox 2150 1026 2428 1096; x_wconf 88' lang='lat' dir='ltr'><strong>stipendio</strong></span> <span class='ocrx_word' id='word_1_193' title='bbox 2491 1026 2742 1092; x_wconf 82' lang='lat' dir='ltr'><strong>adfuere,</strong></span> <span class='ocrx_word' id='word_1_194' title='bbox 2781 1043 2926 1097; x_wconf 88' lang='lat' dir='ltr'><strong>quos</strong></span> <span class='ocrx_word' id='word_1_195' title='bbox 2968 1026 3187 1081; x_wconf 77' lang='lat' dir='ltr'><strong>Manuel</strong></span> <span class='ocrx_word' id='word_1_196' title='bbox 3232 1040 3293 1080; x_wconf 87' lang='lat' dir='ltr'><strong>re</strong></span> <span class='ocrx_word' id='word_1_197' title='bbox 3349 1021 3554 1079; x_wconf 85' lang='lat' dir='ltr'><strong>infecta</strong></span> 
     </span>
    </p>
   </div>
   <div class='ocr_carea' id='block_1_31' title="bbox 1964 1114 3554 1190">
    <p class='ocr_par' dir='ltr' id='par_1_31' title="bbox 1964 1114 3554 1190">
     <span class='ocr_line' id='line_1_31' title="bbox 1964 1114 3554 1190; baseline -0.004 -17"><span class='ocrx_word' id='word_1_198' title='bbox 1964 1132 2090 1173; x_wconf 90' lang='lat' dir='ltr'><strong>cum</strong></span> <span class='ocrx_word' id='word_1_199' title='bbox 2151 1118 2470 1188; x_wconf 71' lang='lat' dir='ltr'><strong>huiusmodi</strong></span> <span class='ocrx_word' id='word_1_200' title='bbox 2515 1120 2701 1175; x_wconf 81' lang='lat' dir='ltr'><strong>verbis</strong></span> <span class='ocrx_word' id='word_1_201' title='bbox 2758 1120 2918 1190; x_wconf 74' lang='lat'><strong>281</strong></span> <span class='ocrx_word' id='word_1_202' title='bbox 2975 1136 3004 1174; x_wconf 90' lang='lat' dir='ltr'><strong>a</strong></span> <span class='ocrx_word' id='word_1_203' title='bbox 3061 1135 3119 1174; x_wconf 88' lang='lat' dir='ltr'><strong>se</strong></span> <span class='ocrx_word' id='word_1_204' title='bbox 3159 1118 3388 1189; x_wconf 80' lang='lat' dir='ltr'><strong>abegit:</strong></span> <span class='ocrx_word' id='word_1_205' title='bbox 3428 1114 3554 1169; x_wconf 80' lang='lat' dir='ltr'><strong>Non</strong></span> 
     </span>
    </p>
   </div>
   <div class='ocr_carea' id='block_1_32' title="bbox 1963 1207 3552 1281">
    <p class='ocr_par' dir='ltr' id='par_1_32' title="bbox 1963 1207 3552 1281">
     <span class='ocr_line' id='line_1_32' title="bbox 1963 1207 3552 1281; baseline -0.001 -19"><span class='ocrx_word' id='word_1_206' title='bbox 1963 1225 2083 1263; x_wconf 84' lang='lat' dir='ltr'><strong>sum</strong></span> <span class='ocrx_word' id='word_1_207' title='bbox 2134 1226 2228 1280; x_wconf 85' lang='lat' dir='ltr'><strong>ego</strong></span> <span class='ocrx_word' id='word_1_208' title='bbox 2283 1208 2456 1281; x_wconf 83' lang='lat' dir='ltr'><strong>Cyrus</strong></span> <span class='ocrx_word' id='word_1_209' title='bbox 2511 1211 2604 1265; x_wconf 85' lang='lat' dir='ltr'><strong>ille</strong></span> <span class='ocrx_word' id='word_1_210' title='bbox 2648 1212 2909 1276; x_wconf 83' lang='lat' dir='ltr'><strong>inermis,</strong></span> <span class='ocrx_word' id='word_1_211' title='bbox 2952 1212 3042 1276; x_wconf 87' lang='lat' dir='ltr'><strong>qui</strong></span> <span class='ocrx_word' id='word_1_212' title='bbox 3093 1210 3354 1264; x_wconf 88' lang='lat' dir='ltr'><strong>tributum</strong></span> <span class='ocrx_word' id='word_1_213' title='bbox 3405 1207 3552 1263; x_wconf 81' lang='lat' dir='ltr'><strong>vobis</strong></span> 
     </span>
    </p>
   </div>
   <div class='ocr_carea' id='block_1_33' title="bbox 1962 1300 3557 1370">
    <p class='ocr_par' dir='ltr' id='par_1_33' title="bbox 1962 1300 3557 1370">
     <span class='ocr_line' id='line_1_33' title="bbox 1962 1300 3557 1370; baseline -0.001 -14"><span class='ocrx_word' id='word_1_214' title='bbox 1962 1301 2228 1370; x_wconf 80' lang='lat' dir='ltr'><strong>pendam;</strong></span> <span class='ocrx_word' id='word_1_215' title='bbox 2260 1303 2451 1357; x_wconf 86' lang='lat' dir='ltr'><strong>adsum</strong></span> <span class='ocrx_word' id='word_1_216' title='bbox 2483 1304 2650 1358; x_wconf 85' lang='lat' dir='ltr'><strong>armis</strong></span> <span class='ocrx_word' id='word_1_217' title='bbox 2691 1303 2836 1358; x_wconf 82' lang='lat' dir='ltr'><strong>haud</strong></span> <span class='ocrx_word' id='word_1_218' title='bbox 2872 1304 3057 1358; x_wconf 79' lang='lat' dir='ltr'><strong>leviter</strong></span> <span class='ocrx_word' id='word_1_219' title='bbox 3090 1304 3408 1357; x_wconf 81' lang='lat' dir='ltr'><strong>instructus.</strong></span> <span class='ocrx_word' id='word_1_220' title='bbox 3450 1300 3557 1354; x_wconf 77' lang='lat' dir='ltr'><strong>Re-</strong></span> 
     </span>
    </p>
   </div>
   <div class='ocr_carea' id='block_1_34' title="bbox 1962 1394 3553 1467">
    <p class='ocr_par' dir='ltr' id='par_1_34' title="bbox 1962 1394 3553 1467">
     <span class='ocr_line' id='line_1_34' title="bbox 1962 1394 3553 1467; baseline 0.001 -19"><span class='ocrx_word' id='word_1_221' title='bbox 1962 1395 2139 1450; x_wconf 90' lang='lat' dir='ltr'><strong>versis</strong></span> <span class='ocrx_word' id='word_1_222' title='bbox 2166 1395 2540 1461; x_wconf 84' lang='lat' dir='ltr'><strong>exactoribus,</strong></span> <span class='ocrx_word' id='word_1_223' title='bbox 2568 1394 2830 1451; x_wconf 86' lang='lat' dir='ltr'><strong>Saraceni</strong></span> <span class='ocrx_word' id='word_1_224' title='bbox 2851 1395 2904 1450; x_wconf 91' lang='lat' dir='ltr'><strong>iu</strong></span> <span class='ocrx_word' id='word_1_225' title='bbox 2927 1395 3219 1467; x_wconf 64' lang='lat' dir='ltr'><strong>Egyptum</strong></span> <span class='ocrx_word' id='word_1_226' title='bbox 3244 1402 3553 1450; x_wconf 77' lang='lat' dir='ltr'><strong>armantur.</strong></span> 
     </span>
    </p>
   </div>
   <div class='ocr_carea' id='block_1_35' title="bbox 1963 1484 3554 1559">
    <p class='ocr_par' dir='ltr' id='par_1_35' title="bbox 1963 1484 3554 1559">
     <span class='ocr_line' id='line_1_35' title="bbox 1963 1484 3554 1559; baseline -0.002 -17"><span class='ocrx_word' id='word_1_227' title='bbox 1963 1494 2021 1542; x_wconf 89' lang='lat' dir='ltr'><strong>et</strong></span> <span class='ocrx_word' id='word_1_228' title='bbox 2060 1488 2251 1558; x_wconf 69' lang='lat' dir='ltr'><strong>praelio</strong></span> <span class='ocrx_word' id='word_1_229' title='bbox 2277 1503 2403 1543; x_wconf 88' lang='lat' dir='ltr'><strong>cum</strong></span> <span class='ocrx_word' id='word_1_230' title='bbox 2436 1487 2687 1544; x_wconf 70' lang='lat' dir='ltr'><strong>Manuale</strong></span> <span class='ocrx_word' id='word_1_231' title='bbox 2726 1496 3005 1554; x_wconf 88' lang='lat' dir='ltr'><strong>conserto,</strong></span> <span class='ocrx_word' id='word_1_232' title='bbox 3039 1487 3180 1559; x_wconf 66' lang='lat' dir='ltr'><strong>fuga:</strong></span> <span class='ocrx_word' id='word_1_233' title='bbox 3206 1501 3330 1543; x_wconf 88' lang='lat' dir='ltr'><strong>eum</strong></span> <span class='ocrx_word' id='word_1_234' title='bbox 3371 1501 3430 1542; x_wconf 90' lang='lat' dir='ltr'><strong>se</strong></span> <span class='ocrx_word' id='word_1_235' title='bbox 3457 1484 3554 1540; x_wconf 87' lang='lat' dir='ltr'><strong>de-</strong></span> 
     </span>
    </p>
   </div>
   <div class='ocr_carea' id='block_1_36' title="bbox 1963 1579 3552 1652">
    <p class='ocr_par' dir='ltr' id='par_1_36' title="bbox 1963 1579 3552 1652">
     <span class='ocr_line' id='line_1_36' title="bbox 1963 1579 3552 1652; baseline -0.005 -17"><span class='ocrx_word' id='word_1_236' title='bbox 1963 1581 2095 1636; x_wconf 89' lang='lat' dir='ltr'><strong>dere</strong></span> <span class='ocrx_word' id='word_1_237' title='bbox 2140 1589 2370 1652; x_wconf 77' lang='lat' dir='ltr'><strong>cogunt.</strong></span> <span class='ocrx_word' id='word_1_238' title='bbox 2426 1580 2548 1652; x_wconf 83' lang='lat' dir='ltr'><strong>ipse</strong></span> <span class='ocrx_word' id='word_1_239' title='bbox 2581 1583 2778 1652; x_wconf 88' lang='lat' dir='ltr'><strong>paucis</strong></span> <span class='ocrx_word' id='word_1_240' title='bbox 2815 1583 3113 1638; x_wconf 87' lang='lat' dir='ltr'><strong>comitibus</strong></span> <span class='ocrx_word' id='word_1_241' title='bbox 3168 1579 3552 1636; x_wconf 77' lang='lat' dir='ltr'><strong>Alexandriam</strong></span> 
     </span>
    </p>
   </div>
   <div class='ocr_carea' id='block_1_37' title="bbox 1964 1655 3556 1745">
    <p class='ocr_par' dir='ltr' id='par_1_37' title="bbox 1964 1655 3556 1745">
     <span class='ocr_line' id='line_1_37' title="bbox 1964 1655 3556 1745; baseline -0.004 -16"><span class='ocrx_word' id='word_1_242' title='bbox 1964 1689 2026 1729; x_wconf 88' lang='lat' dir='ltr'><strong>se</strong></span> <span class='ocrx_word' id='word_1_243' title='bbox 2084 1674 2306 1745; x_wconf 82' lang='lat' dir='ltr'><strong>recipit.</strong></span> <span class='ocrx_word' id='word_1_244' title='bbox 2389 1673 2600 1730; x_wconf 82' lang='lat' dir='ltr'><strong>Exinde</strong></span> <span class='ocrx_word' id='word_1_245' title='bbox 2661 1673 2926 1729; x_wconf 86' lang='lat' dir='ltr'><strong>Saraceni</strong></span> <span class='ocrx_word' id='word_1_246' title='bbox 2986 1655 3256 1728; x_wconf 72' lang='lat' dir='ltr'><strong>tributum</strong></span> <span class='ocrx_word' id='word_1_247' title='bbox 3313 1669 3556 1741; x_wconf 66' lang='lat' dir='ltr'><strong>Egypto</strong></span> 
     </span>
    </p>
   </div>
   <div class='ocr_carea' id='block_1_38' title="bbox 1965 1766 3553 1838">
    <p class='ocr_par' dir='ltr' id='par_1_38' title="bbox 1965 1766 3553 1838">
     <span class='ocr_line' id='line_1_38' title="bbox 1965 1766 3553 1838; baseline -0.004 -17"><span class='ocrx_word' id='word_1_248' title='bbox 1965 1766 2369 1837; x_wconf 91' lang='lat' dir='ltr'><strong>imposuerunt.</strong></span> <span class='ocrx_word' id='word_1_249' title='bbox 2421 1766 2710 1824; x_wconf 86' lang='lat' dir='ltr'><strong>Heraclius</strong></span> <span class='ocrx_word' id='word_1_250' title='bbox 2750 1775 2979 1838; x_wconf 89' lang='lat' dir='ltr'><strong>accepto</strong></span> <span class='ocrx_word' id='word_1_251' title='bbox 3043 1781 3228 1822; x_wconf 83' lang='lat' dir='ltr'><strong>rerum</strong></span> <span class='ocrx_word' id='word_1_252' title='bbox 3274 1774 3553 1835; x_wconf 81' lang='lat' dir='ltr'><strong>gestarum</strong></span> 
     </span>
    </p>
   </div>
   <div class='ocr_carea' id='block_1_39' title="bbox 1964 1853 3555 1929">
    <p class='ocr_par' dir='ltr' id='par_1_39' title="bbox 1964 1853 3555 1929">
     <span class='ocr_line' id='line_1_39' title="bbox 1964 1853 3555 1929; baseline -0.002 -17"><span class='ocrx_word' id='word_1_253' title='bbox 1964 1858 2159 1912; x_wconf 89' lang='lat' dir='ltr'><strong>nuntio</strong></span> <span class='ocrx_word' id='word_1_254' title='bbox 2213 1858 2417 1929; x_wconf 83' lang='lat' dir='ltr'><strong>Cyrum</strong></span> <span class='ocrx_word' id='word_1_255' title='bbox 2469 1857 2658 1922; x_wconf 86' lang='lat' dir='ltr'><strong>mittit,</strong></span> <span class='ocrx_word' id='word_1_256' title='bbox 2723 1865 2784 1912; x_wconf 92' lang='lat' dir='ltr'><strong>ut</strong></span> <span class='ocrx_word' id='word_1_257' title='bbox 2845 1858 3038 1912; x_wconf 89' lang='lat' dir='ltr'><strong>relicta</strong></span> <span class='ocrx_word' id='word_1_258' title='bbox 3101 1856 3340 1928; x_wconf 61' lang='lat' dir='ltr'><strong>Egypto</strong></span> <span class='ocrx_word' id='word_1_259' title='bbox 3398 1853 3555 1909; x_wconf 85' lang='lat' dir='ltr'><strong>initis</strong></span> 
     </span>
    </p>
   </div>
   <div class='ocr_carea' id='block_1_40' title="bbox 1963 1947 3549 2020">
    <p class='ocr_par' dir='ltr' id='par_1_40' title="bbox 1963 1947 3549 2020">
     <span class='ocr_line' id='line_1_40' title="bbox 1963 1947 3549 2020; baseline -0.001 -17"><span class='ocrx_word' id='word_1_260' title='bbox 1963 1949 2244 2020; x_wconf 86' lang='lat' dir='ltr'><strong>prioribus</strong></span> <span class='ocrx_word' id='word_1_261' title='bbox 2265 1949 2682 2007; x_wconf 88' lang='lat' dir='ltr'><strong>conditionibus</strong></span> <span class='ocrx_word' id='word_1_262' title='bbox 2705 1957 2941 2015; x_wconf 83' lang='lat' dir='ltr'><strong>starent,</strong></span> <span class='ocrx_word' id='word_1_263' title='bbox 2967 1948 3266 2004; x_wconf 88' lang='lat' dir='ltr'><strong>Saracenis</strong></span> <span class='ocrx_word' id='word_1_264' title='bbox 3295 1947 3549 2003; x_wconf 82' lang='lat' dir='ltr'><strong>suadeat.</strong></span> 
     </span>
    </p>
   </div>
   <div class='ocr_carea' id='block_1_41' title="bbox 1955 2040 3553 2114">
    <p class='ocr_par' dir='ltr' id='par_1_41' title="bbox 1955 2040 3553 2114">
     <span class='ocr_line' id='line_1_41' title="bbox 1955 2040 3553 2114; baseline -0.004 -16"><span class='ocrx_word' id='word_1_265' title='bbox 1955 2041 2135 2114; x_wconf 84' lang='lat' dir='ltr'><strong>Cyrus</strong></span> <span class='ocrx_word' id='word_1_266' title='bbox 2169 2043 2236 2098; x_wconf 91' lang='lat' dir='ltr'><strong>ad</strong></span> <span class='ocrx_word' id='word_1_267' title='bbox 2269 2043 2681 2099; x_wconf 90' lang='lat' dir='ltr'><strong>Saracenorum</strong></span> <span class='ocrx_word' id='word_1_268' title='bbox 2737 2051 2923 2099; x_wconf 86' lang='lat' dir='ltr'><strong>castra</strong></span> <span class='ocrx_word' id='word_1_269' title='bbox 2980 2040 3265 2113; x_wconf 83' lang='lat' dir='ltr'><strong>profectus</strong></span> <span class='ocrx_word' id='word_1_270' title='bbox 3300 2040 3493 2110; x_wconf 73' lang='lat' dir='ltr'><strong>prima:</strong></span> <span class='ocrx_word' id='word_1_271' title='bbox 3524 2057 3553 2093; x_wconf 86' lang='lat' dir='ltr'><strong>a</strong></span> 
     </span>
    </p>
   </div>
   <div class='ocr_carea' id='block_1_42' title="bbox 1961 2132 3555 2204">
    <p class='ocr_par' dir='ltr' id='par_1_42' title="bbox 1961 2132 3555 2204">
     <span class='ocr_line' id='line_1_42' title="bbox 1961 2132 3555 2204; baseline 0 -16"><span class='ocrx_word' id='word_1_272' title='bbox 1961 2148 2022 2188; x_wconf 90' lang='lat' dir='ltr'><strong>se</strong></span> <span class='ocrx_word' id='word_1_273' title='bbox 2062 2133 2234 2204; x_wconf 87' lang='lat' dir='ltr'><strong>hujus</strong></span> <span class='ocrx_word' id='word_1_274' title='bbox 2287 2134 2638 2192; x_wconf 79' lang='lat' dir='ltr'><strong>infractionis</strong></span> <span class='ocrx_word' id='word_1_275' title='bbox 2691 2135 2904 2192; x_wconf 90' lang='lat' dir='ltr'><strong>crimen</strong></span> <span class='ocrx_word' id='word_1_276' title='bbox 2952 2135 3300 2204; x_wconf 88' lang='lat' dir='ltr'><strong>deprecatur,</strong></span> <span class='ocrx_word' id='word_1_277' title='bbox 3353 2132 3555 2189; x_wconf 85' lang='lat' dir='ltr'><strong>deinde</strong></span> 
     </span>
    </p>
   </div>
   <div class='ocr_carea' id='block_1_43' title="bbox 1960 2225 3554 2298">
    <p class='ocr_par' dir='ltr' id='par_1_43' title="bbox 1960 2225 3554 2298">
     <span class='ocr_line' id='line_1_43' title="bbox 1960 2225 3554 2298; baseline 0.001 -20"><span class='ocrx_word' id='word_1_278' title='bbox 1960 2225 2145 2295; x_wconf 89' lang='lat' dir='ltr'><strong>priora</strong></span> <span class='ocrx_word' id='word_1_279' title='bbox 2171 2235 2332 2298; x_wconf 89' lang='lat' dir='ltr'><strong>pacta</strong></span> <span class='ocrx_word' id='word_1_280' title='bbox 2356 2227 2423 2282; x_wconf 87' lang='lat' dir='ltr'><strong>de</strong></span> <span class='ocrx_word' id='word_1_281' title='bbox 2455 2241 2599 2283; x_wconf 90' lang='lat' dir='ltr'><strong>novo</strong></span> <span class='ocrx_word' id='word_1_282' title='bbox 2626 2225 2995 2298; x_wconf 81' lang='lat' dir='ltr'><strong>jurejurando</strong></span> <span class='ocrx_word' id='word_1_283' title='bbox 3024 2227 3473 2288; x_wconf 85' lang='lat' dir='ltr'><strong>obtirmaturum.</strong></span> <span class='ocrx_word' id='word_1_284' title='bbox 3505 2225 3554 2280; x_wconf 88' lang='lat' dir='ltr'><strong>si</strong></span> 
     </span>
    </p>
   </div>
   <div class='ocr_carea' id='block_1_44' title="bbox 1961 2317 3557 2392">
    <p class='ocr_par' dir='ltr' id='par_1_44' title="bbox 1961 2317 3557 2392">
     <span class='ocr_line' id='line_1_44' title="bbox 1961 2317 3557 2392; baseline 0.001 -20"><span class='ocrx_word' id='word_1_285' title='bbox 1961 2319 2038 2372; x_wconf 89' lang='lat' dir='ltr'><strong>ita</strong></span> <span class='ocrx_word' id='word_1_286' title='bbox 2075 2319 2213 2390; x_wconf 90' lang='lat' dir='ltr'><strong>ipsis</strong></span> <span class='ocrx_word' id='word_1_287' title='bbox 2244 2321 2522 2388; x_wconf 86' lang='lat' dir='ltr'><strong>videatur,</strong></span> <span class='ocrx_word' id='word_1_288' title='bbox 2558 2321 2857 2392; x_wconf 89' lang='lat' dir='ltr'><strong>promittit.</strong></span> <span class='ocrx_word' id='word_1_289' title='bbox 2918 2319 3017 2375; x_wconf 85' lang='lat' dir='ltr'><strong>His</strong></span> <span class='ocrx_word' id='word_1_290' title='bbox 3078 2318 3323 2390; x_wconf 86' lang='lat' dir='ltr'><strong>episcopi</strong></span> <span class='ocrx_word' id='word_1_291' title='bbox 3370 2317 3557 2374; x_wconf 83' lang='lat' dir='ltr'><strong>verbis</strong></span> 
     </span>
    </p>
   </div>
   <div class='ocr_carea' id='block_1_45' title="bbox 1962 2408 3555 2484">
    <p class='ocr_par' dir='ltr' id='par_1_45' title="bbox 1962 2408 3555 2484">
     <span class='ocr_line' id='line_1_45' title="bbox 1962 2408 3555 2484; baseline -0.001 -21"><span class='ocrx_word' id='word_1_292' title='bbox 1962 2408 2226 2466; x_wconf 90' lang='lat' dir='ltr'><strong>Saraceni</strong></span> <span class='ocrx_word' id='word_1_293' title='bbox 2281 2427 2344 2469; x_wconf 88' lang='lat' dir='ltr'><strong>se</strong></span> <span class='ocrx_word' id='word_1_294' title='bbox 2390 2413 2613 2468; x_wconf 81' lang='lat' dir='ltr'><strong>suaderi</strong></span> <span class='ocrx_word' id='word_1_295' title='bbox 2670 2428 2778 2468; x_wconf 92' lang='lat' dir='ltr'><strong>non</strong></span> <span class='ocrx_word' id='word_1_296' title='bbox 2839 2412 3210 2484; x_wconf 86' lang='lat' dir='ltr'><strong>permiserunt</strong></span> <span class='ocrx_word' id='word_1_297' title='bbox 3260 2431 3272 2466; x_wconf 91' lang='lat'><strong><em>:</em></strong></span> <span class='ocrx_word' id='word_1_298' title='bbox 3320 2411 3555 2469; x_wconf 83' lang='lat' dir='ltr'><strong>idcirco.</strong></span> 
     </span>
    </p>
   </div>
   <div class='ocr_carea' id='block_1_46' title="bbox 255 2488 3553 2577">
    <p class='ocr_par' dir='ltr' id='par_1_46' title="bbox 255 2488 3553 2577">
     <span class='ocr_line' id='line_1_46' title="bbox 255 2488 3553 2577; baseline 0.006 -41"><span class='ocrx_word' id='word_1_299' title='bbox 255 2496 437 2554; x_wconf 76' lang='lat' dir='ltr'><strong>putes,</strong></span> <span class='ocrx_word' id='word_1_300' title='bbox 465 2488 746 2558; x_wconf 83' lang='lat' dir='ltr'><strong>inquiunt,</strong></span> <span class='ocrx_word' id='word_1_301' title='bbox 786 2491 1049 2561; x_wconf 81' lang='lat' dir='ltr'><strong>ingentem</strong></span> <span class='ocrx_word' id='word_1_302' title='bbox 1068 2490 1204 2545; x_wconf 84' lang='lat' dir='ltr'><strong>hanc</strong></span> <span class='ocrx_word' id='word_1_303' title='bbox 1229 2492 1528 2548; x_wconf 83' lang='lat' dir='ltr'><strong>columnam</strong></span> <span class='ocrx_word' id='word_1_304' title='bbox 1557 2494 1971 2567; x_wconf 78' lang='lat' dir='ltr'><strong>deuorare?Qui</strong></span> <span class='ocrx_word' id='word_1_305' title='bbox 2003 2517 2130 2559; x_wconf 90' lang='lat' dir='ltr'><strong>cum</strong></span> <span class='ocrx_word' id='word_1_306' title='bbox 2168 2504 2220 2560; x_wconf 89' lang='lat' dir='ltr'><strong>id</strong></span> <span class='ocrx_word' id='word_1_307' title='bbox 2253 2504 2370 2561; x_wconf 76' lang='lat' dir='ltr'><strong>ﬁeri</strong></span> <span class='ocrx_word' id='word_1_308' title='bbox 2399 2507 2623 2562; x_wconf 90' lang='lat' dir='ltr'><strong>minime</strong></span> <span class='ocrx_word' id='word_1_309' title='bbox 2650 2521 2809 2577; x_wconf 87' lang='lat' dir='ltr'><strong>posse</strong></span> <span class='ocrx_word' id='word_1_310' title='bbox 2839 2505 3088 2570; x_wconf 79' lang='lat' dir='ltr'><strong>dixisset,</strong></span> <span class='ocrx_word' id='word_1_311' title='bbox 3113 2504 3553 2574; x_wconf 89' lang='lat' dir='ltr'><strong>responderunt:</strong></span> 
     </span>
    </p>
   </div>
   <div class='ocr_carea' id='block_1_47' title="bbox 257 2577 1714 2656">
    <p class='ocr_par' dir='ltr' id='par_1_47' title="bbox 257 2577 1714 2656">
     <span class='ocr_line' id='line_1_47' title="bbox 257 2577 1714 2656; baseline 0.007 -24"><span class='ocrx_word' id='word_1_312' title='bbox 257 2577 452 2650; x_wconf 76' lang='lat' dir='ltr'><strong>Neque</strong></span> <span class='ocrx_word' id='word_1_313' title='bbox 484 2580 595 2635; x_wconf 80' lang='lat' dir='ltr'><strong>ullo</strong></span> <span class='ocrx_word' id='word_1_314' title='bbox 619 2579 776 2636; x_wconf 87' lang='lat' dir='ltr'><strong>modo</strong></span> <span class='ocrx_word' id='word_1_315' title='bbox 811 2583 952 2652; x_wconf 79' lang='lat' dir='ltr'><strong>ﬁeri,</strong></span> <span class='ocrx_word' id='word_1_316' title='bbox 995 2594 1050 2637; x_wconf 86' lang='lat' dir='ltr'><strong>ut</strong></span> <span class='ocrx_word' id='word_1_317' title='bbox 1089 2583 1328 2656; x_wconf 65' lang='lat' dir='ltr'><strong>Egypto</strong></span> <span class='ocrx_word' id='word_1_318' title='bbox 1365 2585 1714 2642; x_wconf 79' lang='lat' dir='ltr'><strong>excedamus.</strong></span> 
     </span>
    </p>
   </div>
   <div class='ocr_carea' id='block_1_48' title="bbox 333 2695 1867 2772">
    <p class='ocr_par' dir='ltr' id='par_1_48' title="bbox 333 2695 1867 2772">
     <span class='ocr_line' id='line_1_48' title="bbox 333 2695 1867 2772; baseline 0.004 -22"><span class='ocrx_word' id='word_1_319' title='bbox 333 2695 403 2750; x_wconf 76' lang='grc' dir='ltr'><strong>Δ.</strong></span> <span class='ocrx_word' id='word_1_320' title='bbox 441 2695 514 2752; x_wconf 81' lang='grc' dir='ltr'><strong>Μ.</strong></span> <span class='ocrx_word' id='word_1_321' title='bbox 556 2695 718 2752; x_wconf 75' lang='grc'><strong>6127.</strong></span> <span class='ocrx_word' id='word_1_322' title='bbox 767 2726 840 2738; x_wconf 92' lang='grc'><strong><em>-</em></strong></span> <span class='ocrx_word' id='word_1_323' title='bbox 888 2697 1140 2767; x_wconf 78' lang='grc' dir='ltr'>Περσῶν</span> <span class='ocrx_word' id='word_1_324' title='bbox 1180 2699 1490 2766; x_wconf 75' lang='grc' dir='ltr'>βασιλεὺς</span> <span class='ocrx_word' id='word_1_325' title='bbox 1549 2698 1867 2772; x_wconf 77' lang='grc' dir='ltr'>Ὀρμίσδας</span> 
     </span>
    </p>
   </div>
   <div class='ocr_carea' id='block_1_49' title="bbox 257 2788 544 2858">
    <p class='ocr_par' dir='ltr' id='par_1_49' title="bbox 257 2788 544 2858">
     <span class='ocr_line' id='line_1_49' title="bbox 257 2788 544 2858; baseline 0.003 -14"><span class='ocrx_word' id='word_1_326' title='bbox 257 2790 369 2858; x_wconf 77' lang='grc' dir='ltr'>ἐτη</span> <span class='ocrx_word' id='word_1_327' title='bbox 394 2788 470 2846; x_wconf 83' lang='grc' dir='ltr'>ια’</span> <span class='ocrx_word' id='word_1_328' title='bbox 503 2790 544 2822; x_wconf 79' lang='grc'><strong>⁸⁸</strong></span> 
     </span>
    </p>
   </div>
   <div class='ocr_carea' id='block_1_50' title="bbox 328 2881 1864 2960">
    <p class='ocr_par' dir='ltr' id='par_1_50' title="bbox 328 2881 1864 2960">
     <span class='ocr_line' id='line_1_50' title="bbox 328 2881 1864 2960; baseline 0.004 -24"><span class='ocrx_word' id='word_1_329' title='bbox 328 2881 528 2954; x_wconf 84' lang='grc' dir='ltr'>Τούτῳ</span> <span class='ocrx_word' id='word_1_330' title='bbox 550 2881 629 2954; x_wconf 83' lang='grc' dir='ltr'>τῷ</span> <span class='ocrx_word' id='word_1_331' title='bbox 664 2882 775 2936; x_wconf 82' lang='grc' dir='ltr'>ἔτει</span> <span class='ocrx_word' id='word_1_332' title='bbox 814 2883 1252 2957; x_wconf 81' lang='grc' dir='ltr'>ἐπεστράτευσεν</span> <span class='ocrx_word' id='word_1_333' title='bbox 1285 2885 1542 2960; x_wconf 79' lang='grc' dir='ltr'>Ούμαρος</span> <span class='ocrx_word' id='word_1_334' title='bbox 1573 2888 1714 2942; x_wconf 82' lang='grc' dir='ltr'>κατὰ</span> <span class='ocrx_word' id='word_1_335' title='bbox 1747 2889 1864 2942; x_wconf 85' lang='grc' dir='ltr'><strong>Πα-</strong></span> 
     </span>
    </p>
   </div>
   <div class='ocr_carea' id='block_1_51' title="bbox 259 2974 1865 3054">
    <p class='ocr_par' dir='ltr' id='par_1_51' title="bbox 259 2974 1865 3054">
     <span class='ocr_line' id='line_1_51' title="bbox 259 2974 1865 3054; baseline 0.004 -27"><span class='ocrx_word' id='word_1_336' title='bbox 259 2974 575 3046; x_wconf 77' lang='grc' dir='ltr'>λαιστίνης,</span> <span class='ocrx_word' id='word_1_337' title='bbox 610 2976 703 3029; x_wconf 77' lang='grc' dir='ltr'>καὶ</span> <span class='ocrx_word' id='word_1_338' title='bbox 758 2977 1144 3049; x_wconf 81' lang='grc' dir='ltr'>παρακαθίσας</span> <span class='ocrx_word' id='word_1_339' title='bbox 1177 2979 1278 3051; x_wconf 78' lang='grc' dir='ltr'>τὴν</span> <span class='ocrx_word' id='word_1_340' title='bbox 1326 2980 1489 3049; x_wconf 84' lang='grc' dir='ltr'>ἁγίαν</span> <span class='ocrx_word' id='word_1_341' title='bbox 1521 2981 1679 3035; x_wconf 80' lang='grc' dir='ltr'>πόλιν</span> <span class='ocrx_word' id='word_1_342' title='bbox 1716 2981 1865 3054; x_wconf 77' lang='grc' dir='ltr'>διετῆ</span> 
     </span>
    </p>
   </div>
   <div class='ocr_carea' id='block_1_52' title="bbox 260 3071 1866 3146">
    <p class='ocr_par' dir='ltr' id='par_1_52' title="bbox 260 3071 1866 3146">
     <span class='ocr_line' id='line_1_52' title="bbox 260 3071 1866 3146; baseline 0.002 -22"><span class='ocrx_word' id='word_1_343' title='bbox 260 3072 484 3141; x_wconf 81' lang='grc' dir='ltr'>χρόνον,</span> <span class='ocrx_word' id='word_1_344' title='bbox 516 3071 827 3143; x_wconf 74' lang='grc' dir='ltr'>παρέλαϐεν</span> <span class='ocrx_word' id='word_1_345' title='bbox 854 3071 1026 3144; x_wconf 83' lang='grc' dir='ltr'>αὐτὴν</span> <span class='ocrx_word' id='word_1_346' title='bbox 1048 3072 1212 3144; x_wconf 81' lang='grc' dir='ltr'><strong>λόγῳ.</strong></span> <span class='ocrx_word' id='word_1_347' title='bbox 1237 3073 1546 3143; x_wconf 78' lang='grc' dir='ltr'>Σωφρόνιος</span> <span class='ocrx_word' id='word_1_348' title='bbox 1565 3075 1622 3129; x_wconf 84' lang='grc' dir='ltr'><strong>δὲ</strong></span> <span class='ocrx_word' id='word_1_349' title='bbox 1642 3075 1670 3128; x_wconf 97' lang='lat'><strong>6</strong></span> <span class='ocrx_word' id='word_1_350' title='bbox 1698 3075 1866 3146; x_wconf 85' lang='grc' dir='ltr'>Ἱερο-</span> 
     </span>
    </p>
   </div>
   <div class='ocr_carea' id='block_1_53' title="bbox 262 3162 1864 3236">
    <p class='ocr_par' dir='ltr' id='par_1_53' title="bbox 262 3162 1864 3236">
     <span class='ocr_line' id='line_1_53' title="bbox 262 3162 1864 3236; baseline 0 -20"><span class='ocrx_word' id='word_1_351' title='bbox 262 3162 522 3234; x_wconf 86' lang='grc' dir='ltr'>σολύμων</span> <span class='ocrx_word' id='word_1_352' title='bbox 553 3165 847 3235; x_wconf 80' lang='grc' dir='ltr'>ἀρχιερεὺς</span> <span class='ocrx_word' id='word_1_353' title='bbox 874 3163 1032 3233; x_wconf 84' lang='grc' dir='ltr'>λόγον</span> <span class='ocrx_word' id='word_1_354' title='bbox 1060 3163 1253 3218; x_wconf 77' lang='grc' dir='ltr'>ἔλαϐεν</span> <span class='ocrx_word' id='word_1_355' title='bbox 1286 3165 1466 3236; x_wconf 89' lang='grc' dir='ltr'>πάσης</span> <span class='ocrx_word' id='word_1_356' title='bbox 1494 3164 1864 3234; x_wconf 76' lang='grc' dir='ltr'>Παλαιστίνης</span> 
     </span>
    </p>
   </div>
   <div class='ocr_carea' id='block_1_54' title="bbox 261 3253 1863 3326">
    <p class='ocr_par' dir='ltr' id='par_1_54' title="bbox 261 3253 1863 3326">
     <span class='ocr_line' id='line_1_54' title="bbox 261 3253 1863 3326; baseline 0.002 -19"><span class='ocrx_word' id='word_1_357' title='bbox 261 3253 708 3323; x_wconf 80' lang='grc' dir='ltr'>ἀσφαλέστατον.</span> <span class='ocrx_word' id='word_1_358' title='bbox 752 3253 1023 3308; x_wconf 81' lang='grc' dir='ltr'><strong>Εἰσελθὼν</strong></span> <span class='ocrx_word' id='word_1_359' title='bbox 1045 3254 1104 3308; x_wconf 73' lang='grc' dir='ltr'>δὲ</span> <span class='ocrx_word' id='word_1_360' title='bbox 1139 3253 1398 3326; x_wconf 81' lang='grc' dir='ltr'>Ούμαρος</span> <span class='ocrx_word' id='word_1_361' title='bbox 1442 3257 1524 3318; x_wconf 81' lang='grc' dir='ltr'><strong>είς</strong></span> <span class='ocrx_word' id='word_1_362' title='bbox 1569 3257 1670 3326; x_wconf 80' lang='grc' dir='ltr'>τὴν</span> <span class='ocrx_word' id='word_1_363' title='bbox 1695 3256 1863 3324; x_wconf 81' lang='grc' dir='ltr'>ἁγίαν</span> 
     </span>
    </p>
   </div>
   <div class='ocr_carea' id='block_1_55' title="bbox 260 3345 1863 3419">
    <p class='ocr_par' dir='ltr' id='par_1_55' title="bbox 260 3345 1863 3419">
     <span class='ocr_line' id='line_1_55' title="bbox 260 3345 1863 3419; baseline 0.002 -21"><span class='ocrx_word' id='word_1_364' title='bbox 260 3347 426 3401; x_wconf 77' lang='grc' dir='ltr'>πόλιν</span> <span class='ocrx_word' id='word_1_365' title='bbox 457 3345 723 3418; x_wconf 78' lang='grc' dir='ltr'>τριχίνοις</span> <span class='ocrx_word' id='word_1_366' title='bbox 755 3347 819 3400; x_wconf 78' lang='grc' dir='ltr'>ἐκ</span> <span class='ocrx_word' id='word_1_367' title='bbox 851 3346 1117 3416; x_wconf 84' lang='grc' dir='ltr'><strong>καμήλων</strong></span> <span class='ocrx_word' id='word_1_368' title='bbox 1151 3346 1447 3419; x_wconf 79' lang='grc' dir='ltr'>ἑνδύμασιν</span> <span class='ocrx_word' id='word_1_369' title='bbox 1480 3348 1863 3419; x_wconf 73' lang='grc' dir='ltr'>ἠμφιεσμένος</span> 
     </span>
    </p>
   </div>
   <div class='ocr_carea' id='block_1_56' title="bbox 2023 2699 3591 2768">
    <p class='ocr_par' dir='ltr' id='par_1_56' title="bbox 2023 2699 3591 2768">
     <span class='ocr_line' id='line_1_56' title="bbox 2023 2699 3591 2768; baseline -0.003 -9"><span class='ocrx_word' id='word_1_370' title='bbox 2023 2704 2098 2768; x_wconf 71' lang='grc' dir='ltr'><strong>Α.</strong></span> <span class='ocrx_word' id='word_1_371' title='bbox 2146 2702 2211 2759; x_wconf 91' lang='lat' dir='ltr'><strong>C.</strong></span> <span class='ocrx_word' id='word_1_372' title='bbox 2259 2701 2385 2758; x_wconf 74' lang='lat'><strong>627.</strong></span> <span class='ocrx_word' id='word_1_373' title='bbox 2422 2731 2492 2743; x_wconf 91' lang='lat'><strong>—</strong></span> <span class='ocrx_word' id='word_1_374' title='bbox 2523 2701 2808 2760; x_wconf 80' lang='lat' dir='ltr'><strong>Persarum</strong></span> <span class='ocrx_word' id='word_1_375' title='bbox 2868 2716 2964 2757; x_wconf 74' lang='lat' dir='ltr'><strong>rea:</strong></span> <span class='ocrx_word' id='word_1_376' title='bbox 3017 2699 3337 2756; x_wconf 81' lang='lat' dir='ltr'><strong>Hormisdas</strong></span> <span class='ocrx_word' id='word_1_377' title='bbox 3396 2700 3591 2756; x_wconf 53' lang='grc' dir='ltr'>σηκῶν</span> 
     </span>
    </p>
   </div>
   <div class='ocr_carea' id='block_1_57' title="bbox 1959 2796 2442 2868">
    <p class='ocr_par' dir='ltr' id='par_1_57' title="bbox 1959 2796 2442 2868">
     <span class='ocr_line' id='line_1_57' title="bbox 1959 2796 2442 2868; baseline 0 -18"><span class='ocrx_word' id='word_1_378' title='bbox 1959 2796 2204 2851; x_wconf 81' lang='lat' dir='ltr'><strong>undecim</strong></span> <span class='ocrx_word' id='word_1_379' title='bbox 2233 2805 2442 2868; x_wconf 83' lang='lat' dir='ltr'><strong>regnat.</strong></span> 
     </span>
    </p>
   </div>
   <div class='ocr_carea' id='block_1_58' title="bbox 2032 2885 3554 2958">
    <p class='ocr_par' dir='ltr' id='par_1_58' title="bbox 2032 2885 3554 2958">
     <span class='ocr_line' id='line_1_58' title="bbox 2032 2885 3554 2958; baseline -0.001 -15"><span class='ocrx_word' id='word_1_380' title='bbox 2032 2887 2151 2946; x_wconf 82' lang='lat' dir='ltr'><strong>Hoc</strong></span> <span class='ocrx_word' id='word_1_381' title='bbox 2194 2906 2338 2946; x_wconf 88' lang='lat' dir='ltr'><strong>anno</strong></span> <span class='ocrx_word' id='word_1_382' title='bbox 2374 2888 2615 2945; x_wconf 88' lang='lat' dir='ltr'><strong>Umarus</strong></span> <span class='ocrx_word' id='word_1_383' title='bbox 2644 2889 2700 2944; x_wconf 90' lang='lat' dir='ltr'><strong>in</strong></span> <span class='ocrx_word' id='word_1_384' title='bbox 2733 2886 3086 2944; x_wconf 65' lang='lat' dir='ltr'><strong>Palaestinam</strong></span> <span class='ocrx_word' id='word_1_385' title='bbox 3111 2885 3359 2958; x_wconf 88' lang='lat' dir='ltr'><strong>suscepit</strong></span> <span class='ocrx_word' id='word_1_386' title='bbox 3385 2901 3554 2956; x_wconf 85' lang='lat' dir='ltr'><strong>expe-</strong></span> 
     </span>
    </p>
   </div>
   <div class='ocr_carea' id='block_1_59' title="bbox 1959 2979 3553 3054">
    <p class='ocr_par' dir='ltr' id='par_1_59' title="bbox 1959 2979 3553 3054">
     <span class='ocr_line' id='line_1_59' title="bbox 1959 2979 3553 3054; baseline -0.003 -17"><span class='ocrx_word' id='word_1_387' title='bbox 1959 2981 2252 3048; x_wconf 88' lang='lat' dir='ltr'><strong>ditionem,</strong></span> <span class='ocrx_word' id='word_1_388' title='bbox 2281 2993 2335 3039; x_wconf 89' lang='lat' dir='ltr'><strong>et</strong></span> <span class='ocrx_word' id='word_1_389' title='bbox 2369 2983 2661 3039; x_wconf 89' lang='lat' dir='ltr'><strong>obsidione</strong></span> <span class='ocrx_word' id='word_1_390' title='bbox 2697 2997 2796 3054; x_wconf 90' lang='lat' dir='ltr'><strong>per</strong></span> <span class='ocrx_word' id='word_1_391' title='bbox 2832 2996 3010 3037; x_wconf 87' lang='lat' dir='ltr'><strong>annos</strong></span> <span class='ocrx_word' id='word_1_392' title='bbox 3033 2980 3176 3036; x_wconf 89' lang='lat' dir='ltr'><strong>duos</strong></span> <span class='ocrx_word' id='word_1_393' title='bbox 3209 2979 3277 3034; x_wconf 88' lang='lat' dir='ltr'><strong>ad</strong></span> <span class='ocrx_word' id='word_1_394' title='bbox 3300 2987 3553 3035; x_wconf 84' lang='lat' dir='ltr'><strong>sanctam</strong></span> 
     </span>
    </p>
   </div>
   <div class='ocr_carea' id='block_1_60' title="bbox 1957 3071 3556 3140">
    <p class='ocr_par' dir='ltr' id='par_1_60' title="bbox 1957 3071 3556 3140">
     <span class='ocr_line' id='line_1_60' title="bbox 1957 3071 3556 3140; baseline -0.003 -11"><span class='ocrx_word' id='word_1_395' title='bbox 1957 3072 2241 3129; x_wconf 87' lang='lat' dir='ltr'><strong>civitatem</strong></span> <span class='ocrx_word' id='word_1_396' title='bbox 2294 3075 2653 3140; x_wconf 86' lang='lat' dir='ltr'><strong>continuata,</strong></span> <span class='ocrx_word' id='word_1_397' title='bbox 2709 3072 2930 3128; x_wconf 82' lang='lat' dir='ltr'><strong>tandem</strong></span> <span class='ocrx_word' id='word_1_398' title='bbox 2985 3072 3094 3129; x_wconf 84' lang='lat' dir='ltr'><strong>ﬁde</strong></span> <span class='ocrx_word' id='word_1_399' title='bbox 3142 3072 3270 3127; x_wconf 90' lang='lat' dir='ltr'><strong>data</strong></span> <span class='ocrx_word' id='word_1_400' title='bbox 3317 3087 3436 3127; x_wconf 87' lang='lat' dir='ltr'><strong>eam</strong></span> <span class='ocrx_word' id='word_1_401' title='bbox 3497 3071 3556 3126; x_wconf 92' lang='lat' dir='ltr'><strong>in</strong></span> 
     </span>
    </p>
   </div>
   <div class='ocr_carea' id='block_1_61' title="bbox 1963 3163 3558 3240">
    <p class='ocr_par' dir='ltr' id='par_1_61' title="bbox 1963 3163 3558 3240">
     <span class='ocr_line' id='line_1_61' title="bbox 1963 3163 3558 3240; baseline -0.003 -18"><span class='ocrx_word' id='word_1_402' title='bbox 1963 3175 2295 3240; x_wconf 89' lang='lat' dir='ltr'><strong>potestatem</strong></span> <span class='ocrx_word' id='word_1_403' title='bbox 2345 3168 2580 3238; x_wconf 89' lang='lat' dir='ltr'><strong>accepit.</strong></span> <span class='ocrx_word' id='word_1_404' title='bbox 2625 3165 2971 3239; x_wconf 82' lang='lat' dir='ltr'><strong>Sephronius</strong></span> <span class='ocrx_word' id='word_1_405' title='bbox 3005 3175 3190 3221; x_wconf 88' lang='lat' dir='ltr'><strong>autem</strong></span> <span class='ocrx_word' id='word_1_406' title='bbox 3241 3163 3558 3234; x_wconf 82' lang='lat' dir='ltr'><strong>Hierosoly-</strong></span> 
     </span>
    </p>
   </div>
   <div class='ocr_carea' id='block_1_62' title="bbox 1961 3256 3559 3332">
    <p class='ocr_par' dir='ltr' id='par_1_62' title="bbox 1961 3256 3559 3332">
     <span class='ocr_line' id='line_1_62' title="bbox 1961 3256 3559 3332; baseline -0.003 -17"><span class='ocrx_word' id='word_1_407' title='bbox 1961 3276 2176 3315; x_wconf 91' lang='lat' dir='ltr'><strong>morum</strong></span> <span class='ocrx_word' id='word_1_408' title='bbox 2236 3261 2472 3317; x_wconf 87' lang='lat' dir='ltr'><strong>antistes</strong></span> <span class='ocrx_word' id='word_1_409' title='bbox 2511 3260 2672 3316; x_wconf 84' lang='lat' dir='ltr'><strong>fidem</strong></span> <span class='ocrx_word' id='word_1_410' title='bbox 2705 3261 2774 3316; x_wconf 90' lang='lat' dir='ltr'><strong>ab</strong></span> <span class='ocrx_word' id='word_1_411' title='bbox 2807 3276 2876 3317; x_wconf 88' lang='lat' dir='ltr'><strong>eo</strong></span> <span class='ocrx_word' id='word_1_412' title='bbox 2920 3275 3021 3332; x_wconf 90' lang='lat' dir='ltr'><strong>pro</strong></span> <span class='ocrx_word' id='word_1_413' title='bbox 3051 3259 3221 3315; x_wconf 81' lang='lat' dir='ltr'><strong>totius</strong></span> <span class='ocrx_word' id='word_1_414' title='bbox 3250 3256 3559 3312; x_wconf 62' lang='lat' dir='ltr'><strong>Palaestinae</strong></span> 
     </span>
    </p>
   </div>
   <div class='ocr_carea' id='block_1_63' title="bbox 1963 3348 3559 3421">
    <p class='ocr_par' dir='ltr' id='par_1_63' title="bbox 1963 3348 3559 3421">
     <span class='ocr_line' id='line_1_63' title="bbox 1963 3348 3559 3421; baseline -0.003 -16"><span class='ocrx_word' id='word_1_415' title='bbox 1963 3350 2351 3406; x_wconf 86' lang='lat' dir='ltr'><strong>incolumitate</strong></span> <span class='ocrx_word' id='word_1_416' title='bbox 2396 3356 2712 3421; x_wconf 86' lang='lat' dir='ltr'><strong>acceperat.</strong></span> <span class='ocrx_word' id='word_1_417' title='bbox 2767 3348 3009 3406; x_wconf 87' lang='lat' dir='ltr'><strong>Umarus</strong></span> <span class='ocrx_word' id='word_1_418' title='bbox 3073 3348 3263 3420; x_wconf 87' lang='lat' dir='ltr'><strong>itaque</strong></span> <span class='ocrx_word' id='word_1_419' title='bbox 3318 3348 3559 3402; x_wconf 84' lang='lat' dir='ltr'><strong>cilicinis</strong></span> 
     </span>
    </p>
   </div>
   <div class='ocr_carea' id='block_1_64' title="bbox 260 3411 1861 3514">
    <p class='ocr_par' dir='ltr' id='par_1_64' title="bbox 260 3435 1859 3510">
     <span class='ocr_line' id='line_1_64' title="bbox 260 3435 1859 3510; baseline 0.001 -20"><span class='ocrx_word' id='word_1_420' title='bbox 260 3437 688 3510; x_wconf 71' lang='grc' dir='ltr'>ιρρυπωμένοις</span> <span class='ocrx_word' id='word_1_421' title='bbox 717 3435 785 3502; x_wconf 75' lang='grc'><strong>⁸³,</strong></span> <span class='ocrx_word' id='word_1_422' title='bbox 813 3435 1104 3506; x_wconf 84' lang='grc' dir='ltr'>ύπόκρισίν</span> <span class='ocrx_word' id='word_1_423' title='bbox 1138 3453 1198 3490; x_wconf 90' lang='grc' dir='ltr'><strong>τε</strong></span> <span class='ocrx_word' id='word_1_424' title='bbox 1250 3437 1548 3508; x_wconf 81' lang='grc' dir='ltr'>σατανικὴν</span> <span class='ocrx_word' id='word_1_425' title='bbox 1588 3437 1859 3492; x_wconf 79' lang='grc' dir='ltr'>ἐνδεικνύ-</span> 
     </span>
    </p>
   </div>
   <div class='ocr_carea' id='block_1_65' title="bbox 1967 3411 3558 3514">
    <p class='ocr_par' dir='ltr' id='par_1_65' title="bbox 1967 3411 3558 3514">
     <span class='ocr_line' id='line_1_65' title="bbox 1967 3411 3558 3514; baseline -0.005 -14"><span class='ocrx_word' id='word_1_426' title='bbox 1967 3444 2305 3500; x_wconf 87' lang='lat' dir='ltr'><strong>camelorum</strong></span> <span class='ocrx_word' id='word_1_427' title='bbox 2369 3411 2625 3500; x_wconf 79' lang='lat' dir='ltr'><strong>vestibus</strong></span> <span class='ocrx_word' id='word_1_428' title='bbox 2694 3442 2879 3514; x_wconf 86' lang='lat' dir='ltr'><strong>iisque</strong></span> <span class='ocrx_word' id='word_1_429' title='bbox 2933 3443 3135 3497; x_wconf 89' lang='lat' dir='ltr'><strong>laceris</strong></span> <span class='ocrx_word' id='word_1_430' title='bbox 3170 3411 3256 3497; x_wconf 43' lang='lat' dir='ltr'><strong>&#39;et</strong></span> <span class='ocrx_word' id='word_1_431' title='bbox 3313 3440 3558 3497; x_wconf 66' lang='lat' dir='ltr'><strong>sordidis</strong></span> 
     </span>
    </p>
   </div>
   <div class='ocr_carea' id='block_1_66' title="bbox 265 3527 1862 3601">
    <p class='ocr_par' dir='ltr' id='par_1_66' title="bbox 265 3527 1862 3601">
     <span class='ocr_line' id='line_1_66' title="bbox 265 3527 1862 3601; baseline -0.001 -16"><span class='ocrx_word' id='word_1_432' title='bbox 265 3548 454 3601; x_wconf 84' lang='grc' dir='ltr'>μενος,</span> <span class='ocrx_word' id='word_1_433' title='bbox 481 3529 576 3584; x_wconf 86' lang='grc' dir='ltr'><strong>τὸν</strong></span> <span class='ocrx_word' id='word_1_434' title='bbox 607 3529 734 3582; x_wconf 80' lang='grc' dir='ltr'>ναὸν</span> <span class='ocrx_word' id='word_1_435' title='bbox 776 3528 1046 3601; x_wconf 77' lang='grc' dir='ltr'>ἐζήτησεν</span> <span class='ocrx_word' id='word_1_436' title='bbox 1073 3528 1184 3582; x_wconf 85' lang='grc' dir='ltr'>τῶν</span> <span class='ocrx_word' id='word_1_437' title='bbox 1213 3527 1487 3583; x_wconf 79' lang='grc' dir='ltr'><strong>Ἰουδαίων</strong></span> <span class='ocrx_word' id='word_1_438' title='bbox 1535 3529 1666 3584; x_wconf 76' lang='grc' dir='ltr'><strong>ἰδεῖν</strong></span> <span class='ocrx_word' id='word_1_439' title='bbox 1701 3530 1766 3594; x_wconf 81' lang='grc'><strong>⁸³,</strong></span> <span class='ocrx_word' id='word_1_440' title='bbox 1803 3529 1862 3584; x_wconf 83' lang='grc' dir='ltr'><strong>ὃν</strong></span> 
     </span>
    </p>
   </div>
   <div class='ocr_carea' id='block_1_67' title="bbox 260 3619 1864 3694">
    <p class='ocr_par' dir='ltr' id='par_1_67' title="bbox 260 3619 1864 3694">
     <span class='ocr_line' id='line_1_67' title="bbox 260 3619 1864 3694; baseline 0.001 -19"><span class='ocrx_word' id='word_1_441' title='bbox 260 3622 589 3694; x_wconf 80' lang='grc' dir='ltr'>ᾠκοδόμησε</span> <span class='ocrx_word' id='word_1_442' title='bbox 613 3619 888 3692; x_wconf 86' lang='grc' dir='ltr'>Σολομὼν,</span> <span class='ocrx_word' id='word_1_443' title='bbox 930 3621 1410 3693; x_wconf 79' lang='grc' dir='ltr'>προσκυνητήριον</span> <span class='ocrx_word' id='word_1_444' title='bbox 1437 3621 1601 3674; x_wconf 77' lang='grc' dir='ltr'>αὑτὸν</span> <span class='ocrx_word' id='word_1_445' title='bbox 1637 3621 1864 3693; x_wconf 78' lang='grc' dir='ltr'>ποιῆσαι</span> 
     </span>
    </p>
   </div>
   <div class='ocr_carea' id='block_1_68' title="bbox 141 3713 1862 3788">
    <p class='ocr_par' dir='ltr' id='par_1_68' title="bbox 141 3713 1862 3788">
     <span class='ocr_line' id='line_1_68' title="bbox 141 3713 1862 3788; baseline -0.001 -17"><span class='ocrx_word' id='word_1_446' title='bbox 141 3735 144 3740; x_wconf 93' lang='grc'><strong>·</strong></span> <span class='ocrx_word' id='word_1_447' title='bbox 257 3720 364 3788; x_wconf 75' lang='grc' dir='ltr'>τῆς</span> <span class='ocrx_word' id='word_1_448' title='bbox 396 3715 566 3771; x_wconf 80' lang='grc' dir='ltr'>αὑτοῦ</span> <span class='ocrx_word' id='word_1_449' title='bbox 598 3715 969 3786; x_wconf 80' lang='grc' dir='ltr'>βλασφημίας.</span> <span class='ocrx_word' id='word_1_450' title='bbox 996 3713 1198 3768; x_wconf 80' lang='grc' dir='ltr'>Τοῦτον</span> <span class='ocrx_word' id='word_1_451' title='bbox 1221 3713 1277 3767; x_wconf 82' lang='grc' dir='ltr'>δὲ</span> <span class='ocrx_word' id='word_1_452' title='bbox 1317 3713 1364 3746; x_wconf 66' lang='grc'>⁸³</span> <span class='ocrx_word' id='word_1_453' title='bbox 1396 3713 1519 3768; x_wconf 84' lang='grc' dir='ltr'>ίδὼν</span> <span class='ocrx_word' id='word_1_454' title='bbox 1552 3715 1862 3787; x_wconf 82' lang='grc' dir='ltr'>Σωφρόνιος</span> 
     </span>
    </p>
   </div>
   <div class='ocr_carea' id='block_1_69' title="bbox 259 3807 1862 3882">
    <p class='ocr_par' dir='ltr' id='par_1_69' title="bbox 259 3807 1862 3882">
     <span class='ocr_line' id='line_1_69' title="bbox 259 3807 1862 3882; baseline 0.012 -22"><span class='ocrx_word' id='word_1_455' title='bbox 259 3812 404 3882; x_wconf 76' lang='grc' dir='ltr'><strong>ἔφη’</strong></span> <span class='ocrx_word' id='word_1_456' title='bbox 445 3809 630 3864; x_wconf 83' lang='grc' dir='ltr'>Τοῦτό</span> <span class='ocrx_word' id='word_1_457' title='bbox 659 3809 832 3864; x_wconf 79' lang='grc' dir='ltr'>ἐστιν</span> <span class='ocrx_word' id='word_1_458' title='bbox 862 3809 956 3862; x_wconf 79' lang='grc' dir='ltr'><strong>ἐπ’</strong></span> <span class='ocrx_word' id='word_1_459' title='bbox 981 3809 1269 3876; x_wconf 74' lang='grc' dir='ltr'>ἀληθείας</span> <span class='ocrx_word' id='word_1_460' title='bbox 1301 3809 1369 3862; x_wconf 86' lang='grc' dir='ltr'>τὸ</span> <span class='ocrx_word' id='word_1_461' title='bbox 1397 3807 1721 3880; x_wconf 76' lang='grc' dir='ltr'><strong>,Βδέλυγμα</strong></span> <span class='ocrx_word' id='word_1_462' title='bbox 1749 3808 1862 3878; x_wconf 73' lang='grc' dir='ltr'><strong>τῆς</strong></span> 
     </span>
    </p>
   </div>
   <div class='ocr_carea' id='block_1_70' title="bbox 257 3901 1863 3974">
    <p class='ocr_par' dir='ltr' id='par_1_70' title="bbox 257 3901 1863 3974">
     <span class='ocr_line' id='line_1_70' title="bbox 257 3901 1863 3974; baseline -0.001 -16"><span class='ocrx_word' id='word_1_463' title='bbox 257 3902 621 3974; x_wconf 79' lang='grc' dir='ltr'>ἐρημώσεως</span> <span class='ocrx_word' id='word_1_464' title='bbox 646 3902 714 3957; x_wconf 83' lang='grc' dir='ltr'>τὸ</span> <span class='ocrx_word' id='word_1_465' title='bbox 753 3902 945 3972; x_wconf 69' lang='grc' dir='ltr'>ῥηθὲν</span> <span class='ocrx_word' id='word_1_466' title='bbox 985 3901 1084 3957; x_wconf 79' lang='grc' dir='ltr'>διὰ</span> <span class='ocrx_word' id='word_1_467' title='bbox 1125 3901 1352 3972; x_wconf 75' lang='grc' dir='ltr'>Δανιὴλ</span> <span class='ocrx_word' id='word_1_468' title='bbox 1385 3902 1494 3957; x_wconf 87' lang='grc' dir='ltr'>τοῦ</span> <span class='ocrx_word' id='word_1_469' title='bbox 1547 3901 1863 3972; x_wconf 72' lang='grc' dir='ltr'>προφήτου</span> 
     </span>
    </p>
   </div>
   <div class='ocr_carea' id='block_1_71' title="bbox 261 3994 1859 4067">
    <p class='ocr_par' dir='ltr' id='par_1_71' title="bbox 261 3994 1859 4067">
     <span class='ocr_line' id='line_1_71' title="bbox 261 3994 1859 4067; baseline -0.001 -15"><span class='ocrx_word' id='word_1_470' title='bbox 261 3997 460 4066; x_wconf 81' lang='grc' dir='ltr'>ἑστὼς</span> <span class='ocrx_word' id='word_1_471' title='bbox 489 3997 560 4051; x_wconf 78' lang='grc' dir='ltr'><strong>ἐν</strong></span> <span class='ocrx_word' id='word_1_472' title='bbox 585 3997 749 4065; x_wconf 77' lang='grc' dir='ltr'><strong>τόπῳ</strong></span> <span class='ocrx_word' id='word_1_473' title='bbox 778 3996 926 4066; x_wconf 81' lang='grc' dir='ltr'><strong>ἁγίῳ</strong></span> <span class='ocrx_word' id='word_1_474' title='bbox 951 4011 967 4026; x_wconf 77' lang='grc' dir='ltr'><strong><em>ο</em></strong></span> <span class='ocrx_word' id='word_1_475' title='bbox 1018 3994 1236 4059; x_wconf 81' lang='grc' dir='ltr'>πολλοῖς</span> <span class='ocrx_word' id='word_1_476' title='bbox 1271 4011 1333 4048; x_wconf 87' lang='grc' dir='ltr'><strong>τε</strong></span> <span class='ocrx_word' id='word_1_477' title='bbox 1363 3994 1594 4064; x_wconf 78' lang='grc' dir='ltr'>δάκρυσι</span> <span class='ocrx_word' id='word_1_478' title='bbox 1633 3994 1696 4048; x_wconf 81' lang='grc' dir='ltr'><strong>τὸ</strong></span> <span class='ocrx_word' id='word_1_479' title='bbox 1721 3996 1859 4067; x_wconf 82' lang='grc' dir='ltr'>Χρι-</span> 
     </span>
    </p>
   </div>
   <div class='ocr_carea' id='block_1_72' title="bbox 263 4086 1864 4158">
    <p class='ocr_par' dir='ltr' id='par_1_72' title="bbox 263 4086 1864 4158">
     <span class='ocr_line' id='line_1_72' title="bbox 263 4086 1864 4158; baseline -0.002 -15"><span class='ocrx_word' id='word_1_480' title='bbox 263 4089 504 4145; x_wconf 81' lang='grc' dir='ltr'>στιανὼν</span> <span class='ocrx_word' id='word_1_481' title='bbox 532 4089 576 4121; x_wconf 82' lang='grc'>⁸⁸</span> <span class='ocrx_word' id='word_1_482' title='bbox 609 4087 778 4158; x_wconf 81' lang='grc' dir='ltr'>φῦλον</span> <span class='ocrx_word' id='word_1_483' title='bbox 805 4086 1128 4158; x_wconf 79' lang='grc' dir='ltr'>ἀπωδύρετο</span> <span class='ocrx_word' id='word_1_484' title='bbox 1155 4086 1255 4157; x_wconf 80' lang='grc' dir='ltr'>τῆς</span> <span class='ocrx_word' id='word_1_485' title='bbox 1279 4086 1564 4150; x_wconf 77' lang='grc' dir='ltr'>εὐσεϐείας</span> <span class='ocrx_word' id='word_1_486' title='bbox 1587 4087 1615 4140; x_wconf 90' lang='lat'><strong>6</strong></span> <span class='ocrx_word' id='word_1_487' title='bbox 1645 4087 1864 4158; x_wconf 83' lang='grc' dir='ltr'>πρόμα-</span> 
     </span>
    </p>
   </div>
   <div class='ocr_carea' id='block_1_73' title="bbox 261 4176 1863 4253">
    <p class='ocr_par' dir='ltr' id='par_1_73' title="bbox 261 4176 1863 4253">
     <span class='ocr_line' id='line_1_73' title="bbox 261 4176 1863 4253; baseline -0.001 -19"><span class='ocrx_word' id='word_1_488' title='bbox 261 4199 382 4252; x_wconf 84' lang='grc' dir='ltr'>χος.</span> <span class='ocrx_word' id='word_1_489' title='bbox 421 4183 617 4244; x_wconf 87' lang='grc' dir='ltr'>Ὄντος</span> <span class='ocrx_word' id='word_1_490' title='bbox 661 4178 720 4234; x_wconf 79' lang='grc' dir='ltr'>δὶ</span> <span class='ocrx_word' id='word_1_491' title='bbox 765 4176 932 4253; x_wconf 83' lang='grc' dir='ltr'>αὐτοῦ</span> <span class='ocrx_word' id='word_1_492' title='bbox 977 4179 1033 4230; x_wconf 79' lang='grc' dir='ltr'>ἐν</span> <span class='ocrx_word' id='word_1_493' title='bbox 1062 4179 1177 4240; x_wconf 81' lang='grc' dir='ltr'>τοῖς</span> <span class='ocrx_word' id='word_1_494' title='bbox 1218 4179 1423 4241; x_wconf 80' lang='grc' dir='ltr'>ἐκεῖσε,</span> <span class='ocrx_word' id='word_1_495' title='bbox 1481 4178 1863 4250; x_wconf 81' lang='grc' dir='ltr'>παρεκάλεσεν</span> 
     </span>
    </p>
   </div>
   <div class='ocr_carea' id='block_1_74' title="bbox 262 4269 1864 4343">
    <p class='ocr_par' dir='ltr' id='par_1_74' title="bbox 262 4269 1864 4343">
     <span class='ocr_line' id='line_1_74' title="bbox 262 4269 1864 4343; baseline -0.002 -15"><span class='ocrx_word' id='word_1_496' title='bbox 262 4273 434 4328; x_wconf 81' lang='grc' dir='ltr'>αὐτὸν</span> <span class='ocrx_word' id='word_1_497' title='bbox 461 4274 490 4326; x_wconf 92' lang='lat'><strong>6</strong></span> <span class='ocrx_word' id='word_1_498' title='bbox 531 4271 882 4343; x_wconf 81' lang='grc' dir='ltr'>πατριάρχης</span> <span class='ocrx_word' id='word_1_499' title='bbox 905 4269 1162 4336; x_wconf 81' lang='grc' dir='ltr'>δέξασθαι</span> <span class='ocrx_word' id='word_1_500' title='bbox 1201 4272 1335 4340; x_wconf 85' lang='grc' dir='ltr'>παρ’</span> <span class='ocrx_word' id='word_1_501' title='bbox 1382 4269 1550 4323; x_wconf 79' lang='grc' dir='ltr'>αὐτοῦ</span> <span class='ocrx_word' id='word_1_502' title='bbox 1602 4270 1864 4324; x_wconf 85' lang='grc' dir='ltr'>σινδόνιον</span> 
     </span>
    </p>
   </div>
   <div class='ocr_carea' id='block_1_75' title="bbox 265 4360 1863 4436">
    <p class='ocr_par' dir='ltr' id='par_1_75' title="bbox 265 4360 1863 4436">
     <span class='ocr_line' id='line_1_75' title="bbox 265 4360 1863 4436; baseline -0.003 -15"><span class='ocrx_word' id='word_1_503' title='bbox 265 4369 367 4421; x_wconf 78' lang='grc' dir='ltr'>σὺν</span> <span class='ocrx_word' id='word_1_504' title='bbox 398 4364 658 4436; x_wconf 82' lang='grc' dir='ltr'>ὲνδύματι</span> <span class='ocrx_word' id='word_1_505' title='bbox 692 4363 1040 4418; x_wconf 77' lang='grc' dir='ltr'>ἐνδύσασθαι.</span> <span class='ocrx_word' id='word_1_506' title='bbox 1086 4361 1144 4416; x_wconf 90' lang='lat'><strong>&#39;0</strong></span> <span class='ocrx_word' id='word_1_507' title='bbox 1179 4360 1237 4414; x_wconf 86' lang='grc' dir='ltr'>δὲ</span> <span class='ocrx_word' id='word_1_508' title='bbox 1270 4362 1373 4414; x_wconf 81' lang='grc' dir='ltr'><strong>οὐκ</strong></span> <span class='ocrx_word' id='word_1_509' title='bbox 1402 4360 1666 4432; x_wconf 80' lang='grc' dir='ltr'>ἠνέσχετο</span> <span class='ocrx_word' id='word_1_510' title='bbox 1710 4362 1863 4416; x_wconf 81' lang='grc' dir='ltr'>ὲνδύ-</span> 
     </span>
    </p>
   </div>
   <div class='ocr_carea' id='block_1_76' title="bbox 263 4448 1863 4528">
    <p class='ocr_par' dir='ltr' id='par_1_76' title="bbox 263 4448 1863 4528">
     <span class='ocr_line' id='line_1_76' title="bbox 263 4448 1863 4528; baseline -0.004 -13"><span class='ocrx_word' id='word_1_511' title='bbox 263 4460 470 4515; x_wconf 85' lang='grc' dir='ltr'>σασθαι</span> <span class='ocrx_word' id='word_1_512' title='bbox 522 4459 686 4513; x_wconf 81' lang='grc' dir='ltr'>αὑτά.</span> <span class='ocrx_word' id='word_1_513' title='bbox 719 4459 895 4528; x_wconf 74' lang='grc' dir='ltr'>Μόγις</span> <span class='ocrx_word' id='word_1_514' title='bbox 924 4456 1020 4512; x_wconf 77' lang='grc' dir='ltr'><strong>οὖν</strong></span> <span class='ocrx_word' id='word_1_515' title='bbox 1073 4455 1259 4510; x_wconf 78' lang='grc' dir='ltr'>ἔπεισε</span> <span class='ocrx_word' id='word_1_516' title='bbox 1293 4457 1548 4527; x_wconf 79' lang='grc' dir='ltr'>φορέσαι,</span> <span class='ocrx_word' id='word_1_517' title='bbox 1587 4455 1693 4521; x_wconf 77' lang='grc' dir='ltr'>ἕως</span> <span class='ocrx_word' id='word_1_518' title='bbox 1731 4448 1792 4510; x_wconf 74' lang='grc' dir='ltr'><strong>οὗ</strong></span> <span class='ocrx_word' id='word_1_519' title='bbox 1817 4457 1863 4489; x_wconf 80' lang='grc'><strong>⁸⁸</strong></span> 
     </span>
    </p>
   </div>
   <div class='ocr_carea' id='block_1_77' title="bbox 260 4547 1865 4624">
    <p class='ocr_par' dir='ltr' id='par_1_77' title="bbox 260 4547 1865 4624">
     <span class='ocr_line' id='line_1_77' title="bbox 260 4547 1865 4624; baseline -0.003 -16"><span class='ocrx_word' id='word_1_520' title='bbox 260 4552 586 4624; x_wconf 69' lang='grc' dir='ltr'>διελύθησαν</span> <span class='ocrx_word' id='word_1_521' title='bbox 612 4552 680 4606; x_wconf 82' lang='grc' dir='ltr'>τὰ</span> <span class='ocrx_word' id='word_1_522' title='bbox 724 4552 916 4623; x_wconf 78' lang='grc' dir='ltr'>ἱμάτια</span> <span class='ocrx_word' id='word_1_523' title='bbox 953 4548 1142 4604; x_wconf 83' lang='grc' dir='ltr'>αὐτοῦ.</span> <span class='ocrx_word' id='word_1_524' title='bbox 1181 4548 1292 4603; x_wconf 75' lang='grc' dir='ltr'>Καὶ</span> <span class='ocrx_word' id='word_1_525' title='bbox 1327 4547 1490 4603; x_wconf 85' lang='grc' dir='ltr'>πάλιν</span> <span class='ocrx_word' id='word_1_526' title='bbox 1518 4549 1865 4622; x_wconf 76' lang='grc' dir='ltr'>ἀπέστρεψεν</span> 
     </span>
    </p>
   </div>
   <div class='ocr_carea' id='block_1_78' title="bbox 259 4641 1864 4715">
    <p class='ocr_par' dir='ltr' id='par_1_78' title="bbox 259 4641 1864 4715">
     <span class='ocr_line' id='line_1_78' title="bbox 259 4641 1864 4715; baseline -0.006 -12"><span class='ocrx_word' id='word_1_527' title='bbox 259 4645 411 4702; x_wconf 77' lang='grc' dir='ltr'>αὐτὰ</span> <span class='ocrx_word' id='word_1_528' title='bbox 447 4643 527 4715; x_wconf 82' lang='grc' dir='ltr'>τῷ</span> <span class='ocrx_word' id='word_1_529' title='bbox 563 4642 886 4714; x_wconf 81' lang='grc' dir='ltr'>Σωφρονίῳ·</span> <span class='ocrx_word' id='word_1_530' title='bbox 924 4642 1020 4696; x_wconf 81' lang='grc' dir='ltr'>καὶ</span> <span class='ocrx_word' id='word_1_531' title='bbox 1061 4641 1292 4712; x_wconf 74' lang='grc' dir='ltr'>ἐφόρεσε</span> <span class='ocrx_word' id='word_1_532' title='bbox 1331 4641 1399 4694; x_wconf 80' lang='grc' dir='ltr'>τὰ</span> <span class='ocrx_word' id='word_1_533' title='bbox 1436 4641 1562 4696; x_wconf 82' lang='grc' dir='ltr'>ῐδια.</span> <span class='ocrx_word' id='word_1_534' title='bbox 1602 4641 1690 4694; x_wconf 86' lang='grc' dir='ltr'>Ἐν</span> <span class='ocrx_word' id='word_1_535' title='bbox 1735 4641 1864 4695; x_wconf 89' lang='grc' dir='ltr'>τού-</span> 
     </span>
    </p>
   </div>
   <div class='ocr_carea' id='block_1_79' title="bbox 1963 3531 3558 3606">
    <p class='ocr_par' dir='ltr' id='par_1_79' title="bbox 1963 3531 3558 3606">
     <span class='ocr_line' id='line_1_79' title="bbox 1963 3531 3558 3606; baseline -0.001 -19"><span class='ocrx_word' id='word_1_536' title='bbox 1963 3541 2216 3605; x_wconf 88' lang='lat' dir='ltr'><strong>opertus,</strong></span> <span class='ocrx_word' id='word_1_537' title='bbox 2266 3543 2322 3590; x_wconf 90' lang='lat' dir='ltr'><strong>et</strong></span> <span class='ocrx_word' id='word_1_538' title='bbox 2369 3533 2707 3606; x_wconf 86' lang='lat' dir='ltr'><strong>hypocrisim</strong></span> <span class='ocrx_word' id='word_1_539' title='bbox 2759 3534 2920 3604; x_wconf 88' lang='lat' dir='ltr'><strong>plane</strong></span> <span class='ocrx_word' id='word_1_540' title='bbox 2954 3532 3288 3588; x_wconf 84' lang='lat' dir='ltr'><strong>diabolicam</strong></span> <span class='ocrx_word' id='word_1_541' title='bbox 3334 3531 3558 3602; x_wconf 87' lang='lat' dir='ltr'><strong>pietatis</strong></span> 
     </span>
    </p>
   </div>
   <div class='ocr_carea' id='block_1_80' title="bbox 1962 3623 3555 3695">
    <p class='ocr_par' dir='ltr' id='par_1_80' title="bbox 1962 3623 3555 3695">
     <span class='ocr_line' id='line_1_80' title="bbox 1962 3623 3555 3695; baseline -0.004 -13"><span class='ocrx_word' id='word_1_542' title='bbox 1962 3625 2236 3682; x_wconf 87' lang='lat' dir='ltr'><strong>velamine</strong></span> <span class='ocrx_word' id='word_1_543' title='bbox 2271 3634 2562 3683; x_wconf 89' lang='lat' dir='ltr'><strong>ostentans</strong></span> <span class='ocrx_word' id='word_1_544' title='bbox 2615 3633 2866 3683; x_wconf 86' lang='lat' dir='ltr'><strong>sanctam</strong></span> <span class='ocrx_word' id='word_1_545' title='bbox 2895 3625 3178 3681; x_wconf 84' lang='lat' dir='ltr'><strong>civitatem</strong></span> <span class='ocrx_word' id='word_1_546' title='bbox 3227 3623 3555 3695; x_wconf 74' lang='lat' dir='ltr'><strong>ingreditur,</strong></span> 
     </span>
    </p>
   </div>
   <div class='ocr_carea' id='block_1_81' title="bbox 1964 3715 3561 3788">
    <p class='ocr_par' dir='ltr' id='par_1_81' title="bbox 1964 3715 3561 3788">
     <span class='ocr_line' id='line_1_81' title="bbox 1964 3715 3561 3788; baseline -0.005 -12"><span class='ocrx_word' id='word_1_547' title='bbox 1964 3728 2021 3776; x_wconf 90' lang='lat' dir='ltr'><strong>et</strong></span> <span class='ocrx_word' id='word_1_548' title='bbox 2050 3734 2178 3776; x_wconf 80' lang='lat' dir='ltr'><strong>mox</strong></span> <span class='ocrx_word' id='word_1_549' title='bbox 2214 3718 2478 3788; x_wconf 87' lang='lat' dir='ltr'><strong>templum</strong></span> <span class='ocrx_word' id='word_1_550' title='bbox 2514 3734 2543 3773; x_wconf 90' lang='lat' dir='ltr'><strong>a</strong></span> <span class='ocrx_word' id='word_1_551' title='bbox 2576 3717 2874 3774; x_wconf 89' lang='lat' dir='ltr'><strong>Salomone</strong></span> <span class='ocrx_word' id='word_1_552' title='bbox 2901 3725 3313 3782; x_wconf 89' lang='lat' dir='ltr'><strong>constructum,</strong></span> <span class='ocrx_word' id='word_1_553' title='bbox 3348 3716 3404 3770; x_wconf 90' lang='lat' dir='ltr'><strong>in</strong></span> <span class='ocrx_word' id='word_1_554' title='bbox 3451 3715 3561 3769; x_wconf 88' lang='lat' dir='ltr'><strong>im-</strong></span> 
     </span>
    </p>
   </div>
   <div class='ocr_carea' id='block_1_82' title="bbox 1963 3808 3560 3884">
    <p class='ocr_par' dir='ltr' id='par_1_82' title="bbox 1963 3808 3560 3884">
     <span class='ocr_line' id='line_1_82' title="bbox 1963 3808 3560 3884; baseline -0.005 -16"><span class='ocrx_word' id='word_1_555' title='bbox 1963 3813 2193 3884; x_wconf 87' lang='lat' dir='ltr'><strong>pietatis</strong></span> <span class='ocrx_word' id='word_1_556' title='bbox 2224 3820 2279 3866; x_wconf 80' lang='grc' dir='ltr'><strong>ει</strong></span> <span class='ocrx_word' id='word_1_557' title='bbox 2324 3810 2688 3881; x_wconf 54' lang='lat' dir='ltr'><strong>blasphemia).</strong></span> <span class='ocrx_word' id='word_1_558' title='bbox 2731 3810 3041 3865; x_wconf 77' lang='lat' dir='ltr'><strong>oratorium</strong></span> <span class='ocrx_word' id='word_1_559' title='bbox 3079 3808 3214 3862; x_wconf 87' lang='lat' dir='ltr'><strong>illttd</strong></span> <span class='ocrx_word' id='word_1_560' title='bbox 3255 3821 3560 3874; x_wconf 80' lang='lat' dir='ltr'><strong>conversu-</strong></span> 
     </span>
    </p>
   </div>
   <div class='ocr_carea' id='block_1_83' title="bbox 1969 3897 3559 3974">
    <p class='ocr_par' dir='ltr' id='par_1_83' title="bbox 1969 3897 3559 3974">
     <span class='ocr_line' id='line_1_83' title="bbox 1969 3897 3559 3974; baseline -0.004 -14"><span class='ocrx_word' id='word_1_561' title='bbox 1969 3922 2087 3970; x_wconf 80' lang='lat' dir='ltr'><strong>rus,</strong></span> <span class='ocrx_word' id='word_1_562' title='bbox 2120 3904 2228 3962; x_wconf 84' lang='lat' dir='ltr'><strong>sibi</strong></span> <span class='ocrx_word' id='word_1_563' title='bbox 2258 3904 2478 3960; x_wconf 84' lang='lat' dir='ltr'><strong>ostendi</strong></span> <span class='ocrx_word' id='word_1_564' title='bbox 2509 3903 2832 3974; x_wconf 83' lang='lat' dir='ltr'><strong>postulavit.</strong></span> <span class='ocrx_word' id='word_1_565' title='bbox 2864 3902 3024 3956; x_wconf 86' lang='lat' dir='ltr'><strong>lluuc</strong></span> <span class='ocrx_word' id='word_1_566' title='bbox 3056 3917 3180 3956; x_wconf 82' lang='lat' dir='ltr'><strong>cum</strong></span> <span class='ocrx_word' id='word_1_567' title='bbox 3211 3897 3559 3970; x_wconf 81' lang='lat' dir='ltr'><strong>Sophronius</strong></span> 
     </span>
    </p>
   </div>
   <div class='ocr_carea' id='block_1_84' title="bbox 1966 3991 3560 4063">
    <p class='ocr_par' dir='ltr' id='par_1_84' title="bbox 1966 3991 3560 4063">
     <span class='ocr_line' id='line_1_84' title="bbox 1966 3991 3560 4063; baseline -0.008 -9"><span class='ocrx_word' id='word_1_568' title='bbox 1966 3997 2238 4054; x_wconf 85' lang='lat' dir='ltr'><strong>vidisset:</strong></span> <span class='ocrx_word' id='word_1_569' title='bbox 2275 3995 2408 4052; x_wconf 67' lang='lat' dir='ltr'><strong>Haec</strong></span> <span class='ocrx_word' id='word_1_570' title='bbox 2464 4007 2545 4050; x_wconf 76' lang='lat' dir='ltr'><strong>est</strong></span> <span class='ocrx_word' id='word_1_571' title='bbox 2588 4011 2728 4058; x_wconf 80' lang='lat' dir='ltr'><strong>vere,</strong></span> <span class='ocrx_word' id='word_1_572' title='bbox 2781 3994 2981 4063; x_wconf 82' lang='lat' dir='ltr'><strong>inquit,</strong></span> <span class='ocrx_word' id='word_1_573' title='bbox 3023 3992 3350 4047; x_wconf 80' lang='lat' dir='ltr'><strong>abomittatio</strong></span> <span class='ocrx_word' id='word_1_574' title='bbox 3405 3991 3560 4044; x_wconf 77' lang='lat' dir='ltr'><strong>deso-</strong></span> 
     </span>
    </p>
   </div>
   <div class='ocr_carea' id='block_1_85' title="bbox 1965 4079 3559 4158">
    <p class='ocr_par' dir='ltr' id='par_1_85' title="bbox 1965 4079 3559 4158">
     <span class='ocr_line' id='line_1_85' title="bbox 1965 4079 3559 4158; baseline -0.008 -14"><span class='ocrx_word' id='word_1_575' title='bbox 1965 4091 2185 4145; x_wconf 80' lang='lat' dir='ltr'><strong>lationis</strong></span> <span class='ocrx_word' id='word_1_576' title='bbox 2222 4107 2254 4143; x_wconf 91' lang='lat' dir='ltr'><strong>a</strong></span> <span class='ocrx_word' id='word_1_577' title='bbox 2288 4088 2544 4158; x_wconf 86' lang='lat' dir='ltr'><strong>propheta</strong></span> <span class='ocrx_word' id='word_1_578' title='bbox 2575 4084 2800 4141; x_wconf 85' lang='lat' dir='ltr'><strong>Dauiele</strong></span> <span class='ocrx_word' id='word_1_579' title='bbox 2841 4085 3223 4156; x_wconf 80' lang='lat' dir='ltr'><strong>prwuuntiata,</strong></span> <span class='ocrx_word' id='word_1_580' title='bbox 3260 4097 3378 4153; x_wconf 75' lang='lat' dir='ltr'><strong>qua:</strong></span> <span class='ocrx_word' id='word_1_581' title='bbox 3406 4079 3559 4133; x_wconf 86' lang='lat' dir='ltr'><strong>modo</strong></span> 
     </span>
    </p>
   </div>
   <div class='ocr_carea' id='block_1_86' title="bbox 1965 4177 3558 4250">
    <p class='ocr_par' dir='ltr' id='par_1_86' title="bbox 1965 4177 3558 4250">
     <span class='ocr_line' id='line_1_86' title="bbox 1965 4177 3558 4250; baseline -0.009 -10"><span class='ocrx_word' id='word_1_582' title='bbox 1965 4194 2076 4240; x_wconf 82' lang='lat' dir='ltr'><strong>stat</strong></span> <span class='ocrx_word' id='word_1_583' title='bbox 2117 4185 2172 4238; x_wconf 83' lang='lat' dir='ltr'><strong>in</strong></span> <span class='ocrx_word' id='word_1_584' title='bbox 2209 4184 2327 4238; x_wconf 80' lang='lat' dir='ltr'><strong>loco</strong></span> <span class='ocrx_word' id='word_1_585' title='bbox 2376 4190 2604 4246; x_wconf 76' lang='lat' dir='ltr'><strong>sancta;</strong></span> <span class='ocrx_word' id='word_1_586' title='bbox 2653 4179 2940 4250; x_wconf 82' lang='lat' dir='ltr'><strong>multaque</strong></span> <span class='ocrx_word' id='word_1_587' title='bbox 2978 4177 3142 4233; x_wconf 67' lang='lat' dir='ltr'><strong>simu!</strong></span> <span class='ocrx_word' id='word_1_588' title='bbox 3185 4177 3558 4247; x_wconf 87' lang='lat' dir='ltr'><strong>lacrymarum</strong></span> 
     </span>
    </p>
   </div>
   <div class='ocr_carea' id='block_1_87' title="bbox 1967 4264 3560 4346">
    <p class='ocr_par' dir='ltr' id='par_1_87' title="bbox 1967 4264 3560 4346">
     <span class='ocr_line' id='line_1_87' title="bbox 1967 4264 3560 4346; baseline -0.009 -17"><span class='ocrx_word' id='word_1_589' title='bbox 1967 4275 2126 4346; x_wconf 87' lang='lat' dir='ltr'><strong>copia</strong></span> <span class='ocrx_word' id='word_1_590' title='bbox 2151 4273 2388 4343; x_wconf 80' lang='lat' dir='ltr'><strong>insignis</strong></span> <span class='ocrx_word' id='word_1_591' title='bbox 2413 4272 2502 4326; x_wconf 91' lang='lat' dir='ltr'><strong>ille</strong></span> <span class='ocrx_word' id='word_1_592' title='bbox 2537 4269 2756 4340; x_wconf 87' lang='lat' dir='ltr'><strong>pietatis</strong></span> <span class='ocrx_word' id='word_1_593' title='bbox 2789 4278 3166 4339; x_wconf 77' lang='lat' dir='ltr'><strong>propugnator</strong></span> <span class='ocrx_word' id='word_1_594' title='bbox 3187 4264 3560 4321; x_wconf 88' lang='lat' dir='ltr'><strong>Christianam</strong></span> 
     </span>
    </p>
   </div>
   <div class='ocr_carea' id='block_1_88' title="bbox 1966 4355 3560 4439">
    <p class='ocr_par' dir='ltr' id='par_1_88' title="bbox 1966 4355 3560 4439">
     <span class='ocr_line' id='line_1_88' title="bbox 1966 4355 3560 4439; baseline -0.007 -17"><span class='ocrx_word' id='word_1_595' title='bbox 1966 4376 2186 4439; x_wconf 78' lang='lat' dir='ltr'><strong>gentem</strong></span> <span class='ocrx_word' id='word_1_596' title='bbox 2228 4365 2485 4421; x_wconf 81' lang='lat' dir='ltr'><strong>deﬂebat.</strong></span> <span class='ocrx_word' id='word_1_597' title='bbox 2521 4363 2673 4418; x_wconf 87' lang='lat' dir='ltr'><strong>lutra</strong></span> <span class='ocrx_word' id='word_1_598' title='bbox 2701 4362 2890 4431; x_wconf 89' lang='lat' dir='ltr'><strong>templi</strong></span> <span class='ocrx_word' id='word_1_599' title='bbox 2926 4361 3097 4432; x_wconf 77' lang='lat' dir='ltr'><strong>igitur</strong></span> <span class='ocrx_word' id='word_1_600' title='bbox 3126 4367 3279 4424; x_wconf 86' lang='lat' dir='ltr'><strong>scpta</strong></span> <span class='ocrx_word' id='word_1_601' title='bbox 3311 4358 3438 4410; x_wconf 89' lang='lat' dir='ltr'><strong>dum</strong></span> <span class='ocrx_word' id='word_1_602' title='bbox 3470 4355 3560 4411; x_wconf 82' lang='lat' dir='ltr'><strong>ille</strong></span> 
     </span>
    </p>
   </div>
   <div class='ocr_carea' id='block_1_89' title="bbox 1968 4446 3557 4526">
    <p class='ocr_par' dir='ltr' id='par_1_89' title="bbox 1968 4446 3557 4526">
     <span class='ocr_line' id='line_1_89' title="bbox 1968 4446 3557 4526; baseline -0.011 -12"><span class='ocrx_word' id='word_1_603' title='bbox 1968 4467 2306 4522; x_wconf 87' lang='lat' dir='ltr'><strong>moraretur,</strong></span> <span class='ocrx_word' id='word_1_604' title='bbox 2342 4456 2601 4526; x_wconf 89' lang='lat' dir='ltr'><strong>precibus</strong></span> <span class='ocrx_word' id='word_1_605' title='bbox 2635 4453 2780 4524; x_wconf 90' lang='lat' dir='ltr'><strong>apud</strong></span> <span class='ocrx_word' id='word_1_606' title='bbox 2825 4467 2950 4508; x_wconf 90' lang='lat' dir='ltr'><strong>eum</strong></span> <span class='ocrx_word' id='word_1_607' title='bbox 2984 4451 3180 4518; x_wconf 81' lang='lat' dir='ltr'><strong>agebat</strong></span> <span class='ocrx_word' id='word_1_608' title='bbox 3218 4446 3557 4518; x_wconf 82' lang='lat' dir='ltr'><strong>patriarcha,</strong></span> 
     </span>
    </p>
   </div>
   <div class='ocr_carea' id='block_1_90' title="bbox 1969 4540 3556 4620">
    <p class='ocr_par' dir='ltr' id='par_1_90' title="bbox 1969 4540 3556 4620">
     <span class='ocr_line' id='line_1_90' title="bbox 1969 4540 3556 4620; baseline -0.01 -13"><span class='ocrx_word' id='word_1_609' title='bbox 1969 4560 2030 4608; x_wconf 89' lang='lat' dir='ltr'><strong>ut</strong></span> <span class='ocrx_word' id='word_1_610' title='bbox 2062 4558 2346 4620; x_wconf 86' lang='lat' dir='ltr'><strong>acceptam</strong></span> <span class='ocrx_word' id='word_1_611' title='bbox 2382 4563 2411 4602; x_wconf 84' lang='lat' dir='ltr'><strong>a</strong></span> <span class='ocrx_word' id='word_1_612' title='bbox 2444 4563 2505 4602; x_wconf 86' lang='lat' dir='ltr'><strong>se</strong></span> <span class='ocrx_word' id='word_1_613' title='bbox 2553 4545 2848 4601; x_wconf 84' lang='lat' dir='ltr'><strong>sind&#39;oncm</strong></span> <span class='ocrx_word' id='word_1_614' title='bbox 2899 4557 2965 4598; x_wconf 85' lang='lat' dir='ltr'><strong>ac</strong></span> <span class='ocrx_word' id='word_1_615' title='bbox 3011 4551 3222 4597; x_wconf 87' lang='lat' dir='ltr'><strong>vestem</strong></span> <span class='ocrx_word' id='word_1_616' title='bbox 3278 4540 3556 4593; x_wconf 84' lang='lat' dir='ltr'><strong>indueret.</strong></span> 
     </span>
    </p>
   </div>
   <div class='ocr_carea' id='block_1_91' title="bbox 1969 4631 3560 4711">
    <p class='ocr_par' dir='ltr' id='par_1_91' title="bbox 1969 4631 3560 4711">
     <span class='ocr_line' id='line_1_91' title="bbox 1969 4631 3560 4711; baseline -0.009 -12"><span class='ocrx_word' id='word_1_617' title='bbox 1969 4644 2145 4711; x_wconf 85' lang='lat' dir='ltr'><strong>Quam</strong></span> <span class='ocrx_word' id='word_1_618' title='bbox 2194 4657 2322 4696; x_wconf 89' lang='lat' dir='ltr'><strong>cum</strong></span> <span class='ocrx_word' id='word_1_619' title='bbox 2376 4654 2662 4695; x_wconf 86' lang='lat' dir='ltr'><strong>assumere</strong></span> <span class='ocrx_word' id='word_1_620' title='bbox 2711 4638 3096 4699; x_wconf 88' lang='lat' dir='ltr'><strong>detrectasset,</strong></span> <span class='ocrx_word' id='word_1_621' title='bbox 3137 4632 3433 4703; x_wconf 86' lang='lat' dir='ltr'><strong>episcopus</strong></span> <span class='ocrx_word' id='word_1_622' title='bbox 3467 4631 3560 4684; x_wconf 78' lang='lat' dir='ltr'><strong>vix</strong></span> 
     </span>
    </p>
   </div>
   <div class='ocr_carea' id='block_1_92' title="bbox 262 4719 1861 4807">
    <p class='ocr_par' dir='ltr' id='par_1_92' title="bbox 262 4732 1858 4807">
     <span class='ocr_line' id='line_1_92' title="bbox 262 4732 1858 4807; baseline -0.001 -15"><span class='ocrx_word' id='word_1_623' title='bbox 262 4756 385 4802; x_wconf 88' lang='grc' dir='ltr'>τοις</span> <span class='ocrx_word' id='word_1_624' title='bbox 435 4733 655 4792; x_wconf 80' lang='grc' dir='ltr'>ἀπεὸίω</span> <span class='ocrx_word' id='word_1_625' title='bbox 701 4737 730 4790; x_wconf 88' lang='lat'><strong>6</strong></span> <span class='ocrx_word' id='word_1_626' title='bbox 760 4733 1139 4805; x_wconf 84' lang='grc' dir='ltr'>Σωφρόνιος,ὁ</span> <span class='ocrx_word' id='word_1_627' title='bbox 1187 4732 1333 4804; x_wconf 78' lang='grc' dir='ltr'>λόγῳ</span> <span class='ocrx_word' id='word_1_628' title='bbox 1367 4734 1462 4788; x_wconf 72' lang='grc' dir='ltr'><strong>καὶ</strong></span> <span class='ocrx_word' id='word_1_629' title='bbox 1514 4734 1716 4806; x_wconf 82' lang='grc' dir='ltr'>πράξει</span> <span class='ocrx_word' id='word_1_630' title='bbox 1756 4735 1858 4807; x_wconf 78' lang='grc' dir='ltr'>τὴν</span> 
     </span>
    </p>
   </div>
   <div class='ocr_carea' id='block_1_93' title="bbox 1967 4719 3551 4807">
    <p class='ocr_par' dir='ltr' id='par_1_93' title="bbox 1967 4725 3551 4803">
     <span class='ocr_line' id='line_1_93' title="bbox 1967 4725 3551 4803; baseline -0.008 -11"><span class='ocrx_word' id='word_1_631' title='bbox 1967 4735 2237 4797; x_wconf 80' lang='lat' dir='ltr'><strong>exoravit,</strong></span> <span class='ocrx_word' id='word_1_632' title='bbox 2269 4743 2336 4788; x_wconf 69' lang='lat' dir='ltr'><strong>ut&#39;</strong></span> <span class='ocrx_word' id='word_1_633' title='bbox 2363 4734 2474 4789; x_wconf 87' lang='lat' dir='ltr'><strong>ista</strong></span> <span class='ocrx_word' id='word_1_634' title='bbox 2513 4739 2755 4803; x_wconf 73' lang='lat' dir='ltr'><strong>gestaret</strong></span> <span class='ocrx_word' id='word_1_635' title='bbox 2796 4731 2972 4785; x_wconf 84' lang='lat' dir='ltr'><strong>donec</strong></span> <span class='ocrx_word' id='word_1_636' title='bbox 3015 4728 3176 4784; x_wconf 88' lang='lat' dir='ltr'><strong>solita</strong></span> <span class='ocrx_word' id='word_1_637' title='bbox 3226 4725 3551 4782; x_wconf 89' lang='lat' dir='ltr'><strong>indumenta</strong></span> 
     </span>
    </p>
   </div>
   <div class='ocr_carea' id='block_1_94' title="bbox 274 4824 1860 4903">
    <p class='ocr_par' dir='ltr' id='par_1_94' title="bbox 274 4824 1860 4903">
     <span class='ocr_line' id='line_1_94' title="bbox 274 4824 1860 4903; baseline -0.004 -17"><span class='ocrx_word' id='word_1_638' title='bbox 274 4829 677 4903; x_wconf 82' lang='grc' dir='ltr'>Ἱεροσολύμων</span> <span class='ocrx_word' id='word_1_639' title='bbox 721 4827 1160 4898; x_wconf 72' lang='grc' dir='ltr'>κατακοσμήσεις</span> <span class='ocrx_word' id='word_1_640' title='bbox 1217 4824 1541 4896; x_wconf 77' lang='grc' dir='ltr'>ἐκκλησίαν,</span> <span class='ocrx_word' id='word_1_641' title='bbox 1576 4825 1674 4880; x_wconf 76' lang='grc' dir='ltr'>καὶ</span> <span class='ocrx_word' id='word_1_642' title='bbox 1717 4825 1860 4880; x_wconf 86' lang='grc' dir='ltr'><strong>κατά</strong></span> 
     </span>
    </p>
   </div>
   <div class='ocr_carea' id='block_1_95' title="bbox 258 4915 1862 4994">
    <p class='ocr_par' dir='ltr' id='par_1_95' title="bbox 258 4915 1862 4994">
     <span class='ocr_line' id='line_1_95' title="bbox 258 4915 1862 4994; baseline -0.002 -19"><span class='ocrx_word' id='word_1_643' title='bbox 258 4923 366 4994; x_wconf 80' lang='grc' dir='ltr'><strong>τῆς</strong></span> <span class='ocrx_word' id='word_1_644' title='bbox 393 4921 438 4954; x_wconf 77' lang='grc'>⁸⁷</span> <span class='ocrx_word' id='word_1_645' title='bbox 478 4919 804 4991; x_wconf 80' lang='grc' dir='ltr'>Ἡρακλείου</span> <span class='ocrx_word' id='word_1_646' title='bbox 850 4918 949 4972; x_wconf 70' lang='grc' dir='ltr'><strong>καὶ</strong></span> <span class='ocrx_word' id='word_1_647' title='bbox 992 4917 1101 4971; x_wconf 87' lang='grc' dir='ltr'>τῶν</span> <span class='ocrx_word' id='word_1_648' title='bbox 1133 4917 1232 4971; x_wconf 77' lang='grc' dir='ltr'>σὺν</span> <span class='ocrx_word' id='word_1_649' title='bbox 1277 4915 1432 4988; x_wconf 86' lang='grc' dir='ltr'><strong>αὐτῷ</strong></span> <span class='ocrx_word' id='word_1_650' title='bbox 1461 4916 1862 4990; x_wconf 83' lang='grc' dir='ltr'>Μονοθελητῶν</span> 
     </span>
    </p>
   </div>
   <div class='ocr_carea' id='block_1_96' title="bbox 262 5009 1712 5083">
    <p class='ocr_par' dir='ltr' id='par_1_96' title="bbox 262 5009 1712 5083">
     <span class='ocr_line' id='line_1_96' title="bbox 262 5009 1712 5083; baseline -0.003 -14"><span class='ocrx_word' id='word_1_651' title='bbox 262 5014 594 5082; x_wconf 79' lang='grc' dir='ltr'>κακοδοξίας</span> <span class='ocrx_word' id='word_1_652' title='bbox 623 5011 1036 5083; x_wconf 81' lang='grc' dir='ltr'>ἀγωνισάμενος</span> <span class='ocrx_word' id='word_1_653' title='bbox 1075 5009 1306 5082; x_wconf 81' lang='grc' dir='ltr'>Σεργίου</span> <span class='ocrx_word' id='word_1_654' title='bbox 1342 5012 1440 5065; x_wconf 81' lang='grc' dir='ltr'><strong>καὶ</strong></span> <span class='ocrx_word' id='word_1_655' title='bbox 1469 5010 1712 5083; x_wconf 76' lang='grc' dir='ltr'>Πύρρου.</span> 
     </span>
    </p>
   </div>
   <div class='ocr_carea' id='block_1_97' title="bbox 1970 4816 3562 4895">
    <p class='ocr_par' dir='ltr' id='par_1_97' title="bbox 1970 4816 3562 4895">
     <span class='ocr_line' id='line_1_97' title="bbox 1970 4816 3562 4895; baseline -0.008 -9"><span class='ocrx_word' id='word_1_656' title='bbox 1970 4829 2317 4889; x_wconf 83' lang='lat' dir='ltr'><strong>lavarentur,</strong></span> <span class='ocrx_word' id='word_1_657' title='bbox 2362 4833 2417 4880; x_wconf 85' lang='lat' dir='ltr'><strong>et</strong></span> <span class='ocrx_word' id='word_1_658' title='bbox 2469 4823 2710 4895; x_wconf 83' lang='lat' dir='ltr'><strong>propriis</strong></span> <span class='ocrx_word' id='word_1_659' title='bbox 2743 4819 3067 4883; x_wconf 86' lang='lat' dir='ltr'><strong>resumptis,</strong></span> <span class='ocrx_word' id='word_1_660' title='bbox 3106 4818 3294 4874; x_wconf 87' lang='lat' dir='ltr'><strong>statim</strong></span> <span class='ocrx_word' id='word_1_661' title='bbox 3320 4817 3426 4873; x_wconf 86' lang='lat' dir='ltr'><strong>ista</strong></span> <span class='ocrx_word' id='word_1_662' title='bbox 3455 4816 3562 4874; x_wconf 84' lang='lat' dir='ltr'><strong>So-</strong></span> 
     </span>
    </p>
   </div>
   <div class='ocr_carea' id='block_1_98' title="bbox 1971 4909 3568 4993">
    <p class='ocr_par' dir='ltr' id='par_1_98' title="bbox 1971 4909 3568 4993">
     <span class='ocr_line' id='line_1_98' title="bbox 1971 4909 3568 4993; baseline -0.008 -20"><span class='ocrx_word' id='word_1_663' title='bbox 1971 4918 2216 4993; x_wconf 78' lang='lat' dir='ltr'><strong>phrouio</strong></span> <span class='ocrx_word' id='word_1_664' title='bbox 2243 4917 2506 4974; x_wconf 84' lang='lat' dir='ltr'><strong>restituit.</strong></span> <span class='ocrx_word' id='word_1_665' title='bbox 2539 4915 2595 4969; x_wconf 88' lang='lat' dir='ltr'><strong>lu</strong></span> <span class='ocrx_word' id='word_1_666' title='bbox 2626 4930 2690 4971; x_wconf 87' lang='lat' dir='ltr'><strong>ea</strong></span> <span class='ocrx_word' id='word_1_667' title='bbox 2728 4929 2912 4968; x_wconf 85' lang='lat' dir='ltr'><strong>rerum</strong></span> <span class='ocrx_word' id='word_1_668' title='bbox 2945 4912 3264 4967; x_wconf 88' lang='lat' dir='ltr'><strong>calamitate</strong></span> <span class='ocrx_word' id='word_1_669' title='bbox 3313 4909 3568 4980; x_wconf 74' lang='lat' dir='ltr'><strong>Sophro-</strong></span> 
     </span>
    </p>
   </div>
   <div class='ocr_carea' id='block_1_99' title="bbox 1969 5002 3568 5082">
    <p class='ocr_par' dir='ltr' id='par_1_99' title="bbox 1969 5002 3568 5082">
     <span class='ocr_line' id='line_1_99' title="bbox 1969 5002 3568 5082; baseline -0.011 -14"><span class='ocrx_word' id='word_1_670' title='bbox 1969 5012 2096 5068; x_wconf 87' lang='lat' dir='ltr'><strong>uius</strong></span> <span class='ocrx_word' id='word_1_671' title='bbox 2132 5009 2414 5082; x_wconf 62' lang='lat' dir='ltr'><strong>praeclaris</strong></span> <span class='ocrx_word' id='word_1_672' title='bbox 2476 5007 2661 5063; x_wconf 83' lang='lat' dir='ltr'><strong>verbis</strong></span> <span class='ocrx_word' id='word_1_673' title='bbox 2719 5013 2774 5060; x_wconf 88' lang='lat' dir='ltr'><strong>et</strong></span> <span class='ocrx_word' id='word_1_674' title='bbox 2823 5005 2993 5077; x_wconf 77' lang='lat' dir='ltr'><strong>gestis</strong></span> <span class='ocrx_word' id='word_1_675' title='bbox 3043 5002 3568 5073; x_wconf 81' lang='lat' dir='ltr'><strong>Hierosolymorum</strong></span> 
     </span>
    </p>
   </div>
   <div class='ocr_carea' id='block_1_100' title="bbox 260 5096 3554 5182">
    <p class='ocr_par' dir='ltr' id='par_1_100' title="bbox 260 5096 3554 5182">
     <span class='ocr_line' id='line_1_100' title="bbox 260 5096 3554 5182; baseline -0.005 -17"><span class='ocrx_word' id='word_1_676' title='bbox 260 5113 561 5170; x_wconf 69' lang='lat' dir='ltr'><strong>ecclesiam</strong></span> <span class='ocrx_word' id='word_1_677' title='bbox 586 5111 751 5182; x_wconf 73' lang='lat'><strong>282</strong></span> <span class='ocrx_word' id='word_1_678' title='bbox 801 5111 932 5165; x_wconf 90' lang='lat' dir='ltr'><strong>olim</strong></span> <span class='ocrx_word' id='word_1_679' title='bbox 978 5108 1348 5179; x_wconf 84' lang='lat' dir='ltr'><strong>amplificans,</strong></span> <span class='ocrx_word' id='word_1_680' title='bbox 1382 5108 1452 5164; x_wconf 92' lang='lat' dir='ltr'><strong>de</strong></span> <span class='ocrx_word' id='word_1_681' title='bbox 1496 5107 1769 5175; x_wconf 82' lang='lat' dir='ltr'><strong>Heraclio,</strong></span> <span class='ocrx_word' id='word_1_682' title='bbox 1837 5116 1897 5165; x_wconf 70' lang='lat' dir='ltr'><strong>et</strong></span> <span class='ocrx_word' id='word_1_683' title='bbox 1969 5107 2456 5165; x_wconf 85' lang='lat' dir='ltr'><strong>monothelitarum</strong></span> <span class='ocrx_word' id='word_1_684' title='bbox 2511 5103 2617 5174; x_wconf 88' lang='lat' dir='ltr'><strong>ipsi</strong></span> <span class='ocrx_word' id='word_1_685' title='bbox 2671 5101 3021 5158; x_wconf 86' lang='lat' dir='ltr'><strong>addictorum</strong></span> <span class='ocrx_word' id='word_1_686' title='bbox 3078 5096 3446 5170; x_wconf 85' lang='lat' dir='ltr'><strong>pravitatibus</strong></span> <span class='ocrx_word' id='word_1_687' title='bbox 3497 5099 3554 5148; x_wconf 87' lang='lat' dir='ltr'><strong>et</strong></span> 
     </span>
    </p>
   </div>
   <div class='ocr_carea' id='block_1_101' title="bbox 260 5197 3215 5280">
    <p class='ocr_par' dir='ltr' id='par_1_101' title="bbox 260 5197 3215 5280">
     <span class='ocr_line' id='line_1_101' title="bbox 260 5197 3215 5280; baseline -0.006 -15"><span class='ocrx_word' id='word_1_688' title='bbox 260 5207 622 5276; x_wconf 82' lang='lat' dir='ltr'><strong>commentis,</strong></span> <span class='ocrx_word' id='word_1_689' title='bbox 660 5208 840 5280; x_wconf 90' lang='lat' dir='ltr'><strong>deque</strong></span> <span class='ocrx_word' id='word_1_690' title='bbox 877 5205 1069 5277; x_wconf 82' lang='lat' dir='ltr'><strong>Sergio</strong></span> <span class='ocrx_word' id='word_1_691' title='bbox 1131 5213 1186 5261; x_wconf 88' lang='lat' dir='ltr'><strong>et</strong></span> <span class='ocrx_word' id='word_1_692' title='bbox 1248 5203 1460 5276; x_wconf 85' lang='lat' dir='ltr'><strong>Pyrrho</strong></span> <span class='ocrx_word' id='word_1_693' title='bbox 1525 5205 1853 5271; x_wconf 83' lang='lat' dir='ltr'><strong>confutatis,</strong></span> <span class='ocrx_word' id='word_1_694' title='bbox 1893 5206 2202 5262; x_wconf 86' lang='lat' dir='ltr'><strong>clarissima</strong></span> <span class='ocrx_word' id='word_1_695' title='bbox 2241 5212 2446 5273; x_wconf 71' lang='lat' dir='ltr'><strong>tropaea</strong></span> <span class='ocrx_word' id='word_1_696' title='bbox 2481 5201 2750 5266; x_wconf 78' lang='lat' dir='ltr'><strong>referens,</strong></span> <span class='ocrx_word' id='word_1_697' title='bbox 2781 5197 3080 5254; x_wconf 89' lang='lat' dir='ltr'><strong>defunctus</strong></span> <span class='ocrx_word' id='word_1_698' title='bbox 3104 5203 3215 5250; x_wconf 89' lang='lat' dir='ltr'><strong>est.</strong></span> 
     </span>
    </p>
   </div>
   <div class='ocr_carea' id='block_1_102' title="bbox 335 5294 1863 5374">
    <p class='ocr_par' dir='ltr' id='par_1_102' title="bbox 335 5294 1863 5374">
     <span class='ocr_line' id='line_1_102' title="bbox 335 5294 1863 5374; baseline -0.007 -17"><span class='ocrx_word' id='word_1_699' title='bbox 335 5301 433 5374; x_wconf 83' lang='grc' dir='ltr'><strong>Τῷ</strong></span> <span class='ocrx_word' id='word_1_700' title='bbox 471 5299 623 5372; x_wconf 85' lang='grc' dir='ltr'><strong>αὑτῷ</strong></span> <span class='ocrx_word' id='word_1_701' title='bbox 651 5300 763 5355; x_wconf 80' lang='grc' dir='ltr'>έτει</span> <span class='ocrx_word' id='word_1_702' title='bbox 793 5297 1019 5354; x_wconf 81' lang='grc' dir='ltr'>ἀπολύει</span> <span class='ocrx_word' id='word_1_703' title='bbox 1059 5297 1320 5369; x_wconf 83' lang='grc' dir='ltr'>Οὓμαρος</span> <span class='ocrx_word' id='word_1_704' title='bbox 1365 5297 1459 5352; x_wconf 82' lang='grc' dir='ltr'><strong>τὸν</strong></span> <span class='ocrx_word' id='word_1_705' title='bbox 1496 5296 1672 5350; x_wconf 85' lang='grc' dir='ltr'>Ἰαδον</span> <span class='ocrx_word' id='word_1_706' title='bbox 1702 5294 1758 5327; x_wconf 76' lang='grc'><strong>⁸⁸</strong></span> <span class='ocrx_word' id='word_1_707' title='bbox 1780 5297 1863 5360; x_wconf 85' lang='grc' dir='ltr'><strong>είς</strong></span> 
     </span>
    </p>
   </div>
   <div class='ocr_carea' id='block_1_103' title="bbox 257 5388 1863 5477">
    <p class='ocr_par' dir='ltr' id='par_1_103' title="bbox 257 5388 1863 5466">
     <span class='ocr_line' id='line_1_103' title="bbox 257 5388 1863 5466; baseline -0.004 -17"><span class='ocrx_word' id='word_1_708' title='bbox 257 5397 366 5466; x_wconf 76' lang='grc' dir='ltr'>τὴν</span> <span class='ocrx_word' id='word_1_709' title='bbox 409 5393 638 5465; x_wconf 84' lang='grc' dir='ltr'>Συρίαν,</span> <span class='ocrx_word' id='word_1_710' title='bbox 671 5393 767 5450; x_wconf 73' lang='grc' dir='ltr'><strong>καὶ</strong></span> <span class='ocrx_word' id='word_1_711' title='bbox 817 5391 1088 5458; x_wconf 78' lang='grc' dir='ltr'>ὑπέταξεν</span> <span class='ocrx_word' id='word_1_712' title='bbox 1135 5392 1318 5446; x_wconf 81' lang='grc' dir='ltr'>πᾶσαν</span> <span class='ocrx_word' id='word_1_713' title='bbox 1362 5390 1462 5459; x_wconf 79' lang='grc' dir='ltr'>τὴν</span> <span class='ocrx_word' id='word_1_714' title='bbox 1495 5388 1698 5461; x_wconf 84' lang='grc' dir='ltr'>Συρίαν</span> <span class='ocrx_word' id='word_1_715' title='bbox 1756 5389 1863 5443; x_wconf 84' lang='grc' dir='ltr'><strong>Σα-</strong></span> 
     </span>
    </p>
   </div>
   <div class='ocr_carea' id='block_1_104' title="bbox 267 5491 554 5560">
    <p class='ocr_par' dir='ltr' id='par_1_104' title="bbox 267 5491 554 5560">
     <span class='ocr_line' id='line_1_104' title="bbox 267 5491 554 5560; baseline 0.007 -18"><span class='ocrx_word' id='word_1_716' title='bbox 267 5491 554 5560; x_wconf 80' lang='grc' dir='ltr'>ρακηνοῐς.</span> 
     </span>
    </p>
   </div>
   <div class='ocr_carea' id='block_1_105' title="bbox 2043 5281 3558 5355">
    <p class='ocr_par' dir='ltr' id='par_1_105' title="bbox 2043 5281 3558 5355">
     <span class='ocr_line' id='line_1_105' title="bbox 2043 5281 3558 5355; baseline -0.013 -4"><span class='ocrx_word' id='word_1_717' title='bbox 2043 5295 2252 5352; x_wconf 87' lang='lat' dir='ltr'><strong>Eodem</strong></span> <span class='ocrx_word' id='word_1_718' title='bbox 2289 5307 2438 5348; x_wconf 89' lang='lat' dir='ltr'><strong>anno</strong></span> <span class='ocrx_word' id='word_1_719' title='bbox 2483 5289 2727 5346; x_wconf 89' lang='lat' dir='ltr'><strong>Umarus</strong></span> <span class='ocrx_word' id='word_1_720' title='bbox 2757 5287 2959 5344; x_wconf 84' lang='lat' dir='ltr'><strong>Jadum</strong></span> <span class='ocrx_word' id='word_1_721' title='bbox 3010 5286 3065 5340; x_wconf 90' lang='lat' dir='ltr'><strong>in</strong></span> <span class='ocrx_word' id='word_1_722' title='bbox 3111 5283 3333 5355; x_wconf 88' lang='lat' dir='ltr'><strong>Syriam</strong></span> <span class='ocrx_word' id='word_1_723' title='bbox 3383 5281 3558 5346; x_wconf 85' lang='lat' dir='ltr'><strong>misit,</strong></span> 
     </span>
    </p>
   </div>
   <div class='ocr_carea' id='block_1_106' title="bbox 1977 5377 3559 5458">
    <p class='ocr_par' dir='ltr' id='par_1_106' title="bbox 1977 5377 3559 5458">
     <span class='ocr_line' id='line_1_106' title="bbox 1977 5377 3559 5458; baseline -0.009 -14"><span class='ocrx_word' id='word_1_724' title='bbox 1977 5390 2072 5458; x_wconf 89' lang='lat' dir='ltr'><strong>qui</strong></span> <span class='ocrx_word' id='word_1_725' title='bbox 2124 5395 2294 5443; x_wconf 89' lang='lat' dir='ltr'><strong>totam</strong></span> <span class='ocrx_word' id='word_1_726' title='bbox 2339 5399 2460 5440; x_wconf 87' lang='lat' dir='ltr'><strong>eam</strong></span> <span class='ocrx_word' id='word_1_727' title='bbox 2499 5383 2838 5455; x_wconf 77' lang='lat' dir='ltr'><strong>provinciam</strong></span> <span class='ocrx_word' id='word_1_728' title='bbox 2889 5381 2946 5435; x_wconf 91' lang='lat' dir='ltr'><strong>in</strong></span> <span class='ocrx_word' id='word_1_729' title='bbox 2977 5377 3378 5434; x_wconf 86' lang='lat' dir='ltr'><strong>Saracenorum</strong></span> <span class='ocrx_word' id='word_1_730' title='bbox 3403 5382 3559 5444; x_wconf 85' lang='lat' dir='ltr'><strong>pote-</strong></span> 
     </span>
    </p>
   </div>
   <div class='ocr_carea' id='block_1_107' title="bbox 1969 5478 2447 5549">
    <p class='ocr_par' dir='ltr' id='par_1_107' title="bbox 1969 5478 2447 5549">
     <span class='ocr_line' id='line_1_107' title="bbox 1969 5478 2447 5549; baseline -0.015 -12"><span class='ocrx_word' id='word_1_731' title='bbox 1969 5489 2170 5537; x_wconf 85' lang='lat' dir='ltr'><strong>statem</strong></span> <span class='ocrx_word' id='word_1_732' title='bbox 2214 5478 2447 5549; x_wconf 78' lang='lat' dir='ltr'><strong>redegit.</strong></span> 
     </span>
    </p>
   </div>
   <div class='ocr_carea' id='block_1_108' title="bbox 1567 5593 2245 5652">
    <p class='ocr_par' dir='ltr' id='par_1_108' title="bbox 1567 5593 2245 5652">
     <span class='ocr_line' id='line_1_108' title="bbox 1567 5593 2245 5652; baseline -0.001 -4"><span class='ocrx_word' id='word_1_733' title='bbox 1567 5595 1800 5652; x_wconf 72' lang='grc' dir='ltr'>νΑηιιΕ</span> <span class='ocrx_word' id='word_1_734' title='bbox 1834 5593 2245 5652; x_wconf 81' lang='lat' dir='ltr'><strong>LECTIONES.</strong></span> 
     </span>
    </p>
   </div>
   <div class='ocr_carea' id='block_1_109' title="bbox 339 5695 3560 5785">
    <p class='ocr_par' dir='ltr' id='par_1_109' title="bbox 339 5695 3560 5785">
     <span class='ocr_line' id='line_1_109' title="bbox 339 5695 3560 5785; baseline -0.007 -14"><span class='ocrx_word' id='word_1_735' title='bbox 339 5717 390 5751; x_wconf 81' lang='grc'><strong><em>⁸³</em></strong></span> <span class='ocrx_word' id='word_1_736' title='bbox 421 5715 514 5771; x_wconf 78' lang='grc' dir='ltr'>τοῦ</span> <span class='ocrx_word' id='word_1_737' title='bbox 531 5731 643 5773; x_wconf 90' lang='lat' dir='ltr'><strong>om.</strong></span> <span class='ocrx_word' id='word_1_738' title='bbox 662 5716 726 5772; x_wconf 80' lang='grc' dir='ltr'><strong>Α.</strong></span> <span class='ocrx_word' id='word_1_739' title='bbox 766 5715 855 5770; x_wconf 76' lang='lat'><em>“6</em></span> <span class='ocrx_word' id='word_1_740' title='bbox 884 5715 1010 5772; x_wconf 82' lang='lat' dir='ltr'><strong>add.</strong></span> <span class='ocrx_word' id='word_1_741' title='bbox 1033 5730 1099 5770; x_wconf 84' lang='lat' dir='ltr'><strong>ex</strong></span> <span class='ocrx_word' id='word_1_742' title='bbox 1120 5715 1186 5768; x_wconf 81' lang='grc' dir='ltr'><strong>Δ.</strong></span> <span class='ocrx_word' id='word_1_743' title='bbox 1228 5713 1274 5747; x_wconf 86' lang='grc'><strong><em>³⁸</em></strong></span> <span class='ocrx_word' id='word_1_744' title='bbox 1296 5713 1426 5785; x_wconf 79' lang='grc' dir='ltr'>τέλη</span> <span class='ocrx_word' id='word_1_745' title='bbox 1455 5711 1519 5779; x_wconf 88' lang='lat' dir='ltr'><strong>A,</strong></span> <span class='ocrx_word' id='word_1_746' title='bbox 1537 5711 1696 5785; x_wconf 74' lang='grc' dir='ltr'>τέλος</span> <span class='ocrx_word' id='word_1_747' title='bbox 1714 5711 1864 5785; x_wconf 75' lang='lat' dir='ltr'><strong>vulg.</strong></span> <span class='ocrx_word' id='word_1_748' title='bbox 1901 5711 1947 5744; x_wconf 82' lang='lat'><strong>“</strong></span> <span class='ocrx_word' id='word_1_749' title='bbox 1976 5709 2092 5785; x_wconf 62' lang='grc' dir='ltr'>αλλ’</span> <span class='ocrx_word' id='word_1_750' title='bbox 2121 5707 2234 5785; x_wconf 65' lang='grc' dir='ltr'><strong>ἐγὼ</strong></span> <span class='ocrx_word' id='word_1_751' title='bbox 2260 5705 2482 5785; x_wconf 65' lang='grc' dir='ltr'>ἔνοπλος</span> <span class='ocrx_word' id='word_1_752' title='bbox 2502 5704 2566 5767; x_wconf 67' lang='grc' dir='ltr'><strong>Α,</strong></span> <span class='ocrx_word' id='word_1_753' title='bbox 2591 5700 2705 5755; x_wconf 80' lang='grc' dir='ltr'>ἀλλ’</span> <span class='ocrx_word' id='word_1_754' title='bbox 2723 5699 2952 5785; x_wconf 52' lang='grc' dir='ltr'>ἔνοπλος</span> <span class='ocrx_word' id='word_1_755' title='bbox 2979 5697 3260 5785; x_wconf 39' lang='lat' dir='ltr'><strong>eriphvu‘lg:</strong></span> <span class='ocrx_word' id='word_1_756' title='bbox 3289 5765 3300 5785; x_wconf 55' lang='grc'>¹</span> <span class='ocrx_word' id='word_1_757' title='bbox 3326 5695 3560 5785; x_wconf 36' lang='lat' dir='ltr'><strong>ficari</strong></span> 
     </span>
    </p>
   </div>
   <div class='ocr_carea' id='block_1_110' title="bbox 267 5765 3556 5858">
    <p class='ocr_par' dir='ltr' id='par_1_110' title="bbox 267 5765 3556 5858">
     <span class='ocr_line' id='line_1_110' title="bbox 267 5765 3556 5858; baseline 0.001 -1"><span class='ocrx_word' id='word_1_758' title='bbox 267 5795 338 5853; x_wconf 70' lang='grc' dir='ltr'><strong>Α.</strong></span> <span class='ocrx_word' id='word_1_759' title='bbox 372 5765 512 5858; x_wconf 62' lang='grc' dir='ltr'><strong>μέὲἇ</strong></span> <span class='ocrx_word' id='word_1_760' title='bbox 530 5765 725 5858; x_wconf 42' lang='lat' dir='ltr'><strong>illis?</strong></span> <span class='ocrx_word' id='word_1_761' title='bbox 763 5787 810 5820; x_wconf 79' lang='lat'>&quot;</span> <span class='ocrx_word' id='word_1_762' title='bbox 831 5765 1194 5858; x_wconf 52' lang='grc' dir='ltr'><strong>’μὲἔτδὶέιῶὲ</strong></span> <span class='ocrx_word' id='word_1_763' title='bbox 1226 5765 1484 5858; x_wconf 61' lang='grc' dir='ltr'><strong>’⁸ψῶλῖἉῖ</strong></span> <span class='ocrx_word' id='word_1_764' title='bbox 1505 5765 2056 5858; x_wconf 30' lang='grc' dir='ltr'><strong>’μετ’ίόλξγοδξεικάς</strong></span> <span class='ocrx_word' id='word_1_765' title='bbox 2077 5765 2225 5850; x_wconf 68' lang='grc' dir='ltr'><strong>ταῖς·</strong></span> <span class='ocrx_word' id='word_1_766' title='bbox 2296 5779 2347 5858; x_wconf 84' lang='lat'><strong>.”</strong></span> <span class='ocrx_word' id='word_1_767' title='bbox 2376 5765 2902 5858; x_wconf 55' lang='grc' dir='ltr'><strong>τδξξπιδσῖαμθέὲτα.</strong></span> <span class='ocrx_word' id='word_1_768' title='bbox 2923 5767 2986 5821; x_wconf 64' lang='grc' dir='ltr'><strong>Α·</strong></span> <span class='ocrx_word' id='word_1_769' title='bbox 3040 5767 3209 5858; x_wconf 52' lang='grc' dir='ltr'><strong>,ἵντέ</strong></span> <span class='ocrx_word' id='word_1_770' title='bbox 3231 5765 3458 5858; x_wconf 59' lang='grc' dir='ltr'><strong>ἓζῗίέτξέ,</strong></span> <span class='ocrx_word' id='word_1_771' title='bbox 3493 5769 3556 5858; x_wconf 62' lang='lat'><strong>‘3-</strong></span> 
     </span>
    </p>
   </div>
   <div class='ocr_carea' id='block_1_111' title="bbox 270 5853 1773 5929">
    <p class='ocr_par' dir='ltr' id='par_1_111' title="bbox 270 5853 1773 5929">
     <span class='ocr_line' id='line_1_111' title="bbox 270 5853 1773 5929; baseline -0.003 -16"><span class='ocrx_word' id='word_1_772' title='bbox 270 5862 316 5895; x_wconf 80' lang='lat'>“</span> <span class='ocrx_word' id='word_1_773' title='bbox 351 5853 578 5929; x_wconf 73' lang='grc' dir='ltr'>Περσῶν</span> <span class='ocrx_word' id='word_1_774' title='bbox 601 5853 756 5898; x_wconf 70' lang='grc' dir='ltr'><strong>-ῖ-</strong></span> <span class='ocrx_word' id='word_1_775' title='bbox 780 5853 855 5911; x_wconf 47' lang='lat' dir='ltr'><strong>ta.‘</strong></span> <span class='ocrx_word' id='word_1_776' title='bbox 881 5873 994 5929; x_wconf 74' lang='lat' dir='ltr'><strong>om_.</strong></span> <span class='ocrx_word' id='word_1_777' title='bbox 1031 5853 1120 5929; x_wconf 32' lang='grc' dir='ltr'><strong>Αρ,</strong></span> <span class='ocrx_word' id='word_1_778' title='bbox 1173 5857 1218 5887; x_wconf 59' lang='grc' dir='ltr'>θ’</span> <span class='ocrx_word' id='word_1_779' title='bbox 1249 5856 1659 5929; x_wconf 76' lang='grc' dir='ltr'>ῥερυπωμένοις</span> <span class='ocrx_word' id='word_1_780' title='bbox 1708 5853 1773 5908; x_wconf 89' lang='lat' dir='ltr'><strong>A.</strong></span> 
     </span>
    </p>
   </div>
   <div class='ocr_carea' id='block_1_112' title="bbox 281 5922 1868 6001">
    <p class='ocr_par' dir='ltr' id='par_1_112' title="bbox 281 5922 1868 6001">
     <span class='ocr_line' id='line_1_112' title="bbox 281 5922 1868 6001; baseline -0.008 -13"><span class='ocrx_word' id='word_1_781' title='bbox 281 5922 613 6001; x_wconf 75' lang='grc' dir='ltr'>Χριστιανὸν</span> <span class='ocrx_word' id='word_1_782' title='bbox 643 5929 786 6000; x_wconf 73' lang='lat' dir='ltr'><strong>vulg.</strong></span> <span class='ocrx_word' id='word_1_783' title='bbox 865 5930 908 5962; x_wconf 65' lang='grc' dir='ltr'><strong>ν</strong></span> <span class='ocrx_word' id='word_1_784' title='bbox 933 5922 994 5983; x_wconf 73' lang='grc' dir='ltr'><strong>οὗ</strong></span> <span class='ocrx_word' id='word_1_785' title='bbox 1019 5926 1144 5984; x_wconf 86' lang='lat' dir='ltr'><strong>add.</strong></span> <span class='ocrx_word' id='word_1_786' title='bbox 1176 5922 1333 5982; x_wconf 47' lang='lat' dir='ltr'><strong>ex&#39;A&#39;.</strong></span> <span class='ocrx_word' id='word_1_787' title='bbox 1414 5927 1458 5959; x_wconf 80' lang='lat'><strong>&quot;</strong></span> <span class='ocrx_word' id='word_1_788' title='bbox 1479 5922 1587 5996; x_wconf 73' lang='grc' dir='ltr'><strong>τῆς</strong></span> <span class='ocrx_word' id='word_1_789' title='bbox 1627 5940 1736 5980; x_wconf 68' lang='lat' dir='ltr'><strong>om.</strong></span> <span class='ocrx_word' id='word_1_790' title='bbox 1769 5925 1830 5977; x_wconf 81' lang='grc' dir='ltr'><strong>Λ.</strong></span> <span class='ocrx_word' id='word_1_791' title='bbox 1861 5939 1868 5943; x_wconf 85' lang='grc'><strong>·</strong></span> 
     </span>
    </p>
   </div>
   <div class='ocr_carea' id='block_1_113' title="bbox 1877 5839 2935 5906">
    <p class='ocr_par' dir='ltr' id='par_1_113' title="bbox 1877 5839 2935 5906">
     <span class='ocr_line' id='line_1_113' title="bbox 1877 5839 2935 5906; baseline -0.014 0"><span class='ocrx_word' id='word_1_792' title='bbox 1877 5853 1922 5885; x_wconf 80' lang='grc'><strong>⁸³</strong></span> <span class='ocrx_word' id='word_1_793' title='bbox 1951 5839 2077 5905; x_wconf 72' lang='grc' dir='ltr'>ίδεῗν</span> <span class='ocrx_word' id='word_1_794' title='bbox 2134 5839 2244 5906; x_wconf 82' lang='lat' dir='ltr'><strong>oiit.</strong></span> <span class='ocrx_word' id='word_1_795' title='bbox 2282 5848 2348 5902; x_wconf 82' lang='lat' dir='ltr'><strong>A.</strong></span> <span class='ocrx_word' id='word_1_796' title='bbox 2427 5846 2474 5877; x_wconf 78' lang='lat'>“</span> <span class='ocrx_word' id='word_1_797' title='bbox 2502 5839 2559 5897; x_wconf 70' lang='grc' dir='ltr'>δὲ</span> <span class='ocrx_word' id='word_1_798' title='bbox 2591 5839 2720 5896; x_wconf 61' lang='lat' dir='ltr'><strong>add;</strong></span> <span class='ocrx_word' id='word_1_799' title='bbox 2773 5855 2840 5895; x_wconf 80' lang='lat' dir='ltr'><strong>ex</strong></span> <span class='ocrx_word' id='word_1_800' title='bbox 2872 5839 2935 5892; x_wconf 81' lang='grc' dir='ltr'><strong>Α.</strong></span> 
     </span>
    </p>
   </div>
   <div class='ocr_carea' id='block_1_114' title="bbox 1943 5909 3088 5983">
    <p class='ocr_par' dir='ltr' id='par_1_114' title="bbox 1943 5909 3088 5983">
     <span class='ocr_line' id='line_1_114' title="bbox 1943 5909 3088 5983; baseline -0.009 -8"><span class='ocrx_word' id='word_1_801' title='bbox 1943 5922 1988 5957; x_wconf 75' lang='grc'><strong>⁸³</strong></span> <span class='ocrx_word' id='word_1_802' title='bbox 2031 5921 2203 5976; x_wconf 74' lang='grc' dir='ltr'>Ἱαδον</span> <span class='ocrx_word' id='word_1_803' title='bbox 2235 5921 2274 5973; x_wconf 79' lang='grc' dir='ltr'>Α</span> <span class='ocrx_word' id='word_1_804' title='bbox 2299 5935 2328 5972; x_wconf 86' lang='lat' dir='ltr'><strong>a</strong></span> <span class='ocrx_word' id='word_1_805' title='bbox 2367 5915 2405 5980; x_wconf 86' lang='lat' dir='ltr'><strong>f,</strong></span> <span class='ocrx_word' id='word_1_806' title='bbox 2439 5914 2645 5969; x_wconf 67' lang='grc' dir='ltr'>Ίασδδν</span> <span class='ocrx_word' id='word_1_807' title='bbox 2683 5910 2828 5983; x_wconf 59' lang='lat' dir='ltr'><strong>vulg.</strong></span> <span class='ocrx_word' id='word_1_808' title='bbox 2862 5909 3088 5980; x_wconf 85' lang='lat' dir='ltr'><strong>ubique.</strong></span> 
     </span>
    </p>
   </div>
   <div class='ocr_carea' id='block_1_115' title="bbox 3040 5835 3558 5911">
    <p class='ocr_par' dir='ltr' id='par_1_115' title="bbox 3040 5835 3558 5911">
     <span class='ocr_line' id='line_1_115' title="bbox 3040 5835 3558 5911; baseline -0.004 -19"><span class='ocrx_word' id='word_1_809' title='bbox 3040 5836 3085 5869; x_wconf 84' lang='grc'><strong>⁸⁸</strong></span> <span class='ocrx_word' id='word_1_810' title='bbox 3113 5835 3459 5911; x_wconf 82' lang='grc' dir='ltr'>Χριστιανῶν</span> <span class='ocrx_word' id='word_1_811' title='bbox 3491 5839 3558 5902; x_wconf 75' lang='grc' dir='ltr'><strong>Α,</strong></span> 
     </span>
    </p>
   </div>
  </div>
