4046 6444
240 407 344 474 τοι

1544 409 1902 470 C'lIRONOG
1915 397 2222 473 RAPHIA.

3417 418 3523 482 Ἶῡὲ

237 516 390 586 αὑτῷ
419 515 533 570 ἔτει
561 516 1004 589 ἐπεστράτευσαν
1033 517 1350 588 Σαρακηνοὶ
1378 517 1478 588 τὴν
1522 517 1822 590 Ἀφρικὴν.

1947 520 2177 576 Mrieam
2209 530 2519 589 moverunt,
2545 531 2598 578 et
2624 536 2807 594 pugna
2833 538 2958 579 cum
2989 532 3226 597 tyranno
3256 526 3524 600 Gregorio

239 608 351 663 Καὶ
414 606 789 678 συμϐαλόντες
839 606 919 678 τῷ
979 607 1227 678 τυράννῳ
1273 609 1561 680 Γρηγορίῳ
1586 651 1601 675 ,
1642 609 1832 664 τοῦτον

237 701 523 770 τρόπουσι,
555 701 653 754 καὶ
682 702 814 765 τοὺς
869 700 968 754 σὺν
1019 700 1170 771 αὑτῷ
1205 701 1511 755 κτείνουσιο
1547 702 1644 755 καὶ
1682 719 1830 756 στοι-

239 796 509 868 χήσαντες
569 793 770 866 φόρους
829 792 968 864 μετὰ
1018 793 1129 846 τῶν
1179 793 1406 864 ’Ἄφρων
1456 793 1826 864 ὑπέστρεψαν.

309 887 378 940 Α.
411 885 489 941 Μ.
543 884 702 942 6140.
766 913 838 924 -
873 882 1064 955 Τούτῳ
1106 883 1184 951 τῷ
1247 883 1358 937 ἔτει
1393 885 1831 956 ἐπεστράτευσεν

238 978 464 1042 Μαυῒας
489 977 580 1030 διὰ
609 976 892 1046 θαλάσσης
924 979 991 1047 τῇ
1028 959 1241 1046 Κύπρῳ
1270 993 1284 1006 ·
1314 971 1459 1046 εἶχεν
1487 976 1543 1029 δὲ
1575 977 1760 1046 σκάφη
1785 977 1829 1008 ⁹⁹

248 1068 378 1143 ,aqx.
395 1071 494 1124 καὶ
518 1067 826 1139 παρέλαϐεν
851 1068 1241 1120 Κωνσταντίαν
1263 1067 1361 1120 σὺν
1385 1069 1451 1138 τῇ
1483 1068 1632 1138 νήσῳ
1659 1068 1829 1138 πάσῃ.

240 1164 336 1217 καὶ
386 1161 594 1229 ταύτην
641 1161 974 1231 ἐλυμήνατο.
1035 1158 1304 1222 Ἀκούσας
1351 1157 1410 1212 δὲ
1462 1157 1774 1229 Κακὸριζον
1813 1158 1830 1188 ⁸

240 1253 693 1324 κουσικουλάριον
724 1255 848 1306 κατ’
871 1251 1038 1305 αὑτοῦ
1065 1251 1206 1322 μετὰ
1239 1250 1502 1320 πλείστης
1547 1251 1834 1320 δυνάμεως

253 1344 576 1415 Ῥωμαῖκῆς
598 1345 916 1414 ἐρχόμενον,
958 1343 1294 1398 ἀνέπλευσεν
1324 1342 1618 1397 κατέναντι
1659 1343 1828 1409 Ἀρά-

237 1439 332 1491 δου
372 1440 415 1502 ²,
447 1437 545 1490 καὶ
595 1436 942 1506 καθορμίσας
993 1435 1094 1504 τὴν
1135 1433 1329 1488 ἐαυτοῦ
1365 1434 1686 1488 ναυστολίαν
1735 1435 1834 1504 τὴν

239 1530 512 1602 πολίχνην
555 1530 654 1599 τῆς
679 1530 848 1600 νήσου
879 1529 940 1582 τὸ
972 1529 1285 1582 Κάστελλον
1305 1529 1326 1561 ³
1350 1529 1614 1600 ἐπειρᾶτο
1650 1545 1834 1597 παρα-

236 1623 468 1685 λασεῖν,
523 1622 811 1684 παντοίαις
850 1623 1123 1691 μηχαναῖς
1174 1622 1478 1691 χρώμενος.
1537 1620 1724 1692 Μηδὲν
1779 1621 1835 1674 δὲ

234 1713 576 1785 ἐξισχύσας,
634 1714 843 1783 πέμπει
906 1713 1045 1782 πρὸς
1101 1713 1302 1775 αὑτοὺς
1347 1713 1650 1767 ἐπίσκοπόν
1686 1731 1830 1777 τινα,

240 1808 582 1880 Θωμάριχον
629 1806 892 1877 τοῦνομα,
925 1806 1180 1876 ἐκφοϐῶν
1224 1807 1423 1869 αὑτοὺς
1477 1809 1694 1874 ἀφιέναι
1737 1808 1836 1877 τὴν

1933 616 2254 679 commissa,
2287 617 2342 669 in
2393 614 2577 686 fugam
2607 631 2734 671 eum
2778 625 3036 683 vertunt,
3069 627 3123 673 et
3152 618 3274 688 ejus
3301 621 3526 676 exerci-

1933 715 2052 761 tum
2085 707 2295 772 delent,
2325 717 2381 764 et
2409 707 2775 778 vectigalibus
2810 724 2878 766 ex
2914 722 3076 782 pacto
3106 711 3308 767 Africa!
3343 713 3523 782 impo-

1934 800 2058 855 sitis
2081 801 2295 857 reversi
2334 811 2484 857 sunt.

2001 893 2069 951 A.
2110 892 2171 947 Ο.
2205 893 2330 949 640.
2356 925 2426 937 -
2457 894 2572 951 Ηοε
2616 910 2762 951 anno
2810 904 3020 950 armata
3071 897 3250 951 classe
3299 897 3528 968 expedi-

1935 984 2144 1039 tionem
2177 986 2232 1040 in
2261 985 2499 1057 Cyprum
2529 970 2735 1044 Marias
2760 989 3026 1058 suscepit.
3053 988 3186 1058 Ejus
3218 990 3436 1060 navigia
3454 990 3524 1045 ad

1934 1075 2088 1131 mille
2120 1085 2176 1131 et
2205 1079 2551 1150 septingenta
2583 1088 2873 1134 numerata
2927 1089 3077 1134 sunt.
3133 1080 3520 1136 Constantiam
3572 1075 3578 1139 ἱ

1935 1168 2219 1224 civitatem
2287 1172 2457 1240 cepit,
2520 1172 2838 1225 universam
2892 1173 3112 1241 subegit
3160 1172 3424 1235 insulam,
3473 1184 3528 1228 et

1935 1275 2197 1332 magnum
2233 1263 2289 1316 in
2340 1278 2460 1317 eam
2503 1263 2897 1318 detrimentum
2951 1265 3156 1320 intulit.
3212 1266 3350 1319 Cum
3393 1281 3527 1320 vero

1935 1355 2260 1410 Cacorizum
2284 1356 2692 1411 cubicularium
2723 1357 3014 1412 adversum
3045 1373 3105 1413 se
3123 1372 3247 1412 cum
3269 1359 3525 1415 maximis

1935 1447 2312 1504 Romanorum
2338 1451 2514 1520 copiis
2545 1451 2808 1506 advenire
2839 1451 3075 1514 audiret,
3113 1451 3347 1506 classem
3385 1453 3526 1505 Ara-

1936 1539 2066 1594 dum
2099 1555 2296 1596 versus
2327 1541 2553 1596 divertit
2575 1584 2589 1609 ,
2625 1543 2717 1597 ubi
2751 1543 2949 1599 classis
3002 1543 3262 1598 bellicum
3305 1558 3528 1598 omnem

1937 1641 2260 1701 apparatum
2300 1632 2367 1686 ad
2403 1634 2598 1688 insula:
2639 1633 2900 1703 oppidum
2947 1648 3282 1698 exonerans,
3314 1633 3528 1688 machi-

1936 1723 2024 1777 uis
2049 1723 2311 1776 omnibus
2342 1722 2607 1778 adhibitis
2641 1724 2931 1779 castellum
2959 1740 3236 1794 occupare
3259 1725 3528 1781 tentabat.

1937 1812 2243 1884 Conatibus
2277 1815 2406 1868 licet
2439 1815 2685 1869 strenuis
2715 1831 2909 1884 parum
2940 1823 3034 1870 aut
3061 1815 3195 1870 nihil
3228 1815 3532 1872 succeden-

241 1875 398 1957 πόλιν
426 1875 554 1954 -καὶ
615 1875 984 1964 ὑποσπόνδους
1009 1875 1192 1966 εἶναι,
1235 1899 1439 1965 ἐξιέναι
1485 1899 1544 1953 δέ
1597 1899 1696 1969 τῆς
1740 1875 1836 1967 νη-

1947 1906 2110 1972 ti‘bus,
2141 1906 2464 1977 episcOpum
2498 1907 2723 1963 nomine
2745 1907 3203 1971 Thomarichum,
3237 1917 3296 1963 ut
3339 1909 3528 1964 urbem

248 2012 363 2048 σου.
408 1992 498 2055 Ὠς
523 1991 616 2046 οὖν
675 1991 810 2062 πρὸς
861 1991 1060 2054 αὑτοὺς
1110 1990 1285 2062 εἰσῄει
1317 1992 1346 2043 ὁ
1374 1989 1691 2055 ἐπίσκοπος,
1711 1987 1836 2042 τοῦ-

253 2103 347 2140 τον
375 2086 686 2156 ἐκράτησαν
736 2085 905 2146 ἔνδον,
933 2085 1123 2156 Μαυῖᾳ
1154 2083 1211 2136 δέ
1258 2085 1360 2137 οὑκ
1404 2078 1576 2146 εἶξαν.
1605 2082 1716 2136 Καὶ
1771 2081 1834 2154 δὴ

247 2180 509 2248 ἀνονήτου
555 2177 856 2248 γενομένης
902 2175 924 2208 δ
969 2176 1068 2246 τῆς
1125 2174 1267 2229 κατὰ
1318 2174 1557 2246 Ἀραδον
1612 2173 1836 2244 πολιορ-

241 2270 391 2336 κίας,
444 2268 782 2342 ἀνέστρεψεν
835 2271 916 2334 είς
969 2269 1266 2339 Δαμασκὸν
1305 2271 1348 2336 ³,
1377 2269 1502 2323 ἐπεὶ
1541 2271 1570 2323 ὁ
1628 2266 1838 2340 χειμὼν

239 2357 567 2413 κατέλαϐεν.

311 2645 384 2702 Δ.
417 2647 498 2704 Μ.
539 2645 704 2702 6141.
729 2675 799 2686 -
840 2643 1030 2715 Τούτῳ
1059 2643 1140 2716 τῷ
1180 2645 1294 2698 ἔτει
1329 2643 1769 2714 ἐπεστράτευσεν
1808 2646 1837 2699 6

233 2741 460 2801 Manta;
488 2741 629 2793 κατὰ
652 2739 752 2808 τῆς
775 2738 798 2770 ⁸
833 2738 1061 2808 Ἀράδου
1087 2736 1332 2809 σφοδρῶς
1355 2736 1834 2807 παραταξάμενος,

237 2833 335 2887 καὶ
389 2832 598 2901 ταύτην
626 2831 770 2902 λόγῳ
801 2829 1117 2900 παρέλαϐεν
1174 2832 1256 2891 εἰς
1301 2829 1364 2883 τὸ
1412 2832 1690 2885 κατοικεῖν
1737 2831 1838 2884 αὑ-

235 2927 368 2989 τοὺς
400 2923 528 2977 ἔνθα
558 2924 878 2995 βούλονταιο
924 2923 1022 2993 τὴν
1063 2921 1122 2976 δέ
1170 2922 1328 2975 πόλιν
1387 2922 1709 2994 ἐνέπρησεν,
1746 2923 1842 2976 καὶ

236 3014 612 3086 ἀπετείχισεν,
656 3016 754 3069 καὶ
799 3013 900 3084 τὴν
951 3015 1114 3084 νῆσον
1160 3014 1417 3084 ἀοίκητον
1480 3015 1840 3086 κατέστησεν,

237 3107 345 3171 ἓως
379 3107 478 3161 τοῦ
513 3107 610 3161 νῦν
647 3109 688 3164 ⁷.

308 3199 406 3271 Τῷ
452 3199 500 3253 δ’
546 3201 697 3271 αὑτῷ
725 3199 838 3253 ἔτει
868 3201 1097 3270 γέγονεν
1143 3203 1204 3255 ἐν
1245 3200 1434 3276 Ῥώμῃ
1472 3203 1691 3268 σύνοδος
1709 3202 1836 3274 ’(67)
1864 3226 1908 3287 c

241 3295 348 3349 ὑπὸ
403 3295 684 3364 Μαρτίνου
740 3293 837 3349 τοῦ
886 3297 1046 3348 πάπα
1079 3295 1222 3350 κατὰ
1255 3297 1366 3349 τῶν
1416 3297 1833 3368 Μονοθε).ητῶν.

310 3391 390 3444 Α.
429 3390 508 3445 Μ.
568 3389 729 3444 6142.
761 3420 832 3431 —-
885 3389 1074 3461 Τούτῳ
1124 3390 1204 3462 τῷ
1257 3390 1368 3444 ἔτει
1427 3393 1836 3465 στρατοπεδάρ-

237 3501 346 3556 χης
409 3482 523 3554 (68)
588 3484 688 3537 σὺν
746 3485 861 3545 τοῖς
918 3481 1160 3552 Ἄραψιν
1210 3484 1645 3554 ἐπεστράτευσεν
1693 3484 1838 3539 κατὰ

249 3574 538 3644 Ἰσαυρίας
571 3591 585 3605 ·
625 3575 720 3626 καὶ
753 3573 995 3638 κτείνας,
1017 3573 1250 3637 πολλοὺς
1274 3573 1668 3644 ῂχμαλώτευσε
1698 3591 1712 3606 ο
1742 3575 1839 3630 καὶ

234 3667 389 3741 μετὰ
440 3665 902 3736 πεντακισχιλίων
954 3667 1196 3736 δεσμίων
1258 3666 1623 3738 ὑπέστρεψεν.
1679 3668 1832 3738 Πέμο

234 3777 334 3814 πει
371 3759 431 3814 δέ
464 3760 494 3813 ὁ
539 3759 796 3830 βασιλεὺς
847 3758 1115 3823 Κώνστας
1158 3759 1468 3828 Προκόπιὸν
1519 3777 1642 3814 τινα
1699 3761 1835 3831 πρὸς

233 3851 463 3906 Matutam
494 3850 672 3921 ζητῶν
706 3851 933 3921 εἰρήνην
969 3867 982 3881 ⁸
1013 3851 1042 3906 ὃ
1069 3853 1162 3905 καὶ
1188 3851 1412 3919 γέγονεν
1443 3852 1554 3905 ἔτει
1597 3851 1663 3923 β’,
1693 3853 1837 3924 Γρη-

233 3943 434 4015 γόριον
484 3942 599 3996 υἱὸν
651 3940 933 4013 Θεοδώρου
974 3940 1153 3999 λαϐὼν
1201 3943 1422 4008 Μαυῖας
1473 3945 1732 4017 ἐνέχυρον
1761 3948 1835 4018 ,ἐν

233 4033 549 4105 Δαμασκῷ.

309 4215 386 4270 A.
413 4214 488 4268 Μ.
526 4213 687 4268 6H3.
713 4242 784 4252 —-
819 4211 1006 4283 Τούτῳ
1039 4211 1118 4282 τῷ
1154 4211 1264 4264 ἔτει
1303 4212 1325 4244 ⁸
1369 4213 1693 4268 ἐστασίασεν
1721 4215 1838 4268 Πασ-

236 4305 528 4375 σαγνάθης
557 4306 584 4357 ὁ
616 4305 725 4357 τῶν
777 4303 1081 4374 Ἀρμενίων
1130 4303 1421 4372 πατρίκιος
1465 4304 1544 4375 τῷ
1579 4303 1833 4374 βασιλεῖ·

229 4397 335 4450 καὶ
399 4395 634 4460 σπονδὰς
696 4395 836 4466 μετὰ
892 4395 1106 4449 Μαυῖου
1179 4394 1483 4464 πεποίηκεν
1516 4436 1532 4459 ,
1583 4395 1834 4461 δεδωκὼς

232 4489 398 4562 αὑτῷ
431 4491 526 4543 καὶ
546 4489 652 4563 τὸνε
669 4489 799 4543 ἴδιον
832 4490 970 4542 υἱόν.
1015 4486 1283 4551 ’Δκούσας
1307 4487 1365 4541 δὲ
1387 4490 1415 4541 ὁ
1447 4487 1702 4557 βασιλεὺς
1739 4484 1839 4558 ἦλα

1935 1999 2060 2069 ejus
2097 2005 2358 2070 potestati
2397 2003 2805 2073 permitterent,
2845 2004 3144 2075 vectigales
3172 2012 3422 2072 agerent,
3464 2019 3530 2060 ac

1939 2093 2160 2149 laudem
2202 2095 2386 2151 insula
2420 2097 2650 2152 omnino
2676 2097 3028 2161 decederent,
3068 2096 3236 2151 minis
3265 2105 3321 2152 et
3348 2107 3532 2153 terro-

1940 2185 2098 2241 ribus
2158 2202 2456 2243 suasurum
2515 2189 2692 2243 misit.
2747 2187 2820 2243 Ut
2866 2189 3062 2244 urbem
3120 2190 3406 2259 ingressus
3447 2197 3532 2245 est

1937 2276 2260 2348 episcopus,
2308 2279 2460 2334 cives
2491 2279 2636 2333 intra
2678 2281 2884 2334 mcenia
2913 2294 3101 2334 secum
3136 2279 3444 2344 detinuere,
3477 2291 3533 2334 ct

1942 2367 2134 2426 Mavis:
2164 2372 2456 2440 imperium
2498 2372 2896 2427 detrectavere.
2956 2373 3327 2439 Quamobrem
3377 2373 3532 2427 irrita

1941 2462 2110 2517 Aradi
2134 2463 2452 2529 obsidione,
2505 2480 2631 2520 cum
2661 2465 2840 2520 hiems
2866 2471 3171 2535 appeteret,
3209 2464 3532 2520 Damascum

1939 2565 2000 2607 se
2029 2552 2261 2623 recepit.

2009 2648 2075 2700 Α.
2110 2645 2172 2700 C.
2204 2644 2330 2700 641.
2361 2673 2430 2686 -
2464 2644 2580 2701 Hoc
2622 2660 2772 2700 anno
2820 2644 3027 2702 Marias
3058 2646 3258 2702 educto
3290 2655 3344 2701 et
3381 2659 3536 2699 com-

1942 2737 2126 2806 posito
2159 2737 2410 2792 exercitu
2440 2739 2711 2793 adversus
2747 2737 2990 2792 Aradum
3033 2753 3186 2792 arma
3233 2737 3532 2792 convertit.

1941 2830 2096 2884 Illam
2121 2845 2256 2886 vero
2284 2845 2349 2886 ea
2379 2830 2700 2887 conditione
2723 2831 2891 2902 cepit,
2925 2841 2984 2884 ut
3015 2830 3302 2902 oppidani,
3332 2829 3422 2884 ubi
3469 2829 3536 2883 li-

1944 2923 2184 2992 buisset,
2239 2924 2494 2981 habitare
2549 2933 2796 2996 possent.
2833 2925 3026 2981 urbem
3062 2940 3192 2980 vero
3246 2923 3372 2994 igne
3405 2936 3538 2978 suc-

1941 3017 2151 3083 cendit,
2181 3018 2384 3072 mmnia
2418 3017 2636 3079 evertit,
2661 3017 2830 3088 286
2843 3024 2896 3072 et
2919 3031 3095 3087 usque
3124 3016 3179 3072 in
3210 3015 3534 3071 hodiernum

1945 3109 2092 3166 diem
2125 3111 2304 3167 effecit
2329 3112 2566 3167 insulam
2599 3111 2800 3166 incolis
2833 3111 3093 3165 omnibus
3125 3109 3423 3164 desertam.

2020 3200 2222 3258 Eodem
2274 3217 2421 3258 anno
2457 3203 2755 3258 concilium
2798 3202 2988 3256 Romae
3045 3217 3074 3256 a
3115 3199 3352 3256 Μεινιὶηο
3390 3213 3536 3272 papa

1942 3297 2276 3354 damnandis
2304 3295 2695 3352 monotheletis
2727 3295 3070 3350 celebratum
3103 3303 3210 3351 est.

2016 3391 2080 3445 A.
2109 3390 2172 3445 υ.
2203 3389 2331 3442 642.
2364 3417 2436 3429 --
2461 3387 2577 3442 Hoc
2623 3402 2768 3443 anno
2804 3385 3172 3441 Arabicorum
3224 3395 3537 3442 castrorum

1941 3482 2242 3556 praefectus
2302 3483 2356 3535 in
2416 3480 2688 3536 Isauriam
2750 3479 3179 3550 impressionem
3247 3479 3418 3543 fecit,
3481 3487 3539 3535 et

1939 3588 2138 3644 magna
2172 3581 2361 3641 strage
2399 3563 2803 3640 edita,'plures
2837 3570 2892 3624 in
2940 3567 3317 3638 captivitatem
3361 3566 3536 3631 misit,

1937 3673 1994 3722 et
2037 3680 2165 3719 cum
2215 3665 2528 3718 vinctorum
2564 3661 2820 3716 millibus
2857 3660 3108 3732 quinque
3155 3659 3226 3714 ad
3271 3673 3404 3714 suos
3443 3675 3536 3714 re-

1938 3770 2166 3827 gressus
2212 3761 2320 3809 est.
2361 3753 2664 3823 Imperator
2697 3759 2883 3815 autem
2915 3751 3197 3806 Constans
3266 3749 3538 3820 Procopio

1939 3848 2174 3920 quodam
2227 3845 2297 3902 ad
2348 3843 2582 3900 Maviam
2637 3844 2851 3905 misso,
2907 3857 3099 3912 pacem
3157 3842 3532 3912 exposcebant:

1937 3933 2087 4014 quod
2123 3953 2270 3994 anno
2302 3937 2550 3994 secundo
2581 3934 2937 4006 postmodum
2985 3931 3194 3988 blavias
3255 3932 3536 4002 praestitit,

1939 4029 2207 4101 Gregorio
2243 4025 2519 4083 Theodori
2566 4025 2686 4080 tilio
2715 4031 3008 4096 pactorum
3043 4022 3310 4076 initurum
3345 4019 3540 4078 obside

1941 4122 2195 4179 Damasci
2227 4129 2466 4177 retento.

2011 4217 2078 4272 A.
2108 4215 2172 4270 C.
2196 4212 2523 4270 645.—lloc
2554 4225 2701 4265 anno
2727 4207 3108 4279 Pasagnathes
3146 4207 3535 4262 Armeniorum

1941 4309 2216 4381 patricius
2245 4307 2302 4362 in
2340 4307 2730 4376 imperatorem
2758 4300 3058 4373 perduellis
3083 4315 3234 4354 arma
3264 4299 3536 4370 suscepit,

1939 4406 1994 4456 et
2015 4398 2129 4453 ﬁlio
2158 4396 2352 4452 Mavis:
2385 4396 2441 4450 in
2486 4393 2737 4449 obsidem
2765 4389 2916 4457 dato,
2954 4389 3081 4445 belli
3113 4403 3238 4444 cum
3268 4404 3334 4442 eo
3355 4389 3538 4444 socie-

1939 4497 2106 4545 tatem
2143 4489 2292 4545 iniit.
2322 4486 2528 4541 Nuntio
2555 4480 2960 4554 perduellionis
2987 4481 3204 4543 audito,
3236 4480 3541 4548 imperator

232 4584 334 4636 θεν
386 4582 492 4647 ἓως
543 4580 884 4652 Καισαρείας
929 4579 1349 4646 Καππαδοκίας,
1385 4579 1836 4651 καῂάπελπίσας

1947 4582 2249 4637 Cassaream
2279 4595 2459 4650 usque
2482 4575 2854 4646 Cappadocia
2883 4586 2942 4629 se
2969 4572 3230 4634 contulit,
3275 4579 3330 4625 et
3370 4571 3540 4628 rebus

229 4676 343 4746 τῆς
395 4674 690 4744 Ἀρμενίας
725 4670 1092 4742 ὑπέστρεψεν.

308 4767 382 4819 A.
405 4764 484 4821 M.
520 4762 681 4818 6141.
707 4792 774 4803 -
801 4761 992 4833 Τούτῳ
1017 4760 1093 4832 τῷ
1123 4759 1234 4813 ἐτει
1267 4760 1573 4832 Γρηγόριος
1608 4763 1637 4814 ὁ
1678 4762 1836 4816 ἀδελ-

1943 4675 2219 4730 Armeniae
2245 4671 2559 4744 desperatis
2593 4670 2647 4723 in
2677 4669 2868 4723 urbem
2897 4681 3156 4721 reversus
3185 4672 3288 4719 est.
3353 4694 3361 4700 -

2017 4765 2084 4820 A.
2103 4764 2166 4820 C.
2186 4761 2507 4821 (SAL—Hoc
2530 4776 2676 4816 anno
2706 4757 3063 4830 imperatoris
3095 4755 3332 4812 lleraelii
3368 4755 3541 4812 frater

1528 4880 1770 4938 VARle
1802 4883 2097 4942 LECTION
2107 4885 2211 4944 ES.

307 4983 360 5016 θ’
383 4979 442 5034 δὲ
491 4979 676 5048 σκάφη
706 4976 770 5049 A,
803 4977 860 5031 δέ
881 4977 976 5031 καῖ
1001 4995 1090 5031 σκ.
1123 4979 1271 5049 vulg.

1351 4977 1370 5009 ³
1402 4977 1496 5049 καὶ
1529 4977 1764 5049 Κόριζον
1791 4980 1855 5033 Α.
1935 4981 1955 5011 ⁹
1986 4977 2375 5042 κατᾲέναντία
2409 4973 2658 5049 ῬύδουΑ
2693 4972 2795 5049 a‘f.
2874 4971 2908 5049 '_
2923 4970 3255 5049 τδνΚΝιιΙε.

3333 4968 3355 5001 ⁸
3387 4985 3542 5037 γενο-

236 5053 418 5123 μένης
448 5051 514 5113 A,
537 5039 836 5123 γενομένου
863 5050 1010 5118 vulg.
1086 5050 1108 5082 ⁸
1139 5051 1197 5103 ἐν
1218 5039 1509 5120 Ἆαμασκῷ
1539 5039 1625 5102 A.'
1682 5039 1708 5080 δ
1739 5049 1840 5120 τῆς
1869 5051 1998 5106 add.
2029 5065 2096 5104 ex
2125 5039 2191 5104 Ᾱ.
2271 5051 2290 5081 ⁷
2315 5049 2390 5112 ὡς
2415 5046 2512 5100 τοῦ
2538 5045 2634 5098 νῦν
2662 5045 2813 5116 vulg.
2887 5043 2910 5074 ⁸
2939 5043 3026 5097 hic
3055 5039 3233 5096 annus
3269 5039 3540 5093 omittitur

235 5119 296 5178 in
333 5119 572 5177 Aaef.

1511 5180 1534 5202 '
1586 5206 1732 5262 ωε.
1759 5207 1976 5264 coam
2030 5206 2268 5264 Νοτιε.

235 5311 292 5366 di
331 5317 522 5380 queat.
554 5303 746 5360 Coacti
780 5318 914 5380 ergo
940 5298 1212 5380 eiusmodi
1261 5299 1843 5380 monachistatimiem

237 5370 540 5442 deserere;
585 5391 697 5430 non
743 5370 1016 5429 columnae
1056 5370 1331 5426 columnis
1386 5373 1660 5426 excidere.
1694 5371 1844 5427 Cous

239 5468 422 5507 BEFIS.

341 5520 431 5590 67)
466 5521 540 5576 De
572 5517 733 5586 cujus
770 5523 1016 5590 tempore
1056 5511 1122 5567 ad
1158 5528 1284 5590 pag.
1308 5511 1416 5567 288
1445 5520 1609 5567 uotae.

341 5584 572 5646 68'Ante
604 5584 1087 5657 στρατοπεδάρχης
1112 5584 1312 5638 excidit
1343 5599 1541 5657 nomen
1563 5584 1840 5657 proprium

241 5652 512 5731 Βουσούρ,
558 5652 704 5731 quod
747 5652 1337 5731 Anast.'repragsentat
1374 5652 1640 5731 :__B_usu_r
1665 5652 1838 5731 prin-

242 5750 369 5802 cepa
406 5723 671 5788 cierat...
693 5745 711 5782 :
741 5729 882 5796 apud
901 5723 1064 5802 quem
1077 5723 1578 5802 etiamsiutplicius
1599 5727 1833 5802 legitur:

245 5795 437 5860 occisis
475 5801 679 5859 multis.
711 5795 827 5852 cum
858 5795 1088 5865 quinque
1121 5795 1358 5865 millibus
1387 5795 1720 5863 captivorum
1749 5812 1835 5850 re-

247 5893 432 5932 uersus
478 5882 580 5930 est.
652 5869 744 5926 Sic
779 5884 832 5939 p.
868 5863 1090 5924 79.947110
1131 5863 1354 5922 Busur:
1424 5865 1533 5919 Καὶ
1576 5866 1835 5939 ᾐχμαλώ-

1951 5321 2115 5378 τευσε
2150 5303 2529 5378 πολλοὺς,ᾼκαὶ
2579 5300 2948 5378 ὑπέστρεψεν.
3014 5297 3131 5352 Non
3152 5293 3533 5378 placetcum!

1953 5375 2136 5430 reddit
2177 5365 2643 5439 novusninlcrpr.
2699 5365 2772 5427 de
2823 5365 2954 5440 pace
2987 5383 3110 5424 cum
3149 5365 3325 5440 Μανία
3359 5367 3533 5420 inita:

1958 5447 2022 5500 Ὃ
2053 5447 2169 5516 καί
2193 5447 2384 5513 γέγονε
2412 5444 2508 5514 ἐτη
2543 5437 2588 5516 β’
2614 5462 2628 5476 ο
2665 5437 3244 5516 ραοίαηηορεειιηάο
3301 5443 3539 5516 postum-

1950 5515 2080 5570 dum
2111 5514 2169 5569 Μ
2177 5509 2323 5570 avius
2364 5509 2648 5584 pt'azs‘litit;
2704 5515 2836 5587 imo,
2875 5509 3015 5587 quod
3044 5510 3247 5587 factum
3269 5518 3343 5561 est
3378 5509 3537 5587 armis

1948 5589 2180 5651 duobus,
2215 5596 2274 5640 ut
2305 5577 2448 5641 idem
2484 5577 2704 5656 Attast..
2739 5585 2853 5638 sive
2888 5577 2944 5634 in
2989 5593 3166 5656 agilius
3211 5579 3354 5633 duos
3394 5577 3540 5656 obti-

1949 5660 2070 5712 nuit
2094 5649 2348 5728 {quibus
2394 5657 2652 5718 evolutis.
2685 5649 3168 5728 instauratobello
3213 5663 3336 5728 nlo:
3373 5649 3538 5728 tertio

1947 5717 2104 5783 anno
2121 5717 2349 5784 R'Iiodus
2373 5739 2531 5795 capta
2557 5717 2664 5782 est.
2696 5725 2768 5781 De
2792 5724 2972 5780 Busur
3005 5721 3206 5778 iterum
3227 5717 3418 5777 Const.
3443 5732 3537 5773 an.

1940 5799 2012 5855 ει
2044 5809 2096 5856 ει
2121 5799 2210 5856 25.
2253 5799 2544 5855 Couneris.
