4046 6424
224 408 341 473 729
1594 411 1694 470 CII
1705 409 1852 471 [ὶοΝ
1859 410 1954 471 OG
1965 413 2272 474 RAPHIA.
3416 412 3529 480 730

228 525 485 595 γέγονεν.
537 521 646 576 Τοῦ
689 523 748 575 δὲ
790 521 1058 592 βασιλέως
1112 523 1170 574 ὲν
1217 521 1487 591 ποδαλγία
1533 521 1816 592 ὀξυπαθὴ-
1845 560 1856 582 ι

1961 525 2148 592 accpit,
2183 534 2238 580 et
2276 525 2342 580 ad
2391 525 2592 581 bellum
2636 525 3097 581 committendum
3148 525 3390 582 alacrior
3441 527 3526 580 ei-

230 633 454 680 σαντος,
493 615 592 669 καὶ
636 613 732 668 ἐπὶ
780 612 1149 684 Μεσημϐρίαν
1194 613 1506 683 βιασθέντος
1553 614 1823 685 ὑποστρέ-

1961 625 2073 670 ecta
2123 625 2228 673 est.
2280 617 2507 672 Interim
2565 619 2868 688 imperator
2915 621 3030 673 acri
3088 620 3285 689 pedum
3333 619 3530 676 dolore
3579 636 3588 643 ·

232 707 339 778 ψαι
371 705 460 760 διὰ.
513 705 806 776 συνήθειαν
834 703 1086 773 λουτροῦ,
1144 704 1264 775 ἅμα
1288 706 1452 759 πέντε
1526 706 1824 777 δρομώνων

1963 718 2160 764 exatus
2197 709 2379 766 balnei
2405 710 2625 765 facilius
2657 719 2711 766 et
2745 711 3091 766 commodius
3131 710 3368 766 habendi
3402 727 3531 782 gra-

235 799 336 854 καὶ
391 798 505 851 τῶν
531 800 754 852 οίκείων
787 798 954 852 αὐτοῦ
1008 797 1338 869 ἀνθρώπων,
1389 799 1652 854 κατέλιπε
1698 801 1829 865 τοὺς

1961 802 2008 856 ia
2069 817 2194 857 cum
2241 803 2377 859 solis
2429 803 2792 858 dromonibus
2840 803 3088 872 quinque
3135 803 3534 872 nonnullisque

238 891 590 962 στρατηγοὺς
636 889 856 944 καὶτὸν
899 889 1050 955 λαὸν,
1096 888 1364 952 κελεύσας
1413 889 1822 960 παρακονδακί-

1961 893 2121 949 ποιοιίἰ
2136 895 2453 951 domesticis
2476 893 2859 951 Mesembriam
2894 894 3072 949 redire
3095 903 3345 960 coactus,
3366 909 3530 950 exer-
3588 930 3590 932 τ

237 978 357 1045 ζειν
391 979 510 1050 (24)
561 982 656 1032 καὶ
716 979 992 1049 ὐποσῦραι
1041 980 1240 1043 αὐτοὺς
1290 981 1356 1034 ὲκ
1411 980 1504 1034 τοῦ
1535 979 1831 1049 ὀχυρώμα-

1961 986 2046 1040 ηἱιυ
2075 986 2423 1057 ducibusque
2440 989 2650 1044 velitari
2677 988 2872 1058 jussis,
2906 999 2960 1042 et
2990 987 3178 1042 hostes
3203 1001 3236 1042 θ
3278 989 3533 1056 prmsidio

235 1090 357 1138 τος,
409 1073 509 1126 καὶ
559 1072 800 1142 πόλεμον
832 1073 969 1142 πρὸς
1015 1072 1215 1132 αὐτοὺς
1242 1073 1528 1143 κροτῆσαι,
1574 1075 1624 1125 εί
1670 1074 1829 1142 τύχοι

1961 1081 2212 1145 ιεΙιίοει-ε,
2235 1088 2289 1135 et
2317 1081 2535 1134 tandem
2560 1096 2685 1134 cum
2719 1080 2801 1134 eis
2831 1079 3010 1149 rigido
3043 1078 3238 1143 Marte,
3271 1081 3314 1134 si
3346 1087 3530 1135 tamen

235 1167 442 1230 αὐτοὺς
495 1165 769 1230 ἐξελθεῖνο
827 1167 876 1218 εί
918 1166 976 1220 δὲ
1026 1167 1123 1237 μὴ,
1184 1165 1563 1238 παρακαθίσαι
1611 1166 1823 1229 αὐτοῖς,

1961 1187 2085 1229 oras
2121 1173 2384 1228 auderent
2423 1187 2803 1243 prorumpere,
2852 1175 2938 1228 sin
2981 1173 3187 1239 minus,
3237 1171 3534 1226 obsidione

239 1259 336 1312 καὶ
393 1258 692 1328 φυλάττειν
749 1261 809 1312 ἐν
863 1261 978 1322 τοῖς
1035 1258 1312 1332 ἐρύμασιν
1358 1258 1426 1314 ⁸⁸.
1485 1260 1552 1312 Οί
1622 1260 1680 1313 δὲ
1734 1258 1831 1312 τοῦ

1961 1262 2410 1334 :ircumcingere,
2469 1273 2524 1318 et
2576 1263 2631 1316 in
2681 1263 2799 1318 suis
2860 1263 3218 1318 munimentis
3275 1263 3533 1318 occlusos

238 1349 663 1421 κώαλλαρικοῦ
687 1350 782 1403 τὸν
825 1351 1051 1421 βασιλέα
1095 1351 1319 1420 φεύγειν
1375 1351 1830 1422 διαφημίσαντες,

1961 1351 2250 1414 tbservare,
2303 1354 2501 1408 castris
2540 1354 2829 1408 abscessit.
2881 1353 3106 1423 Equites
3137 1355 3529 1424 imperatorem

238 1444 338 1497 καὶ
388 1441 546 1511 φόϐῳ
597 1441 953 1512 συσχεθέντες
984 1443 1050 1506 ⁸⁸,
1086 1445 1152 1512 τῇ
1187 1442 1322 1512 αὐτῇ
1349 1445 1496 1512 φυγῇ
1530 1445 1835 1512 ἐχρήσαντο

1961 1444 2130 1512 ’ugere
2183 1445 2310 1508 rati,
2344 1445 2541 1499 timore
2582 1445 2780 1501 animis
2809 1454 3081 1516 concepto
3125 1446 3179 1500 in
3215 1461 3384 1500 unum
3419 1446 3508 1517 glo

239 1531 483 1604 μηδενὸς
508 1529 822 1594 διώκοντος.
849 1530 986 1584 etas
1019 1528 1322 1600 Βούλγαροι
1356 1527 1517 1581 τοῦτο
1552 1526 1836 1598 θεασάμε-

1961 1551 2070 1591 mm
2114 1539 2356 1599 collecti,
2397 1537 2512 1607 pari
2559 1551 2780 1607 quoque
2810 1538 2936 1607 fuga
2971 1538 3126 1593 nullo
3167 1549 3538 1609 persequente

236 1640 320 1677 νοι
354 1622 662 1676 ἐπεδίωκον
694 1621 872 1674 ὀπίσω
899 1619 1101 1684 αὐτῶν,
1135 1620 1230 1673 καὶ
1257 1620 1386 1683 τοὺς
1413 1619 1702 1683 πλείστους
1757 1617 1840 1685 ξί-

1961 1635 2038 1682 tut
2069 1629 2348 1684 excitante
2378 1630 2462 1684 usi
2507 1639 2660 1685 sunt.
2699 1628 2919 1701 Bulgari
2949 1644 3015 1684 eo
3047 1630 3366 1698 spectaculo
3395 1631 3541 1684 exci-

238 1734 334 1786 ψει
366 1717 609 1777 ἀνεῖλον,
655 1715 887 1778 πολλοὺς
917 1714 974 1768 δὲ
1017 1717 1110 1769 καὶ
1159 1715 1206 1746 ⁷⁸
1245 1714 1678 1784 ἐτραυμάτισαν,
1735 1711 1832 1766 καὶ

1961 1719 2004 1784 .i,
2058 1718 2329 1788 fugientes
2363 1727 2513 1774 retro
2564 1720 2955 1788 insequuntur,
2980 1728 3035 1772 et
3069 1718 3155 1774 his
3183 1716 3406 1786 quidem
3439 1732 3540 1771 ne-

241 1804 698 1870 κσταδιώξαντες
718 1803 919 1866 αὐτοὺς
951 1803 1116 1874 μέχρι
1139 1801 1233 1856 τοῦ
1250 1803 1570 1864 Λανουϐίου,
1599 1805 1696 1856 καὶ
1717 1800 1842 1854 τοῦ·

1961 1826 2086 1872 :em,
2143 1811 2270 1866 aliis
2325 1811 2554 1865 vulnera
2607 1810 2803 1880 gladiis
2853 1809 3118 1869 inferunt.
3173 1809 3418 1879 reliquos
3467 1806 3538 1861 ad

251 1861 342 1952 τον
359 1861 733 1968 περάσαντες,
757 1896 852 1950 καὶ
867 1861 1113 1958 ἐλθόντες
1134 1896 1215 1959 είς
1244 1893 1345 1965 τὴν
1369 1861 1670 1964 λεγομένην
1698 1893 1841 1965 Βάρ-

1961 1898 2258 1954 Danubium
2319 1915 2492 1970 usque
2565 1915 2754 1956 coram
2808 1916 2869 1956 se
2926 1900 3139 1973 fugant.
3207 1898 3347 1954 Tum
3409 1915 3539 1954 vero

261 2007 379 2053 ναν,
405 1987 640 2058 πλησίον
668 1983 930 2040 Ὀδυσσοῦ
967 1987 1066 2039 καὶ
1095 1985 1186 2039 τοῦ
1212 1987 1394 2038 ἐκεῖσε
1417 1984 1726 2057 μεσογείου,
1747 1985 1844 2038 καὶ⁸

1961 1992 2169 2049 lumine
2200 1994 2451 2064 traiecto,
2479 1994 2714 2048 Barnam
2750 1995 2823 2048 ita
2859 1993 3085 2058 dictam,
3118 1990 3540 2064 nrbemOdysso

261 2073 357 2127 τὸν
374 2072 527 2127 τόπον
553 2073 864 2144 ἑωρακότες
888 2075 946 2127 ὲν
975 2072 1143 2144 πολλῇ
1171 2073 1442 2144 ἀσφαλείᾳ
1469 2073 1840 2143 διακείμενον,

1961 2081 2206 2146 vicinam,
2247 2091 2302 2136 et
2338 2082 2784 2137 mediterraneos
2807 2097 2975 2148 agros
3008 2080 3351 2152 perveniunt.
3381 2079 3540 2134 Cum-

253 2169 321 2221 ἐκ
345 2167 445 2236 μὲν
475 2166 587 2220 τῶν
615 2165 840 2220 ὄπισθεν
881 2167 970 2221 διὰ
1003 2168 1096 2220 τοῦ
1127 2167 1170 2199 ἠ
1198 2167 1494 2220 Λανουϐίου
1557 2165 1840 2238 ποταμοῦ,

1961 2190 2052 2245 me
2076 2175 2254 2228 locum
2283 2187 2498 2227 omnem
2528 2181 2832 2228 retrorsum
2855 2174 2922 2227 ab
2945 2187 3102 2226 amne
3121 2171 3391 2235 Danubio,
3413 2180 3544 2226 ante

248 2260 573 2330 ἔμπροσθεν
601 2259 660 2312 δὲ
706 2260 806 2313 καὶ
828 2262 892 2312 ὲκ
926 2260 1174 2328 πλαγίων
1197 2259 1284 2313 διὰ
1315 2259 1648 2330 κλεισουρῶν
1679 2261 1775 2314 καλ⁵
1797 2260 1845 2291 ⁷⁸

248 2357 350 2424 τῆς
371 2354 650 2423 Ποντικῆς
681 2352 984 2422 θαλάσσης,
1006 2355 1417 2424 κυριευσάντων
1448 2353 1506 2405 δὲ
1537 2353 1719 2406 αὐτῶν
1751 2352 1847 2405 καὶ

248 2447 365 2499 τῶν
397 2445 837 2516 παρακειμένων
858 2445 1172 2498 Σκλαδινῶν
1211 2446 1382 2499 ἐθνῶν
1417 2446 1515 2509 τὰς
1545 2445 1849 2515 λεγομένας

249 2537 398 2592 ἑπτὰ
421 2537 641 2605 γενεὰς,
661 2539 788 2600 τοὺς
809 2537 909 2606 μὲν
938 2536 1192 2608 Σεϐἐρεις
1215 2536 1531 2609 κατῴκισαν
1548 2538 1593 2570 ’⁷³
1619 2539 1728 2590 ἀπὸ
1749 2536 1850 2605 τῆς

252 2631 574 2704 ἔμπροσθεν
656 2630 980 2700 κλεισούρας
1037 2630 1362 2700 Βερεγάὸων
1428 2630 1522 2682 ἐπὶ
1586 2628 1654 2681 τὰ
1715 2627 1851 2698 πρὸς

252 2724 530 2792 ἀνατολὴν
552 2723 718 2793 μέρη,
744 2723 823 2784 είς
844 2722 900 2774 δὲ
930 2721 997 2774 τὰ
1019 2721 1157 2792 πρὸς
1193 2739 1330 2791 μεση
1343 2720 1543 2791 μὸρίαν
1570 2721 1666 2772 καὶ
1692 2717 1850 2770 δύσιν

259 2817 426 2888 μέχρι
473 2815 736 2885 Ἀϐαρίας
765 2817 864 2876 τὰς
894 2814 1219 2875 ὑπολοίπους
1250 2813 1296 2843 ⁷δ
1341 2811 1481 2864 ἑπτὰ
1520 2811 1712 2878 γενεὰς
1742 2808 1850 2862 ὑπὸ

257 2909 492 2961 πάκτων
514 2908 560 2938 ⁷⁵
577 2906 761 2968 ὄντας.
777 2905 868 2958 Ἑν
884 2902 1094 2966 τούτοις
1121 2902 1214 2955 οῦν
1232 2901 1650 2954 πλατυνθέντων
1675 2899 1853 2952 αὐτῶν

259 2998 624 3070 ὲγαυρίασαν,
678 2995 774 3050 καὶ
825 2995 1059 3065 ἤρξαντο
1106 2995 1174 3047 τὰ
1205 2993 1309 3046 ὑπὸ
1365 2994 1465 3062 τὴν
1537 2991 1854 3062 Ῥωμαϊκὴν

261 3091 546 3147 πολιτείαν
576 3089 707 3144 ὄντα
735 3090 954 3160 κάστρα
977 3105 1038 3141 τε
1055 3087 1149 3140 καὶ
1174 3084 1350 3157 χωρία
1383 3084 1736 3156 ὲπιρῤίπτειν
1761 3083 1856 3136 καὶ

1947 2281 2078 2320 vero
2130 2273 2185 2320 et
2237 2265 2306 2318 ab
2341 2277 2575 2335 utroque
2623 2265 2795 2319 latere
2835 2265 3077 2320 clusuris
3109 2265 3227 2318 sive
3269 2262 3542 2316 montium

1950 2359 2221 2429 angustiis
2268 2366 2323 2414 et
2375 2358 2510 2412 mari
2549 2356 2782 2412 Pontico
2829 2357 2997 2426 probe
3051 2354 3216 2425 299
3268 2355 3544 2408 munitum

1951 2447 2395 2515 conspexissent.
2433 2454 2488 2500 et
2524 2445 2906 2501 Selavinorum
2954 2447 3064 2500 illic
3105 2447 3418 2515 degentium
3455 2460 3546 2498 se-

1951 2547 2097 2610 ptem
2149 2538 2554 2608 generationes,
2605 2555 2726 2608 quae
2771 2537 3054 2603 dicuntur,
3103 2537 3158 2590 in
3212 2544 3544 2606 potestatem

1952 2631 2314 2701 redegissent,
2349 2629 2682 2685 Seberenses
2711 2629 2932 2698 quidem
2963 2629 3032 2683 ab
3077 2629 3354 2684 anteriore
3382 2627 3548 2682 Bere-

1952 2721 2216 2790 gaborum
2261 2719 2481 2773 clusura
2532 2719 2599 2772 ad
2658 2717 2956 2772 orientales
2996 2717 3207 2788 plagas,
3258 2716 3546 2772 meridiem

1956 2826 2083 2865 vero
2100 2818 2155 2865 et
2168 2808 2511 2865 occidentem
2530 2825 2723 2864 versus
2758 2808 2825 2863 ad
2846 2810 3083 2862 Aliarum
3107 2825 3281 2879 usque
3307 2809 3548 2876 reliquas

1955 2910 2147 2973 gentes
2177 2911 2386 2972 septem
2415 2901 2522 2956 sibi
2554 2901 2848 2972 vectigales
2876 2902 3072 2965 factas,
3102 2902 3234 2956 illuc
3262 2901 3549 2956 transtulit

1957 3007 2022 3047 ac
2062 2993 2375 3047 collocavit.
2422 2994 2480 3048 In
2516 2995 2662 3048 hunc
2702 2994 2886 3063 itaque
2931 2993 3154 3048 modum
3201 2993 3452 3048 dilatatis
3494 3001 3552 3045 et

1957 3085 2216 3154 expansis
2245 3085 2474 3140 ditionis
2506 3100 2696 3140 eorum
2743 3085 2996 3140 terminis
3024 3123 3038 3146 ,
3075 3085 3339 3139 Romanm
3368 3085 3553 3152 reipu-

260 3181 714 3255 αίχμαλωτίζειν.
752 3181 916 3234 Ὅθεν
945 3178 1314 3247 ἀναγκασθεὶς
1343 3178 1372 3230 ὁ
1414 3176 1668 3248 βασιλεὺς
1701 3177 1854 3247 εἰρή-

1961 3178 2117 3233 blicze
2175 3179 2341 3233 urbes
2393 3185 2448 3232 et
2481 3178 2678 3248 oppida
2710 3176 2911 3231 animis
2957 3177 3012 3230 in
3043 3177 3358 3246 superbiam
3387 3176 3547 3231 elatis

268 3293 432 3331 νευσε
502 3275 622 3346 μετ’
691 3273 897 3336 αὐτῶν,
971 3272 1166 3341 ἐτήσια
1233 3271 1417 3332 αὐτοῖς
1480 3269 1854 3338 συμφωνήσας

262 3369 533 3439 παρέχειν
575 3365 761 3420 πάκτα
814 3365 901 3417 ἐπ’
947 3363 1181 3435 αἰσχύνῃ
1235 3361 1526 3430 Ῥωμαίων
1568 3360 1657 3413 διὰ
1715 3360 1858 3429 πλῆ-

263 3461 357 3525 θος
384 3460 778 3530 πταισμάτωνι
811 3456 1138 3526 θαυμαστὸν,
1173 3455 1284 3523 γὰρ
1316 3451 1384 3525 ἦν
1403 3453 1635 3507 ἀκοῦσαι
1666 3453 1716 3486 ⁷⁸
1743 3455 1858 3517 τοῖς

267 3555 497 3629 μακρὰν
527 3555 621 3608 καὶ
658 3555 770 3615 τοῖς
806 3552 994 3620 ἐγγὺς,
1022 3551 1104 3603 ὅτι
1147 3553 1174 3604 ὁ
1223 3548 1435 3611 πάντας
1486 3546 1663 3616 ἐαυτῷ
1726 3547 1859 3599 ὑπο-

263 3649 446 3709 τελεῖς
491 3643 997 3714 καταστησάμενος,
1026 3641 1152 3703 τούς
1181 3655 1240 3692 τε
1267 3638 1408 3694 κατά
1443 3636 1542 3708 τὴν
1570 3637 1715 3708 ἑῴαν
1765 3639 1860 3690 καὶ

261 3740 422 3795 δύσιν
449 3740 547 3792 καὶ
587 3738 789 3807 ἄρκτον
815 3737 910 3788 καὶ
938 3732 1310 3804 μεσημϐρίαν,
1343 3731 1449 3784 ὑπὸ
1474 3729 1570 3782 τοῦ
1607 3729 1856 3800 μυσαροῦ

267 3834 370 3887 καὶ
416 3828 716 3899 νεοφανοῦς
770 3827 956 3890 ἔθνους
1009 3825 1254 3896 ἡττήθη.
1313 3822 1456 3877 Ἀλλ’
1484 3815 1640 3885 οὗτος
1673 3824 1716 3854 ⁷⁷
1759 3821 1860 3892 μὲν

269 3927 339 3979 ὲκ
419 3921 678 3993 προνοίας
727 3919 867 3973 Θεοῦ
914 3919 1070 3972 τοῦτο
1129 3915 1541 3986 συμϐεϐηκέναι
1591 3915 1854 3985 Χριστια-

267 4019 387 4079 volt;
420 4013 744 4078 πιστεύσας,
782 4011 1158 4080 εύαγγελικῶς
1217 4009 1649 4080 διανοησὰμενος
1705 4008 1857 4077 εἰρή-

268 4121 501 4163 νσυσεν²
545 4105 641 4159 καὶ
689 4100 759 4175 ἦν
816 4103 922 4165 ἕως
975 4103 1232 4172 τελευτῆς
1292 4101 1458 4154 αὑτοῦ
1509 4100 1736 4172 ἠρεμῶν
1795 4101 1861 4153 ἐκ

272 4201 499 4254 πάντων
523 4197 776 4268 πολέμων
794 4197 863 4259 ⁷⁸,
894 4195 1130 4265 σπουδὴν
1162 4194 1300 4263 ἔχων
1334 4192 1610 4262 ἐξαίρετον
1659 4191 1861 4245 ὲνῶσαι

271 4293 376 4356 τὰς
395 4290 860 4361 ἁπανταχῆδιηρη
871 4289 1036 4358 μένας
1065 4288 1228 4355 ἁγίας
1252 4287 1347 4339 τοῦ
1369 4285 1506 4338 Θεοῦ
1533 4283 1864 4352 Ἐκκλησίας

275 4384 389 4438 ἀπὸ
419 4383 534 4437 τῶν
575 4382 786 4453 χρόνων
823 4379 1148 4451 Ἡρακλείου
1177 4377 1272 4431 τοῦ
1305 4376 1576 4448 βασιλέως
1610 4376 1706 4428 καὶ
1729 4393 1860 4446 προ-

276 4479 506 4533 πάππου
566 4473 754 4542 αὑτοῦ,
816 4475 914 4528 καὶ
945 4472 1176 4543 Σεργίου
1219 4469 1316 4524 τοῦ
1359 4470 1702 4540 κακόφρονος
1762 4469 1861 4523 καὶ

1963 3272 2185 3326 diruere
2219 3286 2284 3326 ac
2315 3270 2620 3339 (lepra-dari
2656 3279 2963 3338 cteperunt.
2995 3268 3074 3322 Ex
3104 3283 3213 3336 quo
3256 3267 3552 3336 imperator

1961 3374 2186 3420 coactus
2217 3379 2407 3433 pacem
2434 3377 2558 3417 cum
2593 3362 2674 3415 eis
2721 3376 2902 3431 agere,
2939 3370 2992 3415 et
3036 3360 3288 3430 exigente
3317 3359 3553 3412 delicto—

1961 3471 2082 3511 rum
2128 3463 2443 3509 nostrorum
2495 3467 2747 3516 numero,
2790 3467 2898 3505 non
2935 3451 3056 3506 sine
3086 3466 3284 3519 magno
3319 3447 3552 3502 Romani

1961 3549 2201 3604 nominis
2228 3546 2521 3612 dedecore,
2556 3551 2772 3614 pactam
2805 3544 3085 3596 annuatim
3113 3541 3402 3611 pecuniam
3437 3541 3553 3593 eis-

1962 3641 2082 3696 dem
2137 3638 2470 3708 persolvere.
2509 3636 2574 3688 Et
2607 3650 2741 3690 sane
2768 3650 2858 3689 res
2891 3633 3083 3688 auditu
3123 3631 3396 3687 mirabilis
3437 3641 3553 3684 tum

1962 3729 2307 3785 nostratibus
2333 3727 2568 3790 exstitit,
2592 3739 2705 3779 tum
2729 3725 2956 3788 exteris,
2994 3739 3113 3785 eos,
3146 3723 3240 3791 qui
3267 3722 3557 3776 universas

1963 3833 2172 3892 gentes,
2209 3835 2315 3890 qua
2341 3819 2410 3874 ab
2442 3830 2567 3872 ortu
2596 3818 2661 3872 ad
2687 3832 2971 3881 occasum,
2990 3829 3297 3884 rursusque
3326 3827 3356 3867 a
3390 3814 3558 3866 meri-

1963 3915 2052 3970 die
2084 3913 2150 3968 ad
2184 3912 2616 3983 septentrionem
2652 3911 2816 3981 longe
2848 3911 3066 3977 lateque
3094 3907 3339 3961 excurrit
3380 3904 3557 3969 orbis,

1964 4007 2263 4076 vectigales
2295 4006 2424 4058 olim
2461 4004 2566 4060 sibi
2593 4003 2794 4070 fecere,
2827 4018 2976 4059 nunc
3008 4003 3076 4056 ab
3095 3996 3215 4056 ista
3237 3999 3559 4056 abominan-

1964 4100 2032 4155 da
2053 4110 2107 4154 et
2134 4113 2307 4167 nuper
2329 4106 2490 4151 enata
2509 4104 2671 4166 gente
2687 4109 2812 4150 esse
2835 4101 3144 4164 superatos.
3169 4090 3562 4148 Verumtamen

1966 4191 2271 4260 imperator
2317 4188 2462 4243 istud
2507 4203 2574 4241 ex
2608 4186 2702 4241 Dei
2740 4186 3080 4256 providentia
3111 4183 3437 4252 contingere
3468 4196 3561 4234 ar-

1967 4285 2225 4344 bitratus.
2245 4298 2344 4337 ceu
2374 4281 2650 4350 Evangelii
2675 4295 2840 4335 sensu
2874 4284 3053 4332 mente
3084 4275 3254 4346 probe
3275 4281 3560 4343 percepto,

1964 4391 2154 4447 pacem
2204 4373 2354 4438 fecit,
2394 4382 2558 4442 atque
2591 4373 2663 4426 ita
2696 4372 2916 4425 demum
2961 4369 3232 4437 reliquum
3285 4365 3412 4420 vitae
3447 4380 3562 4419 suae

1970 4466 2210 4537 spatium
2243 4465 2363 4518 sine
2394 4463 2520 4517 ullis
2548 4462 2815 4516 bellorum
2845 4458 3173 4512 tumultibus
3197 4454 3560 4524 tranquillum

280 4572 524 4642 Πύρῤου,
557 4568 664 4622 τῶν
689 4533 929 4632 ἀναξίως
949 4533 1318 4636 ἡγησαμένων
1347 4562 1441 4616 τοῦ
1474 4533 1665 4634 θρύνου
1709 4563 1856 4614 Κων·

1972 4557 2173 4628 exegit,
2199 4557 2251 4611 id
2287 4570 2398 4626 pra:
2431 4554 2648 4609 czeteris
2675 4567 2894 4608 summo
2920 4549 3106 4606 studio
3142 4561 3470 4620 procurans.
3503 4555 3561 4600 ut

280 4658 800 4728 στανςτινουπόλεως,
835 4655 963 4726 μίαν
982 4671 1042 4707 τε
1061 4655 1108 4686 ⁷⁸
1155 4653 1374 4724 θέλησιν
1412 4653 1510 4706 καὶ⁹
1553 4652 1682 4721 μίαν
1713 4651 1864 4721 ὲνέρ-

279 4771 440 4821 γειαν
457 4751 613 4820 “ﬁni.
639 4749 736 4804 τοῦ
774 4748 984 4819 Κυρίου
1008 4749 1100 4801 καὶ
1122 4747 1259 4800 Θεοῦ
1294 4748 1388 4800 καὶ
1410 4745 1667 4817 Σωτῆρος
1707 4745 1867 4815 ἡμῶν

289 4843 472 4916 Ἰησοῦ
519 4840 755 4914 Χριστοῦ
788 4838 1254 4911 δογματισάντων,
1288 4831 1364 4893 ὧν
1399 4837 1500 4900 τὰς
1545 4835 1867 4900 κακοδοξίας

281 4936 587 5010 ἀνατρέψαι
608 4933 927 4998 σπουδάζων
947 4934 990 4966 ⁸¹
1013 4933 1041 4984 ὁ
1056 4929 1591 5002 Χριστιανικώτατος
1610 4927 1868 4998 βασιλεὺς

1975 4656 2179 4705 sanctae
2207 4646 2300 4702 Dei
2330 4645 2586 4701 Ecclesiae
2612 4642 2904 4698 dissidium
2938 4641 3144 4711 ubique
3173 4654 3350 4710 passae
3378 4651 3406 4690 a
3433 4644 3543 4690 tem

1974 4739 2203 4813 poribus
2235 4736 2471 4792 lleraclii
2507 4735 2864 4805 imperatoris
2913 4733 3103 4802 proavi
3135 4731 3244 4795 sui,
3287 4737 3344 4784 et
3377 4724 3565 4782 vesani

1976 4831 2152 4903 Sergii
2184 4839 2239 4886 et
2265 4829 2486 4902 Pyrrhi,
2516 4827 2610 4898 qui
2641 4826 2877 4897 Cpoleos
2915 4825 3116 4879 throno
3151 4821 3378 4892 indigne
3425 4833 3565 4889 pra:-

1976 4925 2106 4980 l‘ecti
2157 4937 2322 4978 unam
2359 4922 2694 4978 voluntatem
2733 4933 3008 4990 unamque
3037 4918 3168 4974 item
3196 4914 3468 4969 actionem
3511 4909 3564 4963 in

1575 5038 1815 5096 VARUE
1847 5037 2262 5096 LECTIONES.

359 5167 408 5201 ⁸⁸
443 5167 714 5249 ῥεύμασιν
748 5165 786 5219 Γ.

310 5239 359 5270 ’¹
385 5229 479 5291 τοῦ
531 5229 658 5292 add.
689 5252 757 5290 ex
801 5236 868 5290 A.
969 5236 1014 5266 "
1050 5229 1141 5286 καὶ
1175 5244 1304 5287 ante
1350 5229 1449 5300 τῆς
1476 5229 1618 5285 om."
1643 5231 1690 5283 A
1726 5229 1765 5286 l'.

286 5309 338 5341 ⁷³
374 5288 937 5370 τέάἐπῶὖᾌζὲὲάῐέου
987 5305 1135 5373 vulg.
1211 5305 1258 5335 ⁷⁸
1285 5288 1625 5373 ἁκουύμενον
1648 5301 1711 5373 Δ
1746 5315 1800 5364 a,
1837 5288 2179 5373 ἀκούομεν,ίῖ
2255 5288 2507 5373 ’τᾲοῦμξοςὶ
2541 5291 2845 5373 ᾼ,.,οὓτωξ
2884 5288 3028 5358 vulg.

887 5166 930 5198 ⁶⁹
957 5161 1311 5232 συσχεθέντες
1357 5163 1425 5231 τῇ
1481 5161 1620 5232 αὐτῇ
1656 5159 2121 5232 ᾼησυναχθέντες
2149 5153 2566 5232 τοιαύτῃ-νυιεὶι
2619 5153 2693 5232 ’⁷⁸
2718 5153 2818 5232 καὶ
2869 5158 2999 5232 ante
3051 5153 3191 5232 ὲξῐρῖ,

1861 5206 2277 5298 ἷιδκατῲῖιησαν
2307 5206 2455 5298 νίῇες.
2498 5206 2576 5298 “Vt
2611 5219 3033 5298 ὑπολοίπους-Α,
3070 5206 3564 5298 ὑπολοιπὰςινιιιξξ.

2645 5153 2693 5187 ⁷⁸
2721 5151 2818 5206 καὶ
2869 5158 2999 5204 ante
3051 5146 3168 5213 ὲτρ.
3223 5138 3348 5213 add.
3382 5153 3446 5194 ex

3130 5283 3176 5315 ⁷⁸
3202 5279 3476 5350 πολεμίων
3495 5278 3564 5332 Α.

290 5379 340 5412 ⁷³
375 5359 512 5448 μίαν
528 5359 600 5431 *τε
629 5359 698 5441 Α,
729 5377 858 5448 μίαν
883 5376 939 5430 δὲ
968 5359 1115 5444 νιιιέί
1194 5374 1241 5406 ³ο
1275 5372 1405 5443 μίαν
1431 5359 1620 5424 οὖσίαν
1642 5359 1929 5441 ὲνερὴείας
1976 5359 2022 5424 ίξ
2093 5369 2136 5400 ⁸⁸
2165 5360 2508 5435 σπουδάζων]
2538 5361 2777 5427 δοξάζων
2814 5359 2851 5414 f.

779 5501 785 5505 ’
1597 5485 1744 5546 JAC.
1783 5484 1999 5542 GOARI
2041 5481 2274 5540 NOTE.

367 5582 481 5668 (24)
509 5583 806 5668 Meursius.
853 5600 934 5668 ν..
959 5582 1498 5668 Ιχαρακονζείξιιονζ
1547 5579 1677 5668 llam.
1735 5591 1875 5668 recte

294 5651 522 5727 dixerim
554 5656 681 5727 quid
712 5657 804 5722 sit,
833 5657 934 5710 etsi
957 5655 1210 5727 divinent.
1255 5652 1344 5727 Nil
1385 5651 1870 5727 rectedivinabis,

299 5725 404 5780 nisi
440 5720 799 5780 velitationem
823 5725 1321 5781 dixeris.Videndae
1345 5724 1707 5780 auctoritates
1727 5720 1874 5792 apud

303 5796 619 5866 ltigaltium.
666 5797 801 5852 Hinc
858 5795 1354 5866 παρακοντακίςειν
1383 5792 1706 5866 Theophani
1749 5809 1875 5866 cgit-

308 5863 675 5922 tis'velitando
713 5884 885 5931 aqere.
939 5863 1389 5928 Παρακοντάοιον
1425 5867 1570 5922 haud
1606 5864 1743 5922 scite
1778 5863 1873 5919 Ri-

1983 5579 2185 5652 galtius
2225 5577 2306 5646 ain
2360 5571 2820 5652 ’ζταρακοντιίκιον⁸
2859 5559 3563 5652 lautia-IL‘tjo‘wépiogtuv:

1985 5632 2202 5714 ῗιόκτος
2228 5632 2245 5646 ⁷
2273 5632 2588 5714 scripsisse,
2631 5637 2906 5714 recordari
2942 5633 3260 5714 debuerat.
3286 5632 3567 5714 .Catterum

2121 5701 2888 5787 adpaxwé'axiﬁetv,cunctis
2942 5701 3209 5787 incodd.
3246 5702 3568 5787 hiemen:-

1986 5771 2114 5845 reiis
2145 5771 2232 5843 illi
2287 5771 2783 5856 παρακοντακίζειν
2836 5774 3188 5835 emendatius
3241 5771 3566 5830 mutandum

1987 5862 2225 5916 videtur.
