4046 6456
510 401 616 462 735

1860 393 2354 454 THEOPHANIS

3670 403 3774 469 736

513 512 767 573 aﬂirmat,
789 524 938 564 anno
972 525 1002 564 a
1059 507 1250 564 mundi
1298 509 1524 563 conditu
1573 507 1752 564 sexies
1801 507 2094 562 millesimo

2201 507 2341 578 μετὰ
2395 505 2553 560 τοῦτο
2597 506 2950 561 ἐϐασίλευσεν
2983 509 3012 562 6
3037 507 3200 572 αὐτὸς
3237 509 3669 577 Κωνσταντῖνος
3694 518 3782 586 ἔτη

513 603 814 659 centesimo
863 603 1269 672 septuagesimo
1329 599 1595 666 secundo,
1627 600 1918 670 ipsumque
1949 599 2095 654 Con-

515 695 818 751 stantinum
881 709 1056 749 annos
1144 693 1375 763 posthac
1442 693 1689 762 quinque
1747 690 2092 760 imperasse,

513 804 690 860 cuque
747 786 885 843 vivis
934 794 1142 856 erepto,
1195 784 1569 840 Iustinianum
1619 785 1741 854 ejus
1773 783 1943 839 (ilium
1979 800 2096 838 meo

513 880 797 937 narchiam
829 879 1072 934 tenuisse
1100 892 1276 932 annos
1305 877 1494 932 decem
1523 877 1737 946 :ejecto
1758 875 2092 941 Iustiniano,

514 972 801 1028 Leontium
847 971 1134 1042 tyrannide
1161 970 1392 1040 potitum
1417 984 1590 1023 annos
1626 976 1762 1034 tres,
1798 975 1923 1039 post
1946 968 2094 1024 hunc

515 1065 793 1120 Tiberium
823 1103 838 1127 .
903 1063 996 1135 qui
1053 1063 1219 1118 etiam
1263 1062 1608 1132 Apsimarus,
1662 1075 1838 1116 annos
1881 1070 2092 1132 septem

513 1172 793 1228 regnasse,
820 1155 1166 1229 cjectumque
1195 1154 1350 1225 prius
1387 1152 1758 1209 Iustinianum
1795 1154 1979 1208 denuo
2002 1169 2094 1207 re-

512 1249 766 1304 stitutum
799 1248 1032 1317 imperio
1053 1263 1230 1303 annos
1265 1263 1382 1310 sex.
1423 1248 1560 1302 adeo
1583 1254 1640 1300 ut
1670 1261 1738 1302 ex
1767 1247 1902 1316 ipsis
1930 1246 2094 1302 editis

513 1341 733 1397 concilii
768 1342 914 1414 typis
944 1343 1062 1396 sive
1091 1342 1399 1395 canonibus
1426 1355 1571 1394 anno
1598 1339 1846 1394 secundo
1877 1339 2094 1409 imperii

511 1433 827 1490 Iustiniano
865 1434 1093 1489 naribus
1151 1433 1405 1486 mutilata
1446 1432 1685 1487 restituti
1717 1447 1815 1487 eos
1853 1433 2092 1502 primum

514 1525 890 1595 promulgatas
926 1530 1112 1592 aperte
1144 1524 1565 1592 comperiamus.
1605 1521 1788 1576 Tertio
1821 1521 2092 1590 siquidem

515 1615 806 1674 canonejn
842 1614 954 1668 haec
977 1614 1145 1668 verba
1191 1613 1420 1684 legimus
1458 1631 1471 1666 :
1501 1612 1712 1668 Matura
1737 1614 1955 1669 consilii
1976 1614 2094 1670 dis-

515 1705 772 1759 cussione
802 1703 1121 1774 praehabita,
1150 1718 1270 1767 eos,
1304 1703 1397 1773 qui
1427 1704 1644 1758 duobus
1675 1705 1950 1774 conjugiis
1990 1704 2094 1760 im-

513 1795 701 1864 plicati
733 1794 905 1860 fuere,
933 1804 990 1850 et
1023 1797 1089 1850 ad
1139 1795 1398 1865 prateriti
1437 1795 1646 1851 mensis
1669 1792 1918 1850 Ianuarii
1947 1795 2091 1852 diem

2197 598 2382 660 πέντε,
2421 597 2516 651 καὶ
2541 598 2962 669 τελευτήσαντος
2991 601 3158 655 αὐτοῦ
3179 642 3194 666 ,
3228 603 3253 654 ὲ
3275 602 3624 673 μονάρχησεν
3661 608 3785 661 Ἴου.

2198 689 2470 750 στινιανδς
2501 691 2529 742 6
2561 691 2673 754 υίὸς
2718 690 2882 744 αὑτοῦ
2931 691 3024 762 ἔτη
3081 693 3235 749 δέκα.
3302 695 3695 765 Ἐκϐληθέντος
3732 700 3786 753 δὲ

2207 783 2583 836 ἰουστινιανοῦ
2643 783 2950 853 ἐκράτησεν
2991 785 3241 848 Λεόντιος
3284 785 3384 857 ἔτη
3419 793 3491 854 γ’,
3530 788 3624 840 καὶ
3655 793 3783 856 μετά

2194 874 2447 927 Λεόντιον
2469 873 2717 944 Τιϐέριος
2748 877 2776 927 6
2811 877 2901 928 καὶ
2945 876 3243 948 Ἀψίμαρος
3273 877 3372 946 ἔτη
3404 877 3471 940 ζ’.
3505 879 3598 931 καὶ
3626 880 3778 934 πάλιν

2207 965 2583 1029 Ἰουστινιανδς
2620 967 2641 999 ⁵
2669 969 2698 1020 6
2730 967 3018 1038 ἐκϐληθεὶς
3049 969 3142 1041 ἔτη
3178 976 3251 1034 ς’,
3296 969 3391 1033 Ὦς
3434 970 3778 1037 εὑρίσκεσθαι

2194 1057 2254 1127 ἐξ
2287 1060 2469 1115 αὐτῶν
2522 1059 2633 1112 τῶν
2691 1060 2991 1131 δεδομένων
3043 1061 3065 1092 ⁸
3113 1062 3304 1116 τύπων
3346 1063 3428 1132 τῷ
3461 1061 3506 1132 β’
3549 1062 3660 1117 ἔτει
3687 1065 3778 1134 τῆς

2193 1153 2432 1223 ἐσχάτης
2466 1151 2742 1222 βασιλείας
2761 1151 2856 1204 τοῦ
2887 1152 3051 1206 αὑτοῦ
3073 1137 3517 1224 ῥινοκοπημένου
3564 1155 3780 1209 Ἰουστι-

2195 1243 2379 1298 νιανοῦ
2409 1243 2745 1297 ὲκτεθείσθαι
2770 1244 2972 1307 αὐτοὺς
2998 1245 3358 1317 περιέχοντας
3377 1247 3437 1298 ὲν
3460 1245 3538 1315 τῷ
3554 1252 3603 1313 γ’
3635 1245 3780 1318 τύπῳ

2192 1339 2312 1400 ταῖς
2351 1336 2560 1403 λέξεσιν
2615 1335 2787 1400 οὕτως
2810 1354 2824 1368 ο
2856 1336 3182 1407 Συνορῶμσν
3219 1337 3302 1392 ὅτι
3354 1338 3487 1400 τοὺς
3525 1338 3627 1407 μὲν
3666 1337 3779 1392 δυσὶ

2193 1429 2394 1500 γάμοις
2443 1430 2873 1502 περιπαρέντας,
2905 1431 3001 1484 καὶ
3033 1431 3195 1502 μέχρι
3237 1430 3341 1500 τῆς
3378 1437 3442 1482 ιε’
3475 1431 3572 1482 τοῦ
3597 1431 3617 1461 ⁷
3647 1447 3779 1500 παρ-

2194 1521 2446 1585 ελθόντος
2486 1522 2820 1592 Ἰανουαρίου
2881 1522 3048 1592 μηνὸς
3085 1524 3185 1591 τῆς
3215 1521 3608 1592 παρελθούσης
3636 1521 3680 1575 δ’
3716 1522 3780 1574 iv-

2192 1612 2474 1676 thstti'wo;
2507 1612 2661 1676 ἔτους
2692 1611 2871 1684 ,ςριιίν
2903 1612 3273 1676 δουλωθέντας
3305 1616 3375 1684 τῇ
3403 1611 3675 1683 ἁμαρτίᾳ,
3695 1613 3781 1665 καὶ

2199 1703 2276 1775 μὴ
2305 1703 2666 1774 ἐκνήψαντας,
2718 1701 3066 1772 προελόμεθα
3091 1701 3114 1734 ⁸
3143 1701 3478 1772 καθαιρέσει
3529 1704 3778 1772 κανονικῇ

2196 1793 2488 1847 ὑποϐαλεῖν
2527 1793 2569 1848 ⁸.
2611 1791 2720 1847 Καὶ
2735 1794 2867 1861 μεθ’
2890 1792 3064 1861 ἕτερα
3084 1807 3098 1822 ⁸
3125 1793 3266 1856 Τοὺς
3295 1791 3357 1845 δὲ
3388 1790 3532 1860 μετὰ
3555 1791 3654 1863 τὴν
3680 1809 3780 1862 χει-

512 1884 785 1940 decimum
827 1885 1107 1954 quintum,
1157 1885 1446 1955 praterhac
1487 1891 1697 1956 quartas
1751 1884 2091 1950 indictionis,

2199 1886 2445 1957 ροτονίαν
2470 1886 2635 1956 γάμῳ
2664 1887 2746 1939 ἐνὶ
2795 1885 3132 1958 παρανόμως
3181 1885 3298 1954 (53)
3347 1883 3782 1957 προσομιλήσαν-

512 1977 643 2031 anni
693 1977 877 2032 sexies
935 1975 1215 2030 millesimi
1259 1976 1546 2031 centesimi
1585 1975 1932 2046 nonagesimi
1959 1975 2093 2030 noni

513 2067 721 2138 peccati
751 2067 1001 2123 servituti
1021 2067 1292 2121 obnoxios
1323 2082 1384 2121 se
1411 2067 1657 2132 voluere,
1683 2083 1783 2121 nec
1803 2067 1914 2121 ullo
1937 2076 2095 2136 pacto

512 2163 861 2234 resipiscere,
909 2164 1190 2218 canonica:
1223 2161 1556 2233 depositioni
1603 2163 1878 2230 subjicere
1903 2162 2094 2228 decre-

511 2257 719 2312 vimus.
778 2255 845 2310 Et
891 2256 1226 2328 quibusdam
1284 2254 1630 2325 interpositis
1665 2252 1808 2308 :Eos
1835 2269 1967 2308 vero
2002 2254 2095 2324 qui

512 2355 638 2420 post
665 2346 890 2403 ordines
936 2357 1230 2416 susceptos
1271 2361 1382 2400 uno
1436 2347 1562 2401 licet
1605 2346 1862 2415 conjugio
1913 2361 1974 2402 se
2000 2348 2095 2401 de-

466 2426 480 2440 ’
513 2441 814 2504 vinxerint,
846 2439 898 2494 id
936 2448 1017 2494 est
1056 2439 1432 2508 presbyteros,
1467 2437 1734 2492 diaconos
1786 2445 1841 2491 et
1873 2436 2095 2492 subdia-

512 2547 710 2594 conos,
748 2530 900 2586 brevi
932 2530 1197 2600 temporis
1225 2529 1405 2598 spatio
1452 2529 1628 2583 sacris
1668 2528 1939 2583 ministris
1968 2543 2096 2599 pro-

511 2623 716 2679 hibitos
739 2632 793 2678 et
822 2623 1002 2692 ptenis
1046 2622 1352 2693 castigatos
1386 2622 1624 2692 prapriis
1661 2621 1879 2676 demum
1914 2621 2100 2691 gradi-

514 2713 619 2770 bus
652 2713 834 2770 denuo
888 2714 1131 2779 restitui,
1175 2713 1283 2767 alio
1330 2715 1614 2782 superiore
1652 2727 1925 2781 nusquam
1965 2729 2096 2782 pro-

513 2807 834 2869 movendos,
870 2805 1132 2859 nimirum
1181 2805 1464 2874 illegitimo
1515 2804 1876 2858 contubernio
1916 2805 2093 2874 palam

512 2899 669 2967 prius
699 2896 994 2951 dissoluto.
1030 2895 1106 2949 Ex
1135 2896 1252 2966 ipsa
1283 2896 1475 2962 itaque
1503 2903 1814 2966 temporum
1847 2896 2101 2966 designa-

515 2986 663 3040 tione
697 3001 726 3039 a
759 2985 1037 3040 celebrata
1099 2993 1292 3041 sancta
1353 2986 1653 3040 universali
1700 2994 1854 3040 sexta
1884 2986 2096 3056 synodo

515 3093 694 3146 usque
710 3077 776 3131 ad
811 3078 991 3132 editos
1039 3091 1280 3131 canones
1311 3077 1432 3146 ejus
1466 3077 1689 3132 nomine
1723 3079 2098 3147 promulgatas

515 3173 703 3236 aperte
734 3165 1069 3234 colliguntur
1091 3165 1217 3218 anni
1242 3165 1432 3235 viginti
1460 3173 1692 3233 septem,
1726 3165 2097 3232 patriarcham

517 3257 778 3313 nimirum
857 3267 1057 3327 agente
1113 3256 1169 3310 in
1245 3266 1436 3312 sancta
1493 3258 1836 3312 (chnenica
1887 3257 2098 3327 synodo

517 3349 775 3418 Georgio,
816 3351 978 3420 cujus
1005 3349 1413 3420 patriarchatus
1454 3364 1630 3404 annus
1677 3351 1872 3404 tertius
1909 3365 2098 3404 nume-

516 3443 766 3507 rabatur,
798 3443 1002 3512 quique
1064 3451 1188 3511 post
1234 3442 1396 3512 302
1448 3442 1718 3514 synodum
1771 3443 1861 3496 alii
1889 3450 2003 3496 tres
2044 3443 2097 3496 in

517 3534 790 3606 dignitate
822 3534 998 3588 exacti
1051 3542 1203 3590 sunt.
1238 3533 1368 3587 Post
1407 3533 1551 3587 hunc
1587 3547 1715 3588 vero
1775 3531 2100 3587 Theodorus

519 3640 695 3680 annos
726 3632 862 3688 tres,
903 3621 1110 3679 Paulus
1141 3638 1312 3678 annos
1349 3633 1580 3691 septem,
1605 3622 1903 3676 Callinicus
1926 3637 2100 3678 annos

519 3715 832 3779 duodecim,
873 3715 1050 3787 Cyrus
1104 3715 1343 3784 denique
1392 3730 1564 3767 annos
1589 3715 1729 3768 duos
1773 3714 1933 3778 sedit,
1964 3713 2100 3768 adeo

519 3816 580 3862 ut
613 3823 680 3862 ex
728 3808 866 3876 ipsis
919 3806 1358 3877 patriarcharum
1413 3806 1664 3860 aetatibus
1718 3805 1850 3858 anni
1903 3804 2099 3874 viginti

522 3910 727 3971 septem
777 3899 1016 3954 dilucide
1068 3906 1492 3970 computentur,
1564 3912 1594 3951 a
1645 3912 1918 3951 canonum
1969 3912 2100 3952 vero

2193 1994 2314 2040 τας.
2371 1975 2520 2029 τοῦτ’
2578 1975 2694 2029 ἐστι
2749 1976 3162 2046 πρεσϐυτέρους
3215 1974 3315 2030 καὶ
3370 1974 3659 2037 διακόνους
3699 1973 3782 2028 καὶ

2197 2067 2610 2130 ὑποδιακόνους,
2637 2067 2741 2136 ήδη
2763 2067 2857 2120 ἐπὶ
2886 2066 3092 2138 βαρχύν
3112 2083 3233 2120 τινα
3254 2066 3456 2137 χρόνον
3480 2065 3781 2138 εἱρχθέντας

2194 2165 2296 2234 τῆς
2331 2165 2484 2235 ἱερᾶς
2514 2163 2862 2234 λειτουργίας
2887 2165 2983 2218 καὶ
3013 2163 3472 2235 ἐπιτιμηθέντας,
3502 2159 3659 2225 αὖθις
3693 2162 3779 2216 αύ-

2195 2260 2322 2321 τοὺς
2349 2262 2407 2313 ὲν
2439 2260 2481 2291 ¹⁰
2499 2261 2608 2322 τοῖς
2641 2259 2866 2321 οἰκείοις
2890 2259 3352 2329 ἀποκαταστῆναι
3395 2256 3648 2328 βαθμοῖς,
3683 2274 3778 2326 μη-

2195 2351 2384 2421 δαμῶς
2419 2351 2593 2421 ἑτέρῳ
2620 2351 2827 2422 μείζονι
2857 2351 3270 2421 προκόπτοντας
3329 2349 3551 2420 βαθμῷ,
3588 2349 3778 2420 προδή-

2196 2442 2301 2506 λως
2349 2441 2696 2504 διαλυθέντος
2735 2442 2920 2504 αὺτοῖς
2975 2441 3072 2494 τοῦ
3128 2440 3381 2510 ἀθέσμου
3429 2438 3773 2493 συνοικεσίου.

2197 2532 2363 2584 Ὥστε
2389 2533 2446 2598 ἐξ
2481 2532 2650 2600 αὐτῆς
2670 2532 2772 2600 τῆς
2801 2531 3065 2600 χρονικῆς
3103 2530 3281 2599 ἀποση
3296 2529 3586 2600 μειώσεως
3609 2529 3778 2599 ἀριδή·

2197 2623 2305 2687 λως
2330 2623 2616 2692 φαίνεσθαι
2649 2624 2994 2692 συναγόμενα
3024 2621 3132 2675 ἀπὸ
3176 2622 3278 2690 τῆς
3325 2622 3490 2690 ἁγίας
3540 2623 3776 2690 οίκουμε-

2199 2715 2358 2785 νικῆς
2407 2715 2575 2783 ἕκτης
2633 2713 2851 2768 συνόδου
2899 2713 3005 2778 ἕως
3033 2714 3143 2767 τῶν
3189 2713 3567 2784 ἐκδεδομένων
3608 2712 3779 2764 τύπων

2200 2805 2296 2875 ἐτη
2329 2802 2435 2870 κζ’,
2495 2803 2965 2876 πατριαρχοῦντος
3017 2805 3076 2858 ὲν
3130 2807 3197 2876 τῇ
3251 2804 3397 2876 ἁγίᾳ
3447 2804 3775 2872 οἰκουμενικῇ

2199 2897 2403 2965 συνόδῳ
2456 2896 3084 2961 Κωνσταντινουπόλεως
3123 2897 3436 2966 Γεωργίου,
3485 2896 3602 2959 (so;
3627 2895 3774 2964 ἆγον-

2199 3006 2290 3052 τος
2336 2989 2436 3059 τῆς
2486 2989 2856 3059 πατριαρχίας
2901 2995 2972 3056 γ’,
3002 2989 3098 3042 καὶ
3129 2989 3268 3060 μετὰ
3317 2989 3424 3060 τὴν
3455 2988 3663 3042 σύνοδον
3685 3003 3774 3042 πα-

2198 3081 2633 3151 τριαρχήσαντος
2662 3080 2798 3133 ἄλλα
2829 3079 2922 3151 ἐτη
2951 3087 3022 3148 γ’,
3053 3081 3192 3150 μετὰ
3218 3081 3273 3134 δὲ
3289 3081 3491 3135 τοῦτον
3519 3078 3765 3148 Θεοδώρου

2127 3204 2168 3259 C
2201 3171 2358 3242 ἐτητ¹
2379 3173 2441 3235 ",
2469 3171 2561 3223 καὶ
2581 3171 2793 3224 Παύλου
2811 3171 2905 3242 ἔτη
2924 3170 2992 3237 ζ’,
3023 3173 3118 3225 καὶ
3143 3172 3486 3225 Καλλινίκου
3520 3171 3608 3239 ἔτη
3635 3167 3692 3238 ιβ’
3711 3169 3768 3230 ¹¹,

2204 3265 2298 3318 καὶ
2339 3263 2526 3332 Κύρου
2552 3263 2646 3334 ἔτη
2680 3263 2747 3333 β’,
2785 3264 2860 3328 ὡς
2896 3264 3224 3332 συνάγεσθαι
3251 3266 3358 3318 καὶ
3388 3264 3449 3330 ἐξ
3483 3264 3650 3318 αὐτῶν
3675 3260 3769 3313 τῶν

2204 3354 2563 3424 πατριαρχῶν
2587 3355 2683 3423 ἔτη
2711 3353 2792 3418 κζ’
2818 3372 2831 3385 ·
2867 3356 2976 3407 ἀπὸ
2997 3355 3054 3408 δὲ
3075 3355 3184 3408 τῶν
3205 3355 3582 3426 ἐκδεδομένων
3605 3352 3774 3406 τύπων

2202 3443 2307 3506 ἓως
2362 3443 2457 3495 τοῦ
2498 3444 2765 3511 τετάρτου
2828 3442 2984 3508 ἔτους
3039 3444 3384 3498 Φιλιππικοῢ
3447 3445 3562 3515 (54)
3609 3443 3695 3512 ἐτη
3736 3441 3774 3473 ¹⁸

2209 3535 2372 3588 πέντε
2390 3550 2403 3563 ·
2431 3535 2531 3587 καὶ
2557 3537 2616 3588 ὲν
2645 3535 2723 3606 τῷ
2751 3535 2900 3606 αύτῷ
2934 3536 3140 3608 πρώτῳ
3173 3536 3282 3590 ἔτει
3314 3539 3423 3608 τῆς
3456 3535 3716 3608 βασιλείας
3738 3531 3775 3565 ⁸⁵

2205 3626 2537 3680 Φιλιππικοῦ
2559 3628 2812 3695 γενέσθαι
2836 3629 3059 3698 ἐμμανῆ
3087 3628 3301 3682 σύνοδον
3337 3630 3480 3684 κατὰ
3503 3631 3600 3697 τῆς
3634 3628 3776 3696 ἁγίας

2205 3717 2590 3786 οίκουμενικῆς
2643 3718 2687 3748 ³⁵
2746 3718 2913 3790 ἕκτης
2985 3719 3207 3773 συνόδου
3234 3736 3248 3750 ·
3307 3723 3409 3774 καὶ
3475 3717 3777 3785 ἐξωσθέντος

2208 3807 2395 3878 Κύρου
2425 3807 2505 3878 τῷ
2538 3815 2592 3873 ς’
2643 3807 2752 3862 ἔτει
2785 3812 2884 3880 τῆς
2921 3812 3292 3882 πατριαρχίας
3317 3813 3511 3879 αὑτοῦ,
3542 3810 3775 3881 γενέσθαι

2221 3899 2475 3971 Ἰωάννην
2493 3902 2839 3972 πατριάρχην
2859 3903 2958 3973 τῆς
2996 3905 3644 3967 Κωνσταντινουπόλεως,
3673 3904 3776 3956 Ἀν-

519 3989 963 4061 promulgatione
983 4004 1159 4058 usque
1190 3990 1258 4044 ad
1286 4004 1491 4044 annum
1520 3995 1777 4057 quartum
1815 3988 2096 4057 Philippici

2203 3991 2367 4061 δρέαν
2397 3990 2455 4044 δὲ
2480 3993 2885 4064 μητροπολίτην
2908 3993 3010 4063 τῆς
3045 3996 3270 4066 Κρήτης
3292 3998 3364 4061 ¹⁶,
3389 3999 3484 4050 καὶ
3517 3993 3772 4066 Γερμανὸν

521 4083 654 4139 anni
695 4083 941 4152 quinque
999 4082 1366 4145 intercedant,
1423 4082 1602 4150 primo
1652 4088 1834 4134 autem
1886 4080 2096 4150 imperii

2209 4083 2611 4154 μητροπολίτην
2642 4085 2904 4152 Κυζίκου,
2928 4087 3358 4156 ὑπογράψαντας
3378 4087 3673 4161 προδήλως,
3694 4084 3774 4135 καὶ

519 4177 699 4243 ipsius
725 4174 1015 4245 Philippici
1049 4189 1196 4228 anno
1250 4173 1509 4227 insanum
1540 4173 1972 4227 conciliabulum
2006 4172 2106 4226 ad-

519 4284 716 4325 versus
748 4278 998 4325 sanctum
1019 4267 1421 4324 cecumenicum
1446 4266 1738 4321 concilium
1768 4266 2102 4321 celebratum

521 4362 616 4426 sit,
653 4360 906 4434 Cyroque
925 4362 1157 4428 expulso
1186 4360 1290 4415 sub
1327 4367 1544 4414 sextum
1577 4358 1984 4428 patriarchatus
2013 4359 2100 4414 sui

523 4465 729 4504 annum
757 4446 999 4505 Ioannes
1057 4447 1290 4519 Cpoleos
1342 4447 1658 4518 patriarcha
1688 4445 1867 4503 factus
1898 4445 2099 4514 fuerit;

2205 4174 2717 4244 ἀναθεματίσαντας
2736 4177 2848 4247 (55)
2871 4179 3009 4248 μετὰ
3031 4181 3250 4234 πάντων
3261 4180 3374 4235 τῶν
3395 4181 3536 4234 κατὰ
3553 4179 3670 4240 τοὺς
3697 4175 3775 4228 αὖ·

2207 4265 2335 4330 τοὺς
2359 4267 2403 4299 ¹¹¹
2443 4268 2667 4339 χρόνους
2687 4269 2786 4340 τὴν
2821 4270 3229 4342 προρρηθεῖσαν
3247 4274 3392 4326 κατὰ
3421 4271 3532 4324 τῶν
3559 4266 3773 4325 Μονοθε-

2208 4357 2386 4428 λητῶν
2413 4360 2576 4428 ἁγίαν
2592 4363 2978 4432 οίκουμενικὴν
2998 4361 3050 4426 ς’
3071 4363 3285 4416 σύνοδον
3304 4379 3318 4393 ·
3367 4363 3508 4433 μετά
3535 4361 3590 4415 δὲ
3619 4359 3706 4428 ἐτη
3730 4361 3773 4424 γ’

2207 4449 2633 4537 τελευτήσαντος
2679 4453 2930 4508 Ἰωάννου
2957 4453 3322 4526 μετατεθῆναι
3365 4452 3642 4526 Γερμανδν
3678 4446 3773 4502 ἀπὸ

1799 4584 2038 4641 VARIE
2077 4585 2483 4644 LECTIONES.

593 4681 628 4752 'A
668 4679 831 4752 πᾴλιν
872 4679 1176 4752 ἸουστηΑ.
1219 4681 1380 4736 πάλιν
1412 4682 1440 4734 6
1479 4682 1538 4736 Ἰ.
1571 4683 1711 4752 vulg.

520 4751 567 4806 Α
605 4747 645 4804 ΐ.
719 4749 740 4781 ⁸
773 4749 1038 4804 ὑποόἀλαι
1074 4749 1114 4804 f.
1184 4752 1226 4783 ¹⁰
1253 4754 1312 4803 ὲν
1332 4752 1457 4805 add.
1493 4768 1555 4806 ex
1594 4747 1686 4807 ΑῘ
1737 4753 1778 4785 ¹¹

1791 4685 1812 4716 ⁶
1840 4679 2090 4754 ἐκδεδομ.
2113 4683 2180 4737 Α.
2255 4685 2276 4754 7
2307 4683 2560 4754 τοῦᾼαιιά.
2591 4699 2658 4738 ex
2693 4685 2761 4739 A.
2835 4685 2857 4717 ⁸
2885 4683 3121 4754 ὲκνῆψαι
3168 4686 3366 4748 αὐτοὺς
3397 4679 3775 4754 προελομένους

1813 4751 1952 4824 μετὰ
1979 4751 2035 4804 δὲ
2054 4782 2126 4793 --
2157 4783 2228 4793 ——
2251 4753 2344 4824 ἔτη
2373 4752 2421 4822 γ’

2453 4770 2563 4808 οιη.
2597 4755 2649 4809 b.
2729 4757 2771 4787 ¹²
2794 4755 2888 4808 καὶ
2914 4749 3126 4808 Παύλου
3154 4785 3223 4794 ——
3252 4784 3322 4794 —-
3343 4749 3451 4820 ἐτη
3475 4751 3542 4824 ιβ’
3571 4766 3675 4806 οηι.
3708 4749 3770 4824 _A.

595 4819 748 4898 ἔτους
779 4819 903 4875 add.
927 4837 994 4898 e_x
1027 4823 1094 4875 A.
1169 4822 1213 4854 ⁸⁵
1235 4823 1334 4893 τῆς
1365 4821 1642 4892 βασιλείας
1677 4824 1800 4879 add.
1813 4817 1895 4878 ἐκ
1912 4823 1976 4876 Α.
2056 4824 2099 4855 ⁸⁵
2128 4817 2512 4896 οἱκουμὲνίκῆς
2541 4825 2670 4881 add.
2703 4840 2770 4881 cx
2796 4826 2863 4879 A.
2942 4827 2985 4858 “
3019 4825 3120 4895 τῆς
3151 4826 3378 4898 Κρήτης
3407 4817 3473 4890 Ᾱ,
3497 4817 3608 4894 ’Κρ.
3639 4817 3771 4885 vulg.

521 4888 567 4923 "
587 4889 784 4956 αὐτοὺς
809 4905 919 4946 om.
941 4888 1009 4946 Δ.

1854 5005 1996 5063 IAC.
2021 5005 2233 5064 GOARI
2261 5005 2497 5062 NOTE.

598 5125 713 5198 (33)
749 5125 1038 5198 Illegitime
1064 5141 1086 5181 :
1118 5128 1200 5182 sic
1260 5142 1478 5198 semper
1525 5127 1712 5184 habita
1754 5129 2104 5184 sacerdotum
2138 5133 2186 5191 ι)
2214 5127 2444 5198 quentia
2473 5126 2757 5182 evincunt.
2789 5125 2907 5198 Kal?
2927 5125 3007 5192 τῷ
3041 5123 3204 5192 αὐτῷ
3231 5123 3284 5178 α’
3323 5125 3463 5189 ἔτει,
3493 5115 3770 5181 Eodemque

524 5211 589 5250 ac
637 5197 1016 5269 ministrarum
1047 5199 1300 5268 conjugis
1349 5197 1490 5268 apud
1537 5199 1780 5265 Graecos,
1837 5210 1962 5269 post
2001 5200 2103 5253 ad-

523 5275 712 5336 eptum
746 5267 996 5324 ordinem
1053 5267 1272 5324 sacrum
1323 5267 1648 5336 inita;ante
1699 5267 1954 5326 eumdem
1990 5269 2104 5324 illis

525 5338 819 5411 permissa.
857 5339 1070 5394 Excidit
1097 5355 1160 5394 ea
1179 5356 1295 5411 vox
1333 5341 1641 5411 interpreti.
1671 5340 1966 5397 COIBEFIS.

603 5408 718 5480 (54)
750 5409 884 5480 Reg.
905 5425 972 5465 ac
1001 5410 1229 5480 perinde
1245 5412 1360 5476 alii,
1385 5408 1610 5480 ipseque
1637 5411 1855 5477 Anast.,
1883 5411 2110 5481 antiquo

529 5491 912 5558 sane-errore,
953 5495 1079 5558 cum
1101 5481 1443 5558 Philippicus
1472 5482 1726 5558 non_nisi
1758 5483 2110 5558 du_obus_an-

532 5549 621 5623 [iis
670 5549 1045 5623 imperaverit.
1100 5549 1338 5623 Emend.
1390 5567 1542 5623 ergo,
1591 5553 1697 5615 ἕως
1750 5552 1845 5606 τοῦ
1886 5553 2108 5623 πρώτου

533 5615 691 5698 ἔτους
713 5635 728 5651 ο
751 5615 849 5674 ἐὶο
897 5623 1044 5698 enim
1076 5636 1116 5698 a_
1137 5621 1382 5698 secundo
1416 5615 1669 5698 séct'mdi”
1690 5623 1904 5698 imperii
1933 5615 2110 5678 Iusti-

536 5691 687 5767 niani
743 5702 892 5767 anuo
936 5693 1002 5747 ad
1035 5691 1272 5762 primum
1327 5694 1478 5767 illum
1532 5691 1823 5767 Philippici
1854 5699 2112 5767 constant

539 5763 668 5834 arani
704 5763 979 5834 quinque;
1010 5777 1120 5830 quo
1151 5775 1298 5834 anno
1342 5765 1534 5834 quinto
1586 5765 1861 5834 celebrata
1905 5763 2113 5834 dicitur

539 5824 632 5882 illa
657 5824 923 5885 adversus
952 5830 985 5886 6
1016 5824 1286 5902 synodum
1325 5824 1565 5890 erratica
1601 5833 1868 5904 synodus.
1915 5833 1994 5889 Ac
2025 5847 2113 5888 sc-

2214 5197 2389 5269 primo
2428 5198 2522 5269 illo
2556 5214 2736 5269 anno._
2751 5207 2858 5252 etc.
2886 5197 2966 5250 In.

2292 5251 2409 5344 (755)
2433 5251 2687 5324 Conatur
2707 5251 2954 5322 Ioannes
2985 5265 3091 5321 CP.
3118 5265 3366 5344 apologis
3409 5275 3507 5344 δρα
3547 5251 3774 5344 adeon:

2217 5331 2522 5396 stantinum
2588 5353 2784 5409 papam
2829 5353 2950 5393 eam
2999 5351 3028 5390 a
3061 5351 3121 5391 se
3154 5331 3772 5409 'acgreliquisepiscopjs

2220 5420 2406 5465 notam
2441 5401 2630 5462 eluere
2651 5401 2676 5475 ς’
2710 5423 2840 5463 usos
2870 5423 2927 5463 se
2971 5407 3280 5462 oeconomia
3310 5401 3622 5461 ostendens.
3653 5403 3774 5475 ειξᾩ·

2221 5495 2522 5552 pressaque
2553 5473 2772 5552 unius,_
2801 5493 2866 5532 ac
2913 5477 3151 5532 duorum
3196 5491 3328 5552 voce
3379 5473 3772 5552 tyrannumtn:

2223 5538 2476 5612 duxisse,
2536 5560 2594 5604 ut
2648 5538 2879 5618 et'ipse
2939 5562 3125 5618 veram
3154 5616 3161 5618 ξ
3191 5545 3366 5618 fidem
3403 5538 3771 5618 conﬁtere}ny

2219 5607 2525 5691 perfectum
2551 5607 2809 5691 nimirum
2837 5617 3120 5691 Christum
3151 5616 3210 5671 in
3256 5616 3446 5691 divina
3467 5618 3521 5665 et
3551 5607 3771 5691 lingit?

2222 5682 2438 5746 natura.
2477 5687 2661 5745 Videri
2702 5695 2883 5758 potest
2935 5687 3264 5758 praeclarum
3309 5687 3415 5741 hoc
3471 5682 3764 5758 ηξοηιιιρξξξξ

2222 5734 2438 5825 ista";
2485 5734 2661 5814 ἣὸίιῖἶ
2695 5734 3136 5813 ἔᾜῖἆίαἷξῖέἝ
3147 5734 3375 5812 "siina;
3391 5734 3406 5738 ’
3424 5750 3552 5825 (ιοόζ
3587 5734 3768 5813 ρτσάι¹⁴

2222 5816 2394 5896 ctum,
2427 5829 2564 5886 nihil
2593 5844 2726 5888 sane
2758 5831 2886 5901 περὶ
2915 5827 3129 5892 νοθείας
3165 5835 3497 5900 suspectum.
3537 5816 3607 5872 In.
