  <div class='ocr_page' id='page_1' title='image "/cluster/home/n/w/nwhite01/storage/ocr_20150623/108/coo.31924054870120/374.png"; bbox 0 0 4046 6438; ppageno 0'>
   <div class='ocr_carea' id='block_1_1' title="bbox 288 397 2234 465">
    <p class='ocr_par' dir='ltr' id='par_1_1' title="bbox 288 397 2234 465">
     <span class='ocr_line' id='line_1_1' title="bbox 288 397 2234 465; baseline 0.003 -5"><span class='ocrx_word' id='word_1_1' title='bbox 288 397 385 461; x_wconf 81' lang='lat'><strong>737</strong></span> <span class='ocrx_word' id='word_1_2' title='bbox 1557 401 2234 465; x_wconf 70' lang='lat' dir='ltr'><strong>CHRONOGRAPl-IIA.</strong></span> 
     </span>
    </p>
   </div>
   <div class='ocr_carea' id='block_1_2' title="bbox 285 509 1877 588">
    <p class='ocr_par' dir='ltr' id='par_1_2' title="bbox 285 509 1869 582">
     <span class='ocr_line' id='line_1_2' title="bbox 285 509 1869 582; baseline -0.002 -16"><span class='ocrx_word' id='word_1_3' title='bbox 285 509 661 574; x_wconf 73' lang='grc' dir='ltr'>Κυζίκου,καὶ</span> <span class='ocrx_word' id='word_1_4' title='bbox 678 510 1090 581; x_wconf 81' lang='grc' dir='ltr'>πατριαρχῆσαι</span> <span class='ocrx_word' id='word_1_5' title='bbox 1121 511 1745 576; x_wconf 71' lang='grc' dir='ltr'>Κωνσταντινουπὸλεως</span> <span class='ocrx_word' id='word_1_6' title='bbox 1775 511 1869 582; x_wconf 79' lang='grc' dir='ltr'>ἐτη</span> 
     </span>
    </p>
   </div>
   <div class='ocr_carea' id='block_1_3' title="bbox 1983 509 3560 588">
    <p class='ocr_par' dir='ltr' id='par_1_3' title="bbox 1983 515 3560 588">
     <span class='ocr_line' id='line_1_3' title="bbox 1983 515 3560 588; baseline 0.006 -19"><span class='ocrx_word' id='word_1_7' title='bbox 1983 516 2222 571; x_wconf 82' lang='lat' dir='ltr'><strong>Andreas</strong></span> <span class='ocrx_word' id='word_1_8' title='bbox 2271 526 2452 572; x_wconf 89' lang='lat' dir='ltr'><strong>autem</strong></span> <span class='ocrx_word' id='word_1_9' title='bbox 2505 515 2681 572; x_wconf 73' lang='lat' dir='ltr'><strong>Cretae</strong></span> <span class='ocrx_word' id='word_1_10' title='bbox 2740 517 3085 588; x_wconf 87' lang='lat' dir='ltr'><strong>metropolita</strong></span> <span class='ocrx_word' id='word_1_11' title='bbox 3141 527 3198 574; x_wconf 90' lang='lat' dir='ltr'><strong>et</strong></span> <span class='ocrx_word' id='word_1_12' title='bbox 3248 518 3560 578; x_wconf 84' lang='lat' dir='ltr'><strong>Germanus</strong></span> 
     </span>
    </p>
   </div>
   <div class='ocr_carea' id='block_1_4' title="bbox 278 600 1877 680">
    <p class='ocr_par' dir='ltr' id='par_1_4' title="bbox 278 600 1873 673">
     <span class='ocr_line' id='line_1_4' title="bbox 278 600 1873 673; baseline -0.001 -18"><span class='ocrx_word' id='word_1_13' title='bbox 278 602 599 666; x_wconf 75' lang='grc' dir='ltr'>δεκαπέντε,</span> <span class='ocrx_word' id='word_1_14' title='bbox 638 603 733 655; x_wconf 81' lang='grc' dir='ltr'>καὶ</span> <span class='ocrx_word' id='word_1_15' title='bbox 758 602 836 673; x_wconf 83' lang='grc' dir='ltr'><strong>τῷ</strong></span> <span class='ocrx_word' id='word_1_16' title='bbox 871 600 940 671; x_wconf 85' lang='grc' dir='ltr'>ιγ’</span> <span class='ocrx_word' id='word_1_17' title='bbox 980 603 1091 655; x_wconf 76' lang='grc' dir='ltr'>ἔτει</span> <span class='ocrx_word' id='word_1_18' title='bbox 1125 603 1166 633; x_wconf 81' lang='grc'><strong>’⁸</strong></span> <span class='ocrx_word' id='word_1_19' title='bbox 1192 603 1290 672; x_wconf 85' lang='grc' dir='ltr'>τῆς</span> <span class='ocrx_word' id='word_1_20' title='bbox 1336 601 1611 672; x_wconf 77' lang='grc' dir='ltr'>βασιλείας</span> <span class='ocrx_word' id='word_1_21' title='bbox 1641 604 1873 666; x_wconf 82' lang='grc' dir='ltr'>Λέοντος</span> 
     </span>
    </p>
   </div>
   <div class='ocr_carea' id='block_1_5' title="bbox 1983 600 3561 680">
    <p class='ocr_par' dir='ltr' id='par_1_5' title="bbox 1983 607 3561 680">
     <span class='ocr_line' id='line_1_5' title="bbox 1983 607 3561 680; baseline 0.002 -17"><span class='ocrx_word' id='word_1_22' title='bbox 1983 607 2161 680; x_wconf 84' lang='lat' dir='ltr'><strong>Cyzici</strong></span> <span class='ocrx_word' id='word_1_23' title='bbox 2208 611 2416 679; x_wconf 89' lang='lat' dir='ltr'><strong>pariter</strong></span> <span class='ocrx_word' id='word_1_24' title='bbox 2452 611 2804 680; x_wconf 87' lang='lat' dir='ltr'><strong>metropolita</strong></span> <span class='ocrx_word' id='word_1_25' title='bbox 2833 611 3028 665; x_wconf 89' lang='lat' dir='ltr'><strong>insano</strong></span> <span class='ocrx_word' id='word_1_26' title='bbox 3063 611 3138 666; x_wconf 71' lang='lat' dir='ltr'><strong>illi</strong></span> <span class='ocrx_word' id='word_1_27' title='bbox 3175 614 3413 668; x_wconf 91' lang='lat' dir='ltr'><strong>concilio</strong></span> <span class='ocrx_word' id='word_1_28' title='bbox 3441 629 3561 666; x_wconf 86' lang='lat' dir='ltr'><strong>ma-</strong></span> 
     </span>
    </p>
   </div>
   <div class='ocr_carea' id='block_1_6' title="bbox 279 691 1877 772">
    <p class='ocr_par' dir='ltr' id='par_1_6' title="bbox 279 691 1868 761">
     <span class='ocr_line' id='line_1_6' title="bbox 279 691 1868 761; baseline 0 -17"><span class='ocrx_word' id='word_1_29' title='bbox 279 691 625 761; x_wconf 79' lang='grc' dir='ltr'>ὲξορισθῆναι</span> <span class='ocrx_word' id='word_1_30' title='bbox 661 691 724 758; x_wconf 77' lang='grc'><strong>¹⁹,</strong></span> <span class='ocrx_word' id='word_1_31' title='bbox 771 691 869 745; x_wconf 72' lang='grc' dir='ltr'><strong>καὶ</strong></span> <span class='ocrx_word' id='word_1_32' title='bbox 901 692 1156 761; x_wconf 85' lang='grc' dir='ltr'>γενέσθαι</span> <span class='ocrx_word' id='word_1_33' title='bbox 1200 693 1573 755; x_wconf 81' lang='grc' dir='ltr'>Ἀναστάσιον,</span> <span class='ocrx_word' id='word_1_34' title='bbox 1612 693 1709 744; x_wconf 75' lang='grc' dir='ltr'>καὶ</span> <span class='ocrx_word' id='word_1_35' title='bbox 1760 710 1868 744; x_wconf 81' lang='grc' dir='ltr'>πα-</span> 
     </span>
    </p>
   </div>
   <div class='ocr_carea' id='block_1_7' title="bbox 1983 691 3560 772">
    <p class='ocr_par' dir='ltr' id='par_1_7' title="bbox 1983 700 3560 772">
     <span class='ocr_line' id='line_1_7' title="bbox 1983 700 3560 772; baseline 0.001 -19"><span class='ocrx_word' id='word_1_36' title='bbox 1983 700 2181 753; x_wconf 75' lang='lat' dir='ltr'><strong>nil‘esto</strong></span> <span class='ocrx_word' id='word_1_37' title='bbox 2239 700 2695 769; x_wconf 88' lang='lat' dir='ltr'><strong>suhscripserint,</strong></span> <span class='ocrx_word' id='word_1_38' title='bbox 2753 710 2808 756; x_wconf 91' lang='lat' dir='ltr'><strong>et</strong></span> <span class='ocrx_word' id='word_1_39' title='bbox 2839 715 2965 754; x_wconf 91' lang='lat' dir='ltr'><strong>cum</strong></span> <span class='ocrx_word' id='word_1_40' title='bbox 3020 701 3280 758; x_wconf 88' lang='lat' dir='ltr'><strong>omnibus</strong></span> <span class='ocrx_word' id='word_1_41' title='bbox 3310 703 3560 772; x_wconf 84' lang='lat' dir='ltr'><strong>ejusdem</strong></span> 
     </span>
    </p>
   </div>
   <div class='ocr_carea' id='block_1_8' title="bbox 277 781 1877 856">
    <p class='ocr_par' dir='ltr' id='par_1_8' title="bbox 277 781 1865 852">
     <span class='ocr_line' id='line_1_8' title="bbox 277 781 1865 852; baseline 0.003 -21"><span class='ocrx_word' id='word_1_42' title='bbox 277 781 609 851; x_wconf 81' lang='grc' dir='ltr'>τριαρχῆσαι</span> <span class='ocrx_word' id='word_1_43' title='bbox 638 781 730 850; x_wconf 80' lang='grc' dir='ltr'><strong>ἔτη</strong></span> <span class='ocrx_word' id='word_1_44' title='bbox 755 782 833 834; x_wconf 86' lang='grc' dir='ltr'>κδ’</span> <span class='ocrx_word' id='word_1_45' title='bbox 852 798 866 812; x_wconf 89' lang='grc'><strong>·</strong></span> <span class='ocrx_word' id='word_1_46' title='bbox 892 783 987 836; x_wconf 76' lang='grc' dir='ltr'>καὶ</span> <span class='ocrx_word' id='word_1_47' title='bbox 1013 785 1130 852; x_wconf 78' lang='grc' dir='ltr'>μετ’</span> <span class='ocrx_word' id='word_1_48' title='bbox 1147 783 1309 836; x_wconf 77' lang='grc' dir='ltr'>αὑτὸν</span> <span class='ocrx_word' id='word_1_49' title='bbox 1334 783 1746 836; x_wconf 87' lang='grc' dir='ltr'>Κωνσταντίνον</span> <span class='ocrx_word' id='word_1_50' title='bbox 1769 784 1865 852; x_wconf 77' lang='grc' dir='ltr'>ἔτη</span> 
     </span>
    </p>
   </div>
   <div class='ocr_carea' id='block_1_9' title="bbox 1983 781 3563 856">
    <p class='ocr_par' dir='ltr' id='par_1_9' title="bbox 1983 786 3563 856">
     <span class='ocr_line' id='line_1_9' title="bbox 1983 786 3563 856; baseline 0.004 -16"><span class='ocrx_word' id='word_1_51' title='bbox 1983 786 2152 840; x_wconf 60' lang='lat' dir='ltr'><strong>artatis</strong></span> <span class='ocrx_word' id='word_1_52' title='bbox 2177 787 2451 856; x_wconf 78' lang='lat' dir='ltr'><strong>episcopis</strong></span> <span class='ocrx_word' id='word_1_53' title='bbox 2494 787 2828 842; x_wconf 87' lang='lat' dir='ltr'><strong>celebratum</strong></span> <span class='ocrx_word' id='word_1_54' title='bbox 2867 789 3139 845; x_wconf 85' lang='lat' dir='ltr'><strong>adversus</strong></span> <span class='ocrx_word' id='word_1_55' title='bbox 3173 791 3563 847; x_wconf 81' lang='lat' dir='ltr'><strong>monothelitas</strong></span> 
     </span>
    </p>
   </div>
   <div class='ocr_carea' id='block_1_10' title="bbox 277 872 1877 949">
    <p class='ocr_par' dir='ltr' id='par_1_10' title="bbox 277 872 1869 945">
     <span class='ocr_line' id='line_1_10' title="bbox 277 872 1869 945; baseline 0.001 -20"><span class='ocrx_word' id='word_1_56' title='bbox 277 872 504 938; x_wconf 82' lang='grc' dir='ltr'>δώδεκα,</span> <span class='ocrx_word' id='word_1_57' title='bbox 545 875 642 928; x_wconf 75' lang='grc' dir='ltr'><strong>καὶ</strong></span> <span class='ocrx_word' id='word_1_58' title='bbox 669 875 919 945; x_wconf 83' lang='grc' dir='ltr'>Νικήταν</span> <span class='ocrx_word' id='word_1_59' title='bbox 961 874 1480 945; x_wconf 78' lang='grc' dir='ltr'><strong>τεσσαρεσκαίδεκα,</strong></span> <span class='ocrx_word' id='word_1_60' title='bbox 1512 875 1605 928; x_wconf 78' lang='grc' dir='ltr'>καὶ</span> <span class='ocrx_word' id='word_1_61' title='bbox 1655 873 1869 928; x_wconf 80' lang='grc' dir='ltr'>Παῦλον</span> 
     </span>
    </p>
   </div>
   <div class='ocr_carea' id='block_1_11' title="bbox 1983 872 3565 949">
    <p class='ocr_par' dir='ltr' id='par_1_11' title="bbox 1983 878 3565 949">
     <span class='ocr_line' id='line_1_11' title="bbox 1983 878 3565 949; baseline 0.005 -18"><span class='ocrx_word' id='word_1_62' title='bbox 1983 878 2206 949; x_wconf 61' lang='lat' dir='ltr'><strong>praefato</strong></span> <span class='ocrx_word' id='word_1_63' title='bbox 2236 895 2389 935; x_wconf 86' lang='lat' dir='ltr'><strong>more</strong></span> <span class='ocrx_word' id='word_1_64' title='bbox 2451 889 2702 935; x_wconf 90' lang='lat' dir='ltr'><strong>sanctum</strong></span> <span class='ocrx_word' id='word_1_65' title='bbox 2737 889 2954 937; x_wconf 77' lang='lat' dir='ltr'><strong>sextum</strong></span> <span class='ocrx_word' id='word_1_66' title='bbox 3007 883 3308 938; x_wconf 73' lang='lat' dir='ltr'><strong>concilium</strong></span> <span class='ocrx_word' id='word_1_67' title='bbox 3338 885 3565 939; x_wconf 86' lang='lat' dir='ltr'><strong>anathe-</strong></span> 
     </span>
    </p>
   </div>
   <div class='ocr_carea' id='block_1_12' title="bbox 279 963 1877 1042">
    <p class='ocr_par' dir='ltr' id='par_1_12' title="bbox 279 963 1877 1037">
     <span class='ocr_line' id='line_1_12' title="bbox 279 963 1877 1037; baseline 0.001 -21"><span class='ocrx_word' id='word_1_68' title='bbox 279 964 467 1027; x_wconf 85' lang='grc' dir='ltr'>πέντε,</span> <span class='ocrx_word' id='word_1_69' title='bbox 490 968 586 1018; x_wconf 82' lang='grc' dir='ltr'><strong>καὶ</strong></span> <span class='ocrx_word' id='word_1_70' title='bbox 613 966 887 1036; x_wconf 87' lang='grc' dir='ltr'>Ταράσιον</span> <span class='ocrx_word' id='word_1_71' title='bbox 915 973 1024 1033; x_wconf 84' lang='grc' dir='ltr'>κα¹,</span> <span class='ocrx_word' id='word_1_72' title='bbox 1058 966 1155 1020; x_wconf 76' lang='grc' dir='ltr'><strong>καὶ</strong></span> <span class='ocrx_word' id='word_1_73' title='bbox 1199 967 1516 1036; x_wconf 77' lang='grc' dir='ltr'><strong>Νικηφόρον</strong></span> <span class='ocrx_word' id='word_1_74' title='bbox 1538 963 1588 1034; x_wconf 83' lang='grc' dir='ltr'>η’</span> <span class='ocrx_word' id='word_1_75' title='bbox 1612 965 1750 1037; x_wconf 78' lang='lat'><strong>(36),</strong></span> <span class='ocrx_word' id='word_1_76' title='bbox 1781 965 1877 1019; x_wconf 75' lang='grc' dir='ltr'><strong>καὶ</strong></span> 
     </span>
    </p>
   </div>
   <div class='ocr_carea' id='block_1_13' title="bbox 1983 963 3564 1042">
    <p class='ocr_par' dir='ltr' id='par_1_13' title="bbox 1983 973 3564 1042">
     <span class='ocr_line' id='line_1_13' title="bbox 1983 973 3564 1042; baseline 0.003 -19"><span class='ocrx_word' id='word_1_77' title='bbox 1983 982 2124 1026; x_wconf 85' lang='lat' dir='ltr'><strong>male</strong></span> <span class='ocrx_word' id='word_1_78' title='bbox 2145 973 2611 1041; x_wconf 86' lang='lat' dir='ltr'><strong>proscripserint;</strong></span> <span class='ocrx_word' id='word_1_79' title='bbox 2648 981 2773 1042; x_wconf 87' lang='lat' dir='ltr'><strong>post</strong></span> <span class='ocrx_word' id='word_1_80' title='bbox 2805 989 2980 1030; x_wconf 88' lang='lat' dir='ltr'><strong>annos</strong></span> <span class='ocrx_word' id='word_1_81' title='bbox 3034 983 3148 1030; x_wconf 90' lang='lat' dir='ltr'><strong>tres</strong></span> <span class='ocrx_word' id='word_1_82' title='bbox 3180 991 3312 1031; x_wconf 90' lang='lat' dir='ltr'><strong>vero</strong></span> <span class='ocrx_word' id='word_1_83' title='bbox 3343 984 3564 1030; x_wconf 84' lang='lat' dir='ltr'><strong>mortuo</strong></span> 
     </span>
    </p>
   </div>
   <div class='ocr_carea' id='block_1_14' title="bbox 246 1056 1877 1138">
    <p class='ocr_par' dir='ltr' id='par_1_14' title="bbox 246 1056 1877 1127">
     <span class='ocr_line' id='line_1_14' title="bbox 246 1056 1877 1127; baseline 0.001 -19"><span class='ocrx_word' id='word_1_84' title='bbox 246 1106 250 1108; x_wconf 85' lang='lat'><strong>.</strong></span> <span class='ocrx_word' id='word_1_85' title='bbox 279 1056 536 1110; x_wconf 85' lang='grc' dir='ltr'><strong>Θεόδοτον</strong></span> <span class='ocrx_word' id='word_1_86' title='bbox 575 1063 651 1121; x_wconf 84' lang='grc' dir='ltr'><strong>ς’,</strong></span> <span class='ocrx_word' id='word_1_87' title='bbox 685 1059 781 1111; x_wconf 77' lang='grc' dir='ltr'><strong>καὶ</strong></span> <span class='ocrx_word' id='word_1_88' title='bbox 810 1057 1095 1111; x_wconf 82' lang='grc' dir='ltr'>Ἀντώνιον</span> <span class='ocrx_word' id='word_1_89' title='bbox 1133 1064 1232 1122; x_wconf 82' lang='grc' dir='ltr'>ις’,</span> <span class='ocrx_word' id='word_1_90' title='bbox 1261 1059 1356 1110; x_wconf 75' lang='grc' dir='ltr'>καὶ</span> <span class='ocrx_word' id='word_1_91' title='bbox 1391 1057 1645 1127; x_wconf 80' lang='grc' dir='ltr'><strong>Ἰωάννην</strong></span> <span class='ocrx_word' id='word_1_92' title='bbox 1679 1057 1770 1109; x_wconf 76' lang='grc' dir='ltr'><strong>τὸν</strong></span> <span class='ocrx_word' id='word_1_93' title='bbox 1790 1057 1877 1110; x_wconf 85' lang='grc' dir='ltr'>λε-</span> 
     </span>
    </p>
   </div>
   <div class='ocr_carea' id='block_1_15' title="bbox 1983 1056 3562 1138">
    <p class='ocr_par' dir='ltr' id='par_1_15' title="bbox 1983 1058 3562 1138">
     <span class='ocr_line' id='line_1_15' title="bbox 1983 1058 3562 1138; baseline 0.006 -26"><span class='ocrx_word' id='word_1_94' title='bbox 1983 1058 2207 1126; x_wconf 78' lang='lat' dir='ltr'><strong>Ioanne,</strong></span> <span class='ocrx_word' id='word_1_95' title='bbox 2265 1061 2572 1117; x_wconf 84' lang='lat' dir='ltr'><strong>Germanus</strong></span> <span class='ocrx_word' id='word_1_96' title='bbox 2618 1064 2818 1134; x_wconf 82' lang='lat' dir='ltr'><strong>Cyzico</strong></span> <span class='ocrx_word' id='word_1_97' title='bbox 2873 1067 3181 1124; x_wconf 89' lang='lat' dir='ltr'><strong>translatus</strong></span> <span class='ocrx_word' id='word_1_98' title='bbox 3223 1069 3297 1123; x_wconf 85' lang='lat' dir='ltr'><strong>sit</strong></span> <span class='ocrx_word' id='word_1_99' title='bbox 3346 1067 3562 1138; x_wconf 89' lang='lat' dir='ltr'><strong>Cpolim</strong></span> 
     </span>
    </p>
   </div>
   <div class='ocr_carea' id='block_1_16' title="bbox 279 1149 1877 1228">
    <p class='ocr_par' dir='ltr' id='par_1_16' title="bbox 279 1149 1368 1222">
     <span class='ocr_line' id='line_1_16' title="bbox 279 1149 1368 1222; baseline 0 -19"><span class='ocrx_word' id='word_1_100' title='bbox 279 1150 616 1220; x_wconf 85' lang='grc' dir='ltr'>κανόμαντιν</span> <span class='ocrx_word' id='word_1_101' title='bbox 645 1151 691 1182; x_wconf 74' lang='grc' dir='ltr'><strong>³ο</strong></span> <span class='ocrx_word' id='word_1_102' title='bbox 717 1151 811 1222; x_wconf 79' lang='grc' dir='ltr'><strong>ἔτη</strong></span> <span class='ocrx_word' id='word_1_103' title='bbox 850 1157 904 1214; x_wconf 84' lang='grc' dir='ltr'><strong>ς’</strong></span> <span class='ocrx_word' id='word_1_104' title='bbox 934 1152 1028 1204; x_wconf 78' lang='grc' dir='ltr'><strong>καὶ</strong></span> <span class='ocrx_word' id='word_1_105' title='bbox 1059 1151 1206 1222; x_wconf 83' lang='grc' dir='ltr'>μῆνα</span> <span class='ocrx_word' id='word_1_106' title='bbox 1228 1149 1276 1204; x_wconf 87' lang='grc' dir='ltr'>α’</span> <span class='ocrx_word' id='word_1_107' title='bbox 1300 1151 1368 1204; x_wconf 69' lang='grc'><strong>’³.</strong></span> 
     </span>
    </p>
   </div>
   <div class='ocr_carea' id='block_1_17' title="bbox 1983 1149 3564 1228">
    <p class='ocr_par' dir='ltr' id='par_1_17' title="bbox 1983 1151 3564 1228">
     <span class='ocr_line' id='line_1_17' title="bbox 1983 1151 3564 1228; baseline 0.006 -25"><span class='ocrx_word' id='word_1_108' title='bbox 1983 1158 2029 1204; x_wconf 81' lang='lat' dir='ltr'><strong>et</strong></span> <span class='ocrx_word' id='word_1_109' title='bbox 2086 1151 2524 1221; x_wconf 86' lang='lat' dir='ltr'><strong>patriarchatum</strong></span> <span class='ocrx_word' id='word_1_110' title='bbox 2589 1156 2828 1209; x_wconf 89' lang='lat' dir='ltr'><strong>tenuerit</strong></span> <span class='ocrx_word' id='word_1_111' title='bbox 2861 1172 3037 1212; x_wconf 86' lang='lat' dir='ltr'><strong>annos</strong></span> <span class='ocrx_word' id='word_1_112' title='bbox 3089 1158 3430 1228; x_wconf 92' lang='lat' dir='ltr'><strong>quindecim,</strong></span> <span class='ocrx_word' id='word_1_113' title='bbox 3466 1172 3564 1214; x_wconf 75' lang='lat' dir='ltr'><strong>eo-</strong></span> 
     </span>
    </p>
   </div>
   <div class='ocr_carea' id='block_1_18' title="bbox 277 1242 3563 1314">
    <p class='ocr_par' dir='ltr' id='par_1_18' title="bbox 277 1242 3563 1314">
     <span class='ocr_line' id='line_1_18' title="bbox 277 1242 3563 1314; baseline 0.003 -15"><span class='ocrx_word' id='word_1_114' title='bbox 277 1245 514 1313; x_wconf 86' lang='lat' dir='ltr'><strong>demque</strong></span> <span class='ocrx_word' id='word_1_115' title='bbox 575 1243 678 1298; x_wconf 88' lang='lat' dir='ltr'><strong>sub</strong></span> <span class='ocrx_word' id='word_1_116' title='bbox 707 1244 1052 1313; x_wconf 88' lang='lat' dir='ltr'><strong>imperatoris</strong></span> <span class='ocrx_word' id='word_1_117' title='bbox 1103 1242 1306 1298; x_wconf 86' lang='lat' dir='ltr'><strong>Leonis</strong></span> <span class='ocrx_word' id='word_1_118' title='bbox 1351 1258 1556 1296; x_wconf 89' lang='lat' dir='ltr'><strong>annum</strong></span> <span class='ocrx_word' id='word_1_119' title='bbox 1586 1243 1858 1299; x_wconf 89' lang='lat' dir='ltr'><strong>decimum</strong></span> <span class='ocrx_word' id='word_1_120' title='bbox 1899 1244 2124 1298; x_wconf 89' lang='lat' dir='ltr'><strong>tertium</strong></span> <span class='ocrx_word' id='word_1_121' title='bbox 2187 1245 2314 1299; x_wconf 88' lang='lat' dir='ltr'><strong>sede</strong></span> <span class='ocrx_word' id='word_1_122' title='bbox 2365 1246 2546 1314; x_wconf 87' lang='lat' dir='ltr'><strong>pulso,</strong></span> <span class='ocrx_word' id='word_1_123' title='bbox 2584 1247 2910 1303; x_wconf 75' lang='lat' dir='ltr'><strong>Anastasius</strong></span> <span class='ocrx_word' id='word_1_124' title='bbox 2992 1250 3158 1304; x_wconf 83' lang='lat' dir='ltr'><strong>fuerit</strong></span> <span class='ocrx_word' id='word_1_125' title='bbox 3248 1251 3563 1309; x_wconf 62' lang='lat' dir='ltr'><strong>institutus:</strong></span> 
     </span>
    </p>
   </div>
   <div class='ocr_carea' id='block_1_19' title="bbox 277 1339 3562 1413">
    <p class='ocr_par' dir='ltr' id='par_1_19' title="bbox 277 1339 3562 1413">
     <span class='ocr_line' id='line_1_19' title="bbox 277 1339 3562 1413; baseline 0.003 -19"><span class='ocrx_word' id='word_1_126' title='bbox 277 1349 326 1394; x_wconf 88' lang='lat' dir='ltr'><strong>et</strong></span> <span class='ocrx_word' id='word_1_127' title='bbox 352 1353 534 1392; x_wconf 90' lang='lat' dir='ltr'><strong>annos</strong></span> <span class='ocrx_word' id='word_1_128' title='bbox 568 1339 756 1408; x_wconf 81' lang='lat' dir='ltr'><strong>viginti</strong></span> <span class='ocrx_word' id='word_1_129' title='bbox 773 1348 1013 1410; x_wconf 91' lang='lat' dir='ltr'><strong>quatuor</strong></span> <span class='ocrx_word' id='word_1_130' title='bbox 1044 1339 1098 1393; x_wconf 90' lang='lat' dir='ltr'><strong>in</strong></span> <span class='ocrx_word' id='word_1_131' title='bbox 1137 1340 1514 1408; x_wconf 86' lang='lat' dir='ltr'><strong>patriarchatu</strong></span> <span class='ocrx_word' id='word_1_132' title='bbox 1566 1340 1940 1394; x_wconf 76' lang='lat' dir='ltr'><strong>numeraverit</strong></span> <span class='ocrx_word' id='word_1_133' title='bbox 1981 1357 1995 1392; x_wconf 89' lang='lat'>:</span> <span class='ocrx_word' id='word_1_134' title='bbox 2039 1341 2185 1394; x_wconf 90' lang='lat' dir='ltr'><strong>hunc</strong></span> <span class='ocrx_word' id='word_1_135' title='bbox 2230 1341 2630 1396; x_wconf 82' lang='lat' dir='ltr'><strong>Constantinus</strong></span> <span class='ocrx_word' id='word_1_136' title='bbox 2686 1345 2962 1413; x_wconf 77' lang='lat' dir='ltr'><strong>exceperit</strong></span> <span class='ocrx_word' id='word_1_137' title='bbox 3024 1361 3198 1401; x_wconf 89' lang='lat' dir='ltr'><strong>annos</strong></span> <span class='ocrx_word' id='word_1_138' title='bbox 3249 1349 3562 1403; x_wconf 72' lang='lat' dir='ltr'><strong>duodecim.</strong></span> 
     </span>
    </p>
   </div>
   <div class='ocr_carea' id='block_1_20' title="bbox 275 1429 3568 1507">
    <p class='ocr_par' dir='ltr' id='par_1_20' title="bbox 275 1429 3568 1507">
     <span class='ocr_line' id='line_1_20' title="bbox 275 1429 3568 1507; baseline 0.003 -21"><span class='ocrx_word' id='word_1_139' title='bbox 275 1431 473 1486; x_wconf 91' lang='lat' dir='ltr'><strong>deinde</strong></span> <span class='ocrx_word' id='word_1_140' title='bbox 501 1429 722 1484; x_wconf 83' lang='lat' dir='ltr'><strong>Nicetas</strong></span> <span class='ocrx_word' id='word_1_141' title='bbox 738 1429 1175 1499; x_wconf 88' lang='lat' dir='ltr'><strong>quatuordecim,</strong></span> <span class='ocrx_word' id='word_1_142' title='bbox 1192 1446 1314 1484; x_wconf 84' lang='lat' dir='ltr'><strong>mox</strong></span> <span class='ocrx_word' id='word_1_143' title='bbox 1337 1429 1541 1486; x_wconf 84' lang='lat' dir='ltr'><strong>Paulus</strong></span> <span class='ocrx_word' id='word_1_144' title='bbox 1565 1431 1835 1500; x_wconf 84' lang='lat' dir='ltr'><strong>quinque,</strong></span> <span class='ocrx_word' id='word_1_145' title='bbox 1867 1442 1981 1486; x_wconf 89' lang='lat' dir='ltr'><strong>tum</strong></span> <span class='ocrx_word' id='word_1_146' title='bbox 2005 1430 2270 1488; x_wconf 83' lang='lat' dir='ltr'><strong>Tarasius</strong></span> <span class='ocrx_word' id='word_1_147' title='bbox 2291 1449 2459 1488; x_wconf 90' lang='lat' dir='ltr'><strong>unum</strong></span> <span class='ocrx_word' id='word_1_148' title='bbox 2485 1443 2539 1489; x_wconf 91' lang='lat' dir='ltr'><strong>et</strong></span> <span class='ocrx_word' id='word_1_149' title='bbox 2569 1436 2786 1504; x_wconf 79' lang='lat' dir='ltr'><strong>viginti,</strong></span> <span class='ocrx_word' id='word_1_150' title='bbox 2810 1436 3145 1505; x_wconf 78' lang='lat' dir='ltr'><strong>Nicephorus</strong></span> <span class='ocrx_word' id='word_1_151' title='bbox 3162 1448 3306 1507; x_wconf 86' lang='lat' dir='ltr'><strong>octo,</strong></span> <span class='ocrx_word' id='word_1_152' title='bbox 3325 1439 3568 1497; x_wconf 62' lang='lat' dir='ltr'><strong>Theodoo</strong></span> 
     </span>
    </p>
   </div>
   <div class='ocr_carea' id='block_1_21' title="bbox 275 1523 3006 1594">
    <p class='ocr_par' dir='ltr' id='par_1_21' title="bbox 275 1523 3006 1594">
     <span class='ocr_line' id='line_1_21' title="bbox 275 1523 3006 1594; baseline 0.001 -14"><span class='ocrx_word' id='word_1_153' title='bbox 275 1537 361 1581; x_wconf 87' lang='lat' dir='ltr'><strong>tus</strong></span> <span class='ocrx_word' id='word_1_154' title='bbox 392 1540 516 1587; x_wconf 79' lang='lat' dir='ltr'><strong>sex,</strong></span> <span class='ocrx_word' id='word_1_155' title='bbox 546 1525 821 1578; x_wconf 82' lang='lat' dir='ltr'><strong>Antonius</strong></span> <span class='ocrx_word' id='word_1_156' title='bbox 843 1525 1144 1590; x_wconf 81' lang='lat' dir='ltr'><strong>sexdecim,</strong></span> <span class='ocrx_word' id='word_1_157' title='bbox 1175 1525 1412 1594; x_wconf 88' lang='lat' dir='ltr'><strong>denique</strong></span> <span class='ocrx_word' id='word_1_158' title='bbox 1432 1523 1674 1580; x_wconf 81' lang='lat' dir='ltr'><strong>Joannes</strong></span> <span class='ocrx_word' id='word_1_159' title='bbox 1699 1527 2104 1580; x_wconf 86' lang='lat' dir='ltr'><strong>lecanomantes</strong></span> <span class='ocrx_word' id='word_1_160' title='bbox 2132 1541 2308 1580; x_wconf 88' lang='lat' dir='ltr'><strong>annos</strong></span> <span class='ocrx_word' id='word_1_161' title='bbox 2343 1543 2434 1582; x_wconf 82' lang='lat' dir='ltr'><strong>sex</strong></span> <span class='ocrx_word' id='word_1_162' title='bbox 2462 1536 2516 1582; x_wconf 90' lang='lat' dir='ltr'><strong>et</strong></span> <span class='ocrx_word' id='word_1_163' title='bbox 2542 1543 2786 1582; x_wconf 86' lang='lat' dir='ltr'><strong>mensem</strong></span> <span class='ocrx_word' id='word_1_164' title='bbox 2814 1545 3006 1585; x_wconf 90' lang='lat' dir='ltr'><strong>unum.</strong></span> 
     </span>
    </p>
   </div>
   <div class='ocr_carea' id='block_1_22' title="bbox 341 1613 1877 1692">
    <p class='ocr_par' dir='ltr' id='par_1_22' title="bbox 341 1613 1864 1682">
     <span class='ocr_line' id='line_1_22' title="bbox 341 1613 1864 1682; baseline -0.001 -12"><span class='ocrx_word' id='word_1_165' title='bbox 341 1619 410 1670; x_wconf 82' lang='grc' dir='ltr'><strong>Δ.</strong></span> <span class='ocrx_word' id='word_1_166' title='bbox 445 1617 526 1670; x_wconf 83' lang='grc' dir='ltr'><strong>Μ.</strong></span> <span class='ocrx_word' id='word_1_167' title='bbox 559 1613 720 1669; x_wconf 71' lang='grc'><strong>6178.</strong></span> <span class='ocrx_word' id='word_1_168' title='bbox 758 1645 830 1656; x_wconf 90' lang='lat'><strong>—</strong></span> <span class='ocrx_word' id='word_1_169' title='bbox 875 1615 1314 1669; x_wconf 81' lang='grc' dir='ltr'>’Ῑουστινιανοῡ</span> <span class='ocrx_word' id='word_1_170' title='bbox 1359 1615 1668 1682; x_wconf 70' lang='grc' dir='ltr'>,ϐασιλέως</span> <span class='ocrx_word' id='word_1_171' title='bbox 1727 1616 1864 1670; x_wconf 81' lang='grc' dir='ltr'><strong>Ῥω-</strong></span> 
     </span>
    </p>
   </div>
   <div class='ocr_carea' id='block_1_23' title="bbox 1983 1613 3570 1692">
    <p class='ocr_par' dir='ltr' id='par_1_23' title="bbox 2042 1617 3570 1692">
     <span class='ocr_line' id='line_1_23' title="bbox 2042 1617 3570 1692; baseline 0.006 -21"><span class='ocrx_word' id='word_1_172' title='bbox 2042 1618 2109 1672; x_wconf 85' lang='grc' dir='ltr'><strong>Α.</strong></span> <span class='ocrx_word' id='word_1_173' title='bbox 2134 1617 2196 1671; x_wconf 74' lang='grc' dir='ltr'>ε.</span> <span class='ocrx_word' id='word_1_174' title='bbox 2231 1618 2432 1674; x_wconf 85' lang='grc'><strong>678.--</strong></span> <span class='ocrx_word' id='word_1_175' title='bbox 2455 1619 2816 1673; x_wconf 80' lang='lat' dir='ltr'><strong>Romanorum</strong></span> <span class='ocrx_word' id='word_1_176' title='bbox 2868 1619 3209 1692; x_wconf 65' lang='lat' dir='ltr'><strong>imperatoris</strong></span> <span class='ocrx_word' id='word_1_177' title='bbox 3266 1623 3570 1680; x_wconf 72' lang='lat' dir='ltr'><strong>Iustiniani</strong></span> 
     </span>
    </p>
   </div>
   <div class='ocr_carea' id='block_1_24' title="bbox 266 1694 1877 1781">
    <p class='ocr_par' dir='ltr' id='par_1_24' title="bbox 266 1705 871 1781">
     <span class='ocr_line' id='line_1_24' title="bbox 266 1705 871 1781; baseline -0.003 -19"><span class='ocrx_word' id='word_1_178' title='bbox 266 1710 466 1781; x_wconf 79' lang='grc' dir='ltr'>μαίων</span> <span class='ocrx_word' id='word_1_179' title='bbox 501 1708 637 1774; x_wconf 77' lang='grc' dir='ltr'>ἔτος</span> <span class='ocrx_word' id='word_1_180' title='bbox 653 1705 728 1760; x_wconf 85' lang='grc' dir='ltr'><strong>α’.</strong></span> <span class='ocrx_word' id='word_1_181' title='bbox 869 1749 871 1751; x_wconf 76' lang='lat'><strong>.</strong></span> 
     </span>
    </p>
   </div>
   <div class='ocr_carea' id='block_1_25' title="bbox 1983 1694 2436 1781">
    <p class='ocr_par' dir='ltr' id='par_1_25' title="bbox 1983 1711 2436 1776">
     <span class='ocr_line' id='line_1_25' title="bbox 1983 1711 2436 1776; baseline 0.004 -15"><span class='ocrx_word' id='word_1_182' title='bbox 1983 1725 2154 1762; x_wconf 79' lang='lat' dir='ltr'><strong>annus</strong></span> <span class='ocrx_word' id='word_1_183' title='bbox 2213 1711 2436 1776; x_wconf 81' lang='lat' dir='ltr'><strong>primus.</strong></span> 
     </span>
    </p>
   </div>
   <div class='ocr_carea' id='block_1_26' title="bbox 343 1798 1877 1877">
    <p class='ocr_par' dir='ltr' id='par_1_26' title="bbox 343 1798 1872 1872">
     <span class='ocr_line' id='line_1_26' title="bbox 343 1798 1872 1872; baseline -0.001 -18"><span class='ocrx_word' id='word_1_184' title='bbox 343 1800 541 1871; x_wconf 82' lang='grc' dir='ltr'>Τούτῳ</span> <span class='ocrx_word' id='word_1_185' title='bbox 599 1798 678 1871; x_wconf 77' lang='grc' dir='ltr'>τῷ</span> <span class='ocrx_word' id='word_1_186' title='bbox 724 1798 835 1853; x_wconf 75' lang='grc' dir='ltr'>ἔτει</span> <span class='ocrx_word' id='word_1_187' title='bbox 887 1800 1209 1854; x_wconf 81' lang='grc' dir='ltr'>ἀποστέλλει</span> <span class='ocrx_word' id='word_1_188' title='bbox 1248 1800 1536 1871; x_wconf 82' lang='grc' dir='ltr'>Ἀϐιμέλεχ</span> <span class='ocrx_word' id='word_1_189' title='bbox 1586 1800 1698 1872; x_wconf 83' lang='lat'><strong>(&#39;57)</strong></span> <span class='ocrx_word' id='word_1_190' title='bbox 1734 1800 1872 1872; x_wconf 72' lang='grc' dir='ltr'>πρὸς</span> 
     </span>
    </p>
   </div>
   <div class='ocr_carea' id='block_1_27' title="bbox 1983 1798 3562 1877">
    <p class='ocr_par' dir='ltr' id='par_1_27' title="bbox 1983 1802 3562 1877">
     <span class='ocr_line' id='line_1_27' title="bbox 1983 1802 3562 1877; baseline 0.004 -21"><span class='ocrx_word' id='word_1_191' title='bbox 1983 1802 2092 1856; x_wconf 90' lang='lat' dir='ltr'><strong>Hoc</strong></span> <span class='ocrx_word' id='word_1_192' title='bbox 2145 1813 2290 1857; x_wconf 90' lang='lat' dir='ltr'><strong>anno</strong></span> <span class='ocrx_word' id='word_1_193' title='bbox 2349 1803 2664 1858; x_wconf 88' lang='lat' dir='ltr'><strong>Abimelech</strong></span> <span class='ocrx_word' id='word_1_194' title='bbox 2741 1804 3024 1859; x_wconf 66' lang='lat' dir='ltr'><strong>ﬁrmandae</strong></span> <span class='ocrx_word' id='word_1_195' title='bbox 3095 1806 3250 1876; x_wconf 86' lang='lat' dir='ltr'><strong>pacis</strong></span> <span class='ocrx_word' id='word_1_196' title='bbox 3309 1821 3441 1877; x_wconf 81' lang='lat' dir='ltr'><strong>ergo</strong></span> <span class='ocrx_word' id='word_1_197' title='bbox 3493 1809 3562 1863; x_wconf 87' lang='lat' dir='ltr'><strong>ad</strong></span> 
     </span>
    </p>
   </div>
   <div class='ocr_carea' id='block_1_28' title="bbox 287 1891 1877 1966">
    <p class='ocr_par' dir='ltr' id='par_1_28' title="bbox 287 1891 1870 1964">
     <span class='ocr_line' id='line_1_28' title="bbox 287 1891 1870 1964; baseline -0.003 -15"><span class='ocrx_word' id='word_1_198' title='bbox 287 1892 676 1950; x_wconf 79' lang='grc' dir='ltr'>Ἴουστινιανὸν</span> <span class='ocrx_word' id='word_1_199' title='bbox 704 1891 998 1963; x_wconf 86' lang='grc' dir='ltr'>βεϐαιῶσαι</span> <span class='ocrx_word' id='word_1_200' title='bbox 1029 1893 1126 1964; x_wconf 81' lang='grc' dir='ltr'>τὴν</span> <span class='ocrx_word' id='word_1_201' title='bbox 1158 1894 1384 1964; x_wconf 74' lang='grc' dir='ltr'>εἰρήνην</span> <span class='ocrx_word' id='word_1_202' title='bbox 1409 1908 1424 1924; x_wconf 74' lang='grc'><strong><em>³</em></strong></span> <span class='ocrx_word' id='word_1_203' title='bbox 1453 1893 1550 1947; x_wconf 71' lang='grc' dir='ltr'>καὶ</span> <span class='ocrx_word' id='word_1_204' title='bbox 1580 1891 1870 1962; x_wconf 78' lang='grc' dir='ltr'>ἐστοιχήθη</span> 
     </span>
    </p>
   </div>
   <div class='ocr_carea' id='block_1_29' title="bbox 1983 1891 3563 1966">
    <p class='ocr_par' dir='ltr' id='par_1_29' title="bbox 1983 1895 3563 1966">
     <span class='ocr_line' id='line_1_29' title="bbox 1983 1895 3563 1966; baseline 0.003 -16"><span class='ocrx_word' id='word_1_205' title='bbox 1983 1895 2346 1951; x_wconf 76' lang='lat' dir='ltr'><strong>Iustinianum</strong></span> <span class='ocrx_word' id='word_1_206' title='bbox 2419 1895 2627 1966; x_wconf 78' lang='lat' dir='ltr'><strong>legatos</strong></span> <span class='ocrx_word' id='word_1_207' title='bbox 2705 1896 2877 1951; x_wconf 81' lang='lat' dir='ltr'><strong>misit.</strong></span> <span class='ocrx_word' id='word_1_208' title='bbox 2953 1895 3049 1952; x_wconf 91' lang='lat' dir='ltr'><strong>His</strong></span> <span class='ocrx_word' id='word_1_209' title='bbox 3115 1906 3296 1953; x_wconf 90' lang='lat' dir='ltr'><strong>autem</strong></span> <span class='ocrx_word' id='word_1_210' title='bbox 3367 1900 3563 1954; x_wconf 88' lang='lat' dir='ltr'><strong>condi-</strong></span> 
     </span>
    </p>
   </div>
   <div class='ocr_carea' id='block_1_30' title="bbox 285 1982 1877 2058">
    <p class='ocr_par' dir='ltr' id='par_1_30' title="bbox 285 1982 1872 2058">
     <span class='ocr_line' id='line_1_30' title="bbox 285 1982 1872 2058; baseline -0.006 -15"><span class='ocrx_word' id='word_1_211' title='bbox 285 1989 320 2058; x_wconf 69' lang='grc' dir='ltr'><strong>ἡ</strong></span> <span class='ocrx_word' id='word_1_212' title='bbox 344 1988 389 2018; x_wconf 68' lang='grc'><strong><em>³⁸</em></strong></span> <span class='ocrx_word' id='word_1_213' title='bbox 416 1987 621 2056; x_wconf 71' lang='grc' dir='ltr'>εἰρήνη</span> <span class='ocrx_word' id='word_1_214' title='bbox 646 1983 821 2048; x_wconf 72' lang='grc' dir='ltr'>οὕτως</span> <span class='ocrx_word' id='word_1_215' title='bbox 848 2001 862 2014; x_wconf 90' lang='grc'><strong>·</strong></span> <span class='ocrx_word' id='word_1_216' title='bbox 900 1985 987 2038; x_wconf 77' lang='grc' dir='ltr'><strong>ἵνα</strong></span> <span class='ocrx_word' id='word_1_217' title='bbox 1016 1987 1042 2039; x_wconf 88' lang='grc' dir='ltr'>ὁ</span> <span class='ocrx_word' id='word_1_218' title='bbox 1085 1985 1342 2055; x_wconf 77' lang='grc' dir='ltr'>βασιλεὺς</span> <span class='ocrx_word' id='word_1_219' title='bbox 1381 1982 1566 2055; x_wconf 80' lang='grc' dir='ltr'>παύσῃ</span> <span class='ocrx_word' id='word_1_220' title='bbox 1595 1985 1654 2036; x_wconf 85' lang='grc' dir='ltr'><strong>τὸ</strong></span> <span class='ocrx_word' id='word_1_221' title='bbox 1685 1983 1732 2014; x_wconf 83' lang='grc'><strong>²³</strong></span> <span class='ocrx_word' id='word_1_222' title='bbox 1762 1983 1872 2035; x_wconf 82' lang='grc' dir='ltr'><strong>τῶν</strong></span> 
     </span>
    </p>
   </div>
   <div class='ocr_carea' id='block_1_31' title="bbox 1983 1982 3560 2058">
    <p class='ocr_par' dir='ltr' id='par_1_31' title="bbox 1983 1987 3560 2057">
     <span class='ocr_line' id='line_1_31' title="bbox 1983 1987 3560 2057; baseline 0 -15"><span class='ocrx_word' id='word_1_223' title='bbox 1983 1987 2218 2042; x_wconf 88' lang='lat' dir='ltr'><strong>tionibus</strong></span> <span class='ocrx_word' id='word_1_224' title='bbox 2286 2002 2390 2056; x_wconf 76' lang='lat' dir='ltr'><strong>pax</strong></span> <span class='ocrx_word' id='word_1_225' title='bbox 2444 1988 2620 2048; x_wconf 88' lang='lat' dir='ltr'><strong>inita,</strong></span> <span class='ocrx_word' id='word_1_226' title='bbox 2666 1995 2725 2041; x_wconf 93' lang='lat' dir='ltr'><strong>ut</strong></span> <span class='ocrx_word' id='word_1_227' title='bbox 2795 1988 3096 2057; x_wconf 87' lang='lat' dir='ltr'><strong>imperator</strong></span> <span class='ocrx_word' id='word_1_228' title='bbox 3167 1988 3560 2043; x_wconf 81' lang='lat' dir='ltr'><strong>Mardaitarum</strong></span> 
     </span>
    </p>
   </div>
   <div class='ocr_carea' id='block_1_32' title="bbox 292 2074 1877 2150">
    <p class='ocr_par' dir='ltr' id='par_1_32' title="bbox 292 2074 1873 2146">
     <span class='ocr_line' id='line_1_32' title="bbox 292 2074 1873 2146; baseline -0.004 -14"><span class='ocrx_word' id='word_1_229' title='bbox 292 2076 619 2146; x_wconf 78' lang='grc' dir='ltr'>Μαρδαῖτῶν</span> <span class='ocrx_word' id='word_1_230' title='bbox 646 2076 836 2145; x_wconf 82' lang='grc' dir='ltr'><strong>τάγμα</strong></span> <span class='ocrx_word' id='word_1_231' title='bbox 871 2077 934 2129; x_wconf 82' lang='grc' dir='ltr'>ἐκ</span> <span class='ocrx_word' id='word_1_232' title='bbox 982 2075 1074 2129; x_wconf 82' lang='grc' dir='ltr'>τοῦ</span> <span class='ocrx_word' id='word_1_233' title='bbox 1120 2075 1379 2140; x_wconf 85' lang='grc' dir='ltr'>Λιϐάνου,</span> <span class='ocrx_word' id='word_1_234' title='bbox 1421 2076 1516 2128; x_wconf 58' lang='grc' dir='ltr'><strong>καὶ⁹</strong></span> <span class='ocrx_word' id='word_1_235' title='bbox 1556 2074 1873 2146; x_wconf 82' lang='grc' dir='ltr'>διακωλύσῃ</span> 
     </span>
    </p>
   </div>
   <div class='ocr_carea' id='block_1_33' title="bbox 1983 2074 3564 2150">
    <p class='ocr_par' dir='ltr' id='par_1_33' title="bbox 1983 2077 3564 2150">
     <span class='ocr_line' id='line_1_33' title="bbox 1983 2077 3564 2150; baseline 0.001 -18"><span class='ocrx_word' id='word_1_236' title='bbox 1983 2094 2169 2150; x_wconf 84' lang='lat' dir='ltr'><strong>agmen</strong></span> <span class='ocrx_word' id='word_1_237' title='bbox 2202 2095 2231 2132; x_wconf 91' lang='lat' dir='ltr'><strong>e</strong></span> <span class='ocrx_word' id='word_1_238' title='bbox 2251 2077 2461 2132; x_wconf 87' lang='lat' dir='ltr'><strong>Libano</strong></span> <span class='ocrx_word' id='word_1_239' title='bbox 2495 2092 2858 2147; x_wconf 88' lang='lat' dir='ltr'><strong>prorumpens</strong></span> <span class='ocrx_word' id='word_1_240' title='bbox 2891 2081 3278 2148; x_wconf 84' lang='lat' dir='ltr'><strong>comprimeret</strong></span> <span class='ocrx_word' id='word_1_241' title='bbox 3301 2089 3356 2133; x_wconf 87' lang='lat' dir='ltr'><strong>et</strong></span> <span class='ocrx_word' id='word_1_242' title='bbox 3387 2081 3564 2150; x_wconf 83' lang='lat' dir='ltr'><strong>impe-</strong></span> 
     </span>
    </p>
   </div>
   <div class='ocr_carea' id='block_1_34' title="bbox 284 2164 1877 2242">
    <p class='ocr_par' dir='ltr' id='par_1_34' title="bbox 284 2164 1875 2238">
     <span class='ocr_line' id='line_1_34' title="bbox 284 2164 1875 2238; baseline -0.003 -18"><span class='ocrx_word' id='word_1_243' title='bbox 284 2170 377 2228; x_wconf 60' lang='lat' dir='ltr'><strong>re;</strong></span> <span class='ocrx_word' id='word_1_244' title='bbox 420 2165 733 2238; x_wconf 72' lang='grc' dir='ltr'>ἐπιδρομὰς</span> <span class='ocrx_word' id='word_1_245' title='bbox 786 2166 966 2220; x_wconf 82' lang='grc' dir='ltr'>αὐτῶν</span> <span class='ocrx_word' id='word_1_246' title='bbox 991 2183 1006 2199; x_wconf 80' lang='grc' dir='ltr'><strong><em>ο</em></strong></span> <span class='ocrx_word' id='word_1_247' title='bbox 1044 2166 1138 2219; x_wconf 76' lang='grc' dir='ltr'><strong>καὶ</strong></span> <span class='ocrx_word' id='word_1_248' title='bbox 1178 2165 1468 2236; x_wconf 80' lang='grc' dir='ltr'>’Λϐιμέλεχ</span> <span class='ocrx_word' id='word_1_249' title='bbox 1503 2164 1649 2236; x_wconf 78' lang='grc' dir='ltr'><strong>δώσῃ</strong></span> <span class='ocrx_word' id='word_1_250' title='bbox 1690 2166 1736 2196; x_wconf 61' lang='grc'><strong>³⁸</strong></span> <span class='ocrx_word' id='word_1_251' title='bbox 1761 2167 1875 2226; x_wconf 84' lang='grc' dir='ltr'>τοῖς</span> 
     </span>
    </p>
   </div>
   <div class='ocr_carea' id='block_1_35' title="bbox 1983 2164 3567 2242">
    <p class='ocr_par' dir='ltr' id='par_1_35' title="bbox 1983 2171 3567 2242">
     <span class='ocr_line' id='line_1_35' title="bbox 1983 2171 3567 2242; baseline 0.001 -17"><span class='ocrx_word' id='word_1_252' title='bbox 1983 2171 2116 2226; x_wconf 82' lang='lat' dir='ltr'><strong>diret</strong></span> <span class='ocrx_word' id='word_1_253' title='bbox 2143 2187 2332 2226; x_wconf 83' lang='lat' dir='ltr'><strong>eorum</strong></span> <span class='ocrx_word' id='word_1_254' title='bbox 2366 2172 2745 2235; x_wconf 76' lang='lat' dir='ltr'><strong>excursiones,</strong></span> <span class='ocrx_word' id='word_1_255' title='bbox 2774 2171 3090 2226; x_wconf 88' lang='lat' dir='ltr'><strong>Abimelech</strong></span> <span class='ocrx_word' id='word_1_256' title='bbox 3128 2187 3258 2226; x_wconf 89' lang='lat' dir='ltr'><strong>vero</strong></span> <span class='ocrx_word' id='word_1_257' title='bbox 3293 2173 3349 2226; x_wconf 92' lang='lat' dir='ltr'><strong>in</strong></span> <span class='ocrx_word' id='word_1_258' title='bbox 3375 2173 3567 2242; x_wconf 78' lang='lat' dir='ltr'><strong>singu-</strong></span> 
     </span>
    </p>
   </div>
   <div class='ocr_carea' id='block_1_36' title="bbox 291 2256 1876 2330">
    <p class='ocr_par' dir='ltr' id='par_1_36' title="bbox 291 2256 1876 2330">
     <span class='ocr_line' id='line_1_36' title="bbox 291 2256 1876 2330; baseline -0.002 -19"><span class='ocrx_word' id='word_1_259' title='bbox 291 2259 609 2328; x_wconf 86' lang='grc' dir='ltr'>Ῥωμαίοις</span> <span class='ocrx_word' id='word_1_260' title='bbox 657 2257 779 2311; x_wconf 87' lang='grc' dir='ltr'>καθ’</span> <span class='ocrx_word' id='word_1_261' title='bbox 829 2258 1068 2328; x_wconf 79' lang='grc' dir='ltr'>ἑκάστην</span> <span class='ocrx_word' id='word_1_262' title='bbox 1119 2259 1331 2330; x_wconf 77' lang='grc' dir='ltr'>ἡμέραν</span> <span class='ocrx_word' id='word_1_263' title='bbox 1381 2258 1694 2327; x_wconf 65' lang='grc' dir='ltr'>νομίσματα</span> <span class='ocrx_word' id='word_1_264' title='bbox 1725 2256 1876 2326; x_wconf 86' lang='grc' dir='ltr'>χίλια</span> 
     </span>
    </p>
   </div>
   <div class='ocr_carea' id='block_1_37' title="bbox 276 2349 1877 2420">
    <p class='ocr_par' dir='ltr' id='par_1_37' title="bbox 276 2349 1877 2420">
     <span class='ocr_line' id='line_1_37' title="bbox 276 2349 1877 2420; baseline -0.001 -18"><span class='ocrx_word' id='word_1_265' title='bbox 276 2352 372 2403; x_wconf 74' lang='grc' dir='ltr'>καὶ</span> <span class='ocrx_word' id='word_1_266' title='bbox 397 2351 572 2403; x_wconf 77' lang='grc' dir='ltr'>ἵππον</span> <span class='ocrx_word' id='word_1_267' title='bbox 599 2351 693 2403; x_wconf 74' lang='grc' dir='ltr'><strong>καὶ</strong></span> <span class='ocrx_word' id='word_1_268' title='bbox 723 2349 910 2404; x_wconf 81' lang='grc' dir='ltr'>δοῦλον</span> <span class='ocrx_word' id='word_1_269' title='bbox 933 2365 947 2379; x_wconf 87' lang='grc'><strong>·</strong></span> <span class='ocrx_word' id='word_1_270' title='bbox 976 2352 1071 2404; x_wconf 79' lang='grc' dir='ltr'><strong>καὶ</strong></span> <span class='ocrx_word' id='word_1_271' title='bbox 1098 2350 1185 2404; x_wconf 77' lang='grc' dir='ltr'><strong>ἵνα</strong></span> <span class='ocrx_word' id='word_1_272' title='bbox 1215 2350 1412 2420; x_wconf 74' lang='grc' dir='ltr'>ἔχωσιν</span> <span class='ocrx_word' id='word_1_273' title='bbox 1438 2350 1632 2413; x_wconf 82' lang='grc' dir='ltr'>κοινῶς</span> <span class='ocrx_word' id='word_1_274' title='bbox 1661 2350 1704 2381; x_wconf 85' lang='grc'><strong><em>³⁵</em></strong></span> <span class='ocrx_word' id='word_1_275' title='bbox 1736 2349 1877 2401; x_wconf 74' lang='grc' dir='ltr'>κατὰ</span> 
     </span>
    </p>
   </div>
   <div class='ocr_carea' id='block_1_38' title="bbox 275 2440 1873 2512">
    <p class='ocr_par' dir='ltr' id='par_1_38' title="bbox 275 2440 1873 2512">
     <span class='ocr_line' id='line_1_38' title="bbox 275 2440 1873 2512; baseline -0.003 -17"><span class='ocrx_word' id='word_1_276' title='bbox 275 2442 338 2495; x_wconf 78' lang='grc' dir='ltr'><strong>τὸ</strong></span> <span class='ocrx_word' id='word_1_277' title='bbox 374 2442 494 2493; x_wconf 77' lang='grc' dir='ltr'>ἶσον</span> <span class='ocrx_word' id='word_1_278' title='bbox 522 2440 650 2504; x_wconf 81' lang='grc' dir='ltr'>τοὺς</span> <span class='ocrx_word' id='word_1_279' title='bbox 679 2443 881 2511; x_wconf 75' lang='grc' dir='ltr'>φόρους</span> <span class='ocrx_word' id='word_1_280' title='bbox 927 2441 1025 2511; x_wconf 84' lang='grc' dir='ltr'><strong>τῆς</strong></span> <span class='ocrx_word' id='word_1_281' title='bbox 1062 2443 1288 2512; x_wconf 83' lang='grc' dir='ltr'>Κύπρου</span> <span class='ocrx_word' id='word_1_282' title='bbox 1321 2443 1416 2494; x_wconf 73' lang='grc' dir='ltr'><strong>καὶ</strong></span> <span class='ocrx_word' id='word_1_283' title='bbox 1457 2442 1748 2511; x_wconf 81' lang='grc' dir='ltr'>Ἀρμενίας</span> <span class='ocrx_word' id='word_1_284' title='bbox 1774 2440 1873 2491; x_wconf 74' lang='grc' dir='ltr'><strong>καὶ</strong></span> 
     </span>
    </p>
   </div>
   <div class='ocr_carea' id='block_1_39' title="bbox 287 2530 1877 2604">
    <p class='ocr_par' dir='ltr' id='par_1_39' title="bbox 287 2530 1877 2604">
     <span class='ocr_line' id='line_1_39' title="bbox 287 2530 1877 2604; baseline -0.003 -18"><span class='ocrx_word' id='word_1_285' title='bbox 287 2532 558 2603; x_wconf 76' lang='grc' dir='ltr'>Ἰϐηρίας.</span> <span class='ocrx_word' id='word_1_286' title='bbox 605 2532 714 2586; x_wconf 75' lang='grc' dir='ltr'>Καὶ</span> <span class='ocrx_word' id='word_1_287' title='bbox 773 2532 1020 2603; x_wconf 75' lang='grc' dir='ltr'>ἔπεμψεν</span> <span class='ocrx_word' id='word_1_288' title='bbox 1079 2536 1108 2586; x_wconf 86' lang='grc' dir='ltr'>ὁ</span> <span class='ocrx_word' id='word_1_289' title='bbox 1170 2533 1427 2604; x_wconf 85' lang='grc' dir='ltr'>βασιλεὺς</span> <span class='ocrx_word' id='word_1_290' title='bbox 1470 2532 1680 2585; x_wconf 84' lang='grc' dir='ltr'>Παῦλον</span> <span class='ocrx_word' id='word_1_291' title='bbox 1713 2532 1804 2583; x_wconf 75' lang='grc' dir='ltr'><strong>τὸν</strong></span> <span class='ocrx_word' id='word_1_292' title='bbox 1833 2530 1877 2561; x_wconf 83' lang='grc'>²⁶</span> 
     </span>
    </p>
   </div>
   <div class='ocr_carea' id='block_1_40' title="bbox 281 2624 1878 2696">
    <p class='ocr_par' dir='ltr' id='par_1_40' title="bbox 281 2624 1878 2696">
     <span class='ocr_line' id='line_1_40' title="bbox 281 2624 1878 2696; baseline 0 -20"><span class='ocrx_word' id='word_1_293' title='bbox 281 2625 685 2695; x_wconf 80' lang='grc' dir='ltr'>μαγιστριανὸν</span> <span class='ocrx_word' id='word_1_294' title='bbox 749 2626 887 2696; x_wconf 79' lang='grc' dir='ltr'>πρὸς</span> <span class='ocrx_word' id='word_1_295' title='bbox 961 2625 1250 2696; x_wconf 80' lang='grc' dir='ltr'>Ἀϐιμέλεχ</span> <span class='ocrx_word' id='word_1_296' title='bbox 1320 2625 1726 2694; x_wconf 80' lang='grc' dir='ltr'>ἀσφαλίσασθαι</span> <span class='ocrx_word' id='word_1_297' title='bbox 1807 2624 1878 2676; x_wconf 84' lang='grc' dir='ltr'>τὰ</span> 
     </span>
    </p>
   </div>
   <div class='ocr_carea' id='block_1_41' title="bbox 281 2715 1877 2787">
    <p class='ocr_par' dir='ltr' id='par_1_41' title="bbox 281 2715 1877 2787">
     <span class='ocr_line' id='line_1_41' title="bbox 281 2715 1877 2787; baseline -0.003 -18"><span class='ocrx_word' id='word_1_298' title='bbox 281 2717 647 2786; x_wconf 78' lang='grc' dir='ltr'>στοιχηθὲντα</span> <span class='ocrx_word' id='word_1_299' title='bbox 669 2736 684 2751; x_wconf 74' lang='grc' dir='ltr'><strong>ο</strong></span> <span class='ocrx_word' id='word_1_300' title='bbox 715 2718 808 2770; x_wconf 78' lang='grc' dir='ltr'><strong>καὶ</strong></span> <span class='ocrx_word' id='word_1_301' title='bbox 841 2718 1064 2785; x_wconf 79' lang='grc' dir='ltr'>γέγονεν</span> <span class='ocrx_word' id='word_1_302' title='bbox 1109 2715 1388 2787; x_wconf 75' lang='grc' dir='ltr'>ἔγγραφος</span> <span class='ocrx_word' id='word_1_303' title='bbox 1435 2715 1705 2784; x_wconf 82' lang='grc' dir='ltr'>ἀσφάλεια</span> <span class='ocrx_word' id='word_1_304' title='bbox 1738 2715 1877 2784; x_wconf 79' lang='grc' dir='ltr'><strong>μετὰ</strong></span> 
     </span>
    </p>
   </div>
   <div class='ocr_carea' id='block_1_42' title="bbox 285 2808 1878 2881">
    <p class='ocr_par' dir='ltr' id='par_1_42' title="bbox 285 2808 1878 2881">
     <span class='ocr_line' id='line_1_42' title="bbox 285 2808 1878 2881; baseline -0.002 -20"><span class='ocrx_word' id='word_1_305' title='bbox 285 2810 466 2880; x_wconf 83' lang='grc' dir='ltr'>μαρτύ</span> <span class='ocrx_word' id='word_1_306' title='bbox 479 2826 608 2879; x_wconf 91' lang='grc' dir='ltr'>ρων.</span> <span class='ocrx_word' id='word_1_307' title='bbox 629 2809 742 2862; x_wconf 72' lang='grc' dir='ltr'><strong>Καὶ</strong></span> <span class='ocrx_word' id='word_1_308' title='bbox 761 2809 1135 2880; x_wconf 67' lang='grc' dir='ltr'>φιλοτιμηθεὶς</span> <span class='ocrx_word' id='word_1_309' title='bbox 1153 2813 1181 2863; x_wconf 85' lang='grc' dir='ltr'><strong>ό</strong></span> <span class='ocrx_word' id='word_1_310' title='bbox 1206 2810 1594 2881; x_wconf 84' lang='grc' dir='ltr'>μαγιστριανὸς</span> <span class='ocrx_word' id='word_1_311' title='bbox 1611 2808 1878 2878; x_wconf 81' lang='grc' dir='ltr'>ὑπέστρε-</span> 
     </span>
    </p>
   </div>
   <div class='ocr_carea' id='block_1_43' title="bbox 280 2899 1878 2971">
    <p class='ocr_par' dir='ltr' id='par_1_43' title="bbox 280 2899 1878 2971">
     <span class='ocr_line' id='line_1_43' title="bbox 280 2899 1878 2971; baseline -0.004 -16"><span class='ocrx_word' id='word_1_312' title='bbox 280 2900 405 2968; x_wconf 71' lang='grc' dir='ltr'>ψεν.</span> <span class='ocrx_word' id='word_1_313' title='bbox 432 2900 545 2953; x_wconf 78' lang='grc' dir='ltr'><strong>Καὶ</strong></span> <span class='ocrx_word' id='word_1_314' title='bbox 583 2900 808 2970; x_wconf 77' lang='grc' dir='ltr'>πέμψας</span> <span class='ocrx_word' id='word_1_315' title='bbox 838 2903 865 2953; x_wconf 86' lang='grc' dir='ltr'>ὁ</span> <span class='ocrx_word' id='word_1_316' title='bbox 892 2899 1145 2970; x_wconf 83' lang='grc' dir='ltr'>βασιλεὺς</span> <span class='ocrx_word' id='word_1_317' title='bbox 1171 2899 1543 2971; x_wconf 83' lang='grc' dir='ltr'>προσελάϐετο</span> <span class='ocrx_word' id='word_1_318' title='bbox 1565 2899 1690 2961; x_wconf 76' lang='grc' dir='ltr'>τοὺς</span> <span class='ocrx_word' id='word_1_319' title='bbox 1722 2899 1878 2966; x_wconf 82' lang='grc' dir='ltr'>Μαρ-</span> 
     </span>
    </p>
   </div>
   <div class='ocr_carea' id='block_1_44' title="bbox 282 2990 1877 3062">
    <p class='ocr_par' dir='ltr' id='par_1_44' title="bbox 282 2990 1877 3062">
     <span class='ocr_line' id='line_1_44' title="bbox 282 2990 1877 3062; baseline -0.001 -20"><span class='ocrx_word' id='word_1_320' title='bbox 282 2990 474 3053; x_wconf 77' lang='grc' dir='ltr'>δαῖτας</span> <span class='ocrx_word' id='word_1_321' title='bbox 498 2990 740 3061; x_wconf 79' lang='grc' dir='ltr'>χιλιάδας</span> <span class='ocrx_word' id='word_1_322' title='bbox 759 2991 844 3062; x_wconf 89' lang='grc' dir='ltr'>ιβ’,</span> <span class='ocrx_word' id='word_1_323' title='bbox 871 2992 970 3062; x_wconf 80' lang='grc' dir='ltr'>τὴν</span> <span class='ocrx_word' id='word_1_324' title='bbox 1013 2993 1327 3062; x_wconf 83' lang='grc' dir='ltr'>Ῥωμαϊκὴν</span> <span class='ocrx_word' id='word_1_325' title='bbox 1349 2992 1670 3044; x_wconf 81' lang='grc' dir='ltr'>δυναστείαν</span> <span class='ocrx_word' id='word_1_326' title='bbox 1692 2992 1877 3058; x_wconf 82' lang='grc' dir='ltr'>ἀκρω-</span> 
     </span>
    </p>
   </div>
   <div class='ocr_carea' id='block_1_45' title="bbox 284 3081 1876 3155">
    <p class='ocr_par' dir='ltr' id='par_1_45' title="bbox 284 3081 1876 3155">
     <span class='ocr_line' id='line_1_45' title="bbox 284 3081 1876 3155; baseline 0.001 -22"><span class='ocrx_word' id='word_1_327' title='bbox 284 3081 580 3152; x_wconf 81' lang='grc' dir='ltr'>τηριάσας.</span> <span class='ocrx_word' id='word_1_328' title='bbox 603 3083 781 3136; x_wconf 80' lang='grc' dir='ltr'>Πᾶσαι</span> <span class='ocrx_word' id='word_1_329' title='bbox 800 3084 907 3154; x_wconf 78' lang='grc' dir='ltr'><strong>γάρ</strong></span> <span class='ocrx_word' id='word_1_330' title='bbox 939 3081 1032 3138; x_wconf 87' lang='grc' dir='ltr'>νῦν</span> <span class='ocrx_word' id='word_1_331' title='bbox 1058 3083 1376 3155; x_wconf 79' lang='grc' dir='ltr'>οἰκούμεναι</span> <span class='ocrx_word' id='word_1_332' title='bbox 1408 3083 1558 3154; x_wconf 84' lang='grc' dir='ltr'>παρὰ</span> <span class='ocrx_word' id='word_1_333' title='bbox 1575 3084 1684 3136; x_wconf 82' lang='grc' dir='ltr'><strong>τῶν</strong></span> <span class='ocrx_word' id='word_1_334' title='bbox 1710 3082 1876 3152; x_wconf 79' lang='grc' dir='ltr'>’Δρά-</span> 
     </span>
    </p>
   </div>
   <div class='ocr_carea' id='block_1_46' title="bbox 286 3167 1877 3244">
    <p class='ocr_par' dir='ltr' id='par_1_46' title="bbox 286 3167 1877 3244">
     <span class='ocr_line' id='line_1_46' title="bbox 286 3167 1877 3244; baseline 0.001 -20"><span class='ocrx_word' id='word_1_335' title='bbox 286 3167 511 3235; x_wconf 81' lang='grc' dir='ltr'>ϐωνέῑς</span> <span class='ocrx_word' id='word_1_336' title='bbox 541 3173 612 3226; x_wconf 82' lang='grc' dir='ltr'>τὰ</span> <span class='ocrx_word' id='word_1_337' title='bbox 638 3173 784 3244; x_wconf 82' lang='grc' dir='ltr'>ἄκρα</span> <span class='ocrx_word' id='word_1_338' title='bbox 839 3173 1026 3236; x_wconf 79' lang='grc' dir='ltr'>πόλεις</span> <span class='ocrx_word' id='word_1_339' title='bbox 1075 3173 1184 3227; x_wconf 81' lang='grc' dir='ltr'>ἀπὸ</span> <span class='ocrx_word' id='word_1_340' title='bbox 1237 3175 1616 3243; x_wconf 78' lang='grc' dir='ltr'>Μοψουεστίας</span> <span class='ocrx_word' id='word_1_341' title='bbox 1651 3173 1744 3225; x_wconf 74' lang='grc' dir='ltr'><strong>καὶ</strong></span> <span class='ocrx_word' id='word_1_342' title='bbox 1773 3173 1877 3235; x_wconf 75' lang='grc' dir='ltr'><strong>ἕως</strong></span> 
     </span>
    </p>
   </div>
   <div class='ocr_carea' id='block_1_47' title="bbox 285 3263 1878 3339">
    <p class='ocr_par' dir='ltr' id='par_1_47' title="bbox 285 3263 1878 3339">
     <span class='ocr_line' id='line_1_47' title="bbox 285 3263 1878 3339; baseline 0.004 -24"><span class='ocrx_word' id='word_1_343' title='bbox 285 3263 563 3336; x_wconf 79' lang='grc' dir='ltr'><strong>τετάρτης</strong></span> <span class='ocrx_word' id='word_1_344' title='bbox 601 3266 644 3298; x_wconf 78' lang='grc'><strong>’⁷</strong></span> <span class='ocrx_word' id='word_1_345' title='bbox 679 3266 792 3336; x_wconf 82' lang='lat'><strong>(&#39;58)</strong></span> <span class='ocrx_word' id='word_1_346' title='bbox 834 3265 1126 3337; x_wconf 81' lang='grc' dir='ltr'>Ἀρμενίας</span> <span class='ocrx_word' id='word_1_347' title='bbox 1170 3266 1457 3337; x_wconf 85' lang='grc' dir='ltr'>άνίσχυροι</span> <span class='ocrx_word' id='word_1_348' title='bbox 1497 3271 1591 3322; x_wconf 71' lang='grc' dir='ltr'><strong>καὶ</strong></span> <span class='ocrx_word' id='word_1_349' title='bbox 1628 3269 1878 3339; x_wconf 87' lang='grc' dir='ltr'>άοίκητοι</span> 
     </span>
    </p>
   </div>
   <div class='ocr_carea' id='block_1_48' title="bbox 284 3352 1876 3427">
    <p class='ocr_par' dir='ltr' id='par_1_48' title="bbox 284 3352 1876 3427">
     <span class='ocr_line' id='line_1_48' title="bbox 284 3352 1876 3427; baseline 0.003 -22"><span class='ocrx_word' id='word_1_350' title='bbox 284 3352 589 3424; x_wconf 72' lang='grc' dir='ltr'>ἐτύγχανον</span> <span class='ocrx_word' id='word_1_351' title='bbox 629 3354 718 3409; x_wconf 82' lang='grc' dir='ltr'>διὰ</span> <span class='ocrx_word' id='word_1_352' title='bbox 779 3354 878 3424; x_wconf 81' lang='grc' dir='ltr'>τὴν</span> <span class='ocrx_word' id='word_1_353' title='bbox 931 3355 1118 3424; x_wconf 74' lang='grc' dir='ltr'>ἔφοδον</span> <span class='ocrx_word' id='word_1_354' title='bbox 1173 3355 1282 3408; x_wconf 82' lang='grc' dir='ltr'><strong>τῶν</strong></span> <span class='ocrx_word' id='word_1_355' title='bbox 1335 3357 1684 3427; x_wconf 82' lang='grc' dir='ltr'>Μαρδαῖτῶν,</span> <span class='ocrx_word' id='word_1_356' title='bbox 1732 3352 1806 3412; x_wconf 77' lang='grc' dir='ltr'>ὢν</span> <span class='ocrx_word' id='word_1_357' title='bbox 1831 3357 1876 3388; x_wconf 81' lang='grc'><strong>³⁸</strong></span> 
     </span>
    </p>
   </div>
   <div class='ocr_carea' id='block_1_49' title="bbox 286 3447 1875 3520">
    <p class='ocr_par' dir='ltr' id='par_1_49' title="bbox 286 3447 1875 3520">
     <span class='ocr_line' id='line_1_49' title="bbox 286 3447 1875 3520; baseline 0.002 -20"><span class='ocrx_word' id='word_1_358' title='bbox 286 3447 776 3518; x_wconf 64' lang='grc' dir='ltr'>Μρασταλέντων,</span> <span class='ocrx_word' id='word_1_359' title='bbox 798 3447 1056 3501; x_wconf 82' lang='grc' dir='ltr'>πάνδεινα</span> <span class='ocrx_word' id='word_1_360' title='bbox 1073 3447 1221 3502; x_wconf 82' lang='grc' dir='ltr'>κακὰ</span> <span class='ocrx_word' id='word_1_361' title='bbox 1238 3449 1510 3503; x_wconf 79' lang='grc' dir='ltr'>πέπονθεν</span> <span class='ocrx_word' id='word_1_362' title='bbox 1539 3451 1572 3520; x_wconf 84' lang='grc' dir='ltr'><strong>ή</strong></span> <span class='ocrx_word' id='word_1_363' title='bbox 1598 3450 1875 3520; x_wconf 83' lang='grc' dir='ltr'>Ῥωμανία</span> 
     </span>
    </p>
   </div>
   <div class='ocr_carea' id='block_1_50' title="bbox 283 3537 1300 3611">
    <p class='ocr_par' dir='ltr' id='par_1_50' title="bbox 283 3537 1300 3611">
     <span class='ocr_line' id='line_1_50' title="bbox 283 3537 1300 3611; baseline 0.005 -20"><span class='ocrx_word' id='word_1_364' title='bbox 283 3537 396 3591; x_wconf 78' lang='grc' dir='ltr'>ὑπὸ</span> <span class='ocrx_word' id='word_1_365' title='bbox 427 3538 540 3592; x_wconf 86' lang='grc' dir='ltr'>τῶν</span> <span class='ocrx_word' id='word_1_366' title='bbox 587 3539 834 3611; x_wconf 83' lang='grc' dir='ltr'>Ἀράϐων</span> <span class='ocrx_word' id='word_1_367' title='bbox 864 3541 1026 3610; x_wconf 84' lang='grc' dir='ltr'>μέχρι</span> <span class='ocrx_word' id='word_1_368' title='bbox 1057 3541 1151 3593; x_wconf 85' lang='grc' dir='ltr'><strong>τοῦ</strong></span> <span class='ocrx_word' id='word_1_369' title='bbox 1185 3540 1300 3596; x_wconf 83' lang='grc' dir='ltr'>νῦν.</span> 
     </span>
    </p>
   </div>
   <div class='ocr_carea' id='block_1_51' title="bbox 1979 2263 3564 2334">
    <p class='ocr_par' dir='ltr' id='par_1_51' title="bbox 1979 2263 3564 2334">
     <span class='ocr_line' id='line_1_51' title="bbox 1979 2263 3564 2334; baseline 0.001 -18"><span class='ocrx_word' id='word_1_370' title='bbox 1979 2263 2060 2318; x_wconf 89' lang='lat' dir='ltr'><strong>los</strong></span> <span class='ocrx_word' id='word_1_371' title='bbox 2088 2263 2207 2318; x_wconf 90' lang='lat' dir='ltr'><strong>dies</strong></span> <span class='ocrx_word' id='word_1_372' title='bbox 2225 2264 2375 2318; x_wconf 89' lang='lat' dir='ltr'><strong>mille</strong></span> <span class='ocrx_word' id='word_1_373' title='bbox 2413 2278 2907 2329; x_wconf 79' lang='lat' dir='ltr'><strong>uummosaureos,</strong></span> <span class='ocrx_word' id='word_1_374' title='bbox 2935 2272 2989 2318; x_wconf 93' lang='lat' dir='ltr'><strong>et</strong></span> <span class='ocrx_word' id='word_1_375' title='bbox 3013 2280 3237 2334; x_wconf 88' lang='lat' dir='ltr'><strong>equum,</strong></span> <span class='ocrx_word' id='word_1_376' title='bbox 3264 2274 3316 2320; x_wconf 91' lang='lat' dir='ltr'><strong>et</strong></span> <span class='ocrx_word' id='word_1_377' title='bbox 3345 2282 3564 2320; x_wconf 77' lang='lat' dir='ltr'><strong>servum</strong></span> 
     </span>
    </p>
   </div>
   <div class='ocr_carea' id='block_1_52' title="bbox 1980 2353 3565 2426">
    <p class='ocr_par' dir='ltr' id='par_1_52' title="bbox 1980 2353 3565 2426">
     <span class='ocr_line' id='line_1_52' title="bbox 1980 2353 3565 2426; baseline 0.001 -18"><span class='ocrx_word' id='word_1_378' title='bbox 1980 2354 2300 2423; x_wconf 82' lang='lat' dir='ltr'><strong>imperatori</strong></span> <span class='ocrx_word' id='word_1_379' title='bbox 2349 2353 2649 2423; x_wconf 86' lang='lat' dir='ltr'><strong>penderet;</strong></span> <span class='ocrx_word' id='word_1_380' title='bbox 2697 2361 2748 2407; x_wconf 90' lang='lat' dir='ltr'><strong>et</strong></span> <span class='ocrx_word' id='word_1_381' title='bbox 2782 2362 3010 2424; x_wconf 86' lang='lat' dir='ltr'><strong>uterque</strong></span> <span class='ocrx_word' id='word_1_382' title='bbox 3032 2357 3291 2426; x_wconf 88' lang='lat' dir='ltr'><strong>princeps</strong></span> <span class='ocrx_word' id='word_1_383' title='bbox 3315 2354 3464 2425; x_wconf 85' lang='lat' dir='ltr'><strong>justa</strong></span> <span class='ocrx_word' id='word_1_384' title='bbox 3507 2363 3565 2411; x_wconf 82' lang='lat' dir='ltr'><strong>et</strong></span> 
     </span>
    </p>
   </div>
   <div class='ocr_carea' id='block_1_53' title="bbox 1979 2444 3571 2515">
    <p class='ocr_par' dir='ltr' id='par_1_53' title="bbox 1979 2444 3571 2515">
     <span class='ocr_line' id='line_1_53' title="bbox 1979 2444 3571 2515; baseline 0 -15"><span class='ocrx_word' id='word_1_385' title='bbox 1979 2447 2176 2515; x_wconf 60' lang='lat' dir='ltr'><strong>aequali</strong></span> <span class='ocrx_word' id='word_1_386' title='bbox 2233 2447 2488 2515; x_wconf 89' lang='lat' dir='ltr'><strong>portione</strong></span> <span class='ocrx_word' id='word_1_387' title='bbox 2525 2444 2713 2514; x_wconf 88' lang='lat' dir='ltr'><strong>Cypri,</strong></span> <span class='ocrx_word' id='word_1_388' title='bbox 2754 2444 3029 2498; x_wconf 71' lang='lat' dir='ltr'><strong>Armenia:</strong></span> <span class='ocrx_word' id='word_1_389' title='bbox 3068 2453 3124 2499; x_wconf 90' lang='lat' dir='ltr'><strong>et</strong></span> <span class='ocrx_word' id='word_1_390' title='bbox 3182 2444 3372 2500; x_wconf 77' lang='lat' dir='ltr'><strong>lberiae</strong></span> <span class='ocrx_word' id='word_1_391' title='bbox 3401 2447 3571 2501; x_wconf 75' lang='lat' dir='ltr'><strong>vecti-</strong></span> 
     </span>
    </p>
   </div>
   <div class='ocr_carea' id='block_1_54' title="bbox 1979 2536 3572 2609">
    <p class='ocr_par' dir='ltr' id='par_1_54' title="bbox 1979 2536 3572 2609">
     <span class='ocr_line' id='line_1_54' title="bbox 1979 2536 3572 2609; baseline 0.003 -21"><span class='ocrx_word' id='word_1_392' title='bbox 1979 2539 2123 2606; x_wconf 76' lang='lat' dir='ltr'><strong>galia</strong></span> <span class='ocrx_word' id='word_1_393' title='bbox 2160 2536 2306 2592; x_wconf 88' lang='lat' dir='ltr'><strong>inter</strong></span> <span class='ocrx_word' id='word_1_394' title='bbox 2339 2552 2400 2590; x_wconf 91' lang='lat' dir='ltr'><strong>se</strong></span> <span class='ocrx_word' id='word_1_395' title='bbox 2428 2536 2760 2592; x_wconf 83' lang='lat' dir='ltr'><strong>dividerent.</strong></span> <span class='ocrx_word' id='word_1_396' title='bbox 2796 2537 3100 2607; x_wconf 89' lang='lat' dir='ltr'><strong>Imperator</strong></span> <span class='ocrx_word' id='word_1_397' title='bbox 3134 2537 3362 2592; x_wconf 82' lang='lat' dir='ltr'><strong>Paulum</strong></span> <span class='ocrx_word' id='word_1_398' title='bbox 3397 2540 3572 2609; x_wconf 75' lang='lat' dir='ltr'><strong>magi-</strong></span> 
     </span>
    </p>
   </div>
   <div class='ocr_carea' id='block_1_55' title="bbox 1978 2629 3571 2698">
    <p class='ocr_par' dir='ltr' id='par_1_55' title="bbox 1978 2629 3571 2698">
     <span class='ocr_line' id='line_1_55' title="bbox 1978 2629 3571 2698; baseline 0.001 -14"><span class='ocrx_word' id='word_1_399' title='bbox 1978 2630 2244 2684; x_wconf 86' lang='lat' dir='ltr'><strong>strianum</strong></span> <span class='ocrx_word' id='word_1_400' title='bbox 2297 2629 2686 2684; x_wconf 68' lang='lat' dir='ltr'><strong>conﬁrmanda:</strong></span> <span class='ocrx_word' id='word_1_401' title='bbox 2725 2630 2877 2698; x_wconf 86' lang='lat' dir='ltr'><strong>pacis</strong></span> <span class='ocrx_word' id='word_1_402' title='bbox 2929 2645 3096 2684; x_wconf 88' lang='lat' dir='ltr'><strong>causa</strong></span> <span class='ocrx_word' id='word_1_403' title='bbox 3148 2630 3214 2684; x_wconf 92' lang='lat' dir='ltr'><strong>ad</strong></span> <span class='ocrx_word' id='word_1_404' title='bbox 3246 2631 3571 2685; x_wconf 81' lang='lat' dir='ltr'><strong>Abimclech</strong></span> 
     </span>
    </p>
   </div>
   <div class='ocr_carea' id='block_1_56' title="bbox 1979 2720 3571 2800">
    <p class='ocr_par' dir='ltr' id='par_1_56' title="bbox 1979 2720 3571 2800">
     <span class='ocr_line' id='line_1_56' title="bbox 1979 2720 3571 2800; baseline 0.002 -26"><span class='ocrx_word' id='word_1_405' title='bbox 1979 2720 2271 2790; x_wconf 82' lang='lat' dir='ltr'><strong>delegavit,</strong></span> <span class='ocrx_word' id='word_1_406' title='bbox 2301 2723 2599 2791; x_wconf 84' lang='lat' dir='ltr'><strong>cautioque</strong></span> <span class='ocrx_word' id='word_1_407' title='bbox 2631 2722 2684 2800; x_wconf 79' lang='lat' dir='ltr'><strong>in</strong></span> <span class='ocrx_word' id='word_1_408' title='bbox 2709 2722 2931 2791; x_wconf 87' lang='lat' dir='ltr'><strong>scriptis</strong></span> <span class='ocrx_word' id='word_1_409' title='bbox 2948 2737 3131 2776; x_wconf 89' lang='lat' dir='ltr'><strong>coram</strong></span> <span class='ocrx_word' id='word_1_410' title='bbox 3169 2723 3404 2777; x_wconf 88' lang='lat' dir='ltr'><strong>testibus</strong></span> <span class='ocrx_word' id='word_1_411' title='bbox 3425 2723 3571 2778; x_wconf 80' lang='lat' dir='ltr'><strong>facta</strong></span> 
     </span>
    </p>
   </div>
   <div class='ocr_carea' id='block_1_57' title="bbox 1977 2812 3574 2882">
    <p class='ocr_par' dir='ltr' id='par_1_57' title="bbox 1977 2812 3574 2882">
     <span class='ocr_line' id='line_1_57' title="bbox 1977 2812 3574 2882; baseline 0.001 -16"><span class='ocrx_word' id='word_1_412' title='bbox 1977 2821 2081 2866; x_wconf 89' lang='lat' dir='ltr'><strong>est.</strong></span> <span class='ocrx_word' id='word_1_413' title='bbox 2129 2812 2191 2865; x_wconf 77' lang='lat' dir='ltr'><strong>Et</strong></span> <span class='ocrx_word' id='word_1_414' title='bbox 2217 2813 2611 2879; x_wconf 72' lang='lat' dir='ltr'><strong>magistrianus</strong></span> <span class='ocrx_word' id='word_1_415' title='bbox 2649 2813 2951 2868; x_wconf 89' lang='lat' dir='ltr'><strong>honoriﬁce</strong></span> <span class='ocrx_word' id='word_1_416' title='bbox 2983 2822 3247 2882; x_wconf 81' lang='lat' dir='ltr'><strong>exceptus</strong></span> <span class='ocrx_word' id='word_1_417' title='bbox 3287 2814 3357 2867; x_wconf 88' lang='lat' dir='ltr'><strong>ad</strong></span> <span class='ocrx_word' id='word_1_418' title='bbox 3396 2814 3574 2882; x_wconf 75' lang='lat' dir='ltr'><strong>impe~</strong></span> 
     </span>
    </p>
   </div>
   <div class='ocr_carea' id='block_1_58' title="bbox 1980 2903 3574 2959">
    <p class='ocr_par' dir='ltr' id='par_1_58' title="bbox 1980 2903 3574 2959">
     <span class='ocr_line' id='line_1_58' title="bbox 1980 2903 3574 2959; baseline 0.001 -2"><span class='ocrx_word' id='word_1_419' title='bbox 1980 2912 2219 2957; x_wconf 87' lang='lat' dir='ltr'><strong>ratorem</strong></span> <span class='ocrx_word' id='word_1_420' title='bbox 2247 2905 2488 2958; x_wconf 82' lang='lat' dir='ltr'><strong>revertit.</strong></span> <span class='ocrx_word' id='word_1_421' title='bbox 2506 2903 2571 2957; x_wconf 86' lang='lat' dir='ltr'><strong>Et</strong></span> <span class='ocrx_word' id='word_1_422' title='bbox 2596 2903 2766 2958; x_wconf 84' lang='lat' dir='ltr'><strong>misso</strong></span> <span class='ocrx_word' id='word_1_423' title='bbox 2790 2920 2820 2958; x_wconf 93' lang='lat' dir='ltr'><strong>c</strong></span> <span class='ocrx_word' id='word_1_424' title='bbox 2843 2905 2990 2959; x_wconf 88' lang='lat' dir='ltr'><strong>dicto</strong></span> <span class='ocrx_word' id='word_1_425' title='bbox 3012 2903 3310 2959; x_wconf 83' lang='lat' dir='ltr'><strong>Mardaitas</strong></span> <span class='ocrx_word' id='word_1_426' title='bbox 3330 2905 3395 2958; x_wconf 88' lang='lat' dir='ltr'><strong>ad</strong></span> <span class='ocrx_word' id='word_1_427' title='bbox 3427 2904 3574 2958; x_wconf 87' lang='lat' dir='ltr'><strong>duo-</strong></span> 
     </span>
    </p>
   </div>
   <div class='ocr_carea' id='block_1_59' title="bbox 1981 2996 3574 3067">
    <p class='ocr_par' dir='ltr' id='par_1_59' title="bbox 1981 2996 3574 3067">
     <span class='ocr_line' id='line_1_59' title="bbox 1981 2996 3574 3067; baseline 0.003 -20"><span class='ocrx_word' id='word_1_428' title='bbox 1981 2997 2158 3050; x_wconf 85' lang='lat' dir='ltr'><strong>decim</strong></span> <span class='ocrx_word' id='word_1_429' title='bbox 2211 2997 2381 3050; x_wconf 90' lang='lat' dir='ltr'><strong>millia</strong></span> <span class='ocrx_word' id='word_1_430' title='bbox 2426 2997 2747 3067; x_wconf 85' lang='lat' dir='ltr'><strong>imperator,</strong></span> <span class='ocrx_word' id='word_1_431' title='bbox 2797 2996 3101 3051; x_wconf 77' lang='lat' dir='ltr'><strong>Romanam</strong></span> <span class='ocrx_word' id='word_1_432' title='bbox 3165 2997 3464 3066; x_wconf 88' lang='lat' dir='ltr'><strong>potentiam</strong></span> <span class='ocrx_word' id='word_1_433' title='bbox 3505 3011 3574 3051; x_wconf 88' lang='lat' dir='ltr'><strong>eo</strong></span> 
     </span>
    </p>
   </div>
   <div class='ocr_carea' id='block_1_60' title="bbox 1982 3085 3571 3156">
    <p class='ocr_par' dir='ltr' id='par_1_60' title="bbox 1982 3085 3571 3156">
     <span class='ocr_line' id='line_1_60' title="bbox 1982 3085 3571 3156; baseline -0.001 -17"><span class='ocrx_word' id='word_1_434' title='bbox 1982 3085 2128 3140; x_wconf 82' lang='lat' dir='ltr'><strong>facto</strong></span> <span class='ocrx_word' id='word_1_435' title='bbox 2158 3087 2534 3149; x_wconf 89' lang='lat' dir='ltr'><strong>mutilaturus,</strong></span> <span class='ocrx_word' id='word_1_436' title='bbox 2564 3102 2594 3140; x_wconf 91' lang='lat' dir='ltr'><strong>e</strong></span> <span class='ocrx_word' id='word_1_437' title='bbox 2623 3087 2742 3141; x_wconf 88' lang='lat' dir='ltr'><strong>loco</strong></span> <span class='ocrx_word' id='word_1_438' title='bbox 2767 3087 2950 3156; x_wconf 89' lang='lat' dir='ltr'><strong>priore</strong></span> <span class='ocrx_word' id='word_1_439' title='bbox 2980 3086 3230 3140; x_wconf 89' lang='lat' dir='ltr'><strong>sustulit.</strong></span> <span class='ocrx_word' id='word_1_440' title='bbox 3259 3085 3392 3152; x_wconf 69' lang='lat' dir='ltr'><strong>Quae</strong></span> <span class='ocrx_word' id='word_1_441' title='bbox 3421 3086 3571 3139; x_wconf 90' lang='lat' dir='ltr'><strong>enim</strong></span> 
     </span>
    </p>
   </div>
   <div class='ocr_carea' id='block_1_61' title="bbox 1981 3177 3578 3248">
    <p class='ocr_par' dir='ltr' id='par_1_61' title="bbox 1981 3177 3578 3248">
     <span class='ocr_line' id='line_1_61' title="bbox 1981 3177 3578 3248; baseline -0.003 -16"><span class='ocrx_word' id='word_1_442' title='bbox 1981 3178 2234 3232; x_wconf 86' lang='lat' dir='ltr'><strong>civitates</strong></span> <span class='ocrx_word' id='word_1_443' title='bbox 2270 3177 2432 3248; x_wconf 81' lang='lat'><strong>303</strong></span> <span class='ocrx_word' id='word_1_444' title='bbox 2483 3179 2537 3231; x_wconf 91' lang='lat' dir='ltr'><strong>in</strong></span> <span class='ocrx_word' id='word_1_445' title='bbox 2583 3179 2852 3232; x_wconf 90' lang='lat' dir='ltr'><strong>montium</strong></span> <span class='ocrx_word' id='word_1_446' title='bbox 2900 3177 3280 3232; x_wconf 86' lang='lat' dir='ltr'><strong>cacuminibus</strong></span> <span class='ocrx_word' id='word_1_447' title='bbox 3317 3177 3436 3230; x_wconf 70' lang='lat' dir='ltr'><strong>sitae</strong></span> <span class='ocrx_word' id='word_1_448' title='bbox 3484 3177 3578 3228; x_wconf 86' lang='lat' dir='ltr'><strong>in-</strong></span> 
     </span>
    </p>
   </div>
   <div class='ocr_carea' id='block_1_62' title="bbox 1981 3265 3574 3339">
    <p class='ocr_par' dir='ltr' id='par_1_62' title="bbox 1981 3265 3574 3339">
     <span class='ocr_line' id='line_1_62' title="bbox 1981 3265 3574 3339; baseline -0.002 -16"><span class='ocrx_word' id='word_1_449' title='bbox 1981 3271 2240 3324; x_wconf 89' lang='lat' dir='ltr'><strong>coluntur</strong></span> <span class='ocrx_word' id='word_1_450' title='bbox 2305 3273 2373 3323; x_wconf 89' lang='lat' dir='ltr'><strong>ab</strong></span> <span class='ocrx_word' id='word_1_451' title='bbox 2425 3270 2709 3323; x_wconf 83' lang='lat' dir='ltr'><strong>Arabibus</strong></span> <span class='ocrx_word' id='word_1_452' title='bbox 2755 3283 2784 3321; x_wconf 89' lang='lat' dir='ltr'><strong>a</strong></span> <span class='ocrx_word' id='word_1_453' title='bbox 2831 3267 3182 3339; x_wconf 69' lang='lat' dir='ltr'><strong>Mopsuestia:</strong></span> <span class='ocrx_word' id='word_1_454' title='bbox 3223 3267 3459 3321; x_wconf 86' lang='lat' dir='ltr'><strong>termino</strong></span> <span class='ocrx_word' id='word_1_455' title='bbox 3502 3265 3574 3321; x_wconf 86' lang='lat' dir='ltr'><strong>ad</strong></span> 
     </span>
    </p>
   </div>
   <div class='ocr_carea' id='block_1_63' title="bbox 1981 3357 3571 3431">
    <p class='ocr_par' dir='ltr' id='par_1_63' title="bbox 1981 3357 3571 3431">
     <span class='ocr_line' id='line_1_63' title="bbox 1981 3357 3571 3431; baseline -0.004 -16"><span class='ocrx_word' id='word_1_456' title='bbox 1981 3373 2234 3431; x_wconf 87' lang='lat' dir='ltr'><strong>quartam</strong></span> <span class='ocrx_word' id='word_1_457' title='bbox 2265 3377 2440 3431; x_wconf 89' lang='lat' dir='ltr'><strong>usque</strong></span> <span class='ocrx_word' id='word_1_458' title='bbox 2461 3360 2797 3424; x_wconf 86' lang='lat' dir='ltr'><strong>Armeniam,</strong></span> <span class='ocrx_word' id='word_1_459' title='bbox 2820 3369 3035 3415; x_wconf 74' lang='lat' dir='ltr'><strong>cuncta:</strong></span> <span class='ocrx_word' id='word_1_460' title='bbox 3052 3359 3121 3413; x_wconf 85' lang='lat' dir='ltr'><strong>ob</strong></span> <span class='ocrx_word' id='word_1_461' title='bbox 3152 3357 3571 3422; x_wconf 73' lang='lat' dir='ltr'><strong>Mardaitarum,</strong></span> 
     </span>
    </p>
   </div>
   <div class='ocr_carea' id='block_1_64' title="bbox 1982 3447 3573 3522">
    <p class='ocr_par' dir='ltr' id='par_1_64' title="bbox 1982 3447 3573 3522">
     <span class='ocr_line' id='line_1_64' title="bbox 1982 3447 3573 3522; baseline -0.003 -16"><span class='ocrx_word' id='word_1_462' title='bbox 1982 3454 2074 3522; x_wconf 92' lang='lat' dir='ltr'><strong>qui</strong></span> <span class='ocrx_word' id='word_1_463' title='bbox 2108 3453 2368 3522; x_wconf 83' lang='lat' dir='ltr'><strong>deinceps</strong></span> <span class='ocrx_word' id='word_1_464' title='bbox 2391 3453 2628 3522; x_wconf 85' lang='lat' dir='ltr'><strong>repressi</strong></span> <span class='ocrx_word' id='word_1_465' title='bbox 2647 3460 2796 3518; x_wconf 89' lang='lat' dir='ltr'><strong>sunt,</strong></span> <span class='ocrx_word' id='word_1_466' title='bbox 2818 3451 3179 3507; x_wconf 85' lang='lat' dir='ltr'><strong>excursiones</strong></span> <span class='ocrx_word' id='word_1_467' title='bbox 3209 3447 3573 3503; x_wconf 89' lang='lat' dir='ltr'><strong>munimentis</strong></span> 
     </span>
    </p>
   </div>
   <div class='ocr_carea' id='block_1_65' title="bbox 1983 3536 3574 3596">
    <p class='ocr_par' dir='ltr' id='par_1_65' title="bbox 1983 3536 3574 3596">
     <span class='ocr_line' id='line_1_65' title="bbox 1983 3536 3574 3596; baseline -0.004 0"><span class='ocrx_word' id='word_1_468' title='bbox 1983 3543 2216 3596; x_wconf 80' lang='lat' dir='ltr'><strong>inﬁrma:</strong></span> <span class='ocrx_word' id='word_1_469' title='bbox 2238 3554 2293 3596; x_wconf 88' lang='lat' dir='ltr'><strong>et</strong></span> <span class='ocrx_word' id='word_1_470' title='bbox 2329 3541 2735 3596; x_wconf 86' lang='lat' dir='ltr'><strong>habitatoribus</strong></span> <span class='ocrx_word' id='word_1_471' title='bbox 2771 3555 2957 3595; x_wconf 74' lang='lat' dir='ltr'><strong>vacua:</strong></span> <span class='ocrx_word' id='word_1_472' title='bbox 2989 3540 3350 3594; x_wconf 79' lang='lat' dir='ltr'><strong>exsistebant.</strong></span> <span class='ocrx_word' id='word_1_473' title='bbox 3395 3536 3574 3591; x_wconf 88' lang='lat' dir='ltr'><strong>Gene-</strong></span> 
     </span>
    </p>
   </div>
   <div class='ocr_carea' id='block_1_66' title="bbox 282 3629 3574 3708">
    <p class='ocr_par' dir='ltr' id='par_1_66' title="bbox 282 3629 3574 3708">
     <span class='ocr_line' id='line_1_66' title="bbox 282 3629 3574 3708; baseline -0.001 -22"><span class='ocrx_word' id='word_1_474' title='bbox 282 3647 412 3687; x_wconf 88' lang='lat' dir='ltr'><strong>rum</strong></span> <span class='ocrx_word' id='word_1_475' title='bbox 467 3649 601 3690; x_wconf 86' lang='lat' dir='ltr'><strong>sane</strong></span> <span class='ocrx_word' id='word_1_476' title='bbox 651 3635 896 3690; x_wconf 85' lang='lat' dir='ltr'><strong>omnium</strong></span> <span class='ocrx_word' id='word_1_477' title='bbox 935 3635 1279 3692; x_wconf 81' lang='lat' dir='ltr'><strong>calamitates</strong></span> <span class='ocrx_word' id='word_1_478' title='bbox 1305 3647 1360 3691; x_wconf 91' lang='lat' dir='ltr'><strong>et</strong></span> <span class='ocrx_word' id='word_1_479' title='bbox 1391 3635 1622 3692; x_wconf 80' lang='lat' dir='ltr'><strong>adversa</strong></span> <span class='ocrx_word' id='word_1_480' title='bbox 1663 3635 1872 3708; x_wconf 79' lang='lat' dir='ltr'><strong>quaevis</strong></span> <span class='ocrx_word' id='word_1_481' title='bbox 1909 3637 1966 3693; x_wconf 92' lang='lat' dir='ltr'><strong>in</strong></span> <span class='ocrx_word' id='word_1_482' title='bbox 1997 3637 2304 3692; x_wconf 79' lang='lat' dir='ltr'><strong>Romanam</strong></span> <span class='ocrx_word' id='word_1_483' title='bbox 2329 3636 2592 3692; x_wconf 81' lang='lat' dir='ltr'><strong>ditionem</strong></span> <span class='ocrx_word' id='word_1_484' title='bbox 2625 3635 2695 3690; x_wconf 87' lang='lat' dir='ltr'><strong>ab</strong></span> <span class='ocrx_word' id='word_1_485' title='bbox 2723 3649 2786 3690; x_wconf 90' lang='lat' dir='ltr'><strong>ea</strong></span> <span class='ocrx_word' id='word_1_486' title='bbox 2815 3634 2904 3689; x_wconf 90' lang='lat' dir='ltr'><strong>die</strong></span> <span class='ocrx_word' id='word_1_487' title='bbox 2934 3633 2990 3688; x_wconf 89' lang='lat' dir='ltr'><strong>in</strong></span> <span class='ocrx_word' id='word_1_488' title='bbox 3021 3632 3161 3687; x_wconf 87' lang='lat' dir='ltr'><strong>hanc</strong></span> <span class='ocrx_word' id='word_1_489' title='bbox 3229 3645 3405 3701; x_wconf 85' lang='lat' dir='ltr'><strong>usque</strong></span> <span class='ocrx_word' id='word_1_490' title='bbox 3470 3629 3574 3684; x_wconf 86' lang='lat' dir='ltr'><strong>bo-</strong></span> 
     </span>
    </p>
   </div>
   <div class='ocr_carea' id='block_1_67' title="bbox 280 3727 1357 3798">
    <p class='ocr_par' dir='ltr' id='par_1_67' title="bbox 280 3727 1357 3798">
     <span class='ocr_line' id='line_1_67' title="bbox 280 3727 1357 3798; baseline 0.001 -17"><span class='ocrx_word' id='word_1_491' title='bbox 280 3741 408 3782; x_wconf 81' lang='lat' dir='ltr'><strong>ram</strong></span> <span class='ocrx_word' id='word_1_492' title='bbox 443 3729 686 3782; x_wconf 81' lang='lat' dir='ltr'><strong>Arabum</strong></span> <span class='ocrx_word' id='word_1_493' title='bbox 717 3742 886 3798; x_wconf 89' lang='lat' dir='ltr'><strong>opera</strong></span> <span class='ocrx_word' id='word_1_494' title='bbox 922 3727 1357 3782; x_wconf 86' lang='lat' dir='ltr'><strong>inundaverunt.</strong></span> 
     </span>
    </p>
   </div>
   <div class='ocr_carea' id='block_1_68' title="bbox 358 3819 1872 3892">
    <p class='ocr_par' dir='ltr' id='par_1_68' title="bbox 358 3819 1872 3892">
     <span class='ocr_line' id='line_1_68' title="bbox 358 3819 1872 3892; baseline 0.001 -17"><span class='ocrx_word' id='word_1_495' title='bbox 358 3824 406 3875; x_wconf 90' lang='grc' dir='ltr'><strong>Τ</strong></span> <span class='ocrx_word' id='word_1_496' title='bbox 411 3820 456 3891; x_wconf 85' lang='grc' dir='ltr'>ᾦ</span> <span class='ocrx_word' id='word_1_497' title='bbox 487 3820 531 3875; x_wconf 83' lang='grc' dir='ltr'>δ’</span> <span class='ocrx_word' id='word_1_498' title='bbox 556 3823 708 3889; x_wconf 84' lang='grc' dir='ltr'>αὑτῳ</span> <span class='ocrx_word' id='word_1_499' title='bbox 733 3820 846 3873; x_wconf 73' lang='grc' dir='ltr'>ἔτει</span> <span class='ocrx_word' id='word_1_500' title='bbox 898 3819 1110 3889; x_wconf 81' lang='grc' dir='ltr'>πέμπει</span> <span class='ocrx_word' id='word_1_501' title='bbox 1145 3819 1435 3892; x_wconf 81' lang='grc' dir='ltr'>’Δϐιμέλεχ</span> <span class='ocrx_word' id='word_1_502' title='bbox 1461 3819 1682 3876; x_wconf 83' lang='grc' dir='ltr'>Ζίανδον</span> <span class='ocrx_word' id='word_1_503' title='bbox 1703 3824 1749 3855; x_wconf 83' lang='grc'><strong>²⁹</strong></span> <span class='ocrx_word' id='word_1_504' title='bbox 1778 3822 1872 3876; x_wconf 82' lang='grc' dir='ltr'><strong>τὸν</strong></span> 
     </span>
    </p>
   </div>
   <div class='ocr_carea' id='block_1_69' title="bbox 279 3909 1877 3985">
    <p class='ocr_par' dir='ltr' id='par_1_69' title="bbox 279 3909 1877 3985">
     <span class='ocr_line' id='line_1_69' title="bbox 279 3909 1877 3985; baseline -0.003 -16"><span class='ocrx_word' id='word_1_505' title='bbox 279 3913 525 3985; x_wconf 78' lang='grc' dir='ltr'>ἀδελφὸν</span> <span class='ocrx_word' id='word_1_506' title='bbox 567 3911 785 3966; x_wconf 80' lang='grc' dir='ltr'><strong>Μαυῖου</strong></span> <span class='ocrx_word' id='word_1_507' title='bbox 831 3909 911 3974; x_wconf 79' lang='grc' dir='ltr'><strong>εἰς</strong></span> <span class='ocrx_word' id='word_1_508' title='bbox 962 3909 1201 3982; x_wconf 87' lang='grc' dir='ltr'>Περσίδα</span> <span class='ocrx_word' id='word_1_509' title='bbox 1241 3909 1386 3965; x_wconf 81' lang='grc' dir='ltr'>κατὰ</span> <span class='ocrx_word' id='word_1_510' title='bbox 1415 3911 1677 3984; x_wconf 82' lang='grc' dir='ltr'>Μουχτὰρ</span> <span class='ocrx_word' id='word_1_511' title='bbox 1713 3912 1758 3944; x_wconf 82' lang='grc'><strong>⁸⁸</strong></span> <span class='ocrx_word' id='word_1_512' title='bbox 1780 3911 1877 3966; x_wconf 83' lang='grc' dir='ltr'>τοῦ</span> 
     </span>
    </p>
   </div>
   <div class='ocr_carea' id='block_1_70' title="bbox 278 3979 1880 4078">
    <p class='ocr_par' dir='ltr' id='par_1_70' title="bbox 278 3979 1880 4078">
     <span class='ocr_line' id='line_1_70' title="bbox 278 3979 1880 4078; baseline -0.001 -19"><span class='ocrx_word' id='word_1_513' title='bbox 278 3979 530 4078; x_wconf 67' lang='grc' dir='ltr'>ψεύστϐυ</span> <span class='ocrx_word' id='word_1_514' title='bbox 589 4003 686 4058; x_wconf 68' lang='grc' dir='ltr'><strong>καὶ</strong></span> <span class='ocrx_word' id='word_1_515' title='bbox 736 3979 1175 4074; x_wconf 39' lang='grc' dir='ltr'>τυράννουίΚαὶ</span> <span class='ocrx_word' id='word_1_516' title='bbox 1229 4003 1473 4075; x_wconf 83' lang='grc' dir='ltr'><strong>ἀνῃρέθη</strong></span> <span class='ocrx_word' id='word_1_517' title='bbox 1522 3979 1746 4068; x_wconf 14' lang='grc' dir='ltr'>Ζίίανδος</span> <span class='ocrx_word' id='word_1_518' title='bbox 1773 4004 1880 4059; x_wconf 80' lang='grc' dir='ltr'><strong>ὑπὸ</strong></span> 
     </span>
    </p>
   </div>
   <div class='ocr_carea' id='block_1_71' title="bbox 280 4094 1881 4170">
    <p class='ocr_par' dir='ltr' id='par_1_71' title="bbox 280 4094 1881 4170">
     <span class='ocr_line' id='line_1_71' title="bbox 280 4094 1881 4170; baseline -0.002 -16"><span class='ocrx_word' id='word_1_519' title='bbox 280 4099 577 4170; x_wconf 76' lang='grc' dir='ltr'>Μουχτάρ.</span> <span class='ocrx_word' id='word_1_520' title='bbox 613 4098 725 4151; x_wconf 77' lang='grc' dir='ltr'>Καὶ</span> <span class='ocrx_word' id='word_1_521' title='bbox 750 4095 992 4158; x_wconf 77' lang='grc' dir='ltr'>ἀκούσας</span> <span class='ocrx_word' id='word_1_522' title='bbox 1012 4094 1308 4166; x_wconf 84' lang='grc' dir='ltr'>Ἀϐιμέλεχ</span> <span class='ocrx_word' id='word_1_523' title='bbox 1333 4095 1558 4168; x_wconf 79' lang='grc' dir='ltr'>ἔρχεται</span> <span class='ocrx_word' id='word_1_524' title='bbox 1591 4099 1673 4161; x_wconf 82' lang='grc' dir='ltr'>είς</span> <span class='ocrx_word' id='word_1_525' title='bbox 1700 4099 1881 4152; x_wconf 76' lang='lat' dir='ltr'><strong>Meco-</strong></span> 
     </span>
    </p>
   </div>
   <div class='ocr_carea' id='block_1_72' title="bbox 287 4187 1883 4261">
    <p class='ocr_par' dir='ltr' id='par_1_72' title="bbox 287 4187 1883 4261">
     <span class='ocr_line' id='line_1_72' title="bbox 287 4187 1883 4261; baseline 0.001 -18"><span class='ocrx_word' id='word_1_526' title='bbox 287 4189 592 4261; x_wconf 74' lang='grc' dir='ltr'>ποταμίαν,</span> <span class='ocrx_word' id='word_1_527' title='bbox 619 4190 715 4242; x_wconf 73' lang='grc' dir='ltr'>καὶ</span> <span class='ocrx_word' id='word_1_528' title='bbox 745 4188 1095 4261; x_wconf 78' lang='grc' dir='ltr'>τυραννεῖται</span> <span class='ocrx_word' id='word_1_529' title='bbox 1114 4187 1220 4241; x_wconf 79' lang='grc' dir='ltr'><strong>ὑπὸ</strong></span> <span class='ocrx_word' id='word_1_530' title='bbox 1234 4188 1425 4243; x_wconf 75' lang='grc' dir='ltr'>Σαῒδου</span> <span class='ocrx_word' id='word_1_531' title='bbox 1445 4203 1460 4218; x_wconf 77' lang='grc'><strong><em>⁸</em></strong></span> <span class='ocrx_word' id='word_1_532' title='bbox 1483 4187 1543 4242; x_wconf 81' lang='grc' dir='ltr'>ὃν</span> <span class='ocrx_word' id='word_1_533' title='bbox 1567 4188 1883 4245; x_wconf 77' lang='grc' dir='ltr'>ἐπανελθὼν</span> 
     </span>
    </p>
   </div>
   <div class='ocr_carea' id='block_1_73' title="bbox 283 4278 1879 4354">
    <p class='ocr_par' dir='ltr' id='par_1_73' title="bbox 283 4278 1879 4354">
     <span class='ocr_line' id='line_1_73' title="bbox 283 4278 1879 4354; baseline -0.001 -18"><span class='ocrx_word' id='word_1_534' title='bbox 283 4283 381 4336; x_wconf 74' lang='grc' dir='ltr'>διὰ</span> <span class='ocrx_word' id='word_1_535' title='bbox 403 4281 564 4352; x_wconf 72' lang='grc' dir='ltr'>λόγου</span> <span class='ocrx_word' id='word_1_536' title='bbox 587 4281 686 4354; x_wconf 77' lang='grc' dir='ltr'><strong>τὴν</strong></span> <span class='ocrx_word' id='word_1_537' title='bbox 700 4279 993 4352; x_wconf 74' lang='grc' dir='ltr'>Δαμασκὸν</span> <span class='ocrx_word' id='word_1_538' title='bbox 1020 4279 1285 4335; x_wconf 74' lang='grc' dir='ltr'>πέπεικεν</span> <span class='ocrx_word' id='word_1_539' title='bbox 1314 4278 1524 4346; x_wconf 79' lang='grc' dir='ltr'>ἀνοῖξαι</span> <span class='ocrx_word' id='word_1_540' title='bbox 1541 4281 1641 4352; x_wconf 80' lang='grc' dir='ltr'><strong>τὴν</strong></span> <span class='ocrx_word' id='word_1_541' title='bbox 1664 4298 1879 4352; x_wconf 86' lang='grc' dir='ltr'>προκα-</span> 
     </span>
    </p>
   </div>
   <div class='ocr_carea' id='block_1_74' title="bbox 285 4372 1883 4445">
    <p class='ocr_par' dir='ltr' id='par_1_74' title="bbox 285 4372 1883 4445">
     <span class='ocr_line' id='line_1_74' title="bbox 285 4372 1883 4445; baseline 0 -17"><span class='ocrx_word' id='word_1_542' title='bbox 285 4373 668 4444; x_wconf 79' lang='grc' dir='ltr'>ταληφθείσαν</span> <span class='ocrx_word' id='word_1_543' title='bbox 689 4373 781 4427; x_wconf 77' lang='grc' dir='ltr'>ὑπ’</span> <span class='ocrx_word' id='word_1_544' title='bbox 805 4373 996 4439; x_wconf 81' lang='grc' dir='ltr'>αὐτοῦ,</span> <span class='ocrx_word' id='word_1_545' title='bbox 1017 4373 1111 4428; x_wconf 79' lang='grc' dir='ltr'>καὶ</span> <span class='ocrx_word' id='word_1_546' title='bbox 1135 4372 1275 4445; x_wconf 81' lang='grc' dir='ltr'>μετὰ</span> <span class='ocrx_word' id='word_1_547' title='bbox 1295 4373 1454 4426; x_wconf 84' lang='grc' dir='ltr'>τοῦτο</span> <span class='ocrx_word' id='word_1_548' title='bbox 1479 4373 1756 4442; x_wconf 81' lang='grc' dir='ltr'>δολοφονετ</span> <span class='ocrx_word' id='word_1_549' title='bbox 1788 4374 1883 4428; x_wconf 79' lang='grc' dir='ltr'><strong>αὺ-</strong></span> 
     </span>
    </p>
   </div>
   <div class='ocr_carea' id='block_1_75' title="bbox 287 4462 1878 4537">
    <p class='ocr_par' dir='ltr' id='par_1_75' title="bbox 287 4462 1878 4537">
     <span class='ocr_line' id='line_1_75' title="bbox 287 4462 1878 4537; baseline 0.001 -17"><span class='ocrx_word' id='word_1_550' title='bbox 287 4467 409 4520; x_wconf 78' lang='grc' dir='ltr'>τόν.</span> <span class='ocrx_word' id='word_1_551' title='bbox 425 4466 796 4530; x_wconf 80' lang='grc' dir='ltr'>Ἰουστινιανδς</span> <span class='ocrx_word' id='word_1_552' title='bbox 815 4465 875 4520; x_wconf 83' lang='grc' dir='ltr'>δὲ</span> <span class='ocrx_word' id='word_1_553' title='bbox 903 4465 1166 4537; x_wconf 73' lang='grc' dir='ltr'>νεώτερος</span> <span class='ocrx_word' id='word_1_554' title='bbox 1193 4463 1290 4528; x_wconf 84' lang='grc' dir='ltr'>ὢν,</span> <span class='ocrx_word' id='word_1_555' title='bbox 1313 4463 1391 4527; x_wconf 80' lang='grc' dir='ltr'><strong>ὡς</strong></span> <span class='ocrx_word' id='word_1_556' title='bbox 1409 4462 1484 4529; x_wconf 85' lang='grc' dir='ltr'><strong>ις’</strong></span> <span class='ocrx_word' id='word_1_557' title='bbox 1499 4465 1708 4537; x_wconf 85' lang='grc' dir='ltr'>χρόνων</span> <span class='ocrx_word' id='word_1_558' title='bbox 1742 4465 1878 4535; x_wconf 76' lang='lat'><strong>(59),</strong></span> 
     </span>
    </p>
   </div>
   <div class='ocr_carea' id='block_1_76' title="bbox 289 4557 1879 4624">
    <p class='ocr_par' dir='ltr' id='par_1_76' title="bbox 289 4557 1879 4624">
     <span class='ocr_line' id='line_1_76' title="bbox 289 4557 1879 4624; baseline 0 -13"><span class='ocrx_word' id='word_1_559' title='bbox 289 4562 396 4612; x_wconf 79' lang='grc' dir='ltr'><strong>καὶ</strong></span> <span class='ocrx_word' id='word_1_560' title='bbox 453 4557 702 4622; x_wconf 80' lang='grc' dir='ltr'>ἀϐούλως</span> <span class='ocrx_word' id='word_1_561' title='bbox 745 4559 816 4612; x_wconf 82' lang='grc' dir='ltr'><strong>τά</strong></span> <span class='ocrx_word' id='word_1_562' title='bbox 870 4560 993 4613; x_wconf 86' lang='grc' dir='ltr'>κατ’</span> <span class='ocrx_word' id='word_1_563' title='bbox 1039 4559 1202 4612; x_wconf 81' lang='grc' dir='ltr'>αὐτὸν</span> <span class='ocrx_word' id='word_1_564' title='bbox 1247 4557 1504 4624; x_wconf 84' lang='grc' dir='ltr'>διοικῶν,</span> <span class='ocrx_word' id='word_1_565' title='bbox 1556 4557 1879 4611; x_wconf 84' lang='grc' dir='ltr'>ἀποστέλλει</span> 
     </span>
    </p>
   </div>
   <div class='ocr_carea' id='block_1_77' title="bbox 292 4649 1878 4723">
    <p class='ocr_par' dir='ltr' id='par_1_77' title="bbox 292 4649 1878 4723">
     <span class='ocr_line' id='line_1_77' title="bbox 292 4649 1878 4723; baseline 0 -18"><span class='ocrx_word' id='word_1_566' title='bbox 292 4651 556 4705; x_wconf 80' lang='grc' dir='ltr'>Λεόντιον</span> <span class='ocrx_word' id='word_1_567' title='bbox 575 4651 669 4705; x_wconf 75' lang='grc' dir='ltr'><strong>τὸν</strong></span> <span class='ocrx_word' id='word_1_568' title='bbox 725 4651 1032 4723; x_wconf 83' lang='grc' dir='ltr'>στρατηγὸν</span> <span class='ocrx_word' id='word_1_569' title='bbox 1081 4651 1174 4704; x_wconf 73' lang='grc' dir='ltr'><strong>ἐπὶ</strong></span> <span class='ocrx_word' id='word_1_570' title='bbox 1195 4650 1292 4720; x_wconf 85' lang='grc' dir='ltr'>τὴν</span> <span class='ocrx_word' id='word_1_571' title='bbox 1325 4651 1366 4682; x_wconf 88' lang='grc'><strong>³¹</strong></span> <span class='ocrx_word' id='word_1_572' title='bbox 1398 4649 1694 4722; x_wconf 81' lang='grc' dir='ltr'>’Δρμενίαν</span> <span class='ocrx_word' id='word_1_573' title='bbox 1738 4650 1878 4722; x_wconf 84' lang='grc' dir='ltr'>μετὰ</span> 
     </span>
    </p>
   </div>
   <div class='ocr_carea' id='block_1_78' title="bbox 305 4741 1878 4814">
    <p class='ocr_par' dir='ltr' id='par_1_78' title="bbox 305 4741 1878 4814">
     <span class='ocr_line' id='line_1_78' title="bbox 305 4741 1878 4814; baseline 0.001 -20"><span class='ocrx_word' id='word_1_574' title='bbox 305 4741 628 4812; x_wconf 80' lang='grc' dir='ltr'>Ῥωμαῖκῆς</span> <span class='ocrx_word' id='word_1_575' title='bbox 659 4741 964 4812; x_wconf 83' lang='grc' dir='ltr'>δυνάμεως,</span> <span class='ocrx_word' id='word_1_576' title='bbox 1017 4743 1266 4805; x_wconf 73' lang='grc' dir='ltr'>καὶτοὺς</span> <span class='ocrx_word' id='word_1_577' title='bbox 1308 4743 1487 4795; x_wconf 71' lang='grc' dir='ltr'>ἐκεῖσε</span> <span class='ocrx_word' id='word_1_578' title='bbox 1523 4742 1878 4814; x_wconf 82' lang='grc' dir='ltr'>Σαρακηνοὺς</span> 
     </span>
    </p>
   </div>
   <div class='ocr_carea' id='block_1_79' title="bbox 290 4833 1877 4907">
    <p class='ocr_par' dir='ltr' id='par_1_79' title="bbox 290 4833 1877 4907">
     <span class='ocr_line' id='line_1_79' title="bbox 290 4833 1877 4907; baseline 0.001 -22"><span class='ocrx_word' id='word_1_579' title='bbox 290 4835 539 4900; x_wconf 79' lang='grc' dir='ltr'>κτείνας,</span> <span class='ocrx_word' id='word_1_580' title='bbox 571 4833 867 4888; x_wconf 74' lang='grc' dir='ltr'>ὑποτάσσει</span> <span class='ocrx_word' id='word_1_581' title='bbox 907 4833 1202 4905; x_wconf 82' lang='grc' dir='ltr'>Ῥωμαίοις</span> <span class='ocrx_word' id='word_1_582' title='bbox 1228 4833 1492 4898; x_wconf 84' lang='grc' dir='ltr'>ὡσαύτως</span> <span class='ocrx_word' id='word_1_583' title='bbox 1515 4835 1609 4889; x_wconf 76' lang='grc' dir='ltr'>καὶ</span> <span class='ocrx_word' id='word_1_584' title='bbox 1636 4834 1877 4907; x_wconf 83' lang='grc' dir='ltr'>Ἰϐηρίαν</span> 
     </span>
    </p>
   </div>
   <div class='ocr_carea' id='block_1_80' title="bbox 2052 3812 3570 3873">
    <p class='ocr_par' dir='ltr' id='par_1_80' title="bbox 2052 3812 3570 3873">
     <span class='ocr_line' id='line_1_80' title="bbox 2052 3812 3570 3873; baseline 0.001 -1"><span class='ocrx_word' id='word_1_585' title='bbox 2052 3817 2166 3872; x_wconf 83' lang='lat' dir='ltr'><strong>Hoc</strong></span> <span class='ocrx_word' id='word_1_586' title='bbox 2214 3819 2381 3872; x_wconf 89' lang='lat' dir='ltr'><strong>etiam</strong></span> <span class='ocrx_word' id='word_1_587' title='bbox 2441 3833 2587 3873; x_wconf 91' lang='lat' dir='ltr'><strong>anno</strong></span> <span class='ocrx_word' id='word_1_588' title='bbox 2641 3815 2956 3872; x_wconf 86' lang='lat' dir='ltr'><strong>Abimelech</strong></span> <span class='ocrx_word' id='word_1_589' title='bbox 3014 3815 3282 3870; x_wconf 88' lang='lat' dir='ltr'><strong>Ziandum</strong></span> <span class='ocrx_word' id='word_1_590' title='bbox 3345 3812 3570 3872; x_wconf 78' lang='lat' dir='ltr'><strong>fratrem</strong></span> 
     </span>
    </p>
   </div>
   <div class='ocr_carea' id='block_1_81' title="bbox 1981 3905 3574 3981">
    <p class='ocr_par' dir='ltr' id='par_1_81' title="bbox 1981 3905 3574 3981">
     <span class='ocr_line' id='line_1_81' title="bbox 1981 3905 3574 3981; baseline -0.004 -16"><span class='ocrx_word' id='word_1_591' title='bbox 1981 3910 2173 3966; x_wconf 69' lang='lat' dir='ltr'><strong>Mevia:</strong></span> <span class='ocrx_word' id='word_1_592' title='bbox 2203 3910 2473 3966; x_wconf 86' lang='lat' dir='ltr'><strong>adversus</strong></span> <span class='ocrx_word' id='word_1_593' title='bbox 2502 3911 2862 3981; x_wconf 90' lang='lat' dir='ltr'><strong>impostorem</strong></span> <span class='ocrx_word' id='word_1_594' title='bbox 2893 3917 2951 3964; x_wconf 89' lang='lat' dir='ltr'><strong>et</strong></span> <span class='ocrx_word' id='word_1_595' title='bbox 2988 3918 3286 3979; x_wconf 82' lang='lat' dir='ltr'><strong>tyrannum</strong></span> <span class='ocrx_word' id='word_1_596' title='bbox 3316 3905 3574 3961; x_wconf 80' lang='lat' dir='ltr'><strong>Muchtar</strong></span> 
     </span>
    </p>
   </div>
   <div class='ocr_carea' id='block_1_82' title="bbox 1980 3995 3575 4068">
    <p class='ocr_par' dir='ltr' id='par_1_82' title="bbox 1980 3995 3575 4068">
     <span class='ocr_line' id='line_1_82' title="bbox 1980 3995 3575 4068; baseline -0.003 -12"><span class='ocrx_word' id='word_1_597' title='bbox 1980 4001 2037 4057; x_wconf 90' lang='lat' dir='ltr'><strong>in</strong></span> <span class='ocrx_word' id='word_1_598' title='bbox 2065 4001 2352 4057; x_wconf 86' lang='lat' dir='ltr'><strong>Persidem</strong></span> <span class='ocrx_word' id='word_1_599' title='bbox 2395 4002 2572 4068; x_wconf 85' lang='lat' dir='ltr'><strong>misit,</strong></span> <span class='ocrx_word' id='word_1_600' title='bbox 2605 4000 2860 4057; x_wconf 80' lang='lat' dir='ltr'><strong>Mucbtar</strong></span> <span class='ocrx_word' id='word_1_601' title='bbox 2886 4013 3019 4054; x_wconf 87' lang='lat' dir='ltr'><strong>vero</strong></span> <span class='ocrx_word' id='word_1_602' title='bbox 3047 3997 3316 4052; x_wconf 84' lang='lat' dir='ltr'><strong>Ziandum</strong></span> <span class='ocrx_word' id='word_1_603' title='bbox 3347 3995 3575 4051; x_wconf 76' lang='lat' dir='ltr'><strong>interfe-</strong></span> 
     </span>
    </p>
   </div>
   <div class='ocr_carea' id='block_1_83' title="bbox 1984 4089 3570 4164">
    <p class='ocr_par' dir='ltr' id='par_1_83' title="bbox 1984 4089 3570 4164">
     <span class='ocr_line' id='line_1_83' title="bbox 1984 4089 3570 4164; baseline -0.004 -14"><span class='ocrx_word' id='word_1_604' title='bbox 1984 4097 2083 4151; x_wconf 85' lang='lat' dir='ltr'><strong>cit.</strong></span> <span class='ocrx_word' id='word_1_605' title='bbox 2139 4095 2384 4164; x_wconf 81' lang='lat' dir='ltr'><strong>Accepto</strong></span> <span class='ocrx_word' id='word_1_606' title='bbox 2428 4095 2627 4150; x_wconf 89' lang='lat' dir='ltr'><strong>nuntio</strong></span> <span class='ocrx_word' id='word_1_607' title='bbox 2657 4093 2977 4150; x_wconf 87' lang='lat' dir='ltr'><strong>Abimelech</strong></span> <span class='ocrx_word' id='word_1_608' title='bbox 3028 4092 3085 4146; x_wconf 92' lang='lat' dir='ltr'><strong>in</strong></span> <span class='ocrx_word' id='word_1_609' title='bbox 3116 4089 3570 4162; x_wconf 75' lang='lat' dir='ltr'><strong>MesOpotamiam</strong></span> 
     </span>
    </p>
   </div>
   <div class='ocr_carea' id='block_1_84' title="bbox 1983 4181 3572 4260">
    <p class='ocr_par' dir='ltr' id='par_1_84' title="bbox 1983 4181 3572 4260">
     <span class='ocr_line' id='line_1_84' title="bbox 1983 4181 3572 4260; baseline -0.006 -16"><span class='ocrx_word' id='word_1_610' title='bbox 1983 4188 2359 4260; x_wconf 75' lang='lat' dir='ltr'><strong>progreditur.</strong></span> <span class='ocrx_word' id='word_1_611' title='bbox 2429 4189 2640 4243; x_wconf 87' lang='lat' dir='ltr'><strong>Interea</strong></span> <span class='ocrx_word' id='word_1_612' title='bbox 2684 4186 2890 4243; x_wconf 85' lang='lat' dir='ltr'><strong>Saidus</strong></span> <span class='ocrx_word' id='word_1_613' title='bbox 2940 4186 3206 4240; x_wconf 86' lang='lat' dir='ltr'><strong>adversus</strong></span> <span class='ocrx_word' id='word_1_614' title='bbox 3235 4198 3360 4238; x_wconf 87' lang='lat' dir='ltr'><strong>eum</strong></span> <span class='ocrx_word' id='word_1_615' title='bbox 3393 4181 3572 4236; x_wconf 86' lang='lat' dir='ltr'><strong>rebel-</strong></span> 
     </span>
    </p>
   </div>
   <div class='ocr_carea' id='block_1_85' title="bbox 1985 4274 3568 4347">
    <p class='ocr_par' dir='ltr' id='par_1_85' title="bbox 1985 4274 3568 4347">
     <span class='ocr_line' id='line_1_85' title="bbox 1985 4274 3568 4347; baseline -0.007 -10"><span class='ocrx_word' id='word_1_616' title='bbox 1985 4282 2147 4346; x_wconf 86' lang='lat' dir='ltr'><strong>lavit,</strong></span> <span class='ocrx_word' id='word_1_617' title='bbox 2209 4278 2531 4336; x_wconf 87' lang='lat' dir='ltr'><strong>Abimeleeh</strong></span> <span class='ocrx_word' id='word_1_618' title='bbox 2593 4279 2792 4335; x_wconf 78' lang='lat' dir='ltr'><strong>festiue</strong></span> <span class='ocrx_word' id='word_1_619' title='bbox 2854 4291 3142 4347; x_wconf 73' lang='lat' dir='ltr'><strong>regressus</strong></span> <span class='ocrx_word' id='word_1_620' title='bbox 3209 4274 3568 4337; x_wconf 83' lang='lat' dir='ltr'><strong>Damascum,</strong></span> 
     </span>
    </p>
   </div>
   <div class='ocr_carea' id='block_1_86' title="bbox 1983 4364 3570 4444">
    <p class='ocr_par' dir='ltr' id='par_1_86' title="bbox 1983 4364 3570 4444">
     <span class='ocr_line' id='line_1_86' title="bbox 1983 4364 3570 4444; baseline -0.006 -15"><span class='ocrx_word' id='word_1_621' title='bbox 1983 4389 2151 4444; x_wconf 91' lang='lat' dir='ltr'><strong>quam</strong></span> <span class='ocrx_word' id='word_1_622' title='bbox 2186 4371 2389 4428; x_wconf 84' lang='lat' dir='ltr'><strong>Saidus</strong></span> <span class='ocrx_word' id='word_1_623' title='bbox 2415 4371 2520 4428; x_wconf 84' lang='lat' dir='ltr'><strong>sibi</strong></span> <span class='ocrx_word' id='word_1_624' title='bbox 2557 4377 3056 4441; x_wconf 73' lang='lat' dir='ltr'><strong>praeoccupaverat,</strong></span> <span class='ocrx_word' id='word_1_625' title='bbox 3089 4367 3214 4422; x_wconf 82' lang='lat' dir='ltr'><strong>data</strong></span> <span class='ocrx_word' id='word_1_626' title='bbox 3247 4364 3570 4420; x_wconf 82' lang='lat' dir='ltr'><strong>securitatis</strong></span> 
     </span>
    </p>
   </div>
   <div class='ocr_carea' id='block_1_87' title="bbox 1979 4456 3571 4537">
    <p class='ocr_par' dir='ltr' id='par_1_87' title="bbox 1979 4456 3571 4537">
     <span class='ocr_line' id='line_1_87' title="bbox 1979 4456 3571 4537; baseline -0.007 -16"><span class='ocrx_word' id='word_1_627' title='bbox 1979 4466 2088 4522; x_wconf 82' lang='lat' dir='ltr'><strong>ﬁde</strong></span> <span class='ocrx_word' id='word_1_628' title='bbox 2117 4465 2321 4537; x_wconf 88' lang='lat' dir='ltr'><strong>aperiri</strong></span> <span class='ocrx_word' id='word_1_629' title='bbox 2356 4462 2576 4527; x_wconf 87' lang='lat' dir='ltr'><strong>suadet,</strong></span> <span class='ocrx_word' id='word_1_630' title='bbox 2608 4464 2770 4532; x_wconf 84' lang='lat' dir='ltr'><strong>cujus</strong></span> <span class='ocrx_word' id='word_1_631' title='bbox 2804 4461 2899 4516; x_wconf 90' lang='lat' dir='ltr'><strong>ille</strong></span> <span class='ocrx_word' id='word_1_632' title='bbox 2919 4459 3124 4515; x_wconf 86' lang='lat' dir='ltr'><strong>oblitus</strong></span> <span class='ocrx_word' id='word_1_633' title='bbox 3150 4456 3418 4528; x_wconf 88' lang='lat' dir='ltr'><strong>perduelli</strong></span> <span class='ocrx_word' id='word_1_634' title='bbox 3439 4456 3571 4510; x_wconf 90' lang='lat' dir='ltr'><strong>dolo</strong></span> 
     </span>
    </p>
   </div>
   <div class='ocr_carea' id='block_1_88' title="bbox 1981 4546 3570 4621">
    <p class='ocr_par' dir='ltr' id='par_1_88' title="bbox 1981 4546 3570 4621">
     <span class='ocr_line' id='line_1_88' title="bbox 1981 4546 3570 4621; baseline -0.008 -8"><span class='ocrx_word' id='word_1_635' title='bbox 1981 4568 2215 4613; x_wconf 86' lang='lat' dir='ltr'><strong>mortem</strong></span> <span class='ocrx_word' id='word_1_636' title='bbox 2244 4553 2453 4609; x_wconf 89' lang='lat' dir='ltr'><strong>intulit.</strong></span> <span class='ocrx_word' id='word_1_637' title='bbox 2492 4551 2840 4606; x_wconf 84' lang='lat' dir='ltr'><strong>Justinianus</strong></span> <span class='ocrx_word' id='word_1_638' title='bbox 2871 4565 3036 4621; x_wconf 89' lang='lat' dir='ltr'><strong>porro</strong></span> <span class='ocrx_word' id='word_1_639' title='bbox 3070 4563 3195 4604; x_wconf 89' lang='lat' dir='ltr'><strong>cum</strong></span> <span class='ocrx_word' id='word_1_640' title='bbox 3223 4547 3414 4617; x_wconf 85' lang='lat' dir='ltr'><strong>junior</strong></span> <span class='ocrx_word' id='word_1_641' title='bbox 3466 4546 3570 4601; x_wconf 81' lang='lat' dir='ltr'><strong>ad-</strong></span> 
     </span>
    </p>
   </div>
   <div class='ocr_carea' id='block_1_89' title="bbox 1982 4640 3571 4716">
    <p class='ocr_par' dir='ltr' id='par_1_89' title="bbox 1982 4640 3571 4716">
     <span class='ocr_line' id='line_1_89' title="bbox 1982 4640 3571 4716; baseline -0.007 -11"><span class='ocrx_word' id='word_1_642' title='bbox 1982 4652 2111 4716; x_wconf 87' lang='lat' dir='ltr'><strong>huc,</strong></span> <span class='ocrx_word' id='word_1_643' title='bbox 2176 4663 2450 4703; x_wconf 88' lang='lat' dir='ltr'><strong>annorum</strong></span> <span class='ocrx_word' id='word_1_644' title='bbox 2513 4643 2772 4700; x_wconf 85' lang='lat' dir='ltr'><strong>videlicet</strong></span> <span class='ocrx_word' id='word_1_645' title='bbox 2817 4641 3116 4706; x_wconf 80' lang='lat' dir='ltr'><strong>sexdecim,</strong></span> <span class='ocrx_word' id='word_1_646' title='bbox 3164 4640 3484 4706; x_wconf 80' lang='lat' dir='ltr'><strong>exsisteret,</strong></span> <span class='ocrx_word' id='word_1_647' title='bbox 3515 4651 3571 4694; x_wconf 87' lang='lat' dir='ltr'><strong>ct</strong></span> 
     </span>
    </p>
   </div>
   <div class='ocr_carea' id='block_1_90' title="bbox 1984 4731 3570 4807">
    <p class='ocr_par' dir='ltr' id='par_1_90' title="bbox 1984 4731 3570 4807">
     <span class='ocr_line' id='line_1_90' title="bbox 1984 4731 3570 4807; baseline -0.009 -9"><span class='ocrx_word' id='word_1_648' title='bbox 1984 4743 2103 4798; x_wconf 82' lang='lat' dir='ltr'><strong>suis</strong></span> <span class='ocrx_word' id='word_1_649' title='bbox 2126 4739 2460 4796; x_wconf 89' lang='lat' dir='ltr'><strong>inconsultis</strong></span> <span class='ocrx_word' id='word_1_650' title='bbox 2521 4736 2838 4807; x_wconf 70' lang='lat' dir='ltr'><strong>reipublicae</strong></span> <span class='ocrx_word' id='word_1_651' title='bbox 2887 4735 3108 4806; x_wconf 75' lang='lat' dir='ltr'><strong>negotia</strong></span> <span class='ocrx_word' id='word_1_652' title='bbox 3146 4731 3354 4803; x_wconf 73' lang='lat' dir='ltr'><strong>quaevis</strong></span> <span class='ocrx_word' id='word_1_653' title='bbox 3389 4731 3570 4786; x_wconf 86' lang='lat' dir='ltr'><strong>admi-</strong></span> 
     </span>
    </p>
   </div>
   <div class='ocr_carea' id='block_1_91' title="bbox 1981 4823 3570 4898">
    <p class='ocr_par' dir='ltr' id='par_1_91' title="bbox 1981 4823 3570 4898">
     <span class='ocr_line' id='line_1_91' title="bbox 1981 4823 3570 4898; baseline -0.008 -8"><span class='ocrx_word' id='word_1_654' title='bbox 1981 4835 2269 4898; x_wconf 88' lang='lat' dir='ltr'><strong>nistraret,</strong></span> <span class='ocrx_word' id='word_1_655' title='bbox 2295 4830 2590 4887; x_wconf 88' lang='lat' dir='ltr'><strong>Leontium</strong></span> <span class='ocrx_word' id='word_1_656' title='bbox 2619 4829 2818 4885; x_wconf 90' lang='lat' dir='ltr'><strong>ducem</strong></span> <span class='ocrx_word' id='word_1_657' title='bbox 2847 4842 2974 4884; x_wconf 89' lang='lat' dir='ltr'><strong>cum</strong></span> <span class='ocrx_word' id='word_1_658' title='bbox 3007 4825 3276 4884; x_wconf 80' lang='lat' dir='ltr'><strong>Romanis</strong></span> <span class='ocrx_word' id='word_1_659' title='bbox 3309 4825 3487 4896; x_wconf 87' lang='lat' dir='ltr'><strong>copiis</strong></span> <span class='ocrx_word' id='word_1_660' title='bbox 3511 4823 3570 4879; x_wconf 93' lang='lat' dir='ltr'><strong>in</strong></span> 
     </span>
    </p>
   </div>
   <div class='ocr_carea' id='block_1_92' title="bbox 1572 4947 2250 5006">
    <p class='ocr_par' dir='ltr' id='par_1_92' title="bbox 1572 4947 2250 5006">
     <span class='ocr_line' id='line_1_92' title="bbox 1572 4947 2250 5006; baseline 0 -3"><span class='ocrx_word' id='word_1_661' title='bbox 1572 4949 1808 5006; x_wconf 73' lang='lat' dir='ltr'><strong>VARUE</strong></span> <span class='ocrx_word' id='word_1_662' title='bbox 1842 4947 2250 5006; x_wconf 76' lang='lat' dir='ltr'><strong>LECTIONES.</strong></span> 
     </span>
    </p>
   </div>
   <div class='ocr_carea' id='block_1_93' title="bbox 373 5041 940 5098">
    <p class='ocr_par' dir='ltr' id='par_1_93' title="bbox 373 5041 940 5098">
     <span class='ocr_line' id='line_1_93' title="bbox 373 5041 940 5098; baseline 0.005 -2"><span class='ocrx_word' id='word_1_663' title='bbox 373 5045 418 5076; x_wconf 81' lang='grc'>¹⁸</span> <span class='ocrx_word' id='word_1_664' title='bbox 453 5043 563 5096; x_wconf 78' lang='grc' dir='ltr'>ἔτει</span> <span class='ocrx_word' id='word_1_665' title='bbox 589 5041 715 5096; x_wconf 82' lang='lat' dir='ltr'><strong>add.</strong></span> <span class='ocrx_word' id='word_1_666' title='bbox 759 5059 825 5098; x_wconf 80' lang='lat' dir='ltr'><strong>ex</strong></span> <span class='ocrx_word' id='word_1_667' title='bbox 874 5044 940 5098; x_wconf 77' lang='grc' dir='ltr'><strong>Δ.</strong></span> 
     </span>
    </p>
   </div>
   <div class='ocr_carea' id='block_1_94' title="bbox 290 5188 449 5254">
    <p class='ocr_par' dir='ltr' id='par_1_94' title="bbox 290 5188 449 5254">
     <span class='ocr_line' id='line_1_94' title="bbox 290 5188 449 5254; baseline -0.025 -13"><span class='ocrx_word' id='word_1_668' title='bbox 290 5188 449 5254; x_wconf 76' lang='lat' dir='ltr'><strong>vulg.</strong></span> 
     </span>
    </p>
   </div>
   <div class='ocr_carea' id='block_1_95' title="bbox 293 5254 980 5326">
    <p class='ocr_par' dir='ltr' id='par_1_95' title="bbox 293 5254 980 5326">
     <span class='ocr_line' id='line_1_95' title="bbox 293 5254 980 5326; baseline -0.01 -16"><span class='ocrx_word' id='word_1_669' title='bbox 293 5258 527 5326; x_wconf 86' lang='lat' dir='ltr'><strong>ubique,</strong></span> <span class='ocrx_word' id='word_1_670' title='bbox 560 5254 793 5325; x_wconf 80' lang='grc' dir='ltr'>Μουχὰρ</span> <span class='ocrx_word' id='word_1_671' title='bbox 827 5255 980 5325; x_wconf 78' lang='lat' dir='ltr'><strong>vulg.</strong></span> 
     </span>
    </p>
   </div>
   <div class='ocr_carea' id='block_1_96' title="bbox 1044 5041 2347 5114">
    <p class='ocr_par' dir='ltr' id='par_1_96' title="bbox 1044 5041 2347 5114">
     <span class='ocr_line' id='line_1_96' title="bbox 1044 5041 2347 5114; baseline 0.001 -21"><span class='ocrx_word' id='word_1_672' title='bbox 1044 5044 1087 5075; x_wconf 81' lang='lat'>&quot;</span> <span class='ocrx_word' id='word_1_673' title='bbox 1111 5041 1482 5114; x_wconf 79' lang='grc' dir='ltr'>ἐξορισθῆναι,</span> <span class='ocrx_word' id='word_1_674' title='bbox 1551 5043 1769 5114; x_wconf 14' lang='grc' dir='ltr'>καὶγΑ,</span> <span class='ocrx_word' id='word_1_675' title='bbox 1821 5043 2150 5108; x_wconf 83' lang='grc' dir='ltr'>ὲξωσθέντος</span> <span class='ocrx_word' id='word_1_676' title='bbox 2192 5041 2347 5114; x_wconf 12' lang='lat' dir='ltr'><strong>ivulg.</strong></span> 
     </span>
    </p>
   </div>
   <div class='ocr_carea' id='block_1_97' title="bbox 291 5111 2537 5203">
    <p class='ocr_par' dir='ltr' id='par_1_97' title="bbox 291 5111 2537 5203">
     <span class='ocr_line' id='line_1_97' title="bbox 291 5111 2537 5203; baseline -0.003 -34"><span class='ocrx_word' id='word_1_677' title='bbox 291 5118 337 5151; x_wconf 75' lang='grc'><strong>⁸⁸</strong></span> <span class='ocrx_word' id='word_1_678' title='bbox 377 5111 650 5203; x_wconf 28' lang='grc' dir='ltr'><strong>μῆναοέιὶ</strong></span> <span class='ocrx_word' id='word_1_679' title='bbox 675 5115 851 5203; x_wconf 56' lang='grc' dir='ltr'>μῆνας</span> <span class='ocrx_word' id='word_1_680' title='bbox 882 5118 924 5167; x_wconf 89' lang='grc' dir='ltr'>Α</span> <span class='ocrx_word' id='word_1_681' title='bbox 959 5113 996 5203; x_wconf 52' lang='lat' dir='ltr'><strong>l&quot;.</strong></span> <span class='ocrx_word' id='word_1_682' title='bbox 1030 5114 1075 5145; x_wconf 80' lang='lat'><strong>&quot;</strong></span> <span class='ocrx_word' id='word_1_683' title='bbox 1095 5111 1374 5203; x_wconf 26' lang='lat' dir='ltr'><strong>taedae:</strong></span> <span class='ocrx_word' id='word_1_684' title='bbox 1394 5115 1460 5167; x_wconf 87' lang='lat' dir='ltr'><strong>A.</strong></span> <span class='ocrx_word' id='word_1_685' title='bbox 1491 5113 1548 5203; x_wconf 46' lang='lat' dir='ltr'><strong>l”</strong></span> <span class='ocrx_word' id='word_1_686' title='bbox 1574 5113 1757 5203; x_wconf 53' lang='grc' dir='ltr'>παύρῃ</span> <span class='ocrx_word' id='word_1_687' title='bbox 1775 5114 1846 5203; x_wconf 45' lang='grc' dir='ltr'>,τὸ</span> <span class='ocrx_word' id='word_1_688' title='bbox 1868 5116 1934 5203; x_wconf 64' lang='grc' dir='ltr'>Α,</span> <span class='ocrx_word' id='word_1_689' title='bbox 1965 5111 2272 5203; x_wconf 41' lang='lat' dir='ltr'><strong>«alicubi?</strong></span> <span class='ocrx_word' id='word_1_690' title='bbox 2299 5112 2361 5164; x_wconf 87' lang='grc' dir='ltr'><strong>τὸ</strong></span> <span class='ocrx_word' id='word_1_691' title='bbox 2377 5111 2537 5193; x_wconf 74' lang='lat' dir='ltr'><strong>_vulg.</strong></span> 
     </span>
    </p>
   </div>
   <div class='ocr_carea' id='block_1_98' title="bbox 525 5183 1986 5326">
    <p class='ocr_par' dir='ltr' id='par_1_98' title="bbox 525 5183 1986 5326">
     <span class='ocr_line' id='line_1_98' title="bbox 525 5183 1986 5256; baseline 0.004 -23"><span class='ocrx_word' id='word_1_692' title='bbox 525 5183 694 5234; x_wconf 69' lang='grc' dir='ltr'>ἀστὸν</span> <span class='ocrx_word' id='word_1_693' title='bbox 725 5183 849 5238; x_wconf 87' lang='lat' dir='ltr'><strong>add.</strong></span> <span class='ocrx_word' id='word_1_694' title='bbox 878 5200 939 5239; x_wconf 81' lang='lat' dir='ltr'><strong>ex</strong></span> <span class='ocrx_word' id='word_1_695' title='bbox 965 5183 1028 5237; x_wconf 85' lang='lat' dir='ltr'><strong>A.</strong></span> <span class='ocrx_word' id='word_1_696' title='bbox 1107 5185 1148 5215; x_wconf 80' lang='grc'>³⁷</span> <span class='ocrx_word' id='word_1_697' title='bbox 1181 5185 1450 5253; x_wconf 82' lang='grc' dir='ltr'>τετάρτης</span> <span class='ocrx_word' id='word_1_698' title='bbox 1480 5184 1545 5247; x_wconf 87' lang='lat' dir='ltr'><strong>A,</strong></span> <span class='ocrx_word' id='word_1_699' title='bbox 1569 5185 1625 5237; x_wconf 81' lang='grc' dir='ltr'>δὲ</span> <span class='ocrx_word' id='word_1_700' title='bbox 1646 5183 1810 5254; x_wconf 72' lang='grc' dir='ltr'><strong>τῆξδ⁹</strong></span> <span class='ocrx_word' id='word_1_701' title='bbox 1841 5186 1986 5256; x_wconf 77' lang='lat' dir='ltr'><strong>vulg.</strong></span> 
     </span>
     <span class='ocr_line' id='line_1_99' title="bbox 525 5253 1925 5326; baseline -0.001 -17"><span class='ocrx_word' id='word_1_702' title='bbox 525 5297 527 5309; x_wconf 93' lang='lat'><strong>.</strong></span> <span class='ocrx_word' id='word_1_703' title='bbox 560 5254 793 5325; x_wconf 80' lang='grc' dir='ltr'>Μουχὰρ</span> <span class='ocrx_word' id='word_1_704' title='bbox 827 5255 980 5325; x_wconf 82' lang='lat' dir='ltr'><strong>vulg.</strong></span> <span class='ocrx_word' id='word_1_705' title='bbox 1054 5253 1098 5286; x_wconf 82' lang='lat'>“</span> <span class='ocrx_word' id='word_1_706' title='bbox 1133 5253 1227 5306; x_wconf 82' lang='grc' dir='ltr'><strong>ἐπὶ</strong></span> <span class='ocrx_word' id='word_1_707' title='bbox 1258 5255 1355 5324; x_wconf 85' lang='grc' dir='ltr'>τὴν</span> <span class='ocrx_word' id='word_1_708' title='bbox 1388 5255 1455 5320; x_wconf 92' lang='lat' dir='ltr'><strong>A,</strong></span> <span class='ocrx_word' id='word_1_709' title='bbox 1481 5256 1622 5307; x_wconf 86' lang='grc' dir='ltr'>κατὰ</span> <span class='ocrx_word' id='word_1_710' title='bbox 1645 5257 1744 5324; x_wconf 78' lang='grc' dir='ltr'>τὴν</span> <span class='ocrx_word' id='word_1_711' title='bbox 1773 5257 1925 5326; x_wconf 84' lang='lat' dir='ltr'><strong>vulg.</strong></span> 
     </span>
    </p>
   </div>
   <div class='ocr_carea' id='block_1_99' title="bbox 2445 5033 3566 5107">
    <p class='ocr_par' dir='ltr' id='par_1_99' title="bbox 2445 5033 3566 5107">
     <span class='ocr_line' id='line_1_100' title="bbox 2445 5033 3566 5107; baseline -0.006 -14"><span class='ocrx_word' id='word_1_712' title='bbox 2445 5041 2492 5073; x_wconf 66' lang='grc' dir='ltr'><strong>ιο</strong></span> <span class='ocrx_word' id='word_1_713' title='bbox 2541 5036 2938 5107; x_wconf 82' lang='grc' dir='ltr'>λεκανόμαντιν</span> <span class='ocrx_word' id='word_1_714' title='bbox 2997 5035 3065 5098; x_wconf 86' lang='lat' dir='ltr'><strong>A,</strong></span> <span class='ocrx_word' id='word_1_715' title='bbox 3087 5065 3159 5076; x_wconf 91' lang='lat'><em>--</em></span> <span class='ocrx_word' id='word_1_716' title='bbox 3185 5035 3394 5107; x_wconf 66' lang='grc' dir='ltr'>μάντῃν</span> <span class='ocrx_word' id='word_1_717' title='bbox 3416 5033 3566 5107; x_wconf 70' lang='lat' dir='ltr'><strong>vulg.</strong></span> 
     </span>
    </p>
   </div>
   <div class='ocr_carea' id='block_1_100' title="bbox 2613 5104 3568 5168">
    <p class='ocr_par' dir='ltr' id='par_1_100' title="bbox 2613 5104 3568 5168">
     <span class='ocr_line' id='line_1_101' title="bbox 2613 5104 3568 5168; baseline -0.007 -7"><span class='ocrx_word' id='word_1_718' title='bbox 2613 5110 2659 5142; x_wconf 74' lang='grc'><strong>⁸⁸</strong></span> <span class='ocrx_word' id='word_1_719' title='bbox 2689 5104 2852 5162; x_wconf 80' lang='grc' dir='ltr'>δώσει</span> <span class='ocrx_word' id='word_1_720' title='bbox 2875 5109 2942 5160; x_wconf 85' lang='grc' dir='ltr'><strong>Α.</strong></span> <span class='ocrx_word' id='word_1_721' title='bbox 3019 5107 3066 5138; x_wconf 79' lang='grc'><strong>³⁸</strong></span> <span class='ocrx_word' id='word_1_722' title='bbox 3096 5104 3291 5167; x_wconf 75' lang='grc' dir='ltr'>κοινῶς</span> <span class='ocrx_word' id='word_1_723' title='bbox 3308 5104 3373 5168; x_wconf 80' lang='grc' dir='ltr'>Α,</span> <span class='ocrx_word' id='word_1_724' title='bbox 3410 5105 3568 5156; x_wconf 79' lang='grc' dir='ltr'>κοινὰ</span> 
     </span>
    </p>
   </div>
   <div class='ocr_carea' id='block_1_101' title="bbox 2062 5171 3566 5248">
    <p class='ocr_par' dir='ltr' id='par_1_101' title="bbox 2062 5171 3566 5248">
     <span class='ocr_line' id='line_1_102' title="bbox 2062 5171 3566 5248; baseline 0.007 -13"><span class='ocrx_word' id='word_1_725' title='bbox 2062 5184 2108 5217; x_wconf 75' lang='grc'><strong>⁸⁸</strong></span> <span class='ocrx_word' id='word_1_726' title='bbox 2127 5171 2214 5239; x_wconf 72' lang='grc' dir='ltr'><strong>’ὧν</strong></span> <span class='ocrx_word' id='word_1_727' title='bbox 2237 5183 2302 5248; x_wconf 87' lang='lat' dir='ltr'><strong>A,</strong></span> <span class='ocrx_word' id='word_1_728' title='bbox 2334 5181 2444 5234; x_wconf 83' lang='grc' dir='ltr'><strong>τῶν</strong></span> <span class='ocrx_word' id='word_1_729' title='bbox 2466 5171 2614 5247; x_wconf 67' lang='grc' dir='ltr'><strong>ιῖιιΙιζ.</strong></span> <span class='ocrx_word' id='word_1_730' title='bbox 2691 5178 2737 5210; x_wconf 86' lang='grc'><strong><em>²⁹</em></strong></span> <span class='ocrx_word' id='word_1_731' title='bbox 2761 5177 2954 5231; x_wconf 86' lang='grc' dir='ltr'>Ζίαδον</span> <span class='ocrx_word' id='word_1_732' title='bbox 2989 5177 3058 5230; x_wconf 81' lang='grc' dir='ltr'><strong>Α.</strong></span> <span class='ocrx_word' id='word_1_733' title='bbox 3155 5175 3201 5206; x_wconf 85' lang='grc'><strong><em>³⁸</em></strong></span> <span class='ocrx_word' id='word_1_734' title='bbox 3230 5171 3492 5242; x_wconf 81' lang='grc' dir='ltr'>Μουχτάρ</span> <span class='ocrx_word' id='word_1_735' title='bbox 3517 5172 3566 5226; x_wconf 69' lang='grc' dir='ltr'>Α</span> 
     </span>
    </p>
   </div>
   <div class='ocr_carea' id='block_1_102' title="bbox 1606 5371 2274 5431">
    <p class='ocr_par' dir='ltr' id='par_1_102' title="bbox 1606 5371 2274 5431">
     <span class='ocr_line' id='line_1_103' title="bbox 1606 5371 2274 5431; baseline -0.003 -2"><span class='ocrx_word' id='word_1_736' title='bbox 1606 5372 1749 5429; x_wconf 82' lang='lat' dir='ltr'><strong>JAC.</strong></span> <span class='ocrx_word' id='word_1_737' title='bbox 1787 5373 2000 5431; x_wconf 82' lang='lat' dir='ltr'><strong>GOARl</strong></span> <span class='ocrx_word' id='word_1_738' title='bbox 2041 5371 2274 5428; x_wconf 64' lang='lat' dir='ltr'><strong>NOTIE.</strong></span> 
     </span>
    </p>
   </div>
   <div class='ocr_carea' id='block_1_103' title="bbox 375 5489 1387 5560">
    <p class='ocr_par' dir='ltr' id='par_1_103' title="bbox 375 5489 1387 5560">
     <span class='ocr_line' id='line_1_104' title="bbox 375 5489 1387 5560; baseline -0.002 -14"><span class='ocrx_word' id='word_1_739' title='bbox 375 5492 487 5560; x_wconf 77' lang='lat'><strong>(36)</strong></span> <span class='ocrx_word' id='word_1_740' title='bbox 513 5489 716 5545; x_wconf 74' lang='lat' dir='ltr'><strong>Novem</strong></span> <span class='ocrx_word' id='word_1_741' title='bbox 743 5489 951 5545; x_wconf 86' lang='lat' dir='ltr'><strong>scribet</strong></span> <span class='ocrx_word' id='word_1_742' title='bbox 995 5490 1114 5544; x_wconf 91' lang='lat' dir='ltr'><strong>loco</strong></span> <span class='ocrx_word' id='word_1_743' title='bbox 1144 5490 1387 5560; x_wconf 89' lang='lat' dir='ltr'><strong>proprio.</strong></span> 
     </span>
    </p>
   </div>
   <div class='ocr_carea' id='block_1_104' title="bbox 376 5559 1881 5630">
    <p class='ocr_par' dir='ltr' id='par_1_104' title="bbox 376 5559 1881 5630">
     <span class='ocr_line' id='line_1_105' title="bbox 376 5559 1881 5630; baseline 0.002 -14"><span class='ocrx_word' id='word_1_744' title='bbox 376 5559 488 5628; x_wconf 78' lang='lat'><strong>(37)</strong></span> <span class='ocrx_word' id='word_1_745' title='bbox 543 5561 618 5615; x_wconf 87' lang='lat' dir='ltr'><strong>De</strong></span> <span class='ocrx_word' id='word_1_746' title='bbox 672 5562 984 5616; x_wconf 87' lang='lat' dir='ltr'><strong>Ahimelech</strong></span> <span class='ocrx_word' id='word_1_747' title='bbox 1026 5561 1342 5615; x_wconf 89' lang='lat' dir='ltr'><strong>nominibus</strong></span> <span class='ocrx_word' id='word_1_748' title='bbox 1385 5559 1617 5630; x_wconf 85' lang='lat' dir='ltr'><strong>plurima</strong></span> <span class='ocrx_word' id='word_1_749' title='bbox 1661 5561 1881 5618; x_wconf 90' lang='lat' dir='ltr'><strong>curiose</strong></span> 
     </span>
    </p>
   </div>
   <div class='ocr_carea' id='block_1_105' title="bbox 297 5630 1876 5704">
    <p class='ocr_par' dir='ltr' id='par_1_105' title="bbox 297 5630 1876 5704">
     <span class='ocr_line' id='line_1_106' title="bbox 297 5630 1876 5704; baseline -0.003 -13"><span class='ocrx_word' id='word_1_750' title='bbox 297 5641 683 5704; x_wconf 72' lang='lat' dir='ltr'><strong>expasuerunt</strong></span> <span class='ocrx_word' id='word_1_751' title='bbox 726 5630 1112 5704; x_wconf 87' lang='lat' dir='ltr'><strong>Leunclavius,</strong></span> <span class='ocrx_word' id='word_1_752' title='bbox 1166 5640 1220 5687; x_wconf 87' lang='lat' dir='ltr'><strong>et</strong></span> <span class='ocrx_word' id='word_1_753' title='bbox 1246 5632 1523 5686; x_wconf 83' lang='lat' dir='ltr'><strong>Abraham</strong></span> <span class='ocrx_word' id='word_1_754' title='bbox 1549 5631 1876 5689; x_wconf 84' lang='lat' dir='ltr'><strong>Ecchcllen-</strong></span> 
     </span>
    </p>
   </div>
   <div class='ocr_carea' id='block_1_106' title="bbox 298 5702 1048 5772">
    <p class='ocr_par' dir='ltr' id='par_1_106' title="bbox 298 5702 1048 5772">
     <span class='ocr_line' id='line_1_107' title="bbox 298 5702 1048 5772; baseline -0.007 -13"><span class='ocrx_word' id='word_1_755' title='bbox 298 5702 402 5767; x_wconf 81' lang='lat' dir='ltr'><strong>sis,</strong></span> <span class='ocrx_word' id='word_1_756' title='bbox 433 5717 584 5772; x_wconf 75' lang='lat' dir='ltr'><strong>gesta</strong></span> <span class='ocrx_word' id='word_1_757' title='bbox 612 5706 704 5756; x_wconf 78' lang='lat' dir='ltr'><strong>vix</strong></span> <span class='ocrx_word' id='word_1_758' title='bbox 731 5702 1048 5772; x_wconf 81' lang='lat' dir='ltr'><strong>attigerunt.</strong></span> 
     </span>
    </p>
   </div>
   <div class='ocr_carea' id='block_1_107' title="bbox 373 5771 1870 5846">
    <p class='ocr_par' dir='ltr' id='par_1_107' title="bbox 373 5771 1870 5846">
     <span class='ocr_line' id='line_1_108' title="bbox 373 5771 1870 5846; baseline -0.001 -17"><span class='ocrx_word' id='word_1_759' title='bbox 373 5771 488 5846; x_wconf 76' lang='lat'><strong>(58)</strong></span> <span class='ocrx_word' id='word_1_760' title='bbox 533 5774 675 5827; x_wconf 82' lang='lat' dir='ltr'><strong>Bene</strong></span> <span class='ocrx_word' id='word_1_761' title='bbox 714 5771 904 5846; x_wconf 70' lang='lat' dir='ltr'><strong>Anast.</strong></span> <span class='ocrx_word' id='word_1_762' title='bbox 947 5773 1000 5824; x_wconf 85' lang='lat' dir='ltr'><strong>in</strong></span> <span class='ocrx_word' id='word_1_763' title='bbox 1028 5771 1540 5846; x_wconf 74' lang='lat' dir='ltr'><strong>conﬁnibuspositw</strong></span> <span class='ocrx_word' id='word_1_764' title='bbox 1593 5773 1870 5846; x_wconf 74' lang='lat' dir='ltr'><strong>civitates;</strong></span> 
     </span>
    </p>
   </div>
   <div class='ocr_carea' id='block_1_108' title="bbox 301 5843 1866 5915">
    <p class='ocr_par' dir='ltr' id='par_1_108' title="bbox 301 5843 1866 5915">
     <span class='ocr_line' id='line_1_109' title="bbox 301 5843 1866 5915; baseline -0.002 -13"><span class='ocrx_word' id='word_1_765' title='bbox 301 5843 409 5902; x_wconf 85' lang='lat' dir='ltr'><strong>non</strong></span> <span class='ocrx_word' id='word_1_766' title='bbox 438 5843 583 5915; x_wconf 83' lang='lat' dir='ltr'><strong>quod</strong></span> <span class='ocrx_word' id='word_1_767' title='bbox 624 5859 795 5900; x_wconf 78' lang='lat' dir='ltr'><strong>novus</strong></span> <span class='ocrx_word' id='word_1_768' title='bbox 840 5843 1020 5914; x_wconf 87' lang='lat' dir='ltr'><strong>interp</strong></span> <span class='ocrx_word' id='word_1_769' title='bbox 1050 5882 1064 5908; x_wconf 93' lang='lat'><strong>,</strong></span> <span class='ocrx_word' id='word_1_770' title='bbox 1094 5844 1150 5896; x_wconf 86' lang='lat' dir='ltr'><strong>in</strong></span> <span class='ocrx_word' id='word_1_771' title='bbox 1180 5845 1436 5898; x_wconf 85' lang='lat' dir='ltr'><strong>montium</strong></span> <span class='ocrx_word' id='word_1_772' title='bbox 1481 5845 1866 5900; x_wconf 78' lang='lat' dir='ltr'><strong>cacuminibus.</strong></span> 
     </span>
    </p>
   </div>
   <div class='ocr_carea' id='block_1_109' title="bbox 1995 5477 3566 5562">
    <p class='ocr_par' dir='ltr' id='par_1_109' title="bbox 1995 5477 3566 5562">
     <span class='ocr_line' id='line_1_110' title="bbox 1995 5477 3566 5562; baseline -0.009 -16"><span class='ocrx_word' id='word_1_773' title='bbox 1995 5495 2140 5546; x_wconf 69' lang='lat' dir='ltr'><strong>tiara</strong></span> <span class='ocrx_word' id='word_1_774' title='bbox 2175 5498 2324 5562; x_wconf 86' lang='lat' dir='ltr'><strong>certe</strong></span> <span class='ocrx_word' id='word_1_775' title='bbox 2369 5486 2690 5562; x_wconf 71' lang='lat' dir='ltr'><strong>huiusmodi</strong></span> <span class='ocrx_word' id='word_1_776' title='bbox 2733 5483 3092 5562; x_wconf 81' lang='lat' dir='ltr'><strong>oppida,_n_cc</strong></span> <span class='ocrx_word' id='word_1_777' title='bbox 3121 5477 3430 5562; x_wconf 72' lang='lat' dir='ltr'><strong>qmel‘acile</strong></span> <span class='ocrx_word' id='word_1_778' title='bbox 3467 5494 3566 5562; x_wconf 58' lang='grc' dir='ltr'><strong>εξ-</strong></span> 
     </span>
    </p>
   </div>
   <div class='ocr_carea' id='block_1_110' title="bbox 1992 5550 3567 5627">
    <p class='ocr_par' dir='ltr' id='par_1_110' title="bbox 1992 5550 3567 5627">
     <span class='ocr_line' id='line_1_111' title="bbox 1992 5550 3567 5627; baseline -0.007 -10"><span class='ocrx_word' id='word_1_779' title='bbox 1992 5561 2345 5618; x_wconf 86' lang='lat' dir='ltr'><strong>cursionibus</strong></span> <span class='ocrx_word' id='word_1_780' title='bbox 2385 5550 2548 5627; x_wconf 75' lang='lat' dir='ltr'><strong>diripi</strong></span> <span class='ocrx_word' id='word_1_781' title='bbox 2577 5550 2824 5625; x_wconf 69' lang='lat' dir='ltr'><strong>queanti</strong></span> <span class='ocrx_word' id='word_1_782' title='bbox 2868 5562 2921 5607; x_wconf 90' lang='lat' dir='ltr'><strong>at</strong></span> <span class='ocrx_word' id='word_1_783' title='bbox 2959 5550 3168 5606; x_wconf 86' lang='lat' dir='ltr'><strong>Libano</strong></span> <span class='ocrx_word' id='word_1_784' title='bbox 3198 5559 3267 5627; x_wconf 88' lang='lat' dir='ltr'><strong>_et</strong></span> <span class='ocrx_word' id='word_1_785' title='bbox 3323 5550 3567 5627; x_wconf 69' lang='lat' dir='ltr'><strong>clusuris</strong></span> 
     </span>
    </p>
   </div>
   <div class='ocr_carea' id='block_1_111' title="bbox 1988 5621 3562 5700">
    <p class='ocr_par' dir='ltr' id='par_1_111' title="bbox 1988 5621 3562 5700">
     <span class='ocr_line' id='line_1_112' title="bbox 1988 5621 3562 5700; baseline -0.007 -12"><span class='ocrx_word' id='word_1_786' title='bbox 1988 5634 2191 5694; x_wconf 86' lang='lat' dir='ltr'><strong>vicina,</strong></span> <span class='ocrx_word' id='word_1_787' title='bbox 2215 5621 2657 5700; x_wconf 25' lang='lat' dir='ltr'><strong>quaedMai-daiiae</strong></span> <span class='ocrx_word' id='word_1_788' title='bbox 2692 5627 3071 5700; x_wconf 84' lang='lat' dir='ltr'><strong>incursarent,_</strong></span> <span class='ocrx_word' id='word_1_789' title='bbox 3102 5621 3293 5700; x_wconf 79' lang='lat' dir='ltr'><strong>multa.</strong></span> <span class='ocrx_word' id='word_1_790' title='bbox 3321 5621 3562 5700; x_wconf 64' lang='grc' dir='ltr'>ςομιιεξ.</span> 
     </span>
    </p>
   </div>
   <div class='ocr_carea' id='block_1_112' title="bbox 2057 5690 3565 5774">
    <p class='ocr_par' dir='ltr' id='par_1_112' title="bbox 2057 5690 3565 5774">
     <span class='ocr_line' id='line_1_113' title="bbox 2057 5690 3565 5774; baseline -0.009 -15"><span class='ocrx_word' id='word_1_791' title='bbox 2057 5690 2188 5774; x_wconf 57' lang='lat'><strong>(59)</strong></span> <span class='ocrx_word' id='word_1_792' title='bbox 2213 5690 2684 5774; x_wconf 23' lang='lat' dir='ltr'><strong>l&#39;taANicephorus,</strong></span> <span class='ocrx_word' id='word_1_793' title='bbox 2726 5696 2820 5765; x_wconf 89' lang='lat' dir='ltr'><strong>qui</strong></span> <span class='ocrx_word' id='word_1_794' title='bbox 2868 5696 3029 5774; x_wconf 73' lang='lat' dir='ltr'><strong>paulo</strong></span> <span class='ocrx_word' id='word_1_795' title='bbox 3061 5693 3303 5774; x_wconf 80' lang='lat' dir='ltr'><strong>inferius</strong></span> <span class='ocrx_word' id='word_1_796' title='bbox 3337 5690 3565 5747; x_wconf 84' lang='lat' dir='ltr'><strong>Libani-</strong></span> 
     </span>
    </p>
   </div>
   <div class='ocr_carea' id='block_1_113' title="bbox 1983 5766 3332 5836">
    <p class='ocr_par' dir='ltr' id='par_1_113' title="bbox 1983 5766 3332 5836">
     <span class='ocr_line' id='line_1_114' title="bbox 1983 5766 3332 5836; baseline -0.01 -7"><span class='ocrx_word' id='word_1_797' title='bbox 1983 5766 2168 5831; x_wconf 74' lang='lat' dir='ltr'><strong>tarum</strong></span> <span class='ocrx_word' id='word_1_798' title='bbox 2201 5771 2436 5826; x_wconf 89' lang='lat' dir='ltr'><strong>militum</strong></span> <span class='ocrx_word' id='word_1_799' title='bbox 2461 5766 2802 5824; x_wconf 36' lang='lat' dir='ltr'><strong>’amotionem</strong></span> <span class='ocrx_word' id='word_1_800' title='bbox 2828 5766 3020 5836; x_wconf 86' lang='lat' dir='ltr'><strong>paucis</strong></span> <span class='ocrx_word' id='word_1_801' title='bbox 3059 5770 3332 5821; x_wconf 82' lang='lat' dir='ltr'><strong>recenset.</strong></span> 
     </span>
    </p>
   </div>
  </div>
