4100 6448
546 319 654 386 759

1935 321 2426 386 THEOPHANIS

3705 341 3800 408 760

614 433 681 485 Α.
718 431 781 486 C.
813 429 938 486 697.
977 462 1039 473 —-
1065 428 1176 484 "ne
1221 442 1365 483 anno
1397 428 1639 484 Arabum
1671 427 1780 482 dux
1815 430 2128 487 Abimulech

2315 433 2373 488 Δ.
2409 433 2484 486 Μ.
2519 431 2683 488 6l97.
2726 464 2792 474 --
2817 430 3008 502 Τούτῳ
3044 432 3120 504 τῷ
3153 431 3263 486 ἔτει
3307 436 3560 509 τέθνηκεν
3597 444 3800 521 Ἀϐιμέ..

545 531 798 580 mortuus
854 533 959 586 est,
994 531 1049 575 et
1088 519 1242 575 V’alid
1295 520 1418 590 ejus
1477 519 1622 573 lilius
1653 516 1816 589 313
1853 521 2130 590 principa-

543 625 662 673 tum
690 615 954 672 obtinuit.
993 612 1196 668 Eodem
1225 612 1392 666 etiam
1423 623 1570 664 anno
1595 607 1948 666 Justinianus
1999 609 2134 667 Ter-

546 706 685 765 belis
708 715 764 762 et
791 703 1160 776 Bulgarorum
1195 702 1298 773 ipsi
1315 701 1705 773 adjunctorum
1732 703 1940 758 auxilio
1959 701 2133 760 fretus

543 801 764 858 urbium
837 799 1084 871 reginam
1157 797 1326 851 armis
1389 795 1626 867 impetit,
1688 804 1743 851 et
1789 795 1857 849 ad
1915 795 2134 852 Charsii

543 902 757 966 portam
785 892 986 948 castris
1010 890 1205 946 locatis
1225 896 1402 944 totum
1433 889 1673 960 spatium
1704 888 1771 944 ad
1795 888 2135 946 Blachernas

549 1001 728 1058 usque
753 991 1010 1054 occupat.
1040 982 1146 1039 Per
1183 982 1303 1038 dies
1343 992 1525 1037 autem
1558 990 1671 1036 tres
1703 979 1981 1051 colloquio
2007 994 2134 1034 cum

549 1080 766 1136 civibus
826 1077 1039 1142 habito,
1098 1076 1324 1132 nonnisi
1374 1075 1744 1131 contumelias
1798 1082 1854 1127 et
1905 1071 2141 1128 dicteria

546 1173 618 1228 ab
659 1171 798 1243 ipsis
837 1171 1169 1236 retulerunt,
1199 1169 1409 1240 quibus
1444 1168 1614 1225 etiam
1667 1167 1950 1223 incassum
1983 1165 2142 1236 pacis

547 1264 899 1321 conditiones
957 1261 1298 1318 obtulerunt.
1365 1259 1542 1315 Porro
1611 1257 1963 1315 Justinianus
2015 1271 2144 1313 cum

546 1359 741 1432 paucis
775 1356 1089 1414 admodum
1159 1355 1460 1428 gentilibus
1517 1353 1636 1409 suis
1691 1351 1833 1407 citra
1904 1363 2144 1422 pugnam

2236 523 2332 594 λεχ
2357 524 2386 576 ὁ
2418 522 2530 576 τῶν
2568 521 2823 592 ’Δράϐων
2853 523 3122 594 ἀρχηγὸς,
3161 524 3257 576 καὶ
3295 526 3594 600 ἐκράτησεν
3622 539 3802 598 Οὐαλὶδ

2236 617 2264 669 ὁ
2301 616 2416 680 υίὸς
2449 613 2641 669 αὑτοῦ.
2669 614 2763 688 Τῷ
2794 613 2841 668 δ’
2879 613 3034 686 αὐτῷ
3057 614 3170 669 ἔτει
3209 615 3580 689 ’Ῑουστινιανδς
3601 628 3694 699 τὴν
3717 632 3804 702 βα-

2241 705 2418 759 σιλίδα
2449 705 2606 760 πόλιν
2637 704 2963 762 καταλαϐὼν
2997 707 3115 777 ἅμα
3157 706 3421 782 Τερϐέλῃ,
3466 717 3558 768 καὶ
3586 719 3689 772 τῶν
3719 725 3805 778 σὺν

2239 796 2393 869 αύτῷ
2432 798 2762 870 Βουλγάρων
2793 797 3128 869 ῆπλίκευσεν
3157 799 3239 863 είς
3265 800 3364 873 τὴν
3409 805 3646 877 Χαρσίου
3682 814 3804 887 πάρ-

2237 907 2340 946 ταν
2369 889 2482 961 (95)
2517 891 2613 944 καὶ
2652 891 2759 956 ἕως
2784 891 3130 964 Βλαχερνῶν.
3160 894 3273 948 Καὶ
3310 897 3404 950 ἐπὶ
3436 903 3582 969 τρεῖς
3610 905 3806 976 ἡμέρας

2243 983 2682 1054 προσλαλοῦντες
2733 987 2850 1051 τοῖς
2902 988 2963 1041 ὲν
3023 989 3092 1060 τῇ
3142 987 3298 1043 πόλει
3357 989 3640 1062 ὑϐρίζοντο
3690 1000 3805 1072 παρ’

2246 1077 2450 1145 αὐτῶν,
2491 1079 2588 1133 καὶ
2625 1079 2748 1134 οὑδὲ
2793 1080 2955 1150 λόγον
2987 1081 3362 1153 κατεδέχοντο.
3408 1085 3468 1138 '0
3499 1086 3558 1140 δὲ
3611 1087 3808 1146 ’Ῑουστι-

2245 1169 2430 1236 νιανδς
2460 1170 2582 1242 μετ’
2606 1170 2805 1240 ὀλίγων
2834 1174 3129 1244 ὁμοφύλων
3161 1173 3399 1246 πολέμου
3428 1178 3596 1247 χωρὶς
3626 1179 3708 1235 διὰ
3727 1181 3808 1237 τοῦ

2249 1260 2472 1331 ἀγωγοῦ
2516 1261 2629 1334 (94)
2657 1260 2940 1328 εἰσελθὼν,
2968 1265 3064 1319 καὶ
3113 1265 3344 1337 θόρυϐον
3377 1267 3696 1341 ἀνασκαφῆς
3725 1272 3808 1342 βα-

2251 1351 2386 1418 λὼν,
2417 1353 2518 1421 τὴν
2568 1354 2726 1409 πόλιν
2773 1355 3110 1428 παρέλαϐεν,
3161 1358 3426 1430 καὶπρὸς
3459 1358 3628 1433 βραχὺ
3668 1364 3810 1437 ἐσκή-

548 1469 652 1525 per
680 1468 920 1510 cunequ
957 1452 1014 1508 in
1070 1450 1263 1506 urbem
1319 1447 1567 1511 subiens,
1613 1459 1811 1517 Sparso
1866 1443 2031 1525 cadis
2091 1451 2148 1498 et

2254 1463 2430 1500 νωσεν
2458 1449 2518 1502 ὲν
2550 1448 2630 1519 τῷ
2662 1449 2912 1521 παλατίῳ
2947 1449 3292 1521 Βλαχερνῶν.

550 1552 756 1623 stragis
796 1547 1060 1614 tumultu,
1093 1546 1212 1621 ejus
1253 1560 1484 1616 compos
1515 1543 1765 1610 effectus,
1815 1541 1980 1613 paulo
2013 1548 2138 1610 post
2176 1539 2232 1595 in
2289 1543 2727 1602 Blaclternarum
2793 1548 2998 1616 palatio
3059 1548 3244 1602 sedem
3301 1563 3367 1603 ac
3422 1549 3583 1605 simul
3655 1562 3810 1611 castra

551 1644 759 1714 posuit.

619 1761 690 1816 A.
747 1757 812 1816 C.
864 1757 992 1814 698.
1043 1786 1114 1797 —
1166 1754 1534 1810 Romanorum
1574 1751 1916 1824 imperatoris
1964 1749 2141 1806 Justi-

2318 1753 2384 1808 A.
2417 1753 2493 1806 M.
2521 1752 2682 1809 6|98.
2701 1784 2770 1794 ——
2799 1752 3098 1824 Ῥωμαίων
3121 1753 3433 1822 βασιλέως
3469 1756 3645 1811 πάλιν
3689 1759 3814 1815 ἰου-

553 1855 704 1912 niani
735 1854 930 1908 iterum
960 1866 1132 1905 annus
1157 1849 1387 1917 primus.

619 1944 860 2001 Arabum
888 1943 1040 1998 ducis
1076 1941 1234 1997 Valid
1260 1957 1433 1996 annus
1455 1942 1684 2012 primus.

620 2037 844 2108 Cpoleas
872 2036 1104 2107 episcopi
1125 2034 1256 2107 Cyri
1293 2050 1465 2090 annus
1493 2036 1718 2104 primus.

622 2130 1116 2202 Hierosolymorum
1145 2128 1376 2199 episcopi
1425 2127 1658 2183 Joannis
1713 2142 1886 2181 annus
1921 2124 2147 2196 primus.

627 2245 740 2303 lloc
780 2258 930 2300 anno
983 2241 1332 2299 Justinianus
1365 2241 1421 2297 in
1471 2240 1770 2311 imperium
1808 2239 2142 2304 restitutus,

559 2339 844 2412 praeclaris
875 2337 1201 2393 muneribus
1241 2343 1298 2390 et
1338 2335 1487 2408 regia
1534 2333 1875 2406 supellectile
1928 2331 2149 2390 Terbeli

555 2435 764 2500 oblata,
820 2432 963 2487 inito
1016 2445 1141 2485 cum
1199 2444 1267 2485 eo
1327 2427 1558 2496 fmdere,
1623 2427 1852 2498 paciﬁce
1915 2424 2149 2481 dimisit.

559 2528 888 2596 Apsimarus
947 2523 1083 2580 urbe
1131 2522 1345 2588 relicta,
1397 2520 1820 2593 Apolloniadem
1890 2520 2019 2593 fuga
2091 2535 2152 2576 se

557 2617 777 2688 recipit,
827 2624 882 2671 et
917 2615 972 2670 in
1033 2615 1152 2685 ipsa
1202 2613 1329 2685 fuga
1367 2612 1804 2684 comprehensus
1857 2611 1928 2668 ad
1978 2611 2152 2668 Justi-

557 2709 785 2763 nianum
817 2705 1131 2760 adducitur.
1169 2701 1458 2759 Heraclius
1485 2716 1709 2774 quoque
1738 2702 1980 2758 vinculis
2005 2715 2153 2757 com-

428 2844 439 2854 .
560 2801 776 2870 peditus
802 2798 1040 2854 Thracia
1065 2804 1374 2860 extractus,
1400 2810 1526 2851 cum
1551 2797 1785 2860 caeteris,
1834 2795 1929 2866 qui
1956 2797 2060 2850 suh
2084 2809 2152 2852 eo

560 2890 938 2956 merebantur,
974 2877 1300 2962 proceribus
1353 2888 1529 2944 eidem
1576 2897 1966 2960 przesentatur,
2010 2903 2151 2959 quos

562 3000 758 3040 omnes
785 2983 994 3056 laqueis
1010 2999 1040 3039 e
1064 2997 1223 3038 muro
1245 2981 1556 3053 suspendit.
1583 2981 1834 3038 Dimissis
1871 2983 2034 3038 etiam
2055 2996 2153 3052 per

561 3076 967 3133 mediterranea
999 3073 1294 3139 ministris,
1327 3073 1532 3129 multos
1559 3087 1625 3127 ex
1658 3071 1934 3143 Apsimari
1960 3071 2152 3128 militi-

565 3169 670 3225 bus
696 3177 965 3241 repertos,
1005 3177 1115 3222 tam
1149 3181 1269 3232 eos,
1299 3167 1396 3238 qui
1425 3181 1524 3237 pro
1548 3167 1669 3236 ipso
1703 3164 1909 3234 aliquid
1954 3163 2152 3221 molie-

565 3261 791 3327 bantur,
827 3274 992 3332 quam
1038 3258 1134 3332 qui
1167 3258 1409 3330 quietem
1457 3264 1707 3328 agerent,
1744 3272 1938 3314 omnes
1982 3257 2153 3312 inter.

568 3351 724 3409 fecit.
781 3351 1137 3423 Apsimarum
1210 3356 1395 3417 autem
1465 3357 1520 3404 et
1585 3347 1874 3404 Leontium
1941 3349 2156 3406 catenis

569 3445 787 3501 Vinctos
822 3460 921 3516 per
952 3444 1244 3500 universas
1287 3441 1442 3498 urbis
1491 3441 1744 3512 regiones
1789 3441 2158 3513 ignominiose

571 3537 784 3595 traduci
822 3535 1126 3602 mandavit,
1165 3542 1222 3590 et
1253 3534 1600 3594 circensibus
1649 3534 1794 3590 ludis
1842 3534 2154 3601 celebratis,

570 3633 690 3702 ipso
723 3628 948 3701 pr0pria
976 3627 1084 3685 sibi
1123 3626 1258 3684 sede
1295 3625 1621 3696 composito,
1652 3625 1727 3680 illi
1767 3625 1986 3696 publice
2029 3641 2156 3681 cum

571 3723 844 3779 dedecore
869 3721 1058 3788 tracti,
1089 3719 1158 3776 ad
1191 3720 1358 3791 pedes
1384 3719 1507 3791 ejus
1539 3719 1927 3790 prosternendi
1961 3719 2159 3776 humili

572 3828 725 3870 more
758 3811 990 3884 proiecti
1031 3821 1189 3870 sunt.
1228 3809 1628 3867 lnclinatorum
1669 3820 1726 3867 et
1754 3825 2060 3882 pronorum
2094 3813 2155 3867 in

573 3913 785 3963 terram
821 3904 1067 3961 cervices
1104 3904 1337 3976 pedibus
1363 3903 1577 3961 terebat
1597 3912 1652 3960 et
1681 3904 1936 3960 calcabat
1980 3903 2160 3960 Justi-

575 3999 798 4064 nianus,
841 3997 1020 4054 donec
1065 3997 1200 4053 circi
1252 4013 1454 4054 munus
1500 3997 1740 4068 primum
1786 3997 2160 4067 exhiberetur,

574 4093 778 4166 populo
830 4089 1211 4148 vociferante:
1239 4089 1416 4162 Super
1450 4089 1697 4162 aspidem
1743 4099 1799 4147 et
1840 4091 2162 4147 basiliscum

575 4185 898 4268 ambulasti,
953 4193 1009 4242 et
1051 4184 1392 4241 conculcasti
1454 4184 1670 4240 leonem
1726 4192 1783 4240 et
1835 4183 2162 4240 draconem.

576 4276 806 4333 Demum
844 4275 900 4332 in
933 4275 1223 4348 cynegium
1278 4275 1470 4332 missis
1501 4284 1664 4346 caput
1693 4275 1970 4346 amputari
2021 4290 2166 4346 pra:-

576 4367 744 4441 cepit,
770 4367 1099 4424 Callinicum
1131 4367 1505 4438 patriarcham
1530 4367 1704 4423 oculis
1745 4367 2002 4424 orbatum
2050 4367 2168 4424 Ro-

2179 3121 2226 3184 C

2252 1847 2570 1903 στινιανοῦ
2598 1847 2736 1914 ἔτος
2769 1846 2843 1903 a'.

2335 1941 2601 2009 Ἀράϐων
2632 1941 2902 2011 ἀρχηγοῦ
2948 1940 3174 1997 Orba/lla
3205 1941 3346 2008 ἔτος
3381 1939 3456 1995 α’.

2323 2035 3031 2100 Κωνσταντινουπόλεως
3041 2033 3386 2088 ἐπισκόπου
3403 2033 3599 2102 Κύρου
3614 2034 3737 2100 ἔτος
3749 2040 3811 2090 α’.

2335 2127 2774 2199 Ἰεροσολύμων
2799 2127 3143 2182 ἐπισκόπου
3182 2127 3464 2184 Ἰωάννου
3493 2127 3622 2192 ἔτος
3658 2125 3725 2183 α’.

2321 2244 2511 2317 Τούτῳ
2567 2243 2648 2315 τῷ
2707 2242 2817 2297 ἔτει
2888 2241 3270 2305 ’1ουστινιανδς
3328 2241 3496 2296 πάλιν
3542 2239 3638 2311 τὴν
3685 2239 3814 2310 ﬂatu-

2249 2337 2400 2392 λείαν
2462 2335 2921 2408 παραλαμϐάνει,
2987 2336 3085 2390 καὶ
3155 2333 3332 2388 πολλὰ
3399 2333 3548 2404 δῶρα
3599 2332 3716 2396 δοὺς
3751 2331 3813 2402 τῷ

2251 2428 2501 2503 Τερϐέλῃ
2563 2429 2662 2483 καὶ
2743 2426 3002 2498 βασιλικά
3073 2425 3280 2496 σκεύη,
3343 2424 3616 2478 ἀπέλυσεν
3675 2421 3814 2475 αὐτὸν

2250 2524 2310 2578 ἐν
2351 2523 2567 2595 εἰρήνῃ.
2617 2519 2924 2592 Ἀψίμαρος
2965 2519 3023 2573 δὲ
3056 2517 3379 2572 καταλιπὼν
3421 2517 3523 2588 τὴν
3566 2514 3713 2568 πόλιν
3750 2513 3814 2576 είς

2263 2613 2675 2670 ’Δπολλωνιάδα
2739 2611 2959 2683 φεύγει.
3008 2609 3428 2683 Καταδιωχθεὶς
3485 2609 3542 2663 δὲ
3606 2607 3816 2677 συλλαμ-

2253 2709 2481 2765 ϐάνεται
2505 2750 2520 2775 ,
2550 2711 2648 2764 καὶ
2677 2709 2759 2773 είς
2819 2705 3197 2762 Ἶουστινιανδν
3239 2704 3460 2774 ἄγεται.
3505 2703 3614 2759 Kal.
3670 2699 3816 2771 Ἡρά-

2253 2805 2434 2868 κλειος
2468 2803 2580 2876 (95)
2612 2801 2671 2856 δὲ
2703 2801 2814 2856 ἀπὸ
2842 2801 3066 2874 Θρᾴκης
3097 2798 3391 2869 δεδεμένος
3423 2795 3563 2869 ἢχθη
3591 2795 3680 2849 σὺν
3699 2793 3816 2846 πᾶσι

2251 2899 2367 2961 τοῖς
2403 2895 2894 2968 συνασπιζομένοις
2942 2893 3095 2965 αὐτῷ
3116 2892 3162 2926 ⁸⁸
3211 2893 3480 2963 ἄρχουσιν
3501 2929 3516 2953 ,
3542 2887 3630 2952 οὓς
3671 2888 3724 2940 ἐν
3747 2883 3814 2952 τῷ

2251 2989 2424 3062 τείχει
2471 2989 2683 3054 πάντας
2728 2988 3058 3060 ὲφούρκισεν
3105 2985 3240 3058 (96).
3285 2981 3636 3044 Ἀποστείλας
3666 2979 3714 3032 δὲ
3741 2977 3810 3038 είς

2253 3080 2326 3136 τά
2377 3079 2642 3152 μεσόγεια
2683 3079 2922 3140 ἅπαντα,
2959 3076 3178 3140 πλείους
3215 3075 3273 3143 ἐξ
3306 3075 3496 3130 αὐτῶν
3535 3069 3686 3140 εὗρὼν
3720 3067 3806 3135 ἐμ-

2261 3173 2546 3247 πράκτους
2571 3172 2689 3242 (9'7)
2710 3189 2771 3224 τε
2796 3170 2892 3225 καὶ
2925 3169 3248 3238 ἀπράκτους
3276 3168 3320 3200 ⁸⁷
3354 3167 3562 3228 πάντας
3583 3160 3806 3216 ἀπέκτει-

2253 3287 2366 3324 νεν.
2402 3267 2509 3322 Τὸν
2543 3265 2602 3320 δὲ
2652 3263 2961 3336 Ἀψίμαρον
2990 3261 3086 3317 καὶ
3133 3261 3396 3316 Λεόντιον
3437 3259 3645 3316 ἁλύσεσι
3686 3249 3811 3305 6:63-

2260 3361 2459 3433 μένους
2488 3359 2567 3422 εἰς
2601 3359 2782 3411 πᾶσαν
2828 3355 2985 3409 πόλιν
3028 3352 3352 3424 πομπεῦσαι
3384 3350 3672 3420 πεποίηκεν
3692 3359 3705 3374 ⁸
3736 3341 3818 3395 καὶ

2257 3450 2352 3507 τοῦ
2383 3449 2614 3506 ἱππικοῦ
2644 3449 2917 3519 ἀγομένου
2942 3446 3040 3502 καὶ
3066 3448 3126 3502 ὲν
3153 3444 3232 3517 τῷ
3259 3444 3440 3517 σένζῳ
3464 3435 3820 3508 καθεζομένου.

2257 3541 2507 3614 ἤχθησαν
2540 3538 2830 3612 συρόμενοι
2875 3537 3136 3611 δημοσίᾳ,
3168 3537 3266 3591 καὶ
3308 3535 3615 3609 ἐρρίφησαν
3644 3528 3822 3581 ὑποτα-

2259 3636 2433 3705 γάδην
2447 3632 2600 3706 αὐτῷ
2621 3649 2637 3664 ο
2661 3633 2758 3688 καὶ
2780 3631 3027 3704 ἐπάτησε
3063 3630 3157 3686 τὸν
3187 3628 3468 3700 τράχηλον
3495 3621 3666 3680 αὐτῶν
3687 3617 3824 3687 ἄχρις

2259 3727 2578 3792 ἀπολύσεως
2631 3725 2746 3797 (98)
2787 3724 2884 3778 τοῦ
2913 3724 3136 3796 πρώτου
3167 3723 3344 3795 βατου,
3375 3719 3484 3776 τοῦ
3522 3718 3688 3789 δήμου
3716 3708 3830 3781 βοή·

2264 3839 2483 3887 σαντος,
2521 3822 2605 3875 ὅτι
2627 3820 2753 3874 Ἐπὶ
2777 3818 2982 3874 ἀσπίδα
3011 3819 3109 3872 καὶ
3148 3815 3473 3890 βασιλίσκων
3501 3807 3720 3878 ἐπέϐης,
3749 3798 3830 3854 καὶ

2263 3915 2551 3986 ὲπάτησας
2599 3911 2793 3968 λέοντα
2840 3913 2937 3968 καὶ
2973 3911 3267 3984 δράκοντα.
3314 3908 3436 3964 Καὶ
3471 3903 3683 3963 τούτους
3709 3896 3826 3950 ἀπο·

2267 4009 2485 4073 στείλας
2513 4009 2573 4061 ὲν
2601 4005 2682 4078 τῷ
2709 4004 2991 4076 κυνηγείῳ
3030 4001 3441 4072 ἀπεκεφάλισεν
3460 4016 3476 4032 ο
3528 3989 3826 4052 Καλλίνικον

2266 4099 2325 4154 δὲ
2359 4097 2712 4170 πατριάρχην
2763 4093 3054 4165 τυφλώσας
3087 4096 3146 4150 ὲν
3191 4096 3260 4164 τῇ
3325 4091 3518 4163 Ῥώμῃ
3550 4084 3822 4170 WW1?

2267 4189 2363 4244 καὶ
2414 4164 2533 4243 ἀντ’
2574 4164 2750 4241 αύτοῦ
2798 4164 2986 4258 Κῦρον
3017 4187 3076 4239 ὲν
3106 4188 3174 4256 τῇ
3221 4185 3371 4254 νήσῳ
3403 4183 3702 4252 Ἀμαστρις
3729 4164 3826 4258 (99)

2270 4279 2586 4350 ἔγκλειστον
2616 4277 2771 4344 ὄντα,
2821 4256 2903 4342 ὡς
2948 4275 3386 4348 προσημάναντα
3429 4271 3577 4341 αὐτῷ
3624 4263 3718 4337 τὴν
3741 4256 3827 4327 τῆς

2270 4373 2536 4445 δευτέρας
2616 4369 2896 4443 βασιλείας
2967 4368 3420 4424 ἀποκατάστασιν
3498 4355 3825 4445 προεϐάλετο.

577 4438 723 4520 mam
749 4461 1032 4535 relegavit,
1065 4469 1122 4517 et
1163 4461 1221 4517 in
1248 4459 1372 4532 ejus
1402 4459 1586 4516 locum
1628 4459 1832 4533 Cyrum
1865 4459 2150 4530 quemdam

2282 4438 2682 4536 ’Avapiﬂpq'r‘ov
2718 4462 2775 4517 δὲ
2807 4459 3013 4533 πλῆθος
3044 4459 3109 4515 ἐκ
3131 4476 3192 4512 τε
3219 4456 3266 4489 ⁸⁸
3300 4457 3396 4510 τοῦ
3435 4445 3727 4536 πολιτικοῦ,
3747 4438 3827 4536 καὶ

578 4556 637 4612 in
695 4555 969 4613 Amastris
1025 4553 1208 4611 insula
1268 4552 1599 4610 monachum
1653 4552 1956 4616 inclusum,
2010 4552 2160 4624 quod

580 4647 796 4720 imperii
865 4649 1108 4706 secundo
1173 4648 1398 4720 gerendi
1469 4645 1789 4701 vaticinium
1867 4644 2155 4711 edidisset,

2268 4556 2365 4610 τοῦ
2441 4553 2837 4626 στρατιωτικοῦ
2895 4551 3203 4620 καταλόγου
3259 4547 3566 4604 ἀπώλεσεν.
3614 4532 3828 4594 Πολλοὺς

2263 4647 2321 4701 δὲ
2353 4646 2449 4700 καὶ
2478 4648 2536 4700 ἐν
2571 4646 2798 4710 σάκκοις
2827 4641 3086 4716 ἐμϐαλὼν
3108 4642 3152 4676 ⁸⁸
3183 4642 3242 4696 ἐν
3270 4641 3338 4713 τῇ
3371 4636 3618 4709 θαλάσσῃ
3656 4637 3828 4696 πικροὶ*

1885 4759 2124 4816 ἾΑῙΠᾹΞ
2153 4758 2562 4817 LECTIONES.

669 4879 952 5024 352638
981 4880 1166 4946 αὐτοῖς
1195 4881 1342 4952 vulg.
1417 4880 1462 4914 "
1491 4879 1865 4954 ὲμπράκτους]
1885 4878 2048 4952 εὐπρ.
2087 4879 2126 4938 f.
2239 4880 2284 4913 ⁸⁸
2313 4898 2374 4935 τε
2397 4889 2452 4936 et
2481 4879 2715 4937 alterum
2743 4876 2838 4933 τοῦ
2867 4876 2998 4932 add.
3028 4891 3096 4932 ex
3131 4874 3195 4929 A.
3294 4872 3338 4905 ”
3363 4864 3618 4942 ἐμϐαλὼν
3650 4860 3715 4924 Α,
3745 4855 3830 4925 ἔμ’

583 4951 796 5009 ϐάλλων
821 4967 892 5007 vu

1887 5043 2031 5103 JAC.
2059 5043 2270 5102 GOAlll
2297 5040 2534 5099 NOTAE.

652 5166 770 5242 (93)
813 5164 943 5238 Egri
970 5163 1106 5234 Capi
1132 5159 1757 5242 vocanthodi_e__'l'urctp,
1789 5159 1844 5216 id
1877 5168 1986 5225 est,
2019 5159 2163 5242 obli-

623 5228 772 5304 u‘am',
815 5228 881 5292 ut
910 5228 1107 5306 reapse
1150 5233 1362 5290 aditum
1406 5232 1632 5288 exhibet
1667 5232 1982 5287 sinuosum.
2013 5228 2163 5300 Orig.

582 5257 806 5367 δρηικ
820 5307 914 5363 τοῦ
935 5304 1181 5367 Χαρσίου
1197 5303 1610 5367 δευτερεύοντος
1634 5301 1834 5367 μέρους
1857 5301 2120 5364 Βενέτων,
2135 5317 2163 5354 a

585 5301 726 5371 CP..
740 5301 806 5363 ἔκ
820 5307 914 5363 τοῦ
935 5301 1181 5376 Χᾰρσίου
1197 5303 1610 5373 δευτερεύοντος
1634 5301 1834 5373 μέρους
1857 5301 2120 5364 Βενέτων,
2135 5317 2167 5354 α

583 5381 812 5438 Charsio
833 5377 1076 5434 secundae
1105 5374 1425 5432 Venetorum
1453 5374 1702 5444 factionis
1730 5374 1941 5444 tribuno
1963 5370 2166 5444 dictam

584 5452 802 5517 volunt,
845 5449 1052 5520 quibus
1095 5447 1341 5520 auctoris
1375 5439 1548 5520 verba
1577 5443 1980 5520 astipulantur.
2017 5439 2167 5496 Inter

585 5515 795 5591 ipsam,
817 5515 878 5576 et
903 5527 1226 5591 sequentem
1256 5515 1694 5591 Adrianopoleos
1723 5522 1943 5591 portum
1963 5526 2170 5591 γει-δυσ

587 5581 968 5648 continentem
985 5581 1428 5645 Blachernarum
1457 5581 1741 5655 palatium:
1755 5584 1922 5641 situm
1957 5581 2082 5638 fuit.

662 5660 870 5732 (94)_S.
902 5659 1158 5732 Niceph.,
1213 5653 1488 5732 tta-cafrb—v
1520 5656 1620 5726 τῆς
1653 5653 1865 5732 πόλεως
1910 5653 2163 5732 άγωγρν·

589 5724 684 5802 per
716 5724 866 5785 urbis
897 5724 1530 5802 ασιιέιίιιᾳιιιηι-ειιὸξεηι,
1549 5724 1811 5802 tantisper
1836 5727 1893 5802 in
1918 5724 2167 5802 Illac/ter-

591 5794 786 5860 harum
822 5794 1024 5870 palatio
1059 5798 1339 5854 habitavit.
1385 5796 1478 5855 Sic
1503 5796 1637 5853 mihi
1667 5794 1750 5864 τὸ,
1778 5795 1914 5870 πρὸς
1949 5794 2124 5868 βραχύ
2146 5810 2158 5824 ’

2267 5171 2392 5227 qua:
2418 5154 2646 5227 ipsavis
2679 5153 2895 5227 εει-τοῦ
2926 5152 3210 5223 ἐσκήνωσε
3232 5164 3246 5179 ·
3281 5164 3389 5206 non
3424 5144 3589 5213 paulo
3622 5145 3754 5209 post,
3778 5135 3831 5186 ιιι

2270 5223 2398 5282 aliis
2423 5223 2718 5281 redditum.
2755 5223 3050 5279 Caunians.

2365 5274 3688 5366 95lndpsimariwir—a-ter,Orientaliumcopiarum
3713 5274 3832 5331 dux.

2366 5367 2458 5432 96)
2488 5360 2634 5436 Πρὸς
2666 5365 2748 5436 τῷ
2781 5365 2953 5436 τείχει
2981 5364 3076 5418 ἐπὶ
3107 5361 3266 5436 ξύλου
3305 5360 3638 5436 ἀνήρτησῇνο

2344 5421 2459 5508 (97)
2493 5421 2735 5508 Alﬁo-tes,
2761 5421 2927 5493 vertit
2955 5421 3308 5496 Anastasius,
3335 5421 3633 5501 cu'j'us'alia
3665 5421 3833 5478 lectio,

2274 5506 2539 5570 auctores,
2572 5506 2756 5562 habet.

2345 5555 2820 5649 (ὖέῖῖλπόλυσις,
2849 5575 2995 5646 ﬁnis,
3029 5584 3083 5649 et
3113 5570 3366 5649 demissio
3393 5584 3412 5623 :
3449 5566 3622 5649 βαῖον,
3644 5555 3827 5649 pugil.

2273 5656 2331 5706 et
2351 5637 2697 5719 ‘prt'zmium.
2723 5637 2824 5701 Adi
2847 5637 3017 5719 anta's
3065 5646 3122 5699 in
3161 5637 3829 5719 Cedrenumposter'io‘rfvf

2346 5700 2588 5791 (δῆλα
2635 5700 2916 5791 Bithyniae
2938 5700 3231 5788 pontum;
3289 5700 3628 5770 correctius,
3672 5700 3826 5766 Ἅμα·

2277 5785 2448 5862 «ego;
2490 5787 2672 5860 posuit
2707 5785 3073 5860 Nicephorus.
