4100 6426
315 324 426 396 ’161

1605 325 2281 391 CHRONOGRAPHIA.

3483 329 3594 398 762

316 439 578 500 θανάτους
614 435 807 490 ἐποίει.
846 435 1076 499 Ἄλλους
1125 436 1182 490 δὲ
1229 435 1366 508 πρὸς
1406 435 1816 508 ἀριστόδειπνον
1854 438 1900 471 ro

2008 440 2245 496 suﬂ'ecit.
2311 439 2389 496 Ex
2445 441 2649 498 civium
2717 443 2947 512 posthac
2993 442 3341 515 militumque
3394 445 3591 501 ordine

317 529 666 600 κλητορεύων
694 530 790 596 (Ι),
819 528 938 598 ἅμα
961 528 1039 599 τῷ
1066 528 1391 598 ἀναστῆναι,
1437 527 1533 592 οὒς
1577 528 1676 598 μὲν
1706 529 1904 600 ἐφούρ-

313 623 490 687 κιζεν,
540 620 634 684 οὓς
689 620 746 675 δὲ
784 621 1116 690 ἀπέτεμνεν,
1163 619 1476 674 Κὰντεῦθεν
1531 619 1708 691 μέγας
1740 620 1906 689 φόϐος

313 715 532 784 συνεῖχε
561 711 798 775 πάντας.
847 710 1164 765 Ἀπέστειλε
1195 711 1253 765 δὲ
1289 710 1478 764 στόλον
1514 711 1654 781 πρὸς
1679 711 1741 765 τὸ
1771 712 1904 780 ἀγα-

309 807 433 876 γεῖν
480 807 546 860 ἐκ
588 803 874 874 Χαζαρὶας
910 804 1010 877 τὴν
1043 803 1241 858 ἑαυτοῦ
1291 805 1548 872 γυναῖκα,
1597 804 1692 859 καὶ
1732 805 1904 861 πολλὰ

313 898 501 968 σκάφη
533 897 900 967 ἐϐυθίσθησαν
923 897 967 928 ⁸¹
1008 895 1290 968 σύμψυχα.
1339 896 1606 960 ⁹Ακοόσας
1635 895 1692 951 δὲ
1721 899 1749 951 ὁ
1789 899 1905 951 Xa-

311 989 480 1056 γάνος
527 988 680 1058 δηλοῖ
709 987 879 1058 αὐτῷ·
920 981 992 1039 *Ω
1023 987 1240 1058 ἀνόητε,
1271 987 1371 1041 οὐκ
1399 987 1506 1040 ἔδει
1534 1004 1593 1060 σε
1622 987 1708 1042 διὰ
1739 989 1832 1042 δύο
1861 987 1895 1061 ἢ

310 1077 482 1151 τριῶν
507 1078 738 1150 σκαφῶν
764 1079 950 1134 λαϐεῖν
983 1096 1077 1132 σου
1104 1080 1204 1148 τὴν
1234 1081 1489 1148 γυναῖκα,
1524 1079 1622 1133 καὶ
1665 1079 1740 1151 μὴ
1766 1081 1904 1135 ἀπο-

311 1173 528 1227 κτεῖναι
576 1170 832 1226 τοσοῦτον
875 1171 1122 1243 πλῆθος;
1175 1171 1208 1244 ἢ
1242 1171 1420 1236 δοκεῖς
1448 1171 1542 1226 καὶ⁸
1567 1171 1772 1244 ταύτην
1806 1189 1904 1225 πο-

311 1262 468 1333 λέμῳ
519 1260 858 1332 λαμϐάνειν;
913 1261 1022 1316 ίδοὺ
1077 1261 1276 1332 ἐτέχθη
1325 1278 1408 1314 σοι
1446 1264 1542 1315 καὶ
1591 1261 1744 1328 υίὸς,
1804 1260 1902 1315 καὶ

313 1353 661 1417 ἀπόστειλον,
693 1351 825 1406 λάϐε
872 1350 1092 1415 αὐτούς.
1135 1352 1195 1405 '0
1236 1351 1294 1404 δὲ
1323 1350 1902 1422 ἀποστείλας-Θεοφύ-

2013 548 2307 588 numerum
2371 533 2768 605 propemodum
2815 534 3090 590 iniinitum
3155 535 3334 606 coegit
3387 535 3592 606 perire,

2011 624 2282 694 plurimos
2340 641 2565 698 quoque
2628 626 2807 683 saccis
2868 627 3114 682 inclusos
3169 643 3355 682 amara
3415 636 3594 682 morte

2012 714 2311 780 interemit,
2383 715 2680 772 nonnullos
2731 717 2898 772 etiam
2957 717 3025 772 ad
3073 718 3289 789 prandii
3349 734 3593 775 coentnve

2011 808 2231 877 epulum
2286 809 2570 875 invitatos,
2617 812 2662 866 si
2705 812 2931 883 quando
2983 821 3274 883 surgerent
3314 829 3344 868 e
3375 828 3588 878 mensa,

2011 897 2112 953 hos
2142 898 2308 972 314
2337 901 2607 971 patibulo,
2648 903 2788 961 alios
2828 905 3009 975 gladio
3038 905 3356 961 damnabat.
3396 903 3472 959 Ex
3503 905 3592 960 his

2009 989 2208 1047 horror
2295 1003 2589 1066 metusque
2662 1005 2985 1052 cunctorum
3068 998 3284 1053 animos
3358 996 3589 1053 invasit.

2008 1080 2255 1138 Classem
2297 1099 2464 1154 porro
2494 1101 2616 1155 quae
2640 1101 2670 1141 e
2694 1086 2960 1142 Chazaria
2991 1088 3284 1158 conjugem
3345 1087 3588 1144 devehe-

2007 1181 2113 1240 ret,
2165 1175 2339 1240 misit,
2387 1177 2546 1248 cujus
2588 1179 2802 1250 navigia
2847 1197 3010 1250 quam
3040 1182 3275 1252 plurima
3320 1197 3426 1236 una
3463 1197 3588 1237 cum

2002 1263 2094 1331 iis,
2140 1267 2230 1335 qui
2263 1269 2722 1336 conscenderant,
2767 1271 3084 1328 hominibus
3129 1275 3413 1330 submersa
3437 1283 3589 1329 sunt.

2005 1354 2104 1413 His
2172 1357 2468 1430 Chaganus
2521 1371 2729 1428 motus,
2795 1365 3068 1436 signiﬁcat
3103 1383 3120 1420 :
3154 1365 3344 1430 Fatue,
3409 1381 3592 1423 nonne

312 1443 514 1498 λακτον
553 1442 1003 1513 κουϐικουλάριον
1053 1440 1215 1495 ἔλαϐε
1254 1442 1302 1472 ⁸²
1332 1441 1431 1512 τὴν
1474 1439 1760 1513 Θεοδώραν
1807 1441 1902 1495 καὶ

2008 1441 2224 1507 duabus
2248 1453 2334 1508 νρΙ
2371 1453 2552 1511 tribus
2579 1456 2814 1513 navibus
2841 1458 3128 1530 eonjugem
3161 1467 3312 1514 tuam
3341 1467 3593 1529 repetere

311 1535 570 1608 Τισὲριον
617 1535 708 1589 τὸν
738 1535 854 1589 υἱὸν
883 1534 1074 1604 αὐτῆς,
1123 1533 1218 1586 καὶ
1248 1531 1476 1605 ἔστεψεν
1518 1531 1755 1596 αὐτούς’
1806 1533 1903 1588 καὶ

2010 1542 2279 1609 oportuit,
2351 1551 2629 1614 tantaeque
2682 1547 3054 1604 multitudinis
3117 1548 3244 1604 vita:
3299 1563 3524 1618 parcere
3570 1548 3596 1602 ?

312 1627 780 1681 συνεϐασίλευσαν
804 1629 851 1660 ⁸³
881 1625 1052 1698 αὐτῷ.

2008 1629 2147 1686 Num
2173 1649 2292 1688 eam
2323 1633 2466 1689 bello
2488 1637 2732 1705 recipere
2758 1639 2992 1708 parabas
3017 1639 3041 1692 ?
3063 1638 3215 1702 Vide,
3247 1639 3412 1693 etiam
3448 1638 3597 1696 [ilius

311 1727 480 1775 natus
511 1730 600 1777 est
644 1721 761 1785 tibi,
807 1721 962 1775 mitte
1000 1732 1133 1790 ergo
1172 1716 1391 1787 quieos
1423 1715 1490 1771 ad
1524 1725 1576 1772 te
1633 1717 1930 1774 adducant.
1967 1720 2062 1778 llle
2119 1725 2293 1780 misso
2378 1723 2788 1798 Theophylacto
2837 1729 3181 1784 cubiculario
3244 1729 3594 1784 Theodoram

315 1811 603 1883 coniugem
631 1815 857 1884 recepit,
897 1824 949 1870 ct
979 1814 1098 1884 ejus
1132 1814 1302 1868 tilium
1331 1811 1637 1884 Tiberium,
1674 1830 1969 1890 utrumque
2038 1836 2172 1877 vero
2233 1823 2448 1895 imperii
2492 1839 2698 1881 corona
2767 1826 3006 1893 ornavit,
3077 1839 3298 1897 unaque
3347 1841 3472 1878 cum
3519 1840 3586 1878 eo

319 1901 526 1973 imperii
563 1903 832 1974 dignitate
868 1908 1022 1975 potiti
1061 1917 1211 1964 sunt.

395 2000 457 2056 Δ.
477 1998 541 2053 Μ.
581 1998 741 2056 6199.
770 2030 842 2040 -
869 2001 1058 2076 Τούτῳ
1085 2004 1164 2076 τῷ
1197 2005 1306 2061 ἔτει
1337 2008 1533 2062 Οὐαλὶδ
1579 1993 1830 2079 ἣρπασεν
1854 2005 1898 2039 ⁵⁸

2075 2003 2141 2058 Α.
2182 2001 2245 2058 C.
2279 2002 2406 2059 699.
2433 2001 2639 2058 -Hoe
2672 2018 2820 2058 anno
2861 2001 3044 2066 Valid,
3080 2017 3188 2072 qua
3226 2002 3502 2057 ferebatur
3537 2001 3592 2061 in

329 2092 426 2164 τὴν
451 2091 738 2163 καθολικὴν
773 2093 1066 2164 Δαμασκοῦ
1099 2097 1178 2168 (2)
1235 2100 1547 2172 άγιωτάτην
1601 2099 1900 2170 ἐκκλησίαν

2008 2095 2350 2153 Christianos
2398 2096 2631 2163 invidia,
2663 2097 2939 2169 publicam
2991 2103 3046 2152 et
3075 2111 3423 2151 communem
3468 2110 3596 2152 san-

318 2185 495 2256 φθόνῳ
529 2185 670 2253 πρὸς
695 2186 823 2249 τοὺς
853 2187 1224 2258 Χριστιανοὺς
1252 2193 1280 2245 ὁ
1309 2191 1589 2264 ἀλιτήριος
1635 2192 1682 2227 ⁸⁸
1706 2192 1795 2246 διὰ
1839 2192 1901 2246 τὸ

2008 2187 2311 2244 ctissimam
2360 2185 2618 2243 Damasci
2665 2186 2985 2253 ecclesiam,
3038 2187 3111 2242 ob
3157 2195 3487 2258 apparatum
3541 2193 3598 2242 et

312 2276 657 2351 ὕπρὸάλλον
687 2277 883 2343 κάλλος
915 2277 1009 2333 τοῦ
1046 2281 1296 2336 τοιούτου
1332 2284 1463 2339 ναοῦ
1483 2300 1500 2319 ο
1535 2285 1629 2340 καὶ
1661 2284 1901 2338 ἐκώλυσε

2008 2279 2159 2335 illius
2189 2281 2322 2336 aedis
2370 2278 2814 2351 amplitudinem,
2849 2279 3185 2336 Christianis
3221 2280 3446 2350 eripuit.
3480 2277 3596 2335 Pu-

305 2368 622 2441 γράφεσθαι
670 2368 978 2442 Ἑλληνιστὶ
1006 2373 1134 2437 τοὺς
1184 2374 1482 2446 δημοσίους
1537 2375 1647 2430 τῶν
1683 2375 1902 2447 λογοθε-

2008 2372 2183 2430 blicos
2211 2373 2377 2428 etiam
2422 2373 2859 2444 logothesiorum
2891 2373 3007 2430 sive
3039 2371 3244 2444 publici
3283 2373 3464 2429 aerarii
3499 2387 3599 2428 co-

309 2459 441 2514 σίων
477 2460 740 2528 κὼδικας,
769 2461 887 2515 ἀλλ’
934 2463 1210 2533 Ἀραϐίοις
1249 2465 1297 2498 ³⁸
1344 2468 1488 2522 αὐτὰ
1543 2469 1903 2541 παρασημαί-

2008 2467 2156 2523 dices
2204 2466 2392 2522 Graece
2429 2466 2670 2523 describi
2731 2467 2926 2530 vetuit,
2971 2467 3066 2522 sed
3105 2467 3345 2522 Arabice
3377 2466 3596 2522 exarari

308 2552 522 2619 νεσθαι,
547 2552 720 2625 χωρὶς
742 2554 852 2608 τῶν
873 2555 1093 2626 ψήφων,
1130 2558 1322 2630 ἐπειδὴ
1379 2559 1642 2614 ἀδύνατον
1669 2562 1736 2632 τῇ
1767 2561 1903 2614 ἐκεί-

2008 2559 2188 2631 jussit,
2228 2560 2477 2630 exceptis
2502 2559 2770 2625 numeris,
2807 2559 3252 2631 quandoquidem
3305 2559 3594 2626 unitatem,

305 2661 416 2699 νων
445 2645 672 2717 γλώσσῃ
707 2647 783 2717 (5)
818 2648 1026 2718 μονάδα
1079 2649 1112 2721 ἢ
1161 2650 1329 2706 δυάδα
1379 2652 1633 2724 ἢτριάδα
1674 2653 1707 2724 ἢ
1760 2652 1904 2707 ὀκτὼ

304 2737 484 2808 ἥμισυ
529 2737 565 2809 ἢ
614 2738 746 2810 τρία
772 2739 1083 2811 γράφεσθαι
1105 2757 1121 2774 ο
1157 2743 1236 2796 διὸ
1265 2743 1361 2798 καὶ
1409 2743 1514 2809 ἕως
1551 2745 1796 2817 σήμερόν
1828 2747 1904 2799 εί-

311 2847 399 2885 σιν
429 2831 477 2863 ⁸⁷
512 2830 611 2884 σὺν
635 2831 823 2897 αὐτοῖς
861 2832 1104 2906 νοτάριοι
1136 2835 1479 2907 Χριστιανοί.

382 3015 450 3066 Α.
488 3010 557 3066 Μ.
593 3011 757 3068 6200.
785 3038 851 3052 --
876 3010 1069 3083 Τούτῳ
1097 3012 1178 3085 τῷ
1225 3013 1336 3068 ἔτει
1381 3013 1760 3080 Ἰουστινιανὸς
1805 3015 1906 3087 τὴν

314 3103 628 3173 άναμεταξῦ
682 3103 758 3176 (4)
809 3104 1102 3177 Ῥωμαίων
1159 3107 1255 3160 καὶ
1307 3108 1633 3178 Βουλγάρων
1681 3109 1906 3181 είρήνην

2005 2654 2088 2707 vel
2125 2652 2422 2718 binarium,
2455 2659 2551 2706 aut
2596 2651 2926 2718 ternarium,
2962 2653 3046 2708 vel
3076 2660 3204 2709 octo
3236 2667 3361 2708 cum
3407 2652 3592 2706 medio

2007 2748 2383 2804 ternariumve
2419 2763 2483 2804 ea
2530 2748 2717 2819 lingua
2761 2747 3004 2803 describi
3037 2761 3148 2802 non
3180 2745 3254 2803 sit
3294 2743 3596 2818 possibile:

2005 2843 2364 2914 quamobrem
2393 2841 2594 2898 notarii
2628 2839 2929 2898 Christiani
2963 2855 3142 2912 usque
3175 2839 3234 2894 in
3266 2843 3414 2895 hunc
3452 2837 3596 2893 diem

2007 2931 2152 3004 apud
2186 2947 2284 2988 eos
2309 2937 2721 2986 remanserunt.

2077 3024 2144 3079 A.
2180 3022 2245 3079 C.
2275 3022 2396 3078 700.
2431 3021 2640 3078 —-Hoc
2665 3037 2812 3078 anno
2855 3019 3206 3078 Justinianus
3250 3035 3439 3092 pacem
3488 3019 3600 3075 Ro-

2009 3131 2204 3170 manos
2257 3114 2403 3170 inter
2445 3121 2501 3170 et
2554 3113 2823 3184 Bulgaros
2867 3113 3232 3183 compositam
3267 3110 3517 3174 violavit,
3548 3118 3605 3166 et

314 3197 655 3270 διέστρεψεν,
677 3199 775 3253 καὶ
811 3200 1059 3271 περάσας
1078 3201 1146 3254 τὰ
1170 3202 1549 3274 κασαλλαρικὰ
1589 3202 1802 3275 θέματα
1826 3204 1903 3268 είς

2009 3209 2255 3279 equitum
2305 3206 2614 3279 legionibus
2661 3207 2717 3262 in
2770 3205 3064 3261 Thraciam
3114 3203 3356 3258 transire
3405 3200 3602 3274 jussis,

314 3289 415 3360 τὴν
450 3289 697 3362 Θρᾴκην,
731 3289 829 3345 καὶ
863 3290 1154 3356 ἐξοπλίσας
1179 3292 1225 3324 ³³
1260 3291 1508 3363 πλώϊμον
1537 3293 1680 3349 κατὰ
1733 3293 1903 3348 Βουλ-

2011 3302 2176 3357 etiam
2209 3301 2446 3357 classem
2480 3299 2747 3356 adversus
2793 3296 3062 3367 Bulgaros
3113 3295 3398 3359 instruxit,
3436 3300 3490 3349 et
3548 3292 3604 3348 in

315 3380 504 3452 γάρων
561 3381 657 3434 καὶ
690 3380 936 3453 Τερσίλη
966 3381 1252 3454 ὥρμησεν.
1312 3383 1659 3437 Καταλαῦὼν
1700 3382 1757 3437 δέ
1802 3382 1902 3455 τὴν

2008 3393 2295 3450 Terbelem
2336 3391 2555 3463 irrupit.
2597 3389 2929 3445 Anchialum
2963 3402 3096 3443 vero
3126 3385 3426 3458 profectus,
3457 3385 3604 3440 clas-

328 3474 616 3544 Ἃγχίαλον
647 3474 709 3528 τὸ
747 3475 845 3545 μὲν
889 3473 1138 3545 πλώϊμον
1166 3473 1483 3547 ἔμπροσθεν
1509 3477 1604 3531 τοῦ
1659 3478 1901 3545 κάστρου

2008 3501 2123 3543 sem
2160 3483 2382 3556 quidem
2433 3481 2502 3537 ad
2551 3483 2746 3538 urbem
2809 3480 3095 3552 applicuit,
3140 3487 3428 3547 equestres
3474 3491 3605 3530 vero

317 3565 735 3638 προσώρμισεν,
769 3566 836 3620 τὰ
869 3566 926 3621 δὲ
955 3566 1342 3636 κασαλλαρικά
1386 3568 1468 3630 είς
1518 3568 1648 3632 τοὺς
1692 3568 1902 3623 ἄνωθεν

2008 3578 2199 3649 copias
2248 3575 2316 3631 ad
2355 3589 2582 3646 campos
2613 3573 2733 3630 urbi
2769 3573 3142 3638 imminentes,
3166 3571 3317 3626 omni
3353 3567 3606 3624 custodia

317 3659 578 3726 κάμπους
609 3659 1095 3731 άπαραφυλάκτως
1123 3659 1217 3714 καὶ
1265 3659 1449 3730 πάσης
1479 3658 1717 3729 ὑποψίας
1745 3659 1903 3722 ἐκτὸς

2010 3675 2248 3733 remota,
2277 3675 2330 3722 et
2353 3665 2493 3722 citra
2523 3665 2756 3736 periculi
2785 3665 3160 3736 suspicionem
3194 3669 3378 3718 castra
3407 3659 3604 3715 metari

316 3749 657 3805 ἀπλικεῦσαι
687 3749 1043 3822 προσέταξεν.
1071 3750 1176 3804 Τοῦ
1207 3749 1266 3803 δέ
1298 3749 1431 3804 λαοῦ
1469 3748 1902 3820 σκορπισθέντος

2008 3759 2286 3830 praecepit.
2341 3756 2605 3813 Exercitu
2674 3756 2861 3826 itaque
2919 3753 3194 3826 pecudum
3263 3751 3444 3807 instar
3505 3764 3608 3820 per

317 3843 399 3910 ὠς
429 3844 679 3918 πρόϐατα
709 3844 804 3898 ἐπὶ
831 3844 878 3879 ³⁸
905 3845 1036 3910 τοὺς
1086 3845 1345 3915 κάμπους
1375 3841 1514 3914 πρὸς
1561 3842 1622 3898 τὸ
1653 3841 1903 3908 συλλέξαι

2008 3862 2230 3918 campos
2268 3854 2494 3902 errante
2524 3854 2578 3902 et
2608 3844 2676 3902 ad
2722 3845 2922 3917 pabula
2951 3843 3109 3916 equis
3142 3839 3455 3914 colligenda
3487 3838 3607 3896 dis-

320 3936 538 4006 χόρτον,
573 3929 714 3990 εἶδον
747 3935 792 3967 ⁸⁸
829 3935 895 3990 ἐκ
923 3935 1033 3987 τῶν
1067 3935 1240 4006 ὀρέων
1291 3933 1343 3988 οἱ
1396 3933 1736 3988 κατάσκοποι
1794 3933 1903 3987 τῶν

2008 3956 2195 4012 perso,
2224 3955 2256 3996 e
2285 3941 2560 3995 montium
2597 3939 2936 3995 culminibus
2970 3937 3190 3993 inanem
3232 3941 3288 3990 ct
3314 3935 3487 3991 levem
3525 3932 3605 3988 rei

323 4026 655 4098 Βουλγάρων
688 4028 789 4100 τὴν
842 4028 952 4081 τῶν
996 4026 1290 4097 Ῥωμαίων
1332 4027 1571 4098 ματαίαν
1597 4026 1903 4096 διοίκησιν·

2015 4031 2278 4088 militaris
2317 4032 2462 4104 apud
2510 4031 2792 4087 Romanos
2849 4031 3200 4101 disciplinam
3243 4028 3609 4097 Bulgarorum

324 4118 423 4172 καὶ
452 4116 822 4189 σωρευθέντες
848 4117 922 4181 ὡς
951 4117 1119 4187 θῆρες
1143 4115 1379 4182 ἐξάπινα
1401 4115 1794 4188 ἐπιρῤίψαντες
1818 4131 1903 4187 με·

2019 4126 2400 4194 exploratores
2440 4123 2773 4196 conspicati,
2816 4123 2920 4194 ipsi
2960 4124 3201 4176 ferarum
3248 4119 3410 4191 315
3459 4131 3613 4173 more

322 4209 508 4278 γάλως
535 4209 854 4282 διέφθειραν
897 4211 959 4264 τὸ
1017 4208 1334 4281 Ῥωμαϊκὸν
1381 4208 1655 4279 ποίμνιον,
1709 4206 1903 4280 πολλὴν

2021 4217 2078 4271 in
2128 4232 2324 4287 agmen
2378 4232 2548 4271 unum
2600 4215 2838 4280 collecti,
2877 4213 3185 4269 Romanum
3235 4225 3452 4283 gregem
3500 4224 3614 4263 uno

324 4300 708 4372 αἰχμαλωσίαν
738 4318 799 4357 τε
839 4301 935 4356 καὶ
961 4301 1164 4366 ἵππους
1219 4299 1316 4355 καλ⁵
1352 4299 1579 4372 ἅρματα
1629 4298 1754 4371 δίχα
1801 4299 1903 4355 τῶν

2018 4311 2229 4380 impetu
2283 4310 2643 4381 disjecerunt,
2693 4314 2748 4363 et
2791 4307 3131 4378 captivorum
3200 4299 3614 4358 multitudinem

1634 4429 1874 4490 VARUE
1901 4433 2314 4494 LECTIONES.

393 4555 442 4589 ⁸⁸
459 4553 684 4624 ἀρίστου
698 4552 914 4607 δεῖπνον
925 4550 993 4605 A.
1048 4551 1092 4624 ff
1122 4548 1486 4624 kﬁueiaeqtrav
1509 4548 1769 4624 σύμψυχα
1785 4551 1831 4604 Α
1853 4550 1894 4624 f,
1912 4551 2311 4624 ἐποντίσθησαν
2329 4553 2393 4607 σύ
2401 4553 2591 4624 μψυχα
2609 4552 2781 4624 vulg._
2824 4550 2872 4583 ⁵⁸
2895 4548 3080 4624 ἔλαβε]
3096 4548 3370 4624 ﬁgere}.
3417 4547 3464 4624 ’ξ
3479 4565 3617 4624 ’συν-

332 4620 685 4696 εδασίλευσεν
711 4624 895 4696 αὐτοῖς
919 4637 970 4696 a.
1042 4622 1095 4696 Ρ
1127 4621 1382 4696 ἥρπασεν
1405 4620 1766 4696 nepam;
1795 4621 1946 4696 vulg.
2021 4624 2066 4657 ⁸³
2095 4620 2377 4696 ἁλιτήριος
2404 4620 2482 4691 Α)
2511 4620 2840 4696 ansarum.

1205 4693 1251 4724 ⁸⁷
1282 4691 1523 4764 σήμε-ρόν
1550 4691 1697 4764 εἰσινΔ
1719 4692 1789 4764 A,
1827 4692 2068 4764 σήμερον
2109 4691 2438 4764 eivai'vulg.

332 4696 448 4759 σοις
490 4697 556 4758 Δ,
611 4694 742 4750 fort.
783 4692 1083 4764 ’Apa6to't}.

2919 4621 2965 4654 ³⁸
2995 4617 3298 4691 Ἀραδίοις]
3354 4621 3416 4673 ἐν
3445 4619 3617 4691 ’Δρά-

2546 4689 2920 4760 η’ὲξοπλίσας
2978 4689 3071 4757 Α,’
3113 4689 3417 4757 ἐξώπλισεν
3450 4689 3608 4762 vulg.

331 4766 381 4801 ”
403 4758 498 4822 ἐπὶ
528 4764 596 4834 A,
622 4766 703 4830 είς
724 4758 873 4837 γυιέ.
943 4763 990 4797 ⁶⁰
1013 4758 1156 4817 εἶδον
1184 4763 1250 4817 ἐκ
1286 4758 1526 4828 Αζεῖδον
1551 4760 1747 4825 αὐτοὺς
1776 4763 1840 4815 ἐκ
1863 4758 2014 4833 vulg.

1644 4902 1785 4961 JAC.
1809 4901 2037 4975 eum
2069 4899 2308 4959 nom.

405 5023 487 5167 μζ
523 5024 613 5079 Ἐν
637 5023 844 5096 δείπνῳ
879 5021 1191 5092 συγκαλῶν,
1215 5021 1420 5106 ὶάθπη..
1539 5093 1550 5106 .
1775 5091 1787 5105 ⁹
1900 5091 1912 5105 .

429 5095 464 5150 2
519 5093 808 5167 Templum
871 5094 954 5167 ad
991 5093 1137 5167 quod
1190 5091 1550 5149 conveniendi
1614 5108 1912 5167 promiscui

429 5091 487 5167 2)
519 5091 827 5178 Templum'
871 5091 1137 5178 adquod
1190 5091 1550 5178 conveniendi
1587 5091 1914 5178 promiscui

2021 5021 2375 5093 cupabuntnr
2427 5015 2818 5093 Arabici?__Et
2867 5016 3018 5093 li_c_et_‘
3041 5015 3312 5093 deinceps
3367 5015 3615 5093 Arabum

1947 5063 1992 5120 θ
2022 5063 2651 5165 Ῑῧῆᾜὲὁῖιὶριίἶόἶῦἱιῖ
2676 5063 3321 5165 'uﬁas"vaim'i.'.;;;:a
3349 5063 3616 5165 ᾀὲὲἓὲεῐὶξ

335 5155 506 5224 sextis
534 5155 677 5220 viris'
707 5180 774 5220 ac
823 5155 1152 5234 mulieribus
1217 5172 1465 5236 potestas
1517 5155 1649 5236 est.
1681 5164 1920 5236 maxime
2028 5155 2292 5236 numeros
2315 5155 2599 5236 ita'menac
2627 5173 2873 5236 summas
2896 5155 3138 5236 expense
3171 5155 3331 5236 et_a<_l_
3360 5155 3613 5236 longum,

334 5236 484 5362 quod
515 5236 569 5291 in
600 5236 919 5319 civitatibus
948 5234 1274 5318 primarium
1308 5243 1418 5300 est,
1448 5244 1504 5292 et
1536 5234 1806 5289 antistitis
1833 5248 1919 5289 se-

375 5322 458 5362 es.
490 5304 761 5362 Catholici
791 5321 994 5362 nomen
1027 5305 1334 5362 obtinuisse
1363 5320 1431 5360 ex
1461 5304 1791 5362 Balsamone
1823 5303 1919 5359 de-

375 5322 458 5370 es,
490 5304 761 5362 Catholici
791 5303 994 5362 nomen
1027 5305 1334 5362 obtinuisse
1363 5320 1431 5360 ex
1461 5304 1791 5363 Balsamone
1823 5303 1920 5359 de-

334 5377 674 5434 claravimus
703 5379 758 5432 in
796 5376 1199 5446 Euchologicis.

470 5451 488 5519 )
513 5447 652 5519 Hinc
672 5463 1032 5504 numerorum
1057 5461 1218 5503 natas
1245 5452 1300 5501 et
1329 5446 1697 5510 characteres,
1720 5446 1912 5516 cifras,

334 5518 504 5587 vulgo
539 5518 738 5587 dictos,
792 5520 1087 5574 Arabicum
1140 5520 1447 5583 inventum,
1503 5527 1598 5572 aut
1655 5519 1918 5573 Arabico:

337 5589 491 5646 nulla
529 5589 745 5660 ratione
778 5590 1092 5660 vocandas,
1127 5590 1221 5660 qui
1268 5588 1398 5660 inec
1448 5589 1659 5660 legerit,
1701 5604 1916 5660 mecum

337 5658 665 5732 contendet.
680 5660 894 5732 Etenim
921 5659 968 5716 si
994 5658 1238 5732 Arabinn
1265 5659 1471 5732 lingua,
1494 5658 1546 5715 id
1578 5669 1686 5726 est,
1717 5659 1918 5730 lingua:

340 5730 756 5787 characteribus
803 5731 1007 5794 unitas,
1089 5730 1364 5797 binarius,
1427 5733 1720 5796 tertiarius,
1780 5740 1915 5796 etc.,

342 5800 512 5859 scribi
535 5809 810 5873 nequeant
841 5818 854 5856 :
888 5802 983 5874 qui
1015 5801 1366 5858 characteres
1416 5811 1512 5857 aut
1566 5801 1737 5873 ψῆφοι
1773 5817 1915 5857 nun-

2027 5233 2201 5305 χωρὶς
2256 5232 2458 5304 ψήφων
2511 5229 2727 5305 Graecis
2750 5225 3096 5305 εἰθισμένων,
3160 5225 3612 5305 voluitnapponi,

2022 5293 2444 5375 q‘uod'Ba'si'l'ius
2477 5301 2828 5375 postmodum
2851 5293 3138 5375 (Graecis,
3155 5303 3314 5375 lteste
3335 5293 3616 5375 Cedreno,

2025 5365 2219 5432 statuit
2270 5365 2576 5431 observari.
2655 5370 2823 5425 Notas
2881 5371 3066 5435 itaque
3120 5365 3613 5436 characteresque,

2067 5447 2232 5503 uibus
2290 5459 2554 5502 numeros
2610 5440 2924 5497 summatim
2964 5434 3278 5498 exaramus,
3338 5434 3394 5498 1,
3437 5434 3512 5498 2(
3555 5435 3615 5500 5,

2069 5562 2084 5582 ,
2110 5528 2244 5582 etc.,
2302 5516 2374 5574 ab
2417 5516 2567 5570 Indis
2595 5520 2650 5568 et
2693 5508 2960 5582 Cbaldais
3005 5520 3183 5582 usque
3223 5504 3293 5560 ad
3309 5520 3432 5582 Διιοε
3465 5506 3619 5582 scite

2027 5557 2244 5716 13:33?"
2263 5557 2981 5644 a330£§f"bi£r§ifd§"ih
3011 5557 3428 5633 inluuiem;
3465 5557 3616 5633 ﬁte:

2050 5676 2082 5713 u
2129 5676 2217 5716 ns.
3451 5715 3489 5716 η

2050 5676 2477 5854 ιζῖῗῖἘηιηᾶοιιι
2518 5725 2804 5782 historiam
2852 5720 2972 5778 l'use
3043 5717 3404 5792 prosequitur
3447 5715 3618 5778 Nice-

2050 5818 2255 5854 nurus.

2025 5817 2255 5872 puurus.
