  <div class='ocr_page' id='page_1' title='image "/cluster/home/n/w/nwhite01/storage/ocr_20150623/108/coo.31924054870120/392.png"; bbox 0 0 4100 6432; ppageno 0'>
   <div class='ocr_carea' id='block_1_1' title="bbox 325 342 3600 437">
    <p class='ocr_par' dir='ltr' id='par_1_1' title="bbox 325 342 3600 437">
     <span class='ocr_line' id='line_1_1' title="bbox 325 342 3600 437; baseline 0.018 -60"><span class='ocrx_word' id='word_1_1' title='bbox 325 342 434 408; x_wconf 67' lang='grc'><strong>773</strong></span> <span class='ocrx_word' id='word_1_2' title='bbox 1603 347 2284 413; x_wconf 71' lang='grc' dir='ltr'><strong>(ΣΙΙΒΟΝΟΟΒΑΡῘΠᾹ.</strong></span> <span class='ocrx_word' id='word_1_3' title='bbox 3490 371 3600 437; x_wconf 65' lang='grc'><strong>774</strong></span> 
     </span>
    </p>
   </div>
   <div class='ocr_carea' id='block_1_2' title="bbox 317 451 1890 545">
    <p class='ocr_par' dir='ltr' id='par_1_2' title="bbox 317 451 1890 527">
     <span class='ocr_line' id='line_1_2' title="bbox 317 451 1890 527; baseline 0.002 -21"><span class='ocrx_word' id='word_1_4' title='bbox 317 455 422 525; x_wconf 77' lang='grc' dir='ltr'>τῆς</span> <span class='ocrx_word' id='word_1_5' title='bbox 439 453 755 525; x_wconf 74' lang='grc' dir='ltr'>ἐκκλησίας,</span> <span class='ocrx_word' id='word_1_6' title='bbox 802 451 1056 524; x_wconf 82' lang='grc' dir='ltr'><strong>Ἰωάννην</strong></span> <span class='ocrx_word' id='word_1_7' title='bbox 1089 454 1180 508; x_wconf 67' lang='grc' dir='ltr'><strong>τὸν</strong></span> <span class='ocrx_word' id='word_1_8' title='bbox 1203 453 1368 507; x_wconf 70' lang='grc' dir='ltr'><strong>αὖτοῦ</strong></span> <span class='ocrx_word' id='word_1_9' title='bbox 1396 455 1720 527; x_wconf 68' lang='grc' dir='ltr'>συμμύττην</span> <span class='ocrx_word' id='word_1_10' title='bbox 1752 459 1793 487; x_wconf 67' lang='grc' dir='ltr'><strong>’θ</strong></span> <span class='ocrx_word' id='word_1_11' title='bbox 1816 460 1890 510; x_wconf 73' lang='grc' dir='ltr'><strong>κα</strong></span> 
     </span>
    </p>
   </div>
   <div class='ocr_carea' id='block_1_3' title="bbox 1993 451 3601 545">
    <p class='ocr_par' dir='ltr' id='par_1_3' title="bbox 2015 457 3601 545">
     <span class='ocr_line' id='line_1_3' title="bbox 2015 457 3601 545; baseline 0.014 -35"><span class='ocrx_word' id='word_1_12' title='bbox 2015 457 2232 521; x_wconf 85' lang='lat' dir='ltr'><strong>detulit,</strong></span> <span class='ocrx_word' id='word_1_13' title='bbox 2286 461 2378 530; x_wconf 89' lang='lat' dir='ltr'><strong>qui</strong></span> <span class='ocrx_word' id='word_1_14' title='bbox 2433 464 2604 519; x_wconf 76' lang='lat' dir='ltr'><strong>virum</strong></span> <span class='ocrx_word' id='word_1_15' title='bbox 2652 468 2978 527; x_wconf 81' lang='lat' dir='ltr'><strong>verberibus</strong></span> <span class='ocrx_word' id='word_1_16' title='bbox 3028 482 3341 545; x_wconf 77' lang='lat' dir='ltr'><strong>exceptum,</strong></span> <span class='ocrx_word' id='word_1_17' title='bbox 3374 478 3601 545; x_wconf 78' lang='lat' dir='ltr'><strong>capillis</strong></span> 
     </span>
    </p>
   </div>
   <div class='ocr_carea' id='block_1_4' title="bbox 321 546 1890 637">
    <p class='ocr_par' dir='ltr' id='par_1_4' title="bbox 321 546 1076 619">
     <span class='ocr_line' id='line_1_4' title="bbox 321 546 1076 619; baseline 0.004 -22"><span class='ocrx_word' id='word_1_18' title='bbox 321 546 694 617; x_wconf 81' lang='grc' dir='ltr'>συναιρετικδν</span> <span class='ocrx_word' id='word_1_19' title='bbox 724 547 1076 619; x_wconf 76' lang='grc' dir='ltr'>προεϐάλετο.</span> 
     </span>
    </p>
   </div>
   <div class='ocr_carea' id='block_1_5' title="bbox 1993 546 3603 637">
    <p class='ocr_par' dir='ltr' id='par_1_5' title="bbox 2009 550 3603 637">
     <span class='ocr_line' id='line_1_5' title="bbox 2009 550 3603 637; baseline 0.012 -33"><span class='ocrx_word' id='word_1_20' title='bbox 2009 550 2300 608; x_wconf 87' lang='lat' dir='ltr'><strong>detonsum</strong></span> <span class='ocrx_word' id='word_1_21' title='bbox 2344 563 2397 610; x_wconf 90' lang='lat' dir='ltr'><strong>et</strong></span> <span class='ocrx_word' id='word_1_22' title='bbox 2425 568 2688 614; x_wconf 92' lang='lat' dir='ltr'><strong>onustum</strong></span> <span class='ocrx_word' id='word_1_23' title='bbox 2720 563 2937 619; x_wconf 78' lang='lat' dir='ltr'><strong>catenis</strong></span> <span class='ocrx_word' id='word_1_24' title='bbox 2977 565 3034 618; x_wconf 90' lang='lat' dir='ltr'><strong>in</strong></span> <span class='ocrx_word' id='word_1_25' title='bbox 3061 565 3463 637; x_wconf 86' lang='lat' dir='ltr'><strong>Cephaloniam</strong></span> <span class='ocrx_word' id='word_1_26' title='bbox 3509 583 3603 623; x_wconf 84' lang='lat' dir='ltr'><strong>re-</strong></span> 
     </span>
    </p>
   </div>
   <div class='ocr_carea' id='block_1_6' title="bbox 312 637 3605 734">
    <p class='ocr_par' dir='ltr' id='par_1_6' title="bbox 312 637 3605 734">
     <span class='ocr_line' id='line_1_6' title="bbox 312 637 3605 734; baseline 0.009 -42"><span class='ocrx_word' id='word_1_27' title='bbox 312 638 540 708; x_wconf 81' lang='lat' dir='ltr'><strong>legavit.</strong></span> <span class='ocrx_word' id='word_1_28' title='bbox 571 637 729 693; x_wconf 80' lang='lat' dir='ltr'><strong>Hunc</strong></span> <span class='ocrx_word' id='word_1_29' title='bbox 761 639 1112 734; x_wconf 65' lang='lat' dir='ltr'><strong>iustinianus</strong></span> <span class='ocrx_word' id='word_1_30' title='bbox 1137 638 1374 708; x_wconf 89' lang='lat' dir='ltr'><strong>sceptris</strong></span> <span class='ocrx_word' id='word_1_31' title='bbox 1405 640 1650 693; x_wconf 84' lang='lat' dir='ltr'><strong>secundo</strong></span> <span class='ocrx_word' id='word_1_32' title='bbox 1690 638 1900 710; x_wconf 90' lang='lat' dir='ltr'><strong>potitus</strong></span> <span class='ocrx_word' id='word_1_33' title='bbox 1939 645 2283 713; x_wconf 74' lang='lat' dir='ltr'><strong>postliminio</strong></span> <span class='ocrx_word' id='word_1_34' title='bbox 2310 654 2609 707; x_wconf 89' lang='lat' dir='ltr'><strong>revocavit.</strong></span> <span class='ocrx_word' id='word_1_35' title='bbox 2641 654 2764 725; x_wconf 89' lang='lat' dir='ltr'><strong>Ipse</strong></span> <span class='ocrx_word' id='word_1_36' title='bbox 2787 657 2986 714; x_wconf 90' lang='lat' dir='ltr'><strong>deinde</strong></span> <span class='ocrx_word' id='word_1_37' title='bbox 3049 663 3266 732; x_wconf 84' lang='lat' dir='ltr'><strong>imperii</strong></span> <span class='ocrx_word' id='word_1_38' title='bbox 3327 671 3605 734; x_wconf 80' lang='lat' dir='ltr'><strong>potestate</strong></span> 
     </span>
    </p>
   </div>
   <div class='ocr_carea' id='block_1_7' title="bbox 314 732 3607 821">
    <p class='ocr_par' dir='ltr' id='par_1_7' title="bbox 314 732 3607 821">
     <span class='ocr_line' id='line_1_7' title="bbox 314 732 3607 821; baseline 0.009 -37"><span class='ocrx_word' id='word_1_39' title='bbox 314 740 534 799; x_wconf 87' lang='lat' dir='ltr'><strong>auctus,</strong></span> <span class='ocrx_word' id='word_1_40' title='bbox 607 732 1089 804; x_wconf 81' lang='lat' dir='ltr'><strong>pseudosynodum</strong></span> <span class='ocrx_word' id='word_1_41' title='bbox 1143 733 1528 804; x_wconf 89' lang='lat' dir='ltr'><strong>episcoporum</strong></span> <span class='ocrx_word' id='word_1_42' title='bbox 1577 750 1641 788; x_wconf 79' lang='lat' dir='ltr'><strong>ex</strong></span> <span class='ocrx_word' id='word_1_43' title='bbox 1713 737 2108 805; x_wconf 89' lang='lat' dir='ltr'><strong>pseudabbatis</strong></span> <span class='ocrx_word' id='word_1_44' title='bbox 2153 752 2316 813; x_wconf 90' lang='lat' dir='ltr'><strong>atque</strong></span> <span class='ocrx_word' id='word_1_45' title='bbox 2388 745 2586 802; x_wconf 87' lang='lat' dir='ltr'><strong>inclusi</strong></span> <span class='ocrx_word' id='word_1_46' title='bbox 2640 753 2914 807; x_wconf 88' lang='lat' dir='ltr'><strong>sententia</strong></span> <span class='ocrx_word' id='word_1_47' title='bbox 2969 755 3288 821; x_wconf 86' lang='lat' dir='ltr'><strong>celebravit,</strong></span> <span class='ocrx_word' id='word_1_48' title='bbox 3329 732 3395 812; x_wconf 16' lang='lat' dir='ltr'><strong>iet</strong></span> <span class='ocrx_word' id='word_1_49' title='bbox 3473 774 3607 816; x_wconf 80' lang='lat' dir='ltr'><strong>san-</strong></span> 
     </span>
    </p>
   </div>
   <div class='ocr_carea' id='block_1_8' title="bbox 316 829 3596 909">
    <p class='ocr_par' dir='ltr' id='par_1_8' title="bbox 316 829 3596 909">
     <span class='ocr_line' id='line_1_8' title="bbox 316 829 3596 909; baseline 0.008 -30"><span class='ocrx_word' id='word_1_50' title='bbox 316 834 460 880; x_wconf 88' lang='lat' dir='ltr'><strong>ctam</strong></span> <span class='ocrx_word' id='word_1_51' title='bbox 496 834 662 897; x_wconf 86' lang='lat' dir='ltr'><strong>atque</strong></span> <span class='ocrx_word' id='word_1_52' title='bbox 695 829 1066 884; x_wconf 88' lang='lat' dir='ltr'><strong>universalem</strong></span> <span class='ocrx_word' id='word_1_53' title='bbox 1110 837 1322 882; x_wconf 79' lang='lat' dir='ltr'><strong>sextam</strong></span> <span class='ocrx_word' id='word_1_54' title='bbox 1353 829 1630 900; x_wconf 88' lang='lat' dir='ltr'><strong>synodum</strong></span> <span class='ocrx_word' id='word_1_55' title='bbox 1664 831 1972 902; x_wconf 84' lang='lat' dir='ltr'><strong>abrogavit.</strong></span> <span class='ocrx_word' id='word_1_56' title='bbox 2015 833 2092 890; x_wconf 88' lang='lat' dir='ltr'><strong>Eo</strong></span> <span class='ocrx_word' id='word_1_57' title='bbox 2139 853 2272 894; x_wconf 90' lang='lat' dir='ltr'><strong>vero</strong></span> <span class='ocrx_word' id='word_1_58' title='bbox 2309 856 2453 896; x_wconf 91' lang='lat' dir='ltr'><strong>anno</strong></span> <span class='ocrx_word' id='word_1_59' title='bbox 2525 843 2755 902; x_wconf 84' lang='lat' dir='ltr'><strong>insanus</strong></span> <span class='ocrx_word' id='word_1_60' title='bbox 2824 847 2914 902; x_wconf 90' lang='lat' dir='ltr'><strong>ille</strong></span> <span class='ocrx_word' id='word_1_61' title='bbox 2960 851 3144 905; x_wconf 91' lang='lat' dir='ltr'><strong>oculis</strong></span> <span class='ocrx_word' id='word_1_62' title='bbox 3186 851 3414 908; x_wconf 85' lang='lat' dir='ltr'><strong>orbatus</strong></span> <span class='ocrx_word' id='word_1_63' title='bbox 3485 860 3596 909; x_wconf 84' lang='lat' dir='ltr'><strong>est.</strong></span> 
     </span>
    </p>
   </div>
   <div class='ocr_carea' id='block_1_9' title="bbox 313 917 3602 1018">
    <p class='ocr_par' dir='ltr' id='par_1_9' title="bbox 313 917 3602 1018">
     <span class='ocr_line' id='line_1_9' title="bbox 313 917 3602 1018; baseline 0.01 -46"><span class='ocrx_word' id='word_1_64' title='bbox 313 917 570 984; x_wconf 85' lang='lat' dir='ltr'><strong>Quicum</strong></span> <span class='ocrx_word' id='word_1_65' title='bbox 608 922 662 976; x_wconf 92' lang='lat' dir='ltr'><strong>in</strong></span> <span class='ocrx_word' id='word_1_66' title='bbox 699 923 901 991; x_wconf 87' lang='lat' dir='ltr'><strong>palatio</strong></span> <span class='ocrx_word' id='word_1_67' title='bbox 928 924 1284 994; x_wconf 77' lang='lat' dir='ltr'><strong>tranquillam</strong></span> <span class='ocrx_word' id='word_1_68' title='bbox 1335 940 1400 979; x_wconf 90' lang='lat' dir='ltr'><strong>ac</strong></span> <span class='ocrx_word' id='word_1_69' title='bbox 1448 926 1611 996; x_wconf 84' lang='lat' dir='ltr'><strong>plane</strong></span> <span class='ocrx_word' id='word_1_70' title='bbox 1664 927 1899 982; x_wconf 85' lang='lat' dir='ltr'><strong>otiosam</strong></span> <span class='ocrx_word' id='word_1_71' title='bbox 1941 929 2109 987; x_wconf 88' lang='lat' dir='ltr'><strong>vitam</strong></span> <span class='ocrx_word' id='word_1_72' title='bbox 2155 945 2362 1005; x_wconf 78' lang='lat' dir='ltr'><strong>ageret,</strong></span> <span class='ocrx_word' id='word_1_73' title='bbox 2435 939 2618 1011; x_wconf 82' lang='lat' dir='ltr'><strong>ibique</strong></span> <span class='ocrx_word' id='word_1_74' title='bbox 2659 943 2988 1000; x_wconf 90' lang='lat' dir='ltr'><strong>immensam</strong></span> <span class='ocrx_word' id='word_1_75' title='bbox 3037 962 3267 1018; x_wconf 89' lang='lat' dir='ltr'><strong>prorsus</strong></span> <span class='ocrx_word' id='word_1_76' title='bbox 3333 950 3602 1018; x_wconf 85' lang='lat' dir='ltr'><strong>pecunia-</strong></span> 
     </span>
    </p>
   </div>
   <div class='ocr_carea' id='block_1_10' title="bbox 312 1016 3593 1113">
    <p class='ocr_par' dir='ltr' id='par_1_10' title="bbox 312 1016 3593 1113">
     <span class='ocr_line' id='line_1_10' title="bbox 312 1016 3593 1113; baseline 0.01 -49"><span class='ocrx_word' id='word_1_77' title='bbox 312 1025 434 1065; x_wconf 88' lang='lat' dir='ltr'><strong>rum</strong></span> <span class='ocrx_word' id='word_1_78' title='bbox 509 1028 824 1082; x_wconf 89' lang='lat' dir='ltr'><strong>summam,</strong></span> <span class='ocrx_word' id='word_1_79' title='bbox 905 1016 1479 1088; x_wconf 69' lang='lat' dir='ltr'><strong>splendidissimceque</strong></span> <span class='ocrx_word' id='word_1_80' title='bbox 1533 1021 1893 1087; x_wconf 82' lang='lat' dir='ltr'><strong>supellectilis</strong></span> <span class='ocrx_word' id='word_1_81' title='bbox 1970 1027 2280 1094; x_wconf 80' lang='lat' dir='ltr'><strong>congeriem</strong></span> <span class='ocrx_word' id='word_1_82' title='bbox 2306 1029 2420 1098; x_wconf 85' lang='lat' dir='ltr'><strong>jam</strong></span> <span class='ocrx_word' id='word_1_83' title='bbox 2463 1047 2494 1086; x_wconf 92' lang='lat' dir='ltr'><strong>a</strong></span> <span class='ocrx_word' id='word_1_84' title='bbox 2531 1035 2719 1089; x_wconf 91' lang='lat' dir='ltr'><strong>multis</strong></span> <span class='ocrx_word' id='word_1_85' title='bbox 2749 1046 2898 1092; x_wconf 89' lang='lat' dir='ltr'><strong>retro</strong></span> <span class='ocrx_word' id='word_1_86' title='bbox 2927 1016 3144 1096; x_wconf 62' lang='lat' dir='ltr'><strong>saeculis</strong></span> <span class='ocrx_word' id='word_1_87' title='bbox 3176 1040 3282 1095; x_wconf 86' lang='lat' dir='ltr'><strong>sub</strong></span> <span class='ocrx_word' id='word_1_88' title='bbox 3335 1016 3593 1113; x_wconf 78' lang='lat' dir='ltr'><strong>impera-</strong></span> 
     </span>
    </p>
   </div>
   <div class='ocr_carea' id='block_1_11' title="bbox 307 1105 3604 1193">
    <p class='ocr_par' dir='ltr' id='par_1_11' title="bbox 307 1105 3604 1193">
     <span class='ocr_line' id='line_1_11' title="bbox 307 1105 3604 1193; baseline 0.007 -35"><span class='ocrx_word' id='word_1_89' title='bbox 307 1105 554 1170; x_wconf 85' lang='lat' dir='ltr'><strong>toribus,</strong></span> <span class='ocrx_word' id='word_1_90' title='bbox 589 1107 682 1176; x_wconf 92' lang='lat' dir='ltr'><strong>qui</strong></span> <span class='ocrx_word' id='word_1_91' title='bbox 715 1106 897 1177; x_wconf 87' lang='lat' dir='ltr'><strong>ipsum</strong></span> <span class='ocrx_word' id='word_1_92' title='bbox 949 1117 1371 1176; x_wconf 64' lang='lat' dir='ltr'><strong>praecesserant,</strong></span> <span class='ocrx_word' id='word_1_93' title='bbox 1407 1124 1474 1163; x_wconf 82' lang='lat' dir='ltr'><strong>ex</strong></span> <span class='ocrx_word' id='word_1_94' title='bbox 1505 1111 1998 1180; x_wconf 80' lang='lat' dir='ltr'><strong>publicationibus,</strong></span> <span class='ocrx_word' id='word_1_95' title='bbox 2057 1117 2338 1187; x_wconf 84' lang='lat' dir='ltr'><strong>variisque</strong></span> <span class='ocrx_word' id='word_1_96' title='bbox 2411 1122 2535 1177; x_wconf 89' lang='lat' dir='ltr'><strong>aliis</strong></span> <span class='ocrx_word' id='word_1_97' title='bbox 2584 1126 2974 1193; x_wconf 69' lang='lat' dir='ltr'><strong>prtetcxtibus,</strong></span> <span class='ocrx_word' id='word_1_98' title='bbox 3024 1129 3263 1184; x_wconf 79' lang='lat' dir='ltr'><strong>maxime</strong></span> <span class='ocrx_word' id='word_1_99' title='bbox 3341 1105 3475 1186; x_wconf 69' lang='lat' dir='ltr'><strong>vero</strong></span> <span class='ocrx_word' id='word_1_100' title='bbox 3531 1132 3604 1188; x_wconf 85' lang='lat' dir='ltr'><strong>ab</strong></span> 
     </span>
    </p>
   </div>
   <div class='ocr_carea' id='block_1_12' title="bbox 310 1197 3594 1286">
    <p class='ocr_par' dir='ltr' id='par_1_12' title="bbox 310 1197 3594 1286">
     <span class='ocr_line' id='line_1_12' title="bbox 310 1197 3594 1286; baseline 0.008 -34"><span class='ocrx_word' id='word_1_101' title='bbox 310 1197 438 1268; x_wconf 84' lang='lat' dir='ltr'><strong>ejus</strong></span> <span class='ocrx_word' id='word_1_102' title='bbox 470 1199 765 1256; x_wconf 83' lang='lat' dir='ltr'><strong>decessore</strong></span> <span class='ocrx_word' id='word_1_103' title='bbox 798 1200 1113 1257; x_wconf 73' lang='lat' dir='ltr'><strong>Iustiniano</strong></span> <span class='ocrx_word' id='word_1_104' title='bbox 1146 1213 1530 1258; x_wconf 87' lang='lat' dir='ltr'><strong>coacervalam</strong></span> <span class='ocrx_word' id='word_1_105' title='bbox 1565 1204 1903 1269; x_wconf 77' lang='lat' dir='ltr'><strong>oﬂ&#39;eudisset,</strong></span> <span class='ocrx_word' id='word_1_106' title='bbox 1944 1206 2148 1263; x_wconf 77' lang='lat' dir='ltr'><strong>frustra</strong></span> <span class='ocrx_word' id='word_1_107' title='bbox 2183 1221 2347 1280; x_wconf 82' lang='lat' dir='ltr'><strong>atque</strong></span> <span class='ocrx_word' id='word_1_108' title='bbox 2379 1213 2682 1281; x_wconf 89' lang='lat' dir='ltr'><strong>incassum,</strong></span> <span class='ocrx_word' id='word_1_109' title='bbox 2721 1218 2870 1272; x_wconf 91' lang='lat' dir='ltr'><strong>nulla</strong></span> <span class='ocrx_word' id='word_1_110' title='bbox 2933 1221 3290 1286; x_wconf 85' lang='lat' dir='ltr'><strong>necessitate,</strong></span> <span class='ocrx_word' id='word_1_111' title='bbox 3359 1222 3594 1280; x_wconf 81' lang='lat' dir='ltr'><strong>demen-</strong></span> 
     </span>
    </p>
   </div>
   <div class='ocr_carea' id='block_1_13' title="bbox 306 1293 3593 1380">
    <p class='ocr_par' dir='ltr' id='par_1_13' title="bbox 306 1293 3593 1380">
     <span class='ocr_line' id='line_1_13' title="bbox 306 1293 3593 1380; baseline 0.008 -34"><span class='ocrx_word' id='word_1_112' title='bbox 306 1302 395 1348; x_wconf 88' lang='lat' dir='ltr'><strong>ter</strong></span> <span class='ocrx_word' id='word_1_113' title='bbox 451 1293 797 1363; x_wconf 87' lang='lat' dir='ltr'><strong>dilapidavit.</strong></span> <span class='ocrx_word' id='word_1_114' title='bbox 841 1294 1112 1350; x_wconf 66' lang='lat' dir='ltr'><strong>Caeterum</strong></span> <span class='ocrx_word' id='word_1_115' title='bbox 1175 1297 1229 1350; x_wconf 91' lang='lat' dir='ltr'><strong>in</strong></span> <span class='ocrx_word' id='word_1_116' title='bbox 1291 1297 1587 1367; x_wconf 83' lang='lat' dir='ltr'><strong>colloquiis</strong></span> <span class='ocrx_word' id='word_1_117' title='bbox 1620 1298 1894 1353; x_wconf 83' lang='lat' dir='ltr'><strong>facundus</strong></span> <span class='ocrx_word' id='word_1_118' title='bbox 1932 1315 1996 1352; x_wconf 92' lang='lat' dir='ltr'><strong>ac</strong></span> <span class='ocrx_word' id='word_1_119' title='bbox 2023 1303 2267 1370; x_wconf 80' lang='lat' dir='ltr'><strong>prudens</strong></span> <span class='ocrx_word' id='word_1_120' title='bbox 2295 1305 2623 1373; x_wconf 86' lang='lat' dir='ltr'><strong>habebatur,</strong></span> <span class='ocrx_word' id='word_1_121' title='bbox 2645 1317 2701 1362; x_wconf 92' lang='lat' dir='ltr'><strong>at</strong></span> <span class='ocrx_word' id='word_1_122' title='bbox 2726 1310 2888 1366; x_wconf 82' lang='lat' dir='ltr'><strong>rebus</strong></span> <span class='ocrx_word' id='word_1_123' title='bbox 2951 1312 3178 1380; x_wconf 77' lang='lat' dir='ltr'><strong>agendis</strong></span> <span class='ocrx_word' id='word_1_124' title='bbox 3239 1314 3593 1372; x_wconf 85' lang='lat' dir='ltr'><strong>inhonestam</strong></span> 
     </span>
    </p>
   </div>
   <div class='ocr_carea' id='block_1_14' title="bbox 307 1386 3602 1466">
    <p class='ocr_par' dir='ltr' id='par_1_14' title="bbox 307 1386 3602 1466">
     <span class='ocr_line' id='line_1_14' title="bbox 307 1386 3602 1466; baseline 0.006 -26"><span class='ocrx_word' id='word_1_125' title='bbox 307 1401 373 1442; x_wconf 89' lang='lat' dir='ltr'><strong>ac</strong></span> <span class='ocrx_word' id='word_1_126' title='bbox 410 1395 580 1440; x_wconf 62' lang='lat' dir='ltr'><strong>[ante</strong></span> <span class='ocrx_word' id='word_1_127' title='bbox 628 1386 883 1457; x_wconf 75' lang='lat' dir='ltr'><strong>dignitati</strong></span> <span class='ocrx_word' id='word_1_128' title='bbox 916 1389 1182 1457; x_wconf 88' lang='lat' dir='ltr'><strong>imparem</strong></span> <span class='ocrx_word' id='word_1_129' title='bbox 1219 1390 1388 1444; x_wconf 86' lang='lat' dir='ltr'><strong>vitam</strong></span> <span class='ocrx_word' id='word_1_130' title='bbox 1425 1393 1637 1454; x_wconf 88' lang='lat' dir='ltr'><strong>vivens,</strong></span> <span class='ocrx_word' id='word_1_131' title='bbox 1673 1393 1740 1446; x_wconf 88' lang='lat' dir='ltr'><strong>ab</strong></span> <span class='ocrx_word' id='word_1_132' title='bbox 1770 1393 2031 1449; x_wconf 85' lang='lat' dir='ltr'><strong>omnibus</strong></span> <span class='ocrx_word' id='word_1_133' title='bbox 2055 1398 2381 1464; x_wconf 85' lang='lat' dir='ltr'><strong>reprobatus</strong></span> <span class='ocrx_word' id='word_1_134' title='bbox 2409 1408 2512 1453; x_wconf 85' lang='lat' dir='ltr'><strong>est.</strong></span> <span class='ocrx_word' id='word_1_135' title='bbox 2580 1401 2722 1466; x_wconf 85' lang='lat' dir='ltr'><strong>Quin</strong></span> <span class='ocrx_word' id='word_1_136' title='bbox 2755 1403 2920 1456; x_wconf 88' lang='lat' dir='ltr'><strong>etiam</strong></span> <span class='ocrx_word' id='word_1_137' title='bbox 2985 1404 3178 1457; x_wconf 64' lang='lat' dir='ltr'><strong>haeresi</strong></span> <span class='ocrx_word' id='word_1_138' title='bbox 3260 1415 3314 1458; x_wconf 88' lang='lat' dir='ltr'><strong>et</strong></span> <span class='ocrx_word' id='word_1_139' title='bbox 3391 1409 3602 1464; x_wconf 83' lang='lat' dir='ltr'><strong>adulte-</strong></span> 
     </span>
    </p>
   </div>
   <div class='ocr_carea' id='block_1_15' title="bbox 308 1478 3603 1567">
    <p class='ocr_par' dir='ltr' id='par_1_15' title="bbox 308 1478 3603 1567">
     <span class='ocr_line' id='line_1_15' title="bbox 308 1478 3603 1567; baseline 0.005 -35"><span class='ocrx_word' id='word_1_140' title='bbox 308 1480 388 1532; x_wconf 86' lang='lat' dir='ltr'><strong>rio</strong></span> <span class='ocrx_word' id='word_1_141' title='bbox 411 1478 739 1549; x_wconf 83' lang='lat' dir='ltr'><strong>dignitatem</strong></span> <span class='ocrx_word' id='word_1_142' title='bbox 759 1479 1169 1561; x_wconf 79' lang='lat' dir='ltr'><strong>conspureavit.</strong></span> <span class='ocrx_word' id='word_1_143' title='bbox 1212 1479 1355 1552; x_wconf 81' lang='lat' dir='ltr'><strong>Cyro</strong></span> <span class='ocrx_word' id='word_1_144' title='bbox 1417 1496 1545 1536; x_wconf 89' lang='lat' dir='ltr'><strong>vero</strong></span> <span class='ocrx_word' id='word_1_145' title='bbox 1579 1483 1908 1552; x_wconf 65' lang='lat' dir='ltr'><strong>patriarcha:</strong></span> <span class='ocrx_word' id='word_1_146' title='bbox 1946 1484 2078 1538; x_wconf 88' lang='lat' dir='ltr'><strong>sede</strong></span> <span class='ocrx_word' id='word_1_147' title='bbox 2129 1485 2200 1540; x_wconf 83' lang='lat' dir='ltr'><strong>ab</strong></span> <span class='ocrx_word' id='word_1_148' title='bbox 2251 1504 2316 1542; x_wconf 90' lang='lat' dir='ltr'><strong>eo</strong></span> <span class='ocrx_word' id='word_1_149' title='bbox 2354 1489 2590 1558; x_wconf 79' lang='lat' dir='ltr'><strong>dejecm,</strong></span> <span class='ocrx_word' id='word_1_150' title='bbox 2627 1489 2896 1546; x_wconf 82' lang='lat' dir='ltr'><strong>Joannem</strong></span> <span class='ocrx_word' id='word_1_151' title='bbox 2973 1493 3265 1562; x_wconf 87' lang='lat' dir='ltr'><strong>qnemdatn</strong></span> <span class='ocrx_word' id='word_1_152' title='bbox 3337 1497 3603 1567; x_wconf 81' lang='lat' dir='ltr'><strong>improbi-</strong></span> 
     </span>
    </p>
   </div>
   <div class='ocr_carea' id='block_1_16' title="bbox 303 1570 2224 1643">
    <p class='ocr_par' dir='ltr' id='par_1_16' title="bbox 303 1570 2224 1643">
     <span class='ocr_line' id='line_1_16' title="bbox 303 1570 2224 1643; baseline 0.003 -18"><span class='ocrx_word' id='word_1_153' title='bbox 303 1572 433 1626; x_wconf 86' lang='lat' dir='ltr'><strong>tatis</strong></span> <span class='ocrx_word' id='word_1_154' title='bbox 470 1580 522 1625; x_wconf 90' lang='lat' dir='ltr'><strong>et</strong></span> <span class='ocrx_word' id='word_1_155' title='bbox 555 1584 736 1640; x_wconf 58' lang='lat' dir='ltr'><strong>prava!</strong></span> <span class='ocrx_word' id='word_1_156' title='bbox 770 1570 1401 1640; x_wconf 86' lang='lat' dir='ltr'><strong>opinionis-consortem</strong></span> <span class='ocrx_word' id='word_1_157' title='bbox 1458 1573 1513 1626; x_wconf 92' lang='lat' dir='ltr'><strong>in</strong></span> <span class='ocrx_word' id='word_1_158' title='bbox 1555 1573 1674 1641; x_wconf 88' lang='lat' dir='ltr'><strong>ejus</strong></span> <span class='ocrx_word' id='word_1_159' title='bbox 1707 1573 1886 1626; x_wconf 91' lang='lat' dir='ltr'><strong>locum</strong></span> <span class='ocrx_word' id='word_1_160' title='bbox 1929 1577 2224 1643; x_wconf 78' lang='lat' dir='ltr'><strong>promovit.</strong></span> 
     </span>
    </p>
   </div>
   <div class='ocr_carea' id='block_1_17' title="bbox 370 1662 1890 1748">
    <p class='ocr_par' dir='ltr' id='par_1_17' title="bbox 370 1662 1890 1733">
     <span class='ocr_line' id='line_1_17' title="bbox 370 1662 1890 1733; baseline 0.001 -15"><span class='ocrx_word' id='word_1_161' title='bbox 370 1667 438 1720; x_wconf 85' lang='lat' dir='ltr'><strong>A.</strong></span> <span class='ocrx_word' id='word_1_162' title='bbox 475 1662 548 1718; x_wconf 79' lang='grc' dir='ltr'><strong>Μ.</strong></span> <span class='ocrx_word' id='word_1_163' title='bbox 581 1664 741 1720; x_wconf 71' lang='grc'><strong>6204.</strong></span> <span class='ocrx_word' id='word_1_164' title='bbox 763 1691 833 1702; x_wconf 91' lang='lat'><strong>—-</strong></span> <span class='ocrx_word' id='word_1_165' title='bbox 874 1663 1176 1733; x_wconf 79' lang='grc' dir='ltr'>Ῥωμαίων</span> <span class='ocrx_word' id='word_1_166' title='bbox 1192 1664 1501 1731; x_wconf 75' lang='grc' dir='ltr'>,ϐασιλέως</span> <span class='ocrx_word' id='word_1_167' title='bbox 1529 1664 1890 1719; x_wconf 65' lang='grc' dir='ltr'><strong>Φιλιππικοῦ</strong></span> 
     </span>
    </p>
   </div>
   <div class='ocr_carea' id='block_1_18' title="bbox 1993 1662 3603 1748">
    <p class='ocr_par' dir='ltr' id='par_1_18' title="bbox 2076 1671 3603 1748">
     <span class='ocr_line' id='line_1_18' title="bbox 2076 1671 3603 1748; baseline -0.006 -5"><span class='ocrx_word' id='word_1_168' title='bbox 2076 1672 2242 1743; x_wconf 81' lang='grc'><strong>320</strong></span> <span class='ocrx_word' id='word_1_169' title='bbox 2286 1672 2352 1726; x_wconf 81' lang='grc' dir='ltr'><strong>Α.</strong></span> <span class='ocrx_word' id='word_1_170' title='bbox 2403 1671 2464 1726; x_wconf 94' lang='lat' dir='ltr'><strong>C.</strong></span> <span class='ocrx_word' id='word_1_171' title='bbox 2531 1674 2656 1727; x_wconf 71' lang='lat'><strong>704.</strong></span> <span class='ocrx_word' id='word_1_172' title='bbox 2693 1704 2765 1714; x_wconf 91' lang='lat'><strong>—-</strong></span> <span class='ocrx_word' id='word_1_173' title='bbox 2813 1673 3176 1728; x_wconf 76' lang='lat' dir='ltr'><strong>Romanorum</strong></span> <span class='ocrx_word' id='word_1_174' title='bbox 3259 1679 3603 1748; x_wconf 81' lang='lat' dir='ltr'><strong>imperatoris</strong></span> 
     </span>
    </p>
   </div>
   <div class='ocr_carea' id='block_1_19' title="bbox 298 1757 534 1821">
    <p class='ocr_par' dir='ltr' id='par_1_19' title="bbox 298 1757 534 1821">
     <span class='ocr_line' id='line_1_19' title="bbox 298 1757 534 1821; baseline -0.021 -9"><span class='ocrx_word' id='word_1_175' title='bbox 298 1757 434 1821; x_wconf 75' lang='grc' dir='ltr'>ἔτος</span> <span class='ocrx_word' id='word_1_176' title='bbox 460 1760 534 1808; x_wconf 88' lang='lat' dir='ltr'><strong>a&#39;.</strong></span> 
     </span>
    </p>
   </div>
   <div class='ocr_carea' id='block_1_20' title="bbox 371 1845 1889 1916">
    <p class='ocr_par' dir='ltr' id='par_1_20' title="bbox 371 1845 1889 1916">
     <span class='ocr_line' id='line_1_20' title="bbox 371 1845 1889 1916; baseline -0.001 -14"><span class='ocrx_word' id='word_1_177' title='bbox 371 1847 1080 1916; x_wconf 77' lang='grc' dir='ltr'>Κωνσταντινουπόλεως</span> <span class='ocrx_word' id='word_1_178' title='bbox 1178 1848 1522 1903; x_wconf 79' lang='grc' dir='ltr'><strong>ἐπισκόπου</strong></span> <span class='ocrx_word' id='word_1_179' title='bbox 1613 1845 1889 1901; x_wconf 74' lang='grc' dir='ltr'>Ἰωάννου</span> 
     </span>
    </p>
   </div>
   <div class='ocr_carea' id='block_1_21' title="bbox 316 1943 541 2008">
    <p class='ocr_par' dir='ltr' id='par_1_21' title="bbox 316 1943 541 2008">
     <span class='ocr_line' id='line_1_21' title="bbox 316 1943 541 2008; baseline -0.004 -12"><span class='ocrx_word' id='word_1_180' title='bbox 316 1943 438 2008; x_wconf 76' lang='grc' dir='ltr'>ἔτος</span> <span class='ocrx_word' id='word_1_181' title='bbox 470 1947 541 1995; x_wconf 89' lang='lat' dir='ltr'><strong>a’.</strong></span> 
     </span>
    </p>
   </div>
   <div class='ocr_carea' id='block_1_22' title="bbox 386 2030 1892 2104">
    <p class='ocr_par' dir='ltr' id='par_1_22' title="bbox 386 2030 1892 2104">
     <span class='ocr_line' id='line_1_22' title="bbox 386 2030 1892 2104; baseline -0.001 -18"><span class='ocrx_word' id='word_1_182' title='bbox 386 2033 564 2103; x_wconf 79' lang='grc' dir='ltr'>Τούτῳ</span> <span class='ocrx_word' id='word_1_183' title='bbox 595 2032 672 2104; x_wconf 81' lang='grc' dir='ltr'>τῷ</span> <span class='ocrx_word' id='word_1_184' title='bbox 709 2032 820 2086; x_wconf 74' lang='grc' dir='ltr'>ἔτει</span> <span class='ocrx_word' id='word_1_185' title='bbox 870 2031 1198 2096; x_wconf 77' lang='grc' dir='ltr'><strong>Φιλιππικὸς</strong></span> <span class='ocrx_word' id='word_1_186' title='bbox 1245 2032 1372 2095; x_wconf 72' lang='grc' dir='ltr'>τοὺς</span> <span class='ocrx_word' id='word_1_187' title='bbox 1417 2030 1743 2102; x_wconf 78' lang='grc' dir='ltr'>Ἀρμενίους</span> <span class='ocrx_word' id='word_1_188' title='bbox 1792 2032 1892 2101; x_wconf 76' lang='grc' dir='ltr'>τῆς</span> 
     </span>
    </p>
   </div>
   <div class='ocr_carea' id='block_1_23' title="bbox 312 2122 1890 2196">
    <p class='ocr_par' dir='ltr' id='par_1_23' title="bbox 312 2122 1890 2196">
     <span class='ocr_line' id='line_1_23' title="bbox 312 2122 1890 2196; baseline -0.001 -18"><span class='ocrx_word' id='word_1_189' title='bbox 312 2125 502 2180; x_wconf 75' lang='grc' dir='ltr'>ἑαυτοῦ</span> <span class='ocrx_word' id='word_1_190' title='bbox 523 2125 632 2193; x_wconf 79' lang='grc' dir='ltr'><strong>γῆς</strong></span> <span class='ocrx_word' id='word_1_191' title='bbox 689 2124 953 2190; x_wconf 79' lang='grc' dir='ltr'><strong>ἐξελάσας</strong></span> <span class='ocrx_word' id='word_1_192' title='bbox 977 2124 1022 2156; x_wconf 78' lang='grc'><strong>³⁸</strong></span> <span class='ocrx_word' id='word_1_193' title='bbox 1050 2122 1161 2196; x_wconf 79' lang='grc'>(51)</span> <span class='ocrx_word' id='word_1_194' title='bbox 1215 2123 1508 2194; x_wconf 76' lang='grc' dir='ltr'>Μελιτινὴν</span> <span class='ocrx_word' id='word_1_195' title='bbox 1543 2124 1638 2176; x_wconf 74' lang='grc' dir='ltr'>καὶ</span> <span class='ocrx_word' id='word_1_196' title='bbox 1676 2123 1776 2194; x_wconf 80' lang='grc' dir='ltr'>τὴν</span> <span class='ocrx_word' id='word_1_197' title='bbox 1799 2139 1890 2176; x_wconf 85' lang='grc' dir='ltr'><strong>τε-</strong></span> 
     </span>
    </p>
   </div>
   <div class='ocr_carea' id='block_1_24' title="bbox 298 2213 1891 2288">
    <p class='ocr_par' dir='ltr' id='par_1_24' title="bbox 298 2213 1891 2288">
     <span class='ocr_line' id='line_1_24' title="bbox 298 2213 1891 2288; baseline -0.004 -15"><span class='ocrx_word' id='word_1_198' title='bbox 298 2219 507 2288; x_wconf 74' lang='grc' dir='ltr'>τάρτην</span> <span class='ocrx_word' id='word_1_199' title='bbox 549 2218 847 2288; x_wconf 82' lang='grc' dir='ltr'><strong>Ἀρμενίαν</strong></span> <span class='ocrx_word' id='word_1_200' title='bbox 879 2217 1100 2287; x_wconf 81' lang='grc' dir='ltr'>οἰκῆσαι</span> <span class='ocrx_word' id='word_1_201' title='bbox 1127 2217 1459 2287; x_wconf 70' lang='grc' dir='ltr'>ἡνάγκπσεν.</span> <span class='ocrx_word' id='word_1_202' title='bbox 1509 2214 1820 2285; x_wconf 78' lang='grc' dir='ltr'>Μασα).μᾶς</span> <span class='ocrx_word' id='word_1_203' title='bbox 1848 2213 1891 2245; x_wconf 83' lang='grc'><strong>³¹</strong></span> 
     </span>
    </p>
   </div>
   <div class='ocr_carea' id='block_1_25' title="bbox 293 2306 1889 2379">
    <p class='ocr_par' dir='ltr' id='par_1_25' title="bbox 293 2306 1889 2379">
     <span class='ocr_line' id='line_1_25' title="bbox 293 2306 1889 2379; baseline -0.002 -17"><span class='ocrx_word' id='word_1_204' title='bbox 293 2309 356 2362; x_wconf 73' lang='grc' dir='ltr'><strong>δὲ</strong></span> <span class='ocrx_word' id='word_1_205' title='bbox 384 2309 490 2379; x_wconf 79' lang='grc' dir='ltr'>τὴν</span> <span class='ocrx_word' id='word_1_206' title='bbox 534 2308 830 2378; x_wconf 76' lang='grc' dir='ltr'><strong>’Δμὰσειαν</strong></span> <span class='ocrx_word' id='word_1_207' title='bbox 863 2307 908 2340; x_wconf 78' lang='grc'><strong>³⁸</strong></span> <span class='ocrx_word' id='word_1_208' title='bbox 940 2307 1250 2379; x_wconf 76' lang='grc' dir='ltr'>παρέλαϐεν</span> <span class='ocrx_word' id='word_1_209' title='bbox 1301 2308 1399 2360; x_wconf 85' lang='grc' dir='ltr'>σὺν</span> <span class='ocrx_word' id='word_1_210' title='bbox 1444 2306 1627 2371; x_wconf 81' lang='grc' dir='ltr'>ἄλλοις</span> <span class='ocrx_word' id='word_1_211' title='bbox 1658 2306 1889 2361; x_wconf 76' lang='grc' dir='ltr'>καστελο</span> 
     </span>
    </p>
   </div>
   <div class='ocr_carea' id='block_1_26' title="bbox 291 2397 1895 2470">
    <p class='ocr_par' dir='ltr' id='par_1_26' title="bbox 291 2397 1895 2470">
     <span class='ocr_line' id='line_1_26' title="bbox 291 2397 1895 2470; baseline 0 -19"><span class='ocrx_word' id='word_1_212' title='bbox 291 2398 433 2463; x_wconf 81' lang='grc' dir='ltr'>λίοις</span> <span class='ocrx_word' id='word_1_213' title='bbox 471 2400 568 2454; x_wconf 77' lang='grc' dir='ltr'>καὶ</span> <span class='ocrx_word' id='word_1_214' title='bbox 617 2398 785 2470; x_wconf 80' lang='grc' dir='ltr'>πολλῇ</span> <span class='ocrx_word' id='word_1_215' title='bbox 818 2399 1200 2470; x_wconf 69' lang='grc' dir='ltr'><strong>αἰχμαλωσίᾳ·</strong></span> <span class='ocrx_word' id='word_1_216' title='bbox 1252 2399 1526 2470; x_wconf 77' lang='grc' dir='ltr'><strong>Γεώργιός</strong></span> <span class='ocrx_word' id='word_1_217' title='bbox 1555 2415 1614 2451; x_wconf 80' lang='grc' dir='ltr'>τε</span> <span class='ocrx_word' id='word_1_218' title='bbox 1651 2399 1680 2449; x_wconf 84' lang='grc' dir='ltr'>ὁ</span> <span class='ocrx_word' id='word_1_219' title='bbox 1721 2397 1895 2452; x_wconf 69' lang='grc' dir='ltr'><strong>’Διπα-</strong></span> 
     </span>
    </p>
   </div>
   <div class='ocr_carea' id='block_1_27' title="bbox 295 2490 1891 2562">
    <p class='ocr_par' dir='ltr' id='par_1_27' title="bbox 295 2490 1891 2562">
     <span class='ocr_line' id='line_1_27' title="bbox 295 2490 1891 2562; baseline -0.002 -16"><span class='ocrx_word' id='word_1_220' title='bbox 295 2492 463 2561; x_wconf 72' lang='grc' dir='ltr'>μίας</span> <span class='ocrx_word' id='word_1_221' title='bbox 515 2492 818 2555; x_wconf 76' lang='grc' dir='ltr'><strong>ἐπίσκοπος</strong></span> <span class='ocrx_word' id='word_1_222' title='bbox 857 2491 1171 2562; x_wconf 76' lang='grc' dir='ltr'>μετῳκίσθη</span> <span class='ocrx_word' id='word_1_223' title='bbox 1221 2493 1279 2544; x_wconf 83' lang='grc' dir='ltr'>ὲν</span> <span class='ocrx_word' id='word_1_224' title='bbox 1312 2490 1759 2562; x_wconf 80' lang='grc' dir='ltr'>Μαρτυροπόλει.</span> <span class='ocrx_word' id='word_1_225' title='bbox 1795 2491 1891 2543; x_wconf 82' lang='grc' dir='ltr'><strong>Φι-</strong></span> 
     </span>
    </p>
   </div>
   <div class='ocr_carea' id='block_1_28' title="bbox 290 2582 1894 2656">
    <p class='ocr_par' dir='ltr' id='par_1_28' title="bbox 290 2582 1894 2656">
     <span class='ocr_line' id='line_1_28' title="bbox 290 2582 1894 2656; baseline -0.001 -18"><span class='ocrx_word' id='word_1_226' title='bbox 290 2583 630 2647; x_wconf 67' lang='grc' dir='ltr'>λιππικὺςδὲ</span> <span class='ocrx_word' id='word_1_227' title='bbox 652 2584 751 2638; x_wconf 74' lang='grc' dir='ltr'>οὐκ</span> <span class='ocrx_word' id='word_1_228' title='bbox 773 2582 1020 2656; x_wconf 58' lang='grc' dir='ltr'>ᾐσχύνθη</span> <span class='ocrx_word' id='word_1_229' title='bbox 1041 2585 1184 2654; x_wconf 60' lang='lat' dir='ltr'><strong>lupa</strong></span> <span class='ocrx_word' id='word_1_230' title='bbox 1195 2582 1296 2647; x_wconf 61' lang='grc' dir='ltr'><strong>θῶς</strong></span> <span class='ocrx_word' id='word_1_231' title='bbox 1312 2585 1599 2655; x_wconf 79' lang='grc' dir='ltr'>κινηθῆναι</span> <span class='ocrx_word' id='word_1_232' title='bbox 1621 2582 1732 2653; x_wconf 69' lang='grc'>(32)</span> <span class='ocrx_word' id='word_1_233' title='bbox 1752 2583 1894 2636; x_wconf 78' lang='grc' dir='ltr'>κατὰ</span> 
     </span>
    </p>
   </div>
   <div class='ocr_carea' id='block_1_29' title="bbox 289 2675 1891 2749">
    <p class='ocr_par' dir='ltr' id='par_1_29' title="bbox 289 2675 1891 2749">
     <span class='ocr_line' id='line_1_29' title="bbox 289 2675 1891 2749; baseline -0.003 -17"><span class='ocrx_word' id='word_1_234' title='bbox 289 2677 396 2749; x_wconf 79' lang='grc' dir='ltr'>τῆς</span> <span class='ocrx_word' id='word_1_235' title='bbox 432 2678 601 2746; x_wconf 78' lang='grc' dir='ltr'>ἁγίας</span> <span class='ocrx_word' id='word_1_236' title='bbox 628 2679 725 2730; x_wconf 70' lang='lat' dir='ltr'><strong>xui.</strong></span> <span class='ocrx_word' id='word_1_237' title='bbox 773 2676 1163 2748; x_wconf 82' lang='grc' dir='ltr'>οίκουμενικῆς</span> <span class='ocrx_word' id='word_1_238' title='bbox 1187 2675 1354 2748; x_wconf 73' lang='grc' dir='ltr'>ἕκτης</span> <span class='ocrx_word' id='word_1_239' title='bbox 1389 2677 1632 2739; x_wconf 83' lang='grc' dir='ltr'><strong>συνόδου,</strong></span> <span class='ocrx_word' id='word_1_240' title='bbox 1655 2675 1891 2746; x_wconf 78' lang='grc' dir='ltr'>ἀνατρέ-</span> 
     </span>
    </p>
   </div>
   <div class='ocr_carea' id='block_1_30' title="bbox 292 2765 1894 2840">
    <p class='ocr_par' dir='ltr' id='par_1_30' title="bbox 292 2765 1894 2840">
     <span class='ocr_line' id='line_1_30' title="bbox 292 2765 1894 2840; baseline -0.003 -16"><span class='ocrx_word' id='word_1_241' title='bbox 292 2788 422 2825; x_wconf 75' lang='grc' dir='ltr'><strong>πειν</strong></span> <span class='ocrx_word' id='word_1_242' title='bbox 456 2770 706 2824; x_wconf 78' lang='grc' dir='ltr'><strong>σπεύδων</strong></span> <span class='ocrx_word' id='word_1_243' title='bbox 731 2769 800 2822; x_wconf 81' lang='grc' dir='ltr'><strong>τὰ</strong></span> <span class='ocrx_word' id='word_1_244' title='bbox 821 2770 912 2824; x_wconf 79' lang='grc' dir='ltr'><strong>ὑπ’</strong></span> <span class='ocrx_word' id='word_1_245' title='bbox 943 2770 1113 2840; x_wconf 75' lang='grc' dir='ltr'>αὐτῆς</span> <span class='ocrx_word' id='word_1_246' title='bbox 1145 2768 1514 2839; x_wconf 76' lang='grc' dir='ltr'>βεϐαιωθέντα</span> <span class='ocrx_word' id='word_1_247' title='bbox 1541 2767 1660 2820; x_wconf 81' lang='grc' dir='ltr'>θεῖα</span> <span class='ocrx_word' id='word_1_248' title='bbox 1685 2765 1894 2837; x_wconf 79' lang='grc' dir='ltr'>δόγμα-</span> 
     </span>
    </p>
   </div>
   <div class='ocr_carea' id='block_1_31' title="bbox 290 2857 1892 2933">
    <p class='ocr_par' dir='ltr' id='par_1_31' title="bbox 290 2857 1892 2933">
     <span class='ocr_line' id='line_1_31' title="bbox 290 2857 1892 2933; baseline -0.002 -17"><span class='ocrx_word' id='word_1_249' title='bbox 290 2880 385 2918; x_wconf 85' lang='grc' dir='ltr'>τα.</span> <span class='ocrx_word' id='word_1_250' title='bbox 417 2858 596 2933; x_wconf 68' lang='grc' dir='ltr'>Εὗρεν</span> <span class='ocrx_word' id='word_1_251' title='bbox 629 2857 723 2916; x_wconf 82' lang='grc' dir='ltr'>οὖν</span> <span class='ocrx_word' id='word_1_252' title='bbox 748 2862 794 2894; x_wconf 85' lang='grc'><strong><em>⁸³</em></strong></span> <span class='ocrx_word' id='word_1_253' title='bbox 823 2862 1134 2932; x_wconf 81' lang='grc' dir='ltr'><strong>ὁμόφρονας</strong></span> <span class='ocrx_word' id='word_1_254' title='bbox 1163 2861 1328 2915; x_wconf 73' lang='grc' dir='ltr'>αὑτοῦ</span> <span class='ocrx_word' id='word_1_255' title='bbox 1365 2862 1619 2932; x_wconf 84' lang='grc' dir='ltr'>Ἰωάννην</span> <span class='ocrx_word' id='word_1_256' title='bbox 1651 2861 1744 2913; x_wconf 80' lang='grc' dir='ltr'><strong>τὸν</strong></span> <span class='ocrx_word' id='word_1_257' title='bbox 1773 2859 1892 2913; x_wconf 72' lang='grc' dir='ltr'><strong>ἐπί·</strong></span> 
     </span>
    </p>
   </div>
   <div class='ocr_carea' id='block_1_32' title="bbox 294 2953 1891 3022">
    <p class='ocr_par' dir='ltr' id='par_1_32' title="bbox 294 2953 1891 3022">
     <span class='ocr_line' id='line_1_32' title="bbox 294 2953 1891 3022; baseline -0.003 -13"><span class='ocrx_word' id='word_1_258' title='bbox 294 2971 505 3009; x_wconf 81' lang='grc' dir='ltr'>σκοπον</span> <span class='ocrx_word' id='word_1_259' title='bbox 561 2955 606 2986; x_wconf 68' lang='grc'><strong>⁸⁸</strong></span> <span class='ocrx_word' id='word_1_260' title='bbox 665 2954 1327 3018; x_wconf 80' lang='grc' dir='ltr'>Κωνσταντινουπόλεως,</span> <span class='ocrx_word' id='word_1_261' title='bbox 1387 2954 1447 3006; x_wconf 85' lang='grc' dir='ltr'>ὃν</span> <span class='ocrx_word' id='word_1_262' title='bbox 1503 2953 1809 3022; x_wconf 85' lang='grc' dir='ltr'>πεποίηκεν</span> <span class='ocrx_word' id='word_1_263' title='bbox 1844 2953 1891 2985; x_wconf 84' lang='grc'><strong>³⁸</strong></span> 
     </span>
    </p>
   </div>
   <div class='ocr_carea' id='block_1_33' title="bbox 2001 1767 2752 1836">
    <p class='ocr_par' dir='ltr' id='par_1_33' title="bbox 2001 1767 2752 1836">
     <span class='ocr_line' id='line_1_33' title="bbox 2001 1767 2752 1836; baseline -0.001 -15"><span class='ocrx_word' id='word_1_264' title='bbox 2001 1767 2288 1836; x_wconf 77' lang='lat' dir='ltr'><strong>Philippici</strong></span> <span class='ocrx_word' id='word_1_265' title='bbox 2319 1783 2494 1818; x_wconf 84' lang='lat' dir='ltr'><strong>annus</strong></span> <span class='ocrx_word' id='word_1_266' title='bbox 2522 1767 2752 1833; x_wconf 85' lang='lat' dir='ltr'><strong>primus.</strong></span> 
     </span>
    </p>
   </div>
   <div class='ocr_carea' id='block_1_34' title="bbox 2069 1853 3277 1926">
    <p class='ocr_par' dir='ltr' id='par_1_34' title="bbox 2069 1853 3277 1926">
     <span class='ocr_line' id='line_1_34' title="bbox 2069 1853 3277 1926; baseline 0.002 -16"><span class='ocrx_word' id='word_1_267' title='bbox 2069 1856 2292 1926; x_wconf 84' lang='lat' dir='ltr'><strong>Cpoleos</strong></span> <span class='ocrx_word' id='word_1_268' title='bbox 2324 1856 2554 1924; x_wconf 81' lang='lat' dir='ltr'><strong>episcopi</strong></span> <span class='ocrx_word' id='word_1_269' title='bbox 2581 1853 2809 1910; x_wconf 78' lang='lat' dir='ltr'><strong>Joannis</strong></span> <span class='ocrx_word' id='word_1_270' title='bbox 2847 1872 3020 1910; x_wconf 83' lang='lat' dir='ltr'><strong>annus</strong></span> <span class='ocrx_word' id='word_1_271' title='bbox 3049 1857 3277 1926; x_wconf 82' lang='lat' dir='ltr'><strong>primus.</strong></span> 
     </span>
    </p>
   </div>
   <div class='ocr_carea' id='block_1_35' title="bbox 2067 2027 3596 2104">
    <p class='ocr_par' dir='ltr' id='par_1_35' title="bbox 2067 2027 3596 2104">
     <span class='ocr_line' id='line_1_35' title="bbox 2067 2027 3596 2104; baseline 0.006 -21"><span class='ocrx_word' id='word_1_272' title='bbox 2067 2028 2180 2084; x_wconf 83' lang='lat' dir='ltr'><strong>lloc</strong></span> <span class='ocrx_word' id='word_1_273' title='bbox 2218 2043 2364 2084; x_wconf 82' lang='lat' dir='ltr'><strong>anno</strong></span> <span class='ocrx_word' id='word_1_274' title='bbox 2395 2027 2735 2099; x_wconf 89' lang='lat' dir='ltr'><strong>Philippicus</strong></span> <span class='ocrx_word' id='word_1_275' title='bbox 2765 2030 3057 2088; x_wconf 82' lang='lat' dir='ltr'><strong>Armenios</strong></span> <span class='ocrx_word' id='word_1_276' title='bbox 3089 2035 3332 2104; x_wconf 88' lang='lat' dir='ltr'><strong>propriis</strong></span> <span class='ocrx_word' id='word_1_277' title='bbox 3367 2036 3596 2092; x_wconf 88' lang='lat' dir='ltr'><strong>sedibus</strong></span> 
     </span>
    </p>
   </div>
   <div class='ocr_carea' id='block_1_36' title="bbox 1993 2121 3598 2192">
    <p class='ocr_par' dir='ltr' id='par_1_36' title="bbox 1993 2121 3598 2192">
     <span class='ocr_line' id='line_1_36' title="bbox 1993 2121 3598 2192; baseline 0.004 -14"><span class='ocrx_word' id='word_1_278' title='bbox 1993 2123 2251 2192; x_wconf 85' lang='lat' dir='ltr'><strong>expulsos</strong></span> <span class='ocrx_word' id='word_1_279' title='bbox 2287 2121 2584 2177; x_wconf 85' lang='lat' dir='ltr'><strong>Melitinem</strong></span> <span class='ocrx_word' id='word_1_280' title='bbox 2617 2131 2671 2177; x_wconf 89' lang='lat' dir='ltr'><strong>et</strong></span> <span class='ocrx_word' id='word_1_281' title='bbox 2709 2133 2960 2192; x_wconf 86' lang='lat' dir='ltr'><strong>quartam</strong></span> <span class='ocrx_word' id='word_1_282' title='bbox 3007 2125 3322 2180; x_wconf 83' lang='lat' dir='ltr'><strong>Armeniam</strong></span> <span class='ocrx_word' id='word_1_283' title='bbox 3359 2129 3598 2184; x_wconf 88' lang='lat' dir='ltr'><strong>incolere</strong></span> 
     </span>
    </p>
   </div>
   <div class='ocr_carea' id='block_1_37' title="bbox 1996 2213 3598 2286">
    <p class='ocr_par' dir='ltr' id='par_1_37' title="bbox 1996 2213 3598 2286">
     <span class='ocr_line' id='line_1_37' title="bbox 1996 2213 3598 2286; baseline 0.005 -18"><span class='ocrx_word' id='word_1_284' title='bbox 1996 2213 2199 2284; x_wconf 81' lang='lat' dir='ltr'><strong>coegit.</strong></span> <span class='ocrx_word' id='word_1_285' title='bbox 2262 2214 2556 2268; x_wconf 84' lang='lat' dir='ltr'><strong>Amaseam</strong></span> <span class='ocrx_word' id='word_1_286' title='bbox 2594 2228 2723 2269; x_wconf 90' lang='lat' dir='ltr'><strong>vero</strong></span> <span class='ocrx_word' id='word_1_287' title='bbox 2755 2230 2879 2268; x_wconf 91' lang='lat' dir='ltr'><strong>cum</strong></span> <span class='ocrx_word' id='word_1_288' title='bbox 2936 2215 3210 2286; x_wconf 85' lang='lat' dir='ltr'><strong>plerisque</strong></span> <span class='ocrx_word' id='word_1_289' title='bbox 3263 2219 3506 2274; x_wconf 86' lang='lat' dir='ltr'><strong>castellis</strong></span> <span class='ocrx_word' id='word_1_290' title='bbox 3539 2230 3598 2277; x_wconf 93' lang='lat' dir='ltr'><strong>et</strong></span> 
     </span>
    </p>
   </div>
   <div class='ocr_carea' id='block_1_38' title="bbox 1994 2305 3599 2378">
    <p class='ocr_par' dir='ltr' id='par_1_38' title="bbox 1994 2305 3599 2378">
     <span class='ocr_line' id='line_1_38' title="bbox 1994 2305 3599 2378; baseline 0.005 -18"><span class='ocrx_word' id='word_1_291' title='bbox 1994 2306 2166 2360; x_wconf 87' lang='lat' dir='ltr'><strong>multa</strong></span> <span class='ocrx_word' id='word_1_292' title='bbox 2193 2305 2536 2376; x_wconf 85' lang='lat' dir='ltr'><strong>captivorum</strong></span> <span class='ocrx_word' id='word_1_293' title='bbox 2570 2306 2749 2376; x_wconf 71' lang='lat' dir='ltr'><strong>praeda</strong></span> <span class='ocrx_word' id='word_1_294' title='bbox 2774 2307 3067 2364; x_wconf 76' lang='lat' dir='ltr'><strong>Masalmas</strong></span> <span class='ocrx_word' id='word_1_295' title='bbox 3089 2311 3398 2378; x_wconf 87' lang='lat' dir='ltr'><strong>occupavit.</strong></span> <span class='ocrx_word' id='word_1_296' title='bbox 3419 2311 3599 2367; x_wconf 82' lang='lat' dir='ltr'><strong>Geor-</strong></span> 
     </span>
    </p>
   </div>
   <div class='ocr_carea' id='block_1_39' title="bbox 1994 2398 3600 2471">
    <p class='ocr_par' dir='ltr' id='par_1_39' title="bbox 1994 2398 3600 2471">
     <span class='ocr_line' id='line_1_39' title="bbox 1994 2398 3600 2471; baseline 0.005 -20"><span class='ocrx_word' id='word_1_297' title='bbox 1994 2399 2118 2468; x_wconf 85' lang='lat' dir='ltr'><strong>gius</strong></span> <span class='ocrx_word' id='word_1_298' title='bbox 2158 2408 2337 2452; x_wconf 89' lang='lat' dir='ltr'><strong>autem</strong></span> <span class='ocrx_word' id='word_1_299' title='bbox 2367 2399 2623 2467; x_wconf 64' lang='lat' dir='ltr'><strong>Apamea:</strong></span> <span class='ocrx_word' id='word_1_300' title='bbox 2653 2399 2948 2470; x_wconf 80' lang='lat' dir='ltr'><strong>episcopus</strong></span> <span class='ocrx_word' id='word_1_301' title='bbox 2976 2398 3390 2471; x_wconf 78' lang='lat' dir='ltr'><strong>Martympolim</strong></span> <span class='ocrx_word' id='word_1_302' title='bbox 3415 2412 3600 2459; x_wconf 81' lang='lat' dir='ltr'><strong>trans-</strong></span> 
     </span>
    </p>
   </div>
   <div class='ocr_carea' id='block_1_40' title="bbox 1993 2487 3603 2562">
    <p class='ocr_par' dir='ltr' id='par_1_40' title="bbox 1993 2487 3603 2562">
     <span class='ocr_line' id='line_1_40' title="bbox 1993 2487 3603 2562; baseline 0.007 -22"><span class='ocrx_word' id='word_1_303' title='bbox 1993 2487 2138 2544; x_wconf 89' lang='lat' dir='ltr'><strong>latus</strong></span> <span class='ocrx_word' id='word_1_304' title='bbox 2164 2499 2274 2545; x_wconf 84' lang='lat' dir='ltr'><strong>est.</strong></span> <span class='ocrx_word' id='word_1_305' title='bbox 2300 2487 2471 2546; x_wconf 89' lang='lat' dir='ltr'><strong>Porro</strong></span> <span class='ocrx_word' id='word_1_306' title='bbox 2487 2487 2828 2562; x_wconf 89' lang='lat' dir='ltr'><strong>Philippicus</strong></span> <span class='ocrx_word' id='word_1_307' title='bbox 2843 2492 3110 2549; x_wconf 89' lang='lat' dir='ltr'><strong>adversus</strong></span> <span class='ocrx_word' id='word_1_308' title='bbox 3141 2504 3383 2549; x_wconf 85' lang='lat' dir='ltr'><strong>sanctam</strong></span> <span class='ocrx_word' id='word_1_309' title='bbox 3406 2507 3454 2551; x_wconf 90' lang='lat' dir='ltr'><strong>et</strong></span> <span class='ocrx_word' id='word_1_310' title='bbox 3477 2497 3603 2551; x_wconf 90' lang='lat' dir='ltr'><strong>uni-</strong></span> 
     </span>
    </p>
   </div>
   <div class='ocr_carea' id='block_1_41' title="bbox 1993 2581 3598 2651">
    <p class='ocr_par' dir='ltr' id='par_1_41' title="bbox 1993 2581 3598 2651">
     <span class='ocr_line' id='line_1_41' title="bbox 1993 2581 3598 2651; baseline 0.003 -17"><span class='ocrx_word' id='word_1_311' title='bbox 1993 2581 2264 2636; x_wconf 85' lang='lat' dir='ltr'><strong>versalem</strong></span> <span class='ocrx_word' id='word_1_312' title='bbox 2319 2591 2528 2638; x_wconf 82' lang='lat' dir='ltr'><strong>sextam</strong></span> <span class='ocrx_word' id='word_1_313' title='bbox 2593 2581 2857 2651; x_wconf 80' lang='lat' dir='ltr'><strong>synodum</strong></span> <span class='ocrx_word' id='word_1_314' title='bbox 2915 2583 3099 2639; x_wconf 89' lang='lat' dir='ltr'><strong>invehi</strong></span> <span class='ocrx_word' id='word_1_315' title='bbox 3163 2600 3271 2638; x_wconf 93' lang='lat' dir='ltr'><strong>non</strong></span> <span class='ocrx_word' id='word_1_316' title='bbox 3354 2586 3598 2651; x_wconf 87' lang='lat' dir='ltr'><strong>erubuit,</strong></span> 
     </span>
    </p>
   </div>
   <div class='ocr_carea' id='block_1_42' title="bbox 1993 2671 3601 2743">
    <p class='ocr_par' dir='ltr' id='par_1_42' title="bbox 1993 2671 3601 2743">
     <span class='ocr_line' id='line_1_42' title="bbox 1993 2671 3601 2743; baseline 0.004 -17"><span class='ocrx_word' id='word_1_317' title='bbox 1993 2686 2150 2727; x_wconf 89' lang='lat' dir='ltr'><strong>sacra</strong></span> <span class='ocrx_word' id='word_1_318' title='bbox 2177 2671 2436 2743; x_wconf 87' lang='lat' dir='ltr'><strong>dogmata</strong></span> <span class='ocrx_word' id='word_1_319' title='bbox 2464 2674 2534 2728; x_wconf 89' lang='lat' dir='ltr'><strong>ab</strong></span> <span class='ocrx_word' id='word_1_320' title='bbox 2559 2688 2622 2728; x_wconf 90' lang='lat' dir='ltr'><strong>ea</strong></span> <span class='ocrx_word' id='word_1_321' title='bbox 2645 2675 2860 2730; x_wconf 89' lang='lat' dir='ltr'><strong>sancita</strong></span> <span class='ocrx_word' id='word_1_322' title='bbox 2879 2677 3108 2732; x_wconf 88' lang='lat' dir='ltr'><strong>studens</strong></span> <span class='ocrx_word' id='word_1_323' title='bbox 3124 2689 3388 2733; x_wconf 85' lang='lat' dir='ltr'><strong>evertere.</strong></span> <span class='ocrx_word' id='word_1_324' title='bbox 3423 2679 3601 2734; x_wconf 65' lang='lat' dir='ltr'><strong>Caete-</strong></span> 
     </span>
    </p>
   </div>
   <div class='ocr_carea' id='block_1_43' title="bbox 2006 2765 3598 2840">
    <p class='ocr_par' dir='ltr' id='par_1_43' title="bbox 2006 2765 3598 2840">
     <span class='ocr_line' id='line_1_43' title="bbox 2006 2765 3598 2840; baseline 0.006 -22"><span class='ocrx_word' id='word_1_325' title='bbox 2006 2779 2129 2819; x_wconf 89' lang='lat' dir='ltr'><strong>rum</strong></span> <span class='ocrx_word' id='word_1_326' title='bbox 2151 2765 2244 2835; x_wconf 90' lang='lat' dir='ltr'><strong>qui</strong></span> <span class='ocrx_word' id='word_1_327' title='bbox 2267 2767 2322 2819; x_wconf 91' lang='lat' dir='ltr'><strong>in</strong></span> <span class='ocrx_word' id='word_1_328' title='bbox 2347 2765 2492 2820; x_wconf 90' lang='lat' dir='ltr'><strong>banc</strong></span> <span class='ocrx_word' id='word_1_329' title='bbox 2523 2767 2853 2822; x_wconf 76' lang='lat' dir='ltr'><strong>sententiam</strong></span> <span class='ocrx_word' id='word_1_330' title='bbox 2887 2769 3052 2835; x_wconf 90' lang='lat' dir='ltr'><strong>irent,</strong></span> <span class='ocrx_word' id='word_1_331' title='bbox 3071 2769 3332 2825; x_wconf 84' lang='lat' dir='ltr'><strong>Joannem</strong></span> <span class='ocrx_word' id='word_1_332' title='bbox 3359 2771 3598 2840; x_wconf 80' lang='lat' dir='ltr'><strong>Cpoleos</strong></span> 
     </span>
    </p>
   </div>
   <div class='ocr_carea' id='block_1_44' title="bbox 1991 2857 3597 2932">
    <p class='ocr_par' dir='ltr' id='par_1_44' title="bbox 1991 2857 3597 2932">
     <span class='ocr_line' id='line_1_44' title="bbox 1991 2857 3597 2932; baseline 0.002 -19"><span class='ocrx_word' id='word_1_333' title='bbox 1991 2857 2334 2929; x_wconf 87' lang='lat' dir='ltr'><strong>episcopum,</strong></span> <span class='ocrx_word' id='word_1_334' title='bbox 2358 2857 2503 2929; x_wconf 86' lang='lat' dir='ltr'><strong>Cyro</strong></span> <span class='ocrx_word' id='word_1_335' title='bbox 2527 2859 2648 2928; x_wconf 81' lang='lat' dir='ltr'><strong>ejus</strong></span> <span class='ocrx_word' id='word_1_336' title='bbox 2678 2875 3013 2929; x_wconf 56' lang='lat' dir='ltr'><strong>praecessore</strong></span> <span class='ocrx_word' id='word_1_337' title='bbox 3040 2862 3312 2932; x_wconf 83' lang='lat' dir='ltr'><strong>dignitate</strong></span> <span class='ocrx_word' id='word_1_338' title='bbox 3352 2872 3503 2917; x_wconf 88' lang='lat' dir='ltr'><strong>moto</strong></span> <span class='ocrx_word' id='word_1_339' title='bbox 3535 2869 3597 2918; x_wconf 88' lang='lat' dir='ltr'><strong>et</strong></span> 
     </span>
    </p>
   </div>
   <div class='ocr_carea' id='block_1_45' title="bbox 1993 2949 3594 3023">
    <p class='ocr_par' dir='ltr' id='par_1_45' title="bbox 1993 2949 3594 3023">
     <span class='ocr_line' id='line_1_45' title="bbox 1993 2949 3594 3023; baseline 0.002 -19"><span class='ocrx_word' id='word_1_340' title='bbox 1993 2949 2052 3004; x_wconf 87' lang='lat' dir='ltr'><strong>in</strong></span> <span class='ocrx_word' id='word_1_341' title='bbox 2075 2953 2473 3005; x_wconf 75' lang='lat' dir='ltr'><strong>monasterium</strong></span> <span class='ocrx_word' id='word_1_342' title='bbox 2502 2950 2698 3006; x_wconf 64' lang='lat' dir='ltr'><strong>Chorze</strong></span> <span class='ocrx_word' id='word_1_343' title='bbox 2729 2953 2992 3023; x_wconf 82' lang='lat' dir='ltr'><strong>relegato,</strong></span> <span class='ocrx_word' id='word_1_344' title='bbox 3042 2954 3214 3009; x_wconf 84' lang='lat' dir='ltr'><strong>abeo</strong></span> <span class='ocrx_word' id='word_1_345' title='bbox 3249 2955 3594 3020; x_wconf 88' lang='lat' dir='ltr'><strong>institutum,</strong></span> 
     </span>
    </p>
   </div>
   <div class='ocr_carea' id='block_1_46' title="bbox 293 3040 1890 3117">
    <p class='ocr_par' dir='ltr' id='par_1_46' title="bbox 293 3043 1890 3117">
     <span class='ocr_line' id='line_1_46' title="bbox 293 3043 1890 3117; baseline 0 -19"><span class='ocrx_word' id='word_1_346' title='bbox 293 3045 546 3100; x_wconf 80' lang='grc' dir='ltr'>καθελὼν</span> <span class='ocrx_word' id='word_1_347' title='bbox 573 3044 756 3116; x_wconf 83' lang='grc' dir='ltr'>Κῦρον</span> <span class='ocrx_word' id='word_1_348' title='bbox 801 3043 913 3117; x_wconf 75' lang='grc'>(55)</span> <span class='ocrx_word' id='word_1_349' title='bbox 955 3045 1046 3097; x_wconf 79' lang='grc' dir='ltr'>τὸν</span> <span class='ocrx_word' id='word_1_350' title='bbox 1095 3047 1302 3116; x_wconf 82' lang='grc' dir='ltr'><strong>ταύτης</strong></span> <span class='ocrx_word' id='word_1_351' title='bbox 1365 3044 1652 3114; x_wconf 81' lang='grc' dir='ltr'><strong>πρόεδρον,</strong></span> <span class='ocrx_word' id='word_1_352' title='bbox 1700 3043 1759 3096; x_wconf 83' lang='grc' dir='ltr'>ὃν</span> <span class='ocrx_word' id='word_1_353' title='bbox 1794 3045 1890 3098; x_wconf 76' lang='grc' dir='ltr'>καὶ</span> 
     </span>
    </p>
   </div>
   <div class='ocr_carea' id='block_1_47' title="bbox 1993 3040 3595 3117">
    <p class='ocr_par' dir='ltr' id='par_1_47' title="bbox 1998 3042 3595 3117">
     <span class='ocr_line' id='line_1_47' title="bbox 1998 3042 3595 3117; baseline 0.002 -19"><span class='ocrx_word' id='word_1_354' title='bbox 1998 3042 2451 3114; x_wconf 71' lang='lat' dir='ltr'><strong>German&#39;tmque</strong></span> <span class='ocrx_word' id='word_1_355' title='bbox 2495 3043 2731 3114; x_wconf 84' lang='lat' dir='ltr'><strong>Cpoleos</strong></span> <span class='ocrx_word' id='word_1_356' title='bbox 2744 3045 2909 3100; x_wconf 89' lang='lat' dir='ltr'><strong>etiam</strong></span> <span class='ocrx_word' id='word_1_357' title='bbox 2927 3047 3059 3101; x_wconf 87' lang='lat' dir='ltr'><strong>sede</strong></span> <span class='ocrx_word' id='word_1_358' title='bbox 3080 3049 3424 3115; x_wconf 83' lang='lat' dir='ltr'><strong>postmodum</strong></span> <span class='ocrx_word' id='word_1_359' title='bbox 3445 3048 3560 3117; x_wconf 89' lang='lat' dir='ltr'><strong>poti</strong></span> <span class='ocrx_word' id='word_1_360' title='bbox 3577 3077 3595 3090; x_wconf 87' lang='lat'><strong>-</strong></span> 
     </span>
    </p>
   </div>
   <div class='ocr_carea' id='block_1_48' title="bbox 294 3133 1889 3206">
    <p class='ocr_par' dir='ltr' id='par_1_48' title="bbox 294 3133 1889 3206">
     <span class='ocr_line' id='line_1_48' title="bbox 294 3133 1889 3206; baseline 0 -19"><span class='ocrx_word' id='word_1_361' title='bbox 294 3133 629 3206; x_wconf 61' lang='grc' dir='ltr'><strong>περιώρισε-ψ</strong></span> <span class='ocrx_word' id='word_1_362' title='bbox 660 3135 717 3187; x_wconf 84' lang='grc' dir='ltr'>ὲν</span> <span class='ocrx_word' id='word_1_363' title='bbox 743 3133 819 3205; x_wconf 84' lang='grc' dir='ltr'>τῷ</span> <span class='ocrx_word' id='word_1_364' title='bbox 845 3135 940 3204; x_wconf 82' lang='grc' dir='ltr'>τῆς</span> <span class='ocrx_word' id='word_1_365' title='bbox 967 3133 1164 3206; x_wconf 80' lang='grc' dir='ltr'>Χώρας</span> <span class='ocrx_word' id='word_1_366' title='bbox 1193 3135 1544 3204; x_wconf 82' lang='grc' dir='ltr'>μοναστηρίῳ</span> <span class='ocrx_word' id='word_1_367' title='bbox 1565 3133 1679 3206; x_wconf 69' lang='grc'>(54)</span> <span class='ocrx_word' id='word_1_368' title='bbox 1701 3151 1716 3167; x_wconf 80' lang='grc'><strong><em>⁸</em></strong></span> <span class='ocrx_word' id='word_1_369' title='bbox 1753 3135 1889 3205; x_wconf 81' lang='grc' dir='ltr'><strong>Γερ-</strong></span> 
     </span>
    </p>
   </div>
   <div class='ocr_carea' id='block_1_49' title="bbox 298 3225 1890 3299">
    <p class='ocr_par' dir='ltr' id='par_1_49' title="bbox 298 3225 1890 3299">
     <span class='ocr_line' id='line_1_49' title="bbox 298 3225 1890 3299; baseline 0.001 -21"><span class='ocrx_word' id='word_1_370' title='bbox 298 3228 469 3296; x_wconf 80' lang='grc' dir='ltr'>μανόν</span> <span class='ocrx_word' id='word_1_371' title='bbox 495 3241 560 3279; x_wconf 80' lang='grc' dir='ltr'>τε</span> <span class='ocrx_word' id='word_1_372' title='bbox 596 3226 688 3280; x_wconf 86' lang='grc' dir='ltr'>τὸν</span> <span class='ocrx_word' id='word_1_373' title='bbox 718 3227 858 3296; x_wconf 71' lang='grc' dir='ltr'><strong>μετὰ</strong></span> <span class='ocrx_word' id='word_1_374' title='bbox 897 3225 1070 3280; x_wconf 80' lang='grc' dir='ltr'>ταῦτα</span> <span class='ocrx_word' id='word_1_375' title='bbox 1107 3225 1222 3299; x_wconf 81' lang='grc'>(55)</span> <span class='ocrx_word' id='word_1_376' title='bbox 1255 3225 1890 3290; x_wconf 84' lang='grc' dir='ltr'>Κωνσταντινουπόλεως</span> 
     </span>
    </p>
   </div>
   <div class='ocr_carea' id='block_1_50' title="bbox 296 3317 1890 3388">
    <p class='ocr_par' dir='ltr' id='par_1_50' title="bbox 296 3317 1890 3388">
     <span class='ocr_line' id='line_1_50' title="bbox 296 3317 1890 3388; baseline 0.001 -18"><span class='ocrx_word' id='word_1_377' title='bbox 296 3318 488 3386; x_wconf 79' lang='grc' dir='ltr'>Θρόνον</span> <span class='ocrx_word' id='word_1_378' title='bbox 516 3317 860 3388; x_wconf 76' lang='grc' dir='ltr'>κατασχόντα</span> <span class='ocrx_word' id='word_1_379' title='bbox 887 3317 1205 3382; x_wconf 73' lang='grc' dir='ltr'>ἐπίσκοπον,</span> <span class='ocrx_word' id='word_1_380' title='bbox 1250 3319 1343 3372; x_wconf 73' lang='grc' dir='ltr'><strong>τὸν</strong></span> <span class='ocrx_word' id='word_1_381' title='bbox 1371 3317 1670 3388; x_wconf 83' lang='grc' dir='ltr'>τηνικαῦτα</span> <span class='ocrx_word' id='word_1_382' title='bbox 1706 3318 1890 3387; x_wconf 82' lang='grc' dir='ltr'>ὑπάρ-</span> 
     </span>
    </p>
   </div>
   <div class='ocr_carea' id='block_1_51' title="bbox 295 3408 1888 3480">
    <p class='ocr_par' dir='ltr' id='par_1_51' title="bbox 295 3408 1888 3480">
     <span class='ocr_line' id='line_1_51' title="bbox 295 3408 1888 3480; baseline -0.001 -17"><span class='ocrx_word' id='word_1_383' title='bbox 295 3427 464 3480; x_wconf 68' lang='grc' dir='ltr'>χοντα</span> <span class='ocrx_word' id='word_1_384' title='bbox 490 3410 536 3443; x_wconf 79' lang='grc'><strong>⁸⁸</strong></span> <span class='ocrx_word' id='word_1_385' title='bbox 551 3410 809 3474; x_wconf 75' lang='grc' dir='ltr'>Κυζίκου,</span> <span class='ocrx_word' id='word_1_386' title='bbox 836 3409 930 3462; x_wconf 68' lang='grc' dir='ltr'><strong>κα)⁵</strong></span> <span class='ocrx_word' id='word_1_387' title='bbox 973 3409 1227 3480; x_wconf 83' lang='grc' dir='ltr'>Ἀνδρέαν</span> <span class='ocrx_word' id='word_1_388' title='bbox 1257 3408 1352 3464; x_wconf 79' lang='grc' dir='ltr'>καὶ</span> <span class='ocrx_word' id='word_1_389' title='bbox 1402 3409 1565 3464; x_wconf 81' lang='grc' dir='ltr'>αὐτὸν</span> <span class='ocrx_word' id='word_1_390' title='bbox 1590 3409 1888 3462; x_wconf 83' lang='grc' dir='ltr'>ἐπίσκοπον</span> 
     </span>
    </p>
   </div>
   <div class='ocr_carea' id='block_1_52' title="bbox 295 3501 1884 3576">
    <p class='ocr_par' dir='ltr' id='par_1_52' title="bbox 295 3501 1884 3576">
     <span class='ocr_line' id='line_1_52' title="bbox 295 3501 1884 3576; baseline 0 -20"><span class='ocrx_word' id='word_1_391' title='bbox 295 3504 525 3576; x_wconf 76' lang='grc' dir='ltr'>Κρήτης</span> <span class='ocrx_word' id='word_1_392' title='bbox 541 3503 692 3570; x_wconf 77' lang='grc' dir='ltr'>ὄντα,</span> <span class='ocrx_word' id='word_1_393' title='bbox 710 3501 979 3557; x_wconf 79' lang='grc' dir='ltr'>Νικόλαόν</span> <span class='ocrx_word' id='word_1_394' title='bbox 999 3519 1058 3556; x_wconf 83' lang='grc' dir='ltr'>τε</span> <span class='ocrx_word' id='word_1_395' title='bbox 1076 3503 1168 3556; x_wconf 76' lang='grc' dir='ltr'><strong>τὸν</strong></span> <span class='ocrx_word' id='word_1_396' title='bbox 1189 3504 1298 3557; x_wconf 72' lang='grc' dir='ltr'><strong>ἀπὸ</strong></span> <span class='ocrx_word' id='word_1_397' title='bbox 1321 3503 1758 3557; x_wconf 79' lang='grc' dir='ltr'>καυκοδιακόνων</span> <span class='ocrx_word' id='word_1_398' title='bbox 1770 3502 1884 3575; x_wconf 84' lang='grc'>(56)</span> 
     </span>
    </p>
   </div>
   <div class='ocr_carea' id='block_1_53' title="bbox 1995 3136 3598 3207">
    <p class='ocr_par' dir='ltr' id='par_1_53' title="bbox 1995 3136 3598 3207">
     <span class='ocr_line' id='line_1_53' title="bbox 1995 3136 3598 3207; baseline 0.004 -19"><span class='ocrx_word' id='word_1_399' title='bbox 1995 3141 2132 3200; x_wconf 90' lang='lat' dir='ltr'><strong>tum,</strong></span> <span class='ocrx_word' id='word_1_400' title='bbox 2153 3149 2274 3188; x_wconf 90' lang='lat' dir='ltr'><strong>cum</strong></span> <span class='ocrx_word' id='word_1_401' title='bbox 2300 3148 2366 3188; x_wconf 92' lang='lat' dir='ltr'><strong>eo</strong></span> <span class='ocrx_word' id='word_1_402' title='bbox 2393 3143 2636 3204; x_wconf 89' lang='lat' dir='ltr'><strong>tempore</strong></span> <span class='ocrx_word' id='word_1_403' title='bbox 2666 3136 2990 3207; x_wconf 81' lang='lat' dir='ltr'><strong>Cyzicenam</strong></span> <span class='ocrx_word' id='word_1_404' title='bbox 3017 3138 3450 3204; x_wconf 88' lang='lat' dir='ltr'><strong>administraret,</strong></span> <span class='ocrx_word' id='word_1_405' title='bbox 3483 3139 3598 3194; x_wconf 82' lang='lat' dir='ltr'><strong>An-</strong></span> 
     </span>
    </p>
   </div>
   <div class='ocr_carea' id='block_1_54' title="bbox 1993 3223 3594 3297">
    <p class='ocr_par' dir='ltr' id='par_1_54' title="bbox 1993 3223 3594 3297">
     <span class='ocr_line' id='line_1_54' title="bbox 1993 3223 3594 3297; baseline 0.002 -17"><span class='ocrx_word' id='word_1_406' title='bbox 1993 3224 2184 3280; x_wconf 88' lang='lat' dir='ltr'><strong>dream</strong></span> <span class='ocrx_word' id='word_1_407' title='bbox 2203 3225 2331 3279; x_wconf 88' lang='lat' dir='ltr'><strong>item</strong></span> <span class='ocrx_word' id='word_1_408' title='bbox 2357 3223 2677 3279; x_wconf 84' lang='lat' dir='ltr'><strong>Cretensem</strong></span> <span class='ocrx_word' id='word_1_409' title='bbox 2703 3225 3047 3297; x_wconf 81' lang='lat' dir='ltr'><strong>epiSCOpum,</strong></span> <span class='ocrx_word' id='word_1_410' title='bbox 3104 3225 3394 3284; x_wconf 83' lang='lat' dir='ltr'><strong>Nicolaum</strong></span> <span class='ocrx_word' id='word_1_411' title='bbox 3425 3229 3594 3283; x_wconf 88' lang='lat' dir='ltr'><strong>etiam</strong></span> 
     </span>
    </p>
   </div>
   <div class='ocr_carea' id='block_1_55' title="bbox 1991 3313 3595 3390">
    <p class='ocr_par' dir='ltr' id='par_1_55' title="bbox 1991 3313 3595 3390">
     <span class='ocr_line' id='line_1_55' title="bbox 1991 3313 3595 3390; baseline 0.004 -22"><span class='ocrx_word' id='word_1_412' title='bbox 1991 3329 2023 3368; x_wconf 90' lang='lat' dir='ltr'><strong>a</strong></span> <span class='ocrx_word' id='word_1_413' title='bbox 2049 3313 2314 3370; x_wconf 88' lang='lat' dir='ltr'><strong>calicibus</strong></span> <span class='ocrx_word' id='word_1_414' title='bbox 2343 3313 2475 3368; x_wconf 87' lang='lat' dir='ltr'><strong>olim</strong></span> <span class='ocrx_word' id='word_1_415' title='bbox 2508 3315 2820 3370; x_wconf 87' lang='lat' dir='ltr'><strong>ministrum</strong></span> <span class='ocrx_word' id='word_1_416' title='bbox 2843 3317 2898 3370; x_wconf 90' lang='lat' dir='ltr'><strong>in</strong></span> <span class='ocrx_word' id='word_1_417' title='bbox 2918 3329 3036 3372; x_wconf 88' lang='lat' dir='ltr'><strong>arte</strong></span> <span class='ocrx_word' id='word_1_418' title='bbox 3051 3319 3262 3374; x_wconf 87' lang='lat' dir='ltr'><strong>medica</strong></span> <span class='ocrx_word' id='word_1_419' title='bbox 3292 3322 3595 3390; x_wconf 80' lang='lat' dir='ltr'><strong>sophistam</strong></span> 
     </span>
    </p>
   </div>
   <div class='ocr_carea' id='block_1_56' title="bbox 1990 3408 3593 3481">
    <p class='ocr_par' dir='ltr' id='par_1_56' title="bbox 1990 3408 3593 3481">
     <span class='ocr_line' id='line_1_56' title="bbox 1990 3408 3593 3481; baseline 0.003 -18"><span class='ocrx_word' id='word_1_420' title='bbox 1990 3410 2292 3478; x_wconf 85' lang='lat' dir='ltr'><strong>egregium,</strong></span> <span class='ocrx_word' id='word_1_421' title='bbox 2324 3417 2378 3463; x_wconf 90' lang='lat' dir='ltr'><strong>et</strong></span> <span class='ocrx_word' id='word_1_422' title='bbox 2402 3408 2507 3462; x_wconf 81' lang='lat' dir='ltr'><strong>sub</strong></span> <span class='ocrx_word' id='word_1_423' title='bbox 2530 3423 2650 3462; x_wconf 88' lang='lat' dir='ltr'><strong>eam</strong></span> <span class='ocrx_word' id='word_1_424' title='bbox 2695 3417 3078 3479; x_wconf 86' lang='lat' dir='ltr'><strong>tempestatem</strong></span> <span class='ocrx_word' id='word_1_425' title='bbox 3134 3422 3425 3481; x_wconf 58' lang='lat' dir='ltr'><strong>questura:</strong></span> <span class='ocrx_word' id='word_1_426' title='bbox 3467 3428 3593 3468; x_wconf 85' lang='lat' dir='ltr'><strong>mu-</strong></span> 
     </span>
    </p>
   </div>
   <div class='ocr_carea' id='block_1_57' title="bbox 1987 3497 3595 3572">
    <p class='ocr_par' dir='ltr' id='par_1_57' title="bbox 1987 3497 3595 3572">
     <span class='ocr_line' id='line_1_57' title="bbox 1987 3497 3595 3572; baseline 0.004 -20"><span class='ocrx_word' id='word_1_427' title='bbox 1987 3514 2094 3553; x_wconf 87' lang='lat' dir='ltr'><strong>nus</strong></span> <span class='ocrx_word' id='word_1_428' title='bbox 2125 3499 2458 3561; x_wconf 89' lang='lat' dir='ltr'><strong>obeuntem,</strong></span> <span class='ocrx_word' id='word_1_429' title='bbox 2513 3497 2783 3570; x_wconf 83' lang='lat' dir='ltr'><strong>Elpidium</strong></span> <span class='ocrx_word' id='word_1_430' title='bbox 2829 3499 3038 3572; x_wconf 66' lang='lat' dir='ltr'><strong>Magna</strong></span> <span class='ocrx_word' id='word_1_431' title='bbox 3097 3503 3344 3558; x_wconf 79' lang='lat' dir='ltr'><strong>ecclesia:</strong></span> <span class='ocrx_word' id='word_1_432' title='bbox 3405 3505 3595 3558; x_wconf 87' lang='lat' dir='ltr'><strong>diaco-</strong></span> 
     </span>
    </p>
   </div>
   <div class='ocr_carea' id='block_1_58' title="bbox 1547 3641 2255 3700">
    <p class='ocr_par' dir='ltr' id='par_1_58' title="bbox 1547 3641 2255 3700">
     <span class='ocr_line' id='line_1_58' title="bbox 1547 3641 2255 3700; baseline -0.003 -1"><span class='ocrx_word' id='word_1_433' title='bbox 1547 3643 1784 3700; x_wconf 64' lang='lat' dir='ltr'><strong>VARIIE</strong></span> <span class='ocrx_word' id='word_1_434' title='bbox 1844 3641 2255 3699; x_wconf 76' lang='lat' dir='ltr'><strong>LECTIONES.</strong></span> 
     </span>
    </p>
   </div>
   <div class='ocr_carea' id='block_1_59' title="bbox 373 3738 1771 3812">
    <p class='ocr_par' dir='ltr' id='par_1_59' title="bbox 373 3738 1771 3812">
     <span class='ocr_line' id='line_1_59' title="bbox 373 3738 1771 3812; baseline 0.001 -19"><span class='ocrx_word' id='word_1_435' title='bbox 373 3740 422 3771; x_wconf 82' lang='lat'><strong>”</strong></span> <span class='ocrx_word' id='word_1_436' title='bbox 457 3738 671 3812; x_wconf 81' lang='grc' dir='ltr'>μύστην</span> <span class='ocrx_word' id='word_1_437' title='bbox 693 3741 735 3812; x_wconf 78' lang='grc' dir='ltr'><strong>ᾼ</strong></span> <span class='ocrx_word' id='word_1_438' title='bbox 760 3738 801 3812; x_wconf 86' lang='lat' dir='ltr'><strong>f._</strong></span> <span class='ocrx_word' id='word_1_439' title='bbox 879 3739 926 3772; x_wconf 81' lang='grc'><strong>³⁸</strong></span> <span class='ocrx_word' id='word_1_440' title='bbox 953 3739 1216 3807; x_wconf 74' lang='grc' dir='ltr'><strong>ἐξελάσας</strong></span> <span class='ocrx_word' id='word_1_441' title='bbox 1236 3741 1599 3808; x_wconf 79' lang='grc' dir='ltr'>Α,άπελάσας</span> <span class='ocrx_word' id='word_1_442' title='bbox 1623 3742 1771 3812; x_wconf 86' lang='lat' dir='ltr'><strong>vulg.</strong></span> 
     </span>
    </p>
   </div>
   <div class='ocr_carea' id='block_1_60' title="bbox 297 3809 1310 3880">
    <p class='ocr_par' dir='ltr' id='par_1_60' title="bbox 297 3809 1310 3880">
     <span class='ocr_line' id='line_1_60' title="bbox 297 3809 1310 3880; baseline 0.006 -17"><span class='ocrx_word' id='word_1_443' title='bbox 297 3809 360 3864; x_wconf 77' lang='grc' dir='ltr'><strong>δὲ</strong></span> <span class='ocrx_word' id='word_1_444' title='bbox 383 3812 529 3880; x_wconf 82' lang='lat' dir='ltr'><strong>vulg.</strong></span> <span class='ocrx_word' id='word_1_445' title='bbox 624 3810 670 3842; x_wconf 72' lang='lat'><strong>“</strong></span> <span class='ocrx_word' id='word_1_446' title='bbox 697 3810 754 3863; x_wconf 82' lang='grc' dir='ltr'>ὃν</span> <span class='ocrx_word' id='word_1_447' title='bbox 786 3809 974 3865; x_wconf 81' lang='grc' dir='ltr'>ἐπισκ.</span> <span class='ocrx_word' id='word_1_448' title='bbox 1003 3813 1071 3867; x_wconf 81' lang='grc' dir='ltr'><strong>Κ.</strong></span> <span class='ocrx_word' id='word_1_449' title='bbox 1105 3830 1240 3866; x_wconf 86' lang='grc' dir='ltr'><strong>πεπ.</strong></span> <span class='ocrx_word' id='word_1_450' title='bbox 1269 3812 1310 3869; x_wconf 83' lang='lat' dir='ltr'><strong>f.</strong></span> 
     </span>
    </p>
   </div>
   <div class='ocr_carea' id='block_1_61' title="bbox 1856 3739 2287 3810">
    <p class='ocr_par' dir='ltr' id='par_1_61' title="bbox 1856 3739 2287 3810">
     <span class='ocr_line' id='line_1_61' title="bbox 1856 3739 2287 3810; baseline 0 -17"><span class='ocrx_word' id='word_1_451' title='bbox 1856 3739 1900 3770; x_wconf 79' lang='lat'>“</span> <span class='ocrx_word' id='word_1_452' title='bbox 1924 3740 2222 3810; x_wconf 56' lang='grc' dir='ltr'>Μεσεὲμᾶς</span> <span class='ocrx_word' id='word_1_453' title='bbox 2248 3739 2287 3793; x_wconf 76' lang='lat' dir='ltr'><strong>f.</strong></span> 
     </span>
    </p>
   </div>
   <div class='ocr_carea' id='block_1_62' title="bbox 1405 3809 2412 3880">
    <p class='ocr_par' dir='ltr' id='par_1_62' title="bbox 1405 3809 2412 3880">
     <span class='ocr_line' id='line_1_62' title="bbox 1405 3809 2412 3880; baseline -0.002 -15"><span class='ocrx_word' id='word_1_454' title='bbox 1405 3812 1450 3845; x_wconf 83' lang='grc'><strong><em>³⁵</em></strong></span> <span class='ocrx_word' id='word_1_455' title='bbox 1478 3812 1537 3866; x_wconf 82' lang='grc' dir='ltr'>ὃν</span> <span class='ocrx_word' id='word_1_456' title='bbox 1558 3829 1692 3865; x_wconf 83' lang='grc' dir='ltr'>πεπ.</span> <span class='ocrx_word' id='word_1_457' title='bbox 1725 3809 1743 3865; x_wconf 70' lang='grc' dir='ltr'><strong>ζ</strong></span> <span class='ocrx_word' id='word_1_458' title='bbox 1775 3849 1790 3865; x_wconf 93' lang='grc'><strong>.</strong></span> <span class='ocrx_word' id='word_1_459' title='bbox 1826 3849 1842 3864; x_wconf 92' lang='grc'><strong>.</strong></span> <span class='ocrx_word' id='word_1_460' title='bbox 1871 3809 2178 3880; x_wconf 79' lang='grc' dir='ltr'>τηνικαῦτα</span> <span class='ocrx_word' id='word_1_461' title='bbox 2208 3825 2320 3865; x_wconf 85' lang='lat' dir='ltr'><strong>om.</strong></span> <span class='ocrx_word' id='word_1_462' title='bbox 2346 3809 2412 3863; x_wconf 88' lang='lat' dir='ltr'><strong>A.</strong></span> 
     </span>
    </p>
   </div>
   <div class='ocr_carea' id='block_1_63' title="bbox 2394 3732 3587 3814">
    <p class='ocr_par' dir='ltr' id='par_1_63' title="bbox 2394 3732 3587 3814">
     <span class='ocr_line' id='line_1_63' title="bbox 2394 3732 3587 3814; baseline 0.012 -31"><span class='ocrx_word' id='word_1_463' title='bbox 2394 3739 2438 3770; x_wconf 71' lang='grc'><strong>³⁸</strong></span> <span class='ocrx_word' id='word_1_464' title='bbox 2481 3738 2782 3814; x_wconf 20' lang='grc' dir='ltr'>ᾋΑμᾳσεῇίας</span> <span class='ocrx_word' id='word_1_465' title='bbox 2814 3739 2878 3794; x_wconf 84' lang='grc' dir='ltr'><strong>Α.</strong></span> <span class='ocrx_word' id='word_1_466' title='bbox 2915 3807 2935 3814; x_wconf 87' lang='lat'>_</span> <span class='ocrx_word' id='word_1_467' title='bbox 2957 3739 3002 3772; x_wconf 82' lang='grc'><strong>³³</strong></span> <span class='ocrx_word' id='word_1_468' title='bbox 3041 3732 3212 3814; x_wconf 61' lang='lat' dir='ltr'><strong>ebpev</strong></span> <span class='ocrx_word' id='word_1_469' title='bbox 3231 3737 3325 3795; x_wconf 80' lang='grc' dir='ltr'>οὖν</span> <span class='ocrx_word' id='word_1_470' title='bbox 3355 3742 3424 3806; x_wconf 73' lang='grc' dir='ltr'>Α,</span> <span class='ocrx_word' id='word_1_471' title='bbox 3457 3735 3587 3814; x_wconf 72' lang='grc' dir='ltr'>εὗρε</span> 
     </span>
    </p>
   </div>
   <div class='ocr_carea' id='block_1_64' title="bbox 2511 3807 3402 3883">
    <p class='ocr_par' dir='ltr' id='par_1_64' title="bbox 2511 3807 3402 3883">
     <span class='ocr_line' id='line_1_64' title="bbox 2511 3807 3402 3883; baseline 0.008 -24"><span class='ocrx_word' id='word_1_472' title='bbox 2511 3809 2558 3840; x_wconf 79' lang='grc'><strong>⁸⁸</strong></span> <span class='ocrx_word' id='word_1_473' title='bbox 2593 3807 2936 3883; x_wconf 82' lang='grc' dir='ltr'>ὑπάρχοντα]</span> <span class='ocrx_word' id='word_1_474' title='bbox 2971 3807 3317 3882; x_wconf 75' lang='grc' dir='ltr'>κατασχόντα</span> <span class='ocrx_word' id='word_1_475' title='bbox 3335 3815 3402 3866; x_wconf 81' lang='grc' dir='ltr'><strong>Α.</strong></span> 
     </span>
    </p>
   </div>
   <div class='ocr_carea' id='block_1_65' title="bbox 1602 3942 2246 4002">
    <p class='ocr_par' dir='ltr' id='par_1_65' title="bbox 1602 3942 2246 4002">
     <span class='ocr_line' id='line_1_65' title="bbox 1602 3942 2246 4002; baseline -0.003 0"><span class='ocrx_word' id='word_1_476' title='bbox 1602 3945 1742 4002; x_wconf 83' lang='lat' dir='ltr'><strong>JAC.</strong></span> <span class='ocrx_word' id='word_1_477' title='bbox 1771 3942 1981 4002; x_wconf 78' lang='lat' dir='ltr'><strong>GOARl</strong></span> <span class='ocrx_word' id='word_1_478' title='bbox 2014 3945 2246 4002; x_wconf 69' lang='grc' dir='ltr'><strong>ΝΟΤίΕ.</strong></span> 
     </span>
    </p>
   </div>
   <div class='ocr_carea' id='block_1_66' title="bbox 377 4043 1887 4115">
    <p class='ocr_par' dir='ltr' id='par_1_66' title="bbox 377 4043 1887 4115">
     <span class='ocr_line' id='line_1_66' title="bbox 377 4043 1887 4115; baseline -0.001 -15"><span class='ocrx_word' id='word_1_479' title='bbox 377 4045 490 4115; x_wconf 83' lang='grc'>(51)</span> <span class='ocrx_word' id='word_1_480' title='bbox 533 4043 809 4100; x_wconf 86' lang='lat' dir='ltr'><strong>Armenios</strong></span> <span class='ocrx_word' id='word_1_481' title='bbox 839 4043 903 4099; x_wconf 84' lang='lat' dir='ltr'><strong>de</strong></span> <span class='ocrx_word' id='word_1_482' title='bbox 947 4053 1090 4099; x_wconf 86' lang='lat' dir='ltr'><strong>terra</strong></span> <span class='ocrx_word' id='word_1_483' title='bbox 1131 4059 1232 4098; x_wconf 88' lang='lat' dir='ltr'><strong>sua</strong></span> <span class='ocrx_word' id='word_1_484' title='bbox 1267 4045 1488 4112; x_wconf 85' lang='lat' dir='ltr'><strong>pellens.</strong></span> <span class='ocrx_word' id='word_1_485' title='bbox 1526 4043 1649 4114; x_wconf 88' lang='lat' dir='ltr'><strong>lpse</strong></span> <span class='ocrx_word' id='word_1_486' title='bbox 1689 4058 1887 4115; x_wconf 84' lang='lat' dir='ltr'><strong>nempe</strong></span> 
     </span>
    </p>
   </div>
   <div class='ocr_carea' id='block_1_67' title="bbox 297 4112 1885 4184">
    <p class='ocr_par' dir='ltr' id='par_1_67' title="bbox 297 4112 1885 4184">
     <span class='ocr_line' id='line_1_67' title="bbox 297 4112 1885 4184; baseline -0.002 -15"><span class='ocrx_word' id='word_1_487' title='bbox 297 4112 643 4184; x_wconf 75' lang='lat' dir='ltr'><strong>Philippicas</strong></span> <span class='ocrx_word' id='word_1_488' title='bbox 681 4131 746 4171; x_wconf 89' lang='lat' dir='ltr'><strong>ex</strong></span> <span class='ocrx_word' id='word_1_489' title='bbox 778 4115 1036 4168; x_wconf 84' lang='lat' dir='ltr'><strong>Armenia</strong></span> <span class='ocrx_word' id='word_1_490' title='bbox 1071 4115 1378 4179; x_wconf 88' lang='lat' dir='ltr'><strong>oriundus;</strong></span> <span class='ocrx_word' id='word_1_491' title='bbox 1414 4124 1470 4167; x_wconf 92' lang='lat' dir='ltr'><strong>ut</strong></span> <span class='ocrx_word' id='word_1_492' title='bbox 1523 4112 1668 4168; x_wconf 80' lang='lat' dir='ltr'><strong>intra</strong></span> <span class='ocrx_word' id='word_1_493' title='bbox 1709 4112 1885 4183; x_wconf 74' lang='lat' dir='ltr'><strong>ipsam</strong></span> 
     </span>
    </p>
   </div>
   <div class='ocr_carea' id='block_1_68' title="bbox 298 4185 1885 4311">
    <p class='ocr_par' dir='ltr' id='par_1_68' title="bbox 298 4185 1885 4311">
     <span class='ocr_line' id='line_1_68' title="bbox 298 4185 1885 4311; baseline 0.001 -75"><span class='ocrx_word' id='word_1_494' title='bbox 298 4187 619 4311; x_wconf 49' lang='lat' dir='ltr'><strong>ﬁrmeniam</strong></span> <span class='ocrx_word' id='word_1_495' title='bbox 656 4199 764 4256; x_wconf 90' lang='lat' dir='ltr'><strong>qua</strong></span> <span class='ocrx_word' id='word_1_496' title='bbox 815 4185 922 4239; x_wconf 87' lang='lat' dir='ltr'><strong>late</strong></span> <span class='ocrx_word' id='word_1_497' title='bbox 971 4194 1137 4254; x_wconf 79' lang='lat' dir='ltr'><strong>patet,</strong></span> <span class='ocrx_word' id='word_1_498' title='bbox 1171 4186 1333 4240; x_wconf 86' lang='lat' dir='ltr'><strong>sedes</strong></span> <span class='ocrx_word' id='word_1_499' title='bbox 1366 4192 1582 4238; x_wconf 86' lang='lat' dir='ltr'><strong>mutare</strong></span> <span class='ocrx_word' id='word_1_500' title='bbox 1614 4187 1885 4257; x_wconf 85' lang='lat' dir='ltr'><strong>coegerit.</strong></span> 
     </span>
     <span class='ocr_line' id='line_1_69' title="bbox 347 4270 599 4310; baseline -0.02 1"><span class='ocrx_word' id='word_1_501' title='bbox 347 4270 599 4310; x_wconf 71' lang='lat' dir='ltr'><strong>oneratus.</strong></span> 
     </span>
    </p>
   </div>
   <div class='ocr_carea' id='block_1_69' title="bbox 347 4270 1884 4394">
    <p class='ocr_par' dir='ltr' id='par_1_69' title="bbox 347 4270 1884 4394">
     <span class='ocr_line' id='line_1_70' title="bbox 347 4270 1884 4394; baseline 0 -17"><span class='ocrx_word' id='word_1_502' title='bbox 347 4270 746 4394; x_wconf 51' lang='grc' dir='ltr'>Ἕέῗΐίίῗᾶηηηι</span> <span class='ocrx_word' id='word_1_503' title='bbox 793 4331 961 4380; x_wconf 74' lang='lat' dir='ltr'><strong>sextae</strong></span> <span class='ocrx_word' id='word_1_504' title='bbox 1015 4321 1227 4394; x_wconf 88' lang='lat' dir='ltr'><strong>synodo</strong></span> <span class='ocrx_word' id='word_1_505' title='bbox 1255 4324 1564 4378; x_wconf 70' lang='lat' dir='ltr'><strong>evertendas</strong></span> <span class='ocrx_word' id='word_1_506' title='bbox 1595 4323 1839 4378; x_wconf 84' lang='lat' dir='ltr'><strong>admovit</strong></span> <span class='ocrx_word' id='word_1_507' title='bbox 1868 4341 1884 4392; x_wconf 88' lang='lat'><strong>;</strong></span> 
     </span>
    </p>
   </div>
   <div class='ocr_carea' id='block_1_70' title="bbox 300 4396 1880 4463">
    <p class='ocr_par' dir='ltr' id='par_1_70' title="bbox 300 4396 1880 4463">
     <span class='ocr_line' id='line_1_71' title="bbox 300 4396 1880 4463; baseline -0.001 -14"><span class='ocrx_word' id='word_1_508' title='bbox 300 4398 488 4449; x_wconf 86' lang='lat' dir='ltr'><strong>scelus</strong></span> <span class='ocrx_word' id='word_1_509' title='bbox 513 4404 690 4449; x_wconf 91' lang='lat' dir='ltr'><strong>autem</strong></span> <span class='ocrx_word' id='word_1_510' title='bbox 722 4410 866 4448; x_wconf 88' lang='lat' dir='ltr'><strong>anno</strong></span> <span class='ocrx_word' id='word_1_511' title='bbox 895 4404 1158 4463; x_wconf 87' lang='lat' dir='ltr'><strong>sequente</strong></span> <span class='ocrx_word' id='word_1_512' title='bbox 1207 4409 1371 4461; x_wconf 89' lang='lat' dir='ltr'><strong>opere</strong></span> <span class='ocrx_word' id='word_1_513' title='bbox 1412 4396 1744 4463; x_wconf 83' lang='lat' dir='ltr'><strong>completum</strong></span> <span class='ocrx_word' id='word_1_514' title='bbox 1773 4405 1880 4448; x_wconf 88' lang='lat' dir='ltr'><strong>est.</strong></span> 
     </span>
    </p>
   </div>
   <div class='ocr_carea' id='block_1_71' title="bbox 1987 4041 3581 4113">
    <p class='ocr_par' dir='ltr' id='par_1_71' title="bbox 1987 4041 3581 4113">
     <span class='ocr_line' id='line_1_72' title="bbox 1987 4041 3581 4113; baseline 0.003 -16"><span class='ocrx_word' id='word_1_515' title='bbox 1987 4051 2141 4113; x_wconf 80' lang='lat' dir='ltr'><strong>nota,</strong></span> <span class='ocrx_word' id='word_1_516' title='bbox 2179 4058 2368 4113; x_wconf 81' lang='lat' dir='ltr'><strong>verum</strong></span> <span class='ocrx_word' id='word_1_517' title='bbox 2394 4041 2560 4113; x_wconf 91' lang='lat' dir='ltr'><strong>etiam</strong></span> <span class='ocrx_word' id='word_1_518' title='bbox 2587 4043 2906 4113; x_wconf 89' lang='lat' dir='ltr'><strong>suspicione</strong></span> <span class='ocrx_word' id='word_1_519' title='bbox 2938 4053 3212 4100; x_wconf 89' lang='lat' dir='ltr'><strong>remotum</strong></span> <span class='ocrx_word' id='word_1_520' title='bbox 3242 4041 3581 4101; x_wconf 89' lang='lat' dir='ltr'><strong>Germanum</strong></span> 
     </span>
    </p>
   </div>
   <div class='ocr_carea' id='block_1_72' title="bbox 1985 4112 3584 4183">
    <p class='ocr_par' dir='ltr' id='par_1_72' title="bbox 1985 4112 3584 4183">
     <span class='ocr_line' id='line_1_73' title="bbox 1985 4112 3584 4183; baseline 0.003 -16"><span class='ocrx_word' id='word_1_521' title='bbox 1985 4112 2247 4167; x_wconf 87' lang='lat' dir='ltr'><strong>Petavius</strong></span> <span class='ocrx_word' id='word_1_522' title='bbox 2271 4112 2568 4183; x_wconf 82' lang='lat' dir='ltr'><strong>Nicepliorl</strong></span> <span class='ocrx_word' id='word_1_523' title='bbox 2595 4112 3000 4170; x_wconf 80' lang='lat' dir='ltr'><strong>commentator</strong></span> <span class='ocrx_word' id='word_1_524' title='bbox 3023 4114 3330 4170; x_wconf 88' lang='lat' dir='ltr'><strong>contendit.</strong></span> <span class='ocrx_word' id='word_1_525' title='bbox 3366 4114 3434 4167; x_wconf 90' lang='lat' dir='ltr'><strong>At</strong></span> <span class='ocrx_word' id='word_1_526' title='bbox 3459 4131 3584 4171; x_wconf 80' lang='lat' dir='ltr'><strong>cum</strong></span> 
     </span>
    </p>
   </div>
   <div class='ocr_carea' id='block_1_73' title="bbox 1988 4184 3588 4240">
    <p class='ocr_par' dir='ltr' id='par_1_73' title="bbox 1988 4184 3588 4240">
     <span class='ocr_line' id='line_1_74' title="bbox 1988 4184 3588 4240; baseline 0.002 -4"><span class='ocrx_word' id='word_1_527' title='bbox 1988 4184 2360 4238; x_wconf 87' lang='lat' dir='ltr'><strong>innocentiam</strong></span> <span class='ocrx_word' id='word_1_528' title='bbox 2402 4185 2535 4237; x_wconf 87' lang='lat' dir='ltr'><strong>tanti</strong></span> <span class='ocrx_word' id='word_1_529' title='bbox 2602 4185 2707 4238; x_wconf 89' lang='lat' dir='ltr'><strong>viri</strong></span> <span class='ocrx_word' id='word_1_530' title='bbox 2769 4201 2879 4239; x_wconf 90' lang='lat' dir='ltr'><strong>non</strong></span> <span class='ocrx_word' id='word_1_531' title='bbox 2928 4186 3034 4240; x_wconf 89' lang='lat' dir='ltr'><strong>nisi</strong></span> <span class='ocrx_word' id='word_1_532' title='bbox 3071 4186 3480 4240; x_wconf 76' lang='lat' dir='ltr'><strong>existimatione</strong></span> <span class='ocrx_word' id='word_1_533' title='bbox 3518 4185 3588 4239; x_wconf 92' lang='lat' dir='ltr'><strong>de</strong></span> 
     </span>
    </p>
   </div>
   <div class='ocr_carea' id='block_1_74' title="bbox 1987 4252 3588 4325">
    <p class='ocr_par' dir='ltr' id='par_1_74' title="bbox 1987 4252 3588 4325">
     <span class='ocr_line' id='line_1_75' title="bbox 1987 4252 3588 4325; baseline 0 -17"><span class='ocrx_word' id='word_1_534' title='bbox 1987 4255 2082 4309; x_wconf 90' lang='lat' dir='ltr'><strong>illo</strong></span> <span class='ocrx_word' id='word_1_535' title='bbox 2109 4252 2471 4325; x_wconf 86' lang='lat' dir='ltr'><strong>concipienda</strong></span> <span class='ocrx_word' id='word_1_536' title='bbox 2509 4255 2740 4322; x_wconf 90' lang='lat' dir='ltr'><strong>probet;</strong></span> <span class='ocrx_word' id='word_1_537' title='bbox 2795 4255 3183 4325; x_wconf 83' lang='lat' dir='ltr'><strong>Theophanem</strong></span> <span class='ocrx_word' id='word_1_538' title='bbox 3233 4264 3287 4308; x_wconf 93' lang='lat' dir='ltr'><strong>et</strong></span> <span class='ocrx_word' id='word_1_539' title='bbox 3316 4253 3588 4324; x_wconf 81' lang='lat' dir='ltr'><strong>Nicepho-</strong></span> 
     </span>
    </p>
   </div>
   <div class='ocr_carea' id='block_1_75' title="bbox 1985 4324 3586 4395">
    <p class='ocr_par' dir='ltr' id='par_1_75' title="bbox 1985 4324 3586 4395">
     <span class='ocr_line' id='line_1_76' title="bbox 1985 4324 3586 4395; baseline 0.002 -19"><span class='ocrx_word' id='word_1_540' title='bbox 1985 4340 2108 4395; x_wconf 84' lang='lat' dir='ltr'><strong>rum</strong></span> <span class='ocrx_word' id='word_1_541' title='bbox 2172 4324 2429 4378; x_wconf 88' lang='lat' dir='ltr'><strong>falsitatis</strong></span> <span class='ocrx_word' id='word_1_542' title='bbox 2473 4329 2777 4395; x_wconf 75' lang='lat' dir='ltr'><strong>eonvictos</strong></span> <span class='ocrx_word' id='word_1_543' title='bbox 2815 4327 2899 4392; x_wconf 82' lang='lat' dir='ltr'><strong>agi</strong></span> <span class='ocrx_word' id='word_1_544' title='bbox 2935 4324 3045 4379; x_wconf 81' lang='lat' dir='ltr'><strong>non</strong></span> <span class='ocrx_word' id='word_1_545' title='bbox 3082 4327 3339 4395; x_wconf 91' lang='lat' dir='ltr'><strong>patietur,</strong></span> <span class='ocrx_word' id='word_1_546' title='bbox 3381 4327 3473 4394; x_wconf 91' lang='lat' dir='ltr'><strong>qui</strong></span> <span class='ocrx_word' id='word_1_547' title='bbox 3515 4326 3586 4380; x_wconf 90' lang='lat' dir='ltr'><strong>de</strong></span> 
     </span>
    </p>
   </div>
   <div class='ocr_carea' id='block_1_76' title="bbox 1986 4394 3585 4466">
    <p class='ocr_par' dir='ltr' id='par_1_76' title="bbox 1986 4394 3585 4466">
     <span class='ocr_line' id='line_1_77' title="bbox 1986 4394 3585 4466; baseline 0 -18"><span class='ocrx_word' id='word_1_548' title='bbox 1986 4394 2244 4448; x_wconf 83' lang='lat' dir='ltr'><strong>Germani</strong></span> <span class='ocrx_word' id='word_1_549' title='bbox 2276 4406 2328 4466; x_wconf 89' lang='lat' dir='ltr'><strong>et</strong></span> <span class='ocrx_word' id='word_1_550' title='bbox 2363 4394 2606 4466; x_wconf 68' lang='lat' dir='ltr'><strong>Andreae</strong></span> <span class='ocrx_word' id='word_1_551' title='bbox 2624 4395 2786 4466; x_wconf 80' lang='lat' dir='ltr'><strong>lapsu</strong></span> <span class='ocrx_word' id='word_1_552' title='bbox 2821 4395 3042 4466; x_wconf 85' lang='lat' dir='ltr'><strong>Baronii</strong></span> <span class='ocrx_word' id='word_1_553' title='bbox 3084 4394 3314 4466; x_wconf 15' lang='lat' dir='ltr'><strong>fluctum</strong></span> <span class='ocrx_word' id='word_1_554' title='bbox 3357 4405 3408 4449; x_wconf 90' lang='lat' dir='ltr'><strong>et</strong></span> <span class='ocrx_word' id='word_1_555' title='bbox 3444 4409 3585 4466; x_wconf 88' lang='lat' dir='ltr'><strong>qne-</strong></span> 
     </span>
    </p>
   </div>
   <div class='ocr_carea' id='block_1_77' title="bbox 374 4463 3218 4536">
    <p class='ocr_par' dir='ltr' id='par_1_77' title="bbox 374 4463 3218 4536">
     <span class='ocr_line' id='line_1_78' title="bbox 374 4463 3218 4536; baseline 0 -17"><span class='ocrx_word' id='word_1_556' title='bbox 374 4467 496 4536; x_wconf 83' lang='grc'>(55)</span> <span class='ocrx_word' id='word_1_557' title='bbox 520 4465 905 4536; x_wconf 85' lang='lat' dir='ltr'><strong>Abrogationis</strong></span> <span class='ocrx_word' id='word_1_558' title='bbox 951 4472 1272 4536; x_wconf 58' lang='lat' dir='ltr'><strong>pratextum</strong></span> <span class='ocrx_word' id='word_1_559' title='bbox 1321 4465 1549 4517; x_wconf 86' lang='lat' dir='ltr'><strong>adducit</strong></span> <span class='ocrx_word' id='word_1_560' title='bbox 1577 4466 1880 4529; x_wconf 86' lang='lat' dir='ltr'><strong>Baronius,</strong></span> <span class='ocrx_word' id='word_1_561' title='bbox 1915 4472 1964 4526; x_wconf 83' lang='lat' dir='ltr'><strong>D</strong></span> <span class='ocrx_word' id='word_1_562' title='bbox 1993 4465 2358 4536; x_wconf 15' lang='lat' dir='ltr'><strong>relaﬁsilegerit</strong></span> <span class='ocrx_word' id='word_1_563' title='bbox 2382 4465 2449 4536; x_wconf 83' lang='lat' dir='ltr'><strong>_A.</strong></span> <span class='ocrx_word' id='word_1_564' title='bbox 2479 4465 2538 4536; x_wconf 68' lang='lat' dir='ltr'><strong>ll.</strong></span> <span class='ocrx_word' id='word_1_565' title='bbox 2576 4463 2708 4536; x_wconf 70' lang='lat' dir='ltr'><strong>7l2,_</strong></span> <span class='ocrx_word' id='word_1_566' title='bbox 2737 4480 2891 4518; x_wconf 92' lang='lat' dir='ltr'><strong>num.</strong></span> <span class='ocrx_word' id='word_1_567' title='bbox 2925 4465 2977 4531; x_wconf 83' lang='lat'><strong>5,</strong></span> <span class='ocrx_word' id='word_1_568' title='bbox 3013 4465 3046 4518; x_wconf 87' lang='lat'><strong>6</strong></span> <span class='ocrx_word' id='word_1_569' title='bbox 3081 4475 3136 4518; x_wconf 82' lang='lat' dir='ltr'><strong>et</strong></span> <span class='ocrx_word' id='word_1_570' title='bbox 3165 4465 3218 4520; x_wconf 88' lang='lat'><strong>&#39;7.</strong></span> 
     </span>
    </p>
   </div>
   <div class='ocr_carea' id='block_1_78' title="bbox 300 4535 889 4598">
    <p class='ocr_par' dir='ltr' id='par_1_78' title="bbox 300 4535 889 4598">
     <span class='ocr_line' id='line_1_79' title="bbox 300 4535 889 4598; baseline -0.002 -10"><span class='ocrx_word' id='word_1_571' title='bbox 300 4551 356 4588; x_wconf 90' lang='lat' dir='ltr'><strong>a.</strong></span> <span class='ocrx_word' id='word_1_572' title='bbox 388 4536 453 4588; x_wconf 88' lang='lat' dir='ltr'><strong>C.</strong></span> <span class='ocrx_word' id='word_1_573' title='bbox 487 4535 611 4598; x_wconf 68' lang='grc'>712,</span> <span class='ocrx_word' id='word_1_574' title='bbox 648 4551 798 4588; x_wconf 91' lang='lat' dir='ltr'><strong>num.</strong></span> <span class='ocrx_word' id='word_1_575' title='bbox 833 4537 889 4588; x_wconf 74' lang='grc'><strong>2.</strong></span> 
     </span>
    </p>
   </div>
   <div class='ocr_carea' id='block_1_79' title="bbox 374 4602 1886 4674">
    <p class='ocr_par' dir='ltr' id='par_1_79' title="bbox 374 4602 1886 4674">
     <span class='ocr_line' id='line_1_80' title="bbox 374 4602 1886 4674; baseline -0.003 -15"><span class='ocrx_word' id='word_1_576' title='bbox 374 4605 490 4674; x_wconf 72' lang='grc'>(54)</span> <span class='ocrx_word' id='word_1_577' title='bbox 524 4603 678 4674; x_wconf 56' lang='grc' dir='ltr'><strong>Οινίς]ζ</strong></span> <span class='ocrx_word' id='word_1_578' title='bbox 713 4605 823 4658; x_wconf 80' lang='lat' dir='ltr'><strong>CP.</strong></span> <span class='ocrx_word' id='word_1_579' title='bbox 856 4622 873 4659; x_wconf 93' lang='lat'><strong><em>:</em></strong></span> <span class='ocrx_word' id='word_1_580' title='bbox 922 4602 986 4656; x_wconf 85' lang='grc' dir='ltr'><strong><em>Ἥ</em></strong></span> <span class='ocrx_word' id='word_1_581' title='bbox 1013 4603 1070 4656; x_wconf 83' lang='grc' dir='ltr'><strong>δὲ</strong></span> <span class='ocrx_word' id='word_1_582' title='bbox 1096 4602 1232 4674; x_wconf 85' lang='grc' dir='ltr'>μονὴ</span> <span class='ocrx_word' id='word_1_583' title='bbox 1253 4606 1286 4673; x_wconf 83' lang='grc' dir='ltr'>ἡ</span> <span class='ocrx_word' id='word_1_584' title='bbox 1318 4603 1508 4673; x_wconf 86' lang='grc' dir='ltr'>Χώρα,</span> <span class='ocrx_word' id='word_1_585' title='bbox 1533 4603 1756 4674; x_wconf 72' lang='grc' dir='ltr'>πρῶτον</span> <span class='ocrx_word' id='word_1_586' title='bbox 1788 4605 1886 4673; x_wconf 85' lang='grc' dir='ltr'><strong>μὲν</strong></span> 
     </span>
    </p>
   </div>
   <div class='ocr_carea' id='block_1_80' title="bbox 296 4672 1888 4746">
    <p class='ocr_par' dir='ltr' id='par_1_80' title="bbox 296 4672 1888 4746">
     <span class='ocr_line' id='line_1_81' title="bbox 296 4672 1888 4746; baseline -0.001 -19"><span class='ocrx_word' id='word_1_587' title='bbox 296 4672 596 4746; x_wconf 77' lang='grc' dir='ltr'>εὐκτήριον</span> <span class='ocrx_word' id='word_1_588' title='bbox 627 4672 735 4744; x_wconf 58' lang='grc' dir='ltr'><strong>“ἦν.</strong></span> <span class='ocrx_word' id='word_1_589' title='bbox 795 4675 1062 4746; x_wconf 80' lang='grc' dir='ltr'>Κρύππος</span> <span class='ocrx_word' id='word_1_590' title='bbox 1095 4672 1152 4727; x_wconf 81' lang='grc' dir='ltr'><strong>δὲ</strong></span> <span class='ocrx_word' id='word_1_591' title='bbox 1206 4672 1234 4728; x_wconf 82' lang='grc' dir='ltr'><strong>ὁ</strong></span> <span class='ocrx_word' id='word_1_592' title='bbox 1277 4672 1544 4746; x_wconf 76' lang='grc' dir='ltr'>ἔπαρχος,</span> <span class='ocrx_word' id='word_1_593' title='bbox 1580 4672 1680 4726; x_wconf 68' lang='grc' dir='ltr'>καὶ</span> <span class='ocrx_word' id='word_1_594' title='bbox 1712 4672 1888 4746; x_wconf 26' lang='grc' dir='ltr'>Γαίρὸς</span> 
     </span>
    </p>
   </div>
   <div class='ocr_carea' id='block_1_81' title="bbox 294 4745 1884 4816">
    <p class='ocr_par' dir='ltr' id='par_1_81' title="bbox 294 4745 1884 4816">
     <span class='ocr_line' id='line_1_82' title="bbox 294 4745 1884 4816; baseline -0.001 -19"><span class='ocrx_word' id='word_1_595' title='bbox 294 4745 398 4816; x_wconf 69' lang='grc' dir='ltr'><strong>τού</strong></span> <span class='ocrx_word' id='word_1_596' title='bbox 434 4747 803 4816; x_wconf 81' lang='grc' dir='ltr'>Καππάδοκος</span> <span class='ocrx_word' id='word_1_597' title='bbox 851 4745 1022 4798; x_wconf 71' lang='grc' dir='ltr'><strong>Φωκᾶ</strong></span> <span class='ocrx_word' id='word_1_598' title='bbox 1054 4745 1432 4816; x_wconf 4' lang='grc' dir='ltr'>,περιορισθεὶς</span> <span class='ocrx_word' id='word_1_599' title='bbox 1480 4747 1662 4798; x_wconf 79' lang='grc' dir='ltr'><strong>ἐκεῖσε</strong></span> <span class='ocrx_word' id='word_1_600' title='bbox 1698 4745 1884 4798; x_wconf 78' lang='grc' dir='ltr'>ἔκτισε</span> 
     </span>
    </p>
   </div>
   <div class='ocr_carea' id='block_1_82' title="bbox 294 4814 1884 4886">
    <p class='ocr_par' dir='ltr' id='par_1_82' title="bbox 294 4814 1884 4886">
     <span class='ocr_line' id='line_1_83' title="bbox 294 4814 1884 4886; baseline -0.001 -18"><span class='ocrx_word' id='word_1_601' title='bbox 294 4814 510 4884; x_wconf 82' lang='grc' dir='ltr'>ταύτην</span> <span class='ocrx_word' id='word_1_602' title='bbox 538 4817 616 4878; x_wconf 82' lang='grc' dir='ltr'>είς</span> <span class='ocrx_word' id='word_1_603' title='bbox 649 4815 990 4886; x_wconf 15' lang='grc' dir='ltr'>κάλλος,νκαὶ</span> <span class='ocrx_word' id='word_1_604' title='bbox 1017 4815 1097 4886; x_wconf 85' lang='grc' dir='ltr'>είς</span> <span class='ocrx_word' id='word_1_605' title='bbox 1119 4814 1368 4886; x_wconf 72' lang='grc' dir='ltr'><strong>μέγὲθος,</strong></span> <span class='ocrx_word' id='word_1_606' title='bbox 1403 4817 1884 4886; x_wconf 74' lang='grc' dir='ltr'>ἀποχαρισάμενος</span> 
     </span>
    </p>
   </div>
   <div class='ocr_carea' id='block_1_83' title="bbox 297 4885 1884 4956">
    <p class='ocr_par' dir='ltr' id='par_1_83' title="bbox 297 4885 1884 4956">
     <span class='ocr_line' id='line_1_84' title="bbox 297 4885 1884 4956; baseline -0.001 -17"><span class='ocrx_word' id='word_1_607' title='bbox 297 4887 488 4939; x_wconf 74' lang='grc' dir='ltr'>ἐκεῖσε</span> <span class='ocrx_word' id='word_1_608' title='bbox 519 4887 776 4956; x_wconf 83' lang='grc' dir='ltr'>κτήματα</span> <span class='ocrx_word' id='word_1_609' title='bbox 804 4885 1344 4956; x_wconf 52' lang='grc' dir='ltr'><strong>πολλά.;⁹Επεκ).ήΘη</strong></span> <span class='ocrx_word' id='word_1_610' title='bbox 1372 4886 1429 4938; x_wconf 76' lang='grc' dir='ltr'><strong>δὲ</strong></span> <span class='ocrx_word' id='word_1_611' title='bbox 1457 4885 1647 4954; x_wconf 85' lang='grc' dir='ltr'>Χώρα,</span> <span class='ocrx_word' id='word_1_612' title='bbox 1679 4887 1762 4938; x_wconf 75' lang='grc' dir='ltr'><strong>ὅτι</strong></span> <span class='ocrx_word' id='word_1_613' title='bbox 1790 4888 1884 4938; x_wconf 76' lang='grc' dir='ltr'><strong>ἐπὶ</strong></span> 
     </span>
    </p>
   </div>
   <div class='ocr_carea' id='block_1_84' title="bbox 292 4951 1888 5026">
    <p class='ocr_par' dir='ltr' id='par_1_84' title="bbox 292 4951 1888 5026">
     <span class='ocr_line' id='line_1_85' title="bbox 292 4951 1888 5026; baseline 0.001 -19"><span class='ocrx_word' id='word_1_614' title='bbox 292 4956 412 5026; x_wconf 74' lang='grc' dir='ltr'>τῶν</span> <span class='ocrx_word' id='word_1_615' title='bbox 439 4951 751 5026; x_wconf 64' lang='grc' dir='ltr'>Βυζαντίων</span> <span class='ocrx_word' id='word_1_616' title='bbox 779 4958 979 5026; x_wconf 78' lang='grc' dir='ltr'>χωρίον</span> <span class='ocrx_word' id='word_1_617' title='bbox 1001 4951 1068 5026; x_wconf 81' lang='grc' dir='ltr'>ἦν</span> <span class='ocrx_word' id='word_1_618' title='bbox 1104 4951 1313 5026; x_wconf 56' lang='grc' dir='ltr'>ἐκείσο,</span> <span class='ocrx_word' id='word_1_619' title='bbox 1333 4951 1469 5007; x_wconf 73' lang='grc' dir='ltr'><strong>’ἐπεὶ</strong></span> <span class='ocrx_word' id='word_1_620' title='bbox 1501 4951 1595 5008; x_wconf 75' lang='grc' dir='ltr'>καὶ</span> <span class='ocrx_word' id='word_1_621' title='bbox 1618 4958 1685 5007; x_wconf 70' lang='grc' dir='ltr'>τὰ</span> <span class='ocrx_word' id='word_1_622' title='bbox 1721 4956 1888 5008; x_wconf 79' lang='grc' dir='ltr'>Στου-</span> 
     </span>
    </p>
   </div>
   <div class='ocr_carea' id='block_1_85' title="bbox 294 5021 1882 5096">
    <p class='ocr_par' dir='ltr' id='par_1_85' title="bbox 294 5021 1882 5096">
     <span class='ocr_line' id='line_1_86' title="bbox 294 5021 1882 5096; baseline 0.001 -19"><span class='ocrx_word' id='word_1_623' title='bbox 294 5025 415 5096; x_wconf 43' lang='grc' dir='ltr'>δ-ίου</span> <span class='ocrx_word' id='word_1_624' title='bbox 467 5026 668 5094; x_wconf 81' lang='grc' dir='ltr'>χωρίον</span> <span class='ocrx_word' id='word_1_625' title='bbox 717 5021 812 5096; x_wconf 68' lang='grc' dir='ltr'><strong>ἦν’</strong></span> <span class='ocrx_word' id='word_1_626' title='bbox 841 5021 1039 5090; x_wconf 72' lang='grc' dir='ltr'><strong>ἔξωθεν</strong></span> <span class='ocrx_word' id='word_1_627' title='bbox 1079 5026 1179 5094; x_wconf 85' lang='grc' dir='ltr'>τῆς</span> <span class='ocrx_word' id='word_1_628' title='bbox 1219 5024 1434 5096; x_wconf 76' lang='grc' dir='ltr'>Βύζης·</span> <span class='ocrx_word' id='word_1_629' title='bbox 1496 5026 1882 5080; x_wconf 79' lang='lat' dir='ltr'><strong>Monasterith</strong></span> 
     </span>
    </p>
   </div>
   <div class='ocr_carea' id='block_1_86' title="bbox 297 5094 1884 5165">
    <p class='ocr_par' dir='ltr' id='par_1_86' title="bbox 297 5094 1884 5165">
     <span class='ocr_line' id='line_1_87' title="bbox 297 5094 1884 5165; baseline 0.001 -16"><span class='ocrx_word' id='word_1_630' title='bbox 297 5094 484 5149; x_wconf 75' lang='lat' dir='ltr'><strong>Citam</strong></span> <span class='ocrx_word' id='word_1_631' title='bbox 511 5094 810 5150; x_wconf 77' lang='lat' dir='ltr'><strong>oratorium</strong></span> <span class='ocrx_word' id='word_1_632' title='bbox 852 5099 1001 5164; x_wconf 81' lang='lat' dir='ltr'><strong>prius</strong></span> <span class='ocrx_word' id='word_1_633' title='bbox 1031 5098 1236 5150; x_wconf 73' lang='lat' dir='ltr'><strong>exstitit</strong></span> <span class='ocrx_word' id='word_1_634' title='bbox 1267 5109 1284 5147; x_wconf 93' lang='lat'><em>:</em></span> <span class='ocrx_word' id='word_1_635' title='bbox 1313 5094 1555 5165; x_wconf 80' lang='lat' dir='ltr'><strong>Cryppus</strong></span> <span class='ocrx_word' id='word_1_636' title='bbox 1584 5113 1706 5150; x_wconf 86' lang='lat' dir='ltr'><strong>vero</strong></span> <span class='ocrx_word' id='word_1_637' title='bbox 1745 5112 1884 5165; x_wconf 67' lang='lat' dir='ltr'><strong>prat-</strong></span> 
     </span>
    </p>
   </div>
   <div class='ocr_carea' id='block_1_87' title="bbox 298 5165 1882 5235">
    <p class='ocr_par' dir='ltr' id='par_1_87' title="bbox 298 5165 1882 5235">
     <span class='ocr_line' id='line_1_88' title="bbox 298 5165 1882 5235; baseline 0 -15"><span class='ocrx_word' id='word_1_638' title='bbox 298 5166 498 5235; x_wconf 73' lang='lat' dir='ltr'><strong>feetus.</strong></span> <span class='ocrx_word' id='word_1_639' title='bbox 524 5175 575 5219; x_wconf 87' lang='lat' dir='ltr'><strong>et</strong></span> <span class='ocrx_word' id='word_1_640' title='bbox 608 5167 782 5220; x_wconf 73' lang='lat' dir='ltr'><strong>Carus</strong></span> <span class='ocrx_word' id='word_1_641' title='bbox 813 5167 1010 5222; x_wconf 72' lang='lat' dir='ltr'><strong>Phocea</strong></span> <span class='ocrx_word' id='word_1_642' title='bbox 1041 5165 1371 5235; x_wconf 82' lang='lat' dir='ltr'><strong>Cappadocis</strong></span> <span class='ocrx_word' id='word_1_643' title='bbox 1400 5169 1547 5234; x_wconf 77' lang='lat' dir='ltr'><strong>ﬁlius</strong></span> <span class='ocrx_word' id='word_1_644' title='bbox 1578 5167 1711 5220; x_wconf 86' lang='lat' dir='ltr'><strong>illuc</strong></span> <span class='ocrx_word' id='word_1_645' title='bbox 1745 5167 1882 5220; x_wconf 85' lang='lat' dir='ltr'><strong>rele-</strong></span> 
     </span>
    </p>
   </div>
   <div class='ocr_carea' id='block_1_88' title="bbox 298 5237 1882 5307">
    <p class='ocr_par' dir='ltr' id='par_1_88' title="bbox 298 5237 1882 5307">
     <span class='ocr_line' id='line_1_89' title="bbox 298 5237 1882 5307; baseline -0.001 -18"><span class='ocrx_word' id='word_1_646' title='bbox 298 5245 464 5306; x_wconf 79' lang='lat' dir='ltr'><strong>gatus</strong></span> <span class='ocrx_word' id='word_1_647' title='bbox 488 5238 735 5304; x_wconf 74' lang='lat' dir='ltr'><strong>pluribus</strong></span> <span class='ocrx_word' id='word_1_648' title='bbox 761 5238 1186 5306; x_wconf 74' lang='lat' dir='ltr'><strong>possessionibus</strong></span> <span class='ocrx_word' id='word_1_649' title='bbox 1235 5237 1476 5298; x_wconf 84' lang='lat' dir='ltr'><strong>donatis,</strong></span> <span class='ocrx_word' id='word_1_650' title='bbox 1515 5239 1569 5291; x_wconf 85' lang='lat' dir='ltr'><strong>in</strong></span> <span class='ocrx_word' id='word_1_651' title='bbox 1597 5253 1736 5307; x_wconf 77' lang='lat' dir='ltr'><strong>eant,</strong></span> <span class='ocrx_word' id='word_1_652' title='bbox 1777 5253 1882 5307; x_wconf 83' lang='lat' dir='ltr'><strong>qua</strong></span> 
     </span>
    </p>
   </div>
   <div class='ocr_carea' id='block_1_89' title="bbox 296 5306 1881 5376">
    <p class='ocr_par' dir='ltr' id='par_1_89' title="bbox 296 5306 1881 5376">
     <span class='ocr_line' id='line_1_90' title="bbox 296 5306 1881 5376; baseline 0.002 -17"><span class='ocrx_word' id='word_1_653' title='bbox 296 5308 512 5370; x_wconf 73' lang='lat' dir='ltr'><strong>visitur,</strong></span> <span class='ocrx_word' id='word_1_654' title='bbox 546 5307 775 5375; x_wconf 73' lang='lat' dir='ltr'><strong>[arulam</strong></span> <span class='ocrx_word' id='word_1_655' title='bbox 802 5317 853 5362; x_wconf 85' lang='lat' dir='ltr'><strong>et</strong></span> <span class='ocrx_word' id='word_1_656' title='bbox 887 5307 1294 5374; x_wconf 75' lang='lat' dir='ltr'><strong>amplitudinem</strong></span> <span class='ocrx_word' id='word_1_657' title='bbox 1324 5308 1535 5360; x_wconf 67' lang='lat' dir='ltr'><strong>extulit.</strong></span> <span class='ocrx_word' id='word_1_658' title='bbox 1566 5306 1735 5376; x_wconf 83' lang='grc' dir='ltr'>Χώρα</span> <span class='ocrx_word' id='word_1_659' title='bbox 1762 5306 1881 5362; x_wconf 79' lang='lat' dir='ltr'><strong>vero</strong></span> 
     </span>
    </p>
   </div>
   <div class='ocr_carea' id='block_1_90' title="bbox 299 5375 1882 5449">
    <p class='ocr_par' dir='ltr' id='par_1_90' title="bbox 299 5375 1882 5449">
     <span class='ocr_line' id='line_1_91' title="bbox 299 5375 1882 5449; baseline -0.001 -19"><span class='ocrx_word' id='word_1_660' title='bbox 299 5393 492 5430; x_wconf 80' lang='lat' dir='ltr'><strong>nomen</strong></span> <span class='ocrx_word' id='word_1_661' title='bbox 525 5377 710 5449; x_wconf 78' lang='lat' dir='ltr'><strong>habuit</strong></span> <span class='ocrx_word' id='word_1_662' title='bbox 735 5380 876 5449; x_wconf 85' lang='lat' dir='ltr'><strong>quod</strong></span> <span class='ocrx_word' id='word_1_663' title='bbox 911 5380 984 5432; x_wconf 84' lang='lat' dir='ltr'><strong>ibi</strong></span> <span class='ocrx_word' id='word_1_664' title='bbox 1029 5380 1164 5446; x_wconf 80' lang='lat' dir='ltr'><strong>foret</strong></span> <span class='ocrx_word' id='word_1_665' title='bbox 1196 5375 1396 5449; x_wconf 77' lang='grc' dir='ltr'>χωρίον</span> <span class='ocrx_word' id='word_1_666' title='bbox 1434 5393 1560 5447; x_wconf 86' lang='lat' dir='ltr'><strong>ager</strong></span> <span class='ocrx_word' id='word_1_667' title='bbox 1590 5393 1609 5431; x_wconf 89' lang='lat'><strong><em>:</em></strong></span> <span class='ocrx_word' id='word_1_668' title='bbox 1638 5375 1882 5446; x_wconf 73' lang='lat' dir='ltr'><strong>quando-</strong></span> 
     </span>
    </p>
   </div>
   <div class='ocr_carea' id='block_1_91' title="bbox 298 5447 1880 5518">
    <p class='ocr_par' dir='ltr' id='par_1_91' title="bbox 298 5447 1880 5518">
     <span class='ocr_line' id='line_1_92' title="bbox 298 5447 1880 5518; baseline -0.003 -14"><span class='ocrx_word' id='word_1_669' title='bbox 298 5450 512 5518; x_wconf 68' lang='lat' dir='ltr'><strong>quidem</strong></span> <span class='ocrx_word' id='word_1_670' title='bbox 549 5459 600 5501; x_wconf 85' lang='lat' dir='ltr'><strong>et</strong></span> <span class='ocrx_word' id='word_1_671' title='bbox 629 5447 930 5504; x_wconf 79' lang='lat' dir='ltr'><strong>Sludiensis</strong></span> <span class='ocrx_word' id='word_1_672' title='bbox 959 5449 1268 5503; x_wconf 79' lang='lat' dir='ltr'><strong>monasterii</strong></span> <span class='ocrx_word' id='word_1_673' title='bbox 1311 5447 1457 5500; x_wconf 81' lang='lat' dir='ltr'><strong>locus</strong></span> <span class='ocrx_word' id='word_1_674' title='bbox 1504 5463 1631 5518; x_wconf 85' lang='lat' dir='ltr'><strong>ager</strong></span> <span class='ocrx_word' id='word_1_675' title='bbox 1677 5463 1880 5518; x_wconf 82' lang='lat' dir='ltr'><strong>quoque</strong></span> 
     </span>
    </p>
   </div>
   <div class='ocr_carea' id='block_1_92' title="bbox 296 5519 701 5588">
    <p class='ocr_par' dir='ltr' id='par_1_92' title="bbox 296 5519 701 5588">
     <span class='ocr_line' id='line_1_93' title="bbox 296 5519 701 5588; baseline 0.002 -18"><span class='ocrx_word' id='word_1_676' title='bbox 296 5519 549 5588; x_wconf 78' lang='lat' dir='ltr'><strong>primitus</strong></span> <span class='ocrx_word' id='word_1_677' title='bbox 577 5519 701 5588; x_wconf 79' lang='lat' dir='ltr'><strong>fuit.</strong></span> 
     </span>
    </p>
   </div>
   <div class='ocr_carea' id='block_1_93' title="bbox 369 5585 1879 5659">
    <p class='ocr_par' dir='ltr' id='par_1_93' title="bbox 369 5585 1879 5659">
     <span class='ocr_line' id='line_1_94' title="bbox 369 5585 1879 5659; baseline -0.002 -16"><span class='ocrx_word' id='word_1_678' title='bbox 369 5589 486 5659; x_wconf 81' lang='grc'>(55)</span> <span class='ocrx_word' id='word_1_679' title='bbox 515 5585 794 5658; x_wconf 79' lang='lat' dir='ltr'><strong>oppositis</strong></span> <span class='ocrx_word' id='word_1_680' title='bbox 843 5589 970 5642; x_wconf 86' lang='lat' dir='ltr'><strong>licet</strong></span> <span class='ocrx_word' id='word_1_681' title='bbox 1007 5588 1060 5640; x_wconf 91' lang='lat' dir='ltr'><strong>in</strong></span> <span class='ocrx_word' id='word_1_682' title='bbox 1104 5588 1396 5659; x_wconf 82' lang='lat' dir='ltr'><strong>adversum</strong></span> <span class='ocrx_word' id='word_1_683' title='bbox 1433 5585 1879 5659; x_wconf 73' lang='lat' dir='ltr'><strong>Theophaniset</strong></span> 
     </span>
    </p>
   </div>
   <div class='ocr_carea' id='block_1_94' title="bbox 300 5655 1877 5728">
    <p class='ocr_par' dir='ltr' id='par_1_94' title="bbox 300 5655 1877 5728">
     <span class='ocr_line' id='line_1_95' title="bbox 300 5655 1877 5728; baseline -0.001 -17"><span class='ocrx_word' id='word_1_684' title='bbox 300 5655 616 5728; x_wconf 42' lang='lat' dir='ltr'><strong>Nicephori‘</strong></span> <span class='ocrx_word' id='word_1_685' title='bbox 646 5659 979 5720; x_wconf 82' lang='lat' dir='ltr'><strong>testimoniis</strong></span> <span class='ocrx_word' id='word_1_686' title='bbox 1008 5658 1425 5728; x_wconf 72' lang='lat' dir='ltr'><strong>ecclesiasticae</strong></span> <span class='ocrx_word' id='word_1_687' title='bbox 1455 5657 1726 5711; x_wconf 87' lang='lat' dir='ltr'><strong>libertatis</strong></span> <span class='ocrx_word' id='word_1_688' title='bbox 1777 5656 1877 5710; x_wconf 87' lang='lat' dir='ltr'><strong>de-</strong></span> 
     </span>
    </p>
   </div>
   <div class='ocr_carea' id='block_1_95' title="bbox 301 5726 1874 5784">
    <p class='ocr_par' dir='ltr' id='par_1_95' title="bbox 301 5726 1874 5784">
     <span class='ocr_line' id='line_1_96' title="bbox 301 5726 1874 5784; baseline -0.001 -4"><span class='ocrx_word' id='word_1_689' title='bbox 301 5726 463 5782; x_wconf 68' lang='lat' dir='ltr'><strong>sertae</strong></span> <span class='ocrx_word' id='word_1_690' title='bbox 524 5738 745 5784; x_wconf 86' lang='lat' dir='ltr'><strong>sanctos</strong></span> <span class='ocrx_word' id='word_1_691' title='bbox 790 5730 937 5783; x_wconf 82' lang='lat' dir='ltr'><strong>viros</strong></span> <span class='ocrx_word' id='word_1_692' title='bbox 989 5727 1322 5783; x_wconf 81' lang='lat' dir='ltr'><strong>Germanum</strong></span> <span class='ocrx_word' id='word_1_693' title='bbox 1353 5726 1462 5780; x_wconf 69' lang='grc' dir='ltr'><strong>(ΣΡ.</strong></span> <span class='ocrx_word' id='word_1_694' title='bbox 1495 5736 1549 5779; x_wconf 90' lang='lat' dir='ltr'><strong>et</strong></span> <span class='ocrx_word' id='word_1_695' title='bbox 1598 5728 1874 5779; x_wconf 85' lang='lat' dir='ltr'><strong>Andream</strong></span> 
     </span>
    </p>
   </div>
   <div class='ocr_carea' id='block_1_96' title="bbox 301 5795 1874 5870">
    <p class='ocr_par' dir='ltr' id='par_1_96' title="bbox 301 5795 1874 5870">
     <span class='ocr_line' id='line_1_97' title="bbox 301 5795 1874 5870; baseline -0.001 -18"><span class='ocrx_word' id='word_1_696' title='bbox 301 5795 618 5856; x_wconf 86' lang='lat' dir='ltr'><strong>Cretensem</strong></span> <span class='ocrx_word' id='word_1_697' title='bbox 657 5798 1052 5854; x_wconf 85' lang='lat' dir='ltr'><strong>damnantibus</strong></span> <span class='ocrx_word' id='word_1_698' title='bbox 1087 5797 1170 5870; x_wconf 84' lang='lat' dir='ltr'><strong>ab</strong></span> <span class='ocrx_word' id='word_1_699' title='bbox 1199 5799 1350 5852; x_wconf 90' lang='lat' dir='ltr'><strong>omni</strong></span> <span class='ocrx_word' id='word_1_700' title='bbox 1384 5796 1636 5852; x_wconf 89' lang='lat' dir='ltr'><strong>criminis</strong></span> <span class='ocrx_word' id='word_1_701' title='bbox 1676 5799 1874 5852; x_wconf 89' lang='lat' dir='ltr'><strong>nedum</strong></span> 
     </span>
    </p>
   </div>
   <div class='ocr_carea' id='block_1_97' title="bbox 2069 4533 3586 4604">
    <p class='ocr_par' dir='ltr' id='par_1_97' title="bbox 2069 4533 3586 4604">
     <span class='ocr_line' id='line_1_98' title="bbox 2069 4533 3586 4604; baseline 0.001 -18"><span class='ocrx_word' id='word_1_702' title='bbox 2069 4535 2178 4604; x_wconf 82' lang='grc'>(56)</span> <span class='ocrx_word' id='word_1_703' title='bbox 2213 4534 2472 4604; x_wconf 77' lang='grc' dir='ltr'>Καυκίον,</span> <span class='ocrx_word' id='word_1_704' title='bbox 2495 4535 2648 4604; x_wconf 79' lang='lat' dir='ltr'><strong>juxta</strong></span> <span class='ocrx_word' id='word_1_705' title='bbox 2678 4534 2930 4599; x_wconf 83' lang='lat' dir='ltr'><strong>Suitlam,</strong></span> <span class='ocrx_word' id='word_1_706' title='bbox 2962 4543 3048 4590; x_wconf 87' lang='lat' dir='ltr'><strong>est</strong></span> <span class='ocrx_word' id='word_1_707' title='bbox 3084 4537 3112 4588; x_wconf 87' lang='grc' dir='ltr'>ὁ</span> <span class='ocrx_word' id='word_1_708' title='bbox 3141 4533 3295 4604; x_wconf 85' lang='grc' dir='ltr'>παρὰ</span> <span class='ocrx_word' id='word_1_709' title='bbox 3329 4536 3444 4598; x_wconf 84' lang='grc' dir='ltr'>τοῖς</span> <span class='ocrx_word' id='word_1_710' title='bbox 3491 4551 3586 4588; x_wconf 84' lang='grc' dir='ltr'>σο·</span> 
     </span>
    </p>
   </div>
   <div class='ocr_carea' id='block_1_98' title="bbox 1996 4603 3582 4672">
    <p class='ocr_par' dir='ltr' id='par_1_98' title="bbox 1996 4603 3582 4672">
     <span class='ocr_line' id='line_1_99' title="bbox 1996 4603 3582 4672; baseline 0.002 -17"><span class='ocrx_word' id='word_1_711' title='bbox 1996 4607 2117 4670; x_wconf 70' lang='lat' dir='ltr'><strong>(poi;</strong></span> <span class='ocrx_word' id='word_1_712' title='bbox 2164 4603 2354 4667; x_wconf 76' lang='grc' dir='ltr'>κάλυξ.</span> <span class='ocrx_word' id='word_1_713' title='bbox 2389 4604 2570 4667; x_wconf 81' lang='lat' dir='ltr'><strong>Quare</strong></span> <span class='ocrx_word' id='word_1_714' title='bbox 2603 4603 2864 4659; x_wconf 79' lang='lat' dir='ltr'><strong>Nicolaus</strong></span> <span class='ocrx_word' id='word_1_715' title='bbox 2915 4608 3019 4659; x_wconf 85' lang='lat' dir='ltr'><strong>iste</strong></span> <span class='ocrx_word' id='word_1_716' title='bbox 3051 4603 3328 4672; x_wconf 85' lang='lat' dir='ltr'><strong>quondam</strong></span> <span class='ocrx_word' id='word_1_717' title='bbox 3372 4621 3582 4658; x_wconf 85' lang='grc' dir='ltr'>καυκο-</span> 
     </span>
    </p>
   </div>
   <div class='ocr_carea' id='block_1_99' title="bbox 1993 4674 3582 4745">
    <p class='ocr_par' dir='ltr' id='par_1_99' title="bbox 1993 4674 3582 4745">
     <span class='ocr_line' id='line_1_100' title="bbox 1993 4674 3582 4745; baseline 0.001 -19"><span class='ocrx_word' id='word_1_718' title='bbox 1993 4674 2261 4737; x_wconf 79' lang='grc' dir='ltr'>διάκονος,</span> <span class='ocrx_word' id='word_1_719' title='bbox 2295 4690 2326 4726; x_wconf 88' lang='lat' dir='ltr'><strong>a</strong></span> <span class='ocrx_word' id='word_1_720' title='bbox 2349 4675 2602 4728; x_wconf 81' lang='lat' dir='ltr'><strong>calicibus</strong></span> <span class='ocrx_word' id='word_1_721' title='bbox 2633 4675 2892 4740; x_wconf 82' lang='lat' dir='ltr'><strong>minister,</strong></span> <span class='ocrx_word' id='word_1_722' title='bbox 2919 4677 3004 4729; x_wconf 81' lang='lat' dir='ltr'><strong>vel</strong></span> <span class='ocrx_word' id='word_1_723' title='bbox 3034 4676 3479 4745; x_wconf 82' lang='grc' dir='ltr'>φαρμακοποιὸς.</span> <span class='ocrx_word' id='word_1_724' title='bbox 3513 4675 3582 4728; x_wconf 80' lang='lat' dir='ltr'><strong>Et</strong></span> 
     </span>
    </p>
   </div>
   <div class='ocr_carea' id='block_1_100' title="bbox 1994 4744 3583 4815">
    <p class='ocr_par' dir='ltr' id='par_1_100' title="bbox 1994 4744 3583 4815">
     <span class='ocr_line' id='line_1_101' title="bbox 1994 4744 3583 4815; baseline 0 -17"><span class='ocrx_word' id='word_1_725' title='bbox 1994 4744 2299 4798; x_wconf 88' lang='lat' dir='ltr'><strong>salubrium</strong></span> <span class='ocrx_word' id='word_1_726' title='bbox 2329 4746 2611 4812; x_wconf 87' lang='lat' dir='ltr'><strong>potionum</strong></span> <span class='ocrx_word' id='word_1_727' title='bbox 2642 4746 2837 4798; x_wconf 61' lang='lat' dir='ltr'><strong>artifex</strong></span> <span class='ocrx_word' id='word_1_728' title='bbox 2860 4785 2875 4810; x_wconf 94' lang='lat'><strong>,</strong></span> <span class='ocrx_word' id='word_1_729' title='bbox 2907 4762 3008 4800; x_wconf 82' lang='lat' dir='ltr'><strong>ceu</strong></span> <span class='ocrx_word' id='word_1_730' title='bbox 3039 4744 3139 4814; x_wconf 72' lang='grc' dir='ltr'>τῆς</span> <span class='ocrx_word' id='word_1_731' title='bbox 3177 4746 3429 4815; x_wconf 75' lang='grc' dir='ltr'>ἰατρικῆς</span> <span class='ocrx_word' id='word_1_732' title='bbox 3456 4747 3583 4798; x_wconf 59' lang='grc' dir='ltr'>ἤπι-</span> 
     </span>
    </p>
   </div>
   <div class='ocr_carea' id='block_1_101' title="bbox 1994 4815 3578 4883">
    <p class='ocr_par' dir='ltr' id='par_1_101' title="bbox 1994 4815 3578 4883">
     <span class='ocr_line' id='line_1_102' title="bbox 1994 4815 3578 4883; baseline 0.001 -16"><span class='ocrx_word' id='word_1_733' title='bbox 1994 4817 2217 4883; x_wconf 84' lang='grc' dir='ltr'>στήμων</span> <span class='ocrx_word' id='word_1_734' title='bbox 2283 4815 2417 4868; x_wconf 81' lang='lat' dir='ltr'><strong>niihi</strong></span> <span class='ocrx_word' id='word_1_735' title='bbox 2471 4815 2596 4868; x_wconf 87' lang='lat' dir='ltr'><strong>erit.</strong></span> <span class='ocrx_word' id='word_1_736' title='bbox 2633 4817 2840 4870; x_wconf 81' lang='lat' dir='ltr'><strong>Auctor</strong></span> <span class='ocrx_word' id='word_1_737' title='bbox 2891 4815 3172 4880; x_wconf 71' lang='lat' dir='ltr'><strong>Miscellte,</strong></span> <span class='ocrx_word' id='word_1_738' title='bbox 3221 4817 3578 4869; x_wconf 87' lang='lat' dir='ltr'><strong>Anastasium</strong></span> 
     </span>
    </p>
   </div>
   <div class='ocr_carea' id='block_1_102' title="bbox 1993 4884 3578 4954">
    <p class='ocr_par' dir='ltr' id='par_1_102' title="bbox 1993 4884 3578 4954">
     <span class='ocr_line' id='line_1_103' title="bbox 1993 4884 3578 4954; baseline 0.001 -14"><span class='ocrx_word' id='word_1_739' title='bbox 1993 4893 2239 4943; x_wconf 88' lang='lat' dir='ltr'><strong>secutus,</strong></span> <span class='ocrx_word' id='word_1_740' title='bbox 2275 4886 2527 4939; x_wconf 87' lang='lat' dir='ltr'><strong>rescissis</strong></span> <span class='ocrx_word' id='word_1_741' title='bbox 2564 4900 2686 4954; x_wconf 77' lang='lat' dir='ltr'><strong>quae</strong></span> <span class='ocrx_word' id='word_1_742' title='bbox 2715 4888 2782 4939; x_wconf 88' lang='lat' dir='ltr'><strong>de</strong></span> <span class='ocrx_word' id='word_1_743' title='bbox 2814 4885 3093 4942; x_wconf 90' lang='lat' dir='ltr'><strong>Germano</strong></span> <span class='ocrx_word' id='word_1_744' title='bbox 3117 4897 3173 4940; x_wconf 90' lang='lat' dir='ltr'><strong>et</strong></span> <span class='ocrx_word' id='word_1_745' title='bbox 3201 4888 3420 4940; x_wconf 82' lang='lat' dir='ltr'><strong>Andrea</strong></span> <span class='ocrx_word' id='word_1_746' title='bbox 3441 4884 3578 4941; x_wconf 86' lang='lat' dir='ltr'><strong>Cre-</strong></span> 
     </span>
    </p>
   </div>
   <div class='ocr_carea' id='block_1_103' title="bbox 1994 4954 3576 5026">
    <p class='ocr_par' dir='ltr' id='par_1_103' title="bbox 1994 4954 3576 5026">
     <span class='ocr_line' id='line_1_104' title="bbox 1994 4954 3576 5026; baseline 0 -18"><span class='ocrx_word' id='word_1_747' title='bbox 1994 4956 2135 5008; x_wconf 85' lang='lat' dir='ltr'><strong>tensi</strong></span> <span class='ocrx_word' id='word_1_748' title='bbox 2164 4963 2406 5026; x_wconf 68' lang='lat' dir='ltr'><strong>tractant</strong></span> <span class='ocrx_word' id='word_1_749' title='bbox 2438 4956 2644 5019; x_wconf 82' lang='lat' dir='ltr'><strong>verbis,</strong></span> <span class='ocrx_word' id='word_1_750' title='bbox 2677 4954 3067 5026; x_wconf 81' lang='lat' dir='ltr'><strong>Theophanem</strong></span> <span class='ocrx_word' id='word_1_751' title='bbox 3097 4958 3150 5026; x_wconf 75' lang='lat' dir='ltr'><strong>in</strong></span> <span class='ocrx_word' id='word_1_752' title='bbox 3185 4956 3331 5009; x_wconf 88' lang='lat' dir='ltr'><strong>hunc</strong></span> <span class='ocrx_word' id='word_1_753' title='bbox 3353 4960 3576 5009; x_wconf 79' lang='lat' dir='ltr'><strong>tundunt</strong></span> 
     </span>
    </p>
   </div>
   <div class='ocr_carea' id='block_1_104' title="bbox 1993 5024 3577 5094">
    <p class='ocr_par' dir='ltr' id='par_1_104' title="bbox 1993 5024 3577 5094">
     <span class='ocr_line' id='line_1_105' title="bbox 1993 5024 3577 5094; baseline 0 -17"><span class='ocrx_word' id='word_1_754' title='bbox 1993 5026 2171 5079; x_wconf 81' lang='lat' dir='ltr'><strong>reddit</strong></span> <span class='ocrx_word' id='word_1_755' title='bbox 2199 5041 2212 5078; x_wconf 93' lang='lat'><strong>:</strong></span> <span class='ocrx_word' id='word_1_756' title='bbox 2240 5024 2452 5093; x_wconf 65' lang='grc' dir='ltr'><strong>[ἔρρει-ξι</strong></span> <span class='ocrx_word' id='word_1_757' title='bbox 2501 5036 2678 5080; x_wconf 85' lang='lat' dir='ltr'><strong>autem</strong></span> <span class='ocrx_word' id='word_1_758' title='bbox 2728 5028 2814 5080; x_wconf 83' lang='lat' dir='ltr'><strong>sui</strong></span> <span class='ocrx_word' id='word_1_759' title='bbox 2834 5024 2848 5026; x_wconf 61' lang='grc'><strong><em>“</em></strong></span> <span class='ocrx_word' id='word_1_760' title='bbox 2869 5043 3056 5082; x_wconf 84' lang='lat' dir='ltr'><strong>sensus</strong></span> <span class='ocrx_word' id='word_1_761' title='bbox 3109 5025 3395 5088; x_wconf 80' lang='lat' dir='ltr'><strong>Joannem,</strong></span> <span class='ocrx_word' id='word_1_762' title='bbox 3422 5039 3577 5094; x_wconf 75' lang='lat' dir='ltr'><strong>quem</strong></span> 
     </span>
    </p>
   </div>
   <div class='ocr_carea' id='block_1_105' title="bbox 1989 5096 3576 5180">
    <p class='ocr_par' dir='ltr' id='par_1_105' title="bbox 1989 5096 3576 5180">
     <span class='ocr_line' id='line_1_106' title="bbox 1989 5096 3576 5180; baseline -0.001 -32"><span class='ocrx_word' id='word_1_763' title='bbox 1989 5097 2292 5180; x_wconf 62' lang='lat' dir='ltr'><strong>episcopum</strong></span> <span class='ocrx_word' id='word_1_764' title='bbox 2338 5096 2452 5180; x_wconf 59' lang='lat' dir='ltr'><strong>Cl).</strong></span> <span class='ocrx_word' id='word_1_765' title='bbox 2486 5096 2636 5180; x_wconf 51' lang='lat' dir='ltr'><strong>fecit,</strong></span> <span class='ocrx_word' id='word_1_766' title='bbox 2683 5099 2930 5180; x_wconf 40' lang='lat' dir='ltr'><strong>deposito.</strong></span> <span class='ocrx_word' id='word_1_767' title='bbox 2969 5097 3109 5180; x_wconf 58' lang='lat' dir='ltr'><strong>Cyro</strong></span> <span class='ocrx_word' id='word_1_768' title='bbox 3142 5098 3576 5180; x_wconf 50' lang='lat' dir='ltr'><strong>prwsule,.qnent</strong></span> 
     </span>
    </p>
   </div>
   <div class='ocr_carea' id='block_1_106' title="bbox 1991 5166 3573 5236">
    <p class='ocr_par' dir='ltr' id='par_1_106' title="bbox 1991 5166 3573 5236">
     <span class='ocr_line' id='line_1_107' title="bbox 1991 5166 3573 5236; baseline -0.004 -16"><span class='ocrx_word' id='word_1_769' title='bbox 1991 5178 2039 5220; x_wconf 86' lang='lat' dir='ltr'><strong>et</strong></span> <span class='ocrx_word' id='word_1_770' title='bbox 2071 5166 2260 5218; x_wconf 81' lang='lat' dir='ltr'><strong>exsilio</strong></span> <span class='ocrx_word' id='word_1_771' title='bbox 2285 5167 2532 5236; x_wconf 81' lang='lat' dir='ltr'><strong>relegavit</strong></span> <span class='ocrx_word' id='word_1_772' title='bbox 2558 5169 2611 5219; x_wconf 88' lang='lat' dir='ltr'><strong>in</strong></span> <span class='ocrx_word' id='word_1_773' title='bbox 2643 5170 2968 5222; x_wconf 83' lang='lat' dir='ltr'><strong>monasterio</strong></span> <span class='ocrx_word' id='word_1_774' title='bbox 2994 5166 3225 5226; x_wconf 77' lang='lat' dir='ltr'><strong>Charus,</strong></span> <span class='ocrx_word' id='word_1_775' title='bbox 3247 5166 3573 5236; x_wconf 39' lang='lat' dir='ltr'><strong>Nicolaum:</strong></span> 
     </span>
    </p>
   </div>
   <div class='ocr_carea' id='block_1_107' title="bbox 1987 5232 3570 5308">
    <p class='ocr_par' dir='ltr' id='par_1_107' title="bbox 1987 5232 3570 5308">
     <span class='ocr_line' id='line_1_108' title="bbox 1987 5232 3570 5308; baseline -0.003 -20"><span class='ocrx_word' id='word_1_776' title='bbox 1987 5252 2085 5307; x_wconf 80' lang='lat' dir='ltr'><strong>que</strong></span> <span class='ocrx_word' id='word_1_777' title='bbox 2109 5232 2654 5308; x_wconf 54' lang='lat' dir='ltr'><strong>diaconum&#39;ealisnm</strong></span> <span class='ocrx_word' id='word_1_778' title='bbox 2690 5238 2887 5308; x_wconf 68' lang='lat' dir='ltr'><strong>effecit,</strong></span> <span class='ocrx_word' id='word_1_779' title='bbox 2925 5239 3020 5308; x_wconf 83' lang='lat' dir='ltr'><strong>qui</strong></span> <span class='ocrx_word' id='word_1_780' title='bbox 3071 5252 3192 5289; x_wconf 83' lang='lat' dir='ltr'><strong>cum</strong></span> <span class='ocrx_word' id='word_1_781' title='bbox 3255 5232 3570 5308; x_wconf 78' lang='lat' dir='ltr'><strong>medicinali</strong></span> 
     </span>
    </p>
   </div>
   <div class='ocr_carea' id='block_1_108' title="bbox 1989 5304 3572 5377">
    <p class='ocr_par' dir='ltr' id='par_1_108' title="bbox 1989 5304 3572 5377">
     <span class='ocr_line' id='line_1_109' title="bbox 1989 5304 3572 5377; baseline -0.002 -18"><span class='ocrx_word' id='word_1_782' title='bbox 1989 5304 2276 5376; x_wconf 70' lang='lat' dir='ltr'><strong>disciplina</strong></span> <span class='ocrx_word' id='word_1_783' title='bbox 2298 5317 2435 5377; x_wconf 80' lang='lat' dir='ltr'><strong>esset</strong></span> <span class='ocrx_word' id='word_1_784' title='bbox 2463 5304 2746 5377; x_wconf 70' lang='lat' dir='ltr'><strong>sophista,</strong></span> <span class='ocrx_word' id='word_1_785' title='bbox 2775 5319 2899 5361; x_wconf 81' lang='lat' dir='ltr'><strong>tunc</strong></span> <span class='ocrx_word' id='word_1_786' title='bbox 2929 5304 3163 5377; x_wconf 60' lang='lat' dir='ltr'><strong>quttuor</strong></span> <span class='ocrx_word' id='word_1_787' title='bbox 3193 5314 3328 5357; x_wconf 86' lang='lat' dir='ltr'><strong>erat.</strong></span> <span class='ocrx_word' id='word_1_788' title='bbox 3366 5304 3572 5377; x_wconf 78' lang='lat' dir='ltr'><strong>l’etavii</strong></span> 
     </span>
    </p>
   </div>
   <div class='ocr_carea' id='block_1_109' title="bbox 1990 5375 3572 5432">
    <p class='ocr_par' dir='ltr' id='par_1_109' title="bbox 1990 5375 3572 5432">
     <span class='ocr_line' id='line_1_110' title="bbox 1990 5375 3572 5432; baseline -0.004 0"><span class='ocrx_word' id='word_1_789' title='bbox 1990 5375 2224 5432; x_wconf 67' lang='lat' dir='ltr'><strong>sincerae</strong></span> <span class='ocrx_word' id='word_1_790' title='bbox 2248 5377 2316 5432; x_wconf 86' lang='lat' dir='ltr'><strong>de</strong></span> <span class='ocrx_word' id='word_1_791' title='bbox 2341 5375 2603 5432; x_wconf 80' lang='lat' dir='ltr'><strong>Germani</strong></span> <span class='ocrx_word' id='word_1_792' title='bbox 2633 5392 2688 5432; x_wconf 87' lang='lat' dir='ltr'><strong>et</strong></span> <span class='ocrx_word' id='word_1_793' title='bbox 2717 5375 2948 5432; x_wconf 70' lang='lat' dir='ltr'><strong>Andreae</strong></span> <span class='ocrx_word' id='word_1_794' title='bbox 2979 5377 3085 5432; x_wconf 82' lang='lat' dir='ltr'><strong>tlde</strong></span> <span class='ocrx_word' id='word_1_795' title='bbox 3139 5384 3195 5430; x_wconf 89' lang='lat' dir='ltr'><strong>et</strong></span> <span class='ocrx_word' id='word_1_796' title='bbox 3252 5375 3572 5428; x_wconf 82' lang='lat' dir='ltr'><strong>constantia</strong></span> 
     </span>
    </p>
   </div>
   <div class='ocr_carea' id='block_1_110' title="bbox 1988 5443 3574 5517">
    <p class='ocr_par' dir='ltr' id='par_1_110' title="bbox 1988 5443 3574 5517">
     <span class='ocr_line' id='line_1_111' title="bbox 1988 5443 3574 5517; baseline -0.003 -18"><span class='ocrx_word' id='word_1_797' title='bbox 1988 5446 2238 5517; x_wconf 89' lang='lat' dir='ltr'><strong>opinioni</strong></span> <span class='ocrx_word' id='word_1_798' title='bbox 2267 5449 2428 5501; x_wconf 88' lang='lat' dir='ltr'><strong>lectio</strong></span> <span class='ocrx_word' id='word_1_799' title='bbox 2457 5449 2768 5502; x_wconf 87' lang='lat' dir='ltr'><strong>istiusmodi</strong></span> <span class='ocrx_word' id='word_1_800' title='bbox 2794 5448 3021 5517; x_wconf 55' lang='lat' dir='ltr'><strong>lavere},</strong></span> <span class='ocrx_word' id='word_1_801' title='bbox 3051 5455 3106 5501; x_wconf 84' lang='lat' dir='ltr'><strong>et</strong></span> <span class='ocrx_word' id='word_1_802' title='bbox 3142 5445 3376 5499; x_wconf 74' lang='lat' dir='ltr'><strong>rescissa</strong></span> <span class='ocrx_word' id='word_1_803' title='bbox 3400 5443 3574 5496; x_wconf 77' lang='lat' dir='ltr'><strong>verba</strong></span> 
     </span>
    </p>
   </div>
   <div class='ocr_carea' id='block_1_111' title="bbox 1988 5516 3567 5586">
    <p class='ocr_par' dir='ltr' id='par_1_111' title="bbox 1988 5516 3567 5586">
     <span class='ocr_line' id='line_1_112' title="bbox 1988 5516 3567 5586; baseline -0.003 -16"><span class='ocrx_word' id='word_1_804' title='bbox 1988 5516 2192 5586; x_wconf 37' lang='lat' dir='ltr'><strong>a’pravi</strong></span> <span class='ocrx_word' id='word_1_805' title='bbox 2223 5518 2453 5572; x_wconf 74' lang='lat' dir='ltr'><strong>allectus</strong></span> <span class='ocrx_word' id='word_1_806' title='bbox 2481 5533 2586 5573; x_wconf 91' lang='lat' dir='ltr'><strong>non</strong></span> <span class='ocrx_word' id='word_1_807' title='bbox 2636 5518 2856 5573; x_wconf 81' lang='lat' dir='ltr'><strong>nemine</strong></span> <span class='ocrx_word' id='word_1_808' title='bbox 2883 5519 2937 5572; x_wconf 92' lang='lat' dir='ltr'><strong>in</strong></span> <span class='ocrx_word' id='word_1_809' title='bbox 2965 5516 3317 5585; x_wconf 84' lang='lat' dir='ltr'><strong>Theophanis</strong></span> <span class='ocrx_word' id='word_1_810' title='bbox 3357 5521 3567 5570; x_wconf 80' lang='lat' dir='ltr'><strong>textum</strong></span> 
     </span>
    </p>
   </div>
   <div class='ocr_carea' id='block_1_112' title="bbox 1989 5587 3574 5642">
    <p class='ocr_par' dir='ltr' id='par_1_112' title="bbox 1989 5587 3574 5642">
     <span class='ocr_line' id='line_1_113' title="bbox 1989 5587 3574 5642; baseline 0 -4"><span class='ocrx_word' id='word_1_811' title='bbox 1989 5587 2203 5642; x_wconf 91' lang='lat' dir='ltr'><strong>intrusa</strong></span> <span class='ocrx_word' id='word_1_812' title='bbox 2258 5589 2659 5642; x_wconf 89' lang='lat' dir='ltr'><strong>contenderet:</strong></span> <span class='ocrx_word' id='word_1_813' title='bbox 2700 5599 2755 5641; x_wconf 88' lang='lat' dir='ltr'><strong>at</strong></span> <span class='ocrx_word' id='word_1_814' title='bbox 2793 5602 2920 5640; x_wconf 88' lang='lat' dir='ltr'><strong>cum</strong></span> <span class='ocrx_word' id='word_1_815' title='bbox 2970 5588 3024 5640; x_wconf 91' lang='lat' dir='ltr'><strong>in</strong></span> <span class='ocrx_word' id='word_1_816' title='bbox 3091 5589 3384 5640; x_wconf 77' lang='lat' dir='ltr'><strong>adversum</strong></span> <span class='ocrx_word' id='word_1_817' title='bbox 3424 5599 3574 5638; x_wconf 88' lang='lat' dir='ltr'><strong>anno</strong></span> 
     </span>
    </p>
   </div>
   <div class='ocr_carea' id='block_1_113' title="bbox 1986 5655 3547 5712">
    <p class='ocr_par' dir='ltr' id='par_1_113' title="bbox 1986 5655 3547 5712">
     <span class='ocr_line' id='line_1_114' title="bbox 1986 5655 3547 5712; baseline -0.004 -1"><span class='ocrx_word' id='word_1_818' title='bbox 1986 5657 2307 5712; x_wconf 81' lang='lat' dir='ltr'><strong>Constantis</strong></span> <span class='ocrx_word' id='word_1_819' title='bbox 2341 5660 2536 5712; x_wconf 91' lang='lat' dir='ltr'><strong>ultimo</strong></span> <span class='ocrx_word' id='word_1_820' title='bbox 2566 5658 2900 5711; x_wconf 85' lang='lat' dir='ltr'><strong>Germanum</strong></span> <span class='ocrx_word' id='word_1_821' title='bbox 2923 5666 2976 5711; x_wconf 92' lang='lat' dir='ltr'><strong>et</strong></span> <span class='ocrx_word' id='word_1_822' title='bbox 2999 5657 3274 5710; x_wconf 82' lang='lat' dir='ltr'><strong>Andream</strong></span> <span class='ocrx_word' id='word_1_823' title='bbox 3311 5655 3547 5711; x_wconf 83' lang='lat' dir='ltr'><strong>ecclesia</strong></span> 
     </span>
    </p>
   </div>
   <div class='ocr_carea' id='block_1_114' title="bbox 1987 5727 3572 5796">
    <p class='ocr_par' dir='ltr' id='par_1_114' title="bbox 1987 5727 3572 5796">
     <span class='ocr_line' id='line_1_115' title="bbox 1987 5727 3572 5796; baseline -0.002 -16"><span class='ocrx_word' id='word_1_824' title='bbox 1987 5729 2138 5781; x_wconf 69' lang='lat' dir='ltr'><strong>stiete</strong></span> <span class='ocrx_word' id='word_1_825' title='bbox 2168 5731 2439 5783; x_wconf 82' lang='lat' dir='ltr'><strong>libertatis</strong></span> <span class='ocrx_word' id='word_1_826' title='bbox 2478 5728 2814 5789; x_wconf 84' lang='lat' dir='ltr'><strong>desertores,</strong></span> <span class='ocrx_word' id='word_1_827' title='bbox 2867 5730 2954 5780; x_wconf 88' lang='lat' dir='ltr'><strong>cui</strong></span> <span class='ocrx_word' id='word_1_828' title='bbox 2987 5727 3332 5796; x_wconf 73' lang='lat' dir='ltr'><strong>Nicephorus</strong></span> <span class='ocrx_word' id='word_1_829' title='bbox 3377 5741 3572 5780; x_wconf 83' lang='lat' dir='ltr'><strong>conte-</strong></span> 
     </span>
    </p>
   </div>
   <div class='ocr_carea' id='block_1_115' title="bbox 1988 5797 3569 5860">
    <p class='ocr_par' dir='ltr' id='par_1_115' title="bbox 1988 5797 3569 5860">
     <span class='ocr_line' id='line_1_116' title="bbox 1988 5797 3569 5860; baseline -0.006 -6"><span class='ocrx_word' id='word_1_830' title='bbox 1988 5800 2090 5854; x_wconf 79' lang='lat' dir='ltr'><strong>stis</strong></span> <span class='ocrx_word' id='word_1_831' title='bbox 2123 5798 2360 5860; x_wconf 83' lang='lat' dir='ltr'><strong>accedit,</strong></span> <span class='ocrx_word' id='word_1_832' title='bbox 2389 5799 2645 5857; x_wconf 77' lang='lat' dir='ltr'><strong>edixerit,</strong></span> <span class='ocrx_word' id='word_1_833' title='bbox 2667 5805 2722 5852; x_wconf 89' lang='lat' dir='ltr'><strong>et</strong></span> <span class='ocrx_word' id='word_1_834' title='bbox 2748 5797 2896 5852; x_wconf 84' lang='lat' dir='ltr'><strong>aliud</strong></span> <span class='ocrx_word' id='word_1_835' title='bbox 2922 5798 2993 5852; x_wconf 86' lang='lat' dir='ltr'><strong>sit</strong></span> <span class='ocrx_word' id='word_1_836' title='bbox 3027 5802 3255 5852; x_wconf 85' lang='lat' dir='ltr'><strong>omnino</strong></span> <span class='ocrx_word' id='word_1_837' title='bbox 3285 5797 3569 5851; x_wconf 81' lang='lat' dir='ltr'><strong>Nicolaum</strong></span> 
     </span>
    </p>
   </div>
  </div>
