4100 6430
334 377 445 444 813

1665 383 2353 450 CHRDNOGRAPHIA.
2448 333 2465 345 ἢ

3505 388 3610 455 8H

335 493 575 564 ϐάρδων.
605 490 953 564 Προσφυγὼν
997 491 1054 546 δὲ
1099 493 1213 556 τοῖς
1244 493 1520 564 Φράγγοις
1559 496 1652 548 ἐπὶ
1694 496 1925 550 Πιπίνου

2033 496 2276 553 Francos
2321 495 2563 568 profugit
2607 497 2675 551 ad
2724 496 2982 568 Pipinum
3030 497 3298 568 majorem
3338 499 3538 556 domus
3567 512 3618 556 et

335 587 600 659 προοίκου
641 588 740 641 καὶ
776 586 1010 658 ἐξάρχου
1043 589 1144 660 τῆς
1185 587 1511 658 διοικήσεως
1548 590 1594 621 ’⁸
1637 589 1748 642 τῶν
1793 590 1932 642 ὅλων

336 681 692 751 πραγμάτων
723 681 819 733 καὶ
848 679 942 732 τοῦ
973 679 1083 732 τῶν
1110 680 1382 750 Φράγγων
1411 680 1601 746 ἔθνους
1621 698 1634 712 ·
1668 681 1787 746 ἔθος
1820 685 1930 754 γάρ

331 768 404 845 ἦν
441 774 626 837 αὐτοῖς
667 773 762 826 τὸν
814 773 1007 844 κύριον
1055 773 1261 837 αὐτῶν,
1298 774 1418 843 ἦτοι
1447 774 1538 828 τὸν
1591 775 1757 847 ρἦα,
1789 777 1932 829 κατὰ

333 864 494 933 γένος
526 865 742 935 ἄρχειν,
773 866 870 919 καὶ
925 867 1096 936 μηδὲν
1140 866 1405 936 πράττειν
1438 866 1470 936 ἢ
1509 868 1753 931 διοικεῖν,
1790 869 1930 940 πλὴν

332 959 554 1028 ἀλόγως
584 958 791 1013 ἐσθίειν
819 961 916 1012 καὶ
952 960 1152 1023 πίνειν,
1189 958 1329 1014 οἴκοι
1372 977 1432 1012 τε
1479 960 1802 1031 διατρίϐειν,
1834 962 1930 1015 καὶ

333 1055 482 1107 κατὰ
517 1054 695 1107 Μάῖον
734 1053 882 1123 μῆνα
910 1051 1106 1125 πρώτῃ
1138 1055 1233 1107 τοῦ
1288 1053 1460 1125 μηνὸς
1493 1055 1931 1125 προκαθέζεσθαι

331 1143 435 1198 ἐπὶ
479 1144 686 1206 παντὸς
727 1145 822 1197 τοῦ
858 1144 1072 1210 ἔθνους,
1106 1147 1199 1200 καὶ
1257 1149 1588 1217 προσκυνεῖν
1615 1148 1661 1178 ³⁸
1707 1148 1928 1212 αὐτοὺς,

333 1239 434 1291 καὶ
463 1238 892 1308 προσκυνεῖσθαι
924 1239 1016 1291 ὑπ’
1049 1239 1252 1303 αὐτῶν,
1284 1239 1380 1292 καὶ
1406 1239 1834 1312 δωροφορεῖσθαι
1864 1241 1930 1293 τὰ

331 1328 486 1382 κατὰ
527 1328 843 1399 συνήθειαν,
877 1334 973 1385 καὶ
1007 1332 1330 1386 ἀντιδιδόναι
1377 1333 1584 1396 αὐτοῖς,
1629 1334 1724 1386 καὶ
1756 1332 1931 1394 οὕτως

327 1420 442 1483 lto;
475 1420 572 1474 τοῦ
600 1421 762 1474 ἄλλου
816 1423 998 1475 Μαΐου
1034 1424 1156 1476 καθ’
1193 1423 1384 1477 ἑαυτὸν
1417 1424 1644 1493 διάγειν.
1685 1426 1838 1494 Ἔχει
1871 1424 1928 1478 δὲ

327 1514 428 1568 τὸν
451 1513 744 1584 λεγόμενον
771 1515 1025 1582 πρόοικον
1051 1513 1248 1588 γνώμῃ
1277 1516 1474 1570 ἑαυτοῦ
1502 1515 1597 1569 καὶ
1621 1515 1717 1570 τοῦ
1742 1516 1930 1579 ἔθνους

326 1605 646 1660 διοικοῦντα
675 1607 855 1662 πάντα
905 1609 974 1661 τὰ
1023 1609 1330 1678 πράγματα
1361 1609 1425 1662 ³⁷.
1467 1609 1750 1676 Ἐλέγοντο
1783 1607 1839 1661 δὲ
1866 1609 1930 1660 ὲκ

325 1698 427 1754 τοῦ
459 1701 652 1770 γένους
701 1701 914 1754 ἐκείνου
956 1701 1328 1768 καταγόμενοι
1353 1702 1399 1732 ³⁸
1431 1702 1746 1772 κριστάται,
1779 1701 1807 1756 ὂ
1837 1702 1930 1772 ἑρ-

333 1792 638 1866 μηνεύεται
663 1794 1062 1864 τριχοραχάται
1095 1794 1207 1864 (25)
1230 1811 1242 1825 ⁶
1266 1793 1460 1866 τρίχας
1488 1795 1596 1866 γὰρ
1619 1790 1766 1865 εἶχον
1787 1796 1928 1849 κατὰ

329 1883 434 1960 τῆς
487 1888 664 1957 ράχης
721 1887 1089 1956 ἐκφυομένας,
1128 1888 1202 1948 ὡς
1237 1890 1409 1957 χοῖροι
1459 1889 1527 1942 ³³.
1575 1889 1632 1942 ’0
1684 1889 1782 1958 μὲν
1832 1885 1925 1942 οὖν

337 1973 608 2052 Mauro;
635 1978 701 2047 τῇ
733 1975 981 2045 ὠμότητι
1027 1975 1122 2029 τοῦ
1164 1977 1496 2045 Ἀστούλφου
1549 1977 1793 2047 βιασθεὶς
1830 1978 1926 2032 καὶ

337 2055 586 2139 ἀϐουλίᾳ,
622 2070 740 2138 ἅμα
786 2068 843 2121 δὲ
881 2068 980 2122 καὶ
1011 2070 1348 2139 ἐπιτραπεὶς
1387 2072 1520 2141 παρ’
1559 2071 1722 2124 αὑτοῦ
1754 2072 1925 2124 ἀπε).-

331 2159 447 2215 θεῖν
495 2162 575 2222 εἰς
609 2161 954 2232 Φραγγικὴν,
1012 2165 1107 2216 καὶ
1162 2166 1390 2233 ποιῆσαι
1418 2164 1446 2216 ὃ
1489 2163 1556 2216 ἂν
1605 2164 1827 2236 δύνηται
1855 2166 1922 2232 ³ο,

327 2255 504 2307 ἐλθὼν
556 2259 856 2326 χειροτονεῖ
900 2259 940 2288 ³⁸
990 2257 1080 2309 τὸν
1118 2259 1346 2310 Πιπῖνον
1375 2259 1419 2290 ³³
1476 2259 1590 2329 (ΞΜ)
1649 2260 1817 2329 ἄνδρα
1862 2261 1925 2314 τὸ

323 2347 638 2417 τηνικαῦτα
661 2349 709 2380 ³³
738 2349 858 2403 λίαν
897 2349 1210 2420 εὐδόκιμον,
1236 2351 1648 2422 προϊστάμενον
1677 2353 1793 2422 ἅμα
1830 2354 1924 2407 καὶ⁵

323 2440 438 2493 τῶν
462 2442 809 2512 πραγμάτων
837 2443 947 2495 ἀπὸ
973 2443 1065 2495 τοῦ
1092 2443 1281 2513 ρηγὸς,
1304 2444 1401 2497 κοιλ⁷
1427 2445 1925 2516 προπολεμήσαντα

323 2535 460 2594 τοὺς
494 2534 907 2604 περαιωθέντας
941 2535 1189 2605 ’Ἄραϐας
1219 2535 1331 2604 (‘25)
1366 2537 1476 2588 ἀπὸ
1515 2536 1616 2607 τῆς
1656 2537 1924 2608 Ἀφρικῆς

323 2625 424 2677 ἐπὶ
455 2626 557 2696 τὴν
589 2627 835 2680 Σπανίαν
861 2630 929 2694 ³³,
963 2630 1092 2694 τοὺς
1129 2631 1224 2683 καὶ
1261 2631 1648 2700 κρατήσαντας
1695 2630 1796 2694 ἕως
1827 2633 1922 2684 τοῦ

324 2715 427 2771 νῦν
459 2718 560 2788 τῆς
592 2720 767 2788 αὐτῆς
801 2722 1068 2785 Σπανίας,
1101 2723 1506 2792 δοκιμάσαντας
1559 2723 1616 2775 δὲ
1651 2724 1746 2778 καὶ
1781 2725 1924 2778 κατὰ

322 2810 440 2862 τῶν
466 2811 738 2881 Φράγγων
770 2814 1218 2884 παρατάξασθαι,
1249 2809 1332 2878 οἷς
1361 2813 1792 2886 ἀντιταξάμενος
1825 2817 1923 2870 σὺν

323 2904 409 2974 τῷ
449 2906 650 2975 πλήθει
704 2909 732 2960 ό
775 2909 935 2968 αὐτὸς
972 2910 1220 2972 Πιπῖνος,
1258 2908 1463 2962 κτείνει
1499 2909 1599 2977 μὲν
1635 2909 1728 2960 καὶ
1760 2909 1922 2963 αὑτὸν

325 2998 422 3052 τὸν
453 2999 498 3030 ³³
528 2999 758 3070 ἔξαρχον
782 3001 877 3053 τοῦ
911 3001 1099 3064 ἔθνους
1125 3001 1237 3071 (26)
1279 2999 1662 3071 Ἀϐδεραχμὰν
1685 3001 1750 3066 ³⁸,
1790 3018 1919 3053 συν-

329 3095 549 3160 αναιρεῖ
579 3093 636 3145 δὲ
680 3096 774 3146 καὶ⁵
826 3095 1033 3162 πλῆθος
1080 3096 1182 3148 οὐκ
1216 3095 1588 3166 εὐαρίθμητον
1643 3096 1794 3166 παρὰ
1829 3095 1921 3149 τὸν

2033 597 2331 645 exarchum
2354 590 2599 645 omnium
2618 605 2799 646 rerum
2825 592 3102 662 totiusque
3122 592 3460 647 Francorum
3483 608 3619 664 gen-

2033 683 2126 736 tis.
2183 681 2258 736 Ea
2298 696 2429 737 vero
2466 683 2813 738 consuetudo
2867 683 3010 752 apud
3061 698 3158 739 eos
3202 683 3522 748 obtinebat,
3559 694 3624 738 ut

2031 788 2224 828 eorum
2273 775 2550 841 dominus,
2614 791 2711 831 rex
2764 776 3040 840 videlicet,
3108 775 3443 832 haereditatis
3495 776 3622 847 jure

2032 867 2401 938 principatum
2432 878 2844 939 assequeretur,
2885 885 2984 924 nec
3007 870 3139 940 quid
3164 877 3349 941 ageret
3377 877 3472 925 aut
3501 884 3622 925 mo-

2033 958 2253 1025 liretur,
2284 978 2450 1032 quam
2483 973 2682 1032 pra-ter
2719 964 2944 1017 modum
2972 972 3030 1017 et
3061 963 3230 1018 decus
3263 963 3390 1018 cibo
3432 961 3620 1033 potui-

2032 1067 2138 1122 que
2168 1053 2477 1124 indulgeret
2511 1064 2566 1111 et
2587 1055 2739 1110 domi
2770 1056 2994 1111 clausus
3021 1065 3352 1123 moraretur,
3394 1055 3485 1111 die
3515 1069 3618 1110 au-

2034 1155 2140 1198 tem
2163 1145 2338 1214 prima
2371 1147 2582 1202 mensis
2606 1145 2728 1201 Maii
2752 1147 2819 1202 ad
2849 1148 3020 1203 totius
3053 1147 3229 1218 gentis
3263 1157 3620 1218 prospectum

2032 1237 2246 1292 sederet
2270 1239 2324 1293 in
2355 1240 2581 1308 throno,
2623 1249 2678 1295 et
2705 1240 3065 1296 salutationes
3090 1241 3158 1296 ab
3186 1241 3320 1311 ipsis
3346 1241 3621 1312 acciperet

2031 1330 2277 1386 vicissim
2325 1341 2381 1387 et
2409 1332 2686 1397 redderet,
2729 1340 2785 1388 et
2829 1347 2930 1403 pro
2968 1333 3172 1388 usitato
3203 1349 3357 1389 more
3387 1349 3619 1389 munera

2031 1422 2332 1490 conferret,
2384 1433 2439 1478 et
2479 1425 2585 1479 alia
2617 1425 2850 1480 invicem
2893 1425 3078 1481 oblata
3120 1423 3388 1491 referret,
3418 1427 3622 1495 quibus

2031 1515 2251 1569 demum
2285 1517 2524 1586 peractis
2549 1531 2723 1587 usque
2745 1517 2814 1571 ad
2845 1516 3224 1586 insequentem
3246 1515 3446 1571 Maium
3470 1517 3621 1572 domi

2029 1607 2284 1664 inclusus
2326 1623 2386 1663 se
2435 1609 2774 1664 continebat.
2831 1608 3130 1664 Prsefatum
3180 1625 3311 1666 vero
3353 1611 3617 1680 majorem

2031 1699 2231 1756 domus
2273 1700 2437 1755 habet
2466 1716 2580 1766 rex,
2611 1701 2703 1770 qui
2731 1701 2999 1756 arbitratu
3025 1716 3130 1757 suo
3163 1710 3217 1756 et
3246 1702 3415 1758 totius
3441 1702 3621 1772 gentis

2032 1803 2226 1847 cuncta
2265 1793 2634 1847 administret.
2661 1792 2766 1858 Qui
2797 1802 2979 1848 autem
3011 1808 3075 1849 ea
3097 1794 3269 1864 stirpe
3295 1793 3622 1848 oriebantur

1959 1863 2000 1918 Β
2034 1884 2273 1951 cristati,
2307 1899 2444 1954 quos
2471 1884 2908 1940 trichorachatas
2951 1884 3126 1941 Graeci
3154 1863 3398 1950 vertunt,
3427 1884 3619 1940 audie-

2035 1976 2190 2041 bant,
2221 1977 2365 2046 quod
2407 1977 2501 2046 pili
2539 1993 2603 2032 ex
2670 1978 2820 2032 dorsi
2858 1977 3040 2032 medio
3084 1977 3231 2032 velut
3271 1992 3442 2047 porco
3474 1975 3612 2047 ipsis

2029 2078 2443 2124 enascerentur.
2502 2067 2816 2140 Stephanus
2863 2069 3053 2139 itaque
3103 2069 3515 2138 consiliiapud
3557 2083 3620 2123 se

2030 2161 2188 2230 inops
2233 2171 2288 2214 et
2332 2160 2586 2231 Astulphi
2635 2161 2962 2216 crudelitate
2994 2171 3239 2224 coactus,
3284 2161 3613 2229 permissum

2029 2251 2192 2306 etiam
2233 2253 2488 2308 tendendi
2538 2253 2594 2308 in
2633 2251 2922 2308 Franciam
2955 2263 3010 2309 et
3046 2254 3192 2324 quod
3222 2255 3618 2309 concederetur

2028 2345 2245 2416 agendi,
2287 2347 2356 2402 ab
2389 2362 2455 2401 eo
2491 2348 2750 2402 obtinuit.
2796 2347 2854 2401 In
2887 2347 3180 2404 Franciam
3207 2347 3506 2404 advenlens
3529 2347 3620 2402 Pi-

2026 2439 2218 2510 pinum
2248 2441 2427 2495 virum
2481 2442 2566 2496 sui
2615 2442 2800 2496 sazculi
2834 2442 3292 2507 celeberrimum,
3338 2457 3403 2498 ac
3449 2443 3614 2497 rebus

2027 2534 2476 2589 administrandis
2504 2538 2573 2588 ab
2599 2536 2719 2604 ipso
2743 2551 2869 2606 rege
2891 2535 3204 2605 praefectum
3233 2551 3417 2605 regem
3446 2535 3605 2590 inau-

2027 2624 2262 2692 guravit.
2298 2623 2394 2679 llic
2423 2627 2630 2679 Arabes
2663 2641 2729 2680 ex
2760 2625 2945 2680 Africa
2976 2627 3028 2678 in
3065 2625 3381 2694 Hispaniam
3427 2635 3612 2682 trans-

2027 2715 2277 2783 fretatos,
2323 2733 2387 2772 ac
2434 2719 2606 2786 ipsius
2643 2717 2914 2788 Hispania:
2954 2718 3022 2771 ad
3056 2718 3202 2772 hunc
3251 2733 3426 2788 usque
3466 2719 3612 2774 diem

2026 2809 2371 2864 dominatum
2421 2820 2726 2877 assecutus,
2761 2826 2826 2866 ac
2871 2811 3070 2866 bellum
3126 2827 3346 2881 quoque
3389 2810 3619 2867 Francis

2027 2903 2235 2959 inferre
2284 2906 2642 2958 decernentes
2687 2903 2851 2973 paulo
2905 2915 3032 2959 ante
3084 2905 3473 2960 debellaverat.
3525 2905 3618 2961 ln-

2026 3005 2240 3053 structa
2270 3012 2509 3067 namque
2563 3002 2828 3054 adversus
2877 3012 2974 3054 eos
3031 2999 3168 3060 acie,
3214 2999 3395 3067 ipsum
3441 3000 3620 3069 gentis

2026 3091 2194 3161 hujus
2225 3091 2529 3160 principem
2555 3089 2978 3146 Abderachman
3010 3091 3273 3146 interficit
3295 3089 3542 3161 Pipinus,
3563 3101 3620 3146 et

340 3184 628 3255 Ἦριδανὸν
659 3187 773 3255 (27)
811 3188 1059 3256 ποταμὸν
1084 3188 1151 3252 ³⁷,
1191 3187 1287 3242 καὶ
1321 3187 1667 3258 θαυμάζεται
1697 3190 1793 3243 καὶ
1832 3207 1923 3259 φι-

2028 3195 2138 3234 una
2184 3181 2351 3235 simul
2384 3181 2660 3236 exercitus
2707 3196 2816 3235 non
2859 3181 3021 3236 facile
3072 3182 3402 3237 numerandi
3429 3183 3620 3253 capias

327 3274 507 3329 λεῖται
546 3278 698 3348 παρὰ
729 3277 824 3331 τοῦ
869 3279 1079 3342 ἔθνους,
1135 3279 1197 3331 οὐ
1237 3279 1398 3350 μόνον
1443 3281 1532 3334 διὰ
1571 3281 1752 3345 τοῦτο,
1789 3281 1926 3337 ἀλλὰ

324 3368 422 3421 καὶ
447 3367 493 3401 ³⁸
536 3369 605 3421 δι’
655 3369 790 3424 ἄλλα
839 3373 1264 3442 προτερήματα,
1301 3372 1396 3424 καὶ
1445 3378 1774 3445 προηγεῖται
1827 3372 1923 3427 τοῦ

325 3459 515 3525 ἔθνους
547 3462 766 3533 πρῶτος
793 3463 855 3516 οὐ
903 3467 1046 3517 κατὰ
1077 3465 1254 3532 γένος,
1308 3465 1574 3529 λύσαντος
1621 3467 1784 3519 αὐτὸν
1828 3466 1927 3535 τῆς

323 3553 618 3624 ιπιορκίας
651 3555 765 3625 (28)
817 3557 914 3625 τῆς
947 3557 1086 3628 πρὸς
1123 3557 1215 3610 τὸν
1252 3558 1396 3628 ρἧα
1431 3558 1526 3611 τοῦ
1578 3559 1746 3612 αὐτοῦ
1795 3561 1926 3612 Στε-

323 3644 524 3714 φάνου,
555 3648 652 3700 καὶ
682 3648 1083 3718 ἀποκείραντος
1107 3647 1198 3703 τὸν
1232 3649 1336 3719 πρὸ
1367 3649 1533 3702 αὑτοῦ
1571 3652 1712 3720 ῥῆγα
1735 3652 1830 3703 καὶ
1859 3651 1919 3703 ἐν

323 3739 684 3811 μοναστηρίῳ
722 3742 868 3810 μετὰ
909 3740 1080 3811 τιμῆς
1127 3744 1221 3796 καὶ
1267 3742 1632 3807 ἀναπαύσεως
1669 3743 1918 3816 περιορί-

323 3847 540 3894 σαντος.
583 3828 751 3896 Οὗτος
794 3835 825 3886 ό
870 3835 1096 3896 Πιπῖνος
1130 3834 1224 3888 δύο
1258 3835 1408 3899 υἱοὺς
1447 3835 1605 3905 ἔσχεν
1634 3836 1918 3905 Κάρουλον

321 3925 419 3978 καὶ
454 3925 920 3996 Καρουλόμαγνον
952 3928 997 3959 ³³
1031 3928 1142 3998 (‘29)
1188 3928 1280 3982 τὸν
1315 3929 1546 3997 ἀδελφὸν
1577 3927 1770 3984 αὑτοῦ.

2030 3272 2283 3341 ingentes
2317 3275 2692 3328 internecione
2733 3274 2878 3328 delet
2922 3275 2989 3329 ad
3022 3274 3376 3339 Rhodanum,
3404 3291 3471 3331 ex
3505 3292 3619 3347 quo

2030 3364 2330 3418 admiratio
2360 3367 2640 3434 totiusque
2664 3366 2844 3435 gentis
2879 3366 3109 3422 affectus
3139 3368 3193 3421 in
3232 3383 3356 3423 eum
3383 3384 3620 3426 convcr-

2029 3465 2244 3521 tuntur,
2278 3473 2342 3511 ac
2373 3474 2480 3511 non
2513 3457 2634 3526 ejus
2661 3458 2841 3512 solum
2869 3460 2946 3514 rei
2983 3469 3148 3529 gesta:
3179 3463 3378 3530 gratia,
3412 3463 3509 3517 sed
3545 3463 3618 3518 ob

2029 3550 2166 3604 alias
2195 3551 2420 3620 insuper
2440 3551 2647 3620 quibus
2671 3553 2966 3620 praestabat
2990 3553 3169 3612 dotes.
3208 3555 3418 3623 primus
3448 3557 3618 3613 exsti-

2031 3647 2120 3712 tit,
2163 3646 2258 3715 qui
2286 3647 2437 3716 regio
2465 3662 2577 3700 non
2611 3647 2881 3702 oriundus
2927 3648 3196 3717 sanguine
3225 3649 3519 3718 imperium
3558 3652 3615 3706 in

2025 3749 2240 3810 gentem
2265 3737 2410 3792 illam
2443 3738 2678 3792 obtinuit
2698 3779 2714 3803 ,
2745 3738 2911 3809 338
2935 3754 3060 3792 cum
3097 3739 3316 3794 interim
3351 3739 3467 3810 ipse
3491 3740 3587 3796 Ste

2025 3831 2243 3902 phanus
2271 3845 2397 3885 eum
2436 3846 2468 3884 a
2509 3830 2737 3899 perjurii
2775 3831 2831 3884 in
2861 3845 3042 3900 regem
3071 3831 3300 3886 admissi
3336 3841 3480 3888 metu
3511 3834 3608 3888 ab-

2025 3925 2302 3990 solvisset,
2349 3939 2645 3994 regemque
2688 3924 2869 3994 ipsum
2914 3924 3094 3995 Pipini
3137 3925 3484 3982 decessorem
3516 3928 3614 3982 de-

321 4019 500 4073 tonsis
520 4019 640 4086 ejus
671 4020 885 4090 capillis
912 4020 968 4074 in
1003 4023 1401 4078 monasterium
1447 4024 1598 4077 omni
1631 4023 1841 4078 honore
1887 4031 1941 4078 et
1978 4021 2166 4092 quiete
2219 4019 2560 4075 cumulatum
2599 4017 2924 4088 relegasset.
2987 4019 3096 4074 Isle
3169 4018 3399 4091 Pipinus
3471 4019 3612 4076 filios

320 4110 466 4164 duos
514 4111 708 4164 habuit
761 4111 1018 4167 Carolum
1077 4123 1130 4170 et
1184 4114 1442 4170 Carolum
1494 4131 1754 4186 magnum
1795 4117 1915 4186 ejus
1958 4115 2208 4172 fratrem.

394 4202 486 4272 Τῷ
513 4203 560 4256 δ’
583 4203 734 4272 αὑτῷ
764 4204 876 4256 ἔτει
905 4205 1122 4258 ἀπεὸίω
1157 4206 1282 4270 Ἱζὶδ
1303 4208 1330 4260 ό
1352 4206 1462 4260 τῶν
1491 4207 1740 4277 ’Δράόων
1771 4210 1918 4278 ἀμη-

323 4295 528 4366 ρεύσας
567 4293 664 4364 ἔτη
695 4296 956 4367 τέσσαρα.
998 4296 1108 4351 Καὶ
1139 4297 1414 4369 ἀμηρεύει
1465 4297 1622 4367 Ἱσὰμ
1670 4298 1698 4350 ὁ
1731 4298 1922 4351 τούτου

2100 4205 2303 4260 Eodem
2343 4206 2508 4260 etiam
2562 4220 2712 4261 anno
2759 4206 2904 4271 lzid,
2945 4207 3040 4277 qui
3079 4207 3322 4262 Arabum
3365 4221 3610 4262 ameram

2033 4297 2222 4367 gessit,
2264 4304 2386 4364 post
2415 4296 2757 4365 principatus
2811 4310 2988 4352 annos
3027 4306 3268 4366 quatuor
3312 4298 3550 4354 excessit
3582 4313 3615 4353 θ

1640 4407 1876 4464 ἺΑΒΙΕ
1912 4408 2318 4466 LECTIONES.

398 4507 446 4539 "
466 4507 564 4574 τῆς
583 4506 906 4575 διοικήσεως
934 4504 1061 4560 add.
1097 4519 1165 4560 ex
1196 4505 1259 4558 Α.

319 4577 472 4647 vulg.
497 4646 502 4647 γ
531 4577 578 4609 ³⁸
609 4578 974 4646 καταγόμενοι
1003 4583 1068 4640 Α,
1094 4575 1381 4645 λεγόμενοι
1411 4576 1560 4647 vulg.

317 4647 362 4679 ³³
388 4646 561 4718 ἐλθὼν
587 4664 736 4718 χειρ.
761 4653 824 4709 Α,
862 4647 1032 4718 ἐλθὼν
1065 4647 1122 4699 δὲ
1157 4647 1482 4718 χειρενιιια.

320 4790 390 4853 Α,
413 4788 550 4842 ἀλλὰ
575 4789 718 4859 vulg.

1371 4504 1417 4535 “
1448 4505 1542 4607 κμὶ
1575 4507 1906 4607 προσκυνεῖν
1939 4506 2138 4607 αὐτοὺς
2178 4508 2358 4607 οηι.1Α
2383 4504 2420 4559 ι’.

1622 4575 1631 4576 ί
1669 4577 1714 4607 ³³
1740 4578 1911 4646 χοῖροι
1943 4575 2008 4641 Α,
2035 4577 2202 4646 χοίρῳ
2231 4576 2376 4644 vulg.

1583 4646 1628 4679 ³³
1663 4646 1915 4700 Πιπίνιον
1939 4647 2005 4699 Α.
2100 4647 2146 4678 ³³
2174 4648 2238 4700 τὸ
2268 4663 2370 4700 την

316 4720 385 4771 Α.
463 4717 508 4748 ³⁸
531 4716 691 4771 αυτὸν
720 4717 1007 4781 τδνΑ,τὸν
1037 4716 1201 4770 αὑτὸν
1231 4717 1378 4782 vulg.
1444 4717 1490 4748 ³³
1512 4716 1894 4788 Ἀϐδεραχμὰν
1921 4718 2343 4788 Α,Ἀϐδεραχὰμ
2363 4717 2510 4788 vulg.

824 4790 866 4820 ³³
901 4788 1182 4859 Κάρουλον
1209 4788 1304 4842 καὶ
1327 4789 1646 4858 Καρουλόμ.
1679 4786 1756 4852 Α,
1779 4788 2094 4856 Κάρουλ).ον
2123 4786 2602 4860 καιΚαρουλλόμ.
2634 4789 2782 4858 vulg.

2527 4505 2570 4534 "
2605 4503 2783 4556 πάντα
2803 4503 2872 4557 τὰ
2904 4505 3209 4576 πράγματα
3235 4505 3300 4570 Α,
3333 4523 3381 4558 τ.
3417 4521 3512 4574 πρ.
3547 4521 3609 4561 π.

2485 4573 2530 4606 ³⁸
2555 4574 2584 4626 ὃ
2607 4573 2672 4627 ἂν
2693 4575 2921 4630 δύνηται
2951 4576 3062 4630 Α.δ
3089 4576 3184 4628 ἐὰν
3221 4575 3440 4628 δύναται
3462 4577 3609 4630 vulg.

2104 4592 2202 4646 ιρῳ
2231 4592 2376 4644 vulg.
2485 4592 2530 4606 ’ν
2555 4592 2584 4626 ο
2607 4592 2672 4627 αν
2693 4592 2921 4646 ουνηται
2951 4592 3062 4636 A,o
3089 4592 3184 4628 εαν
3221 4592 3440 4628 ουναται
3462 4592 3610 4646 vuig.

2100 4647 2146 4720 ³³
2174 4648 2238 4700 τὸ
2268 4663 2391 4716 την.
2424 4646 2491 4720 ᾼ,
2513 4645 2750 4720 τὸντην.
2786 4647 2932 4720 vulg.
2974 4717 2985 4720 _
3011 4648 3057 4720 ³⁵
3087 4646 3380 4720 Ἱσπανίαν
3396 4647 3613 4720 ubique

2593 4716 2637 4749 ³⁷
2658 4716 2901 4787 ποταμὸν
2924 4717 3050 4772 add.
3069 4734 3135 4774 ex
3154 4719 3219 4774 Α.
3296 4717 3343 4749 ³⁸
3357 4717 3495 4770 ἀλλὰ
3519 4716 3614 4773 καὶ

1584 4903 1725 4959 JAC.
1765 4903 1980 4959 GOARI
2044 4904 2280 4960 NOTIE.

397 5000 511 5069 (23)
530 4999 833 5054 Monstrum
857 4997 1087 5054 Francis
1109 4997 1262 5065 ipsis,
1284 4999 1486 5068 quibus
1505 4998 1776 5054 accidisse
1791 5013 1918 5052 nar-
1951 5005 1995 5060 D

318 5081 502 5136 ratur,
535 5071 879 5140 incognitum
907 5087 920 5122 :
955 5071 1269 5140 unde_apud
1304 5070 1528 5124 Graecos
1547 5069 1792 5140 auditum
1817 5085 1912 5124 ve-

316 5144 503 5210 racior
539 5137 804 5210 Agathias
845 5140 1057 5209 profert
1092 5138 1236 5195 Hist.
1289 5140 1388 5210 lib.
1432 5157 1486 5193 I:
1538 5137 1785 5193 Solemne
1834 5150 1912 5194 est

317 5209 664 5266 Francorum
699 5211 908 5280 regibus
945 5226 1214 5278 nunquam
1245 5209 1454 5263 tonderi
1477 5227 1495 5264 :
1543 5213 1634 5263 sed
1670 5227 1701 5263 a
1732 5213 1913 5278 pueris

313 5284 520 5336 intonsi
556 5292 790 5336 manent.
823 5281 1088 5336 Caesarie:
1122 5289 1235 5334 tota
1270 5281 1512 5334 decenter
1535 5283 1610 5333 eis
1645 5283 1698 5333 in
1731 5283 1916 5335 Imme-

313 5369 407 5407 τοι
439 5354 722 5422 propendet
757 5369 775 5405 :
818 5354 1057 5405 anterior
1088 5368 1241 5404 coma
1271 5368 1297 5404 e
1327 5352 1503 5418 {route
1534 5352 1912 5406 discriminata

311 5424 373 5476 in
412 5436 695 5492 atrumque
725 5424 865 5476 latus
911 5424 1138 5491 deﬂexa.
1177 5422 1358 5492 Neque
1399 5438 1539 5487 vero,
1568 5422 1914 5491 quemadmo-

309 5493 446 5548 dum
500 5495 690 5550 Turcis
741 5504 790 5547 et
821 5493 1121 5554 Barbarie,
1179 5494 1390 5561 impexa
1429 5493 1520 5555 iis,
1567 5501 1614 5545 et
1661 5493 1911 5561 squalida

311 5565 648 5636 sordidaque
699 5573 778 5618 est
823 5581 997 5626 coma,
1045 5565 1124 5618 vel
1163 5565 1570 5636 complicatioue
1596 5563 1913 5636 indecenter

308 5633 668 5701 cirrata,’sed
703 5637 991 5705 smigmata
1021 5636 1174 5688 varia
1207 5637 1308 5703 ipsi
1344 5636 1446 5688 sibi
1478 5633 1751 5696 adhibent,
1777 5634 1904 5705 dili-

309 5716 599 5777 genterque
629 5704 861 5771 curant;
894 5707 1053 5777 idque
1081 5706 1221 5760 velut
1256 5707 1460 5775 insigne
1489 5705 1771 5777 quoddam,
1793 5704 1911 5758 exi-

311 5775 530 5899 mfgqae
566 5779 782 5834 honoris
812 5775 1171 5849 prwrbgatira
1224 5778 1367 5848 regio
1406 5778 1584 5847 generi
1632 5775 1772 5843 apud
1821 5792 1910 5829 eos

311 5855 384 5898 ιη
425 5863 590 5899 utmr.

311 5847 590 5903 tribuitur.

2094 4998 2206 5069 (24)
2254 4997 2370 5054 Hoc
2399 5005 2508 5062 est,
2541 5011 2724 5068 regem
2745 4998 2901 5068 prius
2931 4997 3248 5054 institutum
3289 4997 3466 5053 unxit.
3497 4997 3605 5052 Ba-

2021 5073 2212 5125 ronius
2245 5069 2311 5124 ad
2341 5070 2407 5122 A.
2442 5070 2504 5123 D.
2546 5069 2641 5122 75l
2677 5078 2732 5123 et
2767 5069 2892 5134 754,
2925 5085 3078 5123 num.
3107 5071 3156 5122 1.

2093 5140 2418 5266 (25)quroli
2440 5139 2672 5195 Martelli
2695 5137 2946 5195 facinora
2967 5154 3090 5194 cum
3115 5138 3292 5210 Pipini
3316 5139 3412 5192 ﬁlii
3437 5138 3604 5193 rebus

2095 5223 2209 5265 rtur
2255 5227 2281 5264 a
2319 5251 2332 5265 .

2059 5218 2332 5266 erturbat.

2021 5227 2546 5351 peraginibdirama
2583 5279 2650 5334 ad
2692 5279 3046 5349 Aquitaniam
3073 5295 3103 5334 a
3133 5279 3336 5334 Carolo
3357 5277 3608 5332 Μαι-ωηο

2021 5367 2218 5408 caesus.
2246 5351 2611 5422 Fredegarius
2640 5351 3022 5406 Scholasticus
3053 5352 3107 5404 in
3138 5351 3438 5422 Chronico.

2095 5417 2665 5499 (27)_Sarac_énorum_
2689 5423 2969 5499 exercitus
3001 5424 3142 5499 alter
3171 5421 3258 5499 ab_
3271 5420 3464 5499 eodem
3496 5417 3606 5499 _Ca-

2020 5488 2139 5548 rolo
2171 5488 2237 5548 ad
2271 5492 2596 5548 Rhodanum
2635 5492 2873 5553 deletus,
2906 5508 2969 5545 ex
2999 5491 3189 5545 eodem
3219 5488 3568 5559 Fredegario.

2091 5566 2204 5634 (28)
2247 5565 2528 5636 Stephano
2559 5563 2833 5627 concedit,
2853 5561 3000 5630 quod
3035 5579 3063 5616 a
3090 5561 3362 5616 Zacharia
3388 5560 3607 5630 praesti—

2020 5645 2159 5689 tum.

2081 5705 2197 5776 (‘29)
2233 5703 2298 5759 Ni
2329 5705 2722 5776 Καρλομάννον
2748 5709 3019 5776 reponat,_
3043 5701 3303 5758 Carolum
3342 5698 3604 5768 Magnum

2014 5771 2142 5832 cum
2176 5771 2348 5832 fratre
2380 5771 2752 5833 Garlomanno
2781 5771 3102 5830 confundet.
