4100 6424
511 409 628 479 819

1937 410 2289 474 TIIEOPHA
2301 415 2347 474 Ν
2355 411 2425 475 IS

3675 406 3785 472 8‘20

508 520 754 590 duxere,
784 521 954 579 Amer
1006 521 1260 579 videlicet
1314 535 1441 578 cum
1487 520 1800 591 quindecim
1861 523 2091 578 millibus

2208 523 2379 593 ἁγίων
2446 521 2709 591 Πατέρων
2758 519 2946 574 αὐτόθι
2992 518 3104 591 (38)
3160 518 3403 591 τεμένει,
3432 517 3641 592 ταύτης
3683 521 3787 593 μὲν

509 612 889 684 expeditorum
935 614 1172 670 militum
1220 628 1587 686 praecurrens,
1633 612 1827 668 urbem
1881 629 1946 668 ex
1992 613 2098 668 im—

509 707 734 776 proviso
770 715 826 763 et
858 707 1319 778 impraemunitam
1369 707 1604 776 obsedit,
1655 706 1861 763 Mavias
1913 715 2095 762 autem

508 814 635 855 cum
682 800 963 870 octoginta
1016 800 1263 870 quinque
1314 799 1557 855 millibus
1609 798 1939 854 subsecutus
1989 808 2095 855 est.

506 888 710 946 Verum
758 891 798 946 ii
838 901 961 961 post
999 890 1218 961 longam
1273 889 1439 964 350
1488 889 1853 957 obsidionem,
1902 905 2057 945 muro

508 999 743 1055 rumque
792 983 861 1038 ad
920 994 1238 1040 sanctorum
1295 983 1519 1039 Patrum
1560 985 1760 1039 ibidem
1819 983 2092 1039 cultorum

505 1074 676 1131 aedem
722 1073 922 1131 factam
953 1076 1417 1147 oppugnationem
1446 1085 1501 1131 et
1538 1075 1921 1146 dejectionem,
1958 1074 2097 1130 urbe

508 1174 691 1221 tamen
719 1165 945 1221 minime
982 1166 1138 1236 potiti
1168 1172 1317 1233 sunt,
1352 1181 1476 1223 cum
1514 1166 1586 1223 ob
1613 1175 1869 1237 acceptas
1902 1181 2096 1223 eorum

505 1257 649 1329 apud
693 1255 866 1313 Deum
895 1273 1111 1329 preces,
1149 1267 1261 1313 tum
1307 1258 1379 1314 ob
1428 1258 1739 1315 veneranda
1776 1260 2094 1315 eorumdem

503 1349 862 1417 lineamenta,
914 1366 1039 1421 quae
1087 1349 1156 1406 ab
1188 1349 1470 1407 sententia:
1513 1351 1730 1407 illorum
1766 1351 2097 1422 sequacibus

504 1443 579 1499 ad
610 1444 756 1499 hanc
784 1458 963 1514 usque
1007 1444 1153 1500 diem
1187 1451 1370 1500 erecta
1403 1453 1459 1500 et
1507 1446 1613 1516 piis
1643 1445 1946 1502 honoribus
1999 1460 2098 1500 cu-

500 1535 709 1592 mlata
743 1544 1116 1607 perseverant.
1162 1535 1337 1592 Porro
1378 1552 1503 1592 cum
1547 1538 1769 1608 quidam
1826 1537 2098 1594 Constan-

484 1629 653 1686 tinus
680 1630 973 1686 Artabasdi
1006 1639 1213 1687 strator
1238 1632 1531 1703 imaginem
1575 1630 1819 1701 Deipara‘.
1853 1639 2094 1686 erectam

498 1737 755 1788 cernens,
792 1730 1071 1794 arreptum
1118 1723 1352 1795 lapidem
1409 1725 1464 1779 in
1515 1723 1689 1795 ipsam
1744 1722 2093 1795 projecisset.

498 1828 742 1885 eamque
773 1814 1069 1869 contritam
1125 1814 1275 1871 etin
1326 1814 1555 1869 humum
1606 1815 1814 1887 lapsam
1864 1812 2096 1885 pedibus

2203 614 2265 669 οὐ
2303 612 2689 685 περιγεγόνασι
2714 612 2803 667 διὰ
2824 611 2934 665 τῶν
2966 611 3384 681 εὐπροσδέκτων
3436 611 3612 682 εὐχῶν
3645 610 3791 683 πρὸς

2204 707 2297 763 τὸν
2320 706 2533 776 Θεδν⁷⁶,
2592 705 2722 760 ἔνθα
2765 704 2862 759 καὶ
2893 704 3187 775 σεϐάσμιοι
3223 703 3407 758 αὐτῶν
3439 703 3795 775 χαρακτῆρες

2202 800 2581 871 ἀνεστήλωντο
2634 800 2798 871 μέχρι
2842 797 2938 851 τοῦ
2986 797 3083 851 νῦν
3140 797 3247 852 ὑπὸ
3289 796 3401 851 τῶν
3466 797 3794 868 όμοφρόνων

2206 892 2451 955 αὐτοίς⁷⁷
2477 891 2803 962 τιμώμενοι.
2848 891 3263 953 Κωνσταντῖνος
3312 888 3370 943 δέ
3399 906 3484 951 τις
3536 888 3793 962 στράτωρ

2201 986 2298 1040 τοῦ
2319 984 2364 1017 ⁷⁸
2399 985 2768 1054 Ἀρταϐάσδου
2826 983 2950 1038 ἰδὼν
2975 983 3159 1037 εἰκόνα
3186 985 3287 1054 τῆς
3318 982 3583 1037 Θεοτόκου
3615 982 3795 1036 ἑστῶ-

2206 1095 2327 1144 σαν,
2356 1075 2539 1132 λαϐὼν
2570 1076 2717 1132 λίθον
2731 1076 2921 1148 ἔρριψε
2952 1077 3077 1130 κατ’
3105 1075 3301 1146 αὐτῆς,
3329 1079 3426 1128 καὶ
3466 1072 3796 1147 συνέτριψεν

2203 1170 2397 1242 αὐτὴν,
2421 1172 2518 1224 καὶ
2542 1167 2822 1224 πεσοῦσαν
2881 1170 3269 1240 κατεπάτησεν
3299 1185 3316 1200 ·
3355 1168 3452 1221 καὶ
3505 1169 3705 1240 θεωρεῖ
3730 1168 3795 1221 ὲν

2202 1263 2443 1335 ὁράματι
2499 1262 2602 1333 τὴν
2655 1262 2963 1316 Δέσποιναν
2994 1261 3361 1334 παρεστῶσαν
3401 1260 3552 1333 αύτῷ
3575 1261 3670 1316 καὶ
3697 1261 3795 1316 λέ-

2202 1370 2410 1424 γουσαν
2425 1354 2499 1387 τ’·
2522 1350 2703 1421 Οἶδας
2735 1353 2912 1408 ποῖον
2950 1354 3233 1424 γενναῖον
3263 1352 3504 1424 πρᾶγμα
3534 1354 3798 1424 εἰργάσω

2202 1448 2290 1512 εἰς
2310 1445 2457 1517 ἐμός
2489 1446 2679 1512 ὅντως
2705 1447 2859 1501 κατὰ
2892 1446 3004 1515 τῆς
3024 1446 3249 1502 ἑαυτοῦ
3288 1444 3562 1516 κεφαλῆς
3610 1447 3798 1503 τοῦτο

2202 1540 2564 1609 πεποίηκας.
2626 1539 2705 1611 Τῇ
2764 1539 2821 1594 δὲ
2868 1539 3133 1612 ἐπαύριον
3203 1539 3623 1612 προσϐαλόντων
3679 1539 3797 1594 τῶν

2205 1632 2543 1705 Σαρακηνῶν
2558 1632 2606 1666 ⁸ο
2633 1632 2713 1704 τῷ
2750 1632 2940 1705 τείχει,
2977 1634 3071 1687 καὶ
3102 1631 3346 1705 πολέμου
3407 1634 3794 1705 κροτηθέντος,

2201 1723 2430 1796 δραμὼν
2480 1725 2561 1791 εἰς
2589 1724 2651 1779 τὸ
2674 1728 2872 1796 τεῖχος,
2925 1724 3002 1791 ὡς
3058 1729 3308 1796 γενναῖος
3361 1725 3725 1799 στρατιώτης,
3761 1728 3793 1781 ϐ

2201 1817 2553 1890 ταλαίπωρος
2596 1820 2807 1883 ἐκεῖνος
2842 1818 3097 1890 βάλλεται
3156 1820 3263 1875 ὑπὸ
3296 1819 3446 1874 λίθου
3467 1821 3563 1875 τοῦ
3599 1822 3664 1875 ὲκ
3693 1820 3787 1876 τοῦ

497 1905 901 1973 conculcasset,
950 1905 1244 1962 Dominam
1295 1906 1400 1963 sibi
1452 1915 1721 1962 astantem
1763 1921 1864 1976 per
1909 1905 2090 1961 visum

2206 1910 2553 1983 μαγγανικοῦ
2580 1909 2690 1984 (59)
2722 1912 3092 1983 πεμφθέντος,
3138 1914 3234 1967 καὶ
3267 1913 3595 1985 συνέτριψεν
3619 1908 3789 1969 αὐτοῦ

497 1998 803 2070 conspexit,
837 2014 959 2069 quae
1003 2014 1130 2055 eum
1175 2000 1250 2056 ita
1281 1999 1518 2055 allocuta
1560 2008 1679 2055 est:
1721 1997 1879 2054 Vides
1929 2012 2093 2069 quam

495 2092 763 2164 egregium
802 2093 1012 2163 facinus
1052 2095 1111 2148 in
1144 2109 1228 2149 me
1254 2093 1614 2149 commisisti?
1637 2093 1693 2147 id
1720 2102 1860 2148 certe
1897 2111 1954 2149 in
1998 2109 2094 2148 ca-

495 2194 590 2254 put
639 2194 789 2239 tuum
838 2183 1057 2241 recidet.
1095 2183 1369 2242 Postridie
1413 2184 1705 2241 Saracenis
1737 2200 1956 2239 murum
1991 2199 2094 2255 op-

496 2278 875 2350 pugnantibus
950 2278 1361 2351 commissaque
1407 2294 1608 2351 pugna,
1700 2277 2095 2335 Constantinus

498 2370 730 2426 militem
764 2368 963 2426 fortem
993 2386 1052 2427 se
1074 2371 1347 2441 praebens,
1376 2387 1501 2428 cum
1540 2371 1608 2427 ad
1641 2386 1860 2426 murum
1895 2384 2094 2425 accur-

497 2460 683 2527 sisset,
730 2461 909 2533 lapide
951 2477 983 2518 a
1033 2470 1307 2519 tormento
1351 2464 1406 2519 in
1432 2479 1558 2519 eum
1607 2463 1858 2519 immisso
1912 2472 2079 2534 caput

496 2555 805 2629 faciemque
867 2558 1159 2627 contritus,
1219 2559 1438 2629 dignam
1502 2559 1781 2632 impietate
1838 2559 2086 2621 referens

497 2648 802 2705 mercedem
839 2648 1028 2705 infelix
1057 2650 1291 2707 interiit.
1352 2651 1611 2709 Saraceni
1656 2667 1787 2710 vero
1842 2655 2093 2725 captivos

495 2741 819 2799 innumeros
867 2750 924 2798 et
974 2743 1151 2813 spolia
1181 2743 1523 2815 diripientes,
1563 2744 1770 2801 reversi
1833 2755 1981 2812 sunt,
2035 2748 2089 2803 in

496 2849 608 2906 quo
644 2835 864 2907 quidem
909 2834 1054 2892 Deus
1089 2836 1260 2907 impio
1304 2836 1632 2907 imperatori
1686 2840 1948 2906 05tendit,
1980 2855 2091 2896 non

495 2927 568 2983 ob
605 2926 998 2983 contribulium
1060 2943 1290 2985 suorum
1344 2929 1601 3001 pietatem
1645 2946 1711 2987 ac
1748 2931 2090 3002 religionem,

499 3029 559 3076 ut
584 3020 702 3089 ipse
734 3020 1093 3092 gloriabatur,
1129 3021 1226 3077 sed
1264 3022 1334 3078 ob
1366 3022 1608 3078 divinam
1644 3025 1941 3094 quamdam
1972 3024 2089 3080 vir-

500 3121 674 3170 tutem
706 3121 762 3169 et
795 3122 1067 3171 secretum
1111 3130 1274 3171 suum
1303 3115 1570 3186 judicium
1614 3115 1730 3172 haec
1770 3116 2086 3187 contigisse,

2195 2004 2295 2076 τὴν
2315 2004 2559 2076 κεφαλὴν
2585 2004 2756 2059 καὶτὸ
2779 2005 3096 2077 πρόσωπον,
3123 2006 3273 2073 ἀξιον
3303 2010 3401 2077 τῆς
3435 2006 3629 2061 ἑαυτοῦ
3660 2007 3792 2061 δυσ-

2198 2096 2421 2161 σεϐείας
2463 2097 2839 2169 κομισάμενος
2895 2098 3272 2169 ἀνταπόδομα.
3313 2098 3701 2169 Αἰχμαλωσίαν
3730 2100 3791 2154 δὲ

2197 2188 2462 2261 πλείστην
2515 2189 2612 2243 καὶ
2659 2188 2881 2261 λάφυρα
2933 2192 3336 2261 συναγαγόντες
3389 2191 3737 2263 ὑπέστρεψαν
3769 2231 3786 2256 ,

2194 2282 2506 2347 δεικνύντος
2554 2280 2651 2335 καὶ
2679 2281 2841 2336 τοῦτο
2875 2281 2972 2336 τοῦ
3016 2282 3153 2337 Θεοῦ
3184 2282 3264 2353 τῷ
3298 2283 3508 2349 ἀσεϐεῖ,
3527 2284 3609 2336 ὅτι
3630 2283 3692 2336 ού
3717 2282 3788 2335 δι’

2194 2373 2480 2429 εὐσέϐειαν
2530 2375 2858 2445 περιγέγονε
2876 2376 2918 2408 ⁸¹
2951 2375 3061 2430 τῶν
3111 2376 3422 2447 ὁμοφύλων,
3464 2376 3541 2441 ὡς
3579 2378 3787 2441 ἐκεῖνος

2194 2465 2373 2539 ηὔχει,
2404 2466 2541 2522 ἀλλά
2564 2467 2651 2522 διά
2671 2485 2794 2522 τινα
2820 2468 3002 2523 αἰτίαν
3030 2468 3184 2523 θείαν
3211 2472 3303 2523 καὶ
3324 2469 3638 2542 ἀπόρρητον
3659 2470 3780 2539 κρί-

2196 2575 2303 2622 σιν,
2355 2558 2807 2631 ἀποκρουομὲνης
2857 2559 2956 2631 μὲν
3010 2559 3111 2632 τὴν
3158 2561 3417 2633 τοιαύτην
3485 2561 3774 2633 ’Δραϐικὴν

2196 2651 2353 2723 ἰσχὺν
2416 2653 2517 2722 τῆς
2541 2653 2651 2706 τῶν
2708 2653 2883 2722 ἁγίων
2916 2654 3178 2725 Πατέρων
3210 2655 3420 2720 πόλεως
3449 2658 3568 2720 ταῖς
3597 2656 3773 2710 αὐτῶν

2194 2745 2539 2818 πρεσϐείαις,
2564 2746 2652 2800 διὰ
2684 2746 2793 2802 τῶν
2823 2749 2880 2803 ἐν
2931 2748 3069 2819 αὐτῇ
3095 2734 3780 2822 τιμωμένωνάκριϐεστὰο

2192 2854 2303 2890 των
2322 2837 2501 2891 αὐτῶν
2524 2838 2911 2908 χαρακτήρων,
2948 2840 3027 2903 είς
3050 2838 3275 2908 ἔλεγχον
3298 2839 3354 2892 δὲ
3390 2839 3483 2893 καὶ
3516 2839 3781 2893 ἀναπολό-

2192 2945 2362 2998 γητον
2409 2930 2595 3001 κρίσιν
2633 2928 2728 2983 τοῦ
2759 2929 3050 3001 τυράννου,
3099 2931 3194 2986 καὶ
3225 2931 3518 3001 βεϐαίωσιν
3548 2930 3660 2985 τῶν
3690 2930 3784 2984 εύ-

2195 3021 2522 3076 σεϐούντων.
2583 3023 2658 3077 Οὐ
2695 3024 2857 3094 μόνον
2882 3024 2992 3096 γάρ
3038 3024 3169 3095 περὶ
3226 3024 3326 3099 τὴν
3373 3025 3629 3097 σχετικὴν
3668 3023 3778 3078 τῶν

2195 3110 2413 3167 σεπτῶν
2440 3111 2666 3165 εἰκόνων
2698 3115 2725 3165 ό
2754 3112 3021 3182 δυσσεϐὴς
3058 3113 3356 3184 ἐσφάλλετο
3388 3113 3779 3186 προσκύνησιν,

499 3220 628 3263 cum
659 3207 924 3263 nimirum
977 3217 1296 3264 sanctorum
1329 3208 1609 3279 precibus,
1649 3218 1875 3281 propter
1916 3226 2083 3266 accu-

2199 3201 2333 3256 ἀλλὰ
2377 3201 2474 3255 καὶ
2508 3201 2772 3270 περὶτῶν
2805 3203 3111 3271 πρεσϐειῶν
3165 3205 3265 3274 τῆς
3321 3206 3592 3275 πανάγνου
3644 3204 3781 3257 θεο-

499 3308 652 3357 ratas
692 3315 962 3372 verasque
1008 3316 1201 3357 eorum
1238 3301 1507 3374 imagines
1542 3302 1652 3359 illic
1690 3304 1759 3359 ab
1797 3304 2088 3374 oppidanis

2199 3294 2357 3347 τόκου
2385 3295 2481 3347 καὶ
2519 3293 2741 3347 πάντων
2769 3293 2877 3347 τῶν
2913 3294 3115 3364 ἁγίων·
3137 3297 3233 3349 καὶ
3255 3296 3324 3351 τὰ
3347 3297 3574 3366 λείψανα
3604 3296 3783 3351 αὐτῶν

498 3392 772 3459 excultas,
799 3392 965 3466 idque
991 3393 1046 3449 in
1078 3394 1292 3466 tyranni
1320 3394 1746 3450 confutationem
1778 3402 1833 3450 et
1863 3395 2090 3450 inexcu-

499 3481 679 3540 sabile
701 3483 968 3538 adversus
1012 3496 1140 3537 eum
1176 3481 1471 3552 judicium,
1506 3490 1696 3538 contra
1725 3497 1857 3537 vero
1884 3482 1938 3537 in
1974 3483 2094 3553 pio-

500 3588 621 3629 rum
656 3572 1155 3637 conﬁrmationem,
1194 3572 1489 3628 Arabicum
1535 3571 1703 3628 istum
1751 3572 2015 3642 impetum
2064 3586 2093 3627 a

2196 3386 2226 3440 ὁ
2284 3386 2650 3459 παμμίαρος,
2705 3387 2781 3452 ὠς
2812 3390 2862 3442 oi
2892 3388 3208 3443 διδάσκαλοι
3261 3389 3431 3443 αὐτοῦ
3491 3388 3731 3461 ’Ἄραϐες
3763 3428 3779 3450 .

2201 3477 2569 3535 ἐϐδελύττετο.
2611 3479 2707 3534 Ἐκ
2736 3480 2892 3534 τοῦδε
2941 3481 3122 3535 τοίνυν
3150 3482 3245 3536 τοῦ
3268 3484 3463 3555 χρόνου
3480 3474 3714 3548 ἀναιδῶς
3735 3484 3781 3516 ⁸⁸

2203 3570 2281 3644 τῷ
2316 3572 2574 3645 μακαρίῳ
2599 3574 2868 3645 Γερμανῷ
2917 3575 3236 3649 πατριάρχῃ
3267 3575 3784 3630 Κωνσταντινουπό-

504 3675 823 3723 sanctorum
866 3664 1092 3722 Patrum
1154 3664 1292 3721 urbe
1344 3665 1462 3737 ipse
1518 3664 1747 3735 depulit.
1807 3664 2091 3720 Enimvero

2200 3664 2340 3728 λεως
2385 3666 2799 3738 προσετρίϐετο,
2877 3670 3229 3740 μεμφόμενος
3275 3671 3483 3733 πάντας
3520 3669 3648 3733 τοὺς
3676 3668 3783 3739 πρὸ

501 3756 708 3828 impius
752 3757 845 3813 ille
887 3772 997 3812 non
1047 3764 1261 3812 tantum
1321 3758 1380 3812 in
1432 3772 1624 3813 errore
1675 3758 1744 3813 de
1795 3759 2091 3830 respectiva

2199 3756 2366 3810 αὐτοῦ
2433 3756 2674 3828 βασιλεῖς
2756 3760 2849 3812 καί
2906 3761 3187 3832 ἀρχιερεῖς
3269 3762 3363 3815 καὶ
3418 3762 3786 3830 Χριστιανοὺς

500 3847 944 3904 venerandarnm
992 3847 1296 3918 imaginum
1353 3848 1680 3904 adoratione
1710 3858 1962 3905 versatus
1991 3857 2096 3916 est,

2198 3847 2364 3913 λαοὺς
2380 3849 2450 3917 ⁸⁸,
2472 3848 2548 3914 ὡς
2569 3850 3137 3925 εἰδωλολατρήσαντας
3159 3853 3253 3909 ἐπὶ
3268 3854 3313 3886 ⁸⁸
3327 3857 3391 3927 τῇ
3412 3854 3783 3926 προσκυνήσει

1802 3960 2042 4018 VARUS
2081 3960 2489 4019 LECTIONES.

573 4076 622 4110 τ’
649 4074 827 4147 εὐχῶν
866 4074 1000 4147 προς
1028 4074 1119 4129 τδν
1144 4076 1204 4130 Θ.
1233 4074 1275 4130 Α
1298 4073 1354 4140 b,
1377 4074 1558 4147 αύτῶν
1581 4074 1751 4147 λιτῶν
1764 4076 1900 4147 πρὸς
1935 4076 1997 4130 Θ.
2025 4075 2173 4147 vulg.

505 4163 658 4218 ρεστ.
689 4145 840 4272 adt?

505 4235 629 4272 γονε
661 4220 731 4272 Δ.
757 4234 790 4272 γ
824 4235 840 4272 π

501 4235 629 4288 γονε
661 4220 731 4284 A,
757 4218 947 4288 γέγονε
973 4218 1122 4288 vulg.

864 4162 920 4201 κ.
949 4145 1068 4213 λεγ.
1098 4148 1163 4209 A,
1190 4163 1324 4214 παρ.
1347 4162 1401 4199 κ.
1422 4145 1643 4229 ὶ...αὑτῷ
1664 4145 1820 4215 vulg;
1910 4146 1958 4178 ⁸⁸
1986 4145 2404 4216 προσϐαλόντων
2430 4145 2545 4200 τῶν
2566 4148 2625 4200 Σ.
2647 4148 2712 4212 Α,
2739 4146 3037 4272 προσϐἁλλ.
3065 4149 3141 4202 Σα

864 4233 947 4272 ονε
973 4218 1122 4272 vula.
1224 4216 1276 4250 "
1309 4216 1546 4272 ἀναιδῶς
1570 4217 1696 4272 add.
1727 4231 1792 4271 ex
1816 4218 1881 4271 A.
1974 4216 2020 4249 ”
2055 4217 2252 4272 Χοιστ.
2284 4217 2449 4272 λαοὺς
2479 4219 2545 4272 Α.
2586 4218 2693 4272 Χο.
2716 4236 2789 4272 κα
2849 4218 2901 4272 λ.
2938 4221 3084 4272 vuln.

1224 4216 1276 4250 "
1309 4216 1546 4280 ἀναιδῶς
1570 4217 1696 4273 add.
1727 4231 1792 4271 ex
1816 4218 1881 4271 A.
1974 4216 2020 4249 ”
2055 4217 2252 4285 Χριστ.
2284 4217 2449 4283 λαοὺς
2479 4219 2545 4285 Α,
2586 4218 2693 4290 Χρ.
2716 4222 2789 4273 κα

2998 4078 3044 4110 ⁷⁸
3078 4076 3172 4131 τοῦ
3202 4078 3330 4134 add.
3361 4096 3428 4135 ex
3451 4081 3516 4133 A.
3597 4079 3641 4112 τ’
3674 4094 3781 4134 πα-

3149 4166 3212 4252 ίῖὶ
3234 4148 3780 4278 ἷᾞιδὲιειά.⁸ξῖῗῖγέ’

2272 4077 2318 4108 ⁷⁷
2340 4074 2546 4148 αὐτοῖς]
2578 4076 2760 4131 αὐτῶν
2777 4076 2819 4131 Α
2847 4076 2886 4131 f.

2849 4218 2901 4275 λ.
2938 4221 3084 4291 vulg.

1768 4331 1910 4389 JAC.
1936 4330 2146 4388 (ΞΟΑηί
2187 4331 2424 4390 NOTAE.
2888 4381 2894 4387 .

501 4455 765 4527 deterriti,
801 4455 1029 4527 turpiter
1045 4471 1105 4510 re
1133 4455 1329 4526 infecta
1353 4466 1700 4514 recesserunt.
1730 4457 1925 4514 Anast.
1950 4455 2080 4512 Post

499 4526 898 4602 particularem’
932 4542 1210 4582 murorum
1268 4531 1617 4595 eversionem,
1678 4531 1816 4585 hanc
1853 4527 2080 4652 βυὶάεηι
2118 4565 2163 4622 D

501 4617 610 4652 non
657 4596 1020 4652 obtinuerunt.
1060 4598 1187 4652 bene
1235 4601 1465 4652 acceptis
1501 4608 1809 4652 sanctorum
1904 4612 2086 4652 atrum

501 4596 610 4656 non
657 4596 1020 4667 obtinuerunt,
1060 4598 1187 4652 bene
1235 4601 1465 4667 acceptis
1501 4608 1809 4654 sanctorum
1853 4596 2086 4652 Patrum

502 4666 748 4739 precibus
764 4666 834 4739 ad
862 4665 1025 4739 Deum
1054 4667 1297 4730 directis,
1326 4665 1374 4723 et
1396 4671 1826 4738 sanctiﬁcatione
1854 4669 2088 4739 faciente

502 4736 825 4810 uenerabilis
853 4736 1056 4805 templi,
1081 4748 1187 4792 etc.
1215 4739 1331 4810 Ego
1357 4740 1438 4794 sic
1463 4736 1644 4795 Graéc.
1673 4736 2043 4810 expresserim
2072 4756 2086 4793 :

504 4810 640 4866 Post
670 4807 862 4861 mantia
888 4822 954 4860 ex
981 4816 1131 4874 parte
1158 4807 1362 4870 eversa,
1385 4825 1504 4863 cum
1531 4807 1838 4866 sanctorum
1854 4807 2088 4863 Patrum

502 4881 595 4951 qui
619 4878 734 4951 illic
766 4875 1037 4951 coluntur,
1065 4876 1345 4951 delubrum
1370 4880 1493 4934 urbi
1524 4880 1776 4950 prwsidio
1810 4889 1965 4942 esset,
1990 4880 2089 4951 illa

541 4949 718 5005 itidem
756 4945 974 5001 minime
996 4948 1164 5017 potiti
1200 4958 1348 5011 sunt,
1392 4951 1458 5005 ob
1504 4945 1750 5017 acceptas
1790 4965 1974 5007 eorum
2014 4948 2087 5005 ad

627 5037 678 5074 m
706 5031 914 5089 preces;
947 5015 1039 5069 ubi
1069 5017 1234 5091 etiam
1263 5021 1581 5091 venerabiles
1603 5015 1786 5076 eorum
1826 5022 2085 5091 imagines

502 5086 897 5160 erectteierant,
921 5102 1056 5160 quas
1090 5086 1367 5160 hactenus,
1399 5098 1506 5147 etc.
1538 5089 1692 5147 Istud
1734 5091 1804 5147 de
1830 5086 2091 5160 imagini-

506 5162 634 5230 bus,
666 5158 927 5232 pictaque
960 5157 987 5210 1
1044 5159 1261 5232 synodo
1308 5176 1420 5229 quo
1472 5160 1594 5217 loco
1641 5162 1827 5218 habita
1878 5157 2086 5224 fenerat,

506 5229 689 5289 obiter
718 5236 939 5299 arrepta
967 5229 1267 5285 occasione
1290 5233 1359 5286 ab
1385 5246 1576 5286 earum
1611 5233 1794 5289 cultus
1816 5232 2090 5287 acerrimo

506 5302 802 5374 delensore
836 5300 1132 5355 insertum.
1167 5299 1261 5374 Sic
1290 5309 1348 5355 et
1389 5299 1552 5357 Joan.
1581 5301 1690 5374 ςΡ.
1724 5302 1977 5374 apologis
2015 5301 2085 5356 ad

506 5372 935 5443 Constantinum
981 5383 1181 5443 papam
1212 5369 1373 5427 Auct.
1412 5380 1547 5427 tom.
1587 5372 1628 5428 ll
1673 5369 2088 5443 sex'tam'syno-

505 5443 639 5499 dum
662 5456 788 5498 cum
825 5439 1188 5514 alji‘supictam
1218 5453 1491 5498 memorat
1522 5443 1595 5499 ad
1619 5443 1809 5514 palatii
1839 5439 2090 5514 vestibu-

507 5515 645 5580 lum,
671 5527 836 5584 quam
868 5509 1212 5632 Philippicus
1236 5513 1391 5582 prius
1414 5509 1743 5570 abolendam
1780 5513 2083 5574 curaverit,

507 5599 679 5632 annm
727 5582 833 5632 sibi
892 5579 1005 5632 illul
1078 5582 1261 5632 aulam
1303 5584 1589 5632 deligeret-
1632 5586 1906 5632 vellemne
1952 5583 2083 5632 ἱππ).

506 5579 833 5668 quum-sibi
890 5579 1026 5668 illud
1078 5579 1261 5668 aulam
1303 5584 1589 5668 deligeret,
1632 5586 1906 5668 velletque
1952 5583 2089 5668 imp.

509 5646 687 5725 ipsam
723 5648 959 5731 ingredi:
992 5646 1135 5704 Sunt
1154 5651 1270 5708 haec
1303 5646 1445 5724 ejus'
1463 5646 1631 5711 verba
1658 5671 1673 5710 :
1700 5646 1968 5724 (θεμέλιον
1992 5646 2091 5706 καὶ

509 5721 821 5803 ὑπόϐαθρον
860 5737 956 5774 του
986 5719 1243 5803 κράτους,
1274 5723 1343 5803 τό
1386 5725 1564 5803 βίαιον
1589 5725 1686 5803 καὶ
1722 5725 1826 5803 οὐξι
1861 5723 2089 5803 ἔννομον

508 5790 788 5862 προϐαλλό
835 5805 989 5853 ενος’
1030 5790 1256 5845 καθεῖλε
1289 5790 1409 5863 μὲν,
1450 5798 1544 5850 καὶ⁵
1590 5795 1701 5868 πρὸ
1742 5795 1844 5865 τῆς
1889 5790 2086 5877 εαυτοῦ

509 5861 720 5922 εἰσόδου
756 5808 856 5935 vnit
888 5858 1247 5920 ἀνατεθεῖσαν
1279 5866 1338 5921 ὲν
1363 5869 1474 5933 τοῖς
1506 5865 1823 5939 προαυλίοις
1851 5882 1960 5921 των
1990 5863 2089 5936 βα·

2190 4455 2412 4510 σιλικῶν
2451 4455 2638 4511 εἰκόνα
2684 4456 2782 4529 τῆς
2825 4456 2987 4529 ἁγίας
3031 4456 3201 4529 ἕκτης
3241 4457 3496 4512 συνόδου·
3545 4454 3778 4511 Funda-

2191 4538 2462 4598 mentum,_
2502 4543 2567 4598 ac
2613 4528 2784 4582 basim
2830 4528 3042 4598 imperii
3092 4528 3395 4585 violentiam
3430 4537 3781 4598 prwstruens,

2194 4613 2296 4652 non
2322 4596 2464 4667 quod
2487 4597 2697 4665 justum
2724 4606 2800 4652 est
2828 4616 2890 4652 ac
2906 4596 3250 4669 legitimum;
3278 4609 3401 4653 ante
3420 4614 3577 4653 suum
3604 4596 3781 4665 ipsum

2193 4670 2515 4752 ingressum,
2547 4684 2667 4752 .pro
2716 4669 2872 4750 regite
2909 4670 3181 4752 vestibulis
3225 4686 3527 4752 _a_ppensam
3565 4676 3785 4752 functa

2192 4750 2356 4810 sexta:
2392 4738 2581 4810 synodi
2615 4739 2920 4808 imaginem,
2949 4740 3188 4795 sustulit.
3223 4739 3283 4795 Id
3321 4745 3495 4810 ipsum
3531 4739 3781 4810 pluribus

2191 4809 2405 4881 Agatho
2423 4807 2705 4881 diaconus
2723 4807 2777 4863 in
2800 4810 3150 4881 peroratione
3171 4819 3281 4864 act.
3301 4807 3549 4881 ejusdem
3582 4809 3779 4881 synodi

2190 4878 2261 4950 ab
2312 4879 2433 4950 ipso
2462 4878 2894 4948 descriptorum,
2939 4895 3009 4935 ac
3033 4879 3122 4935 cui
3163 4881 3281 4950 ipse
3312 4878 3573 4950 exceptor
3607 4878 3779 4934 inter-

2194 4948 2391 5019 fuisset
2419 4964 2519 5019 pro
2549 4950 2750 5004 notarii
2787 4965 3063 5006 munere:
3105 4948 3200 5019 qui
3247 4960 3301 5005 et
3341 4948 3514 5009 addit.
3561 4951 3780 5005 sublato

2192 5018 2467 5091 Barbarie,
2505 5033 2750 5091 paceque
2798 5019 3073 5091 Ecclesiae,
3099 5018 3340 5083 reddita,
3376 5021 3646 5090 depictam
3674 5021 3780 5074 ite-

2191 5105 2315 5144 rum
2345 5089 2519 5147 l‘uisse
2555 5089 2673 5159 quo
2702 5092 2825 5146 loco
2859 5106 3018 5147 erasa
3053 5089 3254 5153 fuerat,
3285 5089 3533 5145 eamdem
3566 5099 3776 5144 sextam

2190 5159 2622 5248 synodum‘cui’n
2652 5162 2899 5248 quinque
2935 5162 3352 5248 superioribus;
3386 5160 3591 5248 Ἦρῆς
3604 5161 3782 5248 abst);

2193 5230 2356 5296 ἁγίας
2397 5232 2491 5285 κα)⁸
2546 5230 2938 5302 οἰκουμενικῆς
2989 5230 3156 5300 ἕκτης
3192 5233 3414 5286 συνόδου
3452 5230 3779 5302 ἁναζωγρὰο

2193 5318 2359 5372 φησις
2391 5303 2490 5372 opu
2511 5303 2637 5366 ταῖς
2668 5299 2859 5367 ἄλλαις
2887 5299 3052 5357 πέντε
3084 5299 3403 5372 γεγένηται.
3442 5299 3737 5372 Cononis.

2264 5372 2378 5442 (38)
2410 5370 2739 5427 Sanctorum
2772 5373 2996 5428 Patrum
3029 5372 3096 5427 ad
3127 5370 3502 5429 (acumenicas
3533 5370 3775 5442 synodos

2191 5443 2637 5497 convenientium
2669 5444 2991 5498 memoriam
3040 5458 3150 5498 non
3183 5443 3345 5512 pictis
3393 5442 3556 5497 modo
3581 5454 3772 5512 eorum

2192 5513 2369 5567 sacris
2401 5513 2665 5577 vultibus,
2700 5514 2784 5567 vel
2826 5514 3025 5568 dicatis
3060 5510 3255 5568 eorum
3286 5513 3498 5567 nomini
3531 5510 3770 5581 templis.

2190 5580 2287 5654 sed
2315 5591 2370 5636 et
2406 5584 2651 5640 colendae
2677 5583 2931 5654 religioni
2955 5583 3251 5639 destinatis
3283 5581 3772 5654 diebusmEcclesia

2190 5652 2381 5708 Omen
2412 5654 2676 5724 celebrat.
2726 5650 2923 5708 Festos
2966 5668 3219 5724 quosque
3259 5666 3448 5724 sacros
3494 5652 3620 5708 illos
3653 5650 3776 5706 dies

2192 5738 2287 5793 per
2328 5724 2456 5793 anni
2492 5722 2679 5793 varias
2713 5722 3074 5793 tempestates
3101 5724 3311 5778 indicat
3336 5722 3628 5777 Mencum.

2261 5792 2376 5864 ('59)
2408 5792 2680 5864 Miscella,
2709 5807 2776 5864 ea;
2807 5792 3087 5864 mangone.
3120 5793 3196 5852 De
3222 5793 3436 5852 bellicis
3462 5794 3621 5853 hisce
3650 5801 3770 5848 ιω-

2190 5861 2392 5924 mentis
2416 5861 2638 5937 Lipsius
2657 5864 2716 5923 in
2744 5861 3137 5923 Poliorceticis.
