4100 6458
445 374 560 439 835

1882 359 2391 422 THEOPHANIS

3639 357 3748 425 836

451 488 686 560 perdunt
713 493 768 541 et
803 483 1101 555 perniciem
1139 482 1415 555 ingerunt,
1449 493 1479 532 a
1529 476 1726 546 primis
1761 485 1923 531 annis
1955 477 2042 529 in-

2160 475 2336 539 ιὺτὸν,
2362 476 2456 526 καὶ
2493 471 2847 544 ’Δρτασάσδῳ
2867 471 3256 546 κουροπαλάτῃ
3288 472 3384 528 καὶ
3419 474 3626 546 κόμητι
3648 476 3750 530 τοῦ

450 580 694 636 nutritus
729 578 849 632 fuit.
888 578 1182 646 Postquam
1235 587 1366 628 vero
1394 580 1680 640 paternam
1726 577 2051 639 potestatem

452 673 685 742 ejusque
725 669 890 725 simul
938 666 1275 736 impietatem
1320 662 1669 718 baereditario
1711 662 1840 731 jure
1895 661 2052 726 adiit,

452 763 582 834 quis
612 762 886 828 explicare
923 759 1122 814 valeat.
1150 771 1290 825 quas
1341 751 1567 807 malitia:
1607 753 1796 806 turbas
1823 752 1894 806 ab
1919 749 2056 819 ipsis

452 849 770 921 primordiis
794 846 1060 903 scelestus
1087 845 1177 899 ille
1214 857 1280 898 ac
1316 842 1554 912 piaculis
1590 841 1850 896 omnibus
1888 840 2053 911 347

455 943 692 999 infectus
735 941 986 1004 moverit,
1037 949 1090 992 et
1138 952 1277 1006 quas
1311 951 1408 1006 per
1453 935 1773 989 universum
1814 935 2003 988 orbem
2035 973 2050 997 ,

453 1047 714 1105 tanquam
766 1049 866 1102 per
893 1033 1039 1088 aeris
1095 1030 1333 1102 spatium
1360 1070 1375 1095 ,
1415 1029 1686 1082 malorum
1743 1025 2052 1083 evomuerjt

451 1124 748 1181 ﬂammas?
781 1123 902 1178 Non
935 1123 1068 1177 levis
1094 1123 1296 1176 etenim
1321 1120 1703 1175 incendiorum
1732 1116 2052 1188 huiusmodi

453 1227 795 1287 spectatores
832 1215 1055 1270 tristitia
1085 1223 1140 1268 et
1183 1214 1497 1268 animorum
1534 1211 1913 1268 consternatio
1958 1211 2049 1264 in-

452 1311 641 1377 cessit,
676 1309 816 1366 adeo
851 1318 911 1364 ut
938 1311 1008 1363 ab
1052 1307 1265 1377 imperii
1298 1307 1486 1361 statim
1521 1305 1795 1376 principio
1829 1313 2053 1374 propter

453 1403 702 1458 innatam
735 1401 1125 1458 truculentiam
1170 1414 1362 1456 omnes
1391 1413 1622 1454 exosum
1657 1397 1970 1459 habuerint,
1997 1404 2052 1451 et

457 1493 514 1547 in
550 1493 920 1549 Artabasdum
956 1491 1331 1562 curopalatem
1369 1498 1423 1544 et
1465 1488 1671 1559 Opsicii
1704 1489 1957 1544 comitem
1995 1497 2050 1542 et

456 1586 530 1639 ob
557 1585 790 1639 loeatam
833 1598 1079 1639 sororem
1111 1584 1326 1637 Annam
1367 1582 1487 1651 ejus
1513 1597 1795 1651 generum,
1826 1595 1926 1634 ceu
1966 1595 2054 1634 re-

456 1687 606 1732 ctum
641 1677 708 1730 de
732 1677 834 1731 [ide
853 1690 1076 1730 sensum
1103 1674 1306 1743 jugitcr
1329 1674 1677 1736 retinentem,
1711 1672 1848 1727 bene
1868 1671 2049 1727 aﬂ'ecti

2155 567 2404 636 ὐψικίου
2455 566 2829 638 προστεθῆναι
2861 565 3100 638 γαμϐρῷ
3146 584 3207 620 τε
3241 567 3408 622 αὐτοῦ
3441 569 3486 599 ⁷⁸
3513 568 3626 623 ὅντι
3659 570 3750 624 ἐπ’

2153 661 2360 730 ἁδελφῇ
2405 659 2596 731 Ἀννῃ,
2632 659 2726 711 καὶ
2753 657 2854 729 τὴν
2887 657 3168 728 βασιλείαν
3196 657 3346 729 αὐτῷ
3379 659 3454 722 ὡς
3479 658 3749 731 ὁρθοδόξῳ

2154 750 2516 816 παραδοῦναι.
2569 748 2660 820 Τῷ
2685 748 2731 801 δ’
2757 748 2908 818 αὐτῷ
2956 749 3070 801 ἔτει
3125 748 3338 811 ἀνεῖλεν
3373 749 3529 819 Ἰσαμ
3560 751 3589 804 6
3638 751 3752 804 τῶν

2151 841 2403 913 Ἀράῦων
2436 841 2682 912 ἀρχηγὸς
2695 842 2824 904 τοὺς
2848 839 2992 894 κατὰ
3032 841 3214 894 πᾶσαν
3241 839 3398 893 πόλιν
3423 841 3468 871 ’ί
3514 841 3616 910 τῆς
3652 840 3750 896 ὑπ’

2157 932 2322 989 αὐτοῦ
2350 935 2528 1006 ἀρχῆς
2550 932 2932 1004 αἰχμαλώτους
2960 933 3352 1002 Χριστιανοὺς,
3383 933 3442 986 ὲν
3467 927 3550 998 οἷς
3582 935 3678 988 καὶ
3703 933 3752 967 τ’

2158 1027 2461 1090 Εὑστάθιος
2494 1027 2522 1079 6
2559 1027 2832 1097 μακάριος
2864 1026 2976 1097 (Ἰί)
3012 1026 3127 1088 υἱὸς
3166 1015 3413 1096 Μαρίνου
3443 1025 3490 1057 ⁷³
3521 1025 3616 1079 τοῦ
3648 1043 3752 1080 πε-

2153 1120 2454 1194 ¹ρισλέτινιτου
2487 1119 2780 1190 πατρικίου
2811 1118 2986 1172 πολλὰ
3015 1118 3283 1188 βιασθεὶς,
3320 1119 3415 1171 καὶ
3449 1119 3548 1189 τὴν
3575 1119 3750 1172 αὑτοῦ

2159 1214 2447 1286 εξληκρινῆ
2478 1213 2664 1268 πίστιν
2701 1212 2776 1284 μὴ
2829 1213 3236 1284 ἀρνησάμενος,
3289 1210 3503 1282 μάρτυς
3543 1211 3755 1282 ἀληθὴς

2160 1305 2446 1375 ἀνεδείχθη
2474 1306 2554 1367 είς
2577 1303 2768 1374 Χαρὰν
2799 1302 2872 1368 ⁷⁸,
2908 1302 3069 1356 πόλιν
3097 1298 3264 1354 οὖσαν
3295 1300 3395 1368 τῆς
3422 1301 3573 1353 Μεσο
3590 1316 3755 1352 ποτα-

2160 1398 2290 1466 μίας
2335 1397 2630 1467 ἐπίσημον,
2690 1394 2820 1448 ἔνθα
2864 1394 2963 1447 καὶ
3003 1395 3072 1448 τὰ
3103 1393 3262 1463 τίμια
3307 1391 3472 1446 αὑτοῦ
3504 1391 3596 1444 καὶ
3619 1389 3753 1457 ἅγια

2157 1486 2387 1555 λείψανα
2421 1487 2593 1549 ἰάσεις
2623 1486 2886 1548 παντοίας
2906 1484 3218 1538 ἐπιτελοῦσι
3247 1483 3368 1556 θείᾳ
3402 1483 3587 1552 χάριτι
3606 1497 3619 1510 ·
3655 1480 3752 1532 καὶ

2160 1579 2347 1632 πολλοὶ
2375 1578 2552 1649 ἕτεροι
2574 1578 2663 1631 διὰ
2697 1575 3002 1651 μαρτυρίου
3042 1577 3138 1631 καὶ
3173 1576 3406 1648 αἵματος
3438 1576 3498 1628 ὲν
3529 1569 3753 1644 Χριστῷ

2160 1669 2578 1740 ἐτελειώθησαν.

455 1770 748 1840 imperium
783 1768 1093 1822 studuerint
1141 1766 1604 1821 transferendum.
1641 1765 1910 1820 Caeterum
1955 1763 2148 1819 eodem
2169 1779 2313 1818 anno
2344 1763 2483 1818 lsam
2523 1762 2768 1817 Arabum
2808 1759 3063 1832 princeps
3113 1759 3458 1816 Christianos
3509 1756 3750 1828 captivos

453 1879 552 1935 per
578 1861 826 1933 singulas
856 1859 1078 1914 ditionis
1105 1874 1220 1914 suae
1253 1857 1419 1913 urbes
1447 1858 1515 1912 ad
1543 1872 1711 1912 unum
1752 1855 2050 1921 interfecit,
2092 1857 2235 1912 inter
2258 1871 2396 1925 quos
2438 1855 2632 1910 beatus
2660 1854 2981 1909 Eustathius
3008 1852 3203 1907 Marini
3273 1851 3587 1923 spectabilis
3651 1865 3751 1920 pa-

456 1957 601 2013 tricii
676 1955 824 2010 ﬁlius
870 1955 1040 2008 multa
1090 1968 1288 2024 passus
1334 1961 1632 2017 tormenta,
1675 1966 1778 2006 nec
1855 1951 2130 2010 sinceram
2167 1967 2324 2006 suam
2354 1951 2516 2007 (idem
2551 1952 2620 2006 ob
2644 1951 2698 2006 id
2731 1950 2976 2022 ejurans,
3001 1949 3053 2003 in
3081 1949 3317 2004 Cltaram
3344 1950 3544 2005 celebri
3577 1949 3754 2004 Meso-

454 2049 710 2122 potamiae
750 2048 907 2113 urbe,
943 2063 1106 2102 verus
1143 2057 1305 2115 atque
1345 2045 1578 2102 illustris
1617 2051 1825 2113 martyr
1858 2043 2052 2108 eluxit,
2096 2044 2190 2100 ubi
2224 2045 2549 2100 veneranda:
2593 2052 2908 2114 sauciaeque
2938 2042 3059 2114 ejus
3093 2042 3360 2113 reliquiae,
3428 2044 3604 2113 gratia
3656 2043 3752 2099 Dei

454 2144 782 2216 Opitulante,
807 2140 989 2196 omnis
1017 2140 1236 2209 generis
1262 2138 1507 2210 praebent
1535 2137 1826 2194 medelam.
1865 2136 1972 2192 Sed
2003 2146 2059 2194 et
2098 2137 2252 2193 multi
2283 2139 2376 2193 alii
2421 2153 2519 2209 per
2553 2137 2882 2211 martyrium
2936 2135 3112 2193 eiiuso
3153 2135 3424 2206 sanguine
3503 2152 3754 2194 consum-

577 2241 592 2294 i
623 2247 775 2294 sunt.

457 2251 592 2297 matt
623 2251 775 2294 sunt.

527 2333 596 2388 Α.
626 2333 693 2388 C.
723 2327 1293 2384 735.—Romanorum
1328 2327 1669 2398 imperatoris
1713 2326 2054 2382 Constantini

2230 2327 2301 2383 A.
2330 2325 2402 2381 Μ.
2434 2325 2596 2381 6255.
2632 2354 2700 2364 ——
2742 2323 3045 2395 Ῥωμαίων
3087 2323 3401 2390 ,βασιλέως
3435 2325 3754 2380 Κωνσταν-

456 2440 634 2478 annus
657 2423 887 2492 primus.

531 2513 647 2576 Hoc
676 2527 822 2568 anno
851 2513 942 2566 Dei
964 2510 1176 2581 judicio
1202 2508 1275 2563 ita
1296 2507 1607 2574 ordinante,
1631 2517 1687 2563 et
1716 2506 2054 2562 offensarum

462 2621 781 2664 nosrrarum
800 2603 1153 2674 multitudine
1176 2615 1368 2672 poenas
1382 2610 1734 2671 provocante,
1752 2599 2057 2669 patriorum

457 2694 849 2751 institutorum
905 2701 1230 2764 persecutor
1293 2691 1698 2746 Constantinus
1762 2690 2058 2760 imperium

460 2788 690 2858 accepit.
729 2785 932 2840 Mensis
979 2786 1164 2854 itaque
1208 2782 1364 2838 Junii
1402 2781 1493 2836 die
1523 2783 1788 2837 vicesimo
1827 2782 2060 2852 septimo

458 2884 529 2937 ad
572 2882 956 2951 insequentem
1008 2878 1371 2934 indictionern
1412 2877 1682 2931 decimam
1729 2875 2059 2945 pertinente,

459 2975 728 3029 adversus
756 2973 964 3027 Arabes
993 2972 1140 3026 circa
1167 2969 1374 3040 Opsicii
1404 2970 1685 3040 regionem
1713 2968 2060 3038 expeditione

460 3077 742 3134 suscepta,
765 3063 833 3118 ad
866 3065 1080 3127 urbem,
1105 3078 1227 3133 quae
1251 3061 1454 3116 Crasus
1484 3061 1706 3124 dicitur,
1729 3063 1898 3114 venit.
1918 3061 2058 3114 Cum

461 3170 596 3211 vero
648 3155 994 3209 Artabasdus
1024 3152 1228 3224 Opsicii
1267 3153 1504 3206 militum
1551 3167 1716 3206 manu
1759 3152 2059 3207 comitatus

461 3247 695 3318 Dorylaei
735 3256 1088 3312 versaretur,
1142 3255 1391 3301 mutuam
1447 3245 1516 3299 de
1561 3261 1620 3300 se
1675 3244 1780 3299 sibi
1823 3245 2057 3300 invicem

461 3342 832 3410 suspicionem
865 3340 1208 3410 ingerebant.
1234 3338 1635 3394 Constantinus
1655 3349 1838 3391 autem
1876 3339 2062 3394 missis

459 3433 530 3488 ad
572 3433 939 3486 Artabasdunt
980 3431 1198 3495 litteris,
1246 3431 1388 3484 lilios
1419 3430 1562 3500 ejus,
1591 3445 1688 3484 ceu
1734 3440 1959 3497 nepotes
1989 3445 2055 3484 ex

458 3538 674 3590 sorore,
718 3534 773 3578 et
811 3523 971 3593 quasi
1031 3523 1246 3576 videndi
1276 3537 1370 3577 eos
1399 3523 1615 3586 avidus,
1663 3522 1730 3575 ad
1779 3538 1836 3577 se
1872 3533 2056 3578 trans-

461 3617 604 3672 mitti
633 3617 950 3697 postulavit.
997 3616 1053 3670 Id
1086 3629 1272 3670 autem
1306 3614 1426 3684 ejus
1457 3615 1643 3669 animo
1671 3615 1848 3669 inerat
1873 3615 2057 3670 consi-

2160 2419 2219 2472 τί
2221 2435 2330 2471 νου
2359 2418 2495 2482 ἔτος
2521 2415 2594 2470 a'.

2232 2510 2419 2582 Τούτῳ
2466 2509 2544 2579 τῷ
2593 2510 2704 2562 ἔτει
2731 2509 2783 2561 ’ὁ
2841 2507 3080 2580 διώκτης
3108 2509 3217 2560 τῶν
3251 2510 3748 2580 πατροπαραδότων

2161 2602 2384 2673 θεσμῶν
2419 2604 2835 2664 Κωνσταντῖνος
2882 2602 3243 2654 ἐϐασίλευσεν
3299 2600 3470 2665 θείοις
3522 2601 3746 2672 κρίμασι

2160 2696 2257 2748 καὶ
2283 2693 2483 2764 πλήθει
2506 2693 2872 2762 πταισμάτων
2899 2693 3077 2764 ἡμῶν.
3104 2693 3195 2763 Τῷ
3240 2692 3332 2746 οὖν
3359 2692 3565 2762 Ἰουνίῳ
3599 2695 3746 2763 μηνὶ,

2159 2788 2383 2857 εἰκοστῇ
2426 2785 2634 2858 ἑϐδόμῃ
2664 2785 2763 2854 τῆς
2798 2785 3060 2838 ἐπέκεινα
3110 2783 3345 2855 δεκάτης
3404 2784 3754 2850 ίνδικτιῶνος,

2161 2879 2397 2944 ἐξελθὼν
2422 2881 2480 2934 ἐν
2508 2883 2620 2942 τοῖς
2654 2880 2849 2950 μέρεσι
2886 2877 2981 2932 τοῦ
3011 2878 3258 2949 Ὀψικίου
3293 2879 3438 2932 κατὰ
3459 2879 3567 2932 τῶν
3598 2878 3759 2947 ’Δρά-

2161 2975 2295 3038 6ων,
2347 2970 2512 3045 ἦλθεν
2549 2975 2607 3026 ἐν
2659 2976 2726 3044 τῇ
2759 2972 3030 3044 λεγομένῃ
3065 2972 3289 3045 Κρασῷ.
3320 2971 3427 3025 Τοῦ
3457 2973 3515 3025 δὲ
3557 2971 3759 3042 Ἀρτα-

2161 3066 2359 3120 6άσδου
2383 3064 2495 3138 (73)
2533 3067 2593 3118 ὲν
2621 3064 2698 3136 τῷ
2728 3065 3009 3137 Δορυλαίῳ
3043 3065 3183 3134 μετὰ
3212 3064 3307 3117 τοῦ
3341 3063 3589 3132 ὐψικίου
3624 3060 3757 3114 λαοῦ

2159 3159 2334 3224 ὄντος,
2386 3157 2761 3212 ὑπεϐλέποντο
2797 3158 3074 3228 ἀλλήλοις.
3111 3155 3464 3219 Ἀποστείλας
3494 3155 3551 3208 δὲ
3603 3155 3760 3208 Κων-

2160 3255 2442 3315 σταντῖνος
2500 3251 2639 3322 πρὸς
2696 3251 2900 3316 αὐτὸν,
2959 3251 3143 3320 ᾐτεῖτο
3199 3249 3328 3313 τοὺς
3383 3251 3534 3312 υἱοὺς
3592 3247 3758 3302 αἰ.τοῦ

2160 3342 2479 3412 πεμφθῆναι
2527 3339 2696 3411 αὐτῷ,
2732 3339 2809 3404 ὡς
2886 3341 2982 3394 an
3045 3339 3302 3404 ἀνεψιοὺς
3334 3339 3523 3399 αὐτοῦ.
3580 3339 3760 3392 ποθῶν

2161 3436 2290 3489 ἰδεῖν
2345 3435 2564 3499 αὐτούς.
2599 3434 2808 3497 Σκοπὸς
2842 3435 2899 3486 δὲ
2953 3430 3020 3504 ἦν
3044 3435 3193 3504 αὑτῴ
3223 3436 3519 3504 κατασχεῖν
3557 3433 3758 3497 αὐτοὺς

2159 3531 2263 3583 καὶ.
2283 3530 2614 3600 φρουρῆσαι.
2662 3525 2719 3580 Ὀ
2763 3526 2819 3578 δὲ
2864 3525 2955 3580 τὸν
2989 3527 3035 3557 ⁷⁸
3067 3526 3218 3579 δόλον
3259 3527 3461 3596 νοήσας
3496 3527 3592 3578 καὶ
3624 3527 3761 3580 ἀπο-

2159 3619 2323 3688 γνοὺς
2354 3614 2548 3670 ἑαυτοῦ
2585 3615 2910 3685 γιγνώσκων
2936 3633 2996 3668 τε
3030 3617 3130 3685 τὴν
3183 3617 3424 3688 ἄμετρον
3485 3618 3757 3687 πονηρίαν

458 3710 616 3774 lium,
644 3691 704 3762 ut
742 3724 942 3778 pueros
971 3708 1236 3763 retineret
1266 3714 1320 3761 et
1362 3717 1608 3762 servaret
1639 3708 1742 3760 sub
1783 3706 2055 3761 custodia.

2164 3709 2353 3772 αὐτοῦ,
2405 3710 2739 3780 διαλαλήσας
2783 3727 2843 3763 τε
2884 3709 2963 3780 τῷ
3003 3709 3130 3780 λαῴ
3159 3712 3254 3765 καὶ
3288 3710 3506 3773 πείσας,
3530 3708 3760 3780 ὥρμησε

459 3802 554 3857 Ille
583 3801 768 3855 dolum
807 3801 1201 3864 subodoratus,
1232 3800 1370 3855 etde
1395 3799 1560 3854 rebus
1592 3799 1708 3854 suis
1733 3799 2056 3870 desperans,

459 3908 562 3948 ceu
597 3892 1041 3962 inexplicabilem
1075 3892 1194 3962 ejus
1227 3893 1528 3962 nequitiam
1561 3901 1823 3962 expertus
1845 3934 1860 3958 ,
1899 3907 2058 3947 exer-

459 3985 631 4039 citum
678 3985 1018 4054 alloquitur,
1055 3993 1110 4038 et
1140 3985 1209 4038 ad
1247 3999 1334 4039 res
1384 3984 1670 4038 novandas
1717 3984 1946 4047 inducit,
1991 3999 2058 4041 ac

462 4094 592 4134 mox
649 4093 775 4132 cum
806 4078 983 4147 copiis
1023 4078 1280 4133 omnibus
1332 4077 1600 4132 adversus
1640 4092 1768 4132 eum
1825 4078 2058 4148 suscipit

461 4168 895 4239 profectionem,
932 4170 1219 4239 primoque
1258 4168 1382 4222 belli
1434 4169 1640 4238 impetu
1689 4167 1855 4224 Beser
1895 4169 2061 4224 Sara-

462 4260 656 4314 cenica
689 4261 937 4315 doctrina
973 4259 1235 4313 infectum
1276 4258 1381 4312 sibi
1417 4259 1638 4313 obviam
1671 4258 1873 4314 factum
1908 4257 2058 4314 ferro

457 4353 832 4408 obtruncavit.
873 4353 1271 4408 Constantinus
1307 4359 1490 4406 autem
1530 4353 1878 4407 veredarium
1920 4353 2057 4408 sella

461 4445 796 4498 instructum
816 4459 880 4497 ac
911 4442 1048 4497 forte
1069 4452 1344 4511 repertum
1365 4441 1705 4509 conscendit,
1735 4450 1789 4496 et
1815 4443 1867 4497 in
1890 4443 2062 4497 Amo-

458 4539 598 4594 rium
655 4556 714 4595 se
761 4540 886 4608 fuga
945 4541 1196 4609 surripit,
1249 4549 1363 4593 tum
1417 4553 1550 4594 vero
1597 4539 1666 4592 ad
1708 4539 2060 4598 orientalium

459 4632 668 4697 thema,
703 4633 792 4688 cui
833 4630 1001 4704 348
1037 4642 1170 4686 tunc
1207 4631 1494 4702 Longinus
1533 4641 1800 4700 praeerat,
1834 4647 1893 4685 se
1924 4631 2065 4686 reci-

459 4724 635 4795 piens.
689 4725 756 4780 de
808 4727 986 4782 salute
1037 4725 1393 4780 securitatem
1444 4724 1664 4793 accipit,
1710 4738 1775 4778 ac
1817 4723 2060 4778 vicissim

459 4819 674 4888 magnis
721 4818 1207 4890 pollicitationibus
1245 4829 1342 4873 eos
1386 4817 1720 4872 demeretur.
1756 4815 1884 4870 Inde
1923 4831 2056 4871 con-

460 4909 617 4966 tinuo
643 4909 714 4965 ad
750 4910 1149 4975 Sisinnacium,
1197 4909 1444 4981 ejusdem
1487 4906 1886 4964 Thracensium
1931 4908 2055 4964 the-

2166 3806 2287 3858 κατ’
2310 3803 2476 3857 αὐτοῦ
2505 3804 2604 3856 σὺν
2641 3797 2811 3856 παντῖ
2831 3804 2906 3874 τῷ
2931 3802 3152 3872 πλήθει,
3185 3804 3281 3856 καὶ
3305 3802 3400 3856 τὸν
3428 3802 3529 3873 μὲν
3562 3803 3760 3872 πατρί-

2165 3915 2284 3951 κιον
2325 3896 2514 3969 Βησὴρ
2570 3897 2662 3950 τὸν
2723 3898 3194 3969 Σαρακτινόφρονα
3245 3899 3358 3968 (74)
3412 3898 3763 3967 προϋπαντή-

2167 4004 2340 4042 σαντα
2385 3987 2694 4059 ρομφαὶᾳ⁷⁶
2740 3989 2988 4042 ἀνεῖλεν·
3040 3991 3069 4041 6
3115 3988 3174 4041 δὲ
3210 3990 3621 4052 Κωνσταντῖνος
3662 4006 3761 4042 na-

2160 4081 2357 4153 ρίππιν
2387 4081 2498 4152 (73)
2521 4080 2699 4150 εὑρὼν
2733 4081 3082 4152 ἐστρωμένον
3131 4083 3226 4135 καὶ
3261 4081 3462 4144 ἐπιϐὰς
3487 4081 3656 4135 αὐτοῖο
3690 4082 3756 4148 τ’,

2157 4171 2358 4240 ἔφυγεν
2382 4170 2464 4234 είς
2495 4171 2556 4222 τὸ
2593 4169 2868 4242 Ἀμώριον
2896 4171 2990 4223 καὶ
3019 4169 3393 4241 προσδραμὼν
3419 4171 3498 4241 τῷ
3561 4170 3760 4241 θέματι

2155 4261 2266 4315 τῶν
2311 4260 2652 4315 ἀνατολικῶν
2684 4261 3150 4333 στρατηγουμένῳ
3189 4263 3310 4316 τότε
3343 4262 3446 4315 ὑπὸ
3482 4262 3580 4316 τοῦ
3614 4265 3758 4332 Λογ-

2155 4355 2310 4426 γίνου
2340 4355 2386 4388 ⁷³
2414 4353 2789 4426 περισώζεται
2851 4355 2944 4408 ὑπ’
2977 4355 3182 4421 αὐτῶν,
3222 4354 3498 4422 δεξιοῦταί
3528 4373 3590 4411 τε
3635 4355 3760 4410 τού-

2166 4466 2294 4514 τους
2337 4448 2605 4520 μεγάλαις
2666 4447 3063 4518 ὑποσχὲσεσινο
3095 4448 3196 4501 καὶ
3235 4449 3373 4519 πρὸς
3421 4449 3760 4504 Σισιννάκιον

2170 4542 2492 4598 ἀποστέλλει
2531 4542 2694 4607 εὐθὺς
2729 4541 3036 4612 στρατηγὸν
3081 4539 3214 4595 ὄντα
3267 4540 3330 4595 τὸ
3373 4541 3684 4610 τηνικαῦτα
3713 4540 3756 4572 ’³

2171 4635 2265 4690 τοῦ
2297 4636 2342 4668 ⁸⁸
2384 4634 2621 4705 θέματος
2651 4635 2764 4689 τῶν
2813 4634 3168 4705 Θρᾳκησίων,
3213 4636 3310 4688 καὶ
3348 4635 3528 4688 πείθει
3561 4634 3758 4696 αὐτοὺς

2174 4727 2540 4798 συμμαχῆσαι
2565 4725 2740 4796 αὐτῷ.
2787 4724 3075 4780 Ἐντεῦθεν
3121 4721 3217 4780 οὖν
3248 4727 3422 4798 μάχαι
3450 4727 3756 4781 δεινόταται

2165 4819 2264 4872 καὶ
2284 4819 2652 4890 ἀνθοπλισμοὶ
2671 4817 2952 4888 γίγνονται
2974 4821 3088 4882 τοῖς
3103 4819 3388 4891 ὑπηκόοις,
3410 4819 3686 4892 ἑκατέρων
3709 4817 3754 4849 ⁸⁸

2167 4913 2434 4982 βασιλέων
2487 4913 2998 4984 ἀναγορευομένων.
3031 4912 3403 4986 Ἀρτάϐασδος
3448 4913 3506 4966 δὲ
3551 4911 3756 4986 γράφει

1741 5021 1981 5078 ἾΑΒΙᾸΞ
2012 5022 2426 5081 LECTIONES.

525 5116 832 5202 ἶῖγαμδρεῑα
852 5137 921 5202 1⁸³
961 5121 1128 5202 eiei
1151 5120 1234 5202 ἢν.
1258 5116 1511 5202 mw???
1549 5135 1610 5202 ῑτε
1655 5117 1805 5202 si“?
1833 5117 1980 5202 "98°

458 5259 502 5293 ἐ
532 5263 592 5314 τῦ
623 5259 804 5333 τηνικ.
844 5262 911 5330 Α,
947 5263 1043 5318 τοῦ
1069 5259 1190 5334 τηνζ
1230 5265 1377 5331 vulg.
1454 5260 1500 5292 ⁸ο
1523 5260 1616 5314 τοῦ
1642 5264 1765 5316 add.
1798 5277 1866 5316 ex
1895 5264 1961 5315 A.

2079 5117 2125 5193 ’ξ
2159 5119 2342 5193 πᾶσαν
2371 5121 2526 5193 πόλιν
2556 5122 2623 5189 Α,
2659 5121 2780 5177 πόλ.
2824 5124 2964 5179 πᾶσ.
2999 5123 3149 5193 vulg,

529 5187 814 5264 Μαριανοῦ
979 5193 1030 5264 ’ξ
1051 5187 1277 5264 Χαρρὰν
1303 5187 1369 5244 Α.
1514 5189 1750 5264 τὸνθιιιί.
1784 5207 1850 5244 ex
1880 5187 1950 5244 ΑΖ
2025 5191 2269 5264 Ἠξλρομφ.
2287 5190 2366 5264 Δ.
2442 5192 2488 5224 ⁷⁷
2509 5195 2592 5254 εἰς
2610 5187 2809 5248 ναὺτὸΑ
2827 5211 2878 5258 e,
2909 5196 2996 5249 ἐπ’
3024 5187 3160 5250 αὐτὶ
3185 5195 3224 5252 Γ.

2055 5261 2102 5294 ⁸⁸
2133 5263 2412 5334 ἑκατέρων
2449 5265 2513 5330 Λ,
2538 5265 2647 5319 τῶν
2671 5265 2755 5319 ἐκ.
2789 5268 2935 5336 vulg.

3250 5125 3294 5157 "
3318 5124 3412 5177 καὶ
3433 5125 3559 5180 add.
3586 5139 3653 5180 ex
3681 5125 3751 5178 Α.

3302 5195 3348 5226 ’⁸
3377 5195 3656 5265 Δαγκίνου
3686 5195 3751 5249 Δ.

1736 5373 1881 5430 JAC.
1914 5372 2128 5431 GOARI
2171 5375 2405 5432 NOTAE.

525 5492 640 5563 (72)
680 5491 754 5546 De
777 5507 887 5563 quo
917 5492 1173 5562 superius
1205 5508 1352 5548 anno
1376 5491 1576 5549 Leonis
1604 5493 1696 5547 ετ.

530 5562 644 5637 (ξᾷ)
672 5563 776 5637 Qui
811 5562 1376 5637 Niccpltoro_ubique
1417 5565 1776 5637 Ἀρτάϐαζος.

526 5635 643 5702 (74)
672 5634 895 5703 Βίσιρον
926 5636 1119 5690 scribit
1139 5633 1508 5706 Nicepltorus'.
1544 5637 1756 5690 Auctor
1790 5635 2047 5705 Σαρακη-

457 5705 715 5778 νόῳρονα,
742 5719 809 5778 ex
842 5707 956 5773 pari
979 5721 1105 5760 cum
1139 5705 1440 5778 Saracenis
1467 5707 1522 5778 in
1561 5721 1752 5761 sacras
1778 5707 2050 5778 imagines

457 5773 604 5847 odit».
655 5773 1003 5847 Christianos
1025 5779 1171 5832 enim
1223 5791 1294 5831 ex
1332 5775 1634 5847 imaginum
1669 5779 1819 5832 cultu
1851 5773 2050 5847 Giour-

455 5850 560 5908 lar,
587 5845 642 5898 id
681 5854 758 5898 est
781 5843 1048 5901 idolorum
1077 5847 1335 5917 cultores,
1361 5843 1633 5917 probroso
1663 5847 1888 5904 nomine
1911 5846 1953 5900 Τ
1961 5864 2052 5902 ιιι·-

2079 5499 2129 5557 ι)
2155 5511 2235 5552 επ
2264 5505 2606 5566 nuncupant.

2226 5568 2342 5639 (τὸ)
2374 5569 2690 5638 Παρίππιον
2722 5569 2858 5634 vice,
2889 5585 3078 5638 equum
3125 5569 3374 5624 miserum
3417 5573 3580 5626 vertit
3603 5570 3749 5626 Ama

2155 5641 2358 5694 stasins
2395 5660 2406 5693 :
2441 5641 2796 5694 mutatorium
2833 5642 3086 5709 suspicor
3110 5658 3173 5694 ex
3195 5641 3508 5696 Pancirolio
3539 5645 3591 5696 in
3625 5642 3744 5697 Not.

2156 5712 2315 5778 imp.,
2348 5709 2614 5765 Concessa
2644 5713 2906 5765 evectione
2935 5727 3072 5764 unus
3125 5724 3218 5766 aut
3280 5713 3417 5766 alter
3441 5729 3604 5782 equus
3633 5729 3752 5781 per-

2159 5782 2301 5836 mitti
2341 5783 2672 5837 censebatur.
2739 5782 2872 5836 Cum
2917 5799 3038 5837 vero
3069 5787 3256 5838 tertius
3320 5786 3535 5838 veredua
3576 5784 3755 5836 induta-

2161 5853 2403 5924 qebatttr,
2461 5853 2776 5923 parltippus,
2829 5865 2923 5909 aut
2958 5855 3312 5922 paraveredua
3342 5857 3635 5912 dicebatur.
