4100 6432
373 428 480 498 841

366 632 488 688 νόν
523 629 627 684 καί
672 629 785 696 τὴν
822 626 962 699 γῆν,
983 625 1097 696 τῆς
1137 627 1375 681 ἐκείνου
1412 629 1810 698 μυθολογίας.
1856 631 1971 682 Εὑ-

365 722 493 779 νοῶ
523 723 634 792 τὰρ
669 721 810 792 ὑμῖν
837 721 1131 790 σήμερον,
1159 719 1262 773 ἵνα
1281 717 1368 789 μὴ
1396 717 1518 772 σὺν
1549 717 1760 786 ἐκείνῳ
1785 721 1970 772 κολα-

368 815 584 888 σθῆτε.
615 815 802 869 Ταῦτα
829 813 925 866 καὶ
957 813 1093 869 ἄλλα
1121 812 1349 867 πλεῖστα
1393 811 1772 880 Θεολογοῦντος
1801 811 1970 864 αὐτοῦ

367 909 709 971 ἀκούσαντες
732 906 932 977 Θάμϐει
953 923 1014 959 τε
1047 905 1145 958 καὶ
1167 905 1333 977 μανίᾳ
1356 903 1731 974 συσχεθέντες,
1764 919 1973 974 μακρο-

368 1001 574 1072 θυμεῖν
601 999 811 1065 ἔδοξαν,
845 999 922 1062 ὼς
945 1001 1009 1052 ὲκ
1036 998 1136 1067 τῆς
1165 997 1322 1051 νόσου
1356 1014 1428 1049 πα
1441 995 1818 1067 ραφρονοῦντα
1841 994 1970 1050 τοῦσ-

368 1111 466 1146 τον
501 1092 741 1162 οξόμενοι
763 1106 776 1118 ·
806 1092 945 1162 μετὰ
973 1091 1029 1143 δὲ
1083 1091 1146 1143 τὸ
1209 1087 1558 1157 διαγενέσθαι
1586 1087 1750 1142 αὑτὸν
1780 1087 1847 1140 ὲκ
1872 1087 1972 1158 τῆς

370 1187 536 1240 νόσου
586 1187 628 1251 ⁵,
686 1185 890 1256 ἤρξατο
953 1184 1474 1254 μεγαλοφωνότερον
1536 1180 1968 1266 ξὰνακράζειν·

380 1277 682 1347 Ἀνάθεμα
697 1277 982 1346 Μουαμὲδ
1003 1279 1100 1332 καί
1121 1277 1194 1346 τῇ
1207 1279 1227 1308 ⁷
1245 1277 1625 1348 μυθοτραφίᾳ
1640 1274 1849 1332 αὐτοῦ.
1869 1275 1969 1329 καὶ

367 1369 527 1426 πᾶσι
556 1370 681 1437 τοῖς
723 1373 1126 1425 πιστεύουσιν
1145 1369 1322 1439 αὐτῇ.
1355 1371 1492 1422 Τότε
1533 1372 1634 1439 τὴν
1661 1370 1750 1424 διὰ
1778 1369 1971 1438 ξίφους

366 1463 647 1533 τιμωρίαν
683 1463 949 1526 ὑποστὰς,
986 1465 1198 1534 μάρτυς
1225 1463 1532 1533 ἀνεδείχθη.
1566 1462 1770 1515 Τοῦτον
1791 1462 1972 1531 ἐγκω-

369 1557 521 1627 μίοις
550 1556 727 1625 λόγων
751 1555 1054 1628 τετίμηκεν
1082 1559 1108 1609 ὁ
1139 1558 1287 1620 ὅσιος
1327 1557 1521 1627 Πατὴρ
1554 1555 1714 1627 ἡμῶν
1779 1555 1972 1608 Ἰωάν-

366 1666 471 1721 νης
517 1651 544 1702 ὁ
594 1649 780 1711 καλῶς
816 1648 1142 1721 ἐπικληθεὶς
1177 1649 1539 1722 Χρυσορῤόας
1567 1650 1656 1702 διὰ
1677 1646 1775 1719 τὴν
1802 1649 1972 1700 ἐπαν-

365 1739 615 1796 Θοῠσαν⁸
660 1741 811 1812 αὐτῷ
873 1740 991 1814 [τοῦ
1041 1741 1364 1812 Πνεύματος
1399 1740 1510 1812 (84)
1545 1740 1604 1794 ἐν
1630 1758 1688 1795 τε
1716 1740 1861 1812 λόγῳ
1878 1741 1972 1793 καὶ

1698 426 2057 488 CHRONOG
2069 427 2376 488 RAPHIA.

368 540 653 596 πείθεσθε
664 537 1094 610 μαρτιφομένφ
1129 535 1400 606 σήμερον
1421 535 1565 607 ὑμῖν
1597 537 1616 564 ⁸
1650 539 1756 590 τὸν
1778 540 1958 606 οὐρα-

2076 539 2280 607 rlignus.
2340 535 2591 592 Muamed
2635 537 2808 607 falsus
2853 548 3020 594 vester
3056 549 3196 594 vates
3247 549 3298 595 et
3347 541 3661 600 Antichristi
3767 566 3772 570 ‘

3544 434 3652 497 842

2071 643 2368 698 ρναέιιι-δον
2435 627 2695 698 ejusmodi
2748 632 2974 684 exstitit.
3014 630 3372 698 Quamobrem
3429 637 3476 688 si
3535 639 3665 693 mihi

2074 738 2212 776 nunc
2261 723 2448 777 corium
2481 733 2531 777 et
2580 733 2780 778 terram
2829 741 3011 780 coram
3055 729 3198 783 vobis
3227 733 3517 786 obtestanti
3554 733 3666 788 ali-

2071 823 2334 885 quatenus
2392 814 2549 884 ]idem
2622 815 2906 884 adhibetis,
2963 818 3270 887 fabulosam
3324 831 3373 874 et
3435 824 3665 877 deliram

2074 906 2188 976 ejus
2252 908 2552 960 doctrinam
2609 908 2836 977 ejurate.
2892 909 3008 964 Hoc
3074 915 3485 970 necessitudinis
3537 934 3668 988 erga

2071 1011 2161 1049 vos
2191 1011 2318 1049 mea:
2363 1012 2601 1065 prasens
2659 1009 3033 1068 argumentum
3091 1001 3394 1057 benevolum
3431 1004 3527 1058 hoc
3571 1005 3670 1058 ad-

2074 1087 2267 1141 mittite
2330 1089 2657 1156 consilium,
2713 1107 2780 1144 ne
2827 1108 3010 1161 parem
3071 1111 3192 1149 cum
3249 1113 3308 1150 eo
3368 1099 3669 1153 cruciatum

2073 1179 2404 1233 sustinentis.
2457 1179 2669 1235 Arabes
2724 1195 2916 1237 sacros
2967 1183 3102 1239 istos
3147 1194 3203 1240 et
3244 1201 3404 1256 pares
3435 1191 3575 1244 alios
3601 1190 3670 1243 de

2073 1269 2287 1325 Deitate
2337 1271 2699 1340 explicantem
2735 1273 3044 1340 audientes,
3088 1284 3143 1331 et
3188 1293 3296 1332 una
3332 1279 3496 1335 simul
3548 1290 3670 1337 stu-

2073 1379 2208 1433 pore
2239 1376 2291 1420 et
2331 1364 2545 1420 insania
2580 1369 2842 1438 correpti,
2887 1369 3066 1422 virum
3102 1369 3241 1425 bene
3270 1373 3449 1428 valere
3478 1373 3666 1444 jusse-

2077 1464 2228 1522 runt,
2287 1465 2549 1527 tanquam
2611 1457 2667 1512 in
2724 1459 2927 1515 mentis
2980 1459 3237 1516 delirium
3287 1478 3413 1517 eum
3454 1464 3668 1534 lapsum

2074 1547 2348 1602 arbitrati.
2373 1548 2426 1605 Is
2455 1549 2545 1604 ubi
2579 1549 2722 1606 vires
2746 1566 2813 1606 ex
2870 1550 3201 1608 inﬁrmitate
3231 1555 3458 1625 recepit,
3490 1557 3668 1611 valida

2077 1655 2209 1695 voce
2238 1641 2453 1710 publice
2483 1641 2776 1698 vociferari
2816 1661 2831 1698 :
2866 1645 3166 1702 Anatltema
3199 1648 3453 1704 Muamed
3494 1661 3542 1706 et
3586 1651 3673 1722 {a-

2077 1729 2278 1784 buloste
2303 1732 2421 1800 ejus
2459 1731 2719 1788 doctrina
2737 1735 3175 1808 credentibusque
3193 1739 3249 1794 in
3268 1757 3386 1794 eum
3404 1743 3671 1800 omnibus.

368 1831 474 1902 βίῳ
500 1833 790 1904 χρυσαυγῆ
842 1834 1003 1904 χάριν
1026 1849 1040 1865 ο
1072 1832 1132 1885 ὃν
1162 1833 1573 1894 Κωνσταντϊνος
1629 1832 1659 1884 ὁ
1702 1829 1972 1902 δυσσεϐὴς

2080 1822 2364 1894 Extemplo
2394 1823 2556 1895 gladii
2587 1839 2764 1895 paenae
2813 1829 3157 1898 suppositus,
3187 1842 3396 1903 martyr
3423 1833 3674 1889 declara-

367 1899 631 1995 βασιλεὺς
685 1899 888 1996 Ern—oio»
920 1899 1330 1979 -καθυπέϐαλεν
1387 1923 1694 1996 ἀναθεματι
1744 1923 1836 1977 διὰ
1873 1899 1972 1994 τῆν

2078 1926 2187 1970 tur.
2250 1915 2386 1970 Ειιιιι
2457 1918 2773 1972 orationum
2823 1935 3049 1976 suarum
3113 1925 3384 1980 encomiis
3443 1937 3672 1984 sanctus

366 2017 824 2088 ὑπερϐάλλουσαν
845 2019 904 2071 ὲν
943 2017 1098 2088 αὐτῷ
1127 2016 1172 2091 θ]
1210 2017 1542 2089 ὀρθοδοείαν,
1585 2018 1679 2071 καὶ
1724 2017 1847 2073 ἀντὶ
1879 2015 1973 2070 τοῦ

370 2110 666 2164 παππικοῦ
698 2109 970 2181 ὀνόματος
1002 2111 1170 2164 αὑτοῦ
1195 2113 1480 2182 Μανσοὺρ,
1511 2111 1538 2163 ὃ
1584 2109 1975 2183 ἑρμηνεύεται,

371 2203 860 2272 λελυτρωμένος,
917 2203 1214 2275 Μανζηρὸν
1273 2203 1385 2276 (85)
1433 2204 1712 2275 Ἰουδαῖκῷ
1768 2203 1975 2274 φρονὴ-

390 2308 509 2358 part
569 2295 953 2366 μετονομάσας
979 2294 1073 2349 τὸν
1097 2293 1220 2349 νέον
1258 2295 1359 2366 τῆς
1394 2293 1726 2366 Ἐκκλησίας
1752 2293 1795 2326 ¹⁰
1826 2293 1972 2348 διδά-

385 2383 599 2438 σκαλον.

2076 2007 2239 2063 Pater
2264 2017 2450 2064 noster
2472 2007 2734 2078 Joannes,
2767 2011 2838 2067 ob
2867 2012 3076 2084 eloquii
3100 2016 3521 2089 sanctitatisque
3547 2020 3667 2073 vel-

2080 2112 2138 2156 ut
2195 2116 2366 2156 aureo
2431 2101 2644 2171 fulgore
2698 2104 3003 2160 radiantem
3048 2106 3386 2178 spiritualem
3439 2111 3673 2181 gratiam

2076 2193 2487 2266 Cbrysorrhoas
2517 2204 2662 2251 recte
2681 2197 3123 2266 cognominatus,
3144 2201 3467 2258 celebravit.
3498 2200 3675 2259 Joan-

2080 2303 2200 2342 nem
2231 2288 2396 2344 etiam
2453 2289 2619 2344 istum
2662 2289 3062 2349 Constantinus
3110 2292 3315 2365 impius
3373 2296 3675 2368 imperator

2078 2381 2554 2438 exsecrationibus
2597 2384 2882 2439 annuatim
2922 2387 3204 2443 renovatis
3239 2387 3309 2442 ob
3341 2391 3675 2445 eminentem

371 2475 522 2531 illius
549 2478 602 2530 in
637 2488 782 2530 recta
810 2479 914 2533 title
948 2478 1258 2534 doctrinam
1311 2478 1591 2551 subjicere
1639 2478 1872 2544 solebat,
1940 2485 1996 2532 et
2036 2473 2260 2529 Mansur
2318 2473 2450 2528 aviti
2508 2474 2775 2543 nominis,
2828 2477 2975 2548 quod
3038 2479 3292 2545 vertitur,
3343 2480 3668 2552 redemptus,

369 2573 517 2640 vice,
563 2575 877 2631 Manzerum
921 2591 1126 2632 novum
1181 2576 1442 2633 Ecclesia
1476 2578 1758 2634 doctorem
1788 2590 1950 2633 sensu
1990 2573 2150 2645 plane
2171 2569 2404 2626 Iudaico
2438 2571 2737 2628 vocitabat.
3233 2558 3252 2573 ’

447 2666 539 2737 Τῷ
571 2667 616 2721 δ’
643 2667 794 2738 αὐτῷ
822 2667 932 2722 ἔτει
964 2669 1098 2740 μηνὶ
1135 2669 1301 2742 Μαΐῳ
1332 2670 1703 2742 Ἀρτάϐασδος
1763 2669 1856 2724 ἐπὶ
1901 2668 1970 2722 τὰ

375 2762 524 2833 μέρη
548 2759 643 2813 τοῦ
674 2760 924 2831 Ὀψικίου
954 2761 1212 2830 ἐξελθὼν,
1238 2763 1341 2835 τὴν
1384 2762 1572 2818 Ἀσίαν
1607 2761 1976 2835 στρατολογή-

377 2871 484 2918 σας
503 2853 611 2924 (86)
630 2853 956 2918 κατέλαϐεν,
971 2854 1261 2927 ὲκπορθῶν
1278 2855 1472 2928 αὐτήν.
1489 2857 1903 2920 Κωνσταντίνος
1917 2855 1975 2909 δὲ

375 2946 539 3000 τοῦτο
571 2945 779 3016 μαθὼν,
823 2946 1080 3018 ἐκίνησεν
1120 2947 1244 3002 κατ’
1279 2945 1470 3003 αὑτοῦ.
1521 2946 1863 3002 Καταλαϐὼν
1916 2946 1974 2999 δὲ

379 3035 545 3089 αὑτὸν
580 3036 620 3068 “
659 3037 738 3102 είς
767 3035 837 3090 τά
859 3037 1004 3110 μέρη
1038 3037 1139 3109 τῆς
1193 3038 1408 3110 Σάρδης
1438 3039 1549 3094 ἀπὸ
1604 3037 1699 3092 τοῦ
1738 3036 1974 3092 Κελϐιαο

377 3125 476 3180 νοῦ
509 3127 875 3199 ἀνερχόμενον
900 3129 998 3184 καὶ
1035 3129 1330 3202 συμϐαλὼν
1359 3133 1402 3163 ¹²
1435 3129 1555 3204 μετ’
1586 3130 1751 3186 αὑτοῦ
1811 3131 1974 3184 πόλε-

2151 2663 2412 2734 Ejusdem
2447 2665 2612 2719 etiam
2648 2665 2778 2720 anni
2823 2681 3012 2723 mense
3041 2664 3186 2722 Maio
3230 2667 3298 2723 ad
3333 2666 3542 2726 Obsicii
3587 2683 3679 2726 re-

2079 2756 2299 2829 gionem
2360 2754 2645 2828 profectus
2695 2756 3064 2826 Artabasdus,
3119 2761 3330 2825 Asiam,
3376 2762 3510 2819 dum
3561 2765 3670 2820 iter

2078 2857 2287 2922 ageret,
2312 2848 2416 2906 sub
2444 2856 2771 2920 potestatem
2803 2851 3031 2924 redegit,
3058 2862 3112 2909 et
3137 2855 3476 2924 provinciam
3503 2855 3674 2927 depo-

2079 2941 2304 3011 pulatus
2349 2947 2454 2996 est.
2489 2939 2567 2994 Eo
2603 2951 2890 3011 comperto
2931 2941 3331 3001 Constantinus
3381 2946 3570 3018 copias
3619 2947 3674 3004 in

2083 3045 2209 3087 eum
2241 3029 2454 3086 eduxit.
2497 3030 2601 3086 Ubi
2637 3031 2894 3088 Sardium
2945 3035 3130 3106 attigit
3179 3037 3319 3093 lines
3351 3051 3382 3092 a
3410 3037 3678 3094 Celbiano

2085 3125 2404 3179 redeuntem
2454 3123 2702 3193 oﬂ‘endit,
2750 3133 2808 3181 et
2843 3126 3102 3196 manibus
3138 3143 3260 3184 cum
3285 3143 3352 3185 eo
3379 3130 3678 3198 censertis,

383 3238 505 3290 μον,
535 3221 727 3293 τρέπει
753 3222 918 3277 αὑτὸν
985 3223 1082 3278 καὶ
1112 3201 1462 3278 καταδιώκεί
1510 3225 1674 3297 μέχρι
1705 3224 1972 3290 Κυζίκου.

2081 3215 2137 3271 in
2190 3215 2374 3287 fugam
2421 3218 2605 3282 vertit,
2633 3225 2688 3272 et
2721 3216 2789 3273 ad
2815 3216 3077 3292 Cyzicum
3122 3236 3301 3293 usque
3341 3222 3677 3294 insequitur.

395 3311 454 3365 '0
493 3311 549 3366 δὲ
607 3313 709 3384 τὴν
760 3313 1004 3381 Κύζικον
1064 3315 1412 3381 καταλαϐὼν,
1460 3319 1554 3372 καὶ
1591 3319 1672 3381 εἰς
1717 3316 1970 3388 δρόμωνα

387 3405 672 3474 εἰσελθὼν,
731 3405 1060 3474 διασώζεται
1093 3408 1153 3463 ὲν
1180 3411 1246 3480 τῇ
1273 3409 1447 3465 πόλει.
1476 3411 1626 3481 Μηνὶ
1658 3409 1715 3464 δὲ
1763 3407 1973 3478 Αὐγού-

382 3513 495 3569 στῳ
515 3501 614 3570 τῇς
633 3499 803 3570 αὐτῆς
836 3497 904 3553 ια’
939 3493 1272 3566 ἱνδικτιῶνος
1296 3501 1544 3574 Νικήτας
1573 3503 1601 3555 ὁ
1635 3501 1971 3573 μονοστράτο

379 3606 517 3660 ηγος
545 3592 662 3655 υίὸς
704 3591 1078 3665 Ἀρταϐἀσδου
1126 3593 1427 3666 συμϐαλὼν
1462 3595 1866 3666 Κωνσταντίνῳ
1889 3596 1972 3659 είς

380 3683 618 3754 πόλεμον
649 3685 786 3755 πρὸς
809 3687 876 3757 τῇ
906 3679 1148 3760 Μοδρινῇ
1201 3688 1392 3758 φεύγει
1445 3687 1698 3758 τραπεὶς,
1753 3688 1846 3742 καὶ
1882 3687 1974 3743 τὸν

384 3776 488 3846 μὲν
518 3778 810 3849 πατρίκιον
827 3779 1142 3853 Τηριδάτην
1171 3781 1264 3836 τὸν
1297 3781 1585 3853 Ἀρμένιον
1632 3781 1677 3813 ¹³
1712 3779 1978 3852 στρατιὼ-

382 3882 489 3934 την
512 3871 762 3937 γενναῖον
794 3869 1115 3942 ὑπάρχοντα
1146 3871 1243 3926 καὶ
1273 3871 1566 3942 ἐξάδελφον
1606 3870 1973 3944 ’Δρταϐάσδου

382 3959 484 4012 σὺν
507 3961 690 4026 ἄλλοις
719 3963 1030 4028 ἐπιλέκτοις
1079 3965 1342 4036 ἄρχουσιν
1389 3964 1600 4021 ἀνεῖλεν
1631 3965 1698 4019 ¹³.
1747 3963 1975 4020 Ἐκατέ-

385 4069 498 4120 ρων
524 4052 580 4105 δὲ
616 4054 660 4086 ⁸⁵
691 4054 800 4108 τῶν
829 4054 1014 4126 μερῶν
1046 4056 1258 4121 πτῶσις
1281 4058 1342 4111 οὐ
1370 4059 1545 4130 μικρὰ
1581 4057 1812 4127 γέγονεν
1849 4057 1975 4130 Ἀρ-

385 4144 590 4214 μενίων
643 4162 705 4198 τε
769 4148 864 4199 καὶ
933 4147 1312 4219 Ἀρμενιακῶν
1378 4147 1785 4220 μαχησαμένων
1839 4148 1976 4219 πρὸς

381 4235 742 4302 ἁνατσλικοὺς
773 4240 867 4292 καὶ
901 4238 1256 4312 Θρᾳκησίους
1300 4243 1429 4305 τοὺς
1481 4243 1833 4313 ὑπερμάχους
1877 4241 1972 4297 τοῦ

381 4329 820 4385 Κωνσταντίνου.
868 4331 928 4385 '0
960 4332 1018 4386 δὲ
1075 4333 1387 4404 ἀρχέκακος
1436 4333 1686 4397 διάϐολος
1713 4333 1974 4403 τοιαύτην

385 4420 529 4473 κατὰ
560 4422 670 4476 τῶν
705 4425 1055 4494 Χριστιανῶν
1109 4426 1336 4496 ἤγειρεν
1389 4425 1589 4496 μανίαν
1648 4426 1792 4479 κατὰ
1847 4425 1973 4490 τοὺς

383 4512 611 4583 χρόνους
641 4515 866 4582 τούτους
901 4519 993 4572 καὶ
1033 4519 1477 4591 ἀλληλοσφαγίας
1506 4520 1569 4586 ⁸⁸,
1607 4518 1747 4572 ὥστε
1803 4518 1972 4576 τέκνα

2075 3309 2172 3379 Ille
2221 3309 2483 3382 Cyzicum
2529 3309 2840 3382 ingressus,
2889 3311 3213 3370 dromonem
3268 3314 3505 3372 subinde
3544 3332 3681 3372 eon-

2075 3402 2291 3458 scendit
2314 3401 2443 3459 etin
2467 3403 2660 3458 urbem
2687 3402 2904 3459 salvum
2942 3419 3003 3462 se
3033 3406 3249 3477 recipit.
3282 3407 3471 3463 Mense
3492 3420 3678 3464 autem

2074 3493 2323 3566 Augusto
2361 3495 2612 3567 ejusdem
2671 3496 2981 3552 undecima:
3026 3495 3351 3555 indictionis
3383 3501 3677 3556 Artabasdi

2080 3585 2228 3642 ﬁlius
2263 3600 2556 3653 supremus
2585 3585 2874 3656 copiarum
2908 3586 3030 3658 ejus
3056 3587 3254 3644 ductor
3283 3589 3351 3644 ad
3385 3588 3677 3646 Modrinen

2077 3693 2204 3734 cum
2236 3677 2602 3735 Constantino
2644 3678 2790 3735 bello
2841 3694 3176 3752 congressus
3222 3680 3407 3754 fugam
3455 3683 3676 3756 arripit,

2078 3773 2351 3830 Tiridates
2427 3774 2696 3846 patricius
2765 3775 3066 3831 Armenius
3128 3775 3288 3832 miles
3346 3791 3674 3850 generosus,

2077 3867 2367 3923 Artabasdi
2401 3867 2795 3936 consobrinus,
2824 3883 2952 3925 cum
2987 3867 3210 3925 selectis
3255 3869 3381 3926 aliis
3430 3874 3678 3940 proceri-

2079 3961 2184 4018 bus
2213 3961 2380 4028 cadit,
2407 3962 2798 4019 Armeniorum
2840 3971 2894 4019 et
2924 3963 3377 4020 Armeniacorum
3409 3965 3680 4022 adversus

2078 4053 2374 4110 orientales
2401 4063 2457 4111 et
2485 4053 2828 4111 Thracenses
2875 4053 3224 4111 Constantini
3254 4056 3348 4126 jus
3377 4057 3678 4113 defenden-

2080 4156 2162 4203 tes
2212 4147 2646 4219 depugnantium
2703 4147 2882 4204 caedes
2934 4149 3218 4221 utrimque
3257 4148 3402 4204 haud
3449 4150 3677 4206 minima

2079 4243 2244 4299 facta.
2299 4243 2642 4300 Calamitatis
2695 4243 2879 4298 omnis
2933 4251 3136 4298 auctor
3193 4242 3453 4297 diabolus
3511 4243 3679 4298 talem

2078 4332 2223 4388 inter
2279 4333 2625 4388 Christianos
2673 4332 3136 4388 dementationem
3189 4342 3246 4388 et
3311 4333 3490 4388 caedes
3538 4335 3678 4390 reci.

2077 4440 2276 4496 procas
2303 4426 2405 4481 sub
2437 4426 2553 4481 bace
2582 4434 2828 4496 tempora
2884 4426 3165 4491 excitavit,
3203 4434 3263 4481 ut
3289 4425 3382 4481 ﬁlii
3411 4428 3679 4484 adversus

2077 4529 2336 4590 parentes
2378 4526 2433 4574 et
2463 4517 2627 4590 351
2671 4517 2875 4574 fratres
2925 4519 2981 4575 in
3035 4517 3234 4575 fratres
3282 4535 3475 4574 necem
3526 4518 3678 4574 nullo

383 4605 529 4658 κατὰ
557 4607 764 4674 γονέων
798 4611 892 4664 καὶ
912 4610 1180 4681 ἀδελφοὺς
1202 4610 1347 4665 κατά
1381 4610 1631 4682 ἀδελφῶν
1696 4611 1972 4679 συγκινεῖ-

2083 4612 2375 4683 sanguinis
2431 4623 2528 4668 aut
2588 4611 2943 4684 indulgentiae
3005 4613 3330 4669 discrimine
3377 4613 3676 4679 irruerent,

384 4694 511 4749 σθαι
526 4699 764 4768 ἀφειδῶς
786 4703 866 4766 είς
887 4704 1126 4776 σφαγὴν,
1149 4705 1244 4758 καὶ
1259 4702 1504 4774 ἀνηλεῶς
1522 4702 1855 4774 ἐμπυρίξειν
1872 4701 1972 4766 τὰς

379 4789 634 4863 ἀλλήλοις
668 4795 1026 4868 ὑπαρχούσας
1055 4797 1279 4861 στάσεις
1317 4797 1432 4870 (87)
1459 4814 1519 4850 τε
1553 4797 1593 4828 ⁸⁷
1641 4798 1735 4853 καὶ
1765 4796 1968 4859 οἰκίας·

2083 4721 2326 4774 suasque
2358 4705 2592 4762 invicem
2626 4706 2874 4776 ipsorum
2919 4707 3118 4762 domus
3168 4716 3333 4777 atque
3386 4706 3678 4763 facultates

2084 4796 2224 4852 citra
2252 4797 2389 4853 illati
2428 4798 2614 4854 damni
2645 4813 2868 4855 sensum
2909 4799 3146 4854 ﬂammis
3174 4799 3487 4870 perderent.

1691 4908 1930 4966 VARI/i3
1973 4908 2380 4968 LECTIONES.

482 5032 673 5105 δσήμ.
731 5034 861 5104 ὑμῖν
908 5034 978 5098 A,
1016 5033 1114 5104 ὐμ.
1191 5035 1323 5104 σήμ.
1389 5033 1536 5104 vulg.

381 5101 536 5176 vnlg.
592 5101 661 5136 ’“⁷
697 5101 793 5158 καὶ
819 5107 886 5175 τῇ
913 5105 977 5169 Α,
1009 5101 1075 5158 ὲκ
1100 5106 1166 5175 τῇ
1197 5101 1342 5175 vulg.

468 5173 761 5256 ἐκκλησίας
791 5173 1122 5256 Αζήλικίαςι
1142 5173 1324 5256 "vulg.

381 5244 433 5276 “
461 5248 671 5300 ἀνεῖλεν
705 5249 769 5312 Α,
795 5244 1006 5303 ἀνεῖλον
1039 5247 1181 5315 vulg.

1642 5033 1663 5064 ⁸
1728 5029 2286 5102 παραφρονοῦντα-
2343 5033 2502 5086 νόσου
2568 5049 2681 5087 οιιι.
2749 5033 2815 5089 Α.

1447 5106 1468 5136 ⁸
1489 5100 1877 5174 Ἑπανθούσσὼ]
1911 5100 2079 5174 οὖσαν
2110 5102 2176 5157 Α.

1408 5175 1448 5206 ¹¹
1475 5174 1639 5228 αὑτὸν
1676 5173 1802 5226 add.
1841 5173 1907 5229 ex
1947 5173 2011 5228 Α.

1262 5247 1303 5278 ³⁵
1336 5246 1392 5299 δὲ
1415 5245 1536 5301 add.
1558 5261 1620 5299 ex
1647 5245 1713 5298 Α.
1791 5244 1836 5276 ¹⁶
1869 5243 2276 5313 ἀλληλοφαγίας
2309 5260 2360 5298 a.
2443 5245 2486 5277 ¹⁷
2521 5263 2578 5298 τε
2613 5243 2736 5302 add.
2769 5260 2834 5303 ex
2869 5243 2933 5300 Ᾰ.

2930 5033 2951 5066 ⁸
2986 5035 3258 5106 μεγαλοφ.
3310 5035 3377 5102 Α,
3464 5054 3673 5106 μεγαφ.

2283 5104 2304 5134 ⁹
2326 5103 2425 5179 τού
2457 5106 2767 5179 πνεύματος
2799 5135 2882 5179 -Α
2905 5103 3104 5179 ὑπερϐ.
3144 5109 3214 5179 ἐν
3242 5106 3417 5179 Δαύτῷ
3453 5103 3562 5162 om.
3605 5103 3672 5166 Ᾱ.

2093 5174 2134 5204 ⁸⁸
2161 5175 2254 5247 καὶ
2279 5174 2453 5247 συμϐ.
2485 5175 2550 5238 Α,
2583 5175 2754 5246 συμϐ.
2794 5176 2943 5247 vulg.
3021 5177 3068 5209 "
3097 5177 3208 5231 τῶν
3242 5174 3548 5247 Ἀρμενίων
3605 5182 3671 5233 Δ.

1691 5359 1836 5415 JAC.
1866 5357 2081 5415 GOARI
2113 5356 2350 5417 ΝΟΤΔΣ.

457 5475 567 5546 (84)
603 5477 726 5532 Ihec
756 5478 914 5532 unris
946 5478 1182 5544 inclusa,
1210 5491 1277 5532 ex
1320 5475 1482 5530 codd.
1523 5475 1649 5530 aliis
1677 5475 1972 5547 desumpta

381 5547 586 5602 desunt
621 5552 674 5601 in
706 5547 901 5615 Regio.

455 5618 566 5690 (85)
593 5617 868 5690 Spurium.
905 5617 1029 5673 Non
1065 5617 1386 5690 ingredietur
1441 5616 1678 5690 Manut,
1722 5615 1825 5670 hoc
1886 5623 1975 5671 est

381 5687 450 5741 de
480 5687 877 5814 sebrtbgnatus,
923 5690 979 5744 in
1006 5687 1284 5746 ecclesiam
1335 5688 1572 5744 Domini.
1633 5687 1792 5743 Deut.
1844 5701 1970 5757 cap.

381 5774 542 5814 χχιιι.
580 5776 630 5813 v.
713 5800 725 5812 .

381 5774 542 5824 nm,
580 5776 630 5813 ν.
672 5774 725 5814 2.

456 5830 570 5900 (86)
605 5830 837 5885 Militum
867 5829 1074 5888 delectu
1113 5831 1317 5889 habito.
1381 5827 1476 5886 Sic
1519 5838 1574 5886 et
1618 5828 1838 5894 Anast.,
1868 5843 1970 5883 nec

386 5901 685 5977 quidquam
715 5901 781 5955 ad
819 5918 956 5966 rem,
988 5904 1116 5960 dum
1142 5904 1245 5957 iter
1282 5911 1498 5973 ageret;
1536 5917 1624 5959 res
1662 5909 1814 5957 tanta
1859 5914 1968 5956 non

710 5997 986 6060 Ρλτιιοι..
1021 5999 1139 6062 Gtt.
1173 5996 1395 6061 CVIlI.

2079 5475 2788 5547 defunctoriambperam,
2849 5475 2944 5532 sed
3004 5483 3162 5547 totos
3185 5474 3404 5547 tyranni
3440 5485 3676 5547 conatus

2078 5547 2356 5618 exigebat.
2389 5546 2452 5618 S._
2481 5545 2712 5618 Niceph.
2749 5564 2764 5602 :
2810 5545 3223 5618 Ἐπιστρατεύει
3251 5547 3392 5618 κατα
3422 5547 3520 5617 τῆς
3566 5546 3677 5603 τῶν

2090 5615 2594 5701 ’Λαιανῶνηχὼραβ
2621 5615 2728 5672 ’καὶ
2765 5617 2832 5701 τα
2880 5615 3095 5701 meum
3124 5617 3302 5701 χωρία
3351 5615 3676 5701 ἐλυμαίνετο

2079 5689 2317 5812 πικρῶς.
2346 5685 2438 5742 Sic
2465 5685 2612 5769 etaim
2638 5689 2855 5770 emend:
2883 5701 3002 5769 non
3028 5685 3386 5770 ε’πήμαίνετο.
3419 5685 3676 5771 Suscepto

2079 5761 2132 5813 in
2217 5759 2312 5813 site
2340 5774 2628 5830 regionem
2666 5759 3014 5825 expeditione,
3051 5758 3486 5830 populationibus
3537 5772 3678 5828 mle-

2078 5839 2220 5883 stam
2257 5827 2531 5884 reddebat.
2567 5827 2864 5885 Canens.

2153 5898 2267 5974 (87)
2306 5899 2657 5966 Anastasius,
2679 5902 2961 5958 stationes.
2992 5899 3212 5960 Clarius
3249 5901 3477 5969 pradia.
3501 5897 3679 5958 Porro

3233 5996 3304 6060 27
