4100 6424
419 474 528 539 845

1737 473 1833 531 CH
1843 469 2308 531 RONOGRAPII
2324 471 2340 528 l
2354 475 2392 530 Α
2411 517 2418 526 .

3592 469 3695 530 8ίῦ

419 586 825 659 διέδραμενὲως
846 588 946 658 τῆς
979 585 1202 657 Χρυσῆς
1227 585 1440 656 Πῦρτης
1466 583 1659 638 ὲαυτδν
1687 587 1802 646 τοῖς
1830 583 2010 654 ὄχλοις

2124 599 2237 654 quae
2298 585 2472 636 Aurea
2535 585 2874 649 nominatur,
2944 583 3087 654 plebi
3151 599 3211 639 se
3266 584 3445 654 ipsum
3516 587 3694 654 palam

423 680 809 744 ἐπιδεικνύων,
837 681 934 734 καὶ
963 680 1126 734 πάλιν
1164 677 1644 749 ὑπέστρεψεν,καὶ
1673 677 2009 748 ὴπλίκευσεν

419 777 501 837 είς
527 774 621 827 τὸν
649 774 838 843 Ἀγιον
863 772 1165 843 Μάμαντα.
1205 773 1266 824 Ol
1290 771 1348 824 δὲ
1363 770 1464 840 τῆς
1513 769 1724 832 πόλεως
1777 769 2013 840 ἤρξαντο

423 864 846 927 στενοῦσθαιείς
878 866 978 926 τὰς
1037 864 1306 928 δαπάνας,
1351 863 1448 916 καὶ
1479 861 1810 925 ἀποστείλας
1847 861 2013 915 Ἀθα-

421 957 610 1012 νάσιον
638 957 731 1009 τὸν
760 958 1070 1029 ἁσηκρήτις
1098 957 1194 1010 καὶ
1233 955 1604 1027 Ἀρτάϐασδον
1639 955 1734 1009 τὸν
1762 954 2016 1024 δομέστι-

421 1067 520 1104 κον
553 1048 717 1103 αὑτοῦ
765 1049 903 1120 πρὸς
935 1049 995 1101 τὸ
1049 1049 1278 1119 κομίσαι
1332 1049 1581 1111 δαπάνας
1632 1047 1723 1101 διὰ
1786 1048 2015 1116 σκαφῶν

424 1135 584 1213 εὗρεν
601 1140 825 1203 τούτους
843 1143 871 1194 6
903 1140 1089 1202 στόλος
1110 1139 1220 1194 τῶν
1250 1139 1689 1213 Κιϐυῤῥαιωτῶν
1713 1140 1757 1173 ⁸⁷
1787 1139 1894 1207 ἔξω
1916 1139 2017 1209 τῆς

436 1229 684 1295 Ἀϐύδου,
748 1231 844 1284 καὶ
895 1229 1122 1293 τούτους
1171 1229 1464 1301 κατασχὼν
1489 1231 1625 1304 πρὸς
1665 1231 1755 1284 τὸν
1789 1230 2018 1302 βασιλέα

423 1320 694 1390 ἀνήγαγε,
734 1319 947 1373 καὶτὸν
974 1319 1074 1391 μὲν
1113 1321 1262 1375 σῖτον
1324 1322 1438 1384 τοῖς
1485 1321 1635 1385 ίδίοις
1675 1319 1824 1383 λαοῖς
1881 1321 2015 1375 ἑδω-

426 1414 653 1485 ρήσατο,
695 1414 1012 1468 Ἀθανάσιον
1069 1414 1126 1467 δὲ
1193 1414 1290 1468 καλ¹
1333 1414 1697 1486 ’Δρτάϐασδον
1757 1413 2017 1485 παραυτά

424 1502 757 1573 ἐτύφλωσεν.
797 1505 952 1559 Μετὰ
1003 1504 1179 1560 ταῦτα
1235 1505 1568 1576 ἐδοκίμασεν
1635 1506 2009 1577 Ἀρτάϐασδος

424 1596 637 1661 ἀνοῖξαι
659 1597 758 1660 τὰς
807 1597 902 1650 τοῦ
931 1599 1191 1668 χερσαίου
1229 1597 1446 1668 τείχους
1475 1598 1706 1668 πόρτας,
1739 1599 1842 1653 καὶ
1873 1616 2016 1671 συμ-

423 1689 612 1743 ϐαλεῖν
640 1690 879 1760 πόλεμον
913 1691 1052 1760 μετὰ
1074 1688 1171 1743 τοῦ
1200 1690 1641 1746 Κωνσταντίνου.
1709 1692 1819 1745 Καὶ
1862 1709 2016 1761 γενος

425 1781 598 1853 μένης
651 1783 948 1852 συμϐολῆς,
1001 1784 1322 1854 ἐτράπησαν
1361 1785 1409 1837 οἱ
1454 1786 1548 1838 τοῦ
1618 1785 2016 1858 Ἀρταϐάσδου,

421 1877 520 1931 καὶ
551 1875 738 1929 πολλοὶ
765 1873 1060 1939 ἀπέθανον,
1093 1877 1152 1929 ὲν
1180 1871 1260 1937 οἷς
1307 1876 1400 1929 καὶ
1426 1878 1454 1930 6
1488 1877 1533 1908 ³⁸
1561 1877 1844 1948 Μονούτης
1863 1892 1881 1908 ·
1912 1895 2015 1931 κα-

419 1966 772 2030 τασκευάσας
827 1966 886 2019 δὲ
944 1965 1308 2037 Ἀρτάϐασδος
1354 1967 1925 2042 κακκαϐοπυρφόρους
1972 1971 2017 2004 ³ο
2049 1949 2093 2005 Β

422 2057 747 2115 ἀπέστειλεν
783 2059 865 2122 είς
903 2059 994 2113 τὸν
1041 2058 1233 2128 Ἀγιον
1265 2060 1545 2130 Μάμαντα
1575 2061 1720 2115 κατὰ
1744 2061 1839 2115 τοῦ
1883 2062 2022 2117 ’στό-

423 2152 520 2205 λου
573 2151 680 2206 τῶν
728 2151 1192 2224 Κιϐυρῤαιωτῶν,
1231 2154 1326 2207 καὶ
1354 2153 1639 2224 ἀπήλασεν
1684 2155 1729 2188 ³ο
1794 2155 2014 2220 αὐτούς.

440 2244 690 2314 Ἐγένετο
711 2243 755 2275 ³¹
788 2243 844 2297 δὲ
891 2243 1050 2314 λιμὸς
1105 2243 1326 2314 ἰσχυρὸς
1380 2243 1438 2296 ἐν
1503 2247 1570 2316 τῇ
1635 2245 1813 2313 πόλει,
1867 2246 2013 2301 ὥστε

434 2336 704 2408 πραθῆναι
729 2335 823 2389 τὸν
843 2335 1026 2406 μόδιον
1047 2335 1151 2408 τῆς
1173 2335 1370 2407 κριθῆς
1426 2338 1782 2408 νομισμάτων
1828 2339 1873 2371 ³⁸
1915 2337 2018 2393 δὼ-

425 2426 582 2496 δεκα,
610 2426 707 2481 τοῦ
733 2425 791 2480 δὲ
845 2425 1080 2496 ὀσπρίου
1137 2425 1532 2480 ἐννεακαίδεκα
1555 2425 1623 2494 ³³,
1658 2426 1756 2480 τοῦ
1801 2427 1859 2482 δὲ
1893 2429 2020 2499 κέγ-

425 2539 565 2595 χρου
633 2521 746 2594 (92)
780 2522 876 2577 καὶ
909 2520 1004 2575 τοῦ
1031 2520 1287 2575 λουπίνου
1318 2519 1674 2592 νομισμάτων
1697 2519 1863 2589 ὀκτὼ,
1888 2521 2020 2577 τὸδὲ

426 2617 609 2672 ἔλαιον
637 2615 798 2671 πέντε
833 2614 1022 2686 λίτρας
1057 2613 1154 2668 τοῦ
1195 2614 1558 2685 νομίσματος,
1603 2613 1699 2667 καὶ
1751 2614 1781 2668 6
1823 2613 2017 2686 ξέστης

424 2709 523 2764 τοῦ
558 2709 702 2764 οἴνου
735 2706 832 2762 τοῦ
862 2707 1156 2780 σημισσίου
1181 2707 1228 2738 ³⁵
1263 2706 1398 2777 (95).
1433 2707 1538 2761 Τοῦ
1589 2708 1646 2762 δὲ
1702 2707 1832 2762 λαοῦ
1889 2709 2022 2781 θνήο

430 2817 652 2863 σκοντος
707 2799 1036 2871 ἠναγκάσθη
1070 2799 1436 2872 Ἀρτάϐασδος
1495 2799 1754 2855 ἀπολύειν
1794 2800 2016 2869 αὐτοὺς,

432 2893 570 2964 πρὸς
600 2891 663 2947 τὸ
690 2891 1008 2963 ὲξέρχεσθαι
1036 2894 1138 2964 τῆς
1192 2892 1423 2955 πόλεως.
1489 2891 1803 2964 Ἐπιτηρῶν
1837 2893 1896 2946 δὲ
1948 2893 2020 2946 τὰ

431 2985 721 3056 πρόσωπα,
748 2985 878 3049 τοὺς
912 2985 1011 3056 μὲν
1042 2982 1340 3039 ἐκώλυσεν.
1378 2984 1543 3039 Ὅθεν
1581 2986 1726 3049 τινὲς
1766 2985 1838 3038 τὰ
1884 2986 2018 3040 ἐαυ-

432 3077 543 3133 τῶν
570 3076 840 3148 πρόσωπα
874 3075 1183 3132 ἐκάλυπτον
1199 3073 1270 3142 ³⁸,
1298 3074 1393 3128 καὶ
1445 3075 1767 3144 γυναικείαν
1824 3076 2020 3146 στολὴν

432 3173 856 3248 περιεϐάλλοντο
884 3172 951 3239 ³⁸,
1003 3173 1055 3228 οἱ
1101 3171 1160 3228 δὲ
1215 3170 1507 3243 μοναδικδν
1563 3171 1750 3242 σχῆμα
1779 3171 1851 3237 ³⁷,
1923 3171 2020 3228 καὶ

431 3267 609 3333 οὕτως
649 3266 914 3339 ἠδύναντο
943 3263 1129 3318 λαθεῖν
1156 3262 1253 3318 καὶ
1285 3261 1544 3331 ἐξελθεῖν.
1595 3263 1844 3334 Νικήτας
1887 3263 1947 3317 δὲ
1991 3266 2022 3318 6

2114 673 2409 728 ostendens
2446 677 2712 743 excurrit,
2749 690 2813 729 ac
2841 674 3136 731 confestim
3171 692 3424 733 reversus
3451 678 3523 732 ad
3569 693 3702 734 san-

2112 775 2262 822 ctum
2305 766 2468 838 352
2525 768 2852 823 Mantantem
2909 768 3192 839 applicuit.
3261 769 3422 826 Cives
3493 773 3702 826 interea

2114 873 2348 914 annona:
2386 860 2616 928 penuria
2647 861 2825 930 premi
2851 875 3094 931 cie-pere,
3121 867 3484 932 quamobrem
3529 865 3705 918 Atha-

2115 951 2334 1004 nasium
2383 965 2415 1006 a
2457 952 2686 1006 secretis
2732 961 2790 1007 et
2825 951 3195 1008 Artabasdum
3227 954 3598 1010 domesticum
3637 956 3703 1008 ad

2116 1050 2482 1097 commeatum
2525 1043 2792 1098 naviculis
2836 1044 2893 1098 in
2931 1044 3124 1099 urbem
3174 1045 3554 1100 advehendutn
3597 1045 3703 1098 Ar-

2118 1132 2384 1190 tabasdus
2419 1134 2592 1197 misit,
2639 1150 2781 1202 quos
2813 1151 2936 1192 cum
2965 1135 3472 1207 Cibyrrltaeotarum
3508 1137 3704 1193 t-lassis

2117 1237 2274 1281 extra
2305 1224 2480 1298 Abydi
2519 1229 2804 1298 angustias
2836 1228 3054 1283 obviam
3111 1229 3412 1296 habuisset,
3453 1231 3705 1285 detentus

2117 1319 2188 1374 ad
2212 1319 2596 1390 imperatorem
2623 1321 2903 1386 conduxit,
2932 1321 3026 1391 qui
3063 1321 3300 1390 propriis
3349 1322 3570 1390 quidem
3613 1337 3707 1377 co-

2118 1414 2225 1483 piis
2265 1422 2636 1482 comparatam
2679 1413 2878 1469 abillis
2896 1428 3169 1470 anttonam
3210 1413 3510 1480 distribuit,
3535 1414 3708 1468 Atha-

2118 1507 2338 1562 nasium
2369 1521 2498 1562 vero
2514 1515 2569 1561 et
2587 1505 2956 1561 Artabasdum
2983 1507 3420 1576 extemplolucis
3435 1501 3709 1577 jactut‘am

2120 1599 2270 1653 luere
2285 1598 2474 1668 jussit.
2498 1599 2858 1654 Postmodum
2883 1599 3226 1655 Artabasdus
3257 1600 3538 1656 terrestris
3567 1601 3708 1654 muri

2121 1700 2310 1760 portas
2353 1691 2585 1761 ejusque
2635 1693 2751 1746 vias
2802 1691 2906 1747 sibi
2963 1692 3165 1748 liberas
3219 1691 3468 1758 reddere,
3501 1703 3710 1747 etcum

2121 1782 2488 1839 Constantino
2512 1799 2720 1849 manus
2746 1799 3038 1842 conserere
3068 1786 3334 1843 decrevit.
3365 1786 3546 1852 Quare
3571 1787 3714 1840 inito

2123 1875 2335 1945 pt-atiio,
2388 1873 2549 1933 fusus
2569 1883 2654 1928 est
2687 1876 2982 1934 Artabasdi
3014 1880 3315 1942 exercitus,
3348 1879 3712 1948 plurimique,

2130 1968 2275 2023 inter
2313 1982 2454 2036 quos
2484 1965 2760 2036 Mouutes,
2792 1970 3112 2025 desiderati.
3180 1969 3321 2023 Tum
3364 1970 3709 2025 Artabasdns

2129 2061 2369 2116 biremes
2438 2059 2494 2114 in
2543 2060 2768 2116 cacabis
2818 2061 3069 2116 Crmcutn
3133 2061 3314 2130 ignem
3358 2061 3600 2115 ferentes
3631 2061 3710 2115 in-

2127 2157 2370 2209 struens,
2415 2145 2486 2202 ad
2515 2157 2768 2205 sanctum
2814 2148 3144 2204 Mamantem
3200 2150 3469 2205 adversus
3519 2149 3716 2221 Cibyr-

2127 2241 2463 2295 rltaeotarum
2521 2239 2756 2296 classem
2789 2242 3069 2308 submisit,
3114 2257 3237 2312 qua:
3269 2243 3569 2297 etiamnum
3627 2257 3716 2296 re-

2126 2333 2300 2404 pulsa:
2339 2341 2468 2389 sunt
2524 2342 2579 2388 et
2612 2342 2920 2392 retrorsum
2951 2345 3106 2390 actae.
3129 2333 3303 2390 Porro
3329 2335 3502 2392 fames
3526 2336 3718 2406 ingens

2127 2426 2318 2482 urbem
2374 2428 2670 2499 oppressit,
2727 2428 2870 2484 adeo
2930 2437 2993 2484 ut
3045 2428 3237 2484 bordei
3284 2431 3503 2486 modius
3548 2443 3715 2484 num-

2129 2520 2236 2576 mis
2302 2521 2628 2588 duodecim,
2695 2521 3036 2592 leguminum
3095 2521 3494 2588 novemdecim,
3557 2523 3716 2578 millii

2128 2613 2553 2684 lupinorumque
2619 2621 2746 2670 octo
2817 2614 3232 2682 astimaretur,
3303 2615 3408 2671 olei
3465 2615 3712 2686 quinque

2127 2704 2281 2763 librae
2342 2720 2573 2761 nummo
2640 2706 2889 2778 integro,
2969 2706 3083 2761 vini
3145 2707 3424 2763 sextarius
3485 2707 3717 2763 dimidio

2131 2801 2366 2856 veniret.
2433 2799 2644 2870 Populo
2700 2800 2885 2871 itaque
2943 2801 3175 2871 penuria
3239 2801 3348 2857 cibi
3410 2810 3713 2872 pereunte,

2128 2904 2354 2949 coactus
2387 2902 2474 2949 est
2506 2893 2848 2950 Artabasdus
2884 2894 3159 2964 publicam
3183 2909 3247 2950 ex
3285 2893 3421 2949 urbe
3446 2895 3716 2964 migrandi

2128 2994 2454 3058 potestatem
2517 2985 2720 3054 facere,
2777 3002 2970 3042 verum
3033 2986 3354 3044 exeuntium
3409 2987 3719 3044 observatis

2129 3080 2394 3145 vultibus,
2420 3081 2690 3150 quosdam
2719 3080 2981 3148 detinuit,
3015 3081 3160 3136 unde
3191 3081 3440 3136 nonnulli
3473 3081 3554 3136 vel
3583 3080 3721 3135 facie

2129 3173 2329 3239 velata,
2364 3174 2444 3228 vel
2474 3175 2736 3229 ementita
2763 3173 3057 3229 mulierum
3086 3173 3242 3229 larva
3267 3173 3349 3229 usi
3381 3175 3587 3229 exitum
3615 3173 3719 3229 sibi

2132 3264 2351 3321 facilem
2379 3281 2652 3329 meruere,
2684 3266 2761 3321 illi
2788 3265 3155 3322 monasticum
3202 3265 3477 3330 habitum.
3507 3266 3598 3321 alii
3644 3264 3722 3321 l'e-

436 3363 877 3434 μονοστράτηγος
902 3355 1285 3430 ὲπισωρεύσας
1313 3357 1406 3410 τὸν
1448 3357 1580 3411 ῐδιον
1607 3356 1758 3423 λαὸν,
1794 3359 1886 3412 τὸν
1915 3359 2020 3413 ἀπὸ

2131 3359 2408 3414 minarum
2447 3361 2656 3415 cultum
2693 3359 2798 3415 sibi
2824 3369 3283 3430 composuerunt,
3313 3367 3477 3430 atque
3507 3361 3583 3416 ita
3616 3360 3722 3415 sub

431 3455 710 3528 Μοδρινῆς
745 3451 1172 3526 σκορ-πισθέντα,
1216 3446 1382 3523 ἦλθεν
1421 3449 1528 3515 ἕως
1606 3449 2022 3522 Χρυσοπόλεως,

432 3551 527 3605 καλ⁵
549 3547 984 3619 ὑποστρέφοντος
1011 3543 1200 3610 αὑτοῦ,
1238 3543 1487 3613 περάσας
1515 3545 1543 3596 6
1579 3543 1844 3611 βασιλεὺς
1878 3561 2023 3599 κατ-

433 3643 652 3708 εδίωξεν
684 3642 864 3695 ὀπίσω
930 3639 1119 3702 αὑτοῦ,
1166 3637 1263 3690 καὶ
1295 3634 1621 3690 καταλαϐὼν
1653 3637 1814 3691 αὐτὸν
1839 3640 1896 3692 ὲν
1924 3640 2024 3693 Νι-

432 3734 722 3807 κομηδειᾳ,
752 3732 1084 3804 ἐχειρώσατο
1107 3728 1272 3785 αὑτὸν
1318 3728 1418 3781 σὺν
1446 3728 1523 3799 τῷ
1549 3729 1947 3805 ἁποεπισκόπῳ
1969 3733 2018 3766 ³⁸

432 3827 748 3896 κουράτωρι
770 3823 1132 3895 Μαρκελλίνῳ
1163 3822 1207 3856 ³³
1239 3816 1376 3896 (94),
1405 3820 1461 3874 ὃν
1487 3821 1743 3892 παραυτά
1769 3821 2025 3894 ἀποτμη-

434 3919 594 3989 θῆναι
624 3917 930 3972 ὲκέλευσεν.
957 3917 1060 3972 Τὸν
1076 3915 1133 3970 δὲ
1152 3916 1596 3990 μονοστράτηγον
1656 3914 1903 3982 πεδήσας
1936 3913 2025 3969 διὰ

431 4011 528 4066 τοῦ
562 4010 778 4081 τείχους
812 4008 926 4080 (95)
959 4007 1039 4080 τῷ
1067 4008 1249 4080 ιπατρὶ
1278 4008 1648 4065 ἐπεδείκνυεν.
1685 4007 1766 4078 Τῇ
1798 4006 1856 4061 δὲ
1904 4006 2028 4060 δευιο

430 4105 570 4176 τέρᾳ
604 4102 700 4158 τοῦ
728 4101 1044 4174 Νοεμϐρίου
1082 4102 1254 4172 μηνὸς
1302 4102 1458 4172 ἄφνω
1487 4103 1533 4134 ⁸⁸
1570 4099 2029 4173 παραταξάμενος

2127 3464 2194 3506 eo
2228 3451 2420 3516 latere,
2449 3461 2505 3506 et
2547 3465 2833 3519 egressum
2875 3447 3136 3504 sutl‘urari
3180 3448 3494 3506 valuerunt.
3548 3449 3724 3506 Caete-

2126 3558 2252 3600 rum
2282 3541 2503 3597 Nicetas
2537 3541 2748 3596 militia:
2774 3555 3068 3612 supremus
3100 3540 3214 3596 dux
3254 3541 3431 3609 copiis
3480 3543 3548 3596 ad
3598 3540 3716 3596 Mo-

2125 3633 2320 3688 drinen
2351 3633 2505 3703 prius
2553 3630 2822 3701 dispersis
2871 3631 3072 3686 iterum
3108 3630 3374 3697 collectis,
3411 3631 3724 3703 Chrysopo’

2125 3727 2220 3782 lim
2275 3740 2452 3796 usque
2505 3725 2677 3780 venit.
2731 3723 2984 3795 Cumque
3045 3724 3173 3781 inde
3219 3724 3414 3795 pedem
3470 3725 3720 3792 referret,

2125 3819 2410 3891 trajiciens
2437 3820 2738 3889 imperator
2771 3818 2951 3889 ipsum
2993 3833 3023 3874 α
3087 3829 3239 3886 tergo
3277 3817 3560 3874 insecutus
3611 3829 3721 3883 est,

2127 3926 2367 3982 eumque
2386 3910 2457 3966 ad
2487 3909 2866 3968 Nicomediam
2898 3910 3118 3966 tandem
3172 3920 3483 3978 assecutus,
3535 3913 3720 3967 vivum

2130 4004 2295 4074 cepit,
2320 4018 2426 4056 una
2461 4018 2588 4059 cum
2619 4000 2962 4067 Marcellino,
2999 4002 3093 4073 qui
3123 4016 3189 4057 ex
3217 4004 3475 4074 episcopo
3503 4016 3725 4059 curator

2128 4103 2400 4161 evaserat,
2436 4110 2601 4166 quem
2631 4095 2781 4152 illico
2813 4096 3018 4166 capitis
3069 4094 3375 4160 damnavit,
3423 4107 3480 4152 at
3527 4115 3723 4168 supre-

432 4201 504 4271 τῇ
540 4197 688 4269 δείλῃ
717 4195 804 4251 διὰ
835 4193 932 4248 τοῦ
961 4194 1222 4265 χερσαίου
1272 4196 1488 4266 τείχους
1520 4193 1620 4265 τὴν
1669 4192 1826 4248 πόλιν
1889 4209 2020 4264 παρ‹

2140 4204 2290 4244 mum
2327 4188 2534 4244 militia:
2567 4187 2766 4245 ducem
2803 4188 3044 4244 vinculis
3079 4189 3148 4244 de
3198 4203 3359 4244 muro
3390 4205 3724 4258 suspensum

435 4289 649 4348 ἐλαϐεν.
683 4289 743 4343 '0
767 4287 826 4342 δὲ
871 4285 1234 4358 Ἀρτάϐασδος
1261 4286 1379 4358 ἆμα
1402 4285 1482 4357 τῷ
1511 4285 1786 4357 πατρικίῳ
1815 4285 2030 4339 Βακτα-

434 4383 571 4454 γεὶῳ
603 4383 648 4414 ⁸¹
681 4381 793 4456 (96)
869 4382 952 4444 είς
1015 4377 1264 4450 χελάνδιν
1307 4377 1422 4451 (97)
1461 4377 1722 4433 εἰσελθὼν
1769 4377 1906 4448 πρὸς
1959 4377 2022 4430 τὸ

434 4475 611 4549 παρὸν
639 4469 804 4548 ἦλθεν
821 4471 869 4507 ⁸⁸
903 4472 984 4538 είς
1015 4470 1077 4526 τὸ
1109 4469 1375 4540 Ὀψίκιον,
1409 4469 1506 4525 καὶ
1550 4469 1804 4526 ἀπελθὼν
1833 4470 1914 4534 εἰς
1955 4470 2018 4524 τὸ

2135 4281 2280 4352 patri
2305 4280 2600 4337 videndum
2633 4282 2962 4337 ostentabat.
2995 4279 3228 4336 Demum
3269 4281 3596 4337 Novembris
3636 4282 3726 4337 die

2128 4375 2376 4434 secundo
2414 4374 2641 4431 aciebus
2667 4389 2736 4430 ex
2791 4375 3093 4446 improviso
3149 4376 3254 4431 sub
3301 4390 3582 4446 vesperam
3642 4377 3727 4431 itt-

2127 4469 2376 4538 structis,
2403 4467 2594 4524 urbem
2630 4482 2728 4539 per
2752 4476 3072 4525 terrestrem
3104 4483 3326 4524 murum
3369 4469 3592 4524 invasit.
3616 4471 3724 4524 Ar-

1747 4601 1982 4658 νΑιιιιιΕ
2023 4601 2438 4661 LECTIONES.

508 4720 554 4752 "
585 4720 959 4791 Κυϐερεωτῶν
1008 4724 1075 4777 Α.
1171 4721 1217 4756 ’⁸
1249 4723 1280 4774 6
1316 4718 1445 4776 add.
1500 4735 1564 4773 ex
1615 4719 1682 4772 Α.

1787 4719 1833 4751 ’³
1879 4717 2313 4789 κακκαϐοπορφύ
2323 4735 2447 4789 ρους
2496 4717 2563 4772 Α.

2679 4719 2726 4752 ³ο
2764 4717 3047 4792 ἀπήλασεν
3085 4719 3154 4792 Α,
3219 4720 3514 4790 ἀπήλασαν
3574 4723 3723 4792 vulg.

437 4793 479 4823 at
514 4793 658 4860 ἐγέν,
689 4788 755 4844 δὲ’
779 4791 847 4857 Α,
876 4792 977 4862 καὶ
1002 4795 1088 4862 ὲγ.
1111 4793 1170 4846 δὲ
1195 4791 1341 4862 vulg.
1405 4791 1448 4821 ³⁸
1474 4789 1829 4862 νομισμάτων
1857 4788 2265 4862 Αηνομίσματα
2292 4788 2802 4862 vulg._utrobique._
2869 4788 3044 4862 ³ξτοῦ
3077 4791 3134 4845 δὲ
3156 4788 3385 4862 ὀσπρίου
3430 4809 3554 4862 νομ.
3615 4788 3724 4848 ἐνν.

438 4862 566 4916 :Itld.
596 4877 664 4917 ex
693 4862 759 4915 Α.

439 4932 728 4986 εϐἑιλλοντο
759 4932 910 5002 vulg.
984 4934 1028 4966 ⁸⁷
1057 4943 1181 5001 post

441 5003 753 5064 ἐπισκόπων
774 5003 839 5069 A,
865 5000 974 5072 διπρ
1001 5000 1313 5057 ἐπισκόπου
1329 5000 1334 5001 ν
1353 5002 1394 5072 l‘.
1466 5003 1508 5034 ⁸⁸
1533 5000 1892 5072 Μαρκελλίνῳ

437 5074 683 5144 κταγγίῳ
717 5074 782 5128 Α.
860 5074 906 5104 δ’
937 5069 1100 5146 ἦλθεν
1126 5075 1193 5141 Α,
1217 5071 1442 5144 ἐξῆλθεν
1466 5073 1611 5140 vulg.

865 4861 913 4894 “
940 4853 1234 4930 σηρξισσίου
1263 4853 1330 4924 K,
1363 4853 1653 4934 σημισείου
1705 4859 1852 4930 vulg.
1881 4929 1892 4934 _
1930 4860 1981 4934 δξ
1995 4853 2328 4934 ἐκάλυπτον]
2355 4853 2638 4934 ἐκώλυσαν
2665 4853 2712 4915 Ᾰ
2768 4859 2818 4934 ⁸1⁵.
2897 4860 2943 4893 ³⁸
2972 4853 3366 4934 περιεϐάλόντο
3396 4864 3442 4916 Α
3472 4853 3525 4931 θ’,
3555 4880 3724 4934 προσ-

1215 4929 1598 5002 σχῆμανιιιεο
1633 4929 1828 4984 iterum
1881 4929 2079 5057 legitur
2121 4949 2136 4986 :
2173 4931 2268 4984 καὶ
2296 4929 2618 5000 γυναικείαν
2669 4931 2888 5004 στολὴν,
2916 4929 3058 4986 non
3092 4933 3220 4994 item
3271 4936 3326 4987 in
3362 4935 3429 4989 Α.

1215 5019 1301 5056 του
1353 5002 1394 5057 f.
1466 5003 1508 5034 ⁸⁸
1533 5000 1892 5057 Μαοκελλίνω
2005 5017 2034 5056 a
2065 4999 2108 5057 f.
2132 5002 2463 5057 Μαοκελλίω
2504 5003 2653 5057 vula.
2729 5003 2774 5035 ⁸⁸
2811 5003 2980 5057 μηνὸς
3010 5004 3170 5057 μόνος
3197 5004 3418 5057 άωνωΛ

3544 4936 3588 4966 ³⁸
3620 4937 3728 4988 ἀπὸ

2005 5017 2034 5056 a
2065 4999 2108 5066 ἰ,
2132 5002 2463 5073 Μαρκελλίῳ
2504 5003 2653 5075 vulg.
2729 5003 2774 5035 ⁸⁸
2811 4999 2980 5075 μηνὸς
3009 5004 3170 5073 μόνος
3197 5004 3418 5074 ἄφνωΛ
3446 5003 3486 5058 1⁵.
3549 5005 3592 5036 ⁸¹
3621 5007 3726 5059 Βα-

1750 5185 1893 5246 JAC.
1927 5185 2138 5248 GOARl
2167 5189 2402 5247 NOTE.

533 5309 620 5376 92)
662 5308 983 5379 Leguminis,
1019 5303 1567 5379 posuitAnastasius.

534 5381 623 5446 93)
659 5378 918 5441 Barbare,
942 5378 1188 5448 ἡμίσεως
1217 5379 1351 5429 vice.

511 5440 622 5520 (9-4)
674 5440 910 5502 Dubiam
938 5440 1331 5520 e't'_oliscttratn
1373 5443 1616 5520 phrasim
1675 5440 2026 5520 Niccpltorus

440 5513 678 5576 clttcidztt
705 5537 718 5574 :
742 5517 1130 5590 Μαρκελλίνου
1161 5517 1218 5571 δὲ
1240 5519 1333 5569 τοῦ
1378 5513 1634 5590 συνόντος
1661 5513 1825 5590 αὐτῷ’
1849 5515 2032 5590 ἀρχιε-

445 5532 678 5576 entcidnt
705 5537 718 5574 :
742 5532 1130 5590 Μαρκελλινου
1161 5532 1218 5571 οε
1240 5534 1333 5569 του
1382 5532 1634 5577 συνοντος
1662 5532 1813 5584 αυτῳ
1849 5532 2032 5637 αρχιε-

445 5591 580 5667 eteo:
625 5591 727 5660 τῆς
760 5588 1111 5667 ,ιῖαγγρηνῶν
1179 5586 1570 5667 μητροπεὶλεφς
1623 5582 1724 5667 τὴν
1783 5585 2034 5667 κενεὴν

439 5655 701 5732 ἐξέτεμε-ιλ
750 5655 1064 5714 Marcellino
1122 5655 1251 5712 vero
1296 5655 1694 5732 ex‘Artaltasndt'
1743 5655 2026 5732 comitibus

441 5723 839 5802 (iungi-enatum
865 5732 1102 5798 episcopo
1151 5737 1310 5802 caput
1344 5726 1572 5802 abscidit
1609 5723 1992 5802 Constantinus
2014 5741 2034 5781 :

440 5797 818 5858 Mar'cellinnm
847 5803 1014 5855 etiam
1042 5797 1300 5854 Scribunt
1331 5798 1498 5852 variae
1530 5797 1820 5852 lectiones.

510 5875 624 5945 (95)
657 5877 848 5928 Anast.
879 5870 1394 5945 vinctumpatri‘per
1426 5883 1635 5921 murum
1669 5865 2042 5945 monstrabat;

441 5937 562 6015 ego,
589 5937 617 6000 ὁ
658 5960 810 5999 muro
841 5941 1222 6014 aspectandum
1252 5943 1483 5996 vinctum
1528 5937 1876 6010 ostendebat;
1900 5951 2038 6004 non,

2063 5311 2112 5368 ι)
2140 5307 2362 5360 vinculis
2388 5305 2452 5359 (Ie
2475 5321 2625 5358 muro
2656 5321 2990 5374 suspensum,
3020 5303 3098 5357 uti
3129 5301 3400 5374 redditum
3434 5310 3523 5374 est
3559 5320 3572 5353 :
3611 5319 3730 5374 erat

2136 5380 2284 5431 enim
2319 5377 2671 5431 Artabasdus
2703 5371 2909 5432 Niceten
2941 5371 3096 5446 pater
3125 5374 3178 5427 in
3218 5371 3375 5446 urbe,
3397 5372 3693 5446 ciquegCun
3714 5404 3726 5414 -

2137 5449 2417 5503 stantinus
2459 5455 2730 5503 consueto
2794 5444 3184 5514 strategemate
3251 5445 3498 5514 vinctum
3552 5444 3726 5497 lilium

2136 5533 2238 5588 pro
2272 5519 2547 5574 moenibus
2598 5511 3075 5588 obtendebatfad
3125 5514 3276 5588 illius
3338 5511 3727 5588 inﬂectenilunt

2135 5584 2306 5642 animi
2353 5590 2542 5647 robur,
2580 5604 2643 5642 ac
2680 5587 2999 5643 tentandum
3037 5585 3389 5640 deditionem.
3438 5584 3726 5640 COIBEPIS.

2211 5659 2324 5730 (96)
2356 5659 2704 5724 Anastasius,
2735 5657 3101 5730 Bagatangt'o:
3123 5658 3261 5730 alias
3301 5655 3580 5730 Batangio.
3612 5656 3733 5709 Mis-

2137 5727 2314 5790 cella,
2348 5729 2598 5800 Bagrano
2627 5747 2644 5782 :
2673 5731 2778 5800 vel,
2816 5737 2875 5783 ut
2896 5727 3073 5800 bath
3103 5727 3209 5780 alia
3234 5727 3425 5800 lectio,
3459 5729 3729 5796 Batagno.

2209 5801 2322 5871 (9'7)
2355 5797 2483 5854 Vice
2525 5799 2826 5871 χελάνδιον,
2860 5799 3006 5857 sicut
3031 5797 3354 5871 ὁλοκοτίνιν,
3387 5802 3508 5854 vice
3543 5801 3731 5852 eho/.0-

2139 5869 2324 5939 τίνίον,
2355 5887 2478 5944 pag.
2516 5870 2641 5925 M5.
3299 5869 3302 5878 ³
