4100 6420
508 413 614 476 867

1883 417 2377 479 THEOPHANIS

3686 424 3800 487 863

505 543 630 582 cras
667 543 837 598 penus
877 529 1058 599 sigillo
1102 544 1202 584 suo
1231 530 1540 598 obseravit,
1571 541 1625 587 et
1655 532 1722 587 ad
1767 546 1927 588 sacra
1961 547 2089 587 vasa

2197 530 2502 601 ἐκκλησιῶν
2516 529 2940 602 κειμηλιαρχεῖα
2963 529 3102 602 (58),
3123 531 3218 585 καὶ
3240 530 3472 602 ἤνεγκεν
3504 533 3800 605 Ἐϐραίους

505 620 859 675 distraltenda
911 632 1191 692 emptores
1231 622 1490 680 Hebraeos
1535 623 1786 693 induxit;
1840 634 2098 680 emerunt

504 721 688 768 autem
714 728 776 768 ea
815 713 1018 769 liberti.

573 847 639 899 Α.
665 846 726 901 C.
766 847 888 900 750.
919 881 989 890 —
1035 849 1150 904 lloc
1181 866 1328 906 anno
1368 851 1765 910 Constantinus
1801 853 2094 911 Selavinia:

503 938 814 1006 provincias
843 941 907 993 ad
944 940 1316 997 Macedoniam
1351 945 1484 1000 sitas
1511 946 1562 1000 in
1587 948 1906 1003 servitutem
1933 949 2094 1006 rede—

503 1030 600 1100 git,
641 1033 886 1102 reliquos
939 1051 1068 1089 vero
1117 1037 1348 1107 imperio
1403 1039 1653 1095 Ronnano
1688 1041 1848 1111 plane
1897 1044 2096 1114 sabjici

502 1126 706 1195 coegit.
743 1126 944 1183 Eodem
981 1145 1202 1200 quoque
1232 1148 1376 1186 anno
1404 1149 1466 1186 ex
1493 1133 1874 1205 Mam-ephoris
1914 1138 2096 1193 Persis

501 1221 753 1273 nonnulli
785 1222 1140 1279 facultatibus
1175 1226 1476 1295 distractis,
1517 1229 1890 1302 depositisque
1925 1234 2095 1289 vcsti-

499 1310 602 1367 bus
635 1313 790 1379 nudi,
826 1319 1146 1374 conscensis
1179 1321 1534 1377 :edillciorum
1582 1324 1878 1388 moenibus.
1915 1327 1969 1380 in
2001 1343 2094 1380 ca-

500 1403 613 1474 pita
640 1408 951 1476 praecipites
985 1426 1043 1465 se
1078 1412 1332 1482 agebant,
1369 1431 1499 1484 quo,
1548 1425 1609 1470 ut
1649 1418 1875 1487 magicae
1899 1435 2096 1489 super-

502 1497 744 1552 stitionis
774 1497 990 1555 fallacia
1020 1503 1256 1574 decepti,
1309 1518 1362 1560 et
1386 1523 1413 1560 a
1449 1508 1669 1562 diabolo
1700 1511 1978 1578 potentius
2002 1527 2094 1566 oc-

499 1591 683 1658 cupati
740 1591 1037 1658 rebantur,
1086 1594 1142 1648 in
1192 1597 1391 1650 ccelum
1429 1599 1739 1668 promptius
1792 1602 2091 1657 evolarcnt.

500 1680 638 1735 Cum
668 1698 922 1752 superna:
959 1685 1034 1739 illi
1084 1687 1388 1749 liaareditati
1447 1691 1583 1744 nihil
1618 1694 1990 1761 comparabile
2029 1709 2095 1750 ac

500 1774 722 1842 dignum
764 1775 1049 1840 haberent,
1101 1780 1370 1836 membris
1399 1783 1657 1839 omnibus
1687 1787 2003 1841 conterendi
2038 1786 2090 1841 in

2202 623 2339 692 πρὸς
2364 624 2426 677 τὺ
2457 623 2707 696 πωλῆσαι
2732 625 2777 656 7°
2801 624 2963 692 αὐτὰ,
2991 625 3084 678 καὶ
3125 624 3408 696 ἠγόρασαν
3433 626 3577 680 αὐτὰ
3601 630 3652 682 οἱ
3681 629 3801 683 ἁπ-

2201 717 2503 789 εὶεύθεροι.

2276 855 2337 908 A.
2373 854 2444 910 Μ.
2475 855 2636 912 6250.
2673 888 2742 898 —
2771 856 2960 928 Τούτῳ
3002 857 3080 928 τῷ
3104 856 3214 910 ἕτει
3245 858 3660 922 Κωνσταντῖνος
3688 858 3797 922 τὰς

2203 947 2346 1001 κατὰ
2391 948 2736 1002 Μακεδονίαν
2795 949 3127 1012 Σκλαϐινίας
3188 948 3640 1020 ᾐχμαλώτευσεν,
3693 951 3795 1004 καὶ

2201 1039 2329 1104 τοὺς
2369 1039 2590 1102 λοιποὺς
2617 1040 2961 1110 ὑποχειρίους
2996 1041 3273 1112 ἐποίησεν.
3319 1042 3407 1093 Ἐν
3437 1041 3586 1111 αὑτῷ
3613 1041 3670 1096 δὲ
3703 1036 3786 1114 τῷ

2202 1131 2379 1200 χρόνῳ
2408 1131 2553 1194 τινὲς
2586 1133 2650 1184 ὲκ
2683 1131 2791 1184 τῶν
2822 1133 3206 1204 Μαυροφόρων
3237 1134 3462 1202 Περσῶν
3493 1134 3594 1204 τῆς
3628 1153 3792 1205 μαγιο

2201 1223 2304 1294 κῆς
2338 1223 2489 1286 ὄντες
2519 1224 2837 1295 θρησκείας,
2866 1226 3050 1298 ἁπᾲτῃ
3079 1226 3172 1278 τοῦ
3199 1226 3448 1280 διαϐόλου
3483 1231 3796 1299 κρατούμε-

2201 1334 2303 1377 νοι,
2361 1316 2716 1386 πωλήσαντες
2752 1316 2848 1389 τὴν
2904 1317 3140 1388 ὓπαρξιν
3193 1319 3397 1382 αὐτῶν,
3447 1321 3542 1373 καὶ
3591 1323 3794 1391 γυμνοὶ

2201 1408 2519 1471 ἀνελθόντες
2555 1411 2632 1472 είς
2689 1409 2756 1462 τὰ
2790 1409 2967 1480 τείχη,
3021 1411 3281 1484 ἔρριπτον
3335 1412 3586 1479 ἑαυτοὺς,
3645 1413 3792 1468 ὥστε

2200 1501 2544 1570 πετασθῆναι
2576 1503 2655 1564 είς
2680 1503 2772 1555 τὸν
2802 1504 3053 1574 οὐρανὸν,
3081 1505 3156 1567 ὡς
3190 1505 3464 1575 ἐνόμιζον.
3498 1506 3560 1558 Οἱ
3589 1505 3644 1560 δὲ
3678 1525 3790 1577 μη-

2198 1591 2284 1645 δὲν
2309 1590 2589 1661 ἀξιόλογον
2614 1593 2714 1662 τῆς
2743 1594 2921 1645 ἐκεῖσε
2949 1593 3279 1664 κληρουχίας
3307 1593 3544 1664 ἔχοντες,
3575 1595 3654 1657 είς
3685 1596 3793 1666 γῆν

2198 1683 2644 1756 ἁνθυπέστρεφον
2685 1685 2755 1740 τὰ
2803 1686 2940 1756 μέλη
3004 1687 3380 1758 συντριϐέντες
3413 1687 3482 1751 “,
3538 1679 3611 1741 ὧν
3661 1691 3785 1752 τοὺς

2197 1778 2528 1848 ἐξάρχοντας
2574 1778 2671 1848 τῆς
2704 1779 2912 1849 πλάνης
2973 1778 3261 1843 Ἀϐδελλᾶς
3303 1779 3513 1832 ἀνεῖλεν
3559 1779 3650 1833 διὰ
3693 1780 3785 1834 τοῦ

499 1873 700 1919 terram
738 1869 960 1937 gravius
989 1870 1395 1928 dilabebantur.
1443 1873 1619 1944 llujus
1647 1877 1853 1933 erroris
1887 1880 2089 1936 antesi-

2194 1869 2371 1938 Σαλῖμ
2413 1868 2555 1921 κατὰ
2601 1869 2701 1940 τὴν
2750 1870 3013 1942 Βέρῤοιαν
3051 1868 3163 1942 (59)
3201 1870 3294 1924 καὶ
3338 1871 3585 1924 Χαλκίδα
3629 1871 3784 1938 ὄντας

497 1961 710 2027 g‘nanos
736 1975 831 2014 sex
869 1977 1100 2017 numero
1135 1974 1409 2033 repertos,
1453 1982 1621 2036 quum
1652 1967 1952 2037 Berrlimae,
1975 1978 2087 2024 tum

498 2049 573 2194 inl
599 2049 894 2118 Chalcide,
935 2068 1100 2124 opera
1139 2055 1322 2112 Salem
1375 2057 1632 2116 Abdellas
1670 2076 1702 2116 e
1750 2063 1930 2118 medio
1968 2080 2092 2120 sus-

498 2149 552 2194 tu
580 2140 641 2194 it.
1765 2161 1785 2184 ε

498 2140 641 2197 tulit.

564 2277 633 2332 A.
662 2277 724 2333 ϐ.
766 2279 894 2333 751.
926 2309 1000 2320 —
1035 2281 1198 2353 362
1236 2281 1353 2337 Hoc
1399 2298 1546 2338 anno
1575 2299 1606 2338 a
1649 2286 1882 2354 publicis
1918 2289 2088 2342 vecti-

384 2434 394 2440 ,
494 2369 697 2440 galinm
727 2374 864 2428 actis
889 2375 1246 2432 conﬁciendis
1273 2378 1337 2432 ad
1357 2378 1520 2434 breve
1554 2381 1816 2449 temporis
1848 2383 2084 2450 spatium

496 2461 756 2518 Saraceni
819 2465 1027 2521 invidia
1075 2469 1208 2522 moti
1261 2467 1610 2525 Christianos
1663 2471 2085 2541 prohibuerunt,

489 2573 688 2613 rursus
725 2568 909 2614 autem
953 2562 1287 2616 necessitate
1316 2563 1610 2633 compulsi,
1650 2566 1800 2634 quod
1844 2566 1949 2636 ipsi
1980 2582 2086 2620 nu-

491 2665 675 2705 meros
704 2659 757 2705 et
793 2666 1042 2708 summas
1083 2654 1327 2710 scribere
1362 2669 1470 2710 non
1503 2665 1748 2726 possent,
1777 2658 1971 2714 eadem
2002 2659 2086 2714 eis

487 2753 862 2813 reposuerunt
895 2746 950 2800 in
984 2762 1207 2813 manus,
1239 2758 1294 2804 et
1334 2749 1641 2819 irruptione
1671 2749 1726 2805 in
1755 2749 2082 2807 Romaniam

490 2827 634 2889 facta
663 2836 849 2905 plures
866 2837 1218 2894 abduxerunt
1235 2841 1501 2910 captivos,
1532 2841 1873 2912 Paulumque
1889 2843 2086 2900 Arme-

490 2927 710 2982 niorum
737 2929 931 2984 ducem
953 2973 968 2998 ,
1001 2931 1139 2986 inito
1168 2932 1236 2987 ad
1276 2933 1476 2988 Melam
1505 2947 1630 2988 cum
1657 2948 1724 2988 eo
1755 2940 2080 3005 certamine,

488 3021 877 3092 exercitusque
917 3033 1134 3094 partem
1169 3040 1276 3078 non
1319 3026 1801 3091 contemnendam,
1846 3028 2085 3098 quadra-

477 3115 641 3186 ginta
672 3115 891 3172 duobus
914 3117 1050 3173 viris
1072 3133 1102 3172 e
1129 3119 1374 3173 Romana
1399 3119 1609 3175 ditione
1629 3121 2079 3190 spectatissimis,

489 3209 855 3282 pluribusque
886 3211 1012 3268 aliis
1033 3213 1392 3283 compedibus
1432 3215 1673 3269 astrictis
1698 3215 1753 3270 in
1785 3215 2082 3286 captivita-

488 3309 598 3353 tem
631 3316 816 3356 secum
849 3302 1080 3366 abaetis,
1112 3312 1548 3373 prostraverunt.
1574 3303 1876 3374 Imperator
1896 3314 2082 3360 autem

2197 1961 2432 2032 ἀριθμὸν
2463 1961 2523 2027 ἕξ
2563 1961 2701 2033 (ιθ).

2263 2289 2328 2342 Α.
2372 2287 2442 2341 Μ.
2477 2284 2638 2340 6251.
2663 2317 2733 2326 -
2760 2284 2949 2356 Τούτῳ
2997 2284 3076 2355 τῷ
3123 2284 3234 2338 ἔτει
3263 2285 3444 2354 φθόνῳ
3484 2286 3610 2350 τοὺς
3648 2290 3787 2356 Χρι-

2194 2377 2447 2442 στιανοὺς
2487 2379 2766 2433 ἐκώλυσαν
2803 2378 3045 2449 Ἀραϐες
3086 2381 3151 2432 ἐκ
3196 2378 3307 2431 τῶν
3337 2378 3614 2448 δημοσίων
3644 2397 3784 2450 χαρ-

2189 2472 2456 2525 τοθεσίων
2477 2471 2613 2540 πρὸς
2634 2471 2817 2540 ὀλίγον
2837 2471 3048 2542 χρόνον,
3080 2470 3240 2532 αὖθις
3260 2471 3317 2524 δὲ
3343 2472 3390 2503 ⁷⁸
3411 2472 3777 2539 ἀναγκασθέν.

2190 2583 2281 2628 τες
2311 2565 2659 2635 ἐγχειροῦσιν
2691 2566 2878 2629 αὐτοῖς
2908 2564 2978 2618 τὰ
3005 2565 3168 2632 αὐτὰ,
3201 2565 3292 2618 διὰ
3319 2565 3383 2618 τὸ
3412 2565 3482 2637 μή
3509 2566 3767 2620 δύνασθαι

2189 2661 2394 2722 αὐτοὺς
2418 2660 2656 2730 γράφειν
2682 2659 2781 2722 τὰς
2804 2660 3045 2729 ψήφους,
3077 2660 3172 2712 καὶ
3208 2660 3641 2731 ἐπεστράτευσαν
3671 2661 3773 2729 τὴν

2208 2752 2543 2822 Ῥωμανίαν,
2577 2753 2671 2806 καὶ
2698 2752 3136 2823 ῂχμαλώτευσαν
3160 2752 3413 2818 πολλοὺς.
3449 2753 3540 2806 καὶ
3563 2752 3778 2805 Παῦλον

2189 2845 2280 2899 τὸν
2315 2846 2625 2916 στρατηγὸν
2688 2846 2798 2899 τῶν
2852 2845 3154 2916 Ἀρμενίων
3183 2845 3228 2879 ⁷³
3257 2847 3669 2917 πολεμήσαντες
3701 2846 3782 2910 εις

2185 2938 2278 2992 τὸν
2304 2939 2488 2993 Μέλαν
2516 2938 2729 2993 ἀνεῖλον
2756 2938 2894 3009 μετὰ
2927 2938 3166 3009 πλήθους
3196 2936 3430 3009 στρατοῦ
3460 2939 3554 2993 καὶ
3587 2956 3783 2992 τεσσα-

2190 3031 2430 3102 ράκοντα
2458 3031 2552 3086 δύο
2579 3033 2782 3104 ἄνδρας
2810 3033 3122 3104 ἐπισήμους
3148 3033 3406 3103 δεσμίους
3428 3034 3658 3105 ήγαγον,
3684 3033 3781 3087 καὶ

2189 3125 2435 3194 κεφαλὰς
2465 3125 2689 3188 πολλάς.
2749 3127 2806 3179 Ὀ
2839 3127 2894 3180 δέ
2927 3127 3184 3197 βασιλεὺς
3215 3127 3652 3198 ἐπεστράτευσεν
3681 3128 3782 3196 τὴν

2135 3267 2155 3286 ,
2187 3215 2550 3288 Βουλγαρίαν,
2590 3218 2686 3270 καὶ
2727 3217 2900 3272 ἐλθὼν
2929 3220 3011 3283 είς
3039 3217 3357 3290 Βςρέγαϐαν
3398 3219 3480 3282 είς
3501 3219 3602 3290 τήν
3630 3218 3780 3273 κλει-

2191 3305 2416 3378 σοῠραν,
2446 3307 2772 3378 ὑπήντησαν
2801 3309 2952 3380 αὑτῷ
2977 3311 3027 3364 οἱ
3056 3310 3381 3381 Βούλγαροι,
3427 3310 3522 3363 καὶ
3552 3310 3782 3373 πολλοὺς

435 3418 458 3438 ο
487 3392 660 3449 armis
689 3395 742 3447 in
775 3393 1090 3464 Bulgariam
1123 3396 1308 3461 motis,
1341 3398 1489 3451 venit
1515 3395 1584 3451 ad
1612 3397 1892 3452 clusuram
1914 3397 2080 3454 Bere-

2192 3399 2297 3453 τῶν
2327 3400 2494 3454 αὐτοῦ
2525 3401 2758 3466 ἀνεῖλον,
2787 3404 2846 3456 ἐν
2871 3397 2954 3468 οἷς
2993 3404 3086 3457 καὶ
3127 3404 3333 3458 Λέοντα
3369 3405 3656 3474 πατρίκιον
3685 3403 3781 3456 καὶ

485 3485 656 3556 gaba;
683 3497 736 3541 at
765 3486 984 3558 Bulgari
1012 3487 1231 3542 obviam
1273 3487 1400 3542 facti
1429 3487 1692 3558 plurimos
1720 3503 1788 3543 ex
1824 3489 1946 3560 ejus
1977 3490 2082 3544 mi-

2192 3493 2500 3564 στρατηγὸν
2528 3494 2637 3548 τῶν
2661 3495 3013 3568 Θρᾳκησίων,
3041 3497 3135 3550 καὶ
3159 3496 3365 3550 Λέοντα
3404 3496 3593 3567 ἕτερον
3624 3495 3780 3562 λογο-

485 3567 676 3633 litibus
735 3579 1095 3645 deleverunt,
1131 3580 1276 3634 inter
1343 3595 1482 3650 quos
1544 3579 1656 3635 Leo
1705 3581 1971 3650 patricius
2029 3593 2086 3638 et

2192 3583 2355 3656 θέτην
2401 3585 2497 3639 τοῦ
2533 3585 2758 3658 δρόμου,
2793 3587 2888 3642 καὶ
2936 3586 3069 3642 λαὸν
3099 3586 3300 3641 πολύν·
3331 3589 3422 3641 καὶ
3468 3587 3661 3642 ἔλαϐον
3709 3587 3779 3642 τὰ

485 3667 886 3724 Tltracensium
940 3671 1074 3736 dux,
1115 3669 1256 3726 alter
1282 3669 1394 3726 Leo
1434 3686 1632 3726 cursus
1673 3671 1877 3740 publici
1925 3671 2082 3744 logo-

2191 3677 2418 3749 ἅρματα
2436 3679 2640 3734 αὐτῶν.
2673 3679 2788 3734 Καὶ
2819 3677 2995 3744 οὕτως
3027 3680 3232 3746 ἀδόξως
3259 3679 3626 3752 ὑπέστρεψαν.

484 3766 657 3833 theta,
686 3776 741 3823 et
767 3783 836 3823 ex
858 3767 1090 3823 confusa
1114 3767 1272 3838 plebe
1297 3783 1406 3822 non
1435 3767 1592 3836 pauci
1647 3766 1963 3824 desiderati.
1992 3769 2206 3840 Eorum
2280 3789 2435 3830 arma
2501 3783 2835 3846 acceperunt
2881 3763 3101 3847 Bulgari
3137 3817 3153 3844 ,
3202 3785 3365 3848 atque
3415 3777 3488 3832 ita
3542 3775 3778 3834 Romani

483 3875 613 3915 cum
653 3860 923 3917 dedecore
954 3860 1258 3917 redierunt.

552 4018 620 4071 Α.
653 4015 715 4072 C.
743 4016 869 4071 752.
894 4047 965 4056 —
989 4014 1103 4072 lloc
1123 4033 1269 4072 anno
1294 4033 1449 4074 error
1483 4018 1538 4073 in
1589 4017 1924 4075 celebrando
1960 4016 2070 4073 Pa-

478 4110 689 4168 scbatis
718 4110 858 4167 festo
885 4111 1164 4168 admissus
1198 4122 1302 4178 est,
1333 4112 1657 4168 ortbodoxis
1696 4128 1793 4184 per
1833 4113 2075 4168 orienta-

479 4205 559 4261 les
580 4213 785 4260 tractus
807 4205 1013 4260 mensis
1033 4205 1238 4276 Aprilis
1259 4205 1347 4260 die
1371 4213 1549 4273 sexto,
1577 4206 1846 4262 haereticis
1863 4214 2072 4272 autem,

474 4313 712 4369 quorum
754 4297 809 4352 id
842 4296 946 4352 fuit
986 4305 1255 4366 erratum,
1291 4297 1454 4353 tertio
1480 4297 1696 4354 decimo
1745 4298 2068 4354 solemnita-

2253 4019 2319 4077 A.
2375 4016 2444 4072 M.
2495 4017 2656 4072 6232.
2682 4045 2753 4057 —
2775 4017 2968 4090 Τούτῳ
2991 4015 3072 4090 τῷ
3101 4017 3211 4071 ἔτει
3244 4017 3438 4085 γέγονε
3473 4017 3644 4087 πλάνη
3673 4017 3775 4086 τῆς

2181 4109 2497 4181 Πασχαλίας
2522 4109 2658 4183 (tl),
2684 4110 2780 4164 κα)⁸
2808 4111 2860 4165 οἱ
2884 4110 2984 4181 μὲν
3007 4109 3278 4181 ὀρθόδοξοι
3306 4109 3447 4164 κατὰ
3467 4110 3566 4181 τὴν
3599 4109 3775 4181 Ἐᾡαν

2180 4202 2313 4273 ἕκτῃ
2337 4201 2434 4255 τοῦ
2481 4202 2794 4273 Ἀπριλλίου
2829 4202 3000 4275 μηνὸς
3029 4202 3374 4274 ἐπάσχασαν,
3403 4203 3452 4257 οἱ
3481 4202 3538 4258 δὲ
3561 4202 3774 4261 πεπλας

2180 4291 2412 4362 νημένοι
2441 4291 2718 4364 αἱρετικοὶ
2749 4295 2817 4366 τῇ
2859 4297 2952 4363 ιγ’.

465 4403 584 4447 "tem
616 4392 765 4446 illam
795 4391 1106 4463 agentibus.
2104 4450 2152 4507 Β

547 4522 746 4577 Eodem
777 4537 924 4578 anno
945 4522 1122 4578 sancti
1148 4520 1380 4580 Joannis
1412 4526 1774 4594 praecursoris
1805 4532 1860 4578 et
1879 4523 2060 4595 baptio

2249 4522 2340 4594 Τῷ
2362 4523 2408 4578 δ’
2429 4523 2582 4592 αὐτῷ
2603 4523 2716 4577 ἔτει
2747 4524 3014 4594 μετετέθη
3035 4525 3067 4596 ἠ
3102 4524 3249 4596 κάρα
3277 4521 3372 4578 τοῦ
3397 4522 3552 4593 ἁγίου
3591 4523 3774 4578 Ἰωάν-

471 4621 575 4669 sta:
618 4621 785 4684 caput
838 4628 908 4669 ex
960 4614 1117 4669 Antri
1171 4615 1510 4670 monasterio
1542 4616 1596 4670 in
1629 4614 1894 4686 templum
1947 4613 2069 4684 ejus

2192 4632 2269 4668 μου
2299 4615 2413 4689 (42)
2447 4616 2541 4671 τοῦ
2580 4617 2902 4690 Προδρόμου
2927 4618 3025 4672 καὶ
3049 4616 3362 4672 Βαπτιστοῦ
3390 4619 3455 4671 ἐκ
3474 4617 3572 4690 τῆς
3602 4614 3772 4690 μονῆς

1754 4797 1997 4855 VARUE
2044 4791 2453 4856 LECTIONES.

2327 4979 2372 5012 "
2402 4977 2462 5031 δὲ
2495 4977 2622 5034 add.
2645 4993 2708 5034 ex
2734 4979 2801 5036 Δ.
2920 4980 2965 5011 ’⁷³
3001 4979 3384 5054 Ἀρμενιακῶν
3418 4980 3482 5035 Α.

513 4974 558 5007 ⁷⁸
589 4972 882 5046 πληρῶσαι
919 4989 950 5030 e
984 4973 1024 5029 l'.
1099 4974 1144 5006 '”
1180 4973 1560 5046 συντριϐέντες
1588 4973 1653 5043 A,
1687 4976 2070 5049 συντρίϐοντες
2099 4978 2249 5048 vulg.

1806 5156 1948 5214 JAC.
1974 5157 2192 5215 GOARl
2230 5158 2470 5215 NOTAE.

2249 5337 2360 5407 (39l
2392 5339 2655 5397 Berrbcea
2712 5340 2829 5395 haec
2893 5338 3068 5411 Syriae
3101 5350 3209 5407 est,
3243 5356 3272 5392 a
3322 5338 3587 5396 Chalcide
3611 5336 3767 5398 haud

2172 5407 2392 5482 dissita,
2426 5421 2607 5482 iprout
2640 5411 2748 5468 fert
2770 5407 2973 5466 textus.
3008 5409 3182 5467 Hodie
3218 5411 3372 5482 Alep.

2247 5481 2365 5604 (ίῗο)
2409 5481 2694 5538 Sexdecim
2751 5483 3099 5553 scripserunt
3161 5481 3496 5542 Anastasius
3551 5493 3608 5541 et
3658 5481 3767 5539 Hi-

2247 5570 2252 5599 ?
2301 5569 2354 5604 a.

2165 5568 2354 5606 sceua.

2238 5622 2350 5695 (μ)
2389 5623 2466 5695 ρο
2493 5639 2631 5694 vago
2669 5622 2942 5681 Pascbate
2977 5624 3262 5695 superius.

2235 5693 2351 5767 (ιῖ)
2388 5693 2515 5749 Haec
2536 5693 2802 5767 secunda
2862 5693 3125 5765 Baptista:
3175 5695 3377 5767 capitis
3428 5697 3675 5754 inventio
3709 5706 3768 5753 et

2163 5766 2497 5838 translatio._
2535 5764 2716 5838 Prima
2760 5764 3059 5838 siquidem,
3097 5764 3262 5838 quani
3317 5767 3507 5838 Graeci
3553 5783 3765 5824 memo—

2164 5844 2311 5909 rent,
2344 5851 2376 5890 e
2409 5835 2700 5909 Palaestina
2735 5835 2845 5909 μετ’
2887 5853 3086 5893 manus
3114 5835 3331 5893 “varias
3384 5839 3453 5893 ad
3487 5837 3759 5908 Spelzeum

2161 5907 2516 5964 observatur.
2564 5905 2607 5962 E
2643 5905 2857 5981 Spélaeo
2899 5909 3265 5976 nionastcrio,
3313 5923 3426 5980 quo
3471 5905 3609 5966 urna
3657 5910 3763 5965 ιρι.

538 5336 652 5408 (58)
683 5334 868 5391 Prima
902 5336 983 5393 rei
1032 5335 1170 5391 ﬁsco
1203 5334 1554 5408 vindicandae
1603 5337 1748 5393 actio
1776 5335 1918 5408 apud
1948 5337 2050 5392 Sa-

467 5406 718 5478 racenos,
765 5409 1099 5478 impressum
1163 5406 1432 5477 principis
1473 5414 1557 5463 est
1604 5406 1868 5476 sigillum.
1918 5409 2052 5462 Rem

464 5479 637 5547 ipsam
671 5477 802 5533 lisco
838 5477 1209 5549 adjudicatam
1261 5477 1593 5549 quandoque
1643 5479 1808 5533 etiam
1843 5479 2058 5550 signiﬁ-

464 5561 571 5604 cat.
597 5547 806 5604 Textus
836 5563 1080 5604 praesens
1126 5549 1382 5604 exemplo
1408 5550 1482 5604 sit
1515 5568 1528 5604 :
1572 5549 1942 5604 ‘Ewoa’wwav
1984 5548 2054 5604 τὰ

463 5561 571 5605 cat.
597 5547 806 5604 Textus
836 5547 1080 5618 praesens
1126 5549 1382 5618 exemplo
1408 5550 1482 5604 sit
1504 5547 1528 5604 ἐ
1572 5547 1942 5619 Ἐσφρὰγισέν
1984 5548 2054 5604 τὰ

461 5619 570 5701 τῷν
593 5691 602 5701 ί
623 5619 933 5701 ἐκκλησιῶν
975 5617 1830 5701 xetu'qlttap‘xeialEae-{enarunt
1871 5636 2054 5676 sacra-

464 5691 549 5741 ria
589 5689 919 5762 (sacris‘tias)
953 5691 1039 5745 sui
1071 5689 1216 5762 juris
1252 5689 1515 5762 fecit.Qui
1565 5689 1834 5762 Turcicos
1868 5706 2052 5746 mores

463 5769 690 5833 norunt,
724 5763 858 5832 quid
897 5759 977 5826 τὸ,
1015 5759 1363 5833 βουλλὼνειν,
1392 5761 1571 5832 sigillo
1602 5761 1811 5815 bullave
1837 5763 2053 5833 signare

463 5831 690 5897 referat,
723 5831 912 5913 notum
954 5831 1160 5886 habent
1194 5832 1408 5913 {etiam
1448 5831 1807 5890 CbriStianus
1838 5831 2052 5906 Gopro-

459 5918 661 5974 nymus
689 5903 1012 5973 exsequitur
1051 5917 1176 5974 pag.
1206 5902 1333 5958 369.
1373 5929 1379 5934 ν
