4100 6424
337 426 456 488 869

1631 430 1995 491 ClIRONOG
2006 433 2313 496 RAPHIA.

3507 449 3614 512 8Ἱῦ

338 534 444 590 τοῦ
480 533 754 604 Σπηλαίου
781 535 861 597 εἰς
897 535 986 588 τὸν
1021 535 1150 589 ναὸν
1197 537 1364 590 αὑτοῦ
1398 538 1539 590 κατὰ
1566 537 1666 606 τὴν
1701 540 1932 608 Ἐμεση-

2046 544 2189 611 quod
2227 555 2408 600 exstat
2438 549 2790 620 magnificum
2827 552 2878 607 in
2916 552 3048 610 urbe
3080 553 3274 612 Emesa
3308 559 3632 616 translatum

340 629 454 682 νῶν
485 626 640 680 πόλιν
669 627 781 698 (43)
807 629 1086 698 περιφανῆ
1111 628 1264 693 ὄντα,
1295 629 1388 681 καὶ
1418 631 1450 698 ὴ
1487 630 1794 693 κατάϐασις
1825 631 1938 702 (Μ)

340 720 572 790 ἐκτίσθη
605 719 734 772 ἔνθα
785 719 946 790 μέχρι
980 724 1076 790 τῆς
1110 722 1351 792 σήμερον
1387 721 1500 792 (45)
1549 722 1652 775 ὑπὸ
1687 723 1794 775 τῶν
1849 739 1941 775 πι-

343 812 493 866 στῶν
517 813 975 882 προσκυνουμένη
1010 811 1207 879 εὐωδίᾳ
1238 815 1525 882 σωματικῇ
1550 830 1610 865 τε
1641 813 1738 866 καὶ
1768 831 1938 867 πνευ-

343 907 558 975 ματικῇ
597 905 848 974 τιμᾶται,
890 903 1161 972 βλύζουσα
1191 904 1239 935 ⁷⁸
1260 907 1398 957 πᾶσι
1419 907 1533 967 τοῖς
1557 905 1740 959 πίστει
1769 923 1940 978 προσ·-

339 997 602 1067 τρὲχουσι
651 995 720 1048 τὰ
753 995 798 1026 ⁷³
845 996 1072 1066 ἰάματα.
1115 996 1224 1048 Καὶ
1261 995 1339 1066 τῷ
1376 995 1526 1066 αὐτῷ
1567 999 1677 1050 ἔτει
1717 997 1939 1070 δοκιτης

339 1089 560 1160 ἐδείχθη
622 1090 1008 1161 λαμπρότατος
1056 1091 1198 1145 κατὰ
1251 1091 1350 1163 τὴν
1410 1092 1585 1164 Ἐᾠαν
1643 1094 1737 1147 ἐπὶ
1801 1094 1937 1148 δέκα

337 1182 560 1253 ἡμέρας
616 1182 713 1235 καὶ
766 1182 924 1246 αὖθις
978 1183 1117 1254 πρὸς
1175 1184 1329 1236 δύσιν
1373 1185 1590 1254 ἡμέρας
1646 1183 1753 1239 κα’.
1803 1187 1936 1239 Θεό-

331 1275 516 1346 δωρος
549 1275 608 1328 δέ
641 1293 724 1339 τις
762 1275 988 1345 ὀνόματι
1017 1277 1064 1308 ⁷⁸
1096 1276 1390 1347 Λιϐανίτης
1433 1277 1603 1344 Σύρος
1657 1279 1798 1331 κατὰ
1838 1281 1936 1352 τὴν

337 1369 654 1438 περίχωρον
717 1366 1117 1432 Ἡλιουπόλεως
1156 1367 1258 1438 τῆς
1295 1369 1430 1438 πρὸς
1455 1371 1498 1401 ⁷⁷
1543 1371 1778 1424 Λίϐανον
1834 1375 1932 1426 ἐπ-

336 1463 542 1530 ανέστη
581 1463 697 1523 τοῖς
726 1461 952 1530 Ἀραψι,
985 1462 1082 1516 καὶ
1123 1461 1439 1532 πολεμήσας
1493 1462 1700 1525 αὐτοῖς,
1738 1463 1935 1517 ἔπεσον

336 1553 398 1617 se
449 1553 780 1624 ἀμφοτέρων
839 1553 1045 1607 πολλοί.
1100 1554 1370 1623 Ἒσχατον
1417 1555 1474 1608 δὲ
1515 1556 1748 1627 τραπεὶς
1803 1556 1935 1625 ἔφυ-

336 1662 460 1714 γεν,
517 1643 617 1697 καὶ
665 1645 715 1697 οἱ
763 1646 1018 1707 συνόντες
1073 1645 1224 1713 αὐτῷ
1266 1645 1551 1699 Λιϐανῖται
1607 1647 1808 1711 πάντες
1842 1649 1936 1701 ἀν·

338 1737 636 1810 ῃρέθησαν.
685 1736 968 1805 Ἐγένοντο
1010 1738 1067 1790 δὲ
1099 1739 1194 1791 καὶ
1221 1739 1268 1771 ⁷⁸
1319 1741 1376 1792 ὲν
1434 1741 1666 1810 Ἀφρικῇ
1727 1741 1934 1794 ἀκατα-

343 1833 556 1886 στασίαι
605 1832 699 1884 καὶ
742 1831 992 1901 πόλεμοι,
1021 1831 1256 1900 ἡλιακῆς
1299 1830 1588 1900 γεγονυίας
1632 1832 1931 1902 ἐκλείψεως

2044 645 2146 689 est.
2181 637 2470 695 Confessio
2501 658 2721 712 quoque
2779 660 2952 701 sacrae
3009 647 3253 718 reliquiae
3305 653 3636 722 reponenda:

2043 728 2310 785 aedificata
2335 741 2436 796 est,
2472 733 2525 787 in
2551 751 2658 805 qua
2689 737 2742 790 in
2772 736 2918 795 hunc
2951 757 3126 810 usque
3151 744 3295 798 diem
3322 760 3351 798 a
3379 744 3634 804 fidelibus

2043 821 2352 889 adolatur,
2405 833 2513 879 tam
2555 842 2844 898 corporea,
2906 849 3069 902 quam
3109 837 3381 906 spirituali
3445 841 3630 896 odoris

2043 911 2346 981 fragrantia
2374 917 2700 985 honoratur,
2738 929 2793 975 et
2814 922 2884 977 ab
2908 923 3000 979 illo
3022 928 3348 982 morborum
3380 932 3626 985 omnium

2042 1005 2280 1070 medela,
2317 1008 2470 1063 velut
2497 1025 2528 1065 c
2564 1013 2788 1082 perenni
2820 1013 2990 1080 fonte,
3024 1019 3078 1072 in
3102 1034 3219 1085 cos,
3251 1021 3343 1090 qui
3374 1037 3496 1075 cum
3525 1024 3630 1077 liiic

2041 1099 2329 1168 accedunt,
2363 1105 2618 1159 scaturit.
2654 1105 2769 1160 Hoc
2806 1108 3030 1180 insuper
3078 1127 3225 1166 anno
3267 1125 3475 1169 cometa
3514 1125 3630 1170 tra-

2040 1189 2124 1246 bis
2155 1193 2205 1245 in
2235 1207 2440 1248 morem
2474 1195 2876 1267 fulgidissimus
2910 1203 2976 1255 ad
3005 1203 3325 1260 orientalem
3363 1209 3483 1261 ςαξΙὶ
3513 1210 3627 1274 pla-

2041 1299 2163 1352 gam
2196 1285 2312 1341 dies
2337 1288 2627 1345 continuos
2659 1292 2872 1359 decem,
2899 1305 2952 1349 et
2981 1296 3044 1348 atl
3071 1297 3460 1352 occidentalem
3501 1318 3624 1353 rur-

2040 1395 2162 1432 sum
2211 1379 2328 1435 dies
2383 1381 2574 1452 viginti
2605 1395 2660 1438 et
2712 1402 2882 1440 unum
2931 1389 3080 1442 visus
3140 1399 3244 1444 est.
3302 1389 3627 1448 Theodorus

2039 1479 2222 1526 autem
2277 1474 2500 1542 quidam
2532 1493 2563 1531 e
2597 1491 2780 1534 monte
2812 1478 3022 1536 Libano
3053 1481 3224 1554 Syrus
3282 1485 3334 1538 in
3373 1483 3626 1554 Heliopo-

2038 1562 2152 1619 leos
2176 1565 2419 1636 regione,
2457 1584 2578 1638 quas
2609 1569 2819 1628 Libano
2844 1574 3078 1644 adjacet,
3116 1576 3169 1630 iu
3209 1577 3417 1632 Arabes
3451 1579 3627 1632 rebel-

2037 1656 2188 1722 lavit,
2214 1665 2264 1711 et
2290 1660 2547 1717 manibus
2578 1677 2700 1718 cum
2734 1679 2800 1719 eo
2823 1669 3094 1723 consertis
3125 1669 3279 1722 multi
3299 1685 3366 1724 ex
3394 1679 3626 1739 utraque

2031 1757 2189 1820 parte
2221 1749 2536 1821 desiderati,
2579 1756 2797 1811 tandem
2828 1757 2949 1826 ejus
2989 1759 3108 1815 acie
3152 1758 3274 1817 fusa
3330 1761 3384 1815 in
3438 1761 3622 1832 fugam

2035 1856 2231 1897 versus
2255 1851 2360 1910 est,
2392 1845 2591 1914 quique
2625 1846 2778 1901 illum
2812 1850 3185 1918 sequebantur
3221 1850 3487 1906 Libanitte
3505 1867 3625 1906 om-

348 1925 472 1994 μηνὶ
501 1923 803 1993 Αὐγούστῳ
859 1924 1347 1996 πεντεκαιδεκάτῃ,
1401 1923 1586 1995 ἡμέρᾳ
1624 1925 1780 1997 ἕκτῃ,
1809 1925 1930 1998 ὥρα

2036 1947 2132 1988 nes
2164 1935 2358 1990 occisi.
2399 1934 2692 1994 Tumultus
2743 1955 2964 2010 quoque
2997 1957 3094 2011 per
3143 1941 3388 1998 Africam
3441 1946 3618 1998 exorti

343 2015 559 2088 δεκάτῃ.
610 2015 942 2085 Ἀνέστησαν
971 2015 1031 2069 δέ
1055 2031 1204 2078 τινες
1223 2017 1334 2069 τῶν
1352 2016 1736 2088 Μαυροφόρων
1765 2020 1824 2071 ὲν
1853 2019 1930 2089 τῷ

353 2109 566 2179 Δαῦεκῷ
608 2109 866 2178 λέγοντες
913 2109 1006 2162 τὸν
1039 2110 1160 2163 υἱὸν
1204 2109 1297 2164 τοῦ
1350 2111 1852 2182 πρωτοσυμσούλου
1883 2114 1930 2146 ⁷⁸

357 2201 501 2264 Θεὸν,
525 2201 592 2263 ὡς
615 2203 823 2271 τροφέα
849 2200 1052 2267 αὐτῶν,
1085 2203 1177 2277 καὶ
1206 2201 1510 2274 ἐξήνεγκαν
1537 2202 1718 2273 δόγμα
1745 2203 1930 2258 τοιοῦ-

359 2311 455 2346 τον.
501 2294 605 2347 Καὶ
639 2295 891 2364 εἰσῆλθον
920 2295 971 2348 οἱ
999 2295 1361 2367 Μαυροφόροι
1396 2295 1478 2360 εις
1523 2294 1616 2350 τὸν
1651 2291 1802 2351 οῐκον
1831 2297 1932 2367 τῆς

354 2385 544 2455 πλάνης
571 2383 685 2457 (46)
715 2385 918 2450 αὐτῶν,
942 2385 1038 2440 καὶ
1065 2387 1402 2442 ἀπέκτειναν
1427 2388 1555 2452 τοὺς
1575 2389 1926 2461 κλειδούχους

333 2476 572 2548 ὀνόματα
601 2476 643 2545 ξ’
678 2479 812 2550 (47).
843 2479 956 2532 Καὶ
995 2478 1222 2549 ὲξῆλθόν
1250 2496 1398 2543 τινες
1444 2481 1539 2534 ἐπὶ
1569 2481 1663 2536 τὸν
1705 2483 1924 2553 Βάσρα-

330 2581 444 2631 σον,
477 2569 574 2620 καὶ
609 2567 1044 2639 ᾑχμαλώτευσαν
1080 2569 1334 2637 πολλοὺς,
1372 2572 1474 2627 καὶ
1499 2573 1766 2644 χρήματα
1793 2572 1922 2629 ἐλα-

329 2656 423 2712 6ον
447 2659 642 2714 πολλὰ.

397 2941 470 2993 Α.
498 2939 574 2993 Μ.
607 2939 770 2994 6255.
800 2971 870 2981 —
899 2940 1088 3010 Τούτῳ
1118 2940 1196 3012 τῷ
1221 2941 1334 2997 ἔτει
1356 2943 1692 2998 ἐστασίασαν
1724 2945 1772 2998 οἱ
1803 2945 1923 2999 Κα-

325 3032 525 3085 σιῶται
558 3032 604 3063 ⁸⁰
638 3032 748 3102 (48)
774 3031 916 3085 κατὰ
939 3035 1047 3085 τῶν
1094 3034 1476 3105 Μανροφόρων
1504 3036 1592 3088 διὰ
1622 3038 1910 3103 γυναῖκας.

325 3125 599 3194 Ἔμειναν
636 3125 747 3196 γὰρ
774 3125 836 3190 ἐξ
857 3125 1039 3179 αὐτῶν
1063 3128 1148 3190 εὶς
1177 3123 1350 3193 οἷκον,
1386 3129 1444 3181 ὲν
1467 3121 1518 3197 ᾧ
1543 3128 1739 3199 ἔμενον
1771 3129 1926 3182 ἁδελ-

2026 2033 2322 2092 apparente
2352 2026 2486 2082 solis
2518 2028 2733 2085 defectu
2763 2033 2970 2088 mensis
3003 2032 3236 2102 Augusti
3277 2035 3371 2089 die
3398 2035 3620 2090 decimo

2023 2115 2239 2185 quinti),
2283 2118 2419 2175 feria
2453 2130 2630 2189 sexta,
2663 2125 2796 2178 bora
2845 2125 2952 2180 diei
2991 2127 3224 2182 decima.
3277 2127 3449 2182 Porro
3499 2131 3620 2198 qui-

2026 2212 2149 2263 dam
2192 2224 2258 2263 ex
2297 2210 2678 2283 Maumpboris
2733 2214 2932 2272 Dabeci
2992 2233 3290 2282 emersere,
3343 2219 3436 2287 qui
3493 2235 3620 2288 pro-

2027 2300 2324 2370 tosymbuli
2382 2303 2580 2368 ﬁlium,
2639 2308 2784 2375 quod
2834 2323 3025 2363 eorum
3077 2310 3366 2365 nutritium
3413 2323 3618 2379 ageret,

2033 2391 2200 2448 Deum
2244 2409 2369 2452 esse
2425 2397 2587 2469 363
2639 2401 3020 2469 praedicarent.
3083 2403 3142 2457 in
3207 2404 3349 2459 hanc
3400 2419 3622 2474 quoque

2031 2495 2267 2544 mentem
2290 2490 2713 2559 promulgavere
2743 2494 2964 2562 dogma.
2993 2493 3348 2565 Maurophori
3383 2497 3621 2550 subinde

2030 2579 2084 2632 in
2113 2577 2301 2633 fanum
2340 2581 2513 2635 errori
2538 2597 2641 2638 suo
2675 2583 2920 2638 dicatum
2969 2586 3202 2654 ingrcssi
3251 2585 3486 2640 aadituos
3517 2603 3616 2641 nu-

2031 2685 2187 2726 mero
2226 2673 2511 2742 sexaginta
2565 2683 2962 2730 mactaverunt.
3001 2675 3234 2741 Quidam
3291 2686 3476 2734 autem
3511 2679 3618 2733 Ba-

2025 2777 2246 2818 srasum
2301 2763 2554 2833 profecti,
2593 2765 2868 2837 plerisque
2900 2771 2956 2822 in
2979 2769 3350 2839 captivitatem
3382 2771 3616 2837 abactis,

2028 2857 2132 2926 ipsi
2159 2871 2294 2924 Opes
2326 2857 2646 2913 inn-umeras
2669 2859 3036 2916 abstulerunt.

2103 2945 2168 2999 ﬁt.
2193 2944 2256 2999 C.
2292 2947 2415 3001 755.
2447 2977 2510 2988 -—
2540 2947 2657 3004 Hoc
2684 2965 2831 3006 anno
2868 2951 3101 3008 Casiotaa
3133 2954 3186 3008 in
3217 2953 3616 3025 Mauropboros

2021 3038 2337 3093 tumultuati
2370 3049 2498 3093 sunt
2532 3039 2860 3096 feminarum
2891 3059 3080 3099 causa.
3113 3047 3168 3100 In
3199 3047 3366 3101 domo
3385 3049 3611 3107 etenim.

2029 3131 2088 3183 in
2148 3146 2257 3200 qua
2307 3140 2423 3187 tres
2475 3131 2673 3189 fratres
2708 3135 3049 3202 habitabant,
3084 3154 3151 3193 ex
3208 3137 3316 3194 illis
3367 3141 3614 3196 nonnulli

1623 3291 1860 3347 VARI/13
1899 3291 2309 3350 LECTIONES.

416 3437 468 3468 ⁷*
504 3437 774 3509 βλύζουσα
807 3467 878 3477 —-
904 3437 1109 3509 ἰάματα
1142 3451 1254 3509 om.
1291 3436 1328 3489 f.

312 3509 366 3541 ‘"
396 3507 512 3562 xui.
535 3519 662 3562 ante
695 3512 753 3561 ἐν
778 3509 907 3562 add.
935 3523 997 3560 ex
1028 3507 1093 3562 Α.

314 3588 459 3636 «tut
511 3597 524 3633 :

1433 3437 1481 3469 ιη
1512 3437 1578 3470 ’,ι
1613 3437 1689 3470 ml.

1201 3451 1254 3490 η.
1291 3436 1328 3489 f.
1433 3437 1481 3469 ⁷⁸
1512 3436 1579 3488 τὰ
1610 3435 1734 3491 atlzl.
1777 3453 1840 3490 cx
1876 3438 1941 3492 A.
2017 3438 2065 3471 ⁷⁸
2097 3437 2326 3507 ὀνόματι
2348 3437 2474 3493 add.
2505 3452 2570 3492 ex
2598 3439 2666 3492 Α.
2744 3439 2788 3470 ⁷⁷
2819 3442 2917 3508 τῆς
2941 3439 3078 3508 πρὸς
3111 3438 3175 3503 Α,
3203 3439 3302 3511 τὴν
3341 3443 3433 3494 ἐπὶ
3461 3442 3608 3511 vulg.

1201 3508 1248 3540 "’
1283 3507 1792 3579 πρωτοσυμβούλον
1829 3507 2568 3579 A.71rptotocup6o'>.ou_vulg.
2643 3510 2688 3542 ⁸ο
2717 3518 2842 3579 post
2873 3509 3159 3564 Κασιῶται
3191 3526 3223 3566 e
3261 3512 3287 3565 f
3313 3514 3431 3567 hazc
3458 3513 3611 3569 inse-

566 3579 694 3634 καθ’
727 3581 754 3632 ὃ
780 3595 948 3649 φασιν
988 3577 1231 3650 ’Ἄραϐες
1265 3576 1526 3632 καλοῦσιν
1559 3577 1670 3631 uici.
1692 3577 1788 3631 τοῦ
1822 3576 2077 3648 Καῆςὼς
2105 3576 2579 3648 γενεαλογοῦνται.

2017 3438 2065 3471 ⁷⁸
2097 3437 2326 3511 ὀνόματι
2348 3437 2474 3493 add.
2495 3452 2570 3511 ex
2598 3439 2680 3511 Α,
2744 3439 2788 3470 ⁷⁷
2819 3442 2917 3508 τῆς
2941 3439 3078 3511 πρὸς
3111 3438 3175 3503 Α,
3203 3439 3302 3511 τὴν
3341 3443 3433 3494 ἐπὶ
3461 3442 3608 3511 vulg.

1649 3708 1790 3767 JAC.
1825 3710 2040 3769 GOARI
2087 3711 2321 3769 NOTAE.

308 3858 444 3914 iure
471 3855 693 3912 condita
721 3855 947 3917 latebat,
972 3853 1224 3910 Emesam
1250 3854 1302 3909 in
1342 3855 1609 3926 templum
1645 3855 1908 3924 Baptistae
1935 3862 1978 3919 C
2014 3873 2157 3912 urna
2215 3856 2516 3926 repositum
2541 3864 2798 3925 terraque
2835 3862 3086 3925 apertum
3122 3859 3254 3926 tunc
3296 3851 3514 3907 demum
3551 3856 3607 3912 in

318 3929 531 3985 nomini
565 3927 805 3980 dicatum
853 3926 1100 3980 secundo
1152 3925 1480 3980 translatum
1525 3941 1538 3977 :
1575 3925 1769 3982 Emesa
1807 3927 1910 3980 tle-

311 4001 493 4068 nique
525 4005 577 4051 et
623 3996 884 4068 Gornanis
929 3995 1039 4068 (ΖΡ,
1078 3996 1449 4068 deportatum.
1507 3995 1759 4068 Primam
1802 4014 1909 4052 una

313 4065 450 4123 cuin
493 4067 735 4124 secunda
790 4067 1211 4122 translationem
1274 4065 1488 4131 Graeci,
1550 4067 1910 4136 teste'Genc-

311 4139 512 4194 brardi
549 4137 876 4208 brevissimo
916 4137 1219 4206 MenOIOgio
1244 4137 1532 4208 Februarii
1571 4139 1660 4191 die
1687 4136 1777 4199 24,
1817 4155 1911 4208 po-

314 4219 583 4265 stremam
633 4206 761 4262 Maii
799 4209 870 4262 25
911 4208 1210 4262 celebrant.
1245 4207 1506 4263 Menaanui
1543 4217 1780 4276 utroque
1818 4206 1909 4265 die

309 4280 638 4350 legendum,
673 4279 1121 4350 disertissimum
1154 4277 1222 4332 de
1255 4277 1540 4350 Prodromi
1579 4279 1762 4347 capite
1801 4289 1908 4333 tra-

309 4345 530 4405 ctatum
567 4365 617 4404 c.
655 4365 706 4404 v.
738 4348 943 4418 Caroli,
972 4347 1044 4402 du
1082 4345 1286 4403 Fresne
1326 4345 1713 4404 Atnbianensis
1769 4367 1909 4418 prae-

316 4419 683 4477 stolantibus.
715 4448 785 4461 —
815 4420 886 4473 De
913 4417 1231 4474 Graecorum
1265 4430 1372 4472 tota
1407 4418 1710 4474 traditione
1754 4417 1904 4475 circa

315 4492 376 4547 S.
426 4488 660 4546 Joannis
693 4498 878 4559 caput,
917 4489 1150 4559 ejusque
1205 4491 1475 4559 triplicem
1523 4492 1903 4559 inventionem

316 4562 484 4616 docte
517 4561 667 4616 brevi
712 4551 1002 4629 prodituro
1029 4551 1082 4617 ν’.
1107 4560 1178 4615 cl.
1210 4551 1388 4614 Caroli
1421 4558 1501 4614 Du
1539 4551 1578 4612 F
1585 4575 1746 4616 resne
1769 4562 1904 4616 Am-

319 4632 609 4686 bianensis
651 4631 986 4696 lucubratio,
1029 4633 1172 4701 patri
1200 4629 1347 4684 Goar
1379 4631 1562 4683 audita
1616 4639 1670 4686 et
1704 4648 1903 4702 exspe-

313 4711 492 4760 ctata.
518 4703 649 4754 mibi
673 4702 839 4756 etiam
876 4703 1122 4757 auctoris
1152 4701 1514 4766 humanitate,
1545 4703 1759 4770 qualem
1787 4701 1902 4758 fere

309 4771 569 4841 digessit,
604 4773 744 4840 visa,
774 4787 873 4826 nec
913 4772 1033 4828 sine
1067 4773 1348 4842 voluptate
1381 4772 1542 4826 lecta.
1574 4773 1653 4828 Ad
1695 4773 1902 4828 calcem

311 4843 794 4912 exstabunt,quos
825 4843 958 4898 mibi
981 4852 1244 4898 tractatus
1270 4843 1691 4898 eminentissimi
1723 4846 1903 4899 cardi-

315 4913 463 4968 nalis
490 4913 760 4966 Mazarini
807 4913 864 4967 in
915 4929 1034 4968 eam
1071 4930 1183 4970 rem
1226 4912 1532 4968 Iuculentos
1569 4914 1899 4969 bibliotheca

312 4991 673 5054 suggesserat
723 4996 738 5034 :
789 4983 842 5037 in
891 4984 1094 5053 quibus
1156 4985 1466 5054 praecipuus
1526 4986 1621 5054 qui
1681 4986 1897 5040 tertiam

311 5053 580 5109 Cottianis
612 5053 1169 5123 Constantinopolim
1196 5053 1568 5109 inventionem
1602 5071 1666 5110 ac
1719 5065 1901 5110 trans-

315 5123 580 5196 lationem
644 5125 789 5196 sacrj
841 5126 1086 5196 pignoris
1145 5125 1357 5196 lgnatio
1411 5126 1758 5194 patriarcha,
1799 5126 1899 5180 Mi-

2016 3930 2191 3982 luccm
2247 3922 2487 3991 erutum,
2534 3936 2588 3981 ct
2645 3922 2898 3980 ornatum
2934 3930 3180 3996 argento,
3225 3922 3608 3996 frequentibus

2013 3998 2252 4054 modulis
2280 3998 2539 4052 decantat
2572 4040 2586 4060 ,
2617 3999 2754 4052 alias
2785 3997 2914 4066 quid
2957 3993 3072 4050 haec
3103 3993 3438 4058 κατάὃασις,
3477 4012 3605 4068 qua:

2013 4071 2312 4124 Anastasio
2344 4069 2651 4130 descensus,
2679 4069 2813 4122 mihi
2843 4068 3055 4138 ignota.

2084 4141 2199 4210 (45)
2227 4139 2310 4194 Ad
2334 4139 2692 4209 TlteOpbanis
2716 4141 2896 4193 adhuc
2933 4147 3202 4207 tempora.
3224 4151 3334 4210 quo
3367 4137 3607 4192 transla-

2011 4205 2102 4264 tio'
2119 4205 2309 4265 eadem
2342 4205 2584 4280 peracta,
2611 4211 2656 4280 si
2688 4210 2820 4264 fides
2851 4205 3130 4280 cozctaneo
3159 4205 3265 4260 non
3299 4205 3606 4280 denegatur

2019 4279 2292 4336 historico
2326 4278 2354 4332 ε’
2378 4290 2572 4334 auctor
2621 4279 2809 4336 Menaei
2875 4279 3294 4333 translationem
3331 4278 3489 4329 istam
3534 4281 3601 4333 ad

2009 4349 2384 4407 Valentiniani
2430 4350 2672 4420 junioris
2719 4357 2935 4406 aetatem
2985 4347 3299 4403 revocantis
3341 4347 3604 4415 deceptus

2008 4430 2112 4477 est.

2078 4493 2195 4564 (46)
2224 4491 2281 4548 In
2311 4490 2576 4564 templum
2612 4490 2838 4564 Mecbge.
2874 4520 2942 4564 τ-
2966 4487 3113 4564 Niliil
3146 4487 3291 4564 cogit
3316 4495 3375 4540 ut
3416 4487 3600 4564 ipsum

2007 4559 2212 4619 Mecha:
2265 4559 2524 4631 templum
2581 4577 2704 4616 cum
2767 4561 2827 4615 P.
2879 4559 3599 4631 Goarintelligmnus;_nisi

2010 4633 2284 4689 Dabecum
2313 4628 2430 4702 ipsa
2451 4631 2636 4686 Mecba
2652 4643 2816 4694 esset,
2843 4632 2988 4701 quod
3021 4645 3130 4684 non
3158 4628 3316 4702 facile
3339 4629 3598 4702 suadeat.

2009 4703 2158 4760 Satis
2187 4699 2347 4760 enim'
2366 4715 2562 4757 auctor
2605 4704 2720 4758 bzec
2767 4699 2952 4756 omnia
2991 4702 3046 4756 in
3080 4715 3146 4755 eo
3188 4699 3413 4770 oppido,
3447 4701 3602 4770 ejus-

2005 4791 2113 4843 que
2147 4774 2411 4830 mescbita
2447 4773 2650 4827 factum
2721 4774 2958 4840 indicat;
2994 4787 3110 4843 nec
3157 4770 3468 4843 inAArabia,
3510 4773 3601 4843 ubi

2007 4841 2221 4912 Met-ha,
2249 4844 2345 4900 sed
2374 4844 2430 4899 in
2488 4843 2734 4908 Perside,
2784 4844 2944 4911 cujus
2992 4841 3346 4912 Mauropliori
3388 4842 3600 4911 p0puli,

2007 4933 2070 4972 ac
2127 4917 2271 4984 apud
2331 4930 2473 4986 quos
2527 4915 2762 4969 Abdelas
2800 4914 2912 4986 jam
2955 4915 3274 4986 imperaret,
3322 4913 3600 4986 exstincto

2007 4983 2275 5050 Maruam,
2304 4983 2369 5041 ac
2406 4987 2748 5055 superiorem
2780 4985 3018 5040 Arabum
3045 4983 3291 5055 imperio
3321 4998 3335 5034 :
3360 4983 3454 5055 qui
3484 4983 3603 5050 ipso

2007 5053 2616 5134 protosymbulusjsit,
2663 5057 2825 5134 cujus
2888 5060 2962 5109 ita
3028 5054 3200 5134 filium
3263 5053 3600 5134 desipit-ntus

2004 5124 2360 5197 Maurophori
2406 5128 2742 5182 adulationis
2794 5141 3025 5181 excessu
3070 5125 3231 5178 deum
3265 5124 3603 5197 sibisanxe-

309 5194 622 5268 cliaeleque
665 5203 721 5248 et
748 5191 1038 5250 Theodora
1070 5191 1461 5268 AAf'auctoris
1489 5199 1718 5264 aequalis
1759 5200 1900 5268 stylo
1935 5207 1977 5261 ι)
2009 5200 2141 5254 rint.
2176 5191 2254 5253 Ita
2281 5213 2415 5253 sane
2483 5215 2536 5268 p.
2587 5197 2694 5252 407
2742 5197 2994 5252 invenias
3034 5197 3307 5268 garonem
3331 5191 3598 5268 _Arabu_m

311 5265 471 5338 gravi
519 5272 763 5338 enarrat,
798 5268 1034 5322 necdum
1081 5269 1222 5338 juris
1264 5267 1439 5321 factus
1467 5267 1708 5337 publici;
1738 5265 1900 5336 cuius

311 5336 482 5407 etiam
536 5335 725 5391 Romae
773 5353 942 5407 penes
974 5335 1359 5394 doctissimum
1396 5335 1900 5394 ac’amicissitnum

315 5401 557 5480 Leonem
583 5401 843 5461 Allathim
879 5411 1160 5480 exemplar
1195 5415 1396 5464 exstat.
1431 5409 1726 5464 COIBEFIS.

416 5477 504 5549 l5)
540 5475 599 5549 In
653 5493 761 5546 qua
832 5491 951 5532 erat
997 5475 1190 5549 8ρθιωί
1254 5481 1674 5549 monasterium.

413 5546 503 5616 Β)
559 5546 954 5616 Confessionem
1017 5546 1122 5605 sub
1178 5549 1339 5604 altari
1399 5550 1466 5604 ad
1524 5548 1896 5604 Romanarum

311 5617 493 5692 instar
521 5632 779 5692 expono:
804 5620 1087 5692 κτισθεῖσα
1135 5621 1337 5692 quippe
1376 5620 1579 5692 legitur
1612 5639 1625 5676 :
1666 5621 1899 5692 ideoque

315 5688 422 5763 sub
466 5696 621 5763 terra
667 5690 820 5744 calce
867 5688 1166 5763 lapidibus
1193 5688 1726 5763 aed—ilicio'rcvincta,
1750 5688 1896 5763 quod

2006 5285 2323 5344 supremum
2380 5260 2576 5344 due-en)
2639 5269 2986 5324 exstruxisse
3043 5265 3244 5344 Tyana:
3301 5260 3451 5315 οἷκον
3493 5265 3598 5344 τῆς

2005 5337 2359 5412 βλασφημίας
2403 5339 2612 5412 αὑτοῦξ
2651 5354 2845 5412 nempe
2893 5337 3217 5412 nteschitam
3268 5348 3456 5412 uuam,
3514 5337 3594 5412 uti

2005 5403 2422 5481 ubique-solent
2446 5413 2500 5465 iu
2523 5403 2913 5478 urbibusquas
2943 5422 3056 5461 sua:
3092 5405 3305 5481 faciunt
3339 5403 3592 5470 ditionis;

2003 5477 2198 5537 nisi-in
2227 5498 2353 5537 eum
2395 5496 2556 5536 usum
2593 5477 2914 5534 Christiana
2967 5477 3171 5545 templa
3225 5482 3593 5534 commutant.

2003 5553 2081 5608 uti
2116 5555 2320 5607 factum
2359 5551 2467 5608 (ΞΡ.
2499 5559 2553 5606 et
2575 5565 2742 5620 supra
2777 5547 3054 5610 Damasci,
3089 5556 3194 5601 etc.
3225 5546 3520 5620 Collatus.

2073 5624 2184 5694 (47)
2213 5623 2542 5687 υι,ηοῐηὶηο
2562 5618 2908 5691 dig—noscitur
2933 5632 3194 5694 persona,
3231 5619 3304 5671 ita
3345 5632 3448 5669 vox
3478 5618 3599 5694 ovo-

2001 5686 2099 5764 μα,
2137 5686 2217 5750 vel
2257 5686 2544 5766 ὀνομάτος,
2589 5686 2870 5766 ηξιηοηαηι
2903 5686 3273 5766 refert._Hinc
3319 5690 3593 5766 recentia-

318 5757 804 5832 leonomacborum
869 5761 1209 5830 temporibus
1269 5777 1338 5817 ex
1396 5777 1518 5832 pag.
1574 5762 1678 5818 570
1733 5757 1896 5817 etiam
1997 5757 2152 5820 ribus
2187 5757 2390 5821 usitata
2425 5757 2644 5832 dicendi
2686 5777 2912 5832 genera,
2941 5761 3076 5814 δέκα
3103 5760 3380 5827 ὀνομὰτοι,
3410 5757 3588 5832 decent

317 5842 490 5882 sacrae
497 5829 770 5904 _reliquiae
806 5829 1161 5904 saevissimam
1204 5829 1522 5904 paterentur
1561 5833 1900 5904 persecutio-
1994 5849 2273 5904 persona:
2297 5837 2440 5889 πόσα
2462 5830 2604 5897 εἶδες
2632 5829 3060 5903 ὀνὸματαςᾳιιυι
3081 5831 3263 5904 vidisti
3290 5830 3588 5900 personas?

317 5910 458 5955 netu.
497 5898 903 5959 Tran’slationis
959 5903 1132 5959 tertia:
1181 5898 1417 5959 cilicium
1466 5898 1592 5959 Maii
1633 5903 1704 5960 25
1730 5913 1896 5976 caput

2065 5906 2182 5977 (48)
2219 5905 2322 5973 Qui
2345 5921 2521 5976 nuper
2549 5902 2756 5962 Caisini
2788 5905 2924 5962 dicti
2949 5919 3075 5976 pag.
3101 5902 3228 5977 336.
