4100 6432
322 437 430 504 873

1623 407 2301 497 cnnox'ocmrnm.

3491 435 3600 502 874

324 544 497 602 ἀθνῶν
510 540 757 614 χιλιάδας
790 543 838 594 κ’
860 540 927 606 ³⁸,
961 541 1055 595 καὶ
1099 540 1322 607 τούτους
1350 542 1431 606 είς
1477 542 1547 598 τά
1572 542 1909 618 ὀχυρώματα

2025 544 2321 601 vicmarum
2374 547 2658 603 nationum
2711 546 2902 619 viginti
2938 546 3182 606 millibus
3227 552 3284 606 in
3329 549 3598 606 auxilium

324 638 552 706 στήσας,
583 633 925 704 ἠσφαλίσατο
960 634 1177 691 ἑαυτόν.
1230 634 1290 688 ⁸0
1343 635 1401 689 δὲ
1448 634 1703 706 βασιλεὺς
1744 637 1914 692 ἐλθὼν

325 727 656 797 ᾕπλίιιευσεν
678 726 760 789 εἰς
784 724 881 780 τὸν
914 724 1140 797 κάμπον
1172 724 1457 798 ’Δγχιάλου
1479 743 1494 759 ο
1526 728 1622 782 καὶ
1640 731 1708 800 τῇ
1738 727 1782 782 λ’
1818 729 1913 784 τοῦ

336 817 560 873 ⁹ιουνίου
618 817 790 889 μηνὸς
838 820 939 889 τῆς
988 817 1038 872 α’
1071 819 1403 884 ίνδικτιῶνος
1450 820 1590 894 (57),
1619 821 1805 895 ήμέρᾳ
1850 829 1914 889 ε’,

321 914 500 983 ἐφάνη
527 908 800 982 Τελέτζης
829 910 968 981 μετά
1016 911 1260 983 πλήθους
1288 911 1460 968 ἐθνῶν
1481 914 1799 987 ἐρχόμενος,
1821 916 1918 971 καὶ

323 1001 699 1075 συμϐαλόντες
746 1003 988 1073 πόλεμον
1018 1003 1315 1059 κόπτουσιν
1336 1005 1601 1077 ἀλλήλους
1630 1008 1724 1062 ἐπὶ
1757 1009 1915 1074 πολὺ,

320 1095 423 1151 καὶ
444 1096 676 1166 τραπεὶς
709 1094 984 1165 Τελέτζης
1014 1096 1242 1166 ἔφυγεν.
1292 1097 1596 1170 Ἐκράτησε
1615 1099 1671 1153 δὲ
1695 1102 1729 1171 ἡ
1766 1101 1916 1171 μάχη

321 1188 436 1242 ἀπὸ
458 1188 610 1261 ὥρας
634 1185 673 1241 ε’
703 1188 821 1260 (58)
844 1188 952 1252 ῑως
972 1189 1096 1260 ὀψὲ,
1137 1190 1235 1246 καὶ
1262 1190 1435 1246 πολλά
1463 1191 1645 1265 πλήθη
1675 1193 1918 1263 Βουλγά-

325 1300 438 1355 ρων
459 1279 847 1353 ἀνηλώθησαν,
888 1283 1078 1337 πολλοὶ
1129 1284 1188 1337 δὲ
1219 1283 1616 1358 ἐχειρώθησαν,
1651 1285 1805 1341 ἄλλοι
1860 1288 1919 1342 δὲ

321 1376 422 1430 καὶ
470 1374 918 1447 προσεῤῥύησαν.
970 1375 1030 1431 ’0
1063 1375 1123 1430 δὲ
1172 1375 1432 1448 βασιλεὺς
1478 1378 1673 1451 ἀρθεὶς
1708 1380 1804 1433 ἐπὶ
1846 1383 1917 1453 τῇ

322 1464 546 1534 τοιαύτῃ
576 1465 725 1537 νίκῃ,
751 1465 1154 1537 ἐθριάμϐευσεν
1190 1466 1398 1540 ταύτην
1423 1469 1519 1523 ἐπὶ
1556 1470 1660 1542 τῆς
1686 1470 1918 1538 πόλεως,

325 1556 734 1630 ἁρματωμένος
761 1559 859 1612 σὺν
888 1558 966 1628 τῷ
995 1558 1214 1632 στρατῷ
1253 1560 1535 1628 εἰσελθὼν,
1562 1563 1921 1637 εὐφημούμε-

322 1666 413 1713 νος
447 1649 553 1705 ὑπὸ
581 1646 695 1704 τῶν
724 1648 916 1721 δήμων
955 1652 1051 1705 καὶ
1084 1649 1536 1725 ξυλοπανδούροις
1578 1655 1763 1730 σύρων
1790 1658 1919 1723 τοὺς

326 1739 695 1813 χειρωθέντας
743 1740 1092 1814 Βουλγάρους
1115 1784 1132 1812 ,
1171 1743 1267 1811 οὓς
1316 1745 1518 1811 ἔξωθεν
1559 1747 1661 1819 τῆς
1694 1750 1920 1822 Χρυσῆς

328 1832 532 1903 πάρτης
589 1832 981 1905 ἀποτμηθῆναι
1038 1835 1327 1891 ἐκέλευσεν
1360 1838 1466 1893 ὑπὸ
1519 1838 1630 1893 τῶν
1658 1840 1916 1896 πολιτῶν.

333 1927 432 1982 ἰ’δν
454 1925 512 1981 δὲ
537 1924 810 1998 Τελέτζην
843 1926 1236 1993 στασιάσαντες
1257 1930 1308 1984 οί
1340 1929 1644 2003 Βούλγαροι
1663 1931 1921 1987 ἀπέκτει-

338 2033 431 2071 ναν
470 2017 569 2072 σὺν
597 2018 713 2081 τοῖς
741 2015 1003 2089 ἄρχουσιν
1045 2019 1239 2086 αὐτοῦ,
1294 2020 1391 2075 καὶ
1419 2020 1656 2093 ἔστησαν
1691 2022 1922 2077 Σαϐῖνον

342 2109 576 2181 γαμϐρὸν
608 2109 746 2165 ὄντα
770 2111 1083 2184 Κορμεσίου
1116 2112 1211 2167 τοῦ
1266 2114 1438 2170 πάλαι
1489 2116 1683 2183 κυρίου
1714 2116 1918 2173 αὐτῶν.

351 2198 453 2252 Τοῦ
477 2198 530 2252 δὲ
550 2199 776 2254 Σαϐίνου
800 2201 1005 2266 εὐθέως
1035 2202 1463 2269 ἀποστείλαντος
1489 2204 1625 2278 πρὸς
1648 2207 1739 2260 τὸν
1770 2207 1923 2277 βασι-

352 2292 458 2359 λέα,
492 2293 585 2346 καὶ
632 2292 926 2365 ζητοῦντος
979 2294 1208 2366 ποιῆσαι
1245 2296 1494 2368 είρήνην,
1527 2299 1835 2369 κομμένδον
1869 2301 1914 2334 ⁹¹

349 2384 657 2450 ποιήσαντες
711 2383 762 2436 οί
809 2383 1114 2457 Βούλγαροι
1178 2385 1523 2457 ἀντέστησαν
1570 2387 1653 2459 τῷ
1708 2388 1921 2462 Σαϐίνῳ

339 2474 603 2547 στερρῶς,
632 2474 908 2544 λέγοντες,
935 2477 1019 2531 ὃτι
1048 2476 1154 2533 Διὰ
1181 2476 1300 2533 σοῦ
1327 2481 1674 2551 Βουλναρία
1707 2481 1921 2552 μέλλει

330 2565 700 2622 δουλοῦσθαι
746 2566 873 2634 τοῖς
914 2567 1243 2638 Ῥωμαίοις.
1284 2570 1538 2635 Στάσεως
1589 2572 1648 2626 δὲ
1694 2572 1920 2646 γενομέ-

333 2675 448 2730 νης,
487 2658 682 2730 φεύγει
703 2659 931 2724 Σαϐῖνος
954 2663 1015 2716 ὲν
1055 2661 1134 2733 τῷ
1163 2663 1386 2736 κάστρῳ
1416 2665 1803 2738 Μεσημϐρίας,
1828 2668 1923 2722 καὶ

334 2745 649 2818 προσεῤῥύη
705 2745 783 2818 τῷ
813 2746 1045 2819 βασιλεῖ.
1109 2751 1385 2824 Ἔστησαν
1428 2752 1491 2807 δὲ
1524 2755 1574 2808 oi
1619 2754 1923 2829 Βούλγαροι

331 2837 520 2911 ἕτερον
545 2838 736 2912 κύριον
762 2840 990 2912 ὀνόματι
1018 2842 1269 2914 Παγανόν
1290 2843 1429 2917 (59).

2022 636 2218 693 accitis
2240 647 2296 693 et
2318 653 2416 708 per
2448 639 2660 695 munita
2688 640 2806 695 loca
2835 639 3169 704 distributis,
3202 641 3321 713 ipse
3354 643 3608 713 praesidio

2019 744 2079 785 se
2104 730 2349 786 inclusit.
2377 729 2680 802 Imperator
2710 747 2839 789 vero
2872 732 2926 788 in
2954 734 3207 789 Anchiali
3225 734 3372 803 agris
3392 744 3604 792 castra-

2018 829 2257 878 metatus
2300 833 2402 878 est.
2451 822 2621 878 Porro
2658 821 2806 879 Junii
2837 825 2925 879 die
2959 824 3264 895 trigesimo,
3307 825 3610 882 indictione

2018 914 2220 985 prima,
2249 914 2383 972 feria
2410 916 2771 973 hebdomadis
2812 918 3005 989 quinta
3025 959 3039 984 ,
3071 916 3320 976 Taletscs
3344 935 3470 976 cum
3500 935 3608 976 nu-

2023 1023 2239 1063 merosa
2264 1010 2683 1065 auxiliariorum
2713 1010 3067 1067 multitudine
3095 1012 3352 1083 progredi
3381 1012 3606 1069 tandem

2021 1099 2177 1155 visus
2223 1112 2351 1168 est,
2402 1110 2774 1171 consertaque
2829 1117 3043 1174 pugna,
3094 1112 3289 1160 mutua
3322 1104 3609 1175 utriusque

2020 1191 2198 1261 partis
2220 1191 2396 1248 credes
2420 1193 2613 1264 ingens
2643 1193 2814 1257 edita,
2848 1193 3097 1266 fusisque
3123 1196 3345 1252 demum
3369 1195 3607 1254 Teletsis

2021 1286 2195 1357 copiis
2229 1289 2350 1358 ipse
2398 1285 2588 1359 fugam
2633 1289 2884 1361 arripuit.
2940 1288 3279 1363 Duravitque
3328 1307 3509 1364 pugna
3539 1293 3609 1348 ab

2021 1379 2160 1435 hora
2186 1380 2382 1451 quinta
2410 1396 2588 1452 usque
2611 1384 2679 1436 ad
2701 1394 3011 1452 vesperam,
3036 1391 3092 1439 et
3112 1384 3390 1441 maximus
3413 1385 3610 1457 Bulga-

2022 1487 2208 1528 rorum
2245 1488 2510 1529 numerus
2539 1476 2843 1531 certamine
2872 1476 2966 1531 illo
2989 1476 3220 1543 deletus,
3251 1477 3405 1532 multi
3437 1480 3607 1549 capti,

2022 1567 2112 1621 alii
2138 1567 2282 1622 ultro
2314 1567 2383 1622 ad
2426 1567 2708 1625 Romanos
2750 1569 3094 1627 defecerunt.
3146 1570 3449 1642 Imperator
3480 1587 3611 1644 pro-

2022 1674 2182 1730 spero
2217 1660 2468 1715 victoria:
2501 1676 2763 1719 successu
2784 1663 2983 1729 elatus,
3007 1664 3179 1720 armis
3205 1664 3465 1723 omnibus
3485 1681 3610 1721 cum

2023 1760 2140 1808 toto
2170 1752 2417 1808 exercitu
2451 1753 2779 1822 instructus,
2808 1756 3002 1811 urbem
3034 1755 3371 1826 triumphum
3402 1756 3614 1811 ducens

2022 1845 2308 1916 ingressus
2334 1855 2437 1912 est,
2469 1845 2720 1919 laetisque
2763 1847 2936 1904 tutius
2976 1848 3219 1905 civitatis
3250 1848 3478 1904 vocibus
3510 1864 3611 1904 ex-

2024 1947 2238 2011 ceptus,
2266 1937 2533 2011 Bulgaros
2565 1940 2710 1996 bello
2738 1947 2928 2012 captos
2964 1940 3359 2012 xylopanduris
3395 1940 3613 1997 vinctos

2022 2037 2081 2092 in
2109 2050 2233 2091 eam
2266 2035 2496 2103 invexit,
2521 2051 2729 2107 eosque
2753 2036 2975 2094 demum
3006 2048 3161 2093 extra
3197 2037 3447 2109 Chrysen
3479 2051 3610 2107 por-

2022 2135 2135 2182 tam
2163 2141 2195 2182 a
2225 2127 2440 2183 civibus
2470 2128 2648 2198 capite
2677 2129 2926 2184 truncari
2951 2129 3139 2195 jussit.
3167 2128 3386 2201 Bulgari
3424 2137 3608 2184 autem

2025 2216 2298 2273 seditione
2330 2217 2386 2273 in
2423 2215 2698 2274 Teletsem
2735 2229 2884 2274 mota
2922 2217 3104 2290 ipsum
3137 2232 3207 2275 ac
3235 2226 3467 2277 cunctos
3490 2219 3612 2290 ejus

2027 2324 2287 2381 proceres
2329 2310 2598 2366 dederunt
2647 2310 2792 2378 neci,
2846 2310 3115 2368 Sabinum
3162 2326 3294 2368 vero
3344 2311 3611 2369 Cormesii

2027 2402 2304 2473 quondam
2340 2403 2605 2475 principis
2643 2418 2908 2475 generum
2948 2406 3362 2463 constituerunt
3388 2406 3610 2463 ducem.

2028 2493 2167 2550 Cum
2200 2510 2335 2552 vero
2362 2493 2605 2553 Sabinus
2632 2496 2845 2568 legatos
2876 2497 2945 2554 de
2972 2512 3109 2570 pace
3126 2498 3193 2555 ad
3221 2498 3611 2570 imperatorem

2026 2583 2319 2641 confestim
2354 2586 2709 2655 destinasset,
2739 2587 2960 2660 Bulgari
3002 2590 3244 2647 comitiis
3271 2590 3473 2647 habitis
3511 2589 3614 2647 Sa-

2029 2678 2159 2734 bino
2196 2679 2552 2751 pertinaciter
2590 2690 3072 2751 seopposuerunt,
3110 2682 3448 2739 clamantes:
3478 2682 3612 2737 Bul-

2029 2771 2188 2842 garia
2241 2772 2321 2827 tui
2369 2787 2535 2828 causa
2578 2771 2941 2829 Romanorum
2984 2775 3237 2844 potestati
3283 2773 3614 2844 subjicienda

2031 2872 2134 2918 est.
2175 2864 2356 2920 Aucto
2383 2864 2605 2922 demum
2632 2865 2899 2933 tumultu,
2933 2862 3174 2922 Sabinus
3198 2865 3253 2921 in
3278 2864 3616 2923 Mesembria:

329 2934 647 3036 Pra‘Siiiufn
687 2935 816 3036 ίξιεια
853 2952 913 2993 se
945 2939 1231 3007 subduc".
1270 2947 1326 2997 ei
1360 2940 1490 2999 inde
1515 2944 1585 3000 ad
1616 2944 2002 3018 i"uitiatorem
2052 2972 2113 3016 se
2157 2959 2394 3019 confert.
2430 2961 2613 3018 Alium
2654 2976 2788 3019 vero
2824 2961 3108 3018 dominum
3164 2962 3391 3020 nomine
3447 2962 3614 3036 Paga-

331 3044 468 3084 num
501 3028 723 3100 Bulgari
744 3040 1095 3089 creaverunt.

391 3125 469 3179 Α.
522 3124 593 3180 Μ.
641 3125 802 3183 6255.
846 3157 918 3168 -—
949 3126 1139 3201 Τούτῳ
1191 3130 1273 3203 τῷ
1323 3130 1433 3188 ἔτει
1464 3134 1707 3209 ἀντῆραν
1748 3141 1799 3194 οί
1829 3142 1929 3212 τῆς

2095 3149 2163 3204 Α.
2198 3147 2260 3204 C.
2293 3147 2419 3206 755.
2442 3179 2514 3190 —
2550 3147 2669 3206 Hoc
2708 3162 2855 3204 anno
2884 3147 3225 3205 habitatores
3266 3148 3469 3205 deserti
3509 3146 3614 3203 Ba-

329 3218 547 3289 ἐρήμου
597 3218 695 3273 καὶ
726 3217 820 3273 τοῦ
865 3220 1133 3292 Βαραθὼν
1163 3222 1211 3256 ⁸⁸
1239 3224 1354 3298 (60)
1405 3226 1486 3299 τῷ
1542 3229 1800 3304 Ἀϐδελλᾷ
1838 3232 1921 3289 δύ(

2033 3238 2393 3310 rathonisque
2420 3239 2613 3296 incola
2657 3237 2855 3296 fratres
2890 3241 3002 3295 duo
3041 3240 3097 3295 in
3125 3239 3408 3296 Abdellam
3437 3240 3617 3296 rebel-

324 3311 575 3381 ἀδελφοὶ,
601 3311 698 3377 οὓς
725 3313 1054 3381 ἀποστείλας
1087 3318 1303 3374 ἀνεῖλεν
1329 3320 1430 3376 σὺν
1472 3323 1714 3395 χιλιάσιν
1738 3327 1921 3400 ὀγδοή-

2034 3330 2237 3386 lionem
2272 3331 2692 3398 excitaverunt,
2725 3345 2867 3402 quos
2893 3330 2985 3387 Ille
3015 3330 3187 3388 misso
3214 3330 3459 3387 exercitu
3487 3346 3615 3387 cum

329 3420 501 3460 κοντα
529 3405 785 3477 στρατοῦ.
823 3406 914 3478 Τῷ
950 3408 996 3463 δ’
1034 3409 1184 3482 αὐτῷ
1205 3410 1319 3467 ἔτει
1344 3413 1573 3486 ἐξῆλθον
1604 3417 1838 3491 Τοῦρκοι
1861 3421 1927 3475 ἐκ

325 3497 439 3552 τῶν
474 3498 748 3554 Κασπίων
771 3498 979 3567 πυλῶν,
1008 3501 1106 3557 καὶ
1123 3502 1337 3559 ἀνεῖλον
1366 3505 1599 3571 πολλοὺς
1619 3511 1699 3574 είς
1728 3509 1921 3583 ’Δρμεο

327 3589 475 3658 νίαν,
512 3592 608 3645 καὶ
637 3591 831 3647 ἔλαϐον
854 3594 1235 3666 αἰχμαλωσίαν
1260 3598 1485 3672 πολλὴν,
1513 3601 1609 3656 καὶ
1655 3602 1925 3677 ὑπέστρε-

322 3683 463 3753 ψαν.
498 3684 800 3754 Κοσμᾶςδὲ
828 3703 913 3750 τις
929 3687 1229 3754 ἐπίσκοπος
1277 3691 1630 3762 Ἐπιφανείας
1656 3694 1760 3766 τῆς
1782 3696 1928 3750 κατὰ

338 3772 653 3844 ’Δπάμειαν
697 3775 798 3844 τῆς
845 3776 1068 3847 Συρίας,
1116 3781 1451 3853 Κωμανίτης
1507 3783 1922 3857 ἐπιλεγόμενος,

324 3859 444 3912 τῶν
471 3861 705 3915 πολιτῶν
731 3860 1089 3935 Ἐπιφανείας
1113 3867 1252 3939 πρὸς
1276 3870 1556 3940 Θεόδωρον
1577 3875 1926 3949 πατριάρχην

339 3951 679 4023 Ἀντιοχείας
702 3952 816 4027 (61)
844 3955 1107 4029 ἐγκλησιν
1129 3964 1519 4035 ποιησαμένων
1539 3969 1683 4023 κατά
1705 3969 1801 4023 τοῦ
1830 3971 1928 4024 αὐ-

312 4044 420 4111 τοῦ
482 4046 685 4117 Κοσμᾶ
737 4047 867 4121 περὶ
927 4050 1211 4119 μειώσεως
1265 4054 1456 4125 ίερῶν,
1500 4058 1596 4113 καὶ
1648 4061 1816 4114 αὐτοῦ
1849 4063 1926 4134 μὴ

328 4137 633 4209 δυναμένου
684 4139 861 4194 ταῦτα
904 4142 1197 4214 συστῆσαι,
1243 4147 1460 4221 ἀπέστη
1491 4150 1591 4222 τῆς
1640 4152 1927 4225 ὀρθοδόξου

327 4230 592 4294 πίστεως,
643 4233 737 4286 καὶ
768 4233 1029 4306 όμόφρων
1067 4238 1167 4308 τῆς
1196 4239 1463 4312 αίρέσεως
1509 4244 1926 4299 Κωνσταντίνου

329 4322 474 4374 κατά
507 4321 618 4374 τῶν
655 4323 829 4391 ἁγίων
867 4327 1094 4383 εἰκόνων
1119 4328 1366 4399 γέγονεν.
1408 4335 1507 4387 Ὃν
1550 4338 1705 4407 κοινῇ
1730 4335 1927 4408 γνώμῃ

327 4412 609 4484 Θεόδωρος
629 4414 659 4468 ὁ
689 4417 1038 4490 πατριάρχης
1061 4420 1419 4495 Ἀντιοχείας,
1447 4426 1545 4479 καὶ
1580 4426 1856 4499 Θεόδωρος
1897 4432 1927 4484 ὁ

338 4502 756 4577 Ἰεροσολύμων,
790 4509 890 4562 καὶ
933 4512 1163 4582 Κοσμᾶς
1189 4516 1220 4568 ό
1246 4515 1656 4589 Ἀλεξανδρείας
1686 4520 1785 4574 σὺν
1812 4522 1928 4585 τοῖς

329 4595 424 4648 ὑπ’
453 4596 655 4662 αὐτοὺς
684 4600 1006 4668 ἐπισκόποις
1044 4608 1111 4676 τῇ
1136 4606 1322 4681 ἡμέρᾳ
1342 4609 1443 4681 τῆς
1465 4609 1631 4679 ἀγίας
1658 4612 1927 4682 Πεντηκο-

2029 3423 2315 3494 copiarum
2354 3425 2632 3496 octoginta
2661 3424 2909 3480 millibus
2942 3424 3229 3481 exstinxit.
3270 3420 3389 3481 ποθ
3416 3424 3612 3482 eodem

2028 3529 2178 3569 anno
2211 3513 2374 3570 Turci
2432 3514 2651 3586 Caspiis
2702 3518 2877 3586 portis
2928 3517 3169 3585 egressi,
3208 3515 3464 3585 plurimis
3517 3529 3617 3585 per

2027 3605 2340 3662 Armeniam
2376 3606 2600 3670 occisis,
2632 3608 2975 3677 captivorum
3007 3606 3347 3676 collegerunt
3376 3613 3612 3668 turmas,

2027 3708 2082 3754 et
2119 3699 2315 3755 domos
2364 3698 2725 3769 repetierunt.
2776 3696 2951 3754 Porro
2990 3697 3215 3769 quidam
3270 3696 3613 3768 Epiphaniae,

2027 3806 2152 3861 quae
2182 3791 2250 3847 ad
2277 3791 2576 3863 Apameam
2602 3790 2776 3863 Syria:
2806 3791 2984 3862 posita
3022 3797 3109 3847 est
3132 3829 3148 3857 ,
3176 3790 3488 3861 episcopus,
3516 3805 3618 3847 co-

2029 3891 2326 3954 gnomento
2356 3882 2694 3952 Comanites,
2732 3882 3055 3955 Epiphaniae
3088 3882 3325 3950 civibus,
3353 3883 3499 3955 quod
3526 3899 3619 3941 sa-

2028 3988 2121 4029 cra
2150 3988 2278 4030 vasa
2311 3974 2682 4039 distraxisset,
2732 3974 2877 4046 apud
2924 3972 3278 4031 Theodorum
3312 3974 3620 4031 Antiochia:

2030 4066 2398 4138 patriarcbam
2436 4067 2601 4140 365
2644 4067 3059 4124 accusationem
3109 4083 3331 4140 passus,
3378 4069 3614 4138 pretium

2028 4176 2223 4218 eorum
2277 4160 2606 4219 restituendi
2657 4162 2957 4234 impotens,
3008 4172 3172 4218 rectae
3215 4161 3338 4217 ﬂdei
3368 4161 3618 4217 desertor

2030 4251 2235 4317 factus,
2265 4252 2321 4308 in
2349 4253 2693 4310 Constantini
2727 4254 3059 4311 sententiam
3092 4255 3359 4312 adversus
3396 4265 3616 4312 sanctas

2030 4344 2300 4416 imagines
2327 4346 2620 4402 excitatam
2646 4348 2763 4417 ipse
2786 4348 3079 4403 contraria:
3095 4348 3613 4405 consciustransiit.

2032 4436 2165 4491 Eum
2214 4438 2607 4492 communibus
2654 4438 2883 4494 calculis
2928 4436 3252 4496 Theodorus
3284 4439 3614 4505 Antiochiae,

2029 4528 2355 4585 Theodorus
2391 4528 2531 4583 alter
2556 4527 3086 4602 Hierosolymorum,
3116 4530 3348 4589 Cosmas
3374 4532 3616 4589 Alexan-

2029 4622 2161 4677 dria:
2216 4620 2547 4692 patriarcha:
2593 4637 2718 4677 cum
2779 4620 3142 4694 suffraganeis
3196 4624 3472 4696 episcopis
3529 4626 3619 4682 die

330 4685 468 4787 στῆς
497 4690 643 4787 μετά
670 4691 772 4764 τὴν
805 4694 1114 4764 ἀνάγνωσιν
1137 4699 1232 4754 τοῦ
1266 4700 1423 4772 άγίου
1445 4703 1782 4773 Εύαγγελίου
1801 4706 1921 4776 ὀμο-

2035 4684 2244 4769 εαιιοιεὲ
2268 4711 2627 4770 Pentecostes
2675 4684 3014 4771 sacrosancti
3052 4684 3336 4787 Evangelii
3381 4684 3619 4774 lectione

328 4779 549 4879 ιρρόνως
577 4782 1003 4857 ἀνεθεμάτισαν,
1023 4788 1258 4858 ἕκαστος
1286 4793 1430 4850 κατά
1448 4794 1548 4866 τὴν
1585 4796 1783 4851 ἑαυτοῦ
1828 4798 1921 4852 πό-

2025 4816 2266 4877 peracta,
2292 4806 2348 4862 in
2381 4809 2605 4878 propria
2631 4807 2762 4864 sede
2784 4807 2986 4879 singuli
3019 4779 3387 4868 concordibus
3415 4809 3619 4868 animis

327 4869 437 4927 λιν.

405 4964 502 5037 Τῷ
526 4966 575 5021 δ’
598 4968 750 5042 αὐτῷ
777 4969 891 5026 ἔτει
917 4973 1016 5028 ἀπ’
1038 4975 1215 5047 ἀρχῆς
1249 4977 1345 5034 τοῦ
1374 4957 1727 5054 ’Ὀκτωϐρίου
1754 4983 1924 5055 μηνὸς

327 5055 559 5126 γέγονεν
604 5060 772 5131 κρύος
821 5065 966 5136 μέγα
998 5069 1095 5122 καὶ
1130 5071 1494 5141 πικρότατον,
1556 5076 1618 5128 οὐ
1660 5076 1804 5131 κατὰ
1826 5076 1927 5148 τὴν

326 5149 609 5224 ἡμετέραν
639 5154 744 5227 γῆν
779 5158 964 5229 μόνον,
1004 5161 1140 5215 ἀλλά
1184 5163 1278 5243 καὶ
1309 5166 1451 5220 κατά
1480 5167 1581 5237 τὴν
1637 5168 1928 5242 Ἀνατολὴν

2021 4914 2088 4954 ac
2117 4897 2348 4956 vocibus
2377 4900 2715 4956 anathemati
2750 4899 3060 4970 subjecere.

2096 4990 2301 5049 Eodem
2340 4992 2548 5064 pariter
2577 5009 2725 5050 anno
2750 5008 2783 5049 ε
2830 4996 3040 5053 mensis
3081 4993 3343 5053 Octobris
3384 4994 3617 5051 exordio

2029 5082 2202 5155 Irigus
2229 5083 2425 5155 ingens
2457 5093 2514 5139 et
2545 5085 2915 5155 aSperrimum
2962 5102 3073 5144 non
3103 5086 3157 5142 in
3190 5086 3297 5142 bac
3326 5086 3494 5142 modo
3524 5101 3615 5141 re-

2028 5177 2211 5248 gione,
2242 5179 2337 5234 sed
2368 5185 2423 5234 et
2452 5192 2550 5248 per
2570 5175 2878 5246 Orientem,
2908 5179 3355 5253 Septentrionem
3376 5186 3431 5234 et
3456 5176 3618 5235 Occi-

1595 5280 1832 5338 VARIAE
1885 5283 2290 5342 LEtLTIONES.

399 5358 451 5392 “
477 5359 550 5434 κ’]
578 5358 671 5430 κς⁹
705 5380 758 5433 a,
792 5364 846 5434 ς’
876 5367 918 5424 f.
995 5370 1036 5402 ⁹¹
1078 5369 1208 5428 fort.
1242 5373 1542 5445 κομϐἐντον
1566 5374 1670 5429 cfr.
1712 5392 1766 5449 ι).
1797 5376 1926 5432 262.
2000 5378 2046 5410 ”
2070 5379 2371 5452 Βασραθὼν
2403 5381 2443 5437 I.

1598 5492 1743 5549 JAC.
1771 5492 1984 5550 GOARI
2027 5494 2264 5553 ΝΟΤιΕ.

401 5601 517 5686 (ξ’ῗ)
541 5604 830 5686 _Concl_nit
871 5609 1242 5686 Nic-ephorus,
1272 5613 1447 5668 ταῦτα
1502 5615 1917 5686 κατεπράττετο

327 5674 613 5751 regit}th
633 5679 863 5751 πρώτην
887 5674 1222 5740 ίνδικτιῶνα.

399 5744 516 5821 (-58)
550 5744 636 5821 Ab
666 5744 860 5807 exorto
876 5751 1015 5809 sole.

426 5815 518 5892 ξθ)
547 5818 913 5892 Ijiicephorus.
941 5823 1193 5879 Βαῖανόν.

426 5832 518 5886 ou)
547 5832 913 5892 mcepnorus.
942 5832 1193 5879 Βαῖανόν.

396 5832 515 5961 ἶοο)
549 5889 715 5947 Barb.
742 5892 1063 5965 Βασραθών,
1084 5896 1381 5966 quiforsan
1417 5914 1542 5974 pag.
1566 5898 1672 5955 565
1704 5898 1921 5971 Βάτρα-

651 5991 922 6052 Parnm.
955 5991 1071 6053 Gn.
1107 5990 1321 6056 CVIII.

2030 5634 2143 5682 σος.
2180 5618 2438 5746 Bagaso:
2465 5623 2611 5746 apud
2642 5623 3018 5680 Anastasinm.

2101 5690 2215 5746 (6|)
2294 5695 2497 5746 atriarc
2520 5710 2626 5746 tam
2646 5697 2868 5746 nomine
2897 5693 3018 5746 The

2101 5690 2215 5759 (GI)
2248 5690 2626 5749 Patriarcltam
2646 5697 2868 5750 nomine
2897 5692 3247 5749 Theodorum
3280 5702 3408 5747 ante
3431 5706 3612 5750 annos

2028 5775 2124 5815 sex
2149 5763 2204 5815 in
2240 5765 2497 5836 exsilium
2546 5765 2785 5836 ejectum
2813 5766 3065 5836 legimus.
3095 5765 3176 5820 Au
3210 5766 3282 5818 ita
3313 5765 3428 5818 sedi
3461 5763 3613 5819 resti-

2024 5840 2301 5973 ἑιὲἱὶιιέ,
2349 5834 2449 5891 hoc
2478 5850 2625 5891 anno
2648 5833 2904 5894 Cosmatn
2933 5836 3283 5892 anathemate
3324 5844 3612 5894 uercutero

2196 5920 2219 5957 r
2283 5944 2295 5957 .

2196 5920 2295 5957 1⁸1ῑῖ

3095 6000 3177 6065 28
