4100 6440
454 421 564 485 875

1828 405 1931 464 'l'li
1941 403 2318 465 EOPHANIS

3619 407 3729 470 $76

451 529 631 588 dentis
658 527 868 598 plagam
903 522 1168 586 incubuit,
1209 521 1343 577 adeo
1372 531 1431 575 ut
1459 521 1514 574 in
1542 519 1854 573 borealibus
1875 521 2026 588 pomi
2056 579 2057 583 η

2160 519 2229 574 ιαὶ
2261 521 2494 590 Ἀρκτον
2520 517 2612 572 καὶ
2633 517 2818 581 Λύσιν,
2843 517 2984 572 ὥστε
3006 518 3102 590 τὴν
3128 520 3386 591 ἀρκτῴαν
3406 522 3498 576 τοῦ
3529 524 3725 578 πόντου

453 620 744 678 maritimis
800 632 950 672 mare
990 615 1056 669 ad
1104 623 1324 670 centum
1370 611 1542 666 millia
1584 610 1638 665 in
1689 612 1938 681 longum,
1977 611 2031 664 in

454 711 788 785 profundum
827 723 956 764 vero
1011 705 1229 762 cubitos
1295 704 1518 775 triginta
1566 717 1675 773 prae
1725 703 1931 774 frigore
1979 701 2034 756 in

453 806 650 876 lapidis
695 802 950 858 duritiem
1002 798 1363 864 concreverit,
1422 797 1569 868 quod
1612 797 1779 852 etiam
1828 797 1884 851 in
1921 803 2037 852 toto

456 897 547 952 illo
579 904 851 951 terrarum
883 900 1081 953 tractu,
1115 889 1211 960 qui
1239 903 1269 942 a
1294 886 1528 942 Zeccbia
1562 900 1739 957 usque
1766 886 1833 942 ad
1867 887 2039 941 Danu-

455 990 607 1044 bium
657 998 712 1043 et
755 985 1002 1055 Cupbem
1047 983 1274 1038 fluvium
1311 990 1366 1037 et
1410 981 1742 1036 Damastrim
1775 989 1830 1035 et
1858 980 2037 1034 Dana-

455 1084 596 1152 prim
634 1091 690 1138 et
727 1079 1102 1150 NecrOphylas
1145 1076 1530 1146 reliquumque
1580 1074 1732 1129 littus
1767 1089 1938 1142 usque
1973 1072 2040 1127 ad

455 1175 840 1231 Mesembriam
873 1181 928 1226 et
950 1169 1185 1227 Mediam
1218 1168 1525 1238 intcrjacet,
1553 1165 1812 1221 obtinuit.
1840 1165 2042 1234 Hujus-

458 1269 606 1326 modi
637 1282 767 1323 vero
801 1265 1003 1336 glacies
1033 1263 1257 1334 copiosa
1286 1261 1487 1317 deinde
1534 1259 1660 1314 nive
1688 1269 1944 1329 cooperta
1975 1258 2042 1312 ad

457 1365 600 1421 alios
628 1361 824 1434 viginti
856 1359 1071 1417 cubitos
1112 1357 1373 1421 excrevit,
1423 1355 1558 1409 adeo
1590 1362 1652 1408 ut
1685 1367 1834 1408 mare
1857 1351 2044 1407 solidae

458 1456 764 1516 continenti
795 1469 962 1525 quant
992 1451 1362 1513 simillimum,
1399 1448 1467 1503 ad
1497 1446 1803 1513 Chazarize,
1845 1445 2045 1516 Bulga-

460 1552 576 1616 ria,
627 1557 1065 1614 casterarumque
1125 1543 1411 1598 nationum
1474 1539 1842 1610 adjacentium
1910 1537 2047 1592 lines

460 1653 638 1700 tutum
683 1641 787 1696 iter
820 1637 1108 1693 hominum
1178 1633 1615 1701 animaliumque
1669 1646 1794 1685 cum
1852 1628 2047 1684 silves-

461 1735 629 1791 trium
670 1743 784 1788 tum
816 1729 1248 1788 domesticorum
1285 1725 1518 1796 pedibus
1552 1722 1866 1793 przebuerit.
1900 1719 2038 1774 Indi-

458 1829 659 1884 etionis
712 1834 895 1882 autem
955 1821 1211 1880 secunda:
1243 1833 1430 1874 mense
1481 1815 1806 1881 Februario,
1847 1813 2048 1883 glacies

461 1917 776 1991 bujusmodi
806 1917 902 1973 Dei
927 1916 1086 1987 jussu
1117 1915 1172 1968 in
1202 1911 1377 1967 multa
1410 1925 1474 1966 ac
1505 1909 1658 1964 varia
1685 1907 1857 1963 frusta
1890 1920 2049 1961 mon-
2075 1883 2124 1942 Β

462 2013 597 2068 tium
631 2011 870 2082 speciem
912 2007 1203 2063 referentia
1251 2004 1504 2073 disrupta
1539 2011 1644 2066 est,
1701 2016 1823 2071 quae
1860 2007 2052 2055 vento-

463 2122 586 2164 rum
620 2107 674 2160 vi
707 2104 776 2160 ad
809 2099 1186 2172 Daplmusiam
1216 2106 1271 2154 et
1303 2096 1531 2152 Hierum
1561 2095 1763 2162 delata,
1799 2094 1924 2149 inde
1955 2106 2054 2162 per

461 2197 616 2271 ponti
671 2195 860 2252 fauces
910 2194 967 2248 in
1011 2191 1203 2249 urbem
1251 2189 1434 2246 delata
1481 2197 1536 2244 et
1586 2187 1654 2243 ad
1702 2185 2052 2257 Pr0poutidis

466 2289 752 2358 terminos,
811 2284 1114 2342 insularum
1166 2289 1222 2338 et
1274 2281 1449 2352 Abydi
1501 2279 1805 2335 maritimas
1863 2293 2052 2335 omnes

464 2395 614 2446 oras,
660 2378 823 2448 cujus
863 2376 931 2434 de
960 2375 1078 2430 visu
1117 2382 1286 2430 testes
1318 2371 1660 2439 exstitimus,
1704 2370 1972 2440 implevit.
1994 2369 2051 2425 ln

467 2486 638 2528 unum
670 2469 873 2540 quippe
913 2467 1060 2523 illius
1083 2465 1455 2535 fragmentum
1485 2463 1644 2534 quasi
1673 2463 1892 2532 triginta
1922 2472 2055 2517 aeta-

466 2563 538 2618 tis
566 2560 810 2629 ejusdem
853 2557 1086 2628 juvenes
1118 2554 1407 2610 ludibundi
1458 2554 1827 2609 ascendimus.
1886 2553 2056 2608 Erant

465 2661 650 2709 autem
680 2651 735 2706 in
769 2648 1089 2722 fragmentis
1153 2646 1274 2703 istis
1304 2653 1563 2716 congesta
1597 2643 1838 2698 ferarum
1867 2646 2056 2699 dome-

465 2747 847 2815 sticorumque
893 2741 1216 2798 animalium
1248 2738 1539 2795 cadavera.
1575 2738 1622 2790 Α
1645 2737 2055 2806 Sophianorum

467 2853 601 2895 sane
625 2845 785 2909 portu
824 2835 892 2890 ad
925 2835 1117 2889 urbem
1142 2847 1340 2902 usque,
1373 2839 1428 2885 et
1459 2846 1491 2884 a
1521 2828 1845 2899 Cbrysopoli
1881 2843 2058 2898 usque

467 2932 534 2989 ad
568 2930 754 2986 Sancti
787 2927 1082 2983 Mamantis
1123 2935 1178 2980 et
1209 2923 1417 2978 Galata:
1464 2922 1618 2978 littus
1650 2921 1748 2992 qui
1795 2920 2059 2978 voluisset

470 3028 620 3082 sicco
661 3025 800 3096 pede
840 3032 895 3078 et
921 3023 1130 3091 absque
1161 3017 1478 3074 difﬁcultate
1511 3016 1663 3070 velut
1694 3030 1790 3084 per
1825 3013 2056 3069 solidam

473 3129 681 3176 terram
719 3115 1090 3187 gradiebatur.
1129 3110 1310 3167 Unum
1342 3123 1510 3180 porro
1538 3123 1608 3162 ex
1639 3107 1760 3162 istis
1795 3105 1862 3160 ad
1898 3119 2059 3161 acro-

468 3211 659 3284 poleos
689 3208 895 3266 scalam
920 3206 1136 3261 allisum
1165 3217 1287 3258 eam
1321 3201 1610 3271 confregit.
1635 3197 1798 3252 Aliud
1834 3197 2061 3252 horren-

472 3275 604 3361 dum
635 3311 787 3358 certe
826 3315 891 3354 ae
921 3298 1113 3368 ingens
1143 3296 1211 3350 ad
1245 3309 1467 3349 murum
1499 3305 1624 3346 cum
1654 3289 1856 3360 impetu
1881 3286 2064 3356 appcl-
2093 3275 2132 3294 “”

471 3396 613 3463 lens,
644 3394 784 3449 adeo
815 3391 996 3445 valide
1021 3387 1324 3453 concussit,
1356 3393 1416 3438 ut
1445 3380 1832 3439 commotionis
1858 3387 2063 3432 tremo-

471 3504 614 3552 rem,
662 3487 756 3558 qui
805 3483 1036 3539 interius
1074 3480 1434 3544 habitabant,
1483 3475 1884 3546 experirentur.
1929 3469 2061 3524 lliud

472 3582 693 3638 demum
749 3579 804 3634 in
859 3586 970 3632 tres
1001 3575 1296 3632 discissum
1349 3580 1534 3642 partes
1585 3585 1617 3624 a
1672 3565 1957 3638 Manganis
1995 3563 2062 3618 ad

474 3673 816 3744 Bosphorum
847 3670 1036 3726 urbem
1061 3664 1456 3722 circumcinsit
1476 3704 1491 3730 ,
1519 3677 1644 3718 cum
1668 3659 1909 3730 alioquin
1945 3659 2066 3729 ejus

475 3775 624 3821 esset
677 3760 1072 3833 magnitudinis
1129 3774 1252 3828 quae
1302 3756 1456 3812 urbis
1512 3768 1698 3810 muros
1755 3761 2060 3822 superaret.

475 3855 674 3912 Cuncti
731 3862 916 3908 autem
952 3850 1107 3906 urbis
1142 3848 1336 3904 incolae
1371 3862 1495 3901 cum
1527 3844 1632 3899 viri
1666 3853 1779 3898 tum
1804 3842 2063 3897 mulieres

479 3960 595 4006 tum
626 3945 865 4003 infantes
902 3943 1235 4014 Spectaculis
1272 3938 1578 3995 istiusmodi
1610 3937 1916 3992 diutissime
1965 3935 2060 3990 de-

475 4042 636 4107 tenti,
680 4055 805 4094 mox
836 4039 888 4092 in
926 4035 1160 4107 gemitus
1184 4033 1350 4106 366
1376 4041 1428 4087 et
1455 4031 1726 4102 lacrymas
1759 4029 1923 4084 soluti
1966 4030 2066 4083 do-

480 4151 596 4192 mos
627 4131 965 4204 repetebant,
984 4128 1115 4200 quid
1139 4143 1269 4183 vero
1294 4129 1356 4182 de
1379 4125 1498 4181 istis
1527 4125 1813 4186 sentirent,
1839 4136 2065 4193 prorsus

471 4225 846 4295 ambigebant.
902 4222 1162 4292 Ejusdem
1199 4236 1419 4292 quoque
1460 4220 1590 4274 anni
1642 4233 1830 4272 mense
1869 4215 2066 4270 Martio

480 4321 648 4378 stellae
678 4315 871 4373 crebro
907 4315 1065 4386 quasi
1094 4330 1124 4370 e
1147 4316 1286 4370 crelo
1318 4313 1570 4368 decidere
1587 4313 1717 4366 visa:
1743 4321 1891 4377 sunt,
1925 4310 2061 4365 adeo

478 4424 539 4474 ut
559 4417 742 4472 cuncti
772 4422 1150 4486 portenlorum
1173 4406 1490 4478 bujusmodi
1521 4414 1856 4478 spectatores
1878 4404 2052 4459 eﬂ‘ecti

2138 612 2411 683 παραλίαν
2436 612 2528 664 ἐπὶ
2561 609 2756 665 ἑκατὸν
2789 607 2940 680 μίλιά
2971 611 3032 664 τὸ
3060 612 3296 680 πέλαγος
3321 613 3728 687 ἀπολιθωθῆναι

2141 706 2206 758 ἐκ
2250 703 2342 757 τοῦ
2370 704 2572 775 κρύους
2607 704 2702 758 ἐπὶ
2751 705 3048 774 τριάκοντα
3095 708 3293 777 πήχεις
3321 709 3383 761 τὸ
3410 708 3597 778 βάθος,
3634 711 3734 766 καὶ

2139 795 2248 848 ἀπὸ
2281 797 2520 867 Ζηκχίας
2573 797 2737 868 μέχρι
2792 797 2884 852 τοῦ
2919 799 3216 853 Λανουϐίου
3250 802 3343 854 καὶ
3381 803 3478 856 τοῦ
3537 804 3730 874 Κούφη

2143 888 2388 960 ποταμοῦ
2425 891 2519 943 καὶ
2552 890 2646 944 τοῦ
2695 891 2979 962 Δάμαστρί
3004 909 3063 944 τε
3092 893 3189 945 καὶ
3214 893 3460 964 Δάναπρι
3503 896 3596 948 καὶ
3623 897 3733 950 τῶν

2143 983 2516 1052 Νεκροπύλων
2554 985 2779 1054 καὶτῆς
2831 983 3024 1054 λοιπῆς
3075 985 3250 1056 ἀκτῆς
3281 985 3446 1057 μέχρι
3494 989 3728 1057 Μεσημι

2144 1075 2300 1146 ὁρίας
2352 1076 2446 1129 καὶ
2500 1075 2741 1146 Μηδείας
2777 1075 2890 1146 (6'2)
2927 1078 3089 1147 ὃμοια
3119 1077 3490 1131 πεπονθότων.
3541 1080 3649 1132 Τοῦ
3676 1080 3733 1133 δὲ

2143 1168 2386 1221 τοιούτου
2438 1168 2647 1235 πάγους
2705 1168 3144 1240 ὲπιχιονηθέντος
3181 1169 3395 1242 ηὐξήθη
3428 1171 3515 1224 ἐπ’
3567 1172 3730 1234 ἄλλας

2146 1261 2319 1314 εἴκοσι
2337 1261 2555 1330 πήχεις,
2571 1259 2713 1314 ὥστε
2741 1262 3219 1332 συμμορφωθῆναι
3238 1263 3337 1334 τὴν
3359 1263 3640 1318 Θάλασσαν
3665 1269 3730 1336 τῇ

2148 1349 2308 1422 ξηρᾷ,
2327 1353 2423 1406 καὶ
2451 1354 2871 1418 πζοὸατεῖσθαι
2908 1353 3146 1426 ὕπερθεν
3175 1355 3271 1409 τοῦ
3303 1357 3504 1428 κρύους
3540 1360 3648 1411 ἀπό
3677 1377 3736 1411 τε

2149 1444 2454 1514 Χαζαρίας,
2470 1445 2805 1517 Βουλγαρίας
2827 1449 2924 1501 καὶ
2949 1448 3060 1501 τῶν
3085 1448 3288 1502 λοιπῶν
3309 1452 3739 1522 παρακειμένων

2148 1537 2340 1604 ἐθνῶν,
2377 1541 2530 1610 παρά
2559 1556 2619 1594 τε
2669 1539 2977 1611 ἀνθρώπων
3016 1542 3225 1610 ἀγρίων
3273 1560 3334 1595 τε
3367 1545 3462 1598 καὶ
3519 1545 3740 1615 ἡμέρων

2150 1631 2326 1696 ζώων.
2353 1632 2442 1702 Τῷ
2470 1633 2528 1685 δὲ
2553 1633 2905 1704 Φεϐρουαρίῳ
2930 1635 3059 1704 μηνὶ
3083 1635 3182 1704 τῆς
3207 1634 3249 1687 δ’
3275 1636 3605 1700 ίνδικτιῶνος
3626 1637 3739 1708 (65)

2149 1724 2245 1778 τοῦ
2277 1726 2519 1780 τοιούτου
2545 1727 2758 1794 πάγους
2784 1728 2926 1782 κατὰ
2955 1729 3089 1782 Θεοῦ
3126 1729 3376 1783 κέλευσιν
3403 1732 3482 1793 εἰς
3512 1729 3743 1783 πλεῖστα

2153 1816 2249 1869 καὶ
2303 1817 2538 1889 διάφορα
2592 1819 2838 1889 ὀροφανῆ
2890 1821 3158 1891 τμήματα
3211 1819 3599 1892 διαιρεθέντος,
3646 1824 3745 1875 καὶ

2153 1911 2222 1980 τῇ
2238 1908 2349 1963 τῶν
2377 1910 2597 1982 ἀνέμων
2615 1911 2706 1983 βίᾳ
2732 1912 2825 1965 ἐπὶ
2843 1913 3183 1981 Δαφνουσίαν
3208 1917 3300 1966 καὶ
3325 1914 3386 1966 τὸ
3422 1914 3589 1983 Ἱερὸν
3611 1933 3746 1968 κατ-

2155 2000 2472 2072 ενεχθέντος
2504 2001 2572 2068 ⁸³,
2635 2002 2782 2057 οὕτω
2831 2003 2919 2057 διὰ
2946 2003 3040 2058 τοῦ
3077 2004 3271 2057 Στενοῦ
3322 2004 3414 2058 ἐπὶ
3441 2003 3540 2076 τὴν
3586 2006 3744 2059 πόλιν

2155 2093 2399 2163 ἔφθασαν
2432 2095 2723 2167 μέχριοτῆς
2755 2097 3119 2168 Προποντίδος
3147 2097 3243 2151 καὶ
3283 2097 3391 2151 τῶν
3423 2099 3605 2168 νήσων
3651 2101 3745 2152 καὶ

2174 2186 2271 2240 Ἀὁ
2283 2187 2409 2242 ὁδου
2442 2189 2626 2243 πᾶσαν
2647 2189 2746 2259 τὴν
2774 2187 3048 2260 παραλίαν
3087 2189 3262 2255 ἀκτὴν
3301 2189 3648 2261 ἐπλήρωσαν,
3668 2184 3746 2244 ὧν

2155 2278 2420 2333 αὐτόπται
2449 2281 2542 2334 καὶ
2569 2282 2616 2314 ⁸⁸
2637 2282 2799 2352 ἡμεῖς
2831 2281 3136 2351 γεγόναμεν
3169 2280 3457 2345 ἐπιϐάντες
3492 2283 3584 2335 ἐπὶ
3625 2283 3747 2346 ὲνίς

2157 2375 2338 2429 αὐτῶν
2374 2375 2470 2430 σὺν
2503 2377 2597 2429 καί
2625 2393 2769 2429 τισιν
2797 2376 3087 2446 ὁμηλίκοις
3144 2377 3188 2409 ⁸⁸
3218 2375 3283 2440 λ’,
3317 2377 3416 2430 καὶ
3458 2377 3744 2440 παίζοντες

2157 2468 2342 2522 ἐπάνω
2371 2467 2558 2522 αὑτοῦ.
2588 2464 2750 2538 Εἶχον
2797 2467 2855 2521 δὲ
2881 2468 2978 2521 καὶ
3008 2467 3124 2531 ζῶα
3157 2467 3326 2538 ἄγρια
3354 2485 3412 2522 τε
3440 2470 3531 2522 καὶ
3561 2470 3741 2538 ἥμερα

2157 2558 2452 2613 τεθνεῶτα.
2489 2560 2602 2623 Πᾶς
2643 2559 2702 2612 δὲ
2733 2559 2762 2612 ὀ
2801 2559 3125 2630 βουλόμενος
3165 2560 3275 2628 άπὸ
3329 2561 3609 2629 Σοφιανῶν
3637 2562 3734 2624 ἕως

2160 2652 2260 2720 τῆς
2319 2653 2549 2720 πόλεως,
2609 2651 2703 2706 καὶ
2750 2651 2861 2706 ἀπὸ
2905 2654 3006 2724 τῆς
3055 2655 3455 2722 Χρυσοπόλεως
3510 2653 3616 2716 ἕως
3648 2654 3736 2706 τοῦ

2187 2747 2354 2815 Δγίου
2383 2746 2702 2817 Μάμαντος,
2740 2745 2836 2799 καὶ
2864 2745 2972 2799 τῶν
3003 2747 3245 2802 Γαλάτου
3277 2747 3569 2810 ἀκωλύτως
3597 2748 3644 2778 ’ί
3661 2746 3747 2798 διὰ

2162 2838 2334 2910 ξηρᾶς
2365 2838 2636 2903 ἐϐάδιζον.
2684 2839 2780 2892 ’Ἑν
2811 2839 2868 2892 δὲ
2898 2838 2956 2904 ἐξ
2983 2841 3166 2893 αὐτῶν
3194 2841 3513 2910 προσραγὲν
3551 2843 3615 2911 τῇ
3648 2840 3749 2908 τῆς

2159 2929 2512 2999 ἀκροπόλεως
2573 2927 2755 2998 σκάλᾳ
2810 2929 3131 2998 συνέτριψεν
3185 2932 3376 3000 αὐτήν.
3418 2931 3645 3002 Ἕτερον
3692 2929 3751 2982 δὲ

2159 3021 2515 3094 παμμέγεθες
2559 3019 2638 3090 τῷ
2668 3021 2838 3090 τείχει
2883 3023 3222 3092 προσραγὲν,
3281 3022 3440 3074 τοῦτο
3497 3023 3749 3092 μεγάλως

2161 3109 2435 3178 ἐδόνησεν,
2490 3108 2568 3172 ὡς
2620 3108 2713 3162 καὶ
2745 3110 2872 3172 τοὺς
2906 3109 3118 3162 ἔνδοθεν
3159 3110 3342 3173 οἴκους
3373 3111 3417 3146 ⁸⁷
3461 3127 3750 3183 συμμετα-

2167 3204 2312 3270 σχεῖν
2338 3200 2432 3254 τοῦ
2461 3201 2646 3257 σάλου.
2680 3203 2790 3281 Είς⁸
2813 3202 2943 3272 τρία
2981 3201 3038 3255 δὲ
3089 3203 3388 3275 διαρῤαγὲν
3421 3203 3678 3267 διέζωσεν
3704 3202 3752 3234 ³⁸

2166 3297 2264 3365 τὴν
2287 3296 2439 3348 πάλιν
2469 3295 2584 3368 (64)
2620 3296 2728 3354 ἀπὸ
2755 3295 2865 3349 τῶν
2912 3296 3226 3364 Μαγγάνων
3269 3298 3375 3360 ἓως
3418 3297 3513 3350 τοῦ
3550 3296 3750 3364 “03:36-

2170 3407 2284 3460 ρευ,
2331 3384 2538 3451 οὗτινος
2579 3389 2641 3441 τὸ
2675 3387 2806 3457 ὕψος
2862 3391 3152 3461 ὑπερεῖχεν
3211 3390 3312 3460 τῆς
3369 3390 3578 3452 πόλεως
3609 3390 3654 3420 ⁹⁹
3683 3388 3752 3441 τὰ

2167 3479 2320 3548 τείχη
2343 3493 2357 3507 ο
2385 3480 2585 3543 πάντες
2615 3479 2672 3534 δὲ
2693 3481 2742 3532 oi
2771 3482 2868 3550 τῆς
2900 3480 3108 3543 πόλεως
3140 3480 3330 3551 ἄνδρες
3359 3497 3418 3533 τε
3443 3483 3537 3534 καὶ
3565 3482 3753 3543 rava?-

2169 3588 2261 3634 κες
2297 3572 2388 3624 καὶ
2419 3571 2602 3633 παῖδες
2631 3571 2646 3601 ¹
2683 3572 3043 3637 ἀδιαλείπτως
3068 3575 3134 3645 τῇ
3183 3573 3280 3645 θέᾳ
3311 3573 3516 3626 τούτων
3576 3591 3752 3642 προς-

2168 3666 2500 3736 εκαρτέρουν
2535 3665 2629 3719 καὶ
2662 3666 2801 3735 μετὰ
2848 3665 3063 3736 θρήνων
3088 3667 3181 3719 καὶ
3207 3666 3460 3736 δακρύων
3495 3667 3632 3719 οἶκοι
3661 3667 3755 3718 ἁν-

2167 3758 2471 3828 έκαμπτον,
2507 3759 2841 3831 ἀποροῦντες
2867 3758 2917 3811 τί
2968 3761 3141 3813 εἰπεῖν
3192 3759 3328 3830 πρὸς
3369 3759 3550 3812 τοῦτο.
3580 3759 3669 3828 Τῷ
3709 3758 3756 3812 δ’

2169 3851 2319 3920 αὐτῷ
2353 3851 2464 3905 ἔτει
2492 3852 2623 3922 μηνὶ
2650 3852 2882 3922 Μαρτίῳ
2913 3852 3144 3923 ἀστέρες
3162 3853 3377 3922 ἀθρόως
3403 3853 3422 3884 ³
3454 3855 3518 3904 ἐκ
3550 3852 3642 3904 τοῦ
3665 3852 3756 3904 οὐ-

2173 3945 2338 4016 ρανοῦ
2365 3947 2653 4008 πίπτοντες
2672 3945 2784 4018 (65)
2803 3945 3084 4016 ὤφθησαν,
3105 3947 3181 4010 ὡς
3199 3947 3407 4010 πάντας
3435 3947 3562 4011 τοὺς
3589 3947 3755 4016 ὀρῶν-

2168 4054 2268 4101 τας
2310 4035 2408 4108 τὴν
2434 4036 2528 4091 τοῦ
2588 4037 2852 4108 παρόντος
2910 4039 3105 4103 αἰῶνος
3154 4037 3559 4109 ὑπολαμϐάνειν
3617 4033 3756 4092 εἶναι

2167 4130 2514 4185 συντέλειανο
2549 4131 2761 4202 αὐχμός
2793 4149 2851 4185 τε
2887 4132 3052 4196 πολὺς
3097 4133 3344 4202 γέγονεν,
3380 4133 3456 4196 ὡς
3483 4133 3755 4204 ξηρανθῆ-

2166 4241 2254 4276 ναι
2285 4205 2596 4296 καῩπηγάς.
2640 4225 2888 4295 ’Δγαγὼν
2915 4225 2971 4278 δὲ
3003 4228 3029 4280 ὁ
3070 4227 3324 4296 βασιλεὺς
3368 4227 3460 4280 τὸν
3482 4228 3755 4296 πατριὰρο

2173 4332 2274 4384 χην
2299 4313 2448 4384 λέγει
2476 4316 2661 4386 αὑτῷσ
2696 4318 2864 4385 "Apta
2902 4317 2961 4369 τί
3012 4315 3171 4386 ἡμᾶς
3201 4317 3488 4382 βλάπτει,
3537 4316 3758 4371 ἐὰν·λέ-

2165 4425 2361 4476 γωμεν
2401 4409 2422 4441 ³
2446 4407 2563 4477 τὴν
2594 4410 2888 4463 Θεοτόκον
2916 4412 3350 4478 Χριστοτόκον;
3392 4412 3448 4465 '0
3489 4412 3546 4465 δὲ
3599 4430 3757 4482 περι·

479 4509 665 4564 saeculi
702 4506 989 4578 prmsentis
1018 4501 1554 4560 consummationem
1600 4500 1889 4554 advenisse
1926 4515 2057 4554 con-

2173 4499 2512 4570 πτυξάμενος
2545 4502 2711 4556 αὑτὸν
2737 4503 2883 4571 λέγει
2907 4519 2922 4533 ·
2974 4502 3283 4571 Ἐλέησον,
3302 4503 3586 4569 δέσποτα,
3603 4504 3760 4573 μηδέ

479 4601 765 4672 jectarent.
819 4597 1053 4655 Siceitas
1101 4593 1334 4650 subinde
1389 4601 1442 4647 et
1498 4602 1786 4646 ventorum
1833 4590 2062 4647 ariditas

2171 4595 2258 4660 εὶς
2284 4594 2531 4650 ἔννοιάν
2565 4611 2685 4650 σου
2717 4595 2865 4664 ἔλθῃ
2895 4590 3077 4663 οὗτος
3106 4595 3128 4628 ⁸
3157 4599 3190 4649 ό
3225 4600 3410 4666 λόγος
3429 4615 3442 4628 ·
3475 4599 3588 4668 οὐχ
3619 4597 3762 4666 ὁρᾷς

1749 4705 1985 4761 vaste
2040 4706 2450 4792 LlECTlONES,

578 4830 626 4864 “
657 4830 1079 4899 κατενεχθέντος
1144 4828 1208 4888 Α,
1241 4825 1468 4899 διενεχοτ
1531 4825 1678 4899 vnlg.

487 4918 595 4962 τως
655 4906 722 4965 Α,
789 4901 1068 4960 ἀκώλυτος
1121 4899 1266 4965 vulg.

489 5042 666 5108 οὕτως
699 5042 849 5114 vulg.

1787 4826 1835 4858 ⁸⁸
1859 4827 1954 4878 καὶ
1978 4827 2110 4882 add.
2147 4843 2212 4883 ex
2240 4831 2303 4882 A.

1343 4899 1385 4929 ⁸⁷
1412 4898 1596 4956 οἴκους
1627 4897 1692 4958 Α,
1725 4896 2016 4960 οἰκοῦντας

2160 4916 2204 4967 g.
2265 4899 2310 4931 9‘
2345 4896 2604 4962 διέζωσεν
2641 4903 2705 4957 Α.
2747 4899 2844 4952 καὶ
2893 4896 3102 4964 egone;
3163 4901 3308 4965 vulg.

489 4973 697 5036 πόλεως
733 4987 844 5025 om.
883 4971 926 5024 Α
954 4970 992 5024 f.
1075 4969 1088 4998 ¹
1125 4969 1220 5022 καὶ
1252 4968 1440 5032 παῖδες
1467 4968 1592 5023 add.
1619 4985 1683 5023 ex
1709 4969 1774 5023 A.
1851 4972 1869 5000 ³
1896 4970 2057 5040 ἁθρόα

2160 4971 2268 5026 tdd.
2300 4987 2362 5026 ex
2412 4971 2478 5024 Α.
2555 4973 2578 5004 ³
2606 4971 2854 5042 λέγωμεν
2875 4971 2945 5036 Α,
2976 4970 3210 5038 λέγομεν
3241 4970 3386 5038 vulg.

2409 4829 2458 4921 fi
2485 4829 2838 4929 ὁμηλίκοιςᾼ.
2895 4829 2934 4892 f,
2995 4828 3250 4898 ὀμήλιξιν
3273 4827 3413 4892 vulg.
3465 4829 3509 4858 ⁸⁸⁸
3545 4827 3762 4880 ἀκωλύ-

2409 4917 2421 4926 ι
2463 4919 2604 4929 ιιι-ρ-..
2649 4903 2672 4929 Δ
2747 4917 2814 4929 un
2893 4901 3096 4929 ιινι.ι-ρι.
3163 4901 3288 4929 uuln
3389 4900 3434 4929 99
3461 4899 3607 4929 ηι-ἶιι.-
3667 4901 3762 4929 αδδι-

3416 4901 3434 4929 τ’
3461 4899 3612 4958 prius
3667 4901 3763 4958 τῆς

3460 4914 3612 4968 prius
3667 4915 3763 4965 της

3464 4975 3482 5001 ⁸
3513 4966 3665 5030 οὗτος
3700 4976 3763 5034 Α,

1813 5136 1952 5191 JAC.
1984 5135 2189 5192 GO-‘Rl
2234 5135 2464 5192 ΝΟΗΕ.

561 5231 674 5302 (62)
704 5230 808 5302 ita.
841 5229 1204 5302 Nicephorus.
1269 5231 1622 5299 Anastasius,
1664 5228 1922 5284 Mediam.
1975 5229 2073 5282 Μί-

491 5303 693 5364 εεεΙιςυ,
727 5301 915 5373 Maesia
945 5301 1026 5358 vel
1056 5303 1234 5373 Mysia
1268 5304 1461 5373 placet.

562 5374 676 5444 (63)
704 5373 816 5442 Τῆς
856 5371 900 5442 β’
937 5369 1288 5440 ίνδικτῐῶνοςζ
1323 5371 1633 5444 legendum
1661 5388 1676 5424 :
1709 5369 1983 5444 velulneq
2017 5371 2071 5444 in

493 5439 697 5498 annum
731 5439 950 5498 tertium
978 5439 1299 5499 dill'erentla.
1321 5439 1450 5513 Mss.
1482 5443 1683 5513 quippe
1711 5439 1930 5513 codices
1956 5442 2070 5496 Pal.

492 5522 546 5566 et
569 5514 790 5585 Peyrez.
829 5523 1138 5569 consonant
1166 5531 1297 5585 eum
1325 5511 1522 5585 Regio.
1554 5511 1915 5585 Barberinum
1950 5528 2074 5565 cor-

495 5583 999 5656 recte‘etllilucide
1024 5585 1123 5652 τῆς
1146 5583 1423 5656 δευτέρας
1442 5583 1685 5650 exhibet,
1719 5584 1809 5637 cui
1841 5583 2074 5638 Anasta-

494 5654 612 5706 sius
643 5663 696 5708 ct
722 5652 966 5709 Hiscella
985 5652 1364 5710 consentiunt.
1951 5695 1956 5702 ι

566 5721 676 5792 (61)
709 5724 820 5796 Τὴν
842 5725 1139 5794 ἀκρόπολιν
1166 5724 1614 5796 cumNicephoro
1634 5723 1907 5796 lubentior
1931 5724 2068 5790 lego.

493 5789 759 5863 Mangana
777 5789 988 5865 'quip'pe
1041 5797 1419 5851 machinarum
1443 5789 1456 5796 ’
1469 5795 1876 5850 contlendarum
1920 5789 2072 5849 locus

493 5872 547 5918 et
587 5865 1067 5922 armamentarium
1096 5867 1164 5922 ab
1195 5867 1438 5937 aeropoli
1473 5880 1584 5924 non
1619 5867 1778 5939 longe
1809 5865 2066 5922 distabat.

2182 5232 2331 5302 Orig.
2373 5230 2483 5286 CP.
2539 5235 2606 5287 tle
2661 5239 2998 5302 portentosa:
3055 5231 3217 5302 hujus
3263 5233 3456 5302 glaciei
3499 5240 3768 5299 tempore.

2177 5301 2522 5373 Nicephorius
2555 5301 2678 5373 post
2704 5303 3053 5358 Constantini
3109 5301 3161 5356 in
3203 5301 3470 5374 Btilgaros
3507 5303 3772 5374 irruptio-

2178 5372 2569 5443 nem’primam’
2605 5391 2751 5430 anno
2784 5376 3032 5444 ejusdem
3068 5375 3264 5444 quinto
3295 5372 3463 5445 supra
3492 5372 3766 5445 deciumm

2178 5459 2299 5515 eam
2329 5445 2599 5501 accidisse
2632 5462 2887 5512 narrans,
2932 5462 2961 5499 a
2999 5443 3351 5515 Theophanis
3369 5443 3771 5514 calculolonge

2180 5531 2240 5569 se
2271 5513 2542 5570 dissidere
2569 5525 2825 5571 testatur.
3155 5513 3169 5515 “
3226 5527 3234 5534 ·

2251 5585 2366 5657 (65)
2412 5588 2549 5642 Ante
2604 5587 2883 5642 Anastasii
2939 5587 3274 5658 patriarcha:
3323 5595 3553 5640 mortem
3625 5597 3770 5638 anno

2179 5657 2541 5729 Copronymir
2573 5658 2634 5712 l5
2669 5661 2901 5711 relatum
2942 5657 3126 5713 simile
3178 5666 3515 5729 portentum,
3552 5663 3767 5729 tantum

2181 5727 2324 5781 idem
2344 5727 2475 5854 4gon
2533 5728 2824 5800 intelligat,
2877 5729 3147 5786 accidisse
3190 5738 3379 5784 narrat
3425 5727 3768 5796 Nicephorus

2184 5814 2304 5854 nas.
2380 5834 2430 5852 ..

2183 5814 2304 5870 pag.
2344 5814 2430 5854 ιιο.
