4100 6442
319 335 425 400 835
1629 333 1992 396 CHRONOG
2004 335 2206 395 RAPlI
2220 337 2313 396 IA.
3503 335 3611 402 886

320 461 778 525 peratoremcum
809 447 1172 524 Poulopaguro
1206 451 1544 525 loquentem.
1583 452 1706 512 Mox
1734 470 1830 511 eos
1857 454 2110 510 criminis
2159 455 2311 510 illum
2354 469 2708 514 com-icturos
2759 460 2812 513 in
2855 457 3181 530 patriarcha:
3248 457 3391 513 ades
3477 459 3610 514 sub-

319 546 490 602 misit.
542 545 634 602 Ille
686 549 897 606 crimen
945 549 1246 605 admissum
1294 563 1524 619 negans,
1569 559 1628 603 ut
1676 548 1808 603 illud
1883 550 1937 604 in
1977 549 2298 605 veneranda
2363 551 2507 622 ligna
2553 551 2723 622 jurati
2778 561 3119 618 assererem,
3183 568 3280 607 eos
3317 551 3612 621 compulit.

321 637 813 710 afﬁrmaruntque:
853 662 872 693 ι
902 640 1189 711 Ejusmodi
1210 640 1460 697 convicia
1487 656 1550 696 ex
1586 640 1914 711 patriarcha:
1954 655 2050 696 ore
2082 641 2416 698 audivimus.
2453 663 2470 696 ι
2502 643 2686 700 Missis
2722 644 2890 711 igitur
2918 645 3011 715 qui
3047 643 3444 716 patriarchales
3470 643 3613 697 mdes

321 733 472 802 regio
516 733 696 804 sigillo
732 735 1106 805 obsignarent,
1153 735 1332 805 ipsqu
1375 733 1745 804 patriarcham
1792 734 2028 805 primum
2062 733 2321 803 Hieriani,
2361 747 2471 793 ttun
2547 739 2600 793 in
2667 737 2986 809 Principum
3062 739 3322 803 insulam,
3366 739 3611 794 exsulem

319 829 598 900 deportari
626 830 832 887 sanxit.

391 925 456 977 A.
484 923 554 977 M.
583 923 747 981 6258.
770 927 1552 996 -Κωνσταντινουπόλεως
1575 929 1918 984 ἐπισκόπου

2095 929 2161 982 Α.
2193 928 2260 982 C.
2287 926 2410 983 758.
2447 957 2514 966 ——
2540 925 2760 995 Cpaleos
2787 928 3025 998 episwpi
3059 925 3267 982 Nicen:
3301 941 3476 982 anuus
3504 926 3618 998 pri-

317 1018 551 1086 Νικήτα
579 1019 714 1085 ἔτος
735 1019 807 1075 (ι’.

391 1112 436 1162 Τ
439 1110 584 1181 οὕτω
612 1111 692 1182 τῷ
725 1112 836 1166 ἔτει
887 1114 1178 1178 Ἀϐδελλάς
1213 1115 1436 1170 Ἰϐιναλὶ
1483 1115 1598 1188 (90)
1626 1115 1914 1189 τέθνηκεν,

319 1204 635 1267 πτωθέντος
669 1207 757 1259 ἐπ’
783 1208 946 1260 αὐτὸν
972 1207 1017 1239 ⁸³
1040 1209 1134 1262 τοῦ
1162 1212 1469 1282 πύργου,ἐν
1502 1204 1546 1279 ᾧ
1572 1214 1916 1284 ἐφρουρεῖτο·

319 1300 350 1351 ὁ
383 1299 441 1352 δὲ
483 1299 773 1364 meum;
805 1301 922 1372 ἀμη
935 1301 1108 1372 ρεύων
1141 1302 1314 1356 πολλά
1361 1303 1511 1358 κακά
1540 1307 1652 1369 τοῖς
1692 1306 1796 1360 ὑπὸ
1821 1307 1919 1379 τὴν

320 1393 502 1464 ἀρχὴν
532 1392 699 1446 αὐτοῦ
730 1395 1082 1461 Χριστιανοῖς
1107 1395 1428 1460 ἐνεδείξατο.
1458 1399 1598 1462 Τοὺς
1627 1398 1736 1470 γὰρ
1759 1417 1919 1454 σταυ·

327 1485 458 1555 ροὺς
487 1483 598 1538 τῶν
632 1485 941 1554 ἐκκλησιῶν
977 1484 1091 1558 (9i)
1118 1488 1362 1554 ἀφεῖλεν,
1419 1490 1514 1543 καὶ
1559 1493 1921 1562 παννυχεύειν

325 1577 601 1631 ἐκώλυσεν
617 1579 714 1632 καὶ
744 1578 1039 1649 μανθάνειν
1065 1580 1134 1634 τὰ
1166 1582 1375 1635 ἐαυτῶν
1406 1584 1712 1656 γράμματα
1733 1603 1746 1616 ·
1785 1589 1835 1640 οί
1865 1588 1922 1642 δέ

325 1669 615 1740 λεγόμενοι
644 1672 691 1704 ⁵³
710 1673 844 1743 παρ’
876 1674 1062 1739 αὐτοῖς
1103 1675 1438 1747 Ἀρουρῖται,
1467 1677 1494 1730 δ
1533 1679 1920 1750 ἑρμηνεύεται,

327 1761 606 1832 ﬁnitumi,
633 1764 778 1818 κατά
807 1764 907 1837 τὴν
956 1767 1328 1840 Παλμυρηνὴν
1361 1770 1743 1842 ἐπανέστησαν
1792 1773 1922 1844 ἔρη-

334 1873 454 1927 μον.
505 1855 649 1909 Ἀλλ’
684 1857 912 1912 ἐκείνων
943 1860 1102 1932 μὲνὴ
1139 1863 1309 1915 κακία
1343 1865 1479 1934 πρὸς
1511 1865 1612 1929 τὰς
1643 1865 1734 1918 τοῦ
1784 1867 1921 1921 Θεοῦ

333 1946 628 2020 ἐκκλησίας
649 1949 725 2014 ὡς
748 1950 994 2006 ἀπίστων
1025 1953 1069 1986 ⁵⁸
1093 1956 1402 2027 προφανής.
1453 1956 1512 2010 '0
1547 1957 1604 2010 δὲ
1655 1959 1923 2028 Χριστια-

337 2040 440 2094 νῶν
477 2039 782 2110 βασιλεύων
811 2042 1042 2112 ἀφάτοις
1071 2043 1208 2096 Θεοῦ
1239 2045 1506 2116 κρίμασιν
1543 2045 1696 2111 ἴσως,
1728 2048 1804 2111 ὡς
1827 2047 1922 2101 τοῦ

351 2133 608 2205 ἰσραὴλὸ
645 2133 922 2206 μανιώδης
963 2136 1192 2207 Ἀχαάϐ,
1224 2138 1404 2208 πολλῶ
1433 2139 1658 2210 χείρονα
1677 2141 1775 2213 τῆς
1813 2141 1924 2195 τῶν

361 2226 591 2296 Ἀράϐων
619 2227 816 2296 μανίας
843 2230 957 2294 τοῖς
988 2229 1094 2283 ὑπὸ
1124 2230 1225 2302 τὴν
1255 2231 1534 2302 βασιλείαν
1564 2235 1730 2288 αὑτοῦ
1763 2235 1924 2307 ὀρθο-

352 2317 510 2384 ὃόξοις
545 2321 872 2386 ἐπισκόποις
923 2325 1022 2376 καὶ
1081 2301 1338 2395 μοναχοῖς
1392 2343 1454 2380 τε
1483 2329 1580 2382 καὶ
1610 2328 1655 2362 ⁸⁸
1689 2301 1920 2396 λαῖκοῖς,
1955 2301 1998 2360 Β

347 2410 564 2478 ἄρχουσί
597 2429 658 2464 τε
683 2413 776 2466 καὶ
799 2414 1126 2485 ἀρχομένοις
1151 2417 1487 2484 ἐπεδείξατο,
1513 2420 1793 2492 πανταχοῦ
1825 2423 1924 2492 μὲν

339 2502 432 2565 τὰς
455 2503 754 2571 πρεσϐείας
781 2506 881 2577 τῆς
914 2507 1077 2575 ἀγίας
1105 2509 1388 2580 Παρθένου
1420 2512 1516 2565 καὶ
1535 2513 1803 2567 Θεοτόκου
1831 2519 1925 2570 καὶ

336 2596 558 2649 πάντων
586 2596 697 2650 τῶν
723 2599 895 2667 ἁγίων
913 2600 1210 2674 ἐγγράφως
1233 2605 1309 2668 ὡς
1329 2606 1624 2674 ἀνωφελεῖς
1642 2609 1734 2661 καὶ
1748 2609 1923 2681 ἀγρά-

334 2703 450 2756 φως
477 2688 898 2761 ἀποκηρύττων,
937 2693 1004 2746 δι’
1039 2687 1115 2751 ὧν
1139 2697 1272 2767 ήμϊν
1304 2700 1542 2769 πηγάζει
1595 2703 1749 2756 πᾶσα
1796 2702 1925 2775 βοή-

333 2779 392 2831 θε
405 2796 482 2843 ια,
523 2783 618 2833 καὶ
651 2784 718 2835 τὰ
747 2781 884 2851 ἅγια
935 2783 1165 2856 λείψανα
1196 2787 1379 2842 αὐτῶν
1409 2791 1780 2863 κατορύττων,
1829 2795 1928 2850 καὶ

333 2873 518 2943 ἀφανῆ
546 2873 737 2938 ποιῶν,
762 2872 818 2926 εἴ
843 2874 945 2929 πού
979 2894 1125 2941 τινος
1146 2879 1420 2952 ἐπισήμου
1443 2883 1491 2914 ⁸⁸
1515 2881 1766 2953 ἠκούετο,
1791 2885 1928 2957 πρὸς

333 2969 552 3038 ὑγίειαν
584 2971 774 3041 ψυχῶν
818 2970 915 3024 καὶ
959 2973 1231 3044 σωμάτων
1260 2974 1642 3047 ἀνακείμενον,
1699 2980 1818 3044 καί,
1853 2979 1930 3042 ὡς

332 3065 479 3130 ἔθος,
536 3065 642 3118 ὑπὸ
689 3065 798 3119 τῶν
843 3064 1210 3119 εὐσεϐούντων
1266 3064 1578 3138 τιμώμενον
1605 3067 1687 3101 "-
1729 3070 1929 3126 αὐτίκα

330 3155 470 3226 γοῦν
497 3158 526 3211 ὁ
554 3155 788 3220 θάνατος
827 3157 970 3211 κατά
1002 3156 1113 3212 τῶν
1139 3156 1418 3225 τοιούτων,
1460 3159 1537 3224 ὡς
1562 3161 1927 3230 ἀσεϐούντων,

332 3249 616 3318 ἡπειλεῖτο
640 3248 711 3311 ⁸⁸,
740 3247 1035 3318 δημεύσεις
1068 3264 1128 3301 τε
1155 3248 1252 3301 καὶ
1306 3249 1514 3321 ἐξορίαι
1556 3249 1654 3305 καὶ
1686 3249 1928 3322 βάσανοι.

331 3341 411 3394 Th
435 3341 492 3394 δὲ
523 3339 990 3412 θεοχαριτώτατον
1009 3340 1284 3412 λείψανον,
1311 3336 1401 3397 οἷά
1422 3361 1506 3407 τις
1528 3343 1801 3418 θησαυρὸς
1822 3347 1933 3404 τῶν

329 3433 598 3504 ἐχόντων,
656 3432 914 3503 ἐπαίρετο
952 3433 1160 3503 ἀφανὲς
1213 3433 1308 3488 τοῦ
1358 3433 1550 3488 λοιποῦ
1615 3436 1930 3508 γενόμενον.

330 3523 595 3577 Τοιοῦτον
619 3523 750 3590 γοῦν
779 3541 832 3576 τι
872 3524 966 3578 καὶ
1015 3525 1096 3588 είς
1121 3525 1183 3578 τὸ
1211 3525 1652 3596 τιμαλφέστατον
1681 3527 1935 3597 λείψανον

327 3617 439 3701 τῆς
464 3617 716 3688 πανευφή
728 3634 828 3688 μου
850 3618 1146 3688 Μάρτυρος
1176 3617 1470 3690 Εὐφημίας
1493 3622 1521 3672 ὁ
1542 3620 1756 3684 ἀνόσιος
1789 3619 1936 3691 βασι-

328 3711 469 3773 λεὺς
497 3710 848 3780 διεπράξατο,
901 3710 1128 3781 βυθίσας
1182 3712 1315 3767 αὐτὸ
1345 3715 1444 3766 σὺν
1468 3716 1533 3784 τῇ
1560 3713 1817 3785 λάρνακι,
1859 3716 1934 3787 μὴ

330 3803 526 3872 φέρων
579 3803 714 3874 ὀρᾷν
766 3801 1174 3872 μυροδοτοῠσαν
1220 3801 1392 3875 αὐτὴν
1441 3803 1535 3856 ἐπὶ
1595 3805 1797 3869 παντὸς
1840 3805 1935 3860 τοῦ

329 3891 497 3957 λαοῦ,
524 3894 620 3947 καὶ
653 3893 986 3964 ἐλέγχουσαν
1013 3894 1178 3948 αὑτοῦ
1217 3893 1284 3948 τὰ
1320 3893 1464 3948 κατά
1485 3891 1594 3948 τῶν
1623 3895 1938 3966 πρεσϐειῶν

329 3986 399 4056 λη
414 3986 641 4056 ρήματα
671 3985 739 4041 ⁸⁸.
801 3984 943 4039 Ἀλλ’
973 3987 1002 4039 ὁ
1051 3985 1186 4050 Θεὸς
1211 3987 1240 4041 ὁ
1269 3986 1317 4019 ³⁸
1353 3985 1645 4056 φυλάσσων
1681 3988 1753 4042 τὰ
1805 3987 1941 4042 ὀστᾶ

325 4080 452 4132 τῶν
481 4079 929 4152 εὐαρεστούντων
965 4079 1115 4150 αύτῷ
1142 4079 1218 4146 -⁸¹,
1261 4080 1406 4134 κατά
1431 4081 1504 4135 τὰ
1536 4080 1730 4150 Λόγια,
1757 4080 1940 4145 ἀσινὲς

326 4171 506 4227 τοῦτο
527 4172 870 4241 διεφύλαξεν,
891 4173 1056 4228 πάλιν
1074 4172 1362 4239 ἀναδείξας
1388 4173 1521 4228 αὐτὸ
1549 4175 1608 4227 ἐν
1639 4175 1706 4244 τῇ
1729 4173 1938 4244 Λήμνῳ

328 4269 496 4337 νήσῳ
525 4265 591 4320 ⁸³.
621 4267 720 4320 Διά
753 4265 862 4338 γὰρ
912 4267 1234 4338 νυκτερινῆς
1262 4266 1508 4337 ὁράσεως
1543 4264 1864 4334 κινούμενον
1893 4264 1941 4296 ³³

331 4359 582 4430 ἀρθῆναι
613 4359 950 4432 προσέταξεν
973 4361 1069 4414 καὶ
1103 4359 1493 4430 φυλάττεσθαι.
1539 4359 1663 4413 Ἐπὶ
1690 4357 1750 4411 δὲ
1772 4359 1936 4412 Κων-

335 4451 633 4506 σταντίνου
657 4453 754 4506 καὶ
776 4452 1015 4525 Εἰρήνης
1052 4451 1162 4506 τῶν
1192 4449 1436 4504 εὐσεϐῶν
1469 4449 1756 4521 βασιλέων,
1813 4447 1941 4501 ίνδιο

336 4535 544 4599 κτιῶνι
577 4545 838 4618 τετάρτῃ,
879 4545 1018 4617 μετά
1043 4545 1139 4616 τῆς
1168 4544 1491 4617 πρεπούσης
1512 4542 1678 4614 τιμῆς
1707 4542 1939 4612 ἐπανῆλ-

334 4639 439 4693 θεν
462 4639 522 4693 ἐν
551 4638 630 4710 τῷ
655 4639 872 4709 τεμένει
901 4637 1091 4709 αὐτῆς.
1130 4639 1197 4690 Ὃ
1220 4635 1382 4700 αύτὺς
1415 4635 1516 4706 μὲν
1545 4637 1573 4687 ὁ
1596 4633 1707 4687 τῶν
1740 4632 1944 4703 ἐκκλη-

2019 1039 2160 1076 ιιιιιδ.

2091 1115 2204 1170 Hoc
2221 1131 2367 1171 anno
2394 1115 2653 1170 Abdellas
2677 1114 2868 1168 lbinali
2903 1122 3076 1176 turre,
3112 1113 3164 1166 in
3195 1129 3300 1181 qua
3333 1110 3616 1168 custodie-

2019 1211 2202 1274 batur,
2271 1220 2565 1264 corruente
2604 1208 2914 1263 exstinctus
2965 1217 3068 1262 est.
3128 1205 3300 1260 Porro
3355 1205 3616 1260 Ahdellas

2021 1316 2328 1362 anieralum
2393 1321 2592 1376 gerens
2646 1303 2982 1358 Christianis
3046 1302 3278 1372 imperio
3339 1301 3612 1370 subjectis

2023 1400 2195 1455 multa
2245 1399 2387 1452 mala
2453 1397 2658 1452 intulit.
2718 1395 2994 1451 Crucibus
3051 1397 3196 1449 enim
3253 1394 3616 1450 ecclesiarum

2023 1492 2242 1562 fastigio
2271 1490 2637 1559 superpositis
2666 1489 2865 1558 deponi
2895 1486 3090 1555 jussis,
3131 1496 3434 1542 nocturnos
3481 1502 3619 1540 cou-

2025 1593 2221 1639 ventus
2287 1583 2589 1647 celebrare,
2655 1590 2712 1636 et
2771 1582 2983 1636 litteras
3060 1581 3246 1635 doceri
3315 1578 3618 1650 prohibuit.

2023 1674 2262 1728 Aruritu:
2316 1689 2504 1744 porro,
2571 1672 2816 1743 intelligo
2876 1671 3100 1736 zelotas,
3162 1669 3488 1725 seditionem
3553 1672 3621 1724 ad

2022 1771 2410 1842 Palmyrenum
2465 1771 2748 1824 desertum
2807 1768 2950 1822 inter
3008 1781 3105 1821 cos
3157 1765 3496 1820 excitarunt.
3559 1761 3621 1816 Et

2025 1863 2245 1917 illorum
2294 1861 2540 1928 quidem,
2594 1875 2694 1917 ceu
2747 1875 2778 1913 a
2838 1858 2945 1913 ﬁde
3007 1858 3338 1921 alienorum,
3402 1858 3455 1910 in
3523 1853 3620 1910 Dei

2023 1959 2290 2014 ecclesias
2356 1957 2546 2012 odium
2616 1953 2994 2011 manifestum.
3065 1952 3419 2024 Imperatoris
3491 1966 3620 2007 vero

2027 2060 2239 2107 secreto
2272 2050 2363 2104 Dei
2389 2049 2602 2119 judicio
2631 2049 2965 2104 Christianis
3022 2047 3323 2118 praepositi,
3384 2046 3622 2101 furentis

2027 2145 2303 2214 quondam
2363 2143 2505 2211 apud
2552 2142 2835 2198 Israelitas
2887 2141 3079 2197 Achab
3143 2141 3374 2197 omnino
3420 2138 3623 2194 similis

2030 2237 2280 2301 insanire,
2328 2235 2538 2293 Arabes
2568 2235 2730 2308 longe
2766 2250 3034 2304 superans
3076 2233 3265 2288 rabies
3309 2232 3622 2288 crudeliora

2028 2332 2082 2385 in
2131 2328 2468 2384 orthodoxos
2497 2328 2811 2399 episcopos,
2838 2327 3004 2399 370
3029 2325 3330 2381 monachos
3362 2337 3414 2380 et
3441 2340 3620 2394 popu-

2029 2426 2193 2486 lares,
2213 2436 2446 2475 necnon
2473 2418 2527 2474 in
2549 2419 2842 2490 optimates
2862 2433 2925 2473 ac
2944 2417 3234 2473 inferiores
3251 2417 3354 2472 sibi
3370 2416 3623 2472 subditos
3661 2451 3664 2453 λ

2027 2513 2272 2566 exercuit
2325 2512 2617 2584 supplicia.
2648 2513 2846 2568 Preces
2901 2511 2969 2568 ad
3032 2518 3281 2566 sanctam
3345 2509 3620 2579 Virginem

2032 2604 2124 2658 Dei
2187 2603 2522 2659 Gcnitricem
2576 2612 2629 2659 et
2686 2617 2878 2658 omnes
2929 2610 3153 2658 sanctos
3219 2611 3334 2656 tum
3402 2601 3625 2671 scriptis

2031 2705 2144 2750 tum
2195 2706 2377 2750 mente
2429 2705 2752 2766 conceptas,
2796 2710 2862 2750 ex
2907 2694 3110 2764 quibus
3161 2693 3432 2748 auxilium
3459 2707 3624 2748 omne

2031 2788 2188 2843 nobis
2240 2787 2493 2850 scaturit,
2550 2797 2811 2856 tanquam
2873 2786 3116 2851 inutiles,
3177 2801 3242 2839 cr
3301 2785 3452 2838 omni
3502 2785 3628 2840 loco

2029 2878 2356 2943 eliminavit,
2392 2888 2714 2934 sanctorum
2748 2893 2968 2948 quoque
2997 2877 3264 2946 reliquias
3299 2876 3365 2930 ad
3408 2875 3625 2930 anima—

2031 2987 2156 3027 rum
2213 2984 2624 3042 corporumque
2676 2971 2978 3026 curandam
3039 2968 3270 3024 salutem
3329 2969 3623 3038 repositas,

2033 3071 2224 3136 etpro
2247 3062 2564 3119 Christiano
2590 3078 2744 3118 more
2771 3064 2838 3117 ab
2865 3062 2952 3126 iis,
2990 3061 3086 3133 qui
3121 3059 3377 3132 pietatem
3415 3059 3624 3127 colunt,

2035 3157 2089 3212 in
2125 3156 2303 3228 pretio
2338 3155 2576 3220 habitas,
2613 3155 2708 3209 ubi
2743 3154 3036 3223 cujuslibet
3073 3154 3248 3210 sancti
3279 3154 3642 3224 audirentur,

2037 3246 2156 3318 ipse
2188 3261 2217 3300 e
2246 3247 2422 3301 sat-ris
2453 3245 2654 3301 loculis
2694 3243 2905 3311 eﬂodit,
2939 3253 2994 3301 et
3039 3260 3106 3300 ne
3146 3245 3364 3317 uepiam
3395 3246 3632 3316 amplius

2037 3346 2340 3404 exstarent,
2377 3339 2598 3410 penitus
2619 3338 2880 3395 abolevit.
2914 3337 2972 3392 In
3005 3353 3102 3394 eos
3134 3338 3318 3410 itaque
3347 3339 3440 3409 qui
3469 3353 3630 3395 vene-

2036 3441 2296 3487 rarentur
2331 3431 2485 3486 velut
2530 3432 2585 3486 in
2621 3431 2820 3500 impios
2851 3429 3123 3485 bonorum
3173 3431 3630 3500 proscriptiones,

2038 3524 2253 3587 exsilia,
2287 3523 2557 3594 supplicia
2605 3522 3073 3578 comminabatur.
3110 3519 3458 3591 Ubicumque
3501 3519 3629 3575 reli-

2039 3619 2183 3688 quiae
2245 3615 2338 3671 Dei
2409 3629 2577 3687 quam
2640 3614 2881 3670 maxime
2936 3612 3182 3669 favorem
3245 3611 3629 3675 conciliamus,

2041 3723 2300 3781 tanquam
2337 3709 2612 3781 pretiosus
2644 3707 3046 3780 possidentium
3093 3705 3406 3769 thesaurus,
3463 3703 3620 3758 habe-

2043 3805 2263 3867 bantur.
2302 3817 2398 3858 eas
2426 3815 2596 3872 quam
2643 3799 2807 3856 citius
2844 3799 2912 3855 de
2957 3798 3172 3869 reliquo
3215 3813 3321 3852 non
3365 3795 3632 3850 videndae

2041 3911 2073 3952 e
2101 3895 2284 3951 medio
2320 3894 2567 3949 tollebat.
2615 3890 2914 3963 Quippiam
2959 3888 3280 3960 huiusmodi
3338 3887 3392 3941 in
3423 3888 3621 3958 pretio-

2043 3991 2329 4046 sissimum
2365 3985 2743 4044 celeberrimae
2788 3985 3048 4057 martyris
3081 3981 3398 4052 Euphemize
3429 3997 3631 4050 corpus

2045 4081 2387 4150 irreligiosus
2422 4077 2726 4149 imperator
2757 4076 3023 4140 exercuit,
3061 4074 3153 4129 ubi
3183 4073 3445 4128 nimirum
3499 4070 3631 4124 illud

2045 4175 2099 4229 in
2152 4173 2327 4228 maris
2375 4169 2710 4242 profundum
2763 4185 2887 4225 cum
2953 4169 3072 4239 ipso
3123 4165 3306 4222 loculo
3346 4162 3632 4226 demersit,

2043 4271 2342 4332 martyrem
2375 4261 2479 4316 sub
2510 4259 2840 4316 Christiana:
2891 4258 3064 4328 plebis
3117 4265 3469 4324 conspectum
3507 4268 3624 4308 sane

2043 4355 2150 4411 ctis
2205 4354 2498 4426 unguentis
2550 4353 2914 4408 exsudantem
2966 4350 3170 4411 videre,
3218 4362 3284 4400 ac
3328 4347 3403 4400 ita
3438 4344 3634 4400 deliria

2047 4456 2238 4502 contra
2271 4453 2589 4502 sanctorum
2637 4457 2830 4514 preces
2873 4441 3213 4497 deblaterata
3245 4448 3634 4508 coarguentem

2050 4555 2159 4593 non
2192 4537 2395 4592 ferens.
2432 4536 2576 4590 Deus
2603 4543 2812 4598 autem,
2857 4533 2950 4602 qui
2995 4548 3059 4587 ex
3102 4531 3405 4600 Scriptura:
3451 4527 3634 4583 verbis

2053 4647 2179 4688 ossa
2213 4631 2318 4686 sibi
2349 4630 2676 4701 placitorum
2715 4625 2978 4692 custodit,
3021 4625 3252 4680 illaesum
3281 4622 3415 4679 illud
3445 4635 3602 4678 serva

1643 4777 1880 4832 VARIAﬂ
1927 4772 2331 4832 LECTIONES.

452 4905 500 4938 δ’
527 4906 694 4960 αὐτὸν
738 4906 805 4972 Α,
837 4906 988 4978 αὐτῷ
1019 4905 1163 4976 vnlg.

337 4975 390 5012 ισ
426 4981 705 5046 ἐπισήμου
737 4979 805 5044 Α,
837 4975 996 5046 ἀγίόυ
1027 4975 1176 5045 Vulg.

337 5047 519 5120 λεῖτο]
547 5048 815 5116 ἡπείλητο
841 5057 909 5109 Α,
947 5049 1214 5119 ὴπηλείτο
1270 5049 1416 5113 vulg.

342 5124 393 5157 ⁸³
427 5122 495 5192 τῇ
527 5124 592 5173 Λ.
616 5123 764 5190 νήσῳ
790 5125 856 5184 Α,
879 5121 946 5192 τῇ
972 5120 1039 5174 Λ.
1071 5122 1137 5191 τῇ
1157 5137 1205 5173 ν.
1223 5121 1371 5189 vulg.

1513 5048 1562 5080 ‘9
1596 5049 1821 5117 ῥήματα
1859 5047 1926 5098 A.

1240 4906 1287 4938 ⁸³
1316 4905 1600 4975 λεγόμενοι
1636 4904 1761 4959 add.
1805 4920 1870 4957 ex
1914 4903 1976 4975 Αἶ

1267 4975 1313 5008 ⁸⁷
1346 4962 1708 5043 ἀνακείμενον
1739 5005 1810 5014 —
1843 4972 2158 5042 τιμώμενον
2178 4969 2242 5025 Α.
2292 4968 2674 5043 ἀνακειμένων
2701 4964 3132 5043 -τιμωμὲνων
3151 4962 3304 5043 vulg.

3107 4891 3154 4922 “
3185 4888 3283 4942 xui.
3308 4887 3434 4944 add.
3459 4903 3530 4944 ex
3566 4887 3639 4942 Α.

3401 4958 3447 4992 δ’
3475 4960 3629 5029 ὴπει·

2915 5034 2957 5064 ⁸¹
2983 5034 3120 5087 αὐτὸ
3151 5034 3192 5086 Α
3225 5029 3278 5095 a,
3309 5031 3454 5085 αὐτά
3482 5029 3638 5096 Vulg.

2081 4900 2128 4932 “
2172 4897 2420 4952 ἀπίστων
2479 4893 2545 4957 Α,
2577 4892 2823 4948 ἀπιστῶν
2873 4891 3022 4962 vulg.

2043 5042 2090 5073 ⁵ο
2135 5044 2161 5093 ὁ
2189 5049 2317 5092 ante
2346 5038 2476 5104 φυλ.
2505 5037 2632 5090 add.
2673 5052 2738 5090 ex
2763 5036 2828 5089 Α.

1451 5120 1498 5150 ⁵³
1525 5112 1848 5187 κινούμενον
1872 5119 1935 5179 Α,
1957 5113 2210 5184 κείμενον
2240 5112 2388 5180 vulg.

1679 5231 1822 5289 JAC.
1854 5230 2067 5289 COARI
2105 5229 2339 5286 NOTAE.

343 5353 486 5409 nior
535 5350 929 5420 Nicrphorus:
970 5351 1146 5413 Εὐθὺς
1195 5351 1406 5402 ἐκεῖνον

354 5424 585 5494 Ἱερείᾳ.
615 5417 760 5475 οὓτω
780 5423 1123 5494 καλουμένου
1161 5419 1445 5494 βατιλικοῦ
1479 5419 1748 5494 παλατίοο
1794 5417 1941 5494 ἀντιρ

344 5498 422 5548 ττέ
438 5488 504 5563 ρα
541 5488 693 5565 ’πρὸς
731 5493 902 5565 ,εὖρον
948 5488 1279 5561 avsum/":06
1318 5489 1622 5565 Βυζαντίου
1644 5488 1940 5565 κειμένου-⁸

346 5557 561 5636 Stdtim
602 5557 674 5619 'in
710 5557 951 5618 Hieriam
985 5557 1273 5636 relegatur.
1324 5564 1418 5616 l't‘st
1460 5561 1556 5614 hoc
1605 5557 1944 5636 imperatoris

346 5635 621 5704 palatium
647 5653 672 5688 ε
715 5638 927 5708 regione
973 5630 1182 5692 Cl’fad
1217 5639 1566 5708 subsolanum
1612 5633 1865 5700 positum.
1900 5630 1942 5682 A

346 5707 679 5764 Justiniano
709 5705 1016 5767 conditum.
1059 5720 1114 5762 et
1157 5722 1186 5760 a
1227 5705 1449 5761 Justin
1475 5709 1942 5763 consummatum,

347 5787 414 5834 et
461 5781 528 5832 ab
567 5778 772 5850 Ἥρας,
811 5777 1067 5844 lunonis,
1094 5777 1250 5848 prius
1283 5779 1355 5834 ibi
1388 5777 1792 5834 cuit-.enouiiue
1841 5772 1942 5830 Ἱέ-

1457 5346 1735 5416 ἐξὸριστον
1773 5347 1830 5396 ἐν
1869 5345 1934 5414 τῇ
1973 5346 2015 5400 D
2049 5361 2202 5416 ρειαν
2233 5339 2444 5416 dictum
2489 5337 2922 5416 referunborig.
2967 5334 3093 5416 QP;
3140 5331 3637 5416 Distingue'porro

2061 5395 2292 5486 Ἱέρειαν
2319 5412 2428 5465 ἀπὸ
2456 5411 2550 5486 τοῦ
2595 5408 2789 5486 ’ξε-ρού.
2823 5395 2935 5486 Hoc
2964 5407 3029 5486 ad
3059 5395 3414 5486 Propontidis
3447 5395 3634 5455 fauces

2042 5495 2098 5542 et
2123 5477 2274 5540 mare
2308 5484 2582 5553 superius,
2612 5477 2796 5553 Hieria
2829 5478 3119 5553 atl_._urbc_m
3153 5477 3282 5553 sita.

2117 5558 2230 5626 (90)
2259 5541 2604 5616 Anastasius,
2627 5550 2860 5604 Abdetaa
2878 5547 3077 5603 Ibinati
3093 5565 3114 5614 ;
3131 5548 3337 5602 clarius
3363 5541 3634 5608 Miscclla,

2046 5629 2276 5684 Abdelas
2311 5627 2456 5696 ﬁlius
2487 5626 2594 5678 Ali.
2766 5695 2769 5696 ν
2952 5693 2962 5696 _
3054 5691 3066 5696 _
3364 5686 3397 5696 _
3617 5685 3627 5695 .

2121 5698 2237 5771 (9i)
2283 5686 2352 5754 Ut
2385 5702 2714 5771 apparentes
2761 5695 2814 5748 iu
2847 5691 3100 5771 ecclesiis
3129 5686 3631 5771 cruces§araccni

2045 5761 2329 5842 deficiant,
2361 5761 2483 5825 ride
2519 5765 2908 5842 Turcogrwciw
2932 5779 3087 5836 pagg.
3125 5763 3226 5820 168
3249 5771 3302 5817 ct
3333 5761 3453 5816 ltili.
