  <div class='ocr_page' id='page_1' title='image "/cluster/home/n/w/nwhite01/storage/ocr_20150623/108/coo.31924054870120/450.png"; bbox 0 0 4100 6422; ppageno 0'>
   <div class='ocr_carea' id='block_1_1' title="bbox 425 314 1999 394">
    <p class='ocr_par' dir='ltr' id='par_1_1' title="bbox 425 314 1999 381">
     <span class='ocr_line' id='line_1_1' title="bbox 425 314 1999 381; baseline 0.003 -11"><span class='ocrx_word' id='word_1_1' title='bbox 425 314 539 380; x_wconf 71' lang='grc' dir='ltr'><strong>ἱι89</strong></span> <span class='ocrx_word' id='word_1_2' title='bbox 1726 320 1999 381; x_wconf 66' lang='grc' dir='ltr'><strong>(ἸΙΙΒΟΝι</strong></span> 
     </span>
    </p>
   </div>
   <div class='ocr_carea' id='block_1_2' title="bbox 2101 314 3707 394">
    <p class='ocr_par' dir='ltr' id='par_1_2' title="bbox 2101 322 3707 394">
     <span class='ocr_line' id='line_1_2' title="bbox 2101 322 3707 394; baseline 0.009 -15"><span class='ocrx_word' id='word_1_3' title='bbox 2101 322 2410 386; x_wconf 71' lang='lat' dir='ltr'><strong>RAPHIA.</strong></span> <span class='ocrx_word' id='word_1_4' title='bbox 3588 329 3707 394; x_wconf 71' lang='lat'><strong>890</strong></span> 
     </span>
    </p>
   </div>
   <div class='ocr_carea' id='block_1_3' title="bbox 423 428 3709 508">
    <p class='ocr_par' dir='ltr' id='par_1_3' title="bbox 423 428 3709 508">
     <span class='ocr_line' id='line_1_3' title="bbox 423 428 3709 508; baseline 0.006 -25"><span class='ocrx_word' id='word_1_5' title='bbox 423 447 557 484; x_wconf 84' lang='lat' dir='ltr'><strong>nutu</strong></span> <span class='ocrx_word' id='word_1_6' title='bbox 634 428 992 486; x_wconf 77' lang='lat' dir='ltr'><strong>Orientalium</strong></span> <span class='ocrx_word' id='word_1_7' title='bbox 1085 430 1335 497; x_wconf 91' lang='lat' dir='ltr'><strong>themati,</strong></span> <span class='ocrx_word' id='word_1_8' title='bbox 1424 432 1592 487; x_wconf 88' lang='lat' dir='ltr'><strong>alium</strong></span> <span class='ocrx_word' id='word_1_9' title='bbox 1671 430 1987 488; x_wconf 79' lang='lat' dir='ltr'><strong>Michaelem</strong></span> <span class='ocrx_word' id='word_1_10' title='bbox 2060 432 2615 490; x_wconf 84' lang='lat' dir='ltr'><strong>Laehanodracouent</strong></span> <span class='ocrx_word' id='word_1_11' title='bbox 2704 435 3127 506; x_wconf 75' lang='lat' dir='ltr'><strong>Thracensium,</strong></span> <span class='ocrx_word' id='word_1_12' title='bbox 3192 441 3511 500; x_wconf 85' lang='lat' dir='ltr'><strong>Buccllariis</strong></span> <span class='ocrx_word' id='word_1_13' title='bbox 3596 447 3709 508; x_wconf 84' lang='lat' dir='ltr'><strong>Ma.</strong></span> 
     </span>
    </p>
   </div>
   <div class='ocr_carea' id='block_1_4' title="bbox 424 526 3695 599">
    <p class='ocr_par' dir='ltr' id='par_1_4' title="bbox 424 526 3695 599">
     <span class='ocr_line' id='line_1_4' title="bbox 424 526 3695 599; baseline 0.005 -23"><span class='ocrx_word' id='word_1_14' title='bbox 424 533 605 577; x_wconf 80' lang='lat' dir='ltr'><strong>uelem</strong></span> <span class='ocrx_word' id='word_1_15' title='bbox 668 526 983 593; x_wconf 80' lang='lat' dir='ltr'><strong>quemdam,</strong></span> <span class='ocrx_word' id='word_1_16' title='bbox 1050 542 1120 583; x_wconf 78' lang='lat' dir='ltr'><strong>ex</strong></span> <span class='ocrx_word' id='word_1_17' title='bbox 1179 530 1403 584; x_wconf 84' lang='lat' dir='ltr'><strong>nomine</strong></span> <span class='ocrx_word' id='word_1_18' title='bbox 1478 528 1717 583; x_wconf 58' lang='lat' dir='ltr'><strong>vesaniae</strong></span> <span class='ocrx_word' id='word_1_19' title='bbox 1787 527 2006 583; x_wconf 88' lang='lat' dir='ltr'><strong>dantem</strong></span> <span class='ocrx_word' id='word_1_20' title='bbox 2044 541 2388 598; x_wconf 89' lang='lat' dir='ltr'><strong>argumenta,</strong></span> <span class='ocrx_word' id='word_1_21' title='bbox 2445 529 2707 599; x_wconf 67' lang='lat' dir='ltr'><strong>praefecit.</strong></span> <span class='ocrx_word' id='word_1_22' title='bbox 2771 532 2910 597; x_wconf 84' lang='lat' dir='ltr'><strong>Quis</strong></span> <span class='ocrx_word' id='word_1_23' title='bbox 2969 550 3099 589; x_wconf 87' lang='lat' dir='ltr'><strong>vero</strong></span> <span class='ocrx_word' id='word_1_24' title='bbox 3189 537 3382 592; x_wconf 87' lang='lat' dir='ltr'><strong>horum</strong></span> <span class='ocrx_word' id='word_1_25' title='bbox 3484 544 3695 597; x_wconf 78' lang='lat' dir='ltr'><strong>scelera</strong></span> 
     </span>
    </p>
   </div>
   <div class='ocr_carea' id='block_1_5' title="bbox 416 618 3705 706">
    <p class='ocr_par' dir='ltr' id='par_1_5' title="bbox 416 618 3705 706">
     <span class='ocr_line' id='line_1_5' title="bbox 416 618 3705 706; baseline 0.005 -31"><span class='ocrx_word' id='word_1_26' title='bbox 416 618 730 676; x_wconf 88' lang='lat' dir='ltr'><strong>enarrando</strong></span> <span class='ocrx_word' id='word_1_27' title='bbox 763 620 898 676; x_wconf 88' lang='lat' dir='ltr'><strong>satis</strong></span> <span class='ocrx_word' id='word_1_28' title='bbox 927 622 1052 685; x_wconf 90' lang='lat' dir='ltr'><strong>erit,</strong></span> <span class='ocrx_word' id='word_1_29' title='bbox 1085 639 1208 693; x_wconf 76' lang='lat' dir='ltr'><strong>qua:</strong></span> <span class='ocrx_word' id='word_1_30' title='bbox 1240 625 1436 692; x_wconf 90' lang='lat' dir='ltr'><strong>partim</strong></span> <span class='ocrx_word' id='word_1_31' title='bbox 1464 624 1585 680; x_wconf 84' lang='lat' dir='ltr'><strong>suis</strong></span> <span class='ocrx_word' id='word_1_32' title='bbox 1628 624 1764 679; x_wconf 91' lang='lat' dir='ltr'><strong>locis</strong></span> <span class='ocrx_word' id='word_1_33' title='bbox 1794 639 1825 678; x_wconf 92' lang='lat' dir='ltr'><strong>a</strong></span> <span class='ocrx_word' id='word_1_34' title='bbox 1858 625 2018 680; x_wconf 90' lang='lat' dir='ltr'><strong>nobis</strong></span> <span class='ocrx_word' id='word_1_35' title='bbox 2059 626 2541 696; x_wconf 85' lang='lat' dir='ltr'><strong>perstringentur?</strong></span> <span class='ocrx_word' id='word_1_36' title='bbox 2605 642 2731 681; x_wconf 88' lang='lat' dir='ltr'><strong>nam</strong></span> <span class='ocrx_word' id='word_1_37' title='bbox 2826 630 2871 682; x_wconf 94' lang='lat' dir='ltr'><strong>si</strong></span> <span class='ocrx_word' id='word_1_38' title='bbox 2932 632 3119 686; x_wconf 89' lang='lat' dir='ltr'><strong>omnia</strong></span> <span class='ocrx_word' id='word_1_39' title='bbox 3181 633 3519 703; x_wconf 72' lang='lat' dir='ltr'><strong>singulatim,</strong></span> <span class='ocrx_word' id='word_1_40' title='bbox 3581 654 3705 706; x_wconf 72' lang='lat' dir='ltr'><strong>quae</strong></span> 
     </span>
    </p>
   </div>
   <div class='ocr_carea' id='block_1_6' title="bbox 418 715 3704 798">
    <p class='ocr_par' dir='ltr' id='par_1_6' title="bbox 418 715 3704 798">
     <span class='ocr_line' id='line_1_6' title="bbox 418 715 3704 798; baseline 0.005 -27"><span class='ocrx_word' id='word_1_41' title='bbox 418 717 529 787; x_wconf 86' lang='lat' dir='ltr'><strong>ipsi</strong></span> <span class='ocrx_word' id='word_1_42' title='bbox 599 730 807 771; x_wconf 88' lang='lat' dir='ltr'><strong>morem</strong></span> <span class='ocrx_word' id='word_1_43' title='bbox 884 715 1201 786; x_wconf 86' lang='lat' dir='ltr'><strong>imperatori</strong></span> <span class='ocrx_word' id='word_1_44' title='bbox 1273 731 1522 789; x_wconf 77' lang='lat' dir='ltr'><strong>gerentes</strong></span> <span class='ocrx_word' id='word_1_45' title='bbox 1564 720 1925 783; x_wconf 87' lang='lat' dir='ltr'><strong>admiserunt,</strong></span> <span class='ocrx_word' id='word_1_46' title='bbox 1985 722 2489 785; x_wconf 80' lang='lat' dir='ltr'><strong>conscriberentur,</strong></span> <span class='ocrx_word' id='word_1_47' title='bbox 2558 722 2751 787; x_wconf 87' lang='lat' dir='ltr'><strong>libros,</strong></span> <span class='ocrx_word' id='word_1_48' title='bbox 2812 724 2903 791; x_wconf 88' lang='lat' dir='ltr'><strong>qui</strong></span> <span class='ocrx_word' id='word_1_49' title='bbox 2966 724 3032 777; x_wconf 87' lang='lat' dir='ltr'><strong>de</strong></span> <span class='ocrx_word' id='word_1_50' title='bbox 3120 741 3183 779; x_wconf 88' lang='lat' dir='ltr'><strong>ea</strong></span> <span class='ocrx_word' id='word_1_51' title='bbox 3248 743 3305 780; x_wconf 88' lang='lat' dir='ltr'><strong>re</strong></span> <span class='ocrx_word' id='word_1_52' title='bbox 3377 731 3704 798; x_wconf 85' lang='lat' dir='ltr'><strong>compilamli</strong></span> 
     </span>
    </p>
   </div>
   <div class='ocr_carea' id='block_1_7' title="bbox 417 807 3258 882">
    <p class='ocr_par' dir='ltr' id='par_1_7' title="bbox 417 807 3258 882">
     <span class='ocr_line' id='line_1_7' title="bbox 417 807 3258 882; baseline 0.002 -17"><span class='ocrx_word' id='word_1_53' title='bbox 417 817 628 872; x_wconf 85' lang='lat' dir='ltr'><strong>essent,</strong></span> <span class='ocrx_word' id='word_1_54' title='bbox 662 807 927 862; x_wconf 86' lang='lat' dir='ltr'><strong>mundum</strong></span> <span class='ocrx_word' id='word_1_55' title='bbox 958 808 1136 879; x_wconf 88' lang='lat' dir='ltr'><strong>ipsum</strong></span> <span class='ocrx_word' id='word_1_56' title='bbox 1166 811 1254 864; x_wconf 80' lang='lat' dir='ltr'><strong>vix</strong></span> <span class='ocrx_word' id='word_1_57' title='bbox 1287 825 1445 880; x_wconf 89' lang='lat' dir='ltr'><strong>posse</strong></span> <span class='ocrx_word' id='word_1_58' title='bbox 1484 826 1701 881; x_wconf 83' lang='lat' dir='ltr'><strong>capere,</strong></span> <span class='ocrx_word' id='word_1_59' title='bbox 1728 820 1789 866; x_wconf 92' lang='lat' dir='ltr'><strong>ut</strong></span> <span class='ocrx_word' id='word_1_60' title='bbox 1831 810 2049 881; x_wconf 88' lang='lat' dir='ltr'><strong>proprie</strong></span> <span class='ocrx_word' id='word_1_61' title='bbox 2090 827 2213 866; x_wconf 92' lang='lat' dir='ltr'><strong>cum</strong></span> <span class='ocrx_word' id='word_1_62' title='bbox 2238 813 2569 882; x_wconf 83' lang='lat' dir='ltr'><strong>evangelista</strong></span> <span class='ocrx_word' id='word_1_63' title='bbox 2605 815 2821 882; x_wconf 82' lang='lat' dir='ltr'><strong>loquar,</strong></span> <span class='ocrx_word' id='word_1_64' title='bbox 2858 832 2964 869; x_wconf 91' lang='lat' dir='ltr'><strong>non</strong></span> <span class='ocrx_word' id='word_1_65' title='bbox 2996 817 3258 871; x_wconf 81' lang='lat' dir='ltr'><strong>arbitror.</strong></span> 
     </span>
    </p>
   </div>
   <div class='ocr_carea' id='block_1_8' title="bbox 495 902 1999 981">
    <p class='ocr_par' dir='ltr' id='par_1_8' title="bbox 495 902 1999 976">
     <span class='ocr_line' id='line_1_8' title="bbox 495 902 1999 976; baseline 0 -17"><span class='ocrx_word' id='word_1_66' title='bbox 495 908 559 960; x_wconf 77' lang='grc' dir='ltr'><strong>Α.</strong></span> <span class='ocrx_word' id='word_1_67' title='bbox 596 905 671 959; x_wconf 83' lang='grc' dir='ltr'><strong>Μ.</strong></span> <span class='ocrx_word' id='word_1_68' title='bbox 727 902 889 960; x_wconf 72' lang='grc'><strong>6259.</strong></span> <span class='ocrx_word' id='word_1_69' title='bbox 935 934 1006 947; x_wconf 89' lang='grc'><strong><em>-</em></strong></span> <span class='ocrx_word' id='word_1_70' title='bbox 1042 904 1272 975; x_wconf 80' lang='grc' dir='ltr'><strong>Ῥώμης</strong></span> <span class='ocrx_word' id='word_1_71' title='bbox 1309 906 1642 962; x_wconf 81' lang='grc' dir='ltr'><strong>ἐπισκόπου</strong></span> <span class='ocrx_word' id='word_1_72' title='bbox 1694 906 1999 976; x_wconf 73' lang='grc' dir='ltr'><strong>Στεφάνου</strong></span> 
     </span>
    </p>
   </div>
   <div class='ocr_carea' id='block_1_9' title="bbox 2101 902 3696 981">
    <p class='ocr_par' dir='ltr' id='par_1_9' title="bbox 2180 906 3696 981">
     <span class='ocr_line' id='line_1_9' title="bbox 2180 906 3696 981; baseline 0.003 -20"><span class='ocrx_word' id='word_1_73' title='bbox 2180 908 2243 961; x_wconf 79' lang='grc' dir='ltr'><strong>Α.</strong></span> <span class='ocrx_word' id='word_1_74' title='bbox 2269 906 2331 961; x_wconf 92' lang='lat' dir='ltr'><strong>C.</strong></span> <span class='ocrx_word' id='word_1_75' title='bbox 2361 908 2485 961; x_wconf 84' lang='lat'><strong>759.</strong></span> <span class='ocrx_word' id='word_1_76' title='bbox 2519 940 2587 950; x_wconf 88' lang='lat'><strong>-—</strong></span> <span class='ocrx_word' id='word_1_77' title='bbox 2614 907 2795 963; x_wconf 64' lang='lat' dir='ltr'><strong>Romae</strong></span> <span class='ocrx_word' id='word_1_78' title='bbox 2821 911 3049 979; x_wconf 74' lang='lat' dir='ltr'><strong>episcopi</strong></span> <span class='ocrx_word' id='word_1_79' title='bbox 3085 910 3346 978; x_wconf 74' lang='lat' dir='ltr'><strong>Stephani</strong></span> <span class='ocrx_word' id='word_1_80' title='bbox 3378 929 3550 966; x_wconf 78' lang='lat' dir='ltr'><strong>annus</strong></span> <span class='ocrx_word' id='word_1_81' title='bbox 3584 914 3696 981; x_wconf 71' lang='lat' dir='ltr'><strong>pri-</strong></span> 
     </span>
    </p>
   </div>
   <div class='ocr_carea' id='block_1_10' title="bbox 416 996 683 1065">
    <p class='ocr_par' dir='ltr' id='par_1_10' title="bbox 416 996 683 1065">
     <span class='ocr_line' id='line_1_10' title="bbox 416 996 683 1065; baseline -0.007 -11"><span class='ocrx_word' id='word_1_82' title='bbox 416 1000 555 1065; x_wconf 73' lang='grc' dir='ltr'>ἔτος</span> <span class='ocrx_word' id='word_1_83' title='bbox 609 996 683 1053; x_wconf 79' lang='grc' dir='ltr'><strong>α’.</strong></span> 
     </span>
    </p>
   </div>
   <div class='ocr_carea' id='block_1_11' title="bbox 492 1088 1999 1162">
    <p class='ocr_par' dir='ltr' id='par_1_11' title="bbox 492 1088 1999 1162">
     <span class='ocr_line' id='line_1_11' title="bbox 492 1088 1999 1162; baseline -0.006 -16"><span class='ocrx_word' id='word_1_84' title='bbox 492 1093 679 1162; x_wconf 82' lang='grc' dir='ltr'>Τούτῳ</span> <span class='ocrx_word' id='word_1_85' title='bbox 708 1094 787 1161; x_wconf 82' lang='grc' dir='ltr'>τῷ</span> <span class='ocrx_word' id='word_1_86' title='bbox 808 1091 919 1145; x_wconf 74' lang='grc' dir='ltr'>ἔτει</span> <span class='ocrx_word' id='word_1_87' title='bbox 949 1090 1079 1162; x_wconf 73' lang='grc' dir='ltr'>μηνὶ</span> <span class='ocrx_word' id='word_1_88' title='bbox 1114 1088 1433 1160; x_wconf 83' lang='grc' dir='ltr'>Ὀκτωϐρίῳ</span> <span class='ocrx_word' id='word_1_89' title='bbox 1466 1095 1540 1154; x_wconf 78' lang='grc' dir='ltr'>ς’,</span> <span class='ocrx_word' id='word_1_90' title='bbox 1568 1088 1902 1152; x_wconf 83' lang='grc' dir='ltr'>ίνδικτιῶνος</span> <span class='ocrx_word' id='word_1_91' title='bbox 1922 1096 1999 1154; x_wconf 80' lang='grc' dir='ltr'>ς’,</span> 
     </span>
    </p>
   </div>
   <div class='ocr_carea' id='block_1_12' title="bbox 414 1179 2003 1257">
    <p class='ocr_par' dir='ltr' id='par_1_12' title="bbox 414 1179 2003 1257">
     <span class='ocr_line' id='line_1_12' title="bbox 414 1179 2003 1257; baseline -0.003 -18"><span class='ocrx_word' id='word_1_92' title='bbox 414 1186 561 1257; x_wconf 69' lang='grc' dir='ltr'>ἤχθη</span> <span class='ocrx_word' id='word_1_93' title='bbox 597 1186 1009 1247; x_wconf 81' lang='grc' dir='ltr'>Κωνσταντίνος</span> <span class='ocrx_word' id='word_1_94' title='bbox 1051 1184 1078 1235; x_wconf 85' lang='grc' dir='ltr'>ὁ</span> <span class='ocrx_word' id='word_1_95' title='bbox 1116 1179 1471 1251; x_wconf 77' lang='grc' dir='ltr'><strong>ψευδώνυμος</strong></span> <span class='ocrx_word' id='word_1_96' title='bbox 1509 1181 1860 1253; x_wconf 78' lang='grc' dir='ltr'><strong>πατριάρχης</strong></span> <span class='ocrx_word' id='word_1_97' title='bbox 1894 1182 2003 1234; x_wconf 77' lang='grc' dir='ltr'>ἀπὸ</span> 
     </span>
    </p>
   </div>
   <div class='ocr_carea' id='block_1_13' title="bbox 413 1273 2002 1349">
    <p class='ocr_par' dir='ltr' id='par_1_13' title="bbox 413 1273 2002 1349">
     <span class='ocr_line' id='line_1_13' title="bbox 413 1273 2002 1349; baseline -0.004 -18"><span class='ocrx_word' id='word_1_98' title='bbox 413 1280 518 1349; x_wconf 78' lang='grc' dir='ltr'>τῆς</span> <span class='ocrx_word' id='word_1_99' title='bbox 553 1274 864 1345; x_wconf 83' lang='grc' dir='ltr'>Πριγκίπου</span> <span class='ocrx_word' id='word_1_100' title='bbox 890 1275 1053 1345; x_wconf 82' lang='grc' dir='ltr'><strong>νήσου</strong></span> <span class='ocrx_word' id='word_1_101' title='bbox 1075 1290 1090 1304; x_wconf 88' lang='grc'><strong>·</strong></span> <span class='ocrx_word' id='word_1_102' title='bbox 1128 1276 1222 1327; x_wconf 79' lang='grc' dir='ltr'>καὶ</span> <span class='ocrx_word' id='word_1_103' title='bbox 1257 1273 1465 1344; x_wconf 75' lang='grc' dir='ltr'>ἔδειρεν</span> <span class='ocrx_word' id='word_1_104' title='bbox 1499 1274 1663 1326; x_wconf 78' lang='grc' dir='ltr'>αὑτὸν</span> <span class='ocrx_word' id='word_1_105' title='bbox 1688 1276 1716 1327; x_wconf 85' lang='grc' dir='ltr'><strong>ό</strong></span> <span class='ocrx_word' id='word_1_106' title='bbox 1738 1273 2002 1345; x_wconf 82' lang='grc' dir='ltr'>τύραννος</span> 
     </span>
    </p>
   </div>
   <div class='ocr_carea' id='block_1_14' title="bbox 411 1362 1999 1435">
    <p class='ocr_par' dir='ltr' id='par_1_14' title="bbox 411 1362 1999 1435">
     <span class='ocr_line' id='line_1_14' title="bbox 411 1362 1999 1435; baseline -0.002 -14"><span class='ocrx_word' id='word_1_107' title='bbox 411 1367 862 1429; x_wconf 74' lang='grc' dir='ltr'>Κωνσταντῖνος,</span> <span class='ocrx_word' id='word_1_108' title='bbox 915 1364 993 1427; x_wconf 85' lang='grc' dir='ltr'>ὡς</span> <span class='ocrx_word' id='word_1_109' title='bbox 1048 1363 1123 1435; x_wconf 84' lang='grc' dir='ltr'>μὴ</span> <span class='ocrx_word' id='word_1_110' title='bbox 1175 1362 1383 1433; x_wconf 79' lang='grc' dir='ltr'>ίσχύειν</span> <span class='ocrx_word' id='word_1_111' title='bbox 1436 1364 1480 1396; x_wconf 73' lang='grc'><strong>⁸⁵</strong></span> <span class='ocrx_word' id='word_1_112' title='bbox 1533 1364 1698 1417; x_wconf 84' lang='grc' dir='ltr'>αὑτὸν</span> <span class='ocrx_word' id='word_1_113' title='bbox 1762 1363 1999 1434; x_wconf 81' lang='grc' dir='ltr'><strong>βαδίσαι.</strong></span> 
     </span>
    </p>
   </div>
   <div class='ocr_carea' id='block_1_15' title="bbox 421 1455 2004 1527">
    <p class='ocr_par' dir='ltr' id='par_1_15' title="bbox 421 1455 2004 1527">
     <span class='ocr_line' id='line_1_15' title="bbox 421 1455 2004 1527; baseline -0.004 -13"><span class='ocrx_word' id='word_1_114' title='bbox 421 1459 716 1514; x_wconf 76' lang='grc' dir='ltr'>Ἐκὲλευσε</span> <span class='ocrx_word' id='word_1_115' title='bbox 745 1458 803 1511; x_wconf 84' lang='grc' dir='ltr'>δὲ</span> <span class='ocrx_word' id='word_1_116' title='bbox 850 1456 1015 1511; x_wconf 80' lang='grc' dir='ltr'>αὑτὸν</span> <span class='ocrx_word' id='word_1_117' title='bbox 1070 1457 1152 1520; x_wconf 77' lang='grc' dir='ltr'>εἰς</span> <span class='ocrx_word' id='word_1_118' title='bbox 1200 1458 1420 1527; x_wconf 84' lang='grc' dir='ltr'>φορεῖον</span> <span class='ocrx_word' id='word_1_119' title='bbox 1477 1455 1869 1527; x_wconf 80' lang='grc' dir='ltr'><strong>βασταχθῆναι,</strong></span> <span class='ocrx_word' id='word_1_120' title='bbox 1906 1456 2004 1509; x_wconf 74' lang='grc' dir='ltr'><strong>καὶ</strong></span> 
     </span>
    </p>
   </div>
   <div class='ocr_carea' id='block_1_16' title="bbox 413 1547 2003 1619">
    <p class='ocr_par' dir='ltr' id='par_1_16' title="bbox 413 1547 2003 1619">
     <span class='ocr_line' id='line_1_16' title="bbox 413 1547 2003 1619; baseline -0.004 -14"><span class='ocrx_word' id='word_1_121' title='bbox 413 1551 729 1606; x_wconf 79' lang='grc' dir='ltr'><strong>ἀπελθόντα</strong></span> <span class='ocrx_word' id='word_1_122' title='bbox 752 1549 983 1604; x_wconf 79' lang='grc' dir='ltr'>καθίσαι</span> <span class='ocrx_word' id='word_1_123' title='bbox 1015 1550 1073 1601; x_wconf 85' lang='grc' dir='ltr'><strong>ἐν</strong></span> <span class='ocrx_word' id='word_1_124' title='bbox 1103 1550 1170 1618; x_wconf 83' lang='grc' dir='ltr'>τῇ</span> <span class='ocrx_word' id='word_1_125' title='bbox 1201 1547 1394 1619; x_wconf 84' lang='grc' dir='ltr'>σολαίᾳ</span> <span class='ocrx_word' id='word_1_126' title='bbox 1410 1549 1455 1581; x_wconf 81' lang='grc'><strong>⁶⁶</strong></span> <span class='ocrx_word' id='word_1_127' title='bbox 1478 1547 1591 1619; x_wconf 89' lang='grc'><strong>(98)</strong></span> <span class='ocrx_word' id='word_1_128' title='bbox 1612 1549 1709 1618; x_wconf 82' lang='grc' dir='ltr'>τῆς</span> <span class='ocrx_word' id='word_1_129' title='bbox 1742 1547 2003 1617; x_wconf 78' lang='grc' dir='ltr'><strong>Μεγάλης</strong></span> 
     </span>
    </p>
   </div>
   <div class='ocr_carea' id='block_1_17' title="bbox 427 1636 2002 1715">
    <p class='ocr_par' dir='ltr' id='par_1_17' title="bbox 427 1636 2002 1715">
     <span class='ocr_line' id='line_1_17' title="bbox 427 1636 2002 1715; baseline -0.003 -16"><span class='ocrx_word' id='word_1_130' title='bbox 427 1642 785 1715; x_wconf 77' lang='grc' dir='ltr'>Ἑκκλησίαε.</span> <span class='ocrx_word' id='word_1_131' title='bbox 805 1644 916 1697; x_wconf 81' lang='grc' dir='ltr'><strong>Καὶ</strong></span> <span class='ocrx_word' id='word_1_132' title='bbox 962 1642 1274 1712; x_wconf 81' lang='grc' dir='ltr'>ἁσηκρῆτις</span> <span class='ocrx_word' id='word_1_133' title='bbox 1314 1636 1383 1712; x_wconf 74' lang='grc' dir='ltr'>ἦν</span> <span class='ocrx_word' id='word_1_134' title='bbox 1414 1641 1510 1694; x_wconf 79' lang='grc' dir='ltr'><strong>σὺν</strong></span> <span class='ocrx_word' id='word_1_135' title='bbox 1535 1641 1686 1711; x_wconf 83' lang='grc' dir='ltr'>αύτῷ</span> <span class='ocrx_word' id='word_1_136' title='bbox 1716 1640 2002 1712; x_wconf 76' lang='grc' dir='ltr'><strong>βαστάζων</strong></span> 
     </span>
    </p>
   </div>
   <div class='ocr_carea' id='block_1_18' title="bbox 412 1727 1997 1808">
    <p class='ocr_par' dir='ltr' id='par_1_18' title="bbox 412 1727 1997 1808">
     <span class='ocr_line' id='line_1_18' title="bbox 412 1727 1997 1808; baseline -0.001 -17"><span class='ocrx_word' id='word_1_137' title='bbox 412 1738 585 1808; x_wconf 85' lang='grc' dir='ltr'>τόμον</span> <span class='ocrx_word' id='word_1_138' title='bbox 614 1736 845 1807; x_wconf 83' lang='grc' dir='ltr'>χάρτου,</span> <span class='ocrx_word' id='word_1_139' title='bbox 872 1737 931 1788; x_wconf 86' lang='grc' dir='ltr'><strong>ἐν</strong></span> <span class='ocrx_word' id='word_1_140' title='bbox 960 1727 1005 1803; x_wconf 84' lang='grc' dir='ltr'><strong>ᾧ</strong></span> <span class='ocrx_word' id='word_1_141' title='bbox 1038 1731 1107 1805; x_wconf 83' lang='grc' dir='ltr'>ἦν</span> <span class='ocrx_word' id='word_1_142' title='bbox 1134 1733 1499 1805; x_wconf 80' lang='grc' dir='ltr'><strong>γεγραμμένα</strong></span> <span class='ocrx_word' id='word_1_143' title='bbox 1520 1733 1590 1787; x_wconf 78' lang='grc' dir='ltr'>τὰ</span> <span class='ocrx_word' id='word_1_144' title='bbox 1617 1733 1808 1788; x_wconf 89' lang='grc' dir='ltr'>τούτου</span> <span class='ocrx_word' id='word_1_145' title='bbox 1828 1736 1997 1789; x_wconf 76' lang='grc' dir='ltr'>αἴτια.</span> 
     </span>
    </p>
   </div>
   <div class='ocr_carea' id='block_1_19' title="bbox 412 1826 2001 1898">
    <p class='ocr_par' dir='ltr' id='par_1_19' title="bbox 412 1826 2001 1898">
     <span class='ocr_line' id='line_1_19' title="bbox 412 1826 2001 1898; baseline -0.003 -13"><span class='ocrx_word' id='word_1_146' title='bbox 412 1830 625 1890; x_wconf 78' lang='grc' dir='ltr'><strong>Παντὸς</strong></span> <span class='ocrx_word' id='word_1_147' title='bbox 661 1828 719 1883; x_wconf 72' lang='grc' dir='ltr'>δὲ</span> <span class='ocrx_word' id='word_1_148' title='bbox 744 1829 842 1882; x_wconf 82' lang='grc' dir='ltr'>τοῦ</span> <span class='ocrx_word' id='word_1_149' title='bbox 871 1826 1001 1881; x_wconf 87' lang='grc' dir='ltr'>λαοῦ</span> <span class='ocrx_word' id='word_1_150' title='bbox 1042 1828 1140 1896; x_wconf 80' lang='grc' dir='ltr'>τῆς</span> <span class='ocrx_word' id='word_1_151' title='bbox 1170 1827 1376 1889; x_wconf 81' lang='grc' dir='ltr'>πόλεως</span> <span class='ocrx_word' id='word_1_152' title='bbox 1407 1827 1472 1881; x_wconf 85' lang='grc' dir='ltr'><strong>ἐκ</strong></span> <span class='ocrx_word' id='word_1_153' title='bbox 1498 1827 1764 1898; x_wconf 85' lang='grc' dir='ltr'>διαταγῆς</span> <span class='ocrx_word' id='word_1_154' title='bbox 1793 1827 2001 1898; x_wconf 82' lang='grc' dir='ltr'>βασιλι-</span> 
     </span>
    </p>
   </div>
   <div class='ocr_carea' id='block_1_20' title="bbox 414 1920 1999 1995">
    <p class='ocr_par' dir='ltr' id='par_1_20' title="bbox 414 1920 1999 1995">
     <span class='ocr_line' id='line_1_20' title="bbox 414 1920 1999 1995; baseline -0.003 -16"><span class='ocrx_word' id='word_1_155' title='bbox 414 1926 522 1995; x_wconf 81' lang='grc' dir='ltr'><strong>κῆς</strong></span> <span class='ocrx_word' id='word_1_156' title='bbox 554 1925 736 1978; x_wconf 82' lang='grc' dir='ltr'>ἐκεῖσε</span> <span class='ocrx_word' id='word_1_157' title='bbox 790 1921 1176 1993; x_wconf 83' lang='grc' dir='ltr'>ἀθροισθέντος</span> <span class='ocrx_word' id='word_1_158' title='bbox 1212 1922 1303 1975; x_wconf 70' lang='grc' dir='ltr'>καὶ</span> <span class='ocrx_word' id='word_1_159' title='bbox 1346 1920 1603 1991; x_wconf 86' lang='grc' dir='ltr'><strong>ὁρῶντος,</strong></span> <span class='ocrx_word' id='word_1_160' title='bbox 1655 1922 1999 1991; x_wconf 85' lang='grc' dir='ltr'>ύπανεγινώ-</span> 
     </span>
    </p>
   </div>
   <div class='ocr_carea' id='block_1_21' title="bbox 414 2017 1999 2089">
    <p class='ocr_par' dir='ltr' id='par_1_21' title="bbox 414 2017 1999 2089">
     <span class='ocr_line' id='line_1_21' title="bbox 414 2017 1999 2089; baseline 0 -17"><span class='ocrx_word' id='word_1_161' title='bbox 414 2034 577 2072; x_wconf 80' lang='grc' dir='ltr'>σκετο</span> <span class='ocrx_word' id='word_1_162' title='bbox 608 2017 638 2069; x_wconf 83' lang='grc' dir='ltr'><strong>ό</strong></span> <span class='ocrx_word' id='word_1_163' title='bbox 686 2017 896 2088; x_wconf 77' lang='grc' dir='ltr'>χάρτης</span> <span class='ocrx_word' id='word_1_164' title='bbox 926 2020 1006 2081; x_wconf 84' lang='grc' dir='ltr'><strong>είς</strong></span> <span class='ocrx_word' id='word_1_165' title='bbox 1048 2020 1288 2089; x_wconf 78' lang='grc' dir='ltr'>ἐπήκοον</span> <span class='ocrx_word' id='word_1_166' title='bbox 1327 2018 1535 2083; x_wconf 78' lang='grc' dir='ltr'>παντὸς</span> <span class='ocrx_word' id='word_1_167' title='bbox 1571 2018 1667 2072; x_wconf 83' lang='grc' dir='ltr'>τοῦ</span> <span class='ocrx_word' id='word_1_168' title='bbox 1698 2019 1852 2074; x_wconf 73' lang='grc' dir='ltr'>λαοῦ.</span> <span class='ocrx_word' id='word_1_169' title='bbox 1889 2021 1999 2073; x_wconf 74' lang='grc' dir='ltr'>Καὶ</span> 
     </span>
    </p>
   </div>
   <div class='ocr_carea' id='block_1_22' title="bbox 412 2107 1997 2180">
    <p class='ocr_par' dir='ltr' id='par_1_22' title="bbox 412 2107 1997 2180">
     <span class='ocr_line' id='line_1_22' title="bbox 412 2107 1997 2180; baseline 0.001 -19"><span class='ocrx_word' id='word_1_170' title='bbox 412 2108 537 2163; x_wconf 72' lang='grc' dir='ltr'>καθ’</span> <span class='ocrx_word' id='word_1_171' title='bbox 563 2107 796 2162; x_wconf 75' lang='grc' dir='ltr'>ἕκαστον</span> <span class='ocrx_word' id='word_1_172' title='bbox 820 2109 863 2142; x_wconf 80' lang='grc'><strong>⁸⁷</strong></span> <span class='ocrx_word' id='word_1_173' title='bbox 897 2109 1194 2177; x_wconf 84' lang='grc' dir='ltr'>κεφάλαιον</span> <span class='ocrx_word' id='word_1_174' title='bbox 1228 2109 1419 2163; x_wconf 75' lang='grc' dir='ltr'>ἔπαιεν</span> <span class='ocrx_word' id='word_1_175' title='bbox 1462 2110 1507 2143; x_wconf 77' lang='grc'><strong>⁸⁸</strong></span> <span class='ocrx_word' id='word_1_176' title='bbox 1536 2109 1704 2164; x_wconf 81' lang='grc' dir='ltr'>αὐτοῦ</span> <span class='ocrx_word' id='word_1_177' title='bbox 1734 2110 1795 2163; x_wconf 85' lang='grc' dir='ltr'>τὸ</span> <span class='ocrx_word' id='word_1_178' title='bbox 1822 2109 1997 2180; x_wconf 86' lang='grc' dir='ltr'>πρόσ-</span> 
     </span>
    </p>
   </div>
   <div class='ocr_carea' id='block_1_23' title="bbox 418 2200 1997 2274">
    <p class='ocr_par' dir='ltr' id='par_1_23' title="bbox 418 2200 1997 2274">
     <span class='ocr_line' id='line_1_23' title="bbox 418 2200 1997 2274; baseline 0 -20"><span class='ocrx_word' id='word_1_179' title='bbox 418 2216 570 2254; x_wconf 79' lang='grc' dir='ltr'>ωπον</span> <span class='ocrx_word' id='word_1_180' title='bbox 616 2200 645 2253; x_wconf 80' lang='grc' dir='ltr'><strong>ό</strong></span> <span class='ocrx_word' id='word_1_181' title='bbox 667 2201 997 2271; x_wconf 74' lang='grc' dir='ltr'>ἀστικρῆτις,</span> <span class='ocrx_word' id='word_1_182' title='bbox 1029 2201 1125 2255; x_wconf 82' lang='grc' dir='ltr'><strong>τοῦ</strong></span> <span class='ocrx_word' id='word_1_183' title='bbox 1161 2202 1503 2274; x_wconf 81' lang='grc' dir='ltr'>πατριάρχου</span> <span class='ocrx_word' id='word_1_184' title='bbox 1532 2201 1774 2273; x_wconf 82' lang='grc' dir='ltr'>Νικήτου</span> <span class='ocrx_word' id='word_1_185' title='bbox 1815 2203 1874 2256; x_wconf 86' lang='grc' dir='ltr'><strong>ἐν</strong></span> <span class='ocrx_word' id='word_1_186' title='bbox 1920 2200 1997 2271; x_wconf 84' lang='grc' dir='ltr'><strong>τῷ</strong></span> 
     </span>
    </p>
   </div>
   <div class='ocr_carea' id='block_1_24' title="bbox 426 2265 2073 2364">
    <p class='ocr_par' dir='ltr' id='par_1_24' title="bbox 426 2265 2073 2364">
     <span class='ocr_line' id='line_1_24' title="bbox 426 2265 2073 2364; baseline 0.003 -23"><span class='ocrx_word' id='word_1_187' title='bbox 426 2288 696 2359; x_wconf 83' lang='grc' dir='ltr'>συνθρόνῳ</span> <span class='ocrx_word' id='word_1_188' title='bbox 933 2265 1308 2362; x_wconf 76' lang='grc' dir='ltr'>καθεζομένου</span> <span class='ocrx_word' id='word_1_189' title='bbox 1374 2265 1470 2346; x_wconf 47' lang='grc' dir='ltr'>διαὶ</span> <span class='ocrx_word' id='word_1_190' title='bbox 1527 2265 1868 2364; x_wconf 78' lang='grc' dir='ltr'>θεωροῦντος</span> <span class='ocrx_word' id='word_1_191' title='bbox 1927 2265 1993 2347; x_wconf 39' lang='grc' dir='ltr'><strong>’ᾖ</strong></span> <span class='ocrx_word' id='word_1_192' title='bbox 2026 2265 2073 2323; x_wconf 79' lang='grc' dir='ltr'><strong>Β</strong></span> 
     </span>
    </p>
   </div>
   <div class='ocr_carea' id='block_1_25' title="bbox 423 2381 1996 2456">
    <p class='ocr_par' dir='ltr' id='par_1_25' title="bbox 423 2381 1996 2456">
     <span class='ocr_line' id='line_1_25' title="bbox 423 2381 1996 2456; baseline 0.001 -21"><span class='ocrx_word' id='word_1_193' title='bbox 423 2381 572 2435; x_wconf 80' lang='grc' dir='ltr'>Μετὰ</span> <span class='ocrx_word' id='word_1_194' title='bbox 595 2381 653 2436; x_wconf 68' lang='grc' dir='ltr'>δὲ</span> <span class='ocrx_word' id='word_1_195' title='bbox 668 2381 827 2437; x_wconf 84' lang='grc' dir='ltr'>τοῦτο</span> <span class='ocrx_word' id='word_1_196' title='bbox 849 2382 1287 2449; x_wconf 82' lang='grc' dir='ltr'>ἀναϐιϐάσαντες</span> <span class='ocrx_word' id='word_1_197' title='bbox 1310 2384 1476 2438; x_wconf 74' lang='grc' dir='ltr'>αὐτὸν</span> <span class='ocrx_word' id='word_1_198' title='bbox 1508 2385 1555 2417; x_wconf 85' lang='grc'><strong>⁷⁸</strong></span> <span class='ocrx_word' id='word_1_199' title='bbox 1585 2385 1646 2439; x_wconf 82' lang='grc' dir='ltr'><strong>ἐν</strong></span> <span class='ocrx_word' id='word_1_200' title='bbox 1673 2383 1753 2456; x_wconf 82' lang='grc' dir='ltr'>τῷ</span> <span class='ocrx_word' id='word_1_201' title='bbox 1779 2384 1996 2455; x_wconf 79' lang='grc' dir='ltr'>ἄμϐωνι</span> 
     </span>
    </p>
   </div>
   <div class='ocr_carea' id='block_1_26' title="bbox 408 2474 1995 2547">
    <p class='ocr_par' dir='ltr' id='par_1_26' title="bbox 408 2474 1995 2547">
     <span class='ocr_line' id='line_1_26' title="bbox 408 2474 1995 2547; baseline 0.001 -20"><span class='ocrx_word' id='word_1_202' title='bbox 408 2474 507 2527; x_wconf 78' lang='grc' dir='ltr'><strong>καὶ</strong></span> <span class='ocrx_word' id='word_1_203' title='bbox 554 2475 858 2545; x_wconf 83' lang='grc' dir='ltr'>στήσαντες</span> <span class='ocrx_word' id='word_1_204' title='bbox 886 2474 1098 2546; x_wconf 75' lang='grc' dir='ltr'>ὄρθιον,</span> <span class='ocrx_word' id='word_1_205' title='bbox 1131 2475 1327 2531; x_wconf 81' lang='grc' dir='ltr'>ἐλαϐεν</span> <span class='ocrx_word' id='word_1_206' title='bbox 1356 2476 1609 2545; x_wconf 79' lang='grc' dir='ltr'>Νικήτας</span> <span class='ocrx_word' id='word_1_207' title='bbox 1641 2477 1735 2530; x_wconf 82' lang='grc' dir='ltr'><strong>τὸν</strong></span> <span class='ocrx_word' id='word_1_208' title='bbox 1762 2477 1995 2547; x_wconf 81' lang='grc' dir='ltr'>χάρτην,</span> 
     </span>
    </p>
   </div>
   <div class='ocr_carea' id='block_1_27' title="bbox 406 2566 1998 2639">
    <p class='ocr_par' dir='ltr' id='par_1_27' title="bbox 406 2566 1998 2639">
     <span class='ocr_line' id='line_1_27' title="bbox 406 2566 1998 2639; baseline 0.001 -20"><span class='ocrx_word' id='word_1_209' title='bbox 406 2568 505 2620; x_wconf 77' lang='grc' dir='ltr'><strong>καὶ</strong></span> <span class='ocrx_word' id='word_1_210' title='bbox 544 2566 876 2630; x_wconf 75' lang='grc' dir='ltr'>ἀποστείλας</span> <span class='ocrx_word' id='word_1_211' title='bbox 925 2567 1283 2633; x_wconf 84' lang='grc' dir='ltr'>ἐπισκόπους,</span> <span class='ocrx_word' id='word_1_212' title='bbox 1326 2568 1422 2622; x_wconf 67' lang='grc' dir='ltr'>καὶ</span> <span class='ocrx_word' id='word_1_213' title='bbox 1461 2567 1645 2623; x_wconf 86' lang='grc' dir='ltr'>λαϐὼν</span> <span class='ocrx_word' id='word_1_214' title='bbox 1674 2568 1736 2621; x_wconf 85' lang='grc' dir='ltr'>τὺ</span> <span class='ocrx_word' id='word_1_215' title='bbox 1777 2568 1998 2639; x_wconf 69' lang='grc' dir='ltr'>ὠμοφά-</span> 
     </span>
    </p>
   </div>
   <div class='ocr_carea' id='block_1_28' title="bbox 411 2657 1997 2732">
    <p class='ocr_par' dir='ltr' id='par_1_28' title="bbox 411 2657 1997 2732">
     <span class='ocr_line' id='line_1_28' title="bbox 411 2657 1997 2732; baseline 0.003 -22"><span class='ocrx_word' id='word_1_216' title='bbox 411 2674 532 2728; x_wconf 87' lang='grc' dir='ltr'>ριον</span> <span class='ocrx_word' id='word_1_217' title='bbox 556 2657 633 2729; x_wconf 67' lang='grc'><strong>(1)</strong></span> <span class='ocrx_word' id='word_1_218' title='bbox 665 2657 833 2712; x_wconf 79' lang='grc' dir='ltr'>αὐτοῦ</span> <span class='ocrx_word' id='word_1_219' title='bbox 859 2658 1256 2730; x_wconf 79' lang='grc' dir='ltr'>ἀνεθεμάτισεν</span> <span class='ocrx_word' id='word_1_220' title='bbox 1279 2658 1464 2726; x_wconf 73' lang='grc' dir='ltr'>αὐτὸν,</span> <span class='ocrx_word' id='word_1_221' title='bbox 1490 2660 1589 2714; x_wconf 72' lang='grc' dir='ltr'><strong>καὶ</strong></span> <span class='ocrx_word' id='word_1_222' title='bbox 1616 2661 1997 2732; x_wconf 78' lang='grc' dir='ltr'>ἐπονομάσαν-</span> 
     </span>
    </p>
   </div>
   <div class='ocr_carea' id='block_1_29' title="bbox 401 2748 1995 2822">
    <p class='ocr_par' dir='ltr' id='par_1_29' title="bbox 401 2748 1995 2822">
     <span class='ocr_line' id='line_1_29' title="bbox 401 2748 1995 2822; baseline 0.003 -21"><span class='ocrx_word' id='word_1_223' title='bbox 401 2765 500 2811; x_wconf 80' lang='grc' dir='ltr'><strong>τες</strong></span> <span class='ocrx_word' id='word_1_224' title='bbox 545 2748 833 2819; x_wconf 75' lang='grc' dir='ltr'>Σκοτιόψιν</span> <span class='ocrx_word' id='word_1_225' title='bbox 874 2749 1117 2814; x_wconf 78' lang='grc' dir='ltr'>ἐξέωσαν</span> <span class='ocrx_word' id='word_1_226' title='bbox 1152 2750 1317 2805; x_wconf 79' lang='grc' dir='ltr'>αὑτὸν</span> <span class='ocrx_word' id='word_1_227' title='bbox 1354 2751 1739 2820; x_wconf 79' lang='grc' dir='ltr'>όπισθοφανῶς</span> <span class='ocrx_word' id='word_1_228' title='bbox 1771 2753 1872 2822; x_wconf 79' lang='grc' dir='ltr'>τῆς</span> <span class='ocrx_word' id='word_1_229' title='bbox 1907 2754 1995 2806; x_wconf 86' lang='grc' dir='ltr'><strong>ἐκ·</strong></span> 
     </span>
    </p>
   </div>
   <div class='ocr_carea' id='block_1_30' title="bbox 404 2840 1995 2916">
    <p class='ocr_par' dir='ltr' id='par_1_30' title="bbox 404 2840 1995 2916">
     <span class='ocr_line' id='line_1_30' title="bbox 404 2840 1995 2916; baseline 0.003 -24"><span class='ocrx_word' id='word_1_230' title='bbox 404 2840 668 2911; x_wconf 83' lang='grc' dir='ltr'>κλησίας.</span> <span class='ocrx_word' id='word_1_231' title='bbox 696 2843 776 2913; x_wconf 76' lang='grc' dir='ltr'><strong>Τῇ</strong></span> <span class='ocrx_word' id='word_1_232' title='bbox 800 2843 857 2895; x_wconf 75' lang='grc' dir='ltr'>δὲ</span> <span class='ocrx_word' id='word_1_233' title='bbox 885 2842 1015 2911; x_wconf 76' lang='grc' dir='ltr'>ἑξῆς</span> <span class='ocrx_word' id='word_1_234' title='bbox 1041 2842 1229 2915; x_wconf 72' lang='grc' dir='ltr'>ἡμέρᾳ</span> <span class='ocrx_word' id='word_1_235' title='bbox 1259 2843 1625 2915; x_wconf 70' lang='grc' dir='ltr'>ἱπποδρομίας</span> <span class='ocrx_word' id='word_1_236' title='bbox 1664 2843 1835 2916; x_wconf 75' lang='grc' dir='ltr'>οὔσης</span> <span class='ocrx_word' id='word_1_237' title='bbox 1876 2844 1995 2913; x_wconf 80' lang='grc' dir='ltr'>ἐψί-</span> 
     </span>
    </p>
   </div>
   <div class='ocr_carea' id='block_1_31' title="bbox 406 2931 1997 3007">
    <p class='ocr_par' dir='ltr' id='par_1_31' title="bbox 406 2931 1997 3007">
     <span class='ocr_line' id='line_1_31' title="bbox 406 2931 1997 3007; baseline 0.004 -23"><span class='ocrx_word' id='word_1_238' title='bbox 406 2931 597 2986; x_wconf 81' lang='grc' dir='ltr'>λωσαν</span> <span class='ocrx_word' id='word_1_239' title='bbox 646 2931 815 2987; x_wconf 75' lang='grc' dir='ltr'>αὐτοῦ</span> <span class='ocrx_word' id='word_1_240' title='bbox 842 2933 940 3004; x_wconf 85' lang='grc' dir='ltr'>τὴν</span> <span class='ocrx_word' id='word_1_241' title='bbox 987 2933 1135 3004; x_wconf 74' lang='grc' dir='ltr'>ὄψιν,</span> <span class='ocrx_word' id='word_1_242' title='bbox 1185 2935 1281 2988; x_wconf 78' lang='grc' dir='ltr'><strong>καὶ</strong></span> <span class='ocrx_word' id='word_1_243' title='bbox 1318 2934 1648 3006; x_wconf 87' lang='grc' dir='ltr'>ἐγύμνωσαν</span> <span class='ocrx_word' id='word_1_244' title='bbox 1700 2936 1868 2989; x_wconf 84' lang='grc' dir='ltr'>αὐτοῦ</span> <span class='ocrx_word' id='word_1_245' title='bbox 1896 2937 1997 3007; x_wconf 83' lang='grc' dir='ltr'>τὴν</span> 
     </span>
    </p>
   </div>
   <div class='ocr_carea' id='block_1_32' title="bbox 402 3026 1993 3101">
    <p class='ocr_par' dir='ltr' id='par_1_32' title="bbox 402 3026 1993 3101">
     <span class='ocr_line' id='line_1_32' title="bbox 402 3026 1993 3101; baseline 0.003 -22"><span class='ocrx_word' id='word_1_246' title='bbox 402 3026 661 3095; x_wconf 71' lang='grc' dir='ltr'>γενειάδα</span> <span class='ocrx_word' id='word_1_247' title='bbox 674 3026 774 3083; x_wconf 73' lang='grc' dir='ltr'><strong>καὶ</strong></span> <span class='ocrx_word' id='word_1_248' title='bbox 797 3026 895 3090; x_wconf 82' lang='grc' dir='ltr'>τὰς</span> <span class='ocrx_word' id='word_1_249' title='bbox 913 3026 1014 3096; x_wconf 85' lang='grc' dir='ltr'>τῆς</span> <span class='ocrx_word' id='word_1_250' title='bbox 1036 3027 1277 3098; x_wconf 79' lang='grc' dir='ltr'>κεφαλῆς</span> <span class='ocrx_word' id='word_1_251' title='bbox 1297 3028 1489 3099; x_wconf 81' lang='grc' dir='ltr'>τρίχας</span> <span class='ocrx_word' id='word_1_252' title='bbox 1504 3029 1599 3083; x_wconf 74' lang='grc' dir='ltr'><strong>καὶ</strong></span> <span class='ocrx_word' id='word_1_253' title='bbox 1620 3028 1731 3082; x_wconf 85' lang='grc' dir='ltr'><strong>τῶν</strong></span> <span class='ocrx_word' id='word_1_254' title='bbox 1752 3029 1993 3101; x_wconf 80' lang='grc' dir='ltr'>ὀφρύων.</span> 
     </span>
    </p>
   </div>
   <div class='ocr_carea' id='block_1_33' title="bbox 405 3118 1998 3192">
    <p class='ocr_par' dir='ltr' id='par_1_33' title="bbox 405 3118 1998 3192">
     <span class='ocr_line' id='line_1_33' title="bbox 405 3118 1998 3192; baseline 0.001 -21"><span class='ocrx_word' id='word_1_255' title='bbox 405 3119 522 3171; x_wconf 79' lang='grc' dir='ltr'><strong>Καὶ</strong></span> <span class='ocrx_word' id='word_1_256' title='bbox 567 3118 890 3181; x_wconf 82' lang='grc' dir='ltr'>ἐνδύσαντες</span> <span class='ocrx_word' id='word_1_257' title='bbox 920 3119 1086 3173; x_wconf 77' lang='grc' dir='ltr'>αὐτὸν</span> <span class='ocrx_word' id='word_1_258' title='bbox 1115 3120 1342 3192; x_wconf 77' lang='grc' dir='ltr'>σηρικὸν</span> <span class='ocrx_word' id='word_1_259' title='bbox 1372 3120 1469 3176; x_wconf 75' lang='grc' dir='ltr'><strong>καὶ</strong></span> <span class='ocrx_word' id='word_1_260' title='bbox 1497 3121 1845 3192; x_wconf 81' lang='grc' dir='ltr'>ἀμανίκωτον</span> <span class='ocrx_word' id='word_1_261' title='bbox 1873 3137 1998 3175; x_wconf 86' lang='grc' dir='ltr'>κον-</span> 
     </span>
    </p>
   </div>
   <div class='ocr_carea' id='block_1_34' title="bbox 403 3209 1994 3285">
    <p class='ocr_par' dir='ltr' id='par_1_34' title="bbox 403 3209 1994 3285">
     <span class='ocr_line' id='line_1_34' title="bbox 403 3209 1994 3285; baseline 0 -20"><span class='ocrx_word' id='word_1_262' title='bbox 403 3209 501 3265; x_wconf 76' lang='grc' dir='ltr'>τὸν</span> <span class='ocrx_word' id='word_1_263' title='bbox 527 3211 573 3243; x_wconf 72' lang='grc' dir='ltr'>’ί</span> <span class='ocrx_word' id='word_1_264' title='bbox 605 3210 681 3281; x_wconf 72' lang='grc'><strong>(2)</strong></span> <span class='ocrx_word' id='word_1_265' title='bbox 729 3211 996 3267; x_wconf 81' lang='grc' dir='ltr'>ἐκάθισαν</span> <span class='ocrx_word' id='word_1_266' title='bbox 1026 3212 1191 3267; x_wconf 77' lang='grc' dir='ltr'>αὐτὸν</span> <span class='ocrx_word' id='word_1_267' title='bbox 1250 3213 1345 3267; x_wconf 72' lang='grc' dir='ltr'><strong>ἐπὶ</strong></span> <span class='ocrx_word' id='word_1_268' title='bbox 1388 3213 1510 3269; x_wconf 81' lang='grc' dir='ltr'>ὄνου</span> <span class='ocrx_word' id='word_1_269' title='bbox 1560 3214 1994 3285; x_wconf 81' lang='grc' dir='ltr'>σαγματωμένου</span> 
     </span>
    </p>
   </div>
   <div class='ocr_carea' id='block_1_35' title="bbox 407 3302 1996 3377">
    <p class='ocr_par' dir='ltr' id='par_1_35' title="bbox 407 3302 1996 3377">
     <span class='ocr_line' id='line_1_35' title="bbox 407 3302 1996 3377; baseline 0.003 -22"><span class='ocrx_word' id='word_1_270' title='bbox 407 3302 794 3376; x_wconf 75' lang='grc' dir='ltr'>ἐξανάστροφα</span> <span class='ocrx_word' id='word_1_271' title='bbox 858 3304 1170 3375; x_wconf 82' lang='grc' dir='ltr'>κρατοῦντα</span> <span class='ocrx_word' id='word_1_272' title='bbox 1238 3303 1340 3377; x_wconf 80' lang='grc' dir='ltr'>τὴν</span> <span class='ocrx_word' id='word_1_273' title='bbox 1398 3305 1571 3374; x_wconf 76' lang='grc' dir='ltr'>οὐρὰν</span> <span class='ocrx_word' id='word_1_274' title='bbox 1633 3304 1823 3360; x_wconf 80' lang='grc' dir='ltr'>αὑτοῦ.</span> <span class='ocrx_word' id='word_1_275' title='bbox 1885 3308 1996 3359; x_wconf 74' lang='grc' dir='ltr'>Καὶ</span> 
     </span>
    </p>
   </div>
   <div class='ocr_carea' id='block_1_36' title="bbox 409 3396 1993 3471">
    <p class='ocr_par' dir='ltr' id='par_1_36' title="bbox 409 3396 1993 3471">
     <span class='ocr_line' id='line_1_36' title="bbox 409 3396 1993 3471; baseline 0.001 -20"><span class='ocrx_word' id='word_1_276' title='bbox 409 3396 716 3467; x_wconf 73' lang='grc' dir='ltr'>ἐξήνεγκαν</span> <span class='ocrx_word' id='word_1_277' title='bbox 784 3397 873 3451; x_wconf 69' lang='grc' dir='ltr'>διὰ</span> <span class='ocrx_word' id='word_1_278' title='bbox 899 3398 995 3451; x_wconf 80' lang='grc' dir='ltr'>τοῦ</span> <span class='ocrx_word' id='word_1_279' title='bbox 1037 3398 1289 3453; x_wconf 83' lang='grc' dir='ltr'>διιππίου</span> <span class='ocrx_word' id='word_1_280' title='bbox 1321 3400 1369 3433; x_wconf 82' lang='grc'><strong>⁷¹</strong></span> <span class='ocrx_word' id='word_1_281' title='bbox 1397 3402 1478 3461; x_wconf 81' lang='grc' dir='ltr'><strong>είς</strong></span> <span class='ocrx_word' id='word_1_282' title='bbox 1505 3398 1569 3453; x_wconf 81' lang='grc' dir='ltr'><strong>τὸ</strong></span> <span class='ocrx_word' id='word_1_283' title='bbox 1614 3400 1993 3471; x_wconf 74' lang='grc' dir='ltr'>ἱπποδρόμιον,</span> 
     </span>
    </p>
   </div>
   <div class='ocr_carea' id='block_1_37' title="bbox 407 3488 1996 3560">
    <p class='ocr_par' dir='ltr' id='par_1_37' title="bbox 407 3488 1996 3560">
     <span class='ocr_line' id='line_1_37' title="bbox 407 3488 1996 3560; baseline 0.001 -17"><span class='ocrx_word' id='word_1_284' title='bbox 407 3489 506 3544; x_wconf 81' lang='grc' dir='ltr'>τοῦ</span> <span class='ocrx_word' id='word_1_285' title='bbox 533 3490 669 3544; x_wconf 80' lang='grc' dir='ltr'>λαοῦ</span> <span class='ocrx_word' id='word_1_286' title='bbox 702 3490 905 3553; x_wconf 81' lang='grc' dir='ltr'>παντὸς</span> <span class='ocrx_word' id='word_1_287' title='bbox 934 3489 1031 3542; x_wconf 72' lang='grc' dir='ltr'><strong>καὶ</strong></span> <span class='ocrx_word' id='word_1_288' title='bbox 1056 3488 1153 3544; x_wconf 81' lang='grc' dir='ltr'>τοῦ</span> <span class='ocrx_word' id='word_1_289' title='bbox 1204 3491 1383 3560; x_wconf 81' lang='grc' dir='ltr'>δήμου</span> <span class='ocrx_word' id='word_1_290' title='bbox 1409 3490 1856 3554; x_wconf 80' lang='grc' dir='ltr'>ἀνασκάπτοντος</span> <span class='ocrx_word' id='word_1_291' title='bbox 1899 3493 1996 3545; x_wconf 78' lang='grc' dir='ltr'>καὶ</span> 
     </span>
    </p>
   </div>
   <div class='ocr_carea' id='block_1_38' title="bbox 2125 1015 2259 1052">
    <p class='ocr_par' dir='ltr' id='par_1_38' title="bbox 2125 1015 2259 1052">
     <span class='ocr_line' id='line_1_38' title="bbox 2125 1015 2259 1052; baseline 0.007 -1"><span class='ocrx_word' id='word_1_292' title='bbox 2125 1015 2259 1052; x_wconf 64' lang='lat' dir='ltr'><strong>stus.</strong></span> 
     </span>
    </p>
   </div>
   <div class='ocr_carea' id='block_1_39' title="bbox 2174 1088 3697 1158">
    <p class='ocr_par' dir='ltr' id='par_1_39' title="bbox 2174 1088 3697 1158">
     <span class='ocr_line' id='line_1_39' title="bbox 2174 1088 3697 1158; baseline 0.005 -15"><span class='ocrx_word' id='word_1_293' title='bbox 2174 1088 2289 1145; x_wconf 80' lang='lat' dir='ltr'><strong>Hoc</strong></span> <span class='ocrx_word' id='word_1_294' title='bbox 2320 1105 2465 1145; x_wconf 90' lang='lat' dir='ltr'><strong>anno</strong></span> <span class='ocrx_word' id='word_1_295' title='bbox 2502 1092 2708 1147; x_wconf 86' lang='lat' dir='ltr'><strong>mensis</strong></span> <span class='ocrx_word' id='word_1_296' title='bbox 2742 1092 2995 1149; x_wconf 86' lang='lat' dir='ltr'><strong>Octobris</strong></span> <span class='ocrx_word' id='word_1_297' title='bbox 3028 1094 3119 1149; x_wconf 86' lang='lat' dir='ltr'><strong>die</strong></span> <span class='ocrx_word' id='word_1_298' title='bbox 3165 1104 3341 1158; x_wconf 80' lang='lat' dir='ltr'><strong>sexto,</strong></span> <span class='ocrx_word' id='word_1_299' title='bbox 3388 1096 3697 1151; x_wconf 77' lang='lat' dir='ltr'><strong>indictione</strong></span> 
     </span>
    </p>
   </div>
   <div class='ocr_carea' id='block_1_40' title="bbox 2101 1184 3697 1257">
    <p class='ocr_par' dir='ltr' id='par_1_40' title="bbox 2101 1184 3697 1257">
     <span class='ocr_line' id='line_1_40' title="bbox 2101 1184 3697 1257; baseline 0.006 -21"><span class='ocrx_word' id='word_1_300' title='bbox 2101 1192 2277 1247; x_wconf 76' lang='lat' dir='ltr'><strong>sexta,</strong></span> <span class='ocrx_word' id='word_1_301' title='bbox 2328 1184 2730 1247; x_wconf 77' lang='lat' dir='ltr'><strong>Constantinus</strong></span> <span class='ocrx_word' id='word_1_302' title='bbox 2785 1184 2904 1239; x_wconf 83' lang='lat' dir='ltr'><strong>falsi</strong></span> <span class='ocrx_word' id='word_1_303' title='bbox 2963 1188 3203 1242; x_wconf 83' lang='lat' dir='ltr'><strong>nominis</strong></span> <span class='ocrx_word' id='word_1_304' title='bbox 3257 1190 3572 1257; x_wconf 74' lang='lat' dir='ltr'><strong>patriarcha</strong></span> <span class='ocrx_word' id='word_1_305' title='bbox 3629 1208 3697 1245; x_wconf 71' lang='lat' dir='ltr'><strong>ex</strong></span> 
     </span>
    </p>
   </div>
   <div class='ocr_carea' id='block_1_41' title="bbox 2104 1275 3698 1345">
    <p class='ocr_par' dir='ltr' id='par_1_41' title="bbox 2104 1275 3698 1345">
     <span class='ocr_line' id='line_1_41' title="bbox 2104 1275 3698 1345; baseline 0.006 -17"><span class='ocrx_word' id='word_1_306' title='bbox 2104 1275 2281 1330; x_wconf 88' lang='lat' dir='ltr'><strong>insula</strong></span> <span class='ocrx_word' id='word_1_307' title='bbox 2324 1276 2593 1345; x_wconf 85' lang='lat' dir='ltr'><strong>Principis</strong></span> <span class='ocrx_word' id='word_1_308' title='bbox 2664 1278 2721 1330; x_wconf 91' lang='lat' dir='ltr'><strong>in</strong></span> <span class='ocrx_word' id='word_1_309' title='bbox 2785 1278 2977 1331; x_wconf 78' lang='lat' dir='ltr'><strong>urbem</strong></span> <span class='ocrx_word' id='word_1_310' title='bbox 3011 1282 3241 1343; x_wconf 89' lang='lat' dir='ltr'><strong>accitus,</strong></span> <span class='ocrx_word' id='word_1_311' title='bbox 3277 1290 3355 1333; x_wconf 92' lang='lat' dir='ltr'><strong>tot</strong></span> <span class='ocrx_word' id='word_1_312' title='bbox 3404 1284 3630 1337; x_wconf 86' lang='lat' dir='ltr'><strong>verbera</strong></span> <span class='ocrx_word' id='word_1_313' title='bbox 3670 1302 3698 1338; x_wconf 92' lang='lat' dir='ltr'><strong>a</strong></span> 
     </span>
    </p>
   </div>
   <div class='ocr_carea' id='block_1_42' title="bbox 2105 1362 3704 1446">
    <p class='ocr_par' dir='ltr' id='par_1_42' title="bbox 2105 1362 3704 1446">
     <span class='ocr_line' id='line_1_42' title="bbox 2105 1362 3704 1446; baseline 0.007 -26"><span class='ocrx_word' id='word_1_314' title='bbox 2105 1379 2339 1439; x_wconf 82' lang='lat' dir='ltr'><strong>tyranno</strong></span> <span class='ocrx_word' id='word_1_315' title='bbox 2364 1368 2729 1423; x_wconf 84' lang='lat' dir='ltr'><strong>Constantino</strong></span> <span class='ocrx_word' id='word_1_316' title='bbox 2765 1370 2909 1433; x_wconf 87' lang='lat' dir='ltr'><strong>tulit,</strong></span> <span class='ocrx_word' id='word_1_317' title='bbox 2944 1379 3003 1425; x_wconf 89' lang='lat' dir='ltr'><strong>ut</strong></span> <span class='ocrx_word' id='word_1_318' title='bbox 3034 1371 3267 1441; x_wconf 84' lang='lat' dir='ltr'><strong>pedibus</strong></span> <span class='ocrx_word' id='word_1_319' title='bbox 3297 1375 3411 1429; x_wconf 83' lang='lat' dir='ltr'><strong>suis</strong></span> <span class='ocrx_word' id='word_1_320' title='bbox 3441 1362 3704 1446; x_wconf 77' lang='lat' dir='ltr'><strong>progredi</strong></span> 
     </span>
    </p>
   </div>
   <div class='ocr_carea' id='block_1_43' title="bbox 2107 1466 3705 1537">
    <p class='ocr_par' dir='ltr' id='par_1_43' title="bbox 2107 1466 3705 1537">
     <span class='ocr_line' id='line_1_43' title="bbox 2107 1466 3705 1537; baseline 0.002 -17"><span class='ocrx_word' id='word_1_321' title='bbox 2107 1481 2217 1520; x_wconf 89' lang='lat' dir='ltr'><strong>non</strong></span> <span class='ocrx_word' id='word_1_322' title='bbox 2271 1466 2499 1521; x_wconf 80' lang='lat' dir='ltr'><strong>valeret.</strong></span> <span class='ocrx_word' id='word_1_323' title='bbox 2537 1466 2674 1521; x_wconf 88' lang='lat' dir='ltr'><strong>Eum</strong></span> <span class='ocrx_word' id='word_1_324' title='bbox 2737 1468 2925 1537; x_wconf 88' lang='lat' dir='ltr'><strong>itaque</strong></span> <span class='ocrx_word' id='word_1_325' title='bbox 2982 1469 3175 1524; x_wconf 85' lang='lat' dir='ltr'><strong>lectica</strong></span> <span class='ocrx_word' id='word_1_326' title='bbox 3233 1469 3441 1535; x_wconf 78' lang='lat' dir='ltr'><strong>efferri,</strong></span> <span class='ocrx_word' id='word_1_327' title='bbox 3474 1478 3528 1524; x_wconf 92' lang='lat' dir='ltr'><strong>et</strong></span> <span class='ocrx_word' id='word_1_328' title='bbox 3579 1487 3609 1523; x_wconf 91' lang='lat' dir='ltr'><strong>a</strong></span> <span class='ocrx_word' id='word_1_329' title='bbox 3646 1486 3705 1523; x_wconf 89' lang='lat' dir='ltr'><strong>se</strong></span> 
     </span>
    </p>
   </div>
   <div class='ocr_carea' id='block_1_44' title="bbox 2102 1557 3708 1630">
    <p class='ocr_par' dir='ltr' id='par_1_44' title="bbox 2102 1557 3708 1630">
     <span class='ocr_line' id='line_1_44' title="bbox 2102 1557 3708 1630; baseline 0.004 -21"><span class='ocrx_word' id='word_1_330' title='bbox 2102 1557 2407 1626; x_wconf 80' lang='lat' dir='ltr'><strong>digressum</strong></span> <span class='ocrx_word' id='word_1_331' title='bbox 2439 1558 2492 1612; x_wconf 88' lang='lat' dir='ltr'><strong>in</strong></span> <span class='ocrx_word' id='word_1_332' title='bbox 2530 1558 2778 1613; x_wconf 66' lang='lat' dir='ltr'><strong>ecclesiae</strong></span> <span class='ocrx_word' id='word_1_333' title='bbox 2797 1558 3007 1630; x_wconf 74' lang='lat' dir='ltr'><strong>Magna:</strong></span> <span class='ocrx_word' id='word_1_334' title='bbox 3036 1561 3185 1615; x_wconf 89' lang='lat' dir='ltr'><strong>solea</strong></span> <span class='ocrx_word' id='word_1_335' title='bbox 3218 1561 3505 1617; x_wconf 89' lang='lat' dir='ltr'><strong>considere</strong></span> <span class='ocrx_word' id='word_1_336' title='bbox 3514 1561 3708 1630; x_wconf 89' lang='lat' dir='ltr'><strong>jussit.</strong></span> 
     </span>
    </p>
   </div>
   <div class='ocr_carea' id='block_1_45' title="bbox 2103 1649 3704 1720">
    <p class='ocr_par' dir='ltr' id='par_1_45' title="bbox 2103 1649 3704 1720">
     <span class='ocr_line' id='line_1_45' title="bbox 2103 1649 3704 1720; baseline 0.002 -19"><span class='ocrx_word' id='word_1_337' title='bbox 2103 1649 2310 1704; x_wconf 83' lang='lat' dir='ltr'><strong>Aderat</strong></span> <span class='ocrx_word' id='word_1_338' title='bbox 2370 1664 2535 1719; x_wconf 89' lang='lat' dir='ltr'><strong>porro</strong></span> <span class='ocrx_word' id='word_1_339' title='bbox 2591 1666 2736 1704; x_wconf 91' lang='lat' dir='ltr'><strong>unus</strong></span> <span class='ocrx_word' id='word_1_340' title='bbox 2774 1651 3395 1720; x_wconf 76' lang='lat' dir='ltr'><strong>asecretislprzeferens</strong></span> <span class='ocrx_word' id='word_1_341' title='bbox 3434 1652 3704 1715; x_wconf 82' lang='lat' dir='ltr'><strong>libellum,</strong></span> 
     </span>
    </p>
   </div>
   <div class='ocr_carea' id='block_1_46' title="bbox 2102 1740 3704 1811">
    <p class='ocr_par' dir='ltr' id='par_1_46' title="bbox 2102 1740 3704 1811">
     <span class='ocr_line' id='line_1_46' title="bbox 2102 1740 3704 1811; baseline 0.002 -19"><span class='ocrx_word' id='word_1_342' title='bbox 2102 1754 2212 1807; x_wconf 81' lang='lat' dir='ltr'><strong>quo</strong></span> <span class='ocrx_word' id='word_1_343' title='bbox 2259 1741 2448 1794; x_wconf 86' lang='lat' dir='ltr'><strong>omnia</strong></span> <span class='ocrx_word' id='word_1_344' title='bbox 2502 1740 2923 1795; x_wconf 81' lang='lat' dir='ltr'><strong>accusationum</strong></span> <span class='ocrx_word' id='word_1_345' title='bbox 2979 1742 3159 1811; x_wconf 86' lang='lat' dir='ltr'><strong>capita</strong></span> <span class='ocrx_word' id='word_1_346' title='bbox 3201 1741 3478 1811; x_wconf 87' lang='lat' dir='ltr'><strong>descripta</strong></span> <span class='ocrx_word' id='word_1_347' title='bbox 3524 1750 3704 1796; x_wconf 70' lang='lat' dir='ltr'><strong>erant.</strong></span> 
     </span>
    </p>
   </div>
   <div class='ocr_carea' id='block_1_47' title="bbox 2104 1832 3698 1904">
    <p class='ocr_par' dir='ltr' id='par_1_47' title="bbox 2104 1832 3698 1904">
     <span class='ocr_line' id='line_1_47' title="bbox 2104 1832 3698 1904; baseline -0.002 -16"><span class='ocrx_word' id='word_1_348' title='bbox 2104 1832 2376 1888; x_wconf 86' lang='lat' dir='ltr'><strong>Uuiverso</strong></span> <span class='ocrx_word' id='word_1_349' title='bbox 2435 1842 2617 1888; x_wconf 88' lang='lat' dir='ltr'><strong>autem</strong></span> <span class='ocrx_word' id='word_1_350' title='bbox 2674 1833 2829 1889; x_wconf 86' lang='lat' dir='ltr'><strong>urbis</strong></span> <span class='ocrx_word' id='word_1_351' title='bbox 2876 1834 3078 1904; x_wconf 91' lang='lat' dir='ltr'><strong>popqu</strong></span> <span class='ocrx_word' id='word_1_352' title='bbox 3140 1835 3493 1903; x_wconf 82' lang='lat' dir='ltr'><strong>imperatoris</strong></span> <span class='ocrx_word' id='word_1_353' title='bbox 3540 1833 3698 1900; x_wconf 87' lang='lat' dir='ltr'><strong>jussu</strong></span> 
     </span>
    </p>
   </div>
   <div class='ocr_carea' id='block_1_48' title="bbox 2102 1922 3703 1991">
    <p class='ocr_par' dir='ltr' id='par_1_48' title="bbox 2102 1922 3703 1991">
     <span class='ocr_line' id='line_1_48' title="bbox 2102 1922 3703 1991; baseline 0.001 -16"><span class='ocrx_word' id='word_1_354' title='bbox 2102 1930 2431 1991; x_wconf 88' lang='lat' dir='ltr'><strong>congregato</strong></span> <span class='ocrx_word' id='word_1_355' title='bbox 2458 1931 2507 1977; x_wconf 87' lang='lat' dir='ltr'><strong>et</strong></span> <span class='ocrx_word' id='word_1_356' title='bbox 2540 1930 2842 1991; x_wconf 84' lang='lat' dir='ltr'><strong>spectante,</strong></span> <span class='ocrx_word' id='word_1_357' title='bbox 2879 1922 2936 1977; x_wconf 87' lang='lat' dir='ltr'><strong>in</strong></span> <span class='ocrx_word' id='word_1_358' title='bbox 2969 1923 3217 1977; x_wconf 82' lang='lat' dir='ltr'><strong>omnium</strong></span> <span class='ocrx_word' id='word_1_359' title='bbox 3252 1924 3440 1977; x_wconf 86' lang='lat' dir='ltr'><strong>auditu</strong></span> <span class='ocrx_word' id='word_1_360' title='bbox 3482 1923 3703 1976; x_wconf 82' lang='lat' dir='ltr'><strong>libellus</strong></span> 
     </span>
    </p>
   </div>
   <div class='ocr_carea' id='block_1_49' title="bbox 2102 2014 3698 2085">
    <p class='ocr_par' dir='ltr' id='par_1_49' title="bbox 2102 2014 3698 2085">
     <span class='ocr_line' id='line_1_49' title="bbox 2102 2014 3698 2085; baseline -0.001 -18"><span class='ocrx_word' id='word_1_361' title='bbox 2102 2014 2194 2067; x_wconf 87' lang='lat' dir='ltr'><strong>ille</strong></span> <span class='ocrx_word' id='word_1_362' title='bbox 2221 2014 2436 2084; x_wconf 80' lang='lat' dir='ltr'><strong>publice</strong></span> <span class='ocrx_word' id='word_1_363' title='bbox 2464 2015 2823 2081; x_wconf 86' lang='lat' dir='ltr'><strong>recitabatur,</strong></span> <span class='ocrx_word' id='word_1_364' title='bbox 2857 2024 2913 2069; x_wconf 93' lang='lat' dir='ltr'><strong>et</strong></span> <span class='ocrx_word' id='word_1_365' title='bbox 2941 2014 3010 2069; x_wconf 85' lang='lat' dir='ltr'><strong>ad</strong></span> <span class='ocrx_word' id='word_1_366' title='bbox 3039 2016 3250 2085; x_wconf 85' lang='lat' dir='ltr'><strong>singula</strong></span> <span class='ocrx_word' id='word_1_367' title='bbox 3281 2016 3459 2085; x_wconf 90' lang='lat' dir='ltr'><strong>capita</strong></span> <span class='ocrx_word' id='word_1_368' title='bbox 3506 2014 3698 2069; x_wconf 81' lang='lat' dir='ltr'><strong>faciem</strong></span> 
     </span>
    </p>
   </div>
   <div class='ocr_carea' id='block_1_50' title="bbox 2100 2107 3699 2179">
    <p class='ocr_par' dir='ltr' id='par_1_50' title="bbox 2100 2107 3699 2179">
     <span class='ocr_line' id='line_1_50' title="bbox 2100 2107 3699 2179; baseline -0.001 -17"><span class='ocrx_word' id='word_1_369' title='bbox 2100 2109 2221 2177; x_wconf 81' lang='lat' dir='ltr'><strong>ejus</strong></span> <span class='ocrx_word' id='word_1_370' title='bbox 2281 2107 2540 2163; x_wconf 87' lang='lat' dir='ltr'><strong>asecretis</strong></span> <span class='ocrx_word' id='word_1_371' title='bbox 2604 2108 2967 2177; x_wconf 84' lang='lat' dir='ltr'><strong>percutiebat,</strong></span> <span class='ocrx_word' id='word_1_372' title='bbox 3026 2108 3341 2179; x_wconf 87' lang='lat' dir='ltr'><strong>patriarcha</strong></span> <span class='ocrx_word' id='word_1_373' title='bbox 3392 2108 3581 2162; x_wconf 83' lang='lat' dir='ltr'><strong>Niceta</strong></span> <span class='ocrx_word' id='word_1_374' title='bbox 3642 2123 3699 2161; x_wconf 76' lang='grc' dir='ltr'>ιη</span> 
     </span>
    </p>
   </div>
   <div class='ocr_carea' id='block_1_51' title="bbox 2102 2201 3706 2271">
    <p class='ocr_par' dir='ltr' id='par_1_51' title="bbox 2102 2201 3706 2271">
     <span class='ocr_line' id='line_1_51' title="bbox 2102 2201 3706 2271; baseline -0.002 -15"><span class='ocrx_word' id='word_1_375' title='bbox 2102 2203 2284 2256; x_wconf 85' lang='lat' dir='ltr'><strong>throni</strong></span> <span class='ocrx_word' id='word_1_376' title='bbox 2317 2217 2581 2257; x_wconf 77' lang='lat' dir='ltr'><strong>consessu</strong></span> <span class='ocrx_word' id='word_1_377' title='bbox 2606 2202 2833 2257; x_wconf 86' lang='lat' dir='ltr'><strong>sedente</strong></span> <span class='ocrx_word' id='word_1_378' title='bbox 2870 2216 2935 2255; x_wconf 89' lang='lat' dir='ltr'><strong>ac</strong></span> <span class='ocrx_word' id='word_1_379' title='bbox 2964 2202 3149 2257; x_wconf 89' lang='lat' dir='ltr'><strong>omnia</strong></span> <span class='ocrx_word' id='word_1_380' title='bbox 3195 2201 3589 2271; x_wconf 70' lang='lat' dir='ltr'><strong>prospiciente.</strong></span> <span class='ocrx_word' id='word_1_381' title='bbox 3622 2201 3706 2254; x_wconf 84' lang='lat' dir='ltr'><strong>Eo</strong></span> 
     </span>
    </p>
   </div>
   <div class='ocr_carea' id='block_1_52' title="bbox 2101 2294 3702 2362">
    <p class='ocr_par' dir='ltr' id='par_1_52' title="bbox 2101 2294 3702 2362">
     <span class='ocr_line' id='line_1_52' title="bbox 2101 2294 3702 2362; baseline -0.004 -13"><span class='ocrx_word' id='word_1_382' title='bbox 2101 2296 2298 2350; x_wconf 82' lang='lat' dir='ltr'><strong>deinde</strong></span> <span class='ocrx_word' id='word_1_383' title='bbox 2324 2296 2378 2350; x_wconf 91' lang='lat' dir='ltr'><strong>in</strong></span> <span class='ocrx_word' id='word_1_384' title='bbox 2406 2295 2696 2350; x_wconf 89' lang='lat' dir='ltr'><strong>ambonem</strong></span> <span class='ocrx_word' id='word_1_385' title='bbox 2728 2302 2941 2360; x_wconf 89' lang='lat' dir='ltr'><strong>evecto,</strong></span> <span class='ocrx_word' id='word_1_386' title='bbox 2974 2303 3029 2349; x_wconf 85' lang='lat' dir='ltr'><strong>et</strong></span> <span class='ocrx_word' id='word_1_387' title='bbox 3078 2301 3230 2348; x_wconf 86' lang='lat' dir='ltr'><strong>recto</strong></span> <span class='ocrx_word' id='word_1_388' title='bbox 3261 2294 3315 2347; x_wconf 90' lang='lat' dir='ltr'><strong>in</strong></span> <span class='ocrx_word' id='word_1_389' title='bbox 3349 2294 3515 2362; x_wconf 89' lang='lat' dir='ltr'><strong>pedes</strong></span> <span class='ocrx_word' id='word_1_390' title='bbox 3570 2308 3702 2345; x_wconf 83' lang='lat' dir='ltr'><strong>cou-</strong></span> 
     </span>
    </p>
   </div>
   <div class='ocr_carea' id='block_1_53' title="bbox 2102 2386 3703 2455">
    <p class='ocr_par' dir='ltr' id='par_1_53' title="bbox 2102 2386 3703 2455">
     <span class='ocr_line' id='line_1_53' title="bbox 2102 2386 3703 2455; baseline -0.003 -11"><span class='ocrx_word' id='word_1_391' title='bbox 2102 2390 2319 2451; x_wconf 73' lang='lat' dir='ltr'><strong>srituto,</strong></span> <span class='ocrx_word' id='word_1_392' title='bbox 2355 2388 2595 2443; x_wconf 89' lang='lat' dir='ltr'><strong>libellum</strong></span> <span class='ocrx_word' id='word_1_393' title='bbox 2622 2388 2843 2453; x_wconf 89' lang='lat' dir='ltr'><strong>accepit</strong></span> <span class='ocrx_word' id='word_1_394' title='bbox 2877 2386 3119 2449; x_wconf 85' lang='lat' dir='ltr'><strong>Nicetas.</strong></span> <span class='ocrx_word' id='word_1_395' title='bbox 3154 2402 3279 2440; x_wconf 78' lang='lat' dir='ltr'><strong>mox</strong></span> <span class='ocrx_word' id='word_1_396' title='bbox 3328 2386 3587 2455; x_wconf 85' lang='lat' dir='ltr'><strong>episcopo</strong></span> <span class='ocrx_word' id='word_1_397' title='bbox 3632 2386 3703 2439; x_wconf 78' lang='lat' dir='ltr'><strong>ad</strong></span> 
     </span>
    </p>
   </div>
   <div class='ocr_carea' id='block_1_54' title="bbox 2100 2475 3699 2546">
    <p class='ocr_par' dir='ltr' id='par_1_54' title="bbox 2100 2475 3699 2546">
     <span class='ocr_line' id='line_1_54' title="bbox 2100 2475 3699 2546; baseline -0.008 -10"><span class='ocrx_word' id='word_1_398' title='bbox 2100 2497 2225 2536; x_wconf 86' lang='lat' dir='ltr'><strong>eum</strong></span> <span class='ocrx_word' id='word_1_399' title='bbox 2263 2480 2473 2545; x_wconf 88' lang='lat' dir='ltr'><strong>misso,</strong></span> <span class='ocrx_word' id='word_1_400' title='bbox 2523 2487 2577 2534; x_wconf 93' lang='lat' dir='ltr'><strong>et</strong></span> <span class='ocrx_word' id='word_1_401' title='bbox 2634 2480 2983 2534; x_wconf 87' lang='lat' dir='ltr'><strong>anathemate</strong></span> <span class='ocrx_word' id='word_1_402' title='bbox 3031 2479 3085 2533; x_wconf 90' lang='lat' dir='ltr'><strong>in</strong></span> <span class='ocrx_word' id='word_1_403' title='bbox 3134 2493 3260 2531; x_wconf 90' lang='lat' dir='ltr'><strong>eum</strong></span> <span class='ocrx_word' id='word_1_404' title='bbox 3316 2475 3699 2546; x_wconf 81' lang='lat' dir='ltr'><strong>pronuntiato,</strong></span> 
     </span>
    </p>
   </div>
   <div class='ocr_carea' id='block_1_55' title="bbox 2100 2569 3691 2644">
    <p class='ocr_par' dir='ltr' id='par_1_55' title="bbox 2100 2569 3691 2644">
     <span class='ocr_line' id='line_1_55' title="bbox 2100 2569 3691 2644; baseline -0.004 -18"><span class='ocrx_word' id='word_1_405' title='bbox 2100 2573 2329 2644; x_wconf 90' lang='lat' dir='ltr'><strong>pallium</strong></span> <span class='ocrx_word' id='word_1_406' title='bbox 2362 2571 2725 2636; x_wconf 83' lang='lat' dir='ltr'><strong>sustulerunt,</strong></span> <span class='ocrx_word' id='word_1_407' title='bbox 2764 2571 3210 2640; x_wconf 87' lang='lat' dir='ltr'><strong>Seotiopsimque</strong></span> <span class='ocrx_word' id='word_1_408' title='bbox 3244 2569 3447 2636; x_wconf 62' lang='lat' dir='ltr'><strong>saepius</strong></span> <span class='ocrx_word' id='word_1_409' title='bbox 3489 2572 3691 2620; x_wconf 76' lang='lat' dir='ltr'><strong>vocita-</strong></span> 
     </span>
    </p>
   </div>
   <div class='ocr_carea' id='block_1_56' title="bbox 2102 2660 3697 2734">
    <p class='ocr_par' dir='ltr' id='par_1_56' title="bbox 2102 2660 3697 2734">
     <span class='ocr_line' id='line_1_56' title="bbox 2102 2660 3697 2734; baseline -0.003 -17"><span class='ocrx_word' id='word_1_410' title='bbox 2102 2675 2216 2719; x_wconf 92' lang='lat' dir='ltr'><strong>tum</strong></span> <span class='ocrx_word' id='word_1_411' title='bbox 2272 2666 2591 2734; x_wconf 86' lang='lat' dir='ltr'><strong>retrogrado</strong></span> <span class='ocrx_word' id='word_1_412' title='bbox 2644 2678 2807 2734; x_wconf 87' lang='lat' dir='ltr'><strong>passu</strong></span> <span class='ocrx_word' id='word_1_413' title='bbox 2843 2663 2913 2717; x_wconf 86' lang='lat' dir='ltr'><strong>ab</strong></span> <span class='ocrx_word' id='word_1_414' title='bbox 2938 2662 3170 2717; x_wconf 88' lang='lat' dir='ltr'><strong>ecclesia</strong></span> <span class='ocrx_word' id='word_1_415' title='bbox 3218 2660 3502 2726; x_wconf 84' lang='lat' dir='ltr'><strong>jusserunt</strong></span> <span class='ocrx_word' id='word_1_416' title='bbox 3532 2673 3697 2712; x_wconf 76' lang='lat' dir='ltr'><strong>exce-</strong></span> 
     </span>
    </p>
   </div>
   <div class='ocr_carea' id='block_1_57' title="bbox 2099 2751 3700 2827">
    <p class='ocr_par' dir='ltr' id='par_1_57' title="bbox 2099 2751 3700 2827">
     <span class='ocr_line' id='line_1_57' title="bbox 2099 2751 3700 2827; baseline -0.005 -15"><span class='ocrx_word' id='word_1_417' title='bbox 2099 2758 2248 2813; x_wconf 90' lang='lat' dir='ltr'><strong>dere.</strong></span> <span class='ocrx_word' id='word_1_418' title='bbox 2277 2756 2543 2827; x_wconf 87' lang='lat' dir='ltr'><strong>Sequenti</strong></span> <span class='ocrx_word' id='word_1_419' title='bbox 2580 2770 2714 2811; x_wconf 91' lang='lat' dir='ltr'><strong>vero</strong></span> <span class='ocrx_word' id='word_1_420' title='bbox 2749 2756 2870 2810; x_wconf 89' lang='lat' dir='ltr'><strong>luce</strong></span> <span class='ocrx_word' id='word_1_421' title='bbox 2908 2754 3051 2811; x_wconf 86' lang='lat' dir='ltr'><strong>ludis</strong></span> <span class='ocrx_word' id='word_1_422' title='bbox 3084 2754 3247 2825; x_wconf 75' lang='lat'><strong>372</strong></span> <span class='ocrx_word' id='word_1_423' title='bbox 3278 2753 3333 2806; x_wconf 92' lang='lat' dir='ltr'><strong>in</strong></span> <span class='ocrx_word' id='word_1_424' title='bbox 3361 2753 3513 2807; x_wconf 84' lang='lat' dir='ltr'><strong>circo</strong></span> <span class='ocrx_word' id='word_1_425' title='bbox 3555 2751 3700 2805; x_wconf 84' lang='lat' dir='ltr'><strong>cele-</strong></span> 
     </span>
    </p>
   </div>
   <div class='ocr_carea' id='block_1_58' title="bbox 2099 2843 3698 2919">
    <p class='ocr_par' dir='ltr' id='par_1_58' title="bbox 2099 2843 3698 2919">
     <span class='ocr_line' id='line_1_58' title="bbox 2099 2843 3698 2919; baseline -0.007 -13"><span class='ocrx_word' id='word_1_426' title='bbox 2099 2851 2294 2914; x_wconf 91' lang='lat' dir='ltr'><strong>bratis,</strong></span> <span class='ocrx_word' id='word_1_427' title='bbox 2330 2851 2651 2905; x_wconf 77' lang='lat' dir='ltr'><strong>universam</strong></span> <span class='ocrx_word' id='word_1_428' title='bbox 2693 2848 2816 2919; x_wconf 85' lang='lat' dir='ltr'><strong>ejus</strong></span> <span class='ocrx_word' id='word_1_429' title='bbox 2848 2847 3045 2903; x_wconf 78' lang='lat' dir='ltr'><strong>faciem</strong></span> <span class='ocrx_word' id='word_1_430' title='bbox 3083 2846 3411 2916; x_wconf 89' lang='lat' dir='ltr'><strong>depilantes,</strong></span> <span class='ocrx_word' id='word_1_431' title='bbox 3442 2843 3698 2905; x_wconf 83' lang='lat' dir='ltr'><strong>barbam,</strong></span> 
     </span>
    </p>
   </div>
   <div class='ocr_carea' id='block_1_59' title="bbox 2100 2936 3702 3013">
    <p class='ocr_par' dir='ltr' id='par_1_59' title="bbox 2100 2936 3702 3013">
     <span class='ocr_line' id='line_1_59' title="bbox 2100 2936 3702 3013; baseline -0.007 -13"><span class='ocrx_word' id='word_1_432' title='bbox 2100 2942 2390 3013; x_wconf 77' lang='lat' dir='ltr'><strong>supercilia</strong></span> <span class='ocrx_word' id='word_1_433' title='bbox 2449 2952 2616 3012; x_wconf 88' lang='lat' dir='ltr'><strong>atque</strong></span> <span class='ocrx_word' id='word_1_434' title='bbox 2678 2941 3005 3011; x_wconf 87' lang='lat' dir='ltr'><strong>capillitium</strong></span> <span class='ocrx_word' id='word_1_435' title='bbox 3058 2940 3353 3003; x_wconf 88' lang='lat' dir='ltr'><strong>abrasere,</strong></span> <span class='ocrx_word' id='word_1_436' title='bbox 3403 2947 3458 2993; x_wconf 88' lang='lat' dir='ltr'><strong>et</strong></span> <span class='ocrx_word' id='word_1_437' title='bbox 3514 2936 3702 2991; x_wconf 83' lang='lat' dir='ltr'><strong>serico</strong></span> 
     </span>
    </p>
   </div>
   <div class='ocr_carea' id='block_1_60' title="bbox 2099 3027 3699 3089">
    <p class='ocr_par' dir='ltr' id='par_1_60' title="bbox 2099 3027 3699 3089">
     <span class='ocr_line' id='line_1_60' title="bbox 2099 3027 3699 3089; baseline -0.006 0"><span class='ocrx_word' id='word_1_438' title='bbox 2099 3033 2245 3089; x_wconf 83' lang='lat' dir='ltr'><strong>brevi</strong></span> <span class='ocrx_word' id='word_1_439' title='bbox 2270 3042 2324 3088; x_wconf 91' lang='lat' dir='ltr'><strong>ct</strong></span> <span class='ocrx_word' id='word_1_440' title='bbox 2348 3033 2467 3088; x_wconf 91' lang='lat' dir='ltr'><strong>sine</strong></span> <span class='ocrx_word' id='word_1_441' title='bbox 2501 3032 2732 3086; x_wconf 88' lang='lat' dir='ltr'><strong>manicis</strong></span> <span class='ocrx_word' id='word_1_442' title='bbox 2764 3032 3090 3087; x_wconf 86' lang='lat' dir='ltr'><strong>vestimento</strong></span> <span class='ocrx_word' id='word_1_443' title='bbox 3115 3030 3367 3084; x_wconf 88' lang='lat' dir='ltr'><strong>indutum</strong></span> <span class='ocrx_word' id='word_1_444' title='bbox 3398 3028 3452 3082; x_wconf 90' lang='lat' dir='ltr'><strong>in</strong></span> <span class='ocrx_word' id='word_1_445' title='bbox 3480 3027 3699 3081; x_wconf 83' lang='lat' dir='ltr'><strong>asinum</strong></span> 
     </span>
    </p>
   </div>
   <div class='ocr_carea' id='block_1_61' title="bbox 2100 3118 3699 3189">
    <p class='ocr_par' dir='ltr' id='par_1_61' title="bbox 2100 3118 3699 3189">
     <span class='ocr_line' id='line_1_61' title="bbox 2100 3118 3699 3189; baseline -0.006 -8"><span class='ocrx_word' id='word_1_446' title='bbox 2100 3125 2322 3181; x_wconf 90' lang='lat' dir='ltr'><strong>clitellis</strong></span> <span class='ocrx_word' id='word_1_447' title='bbox 2364 3124 2722 3189; x_wconf 89' lang='lat' dir='ltr'><strong>instructum,</strong></span> <span class='ocrx_word' id='word_1_448' title='bbox 2756 3120 2893 3177; x_wconf 87' lang='lat' dir='ltr'><strong>faeie</strong></span> <span class='ocrx_word' id='word_1_449' title='bbox 2923 3131 3074 3177; x_wconf 90' lang='lat' dir='ltr'><strong>retro</strong></span> <span class='ocrx_word' id='word_1_450' title='bbox 3102 3136 3284 3185; x_wconf 88' lang='lat' dir='ltr'><strong>versa,</strong></span> <span class='ocrx_word' id='word_1_451' title='bbox 3316 3118 3455 3175; x_wconf 90' lang='lat' dir='ltr'><strong>adeo</strong></span> <span class='ocrx_word' id='word_1_452' title='bbox 3489 3128 3549 3173; x_wconf 93' lang='lat' dir='ltr'><strong>ut</strong></span> <span class='ocrx_word' id='word_1_453' title='bbox 3578 3134 3699 3173; x_wconf 85' lang='lat' dir='ltr'><strong>ma-</strong></span> 
     </span>
    </p>
   </div>
   <div class='ocr_carea' id='block_1_62' title="bbox 2101 3210 3701 3285">
    <p class='ocr_par' dir='ltr' id='par_1_62' title="bbox 2101 3210 3701 3285">
     <span class='ocr_line' id='line_1_62' title="bbox 2101 3210 3701 3285; baseline -0.005 -13"><span class='ocrx_word' id='word_1_454' title='bbox 2101 3218 2265 3273; x_wconf 88' lang='lat' dir='ltr'><strong>nibus</strong></span> <span class='ocrx_word' id='word_1_455' title='bbox 2317 3215 2551 3272; x_wconf 84' lang='lat' dir='ltr'><strong>caudam</strong></span> <span class='ocrx_word' id='word_1_456' title='bbox 2606 3224 2835 3278; x_wconf 83' lang='lat' dir='ltr'><strong>teneret,</strong></span> <span class='ocrx_word' id='word_1_457' title='bbox 2870 3216 3205 3285; x_wconf 87' lang='lat' dir='ltr'><strong>imposuere,</strong></span> <span class='ocrx_word' id='word_1_458' title='bbox 3232 3222 3398 3283; x_wconf 88' lang='lat' dir='ltr'><strong>atque</strong></span> <span class='ocrx_word' id='word_1_459' title='bbox 3437 3227 3533 3282; x_wconf 87' lang='lat' dir='ltr'><strong>per</strong></span> <span class='ocrx_word' id='word_1_460' title='bbox 3555 3210 3701 3279; x_wconf 79' lang='lat' dir='ltr'><strong>diip-</strong></span> 
     </span>
    </p>
   </div>
   <div class='ocr_carea' id='block_1_63' title="bbox 2100 3301 3702 3379">
    <p class='ocr_par' dir='ltr' id='par_1_63' title="bbox 2100 3301 3702 3379">
     <span class='ocr_line' id='line_1_63' title="bbox 2100 3301 3702 3379; baseline -0.003 -17"><span class='ocrx_word' id='word_1_461' title='bbox 2100 3310 2249 3379; x_wconf 89' lang='lat' dir='ltr'><strong>pium</strong></span> <span class='ocrx_word' id='word_1_462' title='bbox 2283 3309 2336 3362; x_wconf 94' lang='lat' dir='ltr'><strong>in</strong></span> <span class='ocrx_word' id='word_1_463' title='bbox 2368 3307 2575 3363; x_wconf 89' lang='lat' dir='ltr'><strong>circum</strong></span> <span class='ocrx_word' id='word_1_464' title='bbox 2605 3308 2939 3378; x_wconf 80' lang='lat' dir='ltr'><strong>produxere,</strong></span> <span class='ocrx_word' id='word_1_465' title='bbox 2974 3305 3130 3375; x_wconf 88' lang='lat' dir='ltr'><strong>plebe</strong></span> <span class='ocrx_word' id='word_1_466' title='bbox 3160 3305 3421 3359; x_wconf 86' lang='lat' dir='ltr'><strong>universa</strong></span> <span class='ocrx_word' id='word_1_467' title='bbox 3455 3301 3702 3373; x_wconf 87' lang='lat' dir='ltr'><strong>ipsisque</strong></span> 
     </span>
    </p>
   </div>
   <div class='ocr_carea' id='block_1_64' title="bbox 2100 3393 3698 3465">
    <p class='ocr_par' dir='ltr' id='par_1_64' title="bbox 2100 3393 3698 3465">
     <span class='ocr_line' id='line_1_64' title="bbox 2100 3393 3698 3465; baseline -0.007 -11"><span class='ocrx_word' id='word_1_468' title='bbox 2100 3399 2430 3455; x_wconf 85' lang='lat' dir='ltr'><strong>factionibus</strong></span> <span class='ocrx_word' id='word_1_469' title='bbox 2458 3412 2586 3452; x_wconf 91' lang='lat' dir='ltr'><strong>cum</strong></span> <span class='ocrx_word' id='word_1_470' title='bbox 2607 3397 2891 3465; x_wconf 74' lang='lat' dir='ltr'><strong>,conviciis</strong></span> <span class='ocrx_word' id='word_1_471' title='bbox 2932 3405 3097 3465; x_wconf 82' lang='lat' dir='ltr'><strong>atque</strong></span> <span class='ocrx_word' id='word_1_472' title='bbox 3129 3393 3308 3463; x_wconf 87' lang='lat' dir='ltr'><strong>sputis</strong></span> <span class='ocrx_word' id='word_1_473' title='bbox 3339 3406 3649 3460; x_wconf 82' lang='lat' dir='ltr'><strong>prosequen</strong></span> <span class='ocrx_word' id='word_1_474' title='bbox 3674 3420 3698 3431; x_wconf 88' lang='lat'><strong>-</strong></span> 
     </span>
    </p>
   </div>
   <div class='ocr_carea' id='block_1_65' title="bbox 2100 3482 3698 3556">
    <p class='ocr_par' dir='ltr' id='par_1_65' title="bbox 2100 3482 3698 3556">
     <span class='ocr_line' id='line_1_65' title="bbox 2100 3482 3698 3556; baseline -0.009 -8"><span class='ocrx_word' id='word_1_475' title='bbox 2100 3493 2267 3548; x_wconf 87' lang='lat' dir='ltr'><strong>tibus.</strong></span> <span class='ocrx_word' id='word_1_476' title='bbox 2299 3489 2703 3546; x_wconf 85' lang='lat' dir='ltr'><strong>Constantinus</strong></span> <span class='ocrx_word' id='word_1_477' title='bbox 2736 3502 2869 3542; x_wconf 78' lang='lat' dir='ltr'><strong>vero</strong></span> <span class='ocrx_word' id='word_1_478' title='bbox 2901 3487 3021 3556; x_wconf 88' lang='lat' dir='ltr'><strong>ejus</strong></span> <span class='ocrx_word' id='word_1_479' title='bbox 3065 3500 3233 3554; x_wconf 87' lang='lat' dir='ltr'><strong>nepos</strong></span> <span class='ocrx_word' id='word_1_480' title='bbox 3266 3483 3511 3554; x_wconf 76' lang='lat' dir='ltr'><strong>praecisis</strong></span> <span class='ocrx_word' id='word_1_481' title='bbox 3542 3482 3698 3536; x_wconf 47' lang='lat' dir='ltr'><strong>nari‘</strong></span> 
     </span>
    </p>
   </div>
   <div class='ocr_carea' id='block_1_66' title="bbox 407 3574 1999 3669">
    <p class='ocr_par' dir='ltr' id='par_1_66' title="bbox 407 3580 1993 3650">
     <span class='ocr_line' id='line_1_66' title="bbox 407 3580 1993 3650; baseline 0.001 -15"><span class='ocrx_word' id='word_1_482' title='bbox 407 3580 756 3649; x_wconf 83' lang='grc' dir='ltr'>ἐμπτύοντος</span> <span class='ocrx_word' id='word_1_483' title='bbox 778 3580 963 3637; x_wconf 83' lang='grc' dir='ltr'>αὐτόν.</span> <span class='ocrx_word' id='word_1_484' title='bbox 1000 3581 1207 3650; x_wconf 86' lang='grc' dir='ltr'>Ἔσυρε</span> <span class='ocrx_word' id='word_1_485' title='bbox 1233 3580 1291 3634; x_wconf 82' lang='grc' dir='ltr'><strong>δὲ</strong></span> <span class='ocrx_word' id='word_1_486' title='bbox 1320 3580 1409 3635; x_wconf 81' lang='grc' dir='ltr'><strong>τὸν</strong></span> <span class='ocrx_word' id='word_1_487' title='bbox 1432 3582 1551 3635; x_wconf 79' lang='grc' dir='ltr'>δνον</span> <span class='ocrx_word' id='word_1_488' title='bbox 1577 3584 1993 3646; x_wconf 81' lang='grc' dir='ltr'>Κωνσταντίνος</span> 
     </span>
    </p>
   </div>
   <div class='ocr_carea' id='block_1_67' title="bbox 2101 3574 3699 3669">
    <p class='ocr_par' dir='ltr' id='par_1_67' title="bbox 2101 3574 3699 3639">
     <span class='ocr_line' id='line_1_67' title="bbox 2101 3574 3699 3639; baseline -0.008 -1"><span class='ocrx_word' id='word_1_489' title='bbox 2101 3584 2202 3639; x_wconf 91' lang='lat' dir='ltr'><strong>bus</strong></span> <span class='ocrx_word' id='word_1_490' title='bbox 2256 3582 2521 3638; x_wconf 78' lang='lat' dir='ltr'><strong>deformis</strong></span> <span class='ocrx_word' id='word_1_491' title='bbox 2582 3581 2797 3636; x_wconf 59' lang='lat' dir='ltr'><strong>asinum</strong></span> <span class='ocrx_word' id='word_1_492' title='bbox 2855 3578 3125 3633; x_wconf 88' lang='lat' dir='ltr'><strong>trahebat.</strong></span> <span class='ocrx_word' id='word_1_493' title='bbox 3186 3575 3324 3631; x_wconf 84' lang='lat' dir='ltr'><strong>Cum</strong></span> <span class='ocrx_word' id='word_1_494' title='bbox 3382 3584 3565 3627; x_wconf 83' lang='lat' dir='ltr'><strong>autem</strong></span> <span class='ocrx_word' id='word_1_495' title='bbox 3630 3574 3699 3625; x_wconf 79' lang='lat' dir='ltr'><strong>ad</strong></span> 
     </span>
    </p>
   </div>
   <div class='ocr_carea' id='block_1_68' title="bbox 405 3671 1993 3745">
    <p class='ocr_par' dir='ltr' id='par_1_68' title="bbox 405 3671 1993 3745">
     <span class='ocr_line' id='line_1_68' title="bbox 405 3671 1993 3745; baseline 0.001 -17"><span class='ocrx_word' id='word_1_496' title='bbox 405 3675 437 3728; x_wconf 84' lang='grc' dir='ltr'>ὁ</span> <span class='ocrx_word' id='word_1_497' title='bbox 465 3674 511 3705; x_wconf 77' lang='grc'>⁷³</span> <span class='ocrx_word' id='word_1_498' title='bbox 532 3672 755 3743; x_wconf 81' lang='grc' dir='ltr'>ἀνεψιὸς</span> <span class='ocrx_word' id='word_1_499' title='bbox 776 3671 946 3727; x_wconf 80' lang='grc' dir='ltr'>αὐτοῦ</span> <span class='ocrx_word' id='word_1_500' title='bbox 971 3674 1233 3745; x_wconf 75' lang='grc' dir='ltr'>ῥινοκοπη</span> <span class='ocrx_word' id='word_1_501' title='bbox 1244 3673 1423 3744; x_wconf 80' lang='grc' dir='ltr'>μένος.</span> <span class='ocrx_word' id='word_1_502' title='bbox 1455 3673 1735 3738; x_wconf 85' lang='grc' dir='ltr'>Ἐλθόντος</span> <span class='ocrx_word' id='word_1_503' title='bbox 1751 3675 1809 3729; x_wconf 76' lang='grc' dir='ltr'>δὲ</span> <span class='ocrx_word' id='word_1_504' title='bbox 1826 3676 1993 3729; x_wconf 80' lang='grc' dir='ltr'>αὑτοῦ</span> 
     </span>
    </p>
   </div>
   <div class='ocr_carea' id='block_1_69' title="bbox 406 3764 1993 3837">
    <p class='ocr_par' dir='ltr' id='par_1_69' title="bbox 406 3764 1993 3837">
     <span class='ocr_line' id='line_1_69' title="bbox 406 3764 1993 3837; baseline 0.001 -19"><span class='ocrx_word' id='word_1_505' title='bbox 406 3769 467 3819; x_wconf 82' lang='grc' dir='ltr'><strong>ἐν</strong></span> <span class='ocrx_word' id='word_1_506' title='bbox 496 3767 611 3830; x_wconf 89' lang='grc' dir='ltr'>τοῖς</span> <span class='ocrx_word' id='word_1_507' title='bbox 635 3765 851 3837; x_wconf 78' lang='grc' dir='ltr'>δήμοις,</span> <span class='ocrx_word' id='word_1_508' title='bbox 892 3764 1166 3835; x_wconf 81' lang='grc' dir='ltr'>κατῆλθον</span> <span class='ocrx_word' id='word_1_509' title='bbox 1195 3766 1290 3819; x_wconf 75' lang='grc' dir='ltr'>καὶ</span> <span class='ocrx_word' id='word_1_510' title='bbox 1319 3764 1649 3831; x_wconf 77' lang='grc' dir='ltr'>ἐνέπτυσαν,</span> <span class='ocrx_word' id='word_1_511' title='bbox 1696 3769 1791 3822; x_wconf 78' lang='grc' dir='ltr'>καὶ</span> <span class='ocrx_word' id='word_1_512' title='bbox 1844 3768 1993 3821; x_wconf 81' lang='grc' dir='ltr'>κόνιν</span> 
     </span>
    </p>
   </div>
   <div class='ocr_carea' id='block_1_70' title="bbox 406 3856 1993 3929">
    <p class='ocr_par' dir='ltr' id='par_1_70' title="bbox 406 3856 1993 3929">
     <span class='ocr_line' id='line_1_70' title="bbox 406 3856 1993 3929; baseline 0 -17"><span class='ocrx_word' id='word_1_513' title='bbox 406 3856 868 3929; x_wconf 79' lang='grc' dir='ltr'>ἐπέρῤιπτονέπ’</span> <span class='ocrx_word' id='word_1_514' title='bbox 902 3857 1089 3911; x_wconf 79' lang='grc' dir='ltr'>αὐτόν.</span> <span class='ocrx_word' id='word_1_515' title='bbox 1131 3856 1491 3927; x_wconf 80' lang='grc' dir='ltr'>Ἐνέγκαντες</span> <span class='ocrx_word' id='word_1_516' title='bbox 1518 3859 1575 3913; x_wconf 75' lang='grc' dir='ltr'>δὲ</span> <span class='ocrx_word' id='word_1_517' title='bbox 1614 3858 1778 3913; x_wconf 77' lang='grc' dir='ltr'>αὑτὸν</span> <span class='ocrx_word' id='word_1_518' title='bbox 1807 3860 1886 3923; x_wconf 85' lang='grc' dir='ltr'><strong>είς</strong></span> <span class='ocrx_word' id='word_1_519' title='bbox 1932 3858 1993 3912; x_wconf 82' lang='grc' dir='ltr'><strong>τὸ</strong></span> 
     </span>
    </p>
   </div>
   <div class='ocr_carea' id='block_1_71' title="bbox 408 3948 1990 4024">
    <p class='ocr_par' dir='ltr' id='par_1_71' title="bbox 408 3948 1990 4024">
     <span class='ocr_line' id='line_1_71' title="bbox 408 3948 1990 4024; baseline 0.001 -22"><span class='ocrx_word' id='word_1_520' title='bbox 408 3953 598 4021; x_wconf 84' lang='grc' dir='ltr'>στάμα</span> <span class='ocrx_word' id='word_1_521' title='bbox 623 3948 729 4023; x_wconf 80' lang='lat'><strong>(&#39;5),</strong></span> <span class='ocrx_word' id='word_1_522' title='bbox 758 3949 994 4024; x_wconf 77' lang='grc' dir='ltr'>ἐρριψαν</span> <span class='ocrx_word' id='word_1_523' title='bbox 1030 3949 1197 4005; x_wconf 81' lang='grc' dir='ltr'>αὐτὸν</span> <span class='ocrx_word' id='word_1_524' title='bbox 1219 3950 1286 4004; x_wconf 79' lang='grc' dir='ltr'><strong>ἐκ</strong></span> <span class='ocrx_word' id='word_1_525' title='bbox 1303 3950 1398 4004; x_wconf 85' lang='grc' dir='ltr'>τοῦ</span> <span class='ocrx_word' id='word_1_526' title='bbox 1422 3950 1569 4019; x_wconf 79' lang='grc' dir='ltr'>δνου,</span> <span class='ocrx_word' id='word_1_527' title='bbox 1594 3951 1691 4006; x_wconf 82' lang='grc' dir='ltr'>καὶ</span> <span class='ocrx_word' id='word_1_528' title='bbox 1707 3951 1990 4021; x_wconf 79' lang='grc' dir='ltr'>ἐπάτησαν</span> 
     </span>
    </p>
   </div>
   <div class='ocr_carea' id='block_1_72' title="bbox 2102 3662 3698 3734">
    <p class='ocr_par' dir='ltr' id='par_1_72' title="bbox 2102 3662 3698 3734">
     <span class='ocr_line' id='line_1_72' title="bbox 2102 3662 3698 3734; baseline -0.01 -6"><span class='ocrx_word' id='word_1_529' title='bbox 2102 3673 2405 3730; x_wconf 89' lang='lat' dir='ltr'><strong>factionum</strong></span> <span class='ocrx_word' id='word_1_530' title='bbox 2453 3671 2633 3727; x_wconf 86' lang='lat' dir='ltr'><strong>locum</strong></span> <span class='ocrx_word' id='word_1_531' title='bbox 2683 3668 2922 3732; x_wconf 88' lang='lat' dir='ltr'><strong>devenit,</strong></span> <span class='ocrx_word' id='word_1_532' title='bbox 2951 3676 3065 3721; x_wconf 89' lang='lat' dir='ltr'><strong>tum</strong></span> <span class='ocrx_word' id='word_1_533' title='bbox 3110 3680 3303 3721; x_wconf 84' lang='lat' dir='ltr'><strong>omnes</strong></span> <span class='ocrx_word' id='word_1_534' title='bbox 3355 3662 3535 3734; x_wconf 89' lang='lat' dir='ltr'><strong>sputis</strong></span> <span class='ocrx_word' id='word_1_535' title='bbox 3569 3677 3698 3715; x_wconf 82' lang='lat' dir='ltr'><strong>euut</strong></span> 
     </span>
    </p>
   </div>
   <div class='ocr_carea' id='block_1_73' title="bbox 2102 3754 3699 3836">
    <p class='ocr_par' dir='ltr' id='par_1_73' title="bbox 2102 3754 3699 3836">
     <span class='ocr_line' id='line_1_73' title="bbox 2102 3754 3699 3836; baseline -0.013 -11"><span class='ocrx_word' id='word_1_536' title='bbox 2102 3768 2284 3825; x_wconf 82' lang='lat' dir='ltr'><strong>denuo</strong></span> <span class='ocrx_word' id='word_1_537' title='bbox 2310 3779 2633 3836; x_wconf 78' lang='lat' dir='ltr'><strong>respergere</strong></span> <span class='ocrx_word' id='word_1_538' title='bbox 2663 3770 2717 3819; x_wconf 84' lang='lat' dir='ltr'><strong>et</strong></span> <span class='ocrx_word' id='word_1_539' title='bbox 2746 3761 3024 3832; x_wconf 77' lang='lat' dir='ltr'><strong>pulverem</strong></span> <span class='ocrx_word' id='word_1_540' title='bbox 3054 3759 3109 3813; x_wconf 89' lang='lat' dir='ltr'><strong>in</strong></span> <span class='ocrx_word' id='word_1_541' title='bbox 3140 3773 3268 3812; x_wconf 89' lang='lat' dir='ltr'><strong>eum</strong></span> <span class='ocrx_word' id='word_1_542' title='bbox 3304 3756 3590 3828; x_wconf 83' lang='lat' dir='ltr'><strong>projicere.</strong></span> <span class='ocrx_word' id='word_1_543' title='bbox 3617 3754 3699 3806; x_wconf 81' lang='lat' dir='ltr'><strong>Ad</strong></span> 
     </span>
    </p>
   </div>
   <div class='ocr_carea' id='block_1_74' title="bbox 2102 3844 3700 3926">
    <p class='ocr_par' dir='ltr' id='par_1_74' title="bbox 2102 3844 3700 3926">
     <span class='ocr_line' id='line_1_74' title="bbox 2102 3844 3700 3926; baseline -0.013 -10"><span class='ocrx_word' id='word_1_544' title='bbox 2102 3862 2283 3916; x_wconf 91' lang='lat' dir='ltr'><strong>locum</strong></span> <span class='ocrx_word' id='word_1_545' title='bbox 2313 3857 2511 3914; x_wconf 80' lang='lat' dir='ltr'><strong>deinde</strong></span> <span class='ocrx_word' id='word_1_546' title='bbox 2541 3871 2654 3926; x_wconf 87' lang='lat' dir='ltr'><strong>quo</strong></span> <span class='ocrx_word' id='word_1_547' title='bbox 2688 3853 3002 3910; x_wconf 87' lang='lat' dir='ltr'><strong>consistunt</strong></span> <span class='ocrx_word' id='word_1_548' title='bbox 3031 3851 3157 3921; x_wconf 87' lang='lat' dir='ltr'><strong>equi</strong></span> <span class='ocrx_word' id='word_1_549' title='bbox 3192 3849 3515 3912; x_wconf 84' lang='lat' dir='ltr'><strong>adductum,</strong></span> <span class='ocrx_word' id='word_1_550' title='bbox 3542 3844 3700 3899; x_wconf 88' lang='lat' dir='ltr'><strong>asino</strong></span> 
     </span>
    </p>
   </div>
   <div class='ocr_carea' id='block_1_75' title="bbox 2102 3938 3701 4025">
    <p class='ocr_par' dir='ltr' id='par_1_75' title="bbox 2102 3938 3701 4025">
     <span class='ocr_line' id='line_1_75' title="bbox 2102 3938 3701 4025; baseline -0.012 -16"><span class='ocrx_word' id='word_1_551' title='bbox 2102 3953 2439 4025; x_wconf 67' lang='lat' dir='ltr'><strong>praecipitem</strong></span> <span class='ocrx_word' id='word_1_552' title='bbox 2491 3948 2962 4014; x_wconf 85' lang='lat' dir='ltr'><strong>deturbaverunt,</strong></span> <span class='ocrx_word' id='word_1_553' title='bbox 3007 3945 3237 4017; x_wconf 86' lang='lat' dir='ltr'><strong>ejusque</strong></span> <span class='ocrx_word' id='word_1_554' title='bbox 3283 3942 3507 4011; x_wconf 79' lang='lat' dir='ltr'><strong>demum</strong></span> <span class='ocrx_word' id='word_1_555' title='bbox 3557 3938 3701 3994; x_wconf 90' lang='lat' dir='ltr'><strong>collo</strong></span> 
     </span>
    </p>
   </div>
   <div class='ocr_carea' id='block_1_76' title="bbox 1721 4061 2428 4121">
    <p class='ocr_par' dir='ltr' id='par_1_76' title="bbox 1721 4061 2428 4121">
     <span class='ocr_line' id='line_1_76' title="bbox 1721 4061 2428 4121; baseline -0.001 -2"><span class='ocrx_word' id='word_1_556' title='bbox 1721 4063 1809 4119; x_wconf 79' lang='lat' dir='ltr'><strong>VA</strong></span> <span class='ocrx_word' id='word_1_557' title='bbox 1821 4063 1955 4119; x_wconf 74' lang='grc' dir='ltr'><strong>ΒΙΑΞ</strong></span> <span class='ocrx_word' id='word_1_558' title='bbox 2020 4061 2428 4121; x_wconf 81' lang='lat' dir='ltr'><strong>LECTIONES.</strong></span> 
     </span>
    </p>
   </div>
   <div class='ocr_carea' id='block_1_77' title="bbox 484 4173 1810 4299">
    <p class='ocr_par' dir='ltr' id='par_1_77' title="bbox 484 4173 1810 4299">
     <span class='ocr_line' id='line_1_77' title="bbox 506 4173 1810 4248; baseline -0.001 -17"><span class='ocrx_word' id='word_1_559' title='bbox 506 4176 554 4209; x_wconf 79' lang='grc'><strong>⁸⁸</strong></span> <span class='ocrx_word' id='word_1_560' title='bbox 587 4175 793 4244; x_wconf 77' lang='grc' dir='ltr'>ἰσχύειν</span> <span class='ocrx_word' id='word_1_561' title='bbox 815 4173 877 4237; x_wconf 83' lang='lat' dir='ltr'><strong>A,</strong></span> <span class='ocrx_word' id='word_1_562' title='bbox 899 4174 1162 4229; x_wconf 87' lang='grc' dir='ltr'>δύνασθαι</span> <span class='ocrx_word' id='word_1_563' title='bbox 1192 4176 1344 4248; x_wconf 87' lang='lat' dir='ltr'><strong>vulg.</strong></span> <span class='ocrx_word' id='word_1_564' title='bbox 1440 4177 1488 4209; x_wconf 78' lang='lat'><strong>“</strong></span> <span class='ocrx_word' id='word_1_565' title='bbox 1510 4175 1721 4231; x_wconf 86' lang='grc' dir='ltr'>σωλαία</span> <span class='ocrx_word' id='word_1_566' title='bbox 1746 4178 1810 4230; x_wconf 82' lang='grc' dir='ltr'><strong>Α.</strong></span> 
     </span>
     <span class='ocr_line' id='line_1_78' title="bbox 484 4232 1810 4299; baseline 0 0"><span class='ocrx_word' id='word_1_567' title='bbox 484 4250 556 4299; x_wconf 66' lang='lat' dir='ltr'><strong>lg.</strong></span> <span class='ocrx_word' id='word_1_568' title='bbox 633 4248 683 4280; x_wconf 78' lang='lat'><strong>&quot;</strong></span> <span class='ocrx_word' id='word_1_569' title='bbox 706 4245 1043 4299; x_wconf 75' lang='grc' dir='ltr'>θεωροῦντος</span> <span class='ocrx_word' id='word_1_570' title='bbox 1070 4248 1138 4299; x_wconf 83' lang='grc' dir='ltr'>Α.</span> <span class='ocrx_word' id='word_1_571' title='bbox 1173 4246 1408 4299; x_wconf 75' lang='grc' dir='ltr'>δρῶντος</span> <span class='ocrx_word' id='word_1_572' title='bbox 1440 4248 1591 4299; x_wconf 70' lang='lat' dir='ltr'><strong>vulg.</strong></span> <span class='ocrx_word' id='word_1_573' title='bbox 1661 4232 1708 4278; x_wconf 61' lang='grc'><strong>⁷⁸</strong></span> <span class='ocrx_word' id='word_1_574' title='bbox 1728 4248 1810 4299; x_wconf 77' lang='grc' dir='ltr'><strong>αὖ·</strong></span> 
     </span>
    </p>
   </div>
   <div class='ocr_carea' id='block_1_78' title="bbox 404 4266 556 4317">
    <p class='ocr_par' dir='ltr' id='par_1_78' title="bbox 404 4266 556 4317">
     <span class='ocr_line' id='line_1_79' title="bbox 404 4266 556 4317; baseline 0.013 -18"><span class='ocrx_word' id='word_1_575' title='bbox 404 4266 556 4317; x_wconf 79' lang='lat' dir='ltr'><strong>vnlg.</strong></span> 
     </span>
    </p>
   </div>
   <div class='ocr_carea' id='block_1_79' title="bbox 405 4317 743 4376">
    <p class='ocr_par' dir='ltr' id='par_1_79' title="bbox 405 4317 743 4376">
     <span class='ocr_line' id='line_1_80' title="bbox 405 4317 743 4376; baseline -0.009 -2"><span class='ocrx_word' id='word_1_576' title='bbox 405 4319 536 4375; x_wconf 85' lang='lat' dir='ltr'><strong>add.</strong></span> <span class='ocrx_word' id='word_1_577' title='bbox 577 4334 645 4376; x_wconf 81' lang='lat' dir='ltr'><strong>ex</strong></span> <span class='ocrx_word' id='word_1_578' title='bbox 675 4317 743 4373; x_wconf 80' lang='grc' dir='ltr'><strong>Δ.</strong></span> 
     </span>
    </p>
   </div>
   <div class='ocr_carea' id='block_1_80' title="bbox 1890 4166 3697 4237">
    <p class='ocr_par' dir='ltr' id='par_1_80' title="bbox 1890 4166 3697 4237">
     <span class='ocr_line' id='line_1_81' title="bbox 1890 4166 3697 4237; baseline -0.009 -7"><span class='ocrx_word' id='word_1_579' title='bbox 1890 4177 1935 4209; x_wconf 75' lang='grc'><strong>⁵⁷</strong></span> <span class='ocrx_word' id='word_1_580' title='bbox 1969 4176 2091 4230; x_wconf 84' lang='grc' dir='ltr'>καθ’</span> <span class='ocrx_word' id='word_1_581' title='bbox 2114 4176 2347 4229; x_wconf 78' lang='grc' dir='ltr'>ἕκαστον</span> <span class='ocrx_word' id='word_1_582' title='bbox 2381 4174 2446 4237; x_wconf 80' lang='grc' dir='ltr'>Α,</span> <span class='ocrx_word' id='word_1_583' title='bbox 2497 4170 2622 4227; x_wconf 83' lang='grc' dir='ltr'>καθ’</span> <span class='ocrx_word' id='word_1_584' title='bbox 2680 4171 2740 4226; x_wconf 76' lang='grc' dir='ltr'>ἓν</span> <span class='ocrx_word' id='word_1_585' title='bbox 2792 4172 2946 4237; x_wconf 78' lang='lat' dir='ltr'><strong>vulg.</strong></span> <span class='ocrx_word' id='word_1_586' title='bbox 3060 4169 3105 4201; x_wconf 80' lang='grc'><strong>⁸⁸</strong></span> <span class='ocrx_word' id='word_1_587' title='bbox 3137 4167 3329 4222; x_wconf 69' lang='grc' dir='ltr'>ἔπαιεν</span> <span class='ocrx_word' id='word_1_588' title='bbox 3366 4167 3433 4231; x_wconf 83' lang='grc' dir='ltr'>Α,</span> <span class='ocrx_word' id='word_1_589' title='bbox 3468 4166 3697 4237; x_wconf 70' lang='grc' dir='ltr'>ἔπαισεν</span> 
     </span>
    </p>
   </div>
   <div class='ocr_carea' id='block_1_81' title="bbox 633 4189 3039 4319">
    <p class='ocr_par' dir='ltr' id='par_1_81' title="bbox 633 4189 3039 4319">
     <span class='ocr_line' id='line_1_82' title="bbox 633 4189 2946 4248; baseline -0.002 -19"><span class='ocrx_word' id='word_1_590' title='bbox 633 4189 793 4244; x_wconf 73' lang='grc' dir='ltr'>τχυειν</span> <span class='ocrx_word' id='word_1_591' title='bbox 815 4189 1162 4237; x_wconf 73' lang='grc' dir='ltr'>Α,ουνασυαι</span> <span class='ocrx_word' id='word_1_592' title='bbox 1192 4189 1344 4248; x_wconf 87' lang='lat' dir='ltr'><strong>vulg.</strong></span> <span class='ocrx_word' id='word_1_593' title='bbox 1440 4189 1721 4231; x_wconf 67' lang='grc' dir='ltr'><strong>1ἐ’σωλαια</strong></span> <span class='ocrx_word' id='word_1_594' title='bbox 1746 4189 1810 4230; x_wconf 75' lang='grc' dir='ltr'><strong>Α.</strong></span> <span class='ocrx_word' id='word_1_595' title='bbox 1890 4189 1931 4209; x_wconf 77' lang='lat'><strong>°&quot;</strong></span> <span class='ocrx_word' id='word_1_596' title='bbox 1969 4189 2088 4230; x_wconf 85' lang='grc' dir='ltr'>καυ’</span> <span class='ocrx_word' id='word_1_597' title='bbox 2114 4189 2347 4229; x_wconf 71' lang='grc' dir='ltr'>ἑκαστον</span> <span class='ocrx_word' id='word_1_598' title='bbox 2381 4189 2446 4237; x_wconf 73' lang='grc' dir='ltr'>Α,</span> <span class='ocrx_word' id='word_1_599' title='bbox 2497 4189 2620 4227; x_wconf 64' lang='grc' dir='ltr'>καυ-</span> <span class='ocrx_word' id='word_1_600' title='bbox 2681 4189 2740 4226; x_wconf 88' lang='grc' dir='ltr'><strong>εν</strong></span> <span class='ocrx_word' id='word_1_601' title='bbox 2792 4189 2883 4225; x_wconf 82' lang='grc' dir='ltr'><strong>νυι</strong></span> <span class='ocrx_word' id='word_1_602' title='bbox 2932 4210 2946 4224; x_wconf 93' lang='grc'><strong>.</strong></span> 
     </span>
     <span class='ocr_line' id='line_1_83' title="bbox 633 4189 3039 4319; baseline -0.002 -19"><span class='ocrx_word' id='word_1_603' title='bbox 633 4245 1043 4319; x_wconf 20' lang='grc' dir='ltr'>⁶⁹Αθεωροῦντος</span> <span class='ocrx_word' id='word_1_604' title='bbox 1070 4248 1138 4313; x_wconf 82' lang='lat' dir='ltr'><strong>A,</strong></span> <span class='ocrx_word' id='word_1_605' title='bbox 1173 4246 1408 4318; x_wconf 83' lang='grc' dir='ltr'>ὁρῶντος</span> <span class='ocrx_word' id='word_1_606' title='bbox 1440 4248 1591 4319; x_wconf 91' lang='lat' dir='ltr'><strong>vulg.</strong></span> <span class='ocrx_word' id='word_1_607' title='bbox 1661 4232 1708 4278; x_wconf 69' lang='lat'><strong>&quot;</strong></span> <span class='ocrx_word' id='word_1_608' title='bbox 1728 4248 1892 4300; x_wconf 77' lang='grc' dir='ltr'>αὑτὸν</span> <span class='ocrx_word' id='word_1_609' title='bbox 1920 4248 2046 4300; x_wconf 87' lang='lat' dir='ltr'><strong>add.</strong></span> <span class='ocrx_word' id='word_1_610' title='bbox 2080 4263 2145 4303; x_wconf 81' lang='lat' dir='ltr'><strong>ex</strong></span> <span class='ocrx_word' id='word_1_611' title='bbox 2176 4247 2242 4301; x_wconf 80' lang='grc' dir='ltr'><strong>Α.</strong></span> <span class='ocrx_word' id='word_1_612' title='bbox 2320 4246 2363 4276; x_wconf 74' lang='grc'>⁷⁸</span> <span class='ocrx_word' id='word_1_613' title='bbox 2386 4244 2576 4299; x_wconf 83' lang='grc' dir='ltr'>κονδὺν</span> <span class='ocrx_word' id='word_1_614' title='bbox 2606 4248 2673 4298; x_wconf 92' lang='lat' dir='ltr'><strong>A.</strong></span> <span class='ocrx_word' id='word_1_615' title='bbox 2784 4244 2830 4275; x_wconf 75' lang='grc' dir='ltr'><strong>τ’</strong></span> <span class='ocrx_word' id='word_1_616' title='bbox 2888 4189 2979 4296; x_wconf 50' lang='lat' dir='ltr'><strong>gis</strong></span> <span class='ocrx_word' id='word_1_617' title='bbox 3010 4257 3039 4293; x_wconf 88' lang='grc' dir='ltr'><strong>τ</strong></span> 
     </span>
    </p>
   </div>
   <div class='ocr_carea' id='block_1_82' title="bbox 3043 4236 3692 4295">
    <p class='ocr_par' dir='ltr' id='par_1_82' title="bbox 3043 4236 3692 4295">
     <span class='ocr_line' id='line_1_84' title="bbox 3043 4236 3692 4295; baseline -0.008 -2"><span class='ocrx_word' id='word_1_618' title='bbox 3043 4240 3104 4293; x_wconf 80' lang='grc' dir='ltr'>οὗ</span> <span class='ocrx_word' id='word_1_619' title='bbox 3166 4239 3357 4295; x_wconf 80' lang='grc' dir='ltr'>ἱππίου</span> <span class='ocrx_word' id='word_1_620' title='bbox 3407 4239 3473 4291; x_wconf 81' lang='grc' dir='ltr'><strong>Α.</strong></span> <span class='ocrx_word' id='word_1_621' title='bbox 3589 4236 3692 4288; x_wconf 73' lang='grc'><strong>⁷⁵6</strong></span> 
     </span>
    </p>
   </div>
   <div class='ocr_carea' id='block_1_83' title="bbox 1754 4403 2412 4461">
    <p class='ocr_par' dir='ltr' id='par_1_83' title="bbox 1754 4403 2412 4461">
     <span class='ocr_line' id='line_1_85' title="bbox 1754 4403 2412 4461; baseline 0.002 -2"><span class='ocrx_word' id='word_1_622' title='bbox 1754 4404 1896 4459; x_wconf 79' lang='lat' dir='ltr'><strong>JAC.</strong></span> <span class='ocrx_word' id='word_1_623' title='bbox 1928 4403 2140 4460; x_wconf 75' lang='lat' dir='ltr'><strong>GOARI</strong></span> <span class='ocrx_word' id='word_1_624' title='bbox 2178 4403 2412 4461; x_wconf 73' lang='grc' dir='ltr'><strong>ΝΟΤᾹΞ.</strong></span> 
     </span>
    </p>
   </div>
   <div class='ocr_carea' id='block_1_84' title="bbox 480 4520 1987 4597">
    <p class='ocr_par' dir='ltr' id='par_1_84' title="bbox 480 4520 1987 4597">
     <span class='ocr_line' id='line_1_86' title="bbox 480 4520 1987 4597; baseline -0.004 -15"><span class='ocrx_word' id='word_1_625' title='bbox 480 4525 595 4597; x_wconf 85' lang='lat'><strong>(98)</strong></span> <span class='ocrx_word' id='word_1_626' title='bbox 636 4524 812 4597; x_wconf 85' lang='lat' dir='ltr'><strong>Quam</strong></span> <span class='ocrx_word' id='word_1_627' title='bbox 843 4523 1012 4597; x_wconf 79' lang='lat' dir='ltr'><strong>variis</strong></span> <span class='ocrx_word' id='word_1_628' title='bbox 1037 4520 1215 4597; x_wconf 86' lang='lat' dir='ltr'><strong>modis</strong></span> <span class='ocrx_word' id='word_1_629' title='bbox 1241 4521 1468 4597; x_wconf 66' lang='lat' dir='ltr'><strong>Graecus</strong></span> <span class='ocrx_word' id='word_1_630' title='bbox 1488 4523 1987 4597; x_wconf 27' lang='lat' dir='ltr'><strong>soleas‘scrihatur,</strong></span> 
     </span>
    </p>
   </div>
   <div class='ocr_carea' id='block_1_85' title="bbox 409 4592 1989 4665">
    <p class='ocr_par' dir='ltr' id='par_1_85' title="bbox 409 4592 1989 4665">
     <span class='ocr_line' id='line_1_87' title="bbox 409 4592 1989 4665; baseline -0.006 -9"><span class='ocrx_word' id='word_1_631' title='bbox 409 4601 466 4655; x_wconf 84' lang='lat' dir='ltr'><strong>in</strong></span> <span class='ocrx_word' id='word_1_632' title='bbox 490 4592 893 4665; x_wconf 19' lang='lat' dir='ltr'><strong>‘Eu&#39;chologicis</strong></span> <span class='ocrx_word' id='word_1_633' title='bbox 919 4595 1253 4665; x_wconf 74' lang='lat' dir='ltr'><strong>expositum.</strong></span> <span class='ocrx_word' id='word_1_634' title='bbox 1292 4592 1391 4649; x_wconf 88' lang='lat' dir='ltr'><strong>Hic</strong></span> <span class='ocrx_word' id='word_1_635' title='bbox 1416 4605 1614 4663; x_wconf 63' lang='lat' dir='ltr'><strong>prazter</strong></span> <span class='ocrx_word' id='word_1_636' title='bbox 1644 4593 1854 4650; x_wconf 85' lang='lat' dir='ltr'><strong>litteras</strong></span> <span class='ocrx_word' id='word_1_637' title='bbox 1896 4611 1989 4662; x_wconf 81' lang='lat' dir='ltr'><strong>ge-</strong></span> 
     </span>
    </p>
   </div>
   <div class='ocr_carea' id='block_1_86' title="bbox 408 4662 1990 4738">
    <p class='ocr_par' dir='ltr' id='par_1_86' title="bbox 408 4662 1990 4738">
     <span class='ocr_line' id='line_1_88' title="bbox 408 4662 1990 4738; baseline -0.004 -14"><span class='ocrx_word' id='word_1_638' title='bbox 408 4686 515 4724; x_wconf 87' lang='lat' dir='ltr'><strong>nus</strong></span> <span class='ocrx_word' id='word_1_639' title='bbox 542 4662 1217 4738; x_wconf 32' lang='lat' dir='ltr'><strong>quoque&#39;mutat.’Soleas</strong></span> <span class='ocrx_word' id='word_1_640' title='bbox 1252 4662 1427 4733; x_wconf 84' lang='lat' dir='ltr'><strong>porro</strong></span> <span class='ocrx_word' id='word_1_641' title='bbox 1457 4667 1524 4718; x_wconf 90' lang='lat' dir='ltr'><strong>ad</strong></span> <span class='ocrx_word' id='word_1_642' title='bbox 1563 4665 1705 4738; x_wconf 77' lang='lat' dir='ltr'><strong>sacri</strong></span> <span class='ocrx_word' id='word_1_643' title='bbox 1739 4665 1990 4719; x_wconf 82' lang='lat' dir='ltr'><strong>tribuna-</strong></span> 
     </span>
    </p>
   </div>
   <div class='ocr_carea' id='block_1_87' title="bbox 404 4735 1985 4809">
    <p class='ocr_par' dir='ltr' id='par_1_87' title="bbox 404 4735 1985 4809">
     <span class='ocr_line' id='line_1_89' title="bbox 404 4735 1985 4809; baseline -0.003 -15"><span class='ocrx_word' id='word_1_644' title='bbox 404 4742 477 4796; x_wconf 86' lang='lat' dir='ltr'><strong>lis</strong></span> <span class='ocrx_word' id='word_1_645' title='bbox 523 4735 690 4809; x_wconf 73' lang='lat' dir='ltr'><strong>septa</strong></span> <span class='ocrx_word' id='word_1_646' title='bbox 718 4737 918 4809; x_wconf 83' lang='lat' dir='ltr'><strong>gradus</strong></span> <span class='ocrx_word' id='word_1_647' title='bbox 946 4744 1029 4792; x_wconf 89' lang='lat' dir='ltr'><strong>est</strong></span> <span class='ocrx_word' id='word_1_648' title='bbox 1062 4744 1434 4809; x_wconf 84' lang='lat' dir='ltr'><strong>transversam</strong></span> <span class='ocrx_word' id='word_1_649' title='bbox 1468 4735 1765 4809; x_wconf 83' lang='lat' dir='ltr'><strong>ecclesiam</strong></span> <span class='ocrx_word' id='word_1_650' title='bbox 1805 4750 1941 4809; x_wconf 86' lang='lat' dir='ltr'><strong>oecu</strong></span> <span class='ocrx_word' id='word_1_651' title='bbox 1964 4760 1985 4779; x_wconf 75' lang='grc' dir='ltr'>σι</span> 
     </span>
    </p>
   </div>
   <div class='ocr_carea' id='block_1_88' title="bbox 408 4805 1990 4880">
    <p class='ocr_par' dir='ltr' id='par_1_88' title="bbox 408 4805 1990 4880">
     <span class='ocr_line' id='line_1_90' title="bbox 408 4805 1990 4880; baseline -0.001 -18"><span class='ocrx_word' id='word_1_652' title='bbox 408 4805 603 4880; x_wconf 45' lang='lat' dir='ltr'><strong>pansa</strong></span> <span class='ocrx_word' id='word_1_653' title='bbox 645 4823 709 4862; x_wconf 88' lang='lat' dir='ltr'><strong>ac</strong></span> <span class='ocrx_word' id='word_1_654' title='bbox 760 4807 806 4861; x_wconf 90' lang='lat' dir='ltr'><strong>si</strong></span> <span class='ocrx_word' id='word_1_655' title='bbox 860 4808 915 4880; x_wconf 81' lang='lat' dir='ltr'><strong>in</strong></span> <span class='ocrx_word' id='word_1_656' title='bbox 973 4815 1225 4880; x_wconf 74' lang='lat' dir='ltr'><strong>extrema</strong></span> <span class='ocrx_word' id='word_1_657' title='bbox 1279 4805 1642 4880; x_wconf 84' lang='lat' dir='ltr'><strong>ecclesiarum</strong></span> <span class='ocrx_word' id='word_1_658' title='bbox 1696 4806 1822 4880; x_wconf 84' lang='lat' dir='ltr'><strong>navi</strong></span> <span class='ocrx_word' id='word_1_659' title='bbox 1878 4821 1990 4874; x_wconf 68' lang='lat' dir='ltr'><strong>prae</strong></span> 
     </span>
    </p>
   </div>
   <div class='ocr_carea' id='block_1_89' title="bbox 408 4874 1988 4947">
    <p class='ocr_par' dir='ltr' id='par_1_89' title="bbox 408 4874 1988 4947">
     <span class='ocr_line' id='line_1_91' title="bbox 408 4874 1988 4947; baseline -0.004 -12"><span class='ocrx_word' id='word_1_660' title='bbox 408 4874 603 4935; x_wconf 71' lang='lat' dir='ltr'><strong>altaris</strong></span> <span class='ocrx_word' id='word_1_661' title='bbox 647 4885 702 4934; x_wconf 91' lang='lat' dir='ltr'><strong>et</strong></span> <span class='ocrx_word' id='word_1_662' title='bbox 732 4876 875 4933; x_wconf 88' lang='lat' dir='ltr'><strong>sacri</strong></span> <span class='ocrx_word' id='word_1_663' title='bbox 920 4877 1061 4947; x_wconf 88' lang='lat' dir='ltr'><strong>septi</strong></span> <span class='ocrx_word' id='word_1_664' title='bbox 1103 4874 1326 4947; x_wconf 78' lang='lat' dir='ltr'><strong>foribus</strong></span> <span class='ocrx_word' id='word_1_665' title='bbox 1356 4876 1582 4946; x_wconf 84' lang='lat' dir='ltr'><strong>gradus.</strong></span> <span class='ocrx_word' id='word_1_666' title='bbox 1615 4891 1725 4944; x_wconf 91' lang='lat' dir='ltr'><strong>quo</strong></span> <span class='ocrx_word' id='word_1_667' title='bbox 1768 4877 1822 4930; x_wconf 92' lang='lat' dir='ltr'><strong>in</strong></span> <span class='ocrx_word' id='word_1_668' title='bbox 1860 4892 1988 4930; x_wconf 88' lang='lat' dir='ltr'><strong>eum</strong></span> 
     </span>
    </p>
   </div>
   <div class='ocr_carea' id='block_1_90' title="bbox 2098 4515 3703 4591">
    <p class='ocr_par' dir='ltr' id='par_1_90' title="bbox 2098 4515 3703 4591">
     <span class='ocr_line' id='line_1_92' title="bbox 2098 4515 3703 4591; baseline -0.004 -15"><span class='ocrx_word' id='word_1_669' title='bbox 2098 4540 2192 4578; x_wconf 79' lang='lat' dir='ltr'><strong>seu</strong></span> <span class='ocrx_word' id='word_1_670' title='bbox 2223 4522 2695 4591; x_wconf 83' lang='lat' dir='ltr'><strong>degradationem,</strong></span> <span class='ocrx_word' id='word_1_671' title='bbox 2723 4534 2889 4589; x_wconf 90' lang='lat' dir='ltr'><strong>quam</strong></span> <span class='ocrx_word' id='word_1_672' title='bbox 2921 4526 2975 4574; x_wconf 90' lang='lat' dir='ltr'><strong>et</strong></span> <span class='ocrx_word' id='word_1_673' title='bbox 2994 4519 3186 4573; x_wconf 87' lang='lat' dir='ltr'><strong>mortis</strong></span> <span class='ocrx_word' id='word_1_674' title='bbox 3205 4530 3364 4591; x_wconf 62' lang='lat' dir='ltr'><strong>penna</strong></span> <span class='ocrx_word' id='word_1_675' title='bbox 3384 4522 3574 4572; x_wconf 86' lang='lat' dir='ltr'><strong>secuta</strong></span> <span class='ocrx_word' id='word_1_676' title='bbox 3598 4515 3703 4570; x_wconf 75' lang='lat' dir='ltr'><strong>sit.</strong></span> 
     </span>
    </p>
   </div>
   <div class='ocr_carea' id='block_1_91' title="bbox 2101 4589 3696 4660">
    <p class='ocr_par' dir='ltr' id='par_1_91' title="bbox 2101 4589 3696 4660">
     <span class='ocr_line' id='line_1_93' title="bbox 2101 4589 3696 4660; baseline -0.004 -13"><span class='ocrx_word' id='word_1_677' title='bbox 2101 4589 2391 4649; x_wconf 80' lang='lat' dir='ltr'><strong>PereusSio</strong></span> <span class='ocrx_word' id='word_1_678' title='bbox 2421 4593 2515 4647; x_wconf 82' lang='lat' dir='ltr'><strong>illa</strong></span> <span class='ocrx_word' id='word_1_679' title='bbox 2558 4592 2612 4644; x_wconf 88' lang='lat' dir='ltr'><strong>in</strong></span> <span class='ocrx_word' id='word_1_680' title='bbox 2644 4591 2838 4645; x_wconf 88' lang='lat' dir='ltr'><strong>faciem</strong></span> <span class='ocrx_word' id='word_1_681' title='bbox 2868 4592 2989 4660; x_wconf 91' lang='lat' dir='ltr'><strong>ipso</strong></span> <span class='ocrx_word' id='word_1_682' title='bbox 3024 4590 3213 4645; x_wconf 90' lang='lat' dir='ltr'><strong>libello</strong></span> <span class='ocrx_word' id='word_1_683' title='bbox 3244 4589 3433 4653; x_wconf 83' lang='lat' dir='ltr'><strong>ﬁebat,</strong></span> <span class='ocrx_word' id='word_1_684' title='bbox 3464 4597 3696 4660; x_wconf 63' lang='lat' dir='ltr'><strong>eratque</strong></span> 
     </span>
    </p>
   </div>
   <div class='ocr_carea' id='block_1_92' title="bbox 2098 4657 3695 4732">
    <p class='ocr_par' dir='ltr' id='par_1_92' title="bbox 2098 4657 3695 4732">
     <span class='ocr_line' id='line_1_94' title="bbox 2098 4657 3695 4732; baseline -0.008 -13"><span class='ocrx_word' id='word_1_685' title='bbox 2098 4665 2152 4719; x_wconf 87' lang='lat' dir='ltr'><strong>id</strong></span> <span class='ocrx_word' id='word_1_686' title='bbox 2194 4666 2363 4717; x_wconf 90' lang='lat' dir='ltr'><strong>moris</strong></span> <span class='ocrx_word' id='word_1_687' title='bbox 2394 4665 2447 4717; x_wconf 90' lang='lat' dir='ltr'><strong>in</strong></span> <span class='ocrx_word' id='word_1_688' title='bbox 2476 4662 2723 4732; x_wconf 75' lang='lat' dir='ltr'><strong>iudiciis.</strong></span> <span class='ocrx_word' id='word_1_689' title='bbox 2760 4659 2853 4716; x_wconf 90' lang='lat' dir='ltr'><strong>Sic</strong></span> <span class='ocrx_word' id='word_1_690' title='bbox 2893 4657 2967 4717; x_wconf 12' lang='lat' dir='ltr'><strong>iet</strong></span> <span class='ocrx_word' id='word_1_691' title='bbox 3019 4660 3356 4732; x_wconf 69' lang='lat' dir='ltr'><strong>Heracliam</strong></span> <span class='ocrx_word' id='word_1_692' title='bbox 3379 4660 3432 4712; x_wconf 92' lang='lat' dir='ltr'><strong>in</strong></span> <span class='ocrx_word' id='word_1_693' title='bbox 3473 4657 3695 4732; x_wconf 68' lang='lat' dir='ltr'><strong>Crispo,</strong></span> 
     </span>
    </p>
   </div>
   <div class='ocr_carea' id='block_1_93' title="bbox 2098 4727 3697 4801">
    <p class='ocr_par' dir='ltr' id='par_1_93' title="bbox 2098 4727 3697 4801">
     <span class='ocr_line' id='line_1_95' title="bbox 2098 4727 3697 4801; baseline -0.007 -11"><span class='ocrx_word' id='word_1_694' title='bbox 2098 4751 2195 4790; x_wconf 91' lang='lat' dir='ltr'><strong>seu</strong></span> <span class='ocrx_word' id='word_1_695' title='bbox 2256 4734 2448 4791; x_wconf 87' lang='lat' dir='ltr'><strong>Prisco</strong></span> <span class='ocrx_word' id='word_1_696' title='bbox 2476 4727 2699 4789; x_wconf 49' lang='lat' dir='ltr'><strong>&#39;fecisse</strong></span> <span class='ocrx_word' id='word_1_697' title='bbox 2749 4732 2921 4789; x_wconf 85' lang='lat' dir='ltr'><strong>habes</strong></span> <span class='ocrx_word' id='word_1_698' title='bbox 2975 4729 3120 4801; x_wconf 89' lang='lat' dir='ltr'><strong>apud</strong></span> <span class='ocrx_word' id='word_1_699' title='bbox 3187 4729 3249 4784; x_wconf 92' lang='lat' dir='ltr'><strong>S.</strong></span> <span class='ocrx_word' id='word_1_700' title='bbox 3293 4727 3697 4799; x_wconf 85' lang='lat' dir='ltr'><strong>Nicephorum.</strong></span> 
     </span>
    </p>
   </div>
   <div class='ocr_carea' id='block_1_94' title="bbox 2095 4811 3697 4941">
    <p class='ocr_par' dir='ltr' id='par_1_94' title="bbox 2095 4811 3697 4941">
     <span class='ocr_line' id='line_1_96' title="bbox 2095 4811 3697 4941; baseline -0.007 -9"><span class='ocrx_word' id='word_1_701' title='bbox 2095 4811 2534 4941; x_wconf 43' lang='lat' dir='ltr'><strong>boéigliiiéumo</strong></span> <span class='ocrx_word' id='word_1_702' title='bbox 2596 4873 2769 4929; x_wconf 88' lang='lat' dir='ltr'><strong>fuisse</strong></span> <span class='ocrx_word' id='word_1_703' title='bbox 2820 4872 3073 4929; x_wconf 88' lang='lat' dir='ltr'><strong>casulam</strong></span> <span class='ocrx_word' id='word_1_704' title='bbox 3134 4869 3579 4941; x_wconf 73' lang='lat' dir='ltr'><strong>sacerdotalem,</strong></span> <span class='ocrx_word' id='word_1_705' title='bbox 3610 4866 3697 4921; x_wconf 88' lang='lat' dir='ltr'><strong>vel</strong></span> 
     </span>
    </p>
   </div>
   <div class='ocr_carea' id='block_1_95' title="bbox 410 4938 3698 5025">
    <p class='ocr_par' dir='ltr' id='par_1_95' title="bbox 410 4938 3698 5025">
     <span class='ocr_line' id='line_1_97' title="bbox 410 4938 3698 5025; baseline -0.004 -21"><span class='ocrx_word' id='word_1_706' title='bbox 410 4950 859 5025; x_wconf 85' lang='lat' dir='ltr'><strong>ascenderemus,</strong></span> <span class='ocrx_word' id='word_1_707' title='bbox 918 4938 1257 5003; x_wconf 74' lang='lat' dir='ltr'><strong>occurreret.</strong></span> <span class='ocrx_word' id='word_1_708' title='bbox 1310 4938 1481 5002; x_wconf 52' lang='lat' dir='ltr'><strong>lsvest</strong></span> <span class='ocrx_word' id='word_1_709' title='bbox 1532 4938 1895 5025; x_wconf 64' lang='lat' dir='ltr'><strong>diaconorum</strong></span> <span class='ocrx_word' id='word_1_710' title='bbox 1935 4955 1987 4999; x_wconf 90' lang='lat' dir='ltr'><strong>et</strong></span> <span class='ocrx_word' id='word_1_711' title='bbox 2026 4974 2066 5025; x_wconf 70' lang='grc' dir='ltr'><strong>ι)</strong></span> <span class='ocrx_word' id='word_1_712' title='bbox 2099 4938 2322 5025; x_wconf 79' lang='lat' dir='ltr'><strong>saccum</strong></span> <span class='ocrx_word' id='word_1_713' title='bbox 2354 4945 2800 5025; x_wconf 67' lang='lat' dir='ltr'><strong>patriarchalem,</strong></span> <span class='ocrx_word' id='word_1_714' title='bbox 2835 4943 3193 5025; x_wconf 77' lang='lat' dir='ltr'><strong>conciliando</strong></span> <span class='ocrx_word' id='word_1_715' title='bbox 3221 4939 3525 5025; x_wconf 72' lang='lat' dir='ltr'><strong>opprobrio</strong></span> <span class='ocrx_word' id='word_1_716' title='bbox 3570 4938 3698 5025; x_wconf 67' lang='lat' dir='ltr'><strong>bre-</strong></span> 
     </span>
    </p>
   </div>
   <div class='ocr_carea' id='block_1_96' title="bbox 414 5016 1989 5087">
    <p class='ocr_par' dir='ltr' id='par_1_96' title="bbox 414 5016 1989 5087">
     <span class='ocr_line' id='line_1_98' title="bbox 414 5016 1989 5087; baseline -0.001 -15"><span class='ocrx_word' id='word_1_717' title='bbox 414 5025 679 5075; x_wconf 81' lang='lat' dir='ltr'><strong>lectorum</strong></span> <span class='ocrx_word' id='word_1_718' title='bbox 714 5020 895 5080; x_wconf 84' lang='lat' dir='ltr'><strong>sedes,</strong></span> <span class='ocrx_word' id='word_1_719' title='bbox 928 5026 982 5073; x_wconf 88' lang='lat' dir='ltr'><strong>et</strong></span> <span class='ocrx_word' id='word_1_720' title='bbox 1010 5032 1079 5072; x_wconf 77' lang='lat' dir='ltr'><strong>ex</strong></span> <span class='ocrx_word' id='word_1_721' title='bbox 1126 5032 1193 5071; x_wconf 91' lang='lat' dir='ltr'><strong>eo</strong></span> <span class='ocrx_word' id='word_1_722' title='bbox 1222 5026 1482 5087; x_wconf 84' lang='lat' dir='ltr'><strong>tanquam</strong></span> <span class='ocrx_word' id='word_1_723' title='bbox 1510 5033 1540 5071; x_wconf 91' lang='lat' dir='ltr'><strong>e</strong></span> <span class='ocrx_word' id='word_1_724' title='bbox 1573 5016 1710 5087; x_wconf 78' lang='lat' dir='ltr'><strong>solio</strong></span> <span class='ocrx_word' id='word_1_725' title='bbox 1760 5018 1848 5085; x_wconf 76' lang='lat' dir='ltr'><strong>(ex</strong></span> <span class='ocrx_word' id='word_1_726' title='bbox 1879 5034 1989 5087; x_wconf 83' lang='lat' dir='ltr'><strong>quo</strong></span> 
     </span>
    </p>
   </div>
   <div class='ocr_carea' id='block_1_97' title="bbox 411 5086 1990 5159">
    <p class='ocr_par' dir='ltr' id='par_1_97' title="bbox 411 5086 1990 5159">
     <span class='ocr_line' id='line_1_99' title="bbox 411 5086 1990 5159; baseline -0.002 -14"><span class='ocrx_word' id='word_1_727' title='bbox 411 5093 553 5147; x_wconf 89' lang='lat' dir='ltr'><strong>facta</strong></span> <span class='ocrx_word' id='word_1_728' title='bbox 604 5089 919 5159; x_wconf 80' lang='lat' dir='ltr'><strong>appellatio)</strong></span> <span class='ocrx_word' id='word_1_729' title='bbox 973 5102 1131 5159; x_wconf 87' lang='lat' dir='ltr'><strong>sacra</strong></span> <span class='ocrx_word' id='word_1_730' title='bbox 1161 5086 1479 5159; x_wconf 80' lang='lat' dir='ltr'><strong>communio</strong></span> <span class='ocrx_word' id='word_1_731' title='bbox 1510 5095 1565 5142; x_wconf 91' lang='lat' dir='ltr'><strong>et</strong></span> <span class='ocrx_word' id='word_1_732' title='bbox 1588 5086 1795 5143; x_wconf 84' lang='lat' dir='ltr'><strong>Christi</strong></span> <span class='ocrx_word' id='word_1_733' title='bbox 1844 5086 1990 5159; x_wconf 80' lang='lat' dir='ltr'><strong>regis</strong></span> 
     </span>
    </p>
   </div>
   <div class='ocr_carea' id='block_1_98' title="bbox 409 5158 1991 5232">
    <p class='ocr_par' dir='ltr' id='par_1_98' title="bbox 409 5158 1991 5232">
     <span class='ocr_line' id='line_1_100' title="bbox 409 5158 1991 5232; baseline -0.004 -17"><span class='ocrx_word' id='word_1_734' title='bbox 409 5178 611 5232; x_wconf 83' lang='lat' dir='ltr'><strong>corpus</strong></span> <span class='ocrx_word' id='word_1_735' title='bbox 644 5158 698 5214; x_wconf 89' lang='lat' dir='ltr'><strong>in</strong></span> <span class='ocrx_word' id='word_1_736' title='bbox 739 5160 999 5231; x_wconf 87' lang='lat' dir='ltr'><strong>populum</strong></span> <span class='ocrx_word' id='word_1_737' title='bbox 1035 5158 1406 5232; x_wconf 77' lang='lat' dir='ltr'><strong>distribuitur.</strong></span> <span class='ocrx_word' id='word_1_738' title='bbox 1464 5159 1517 5232; x_wconf 90' lang='lat' dir='ltr'><strong>l_n</strong></span> <span class='ocrx_word' id='word_1_739' title='bbox 1541 5174 1616 5232; x_wconf 77' lang='lat' dir='ltr'><strong>eo</strong></span> <span class='ocrx_word' id='word_1_740' title='bbox 1652 5168 1808 5213; x_wconf 89' lang='lat' dir='ltr'><strong>stans</strong></span> <span class='ocrx_word' id='word_1_741' title='bbox 1845 5158 1991 5213; x_wconf 89' lang='lat' dir='ltr'><strong>Con-</strong></span> 
     </span>
    </p>
   </div>
   <div class='ocr_carea' id='block_1_99' title="bbox 2098 5008 3697 5085">
    <p class='ocr_par' dir='ltr' id='par_1_99' title="bbox 2098 5008 3697 5085">
     <span class='ocr_line' id='line_1_101' title="bbox 2098 5008 3697 5085; baseline -0.008 -14"><span class='ocrx_word' id='word_1_742' title='bbox 2098 5008 2400 5072; x_wconf 77' lang='lat' dir='ltr'><strong>vissimatn.</strong></span> <span class='ocrx_word' id='word_1_743' title='bbox 2448 5015 2523 5069; x_wconf 87' lang='lat' dir='ltr'><strong>Ea</strong></span> <span class='ocrx_word' id='word_1_744' title='bbox 2580 5017 2725 5070; x_wconf 83' lang='lat' dir='ltr'><strong>enim</strong></span> <span class='ocrx_word' id='word_1_745' title='bbox 2774 5008 2859 5069; x_wconf 82' lang='lat' dir='ltr'><strong>est</strong></span> <span class='ocrx_word' id='word_1_746' title='bbox 2888 5008 3388 5085; x_wconf 44' lang='grc' dir='ltr'>άμανίκωτοςξίιι</span> <span class='ocrx_word' id='word_1_747' title='bbox 3436 5019 3521 5063; x_wconf 88' lang='lat' dir='ltr'><strong>est</strong></span> <span class='ocrx_word' id='word_1_748' title='bbox 3562 5008 3697 5061; x_wconf 78' lang='grc' dir='ltr'>ἄνευ</span> 
     </span>
    </p>
   </div>
   <div class='ocr_carea' id='block_1_100' title="bbox 2098 5085 3698 5155">
    <p class='ocr_par' dir='ltr' id='par_1_100' title="bbox 2098 5085 3698 5155">
     <span class='ocr_line' id='line_1_102' title="bbox 2098 5085 3698 5155; baseline -0.006 -15"><span class='ocrx_word' id='word_1_749' title='bbox 2098 5088 2385 5155; x_wconf 80' lang='grc' dir='ltr'>μανικίων,</span> <span class='ocrx_word' id='word_1_750' title='bbox 2422 5086 2676 5149; x_wconf 82' lang='lat' dir='ltr'><strong>manicis,</strong></span> <span class='ocrx_word' id='word_1_751' title='bbox 2721 5092 2781 5139; x_wconf 85' lang='lat' dir='ltr'><strong>ut</strong></span> <span class='ocrx_word' id='word_1_752' title='bbox 2812 5092 2986 5139; x_wconf 85' lang='lat' dir='ltr'><strong>totum</strong></span> <span class='ocrx_word' id='word_1_753' title='bbox 3020 5085 3307 5155; x_wconf 78' lang='lat' dir='ltr'><strong>involvens</strong></span> <span class='ocrx_word' id='word_1_754' title='bbox 3339 5094 3567 5155; x_wconf 78' lang='lat' dir='ltr'><strong>corpus,</strong></span> <span class='ocrx_word' id='word_1_755' title='bbox 3605 5094 3698 5131; x_wconf 82' lang='lat' dir='ltr'><strong>ca-</strong></span> 
     </span>
    </p>
   </div>
   <div class='ocr_carea' id='block_1_101' title="bbox 2097 5151 3695 5224">
    <p class='ocr_par' dir='ltr' id='par_1_101' title="bbox 2097 5151 3695 5224">
     <span class='ocr_line' id='line_1_103' title="bbox 2097 5151 3695 5224; baseline -0.007 -12"><span class='ocrx_word' id='word_1_756' title='bbox 2097 5151 2199 5214; x_wconf 79' lang='lat' dir='ltr'><strong>i&#39;et.</strong></span> <span class='ocrx_word' id='word_1_757' title='bbox 2234 5157 2462 5222; x_wconf 82' lang='grc' dir='ltr'>Κοντός,</span> <span class='ocrx_word' id='word_1_758' title='bbox 2500 5173 2608 5211; x_wconf 90' lang='lat' dir='ltr'><strong>non</strong></span> <span class='ocrx_word' id='word_1_759' title='bbox 2639 5165 2857 5210; x_wconf 85' lang='lat' dir='ltr'><strong>contam</strong></span> <span class='ocrx_word' id='word_1_760' title='bbox 2890 5156 3087 5219; x_wconf 92' lang='lat' dir='ltr'><strong>modo,</strong></span> <span class='ocrx_word' id='word_1_761' title='bbox 3145 5151 3430 5224; x_wconf 85' lang='lat' dir='ltr'><strong>sed_brevi</strong></span> <span class='ocrx_word' id='word_1_762' title='bbox 3462 5163 3695 5224; x_wconf 73' lang='lat' dir='ltr'><strong>quoque</strong></span> 
     </span>
    </p>
   </div>
   <div class='ocr_carea' id='block_1_102' title="bbox 410 5218 3695 5299">
    <p class='ocr_par' dir='ltr' id='par_1_102' title="bbox 410 5218 3695 5299">
     <span class='ocr_line' id='line_1_104' title="bbox 410 5218 3695 5299; baseline -0.005 -11"><span class='ocrx_word' id='word_1_763' title='bbox 410 5218 713 5298; x_wconf 73' lang='lat' dir='ltr'><strong>stantinns,</strong></span> <span class='ocrx_word' id='word_1_764' title='bbox 740 5218 1006 5299; x_wconf 69' lang='lat' dir='ltr'><strong>tanquam</strong></span> <span class='ocrx_word' id='word_1_765' title='bbox 1043 5229 1095 5281; x_wconf 89' lang='lat' dir='ltr'><strong>in</strong></span> <span class='ocrx_word' id='word_1_766' title='bbox 1121 5228 1267 5282; x_wconf 89' lang='lat' dir='ltr'><strong>edito</strong></span> <span class='ocrx_word' id='word_1_767' title='bbox 1290 5229 1993 5298; x_wconf 72' lang='lat' dir='ltr'><strong>approbriipmnarumque</strong></span> <span class='ocrx_word' id='word_1_768' title='bbox 2093 5218 2459 5299; x_wconf 54' lang='lat' dir='ltr'><strong>respondere</strong></span> <span class='ocrx_word' id='word_1_769' title='bbox 2488 5228 2607 5299; x_wconf 89' lang='lat' dir='ltr'><strong>lege</strong></span> <span class='ocrx_word' id='word_1_770' title='bbox 2662 5226 2808 5298; x_wconf 90' lang='lat' dir='ltr'><strong>apud</strong></span> <span class='ocrx_word' id='word_1_771' title='bbox 2877 5218 3203 5282; x_wconf 84' lang='lat' dir='ltr'><strong>Meursium.</strong></span> <span class='ocrx_word' id='word_1_772' title='bbox 3248 5221 3324 5276; x_wconf 88' lang='lat' dir='ltr'><strong>De</strong></span> <span class='ocrx_word' id='word_1_773' title='bbox 3366 5218 3529 5275; x_wconf 80' lang='lat' dir='ltr'><strong>sacco</strong></span> <span class='ocrx_word' id='word_1_774' title='bbox 3568 5218 3695 5273; x_wconf 85' lang='lat' dir='ltr'><strong>vide</strong></span> 
     </span>
    </p>
   </div>
   <div class='ocr_carea' id='block_1_103' title="bbox 411 5299 1991 5369">
    <p class='ocr_par' dir='ltr' id='par_1_103' title="bbox 411 5299 1991 5369">
     <span class='ocr_line' id='line_1_105' title="bbox 411 5299 1991 5369; baseline -0.003 -12"><span class='ocrx_word' id='word_1_775' title='bbox 411 5303 519 5357; x_wconf 88' lang='lat' dir='ltr'><strong>sibi</strong></span> <span class='ocrx_word' id='word_1_776' title='bbox 562 5302 891 5356; x_wconf 87' lang='lat' dir='ltr'><strong>inflictarum</strong></span> <span class='ocrx_word' id='word_1_777' title='bbox 934 5299 1309 5369; x_wconf 88' lang='lat' dir='ltr'><strong>spectaculum</strong></span> <span class='ocrx_word' id='word_1_778' title='bbox 1340 5299 1669 5354; x_wconf 65' lang='lat' dir='ltr'><strong>Christianae</strong></span> <span class='ocrx_word' id='word_1_779' title='bbox 1710 5300 1853 5369; x_wconf 89' lang='lat' dir='ltr'><strong>plebi</strong></span> <span class='ocrx_word' id='word_1_780' title='bbox 1890 5316 1991 5354; x_wconf 76' lang='lat' dir='ltr'><strong>ex-</strong></span> 
     </span>
    </p>
   </div>
   <div class='ocr_carea' id='block_1_104' title="bbox 411 5369 1596 5438">
    <p class='ocr_par' dir='ltr' id='par_1_104' title="bbox 411 5369 1596 5438">
     <span class='ocr_line' id='line_1_106' title="bbox 411 5369 1596 5438; baseline -0.007 -9"><span class='ocrx_word' id='word_1_781' title='bbox 411 5372 611 5429; x_wconf 88' lang='lat' dir='ltr'><strong>hihttit.</strong></span> <span class='ocrx_word' id='word_1_782' title='bbox 646 5373 994 5431; x_wconf 81' lang='lat' dir='ltr'><strong>Anastasius,</strong></span> <span class='ocrx_word' id='word_1_783' title='bbox 1027 5370 1081 5423; x_wconf 84' lang='lat' dir='ltr'><strong>in</strong></span> <span class='ocrx_word' id='word_1_784' title='bbox 1116 5369 1351 5423; x_wconf 80' lang='lat' dir='ltr'><strong>ecclesire</strong></span> <span class='ocrx_word' id='word_1_785' title='bbox 1376 5372 1596 5438; x_wconf 87' lang='lat' dir='ltr'><strong>gremio.</strong></span> 
     </span>
    </p>
   </div>
   <div class='ocr_carea' id='block_1_105' title="bbox 486 5440 1986 5515">
    <p class='ocr_par' dir='ltr' id='par_1_105' title="bbox 486 5440 1986 5515">
     <span class='ocr_line' id='line_1_107' title="bbox 486 5440 1986 5515; baseline -0.006 -15"><span class='ocrx_word' id='word_1_786' title='bbox 486 5446 600 5515; x_wconf 87' lang='lat'><strong>(99)</strong></span> <span class='ocrx_word' id='word_1_787' title='bbox 634 5444 833 5497; x_wconf 82' lang='lat' dir='ltr'><strong>Sedeat</strong></span> <span class='ocrx_word' id='word_1_788' title='bbox 866 5442 1126 5515; x_wconf 85' lang='lat' dir='ltr'><strong>episcopo</strong></span> <span class='ocrx_word' id='word_1_789' title='bbox 1167 5442 1220 5493; x_wconf 91' lang='lat' dir='ltr'><strong>in</strong></span> <span class='ocrx_word' id='word_1_790' title='bbox 1278 5442 1511 5515; x_wconf 81' lang='lat' dir='ltr'><strong>ecclesia</strong></span> <span class='ocrx_word' id='word_1_791' title='bbox 1564 5440 1878 5504; x_wconf 87' lang='lat' dir='ltr'><strong>editiorem,</strong></span> <span class='ocrx_word' id='word_1_792' title='bbox 1923 5455 1986 5491; x_wconf 77' lang='lat' dir='ltr'><strong>ex</strong></span> 
     </span>
    </p>
   </div>
   <div class='ocr_carea' id='block_1_106' title="bbox 410 5511 1988 5583">
    <p class='ocr_par' dir='ltr' id='par_1_106' title="bbox 410 5511 1988 5583">
     <span class='ocr_line' id='line_1_108' title="bbox 410 5511 1988 5583; baseline -0.004 -14"><span class='ocrx_word' id='word_1_793' title='bbox 410 5511 517 5583; x_wconf 81' lang='lat' dir='ltr'><strong>qua</strong></span> <span class='ocrx_word' id='word_1_794' title='bbox 557 5515 816 5583; x_wconf 86' lang='lat' dir='ltr'><strong>populum</strong></span> <span class='ocrx_word' id='word_1_795' title='bbox 847 5526 1065 5566; x_wconf 90' lang='lat' dir='ltr'><strong>omnem</strong></span> <span class='ocrx_word' id='word_1_796' title='bbox 1109 5511 1164 5564; x_wconf 91' lang='lat' dir='ltr'><strong>in</strong></span> <span class='ocrx_word' id='word_1_797' title='bbox 1214 5512 1450 5583; x_wconf 83' lang='lat' dir='ltr'><strong>ecclesia</strong></span> <span class='ocrx_word' id='word_1_798' title='bbox 1487 5520 1823 5583; x_wconf 86' lang='lat' dir='ltr'><strong>prospectat.</strong></span> <span class='ocrx_word' id='word_1_799' title='bbox 1865 5521 1920 5565; x_wconf 91' lang='lat' dir='ltr'><strong>et</strong></span> <span class='ocrx_word' id='word_1_800' title='bbox 1961 5528 1988 5563; x_wconf 80' lang='grc' dir='ltr'><strong>ιι</strong></span> 
     </span>
    </p>
   </div>
   <div class='ocr_carea' id='block_1_107' title="bbox 409 5581 1988 5653">
    <p class='ocr_par' dir='ltr' id='par_1_107' title="bbox 409 5581 1988 5653">
     <span class='ocr_line' id='line_1_109' title="bbox 409 5581 1988 5653; baseline -0.006 -11"><span class='ocrx_word' id='word_1_801' title='bbox 409 5581 640 5642; x_wconf 73' lang='lat' dir='ltr'><strong>dextris</strong></span> <span class='ocrx_word' id='word_1_802' title='bbox 676 5583 1031 5653; x_wconf 87' lang='lat' dir='ltr'><strong>sinistrisque</strong></span> <span class='ocrx_word' id='word_1_803' title='bbox 1079 5581 1398 5653; x_wconf 83' lang='lat' dir='ltr'><strong>sacerdotes</strong></span> <span class='ocrx_word' id='word_1_804' title='bbox 1447 5582 1620 5653; x_wconf 20' lang='lat' dir='ltr'><strong>habet,</strong></span> <span class='ocrx_word' id='word_1_805' title='bbox 1649 5596 1988 5643; x_wconf 85' lang='lat' dir='ltr'><strong>assessores,</strong></span> 
     </span>
    </p>
   </div>
   <div class='ocr_carea' id='block_1_108' title="bbox 411 5652 1988 5740">
    <p class='ocr_par' dir='ltr' id='par_1_108' title="bbox 411 5652 1988 5740">
     <span class='ocr_line' id='line_1_110' title="bbox 411 5652 1988 5740; baseline -0.004 -29"><span class='ocrx_word' id='word_1_806' title='bbox 411 5654 707 5740; x_wconf 55' lang='grc' dir='ltr'>σύνθρονον</span> <span class='ocrx_word' id='word_1_807' title='bbox 751 5654 1031 5735; x_wconf 70' lang='lat' dir='ltr'><strong>existima.</strong></span> <span class='ocrx_word' id='word_1_808' title='bbox 1091 5652 1509 5724; x_wconf 82' lang='lat' dir='ltr'><strong>Euchologium.</strong></span> <span class='ocrx_word' id='word_1_809' title='bbox 1582 5652 1988 5708; x_wconf 79' lang='lat' dir='ltr'><strong>Coucessiouem</strong></span> 
     </span>
    </p>
   </div>
   <div class='ocr_carea' id='block_1_109' title="bbox 411 5724 969 5800">
    <p class='ocr_par' dir='ltr' id='par_1_109' title="bbox 411 5724 969 5800">
     <span class='ocr_line' id='line_1_111' title="bbox 411 5724 969 5800; baseline -0.007 -19"><span class='ocrx_word' id='word_1_810' title='bbox 411 5724 595 5800; x_wconf 82' lang='lat' dir='ltr'><strong>posuit</strong></span> <span class='ocrx_word' id='word_1_811' title='bbox 609 5724 969 5800; x_wconf 35' lang='lat' dir='ltr'><strong>Anastasius.</strong></span> 
     </span>
    </p>
   </div>
   <div class='ocr_carea' id='block_1_110' title="bbox 483 5792 1982 5869">
    <p class='ocr_par' dir='ltr' id='par_1_110' title="bbox 483 5792 1982 5869">
     <span class='ocr_line' id='line_1_112' title="bbox 483 5792 1982 5869; baseline -0.004 -18"><span class='ocrx_word' id='word_1_812' title='bbox 483 5800 559 5869; x_wconf 78' lang='grc' dir='ltr'><strong>(Ι)</strong></span> <span class='ocrx_word' id='word_1_813' title='bbox 607 5797 732 5852; x_wconf 63' lang='grc' dir='ltr'>ηερε</span> <span class='ocrx_word' id='word_1_814' title='bbox 766 5803 850 5855; x_wconf 87' lang='lat' dir='ltr'><strong>est</strong></span> <span class='ocrx_word' id='word_1_815' title='bbox 884 5810 1047 5865; x_wconf 87' lang='lat' dir='ltr'><strong>quam</strong></span> <span class='ocrx_word' id='word_1_816' title='bbox 1080 5792 1481 5866; x_wconf 80' lang='lat' dir='ltr'><strong>depositionem</strong></span> <span class='ocrx_word' id='word_1_817' title='bbox 1527 5793 1726 5850; x_wconf 86' lang='lat' dir='ltr'><strong>realetn</strong></span> <span class='ocrx_word' id='word_1_818' title='bbox 1764 5804 1982 5857; x_wconf 85' lang='lat' dir='ltr'><strong>vocant,</strong></span> 
     </span>
    </p>
   </div>
   <div class='ocr_carea' id='block_1_111' title="bbox 2096 5298 3563 5372">
    <p class='ocr_par' dir='ltr' id='par_1_111' title="bbox 2096 5298 3563 5372">
     <span class='ocr_line' id='line_1_113' title="bbox 2096 5298 3563 5372; baseline 0.014 -20"><span class='ocrx_word' id='word_1_819' title='bbox 2096 5298 2489 5372; x_wconf 76' lang='lat' dir='ltr'><strong>Euchologica.</strong></span> <span class='ocrx_word' id='word_1_820' title='bbox 2552 5298 2565 5372; x_wconf 33' lang='grc' dir='ltr'>ζ</span> <span class='ocrx_word' id='word_1_821' title='bbox 2991 5365 3022 5372; x_wconf 54' lang='grc' dir='ltr'>η</span> <span class='ocrx_word' id='word_1_822' title='bbox 3193 5362 3205 5372; x_wconf 87' lang='grc'><strong>,</strong></span> <span class='ocrx_word' id='word_1_823' title='bbox 3412 5360 3472 5372; x_wconf 80' lang='lat'><strong>._</strong></span> <span class='ocrx_word' id='word_1_824' title='bbox 3550 5358 3563 5372; x_wconf 92' lang='lat'><strong>.</strong></span> 
     </span>
    </p>
   </div>
   <div class='ocr_carea' id='block_1_112' title="bbox 2171 5360 3680 5439">
    <p class='ocr_par' dir='ltr' id='par_1_112' title="bbox 2171 5360 3680 5439">
     <span class='ocr_line' id='line_1_114' title="bbox 2171 5360 3680 5439; baseline -0.009 -14"><span class='ocrx_word' id='word_1_825' title='bbox 2171 5370 2251 5439; x_wconf 76' lang='lat'><strong>(5)</strong></span> <span class='ocrx_word' id='word_1_826' title='bbox 2309 5360 2658 5433; x_wconf 63' lang='lat' dir='ltr'><strong>Anastasius,</strong></span> <span class='ocrx_word' id='word_1_827' title='bbox 2714 5376 2770 5423; x_wconf 90' lang='lat' dir='ltr'><strong>et</strong></span> <span class='ocrx_word' id='word_1_828' title='bbox 2820 5365 3084 5439; x_wconf 85' lang='lat' dir='ltr'><strong>Miscella,</strong></span> <span class='ocrx_word' id='word_1_829' title='bbox 3133 5362 3205 5416; x_wconf 84' lang='lat' dir='ltr'><strong>ad</strong></span> <span class='ocrx_word' id='word_1_830' title='bbox 3273 5360 3680 5439; x_wconf 61' lang='lat' dir='ltr'><strong>consistorium.</strong></span> 
     </span>
    </p>
   </div>
   <div class='ocr_carea' id='block_1_113' title="bbox 2100 5434 3697 5511">
    <p class='ocr_par' dir='ltr' id='par_1_113' title="bbox 2100 5434 3697 5511">
     <span class='ocr_line' id='line_1_115' title="bbox 2100 5434 3697 5511; baseline -0.008 -17"><span class='ocrx_word' id='word_1_831' title='bbox 2100 5434 2341 5511; x_wconf 73' lang='lat' dir='ltr'><strong>Optime.</strong></span> <span class='ocrx_word' id='word_1_832' title='bbox 2374 5440 2520 5496; x_wconf 81' lang='lat' dir='ltr'><strong>Circi</strong></span> <span class='ocrx_word' id='word_1_833' title='bbox 2554 5451 2737 5495; x_wconf 89' lang='lat' dir='ltr'><strong>tamen</strong></span> <span class='ocrx_word' id='word_1_834' title='bbox 2763 5438 3011 5505; x_wconf 84' lang='lat' dir='ltr'><strong>intellige</strong></span> <span class='ocrx_word' id='word_1_835' title='bbox 3037 5444 3237 5511; x_wconf 80' lang='lat' dir='ltr'><strong>metam</strong></span> <span class='ocrx_word' id='word_1_836' title='bbox 3266 5442 3321 5487; x_wconf 91' lang='lat' dir='ltr'><strong>et</strong></span> <span class='ocrx_word' id='word_1_837' title='bbox 3355 5434 3558 5511; x_wconf 71' lang='lat' dir='ltr'><strong>locum,</strong></span> <span class='ocrx_word' id='word_1_838' title='bbox 3586 5443 3697 5499; x_wconf 93' lang='lat' dir='ltr'><strong>quo</strong></span> 
     </span>
    </p>
   </div>
   <div class='ocr_carea' id='block_1_114' title="bbox 2099 5500 3691 5581">
    <p class='ocr_par' dir='ltr' id='par_1_114' title="bbox 2099 5500 3691 5581">
     <span class='ocr_line' id='line_1_116' title="bbox 2099 5500 3691 5581; baseline -0.008 -16"><span class='ocrx_word' id='word_1_839' title='bbox 2099 5500 2224 5579; x_wconf 76' lang='lat' dir='ltr'><strong>equi</strong></span> <span class='ocrx_word' id='word_1_840' title='bbox 2250 5526 2563 5580; x_wconf 90' lang='lat' dir='ltr'><strong>currusque</strong></span> <span class='ocrx_word' id='word_1_841' title='bbox 2593 5518 2817 5581; x_wconf 87' lang='lat' dir='ltr'><strong>peracto</strong></span> <span class='ocrx_word' id='word_1_842' title='bbox 2839 5500 3008 5581; x_wconf 75' lang='lat' dir='ltr'><strong>cursu</strong></span> <span class='ocrx_word' id='word_1_843' title='bbox 3042 5500 3691 5581; x_wconf 39' lang='lat' dir='ltr'><strong>cattsistunt.‘_llinc.re-</strong></span> 
     </span>
    </p>
   </div>
   <div class='ocr_carea' id='block_1_115' title="bbox 2098 5571 3696 5647">
    <p class='ocr_par' dir='ltr' id='par_1_115' title="bbox 2098 5571 3696 5647">
     <span class='ocr_line' id='line_1_117' title="bbox 2098 5571 3696 5647; baseline -0.009 -10"><span class='ocrx_word' id='word_1_844' title='bbox 2098 5571 2312 5637; x_wconf 76' lang='lat' dir='ltr'><strong>centius</strong></span> <span class='ocrx_word' id='word_1_845' title='bbox 2367 5571 2608 5638; x_wconf 50' lang='lat' dir='ltr'><strong>verbum.</strong></span> <span class='ocrx_word' id='word_1_846' title='bbox 2658 5576 2963 5647; x_wconf 80' lang='grc' dir='ltr'>σταματῶ,</span> <span class='ocrx_word' id='word_1_847' title='bbox 3020 5584 3075 5629; x_wconf 87' lang='lat' dir='ltr'><strong>et</strong></span> <span class='ocrx_word' id='word_1_848' title='bbox 3133 5572 3475 5647; x_wconf 73' lang='grc' dir='ltr'>σταματίζω,</span> <span class='ocrx_word' id='word_1_849' title='bbox 3538 5571 3696 5647; x_wconf 79' lang='lat' dir='ltr'><strong>sisto,</strong></span> 
     </span>
    </p>
   </div>
   <div class='ocr_carea' id='block_1_116' title="bbox 2098 5642 3693 5720">
    <p class='ocr_par' dir='ltr' id='par_1_116' title="bbox 2098 5642 3693 5720">
     <span class='ocr_line' id='line_1_118' title="bbox 2098 5642 3693 5720; baseline -0.005 -15"><span class='ocrx_word' id='word_1_850' title='bbox 2098 5653 2350 5716; x_wconf 80' lang='lat' dir='ltr'><strong>consisto,</strong></span> <span class='ocrx_word' id='word_1_851' title='bbox 2413 5662 2681 5720; x_wconf 79' lang='lat' dir='ltr'><strong>exspecto.</strong></span> <span class='ocrx_word' id='word_1_852' title='bbox 2725 5642 2948 5717; x_wconf 80' lang='grc' dir='ltr'>Στάμαν</span> <span class='ocrx_word' id='word_1_853' title='bbox 3011 5647 3156 5715; x_wconf 81' lang='lat' dir='ltr'><strong>leges</strong></span> <span class='ocrx_word' id='word_1_854' title='bbox 3207 5642 3349 5712; x_wconf 81' lang='lat' dir='ltr'><strong>apud</strong></span> <span class='ocrx_word' id='word_1_855' title='bbox 3388 5642 3693 5699; x_wconf 70' lang='lat' dir='ltr'><strong>.“Clll&#39;Sllllll</strong></span> 
     </span>
    </p>
   </div>
   <div class='ocr_carea' id='block_1_117' title="bbox 2098 5720 3296 5791">
    <p class='ocr_par' dir='ltr' id='par_1_117' title="bbox 2098 5720 3296 5791">
     <span class='ocr_line' id='line_1_119' title="bbox 2098 5720 3296 5791; baseline -0.008 -13"><span class='ocrx_word' id='word_1_856' title='bbox 2098 5725 2382 5778; x_wconf 81' lang='lat' dir='ltr'><strong>stationem</strong></span> <span class='ocrx_word' id='word_1_857' title='bbox 2425 5724 2570 5779; x_wconf 83' lang='lat' dir='ltr'><strong>haud</strong></span> <span class='ocrx_word' id='word_1_858' title='bbox 2606 5724 2783 5791; x_wconf 74' lang='lat' dir='ltr'><strong>inepte</strong></span> <span class='ocrx_word' id='word_1_859' title='bbox 2817 5720 3296 5787; x_wconf 81' lang='lat' dir='ltr'><strong>interpretantem.</strong></span> 
     </span>
    </p>
   </div>
  </div>
