4100 6432
467 323 573 392 891

1869 316 2367 376 TIIEOPHANIS

3651 331 3756 396 392

467 432 705 504 pedibus
733 433 1080 494 conculcato,
1111 445 1140 484 e
1171 428 1474 483 factionum
1510 425 1736 494 regione
1775 424 2067 478 considen-

2175 425 2266 477 τὸν
2290 428 2560 498 τράχηλον
2585 429 2782 482 αὑτοῦ·
2818 431 2909 484 καὶ
2941 433 3271 501 καθίσαντες
3304 438 3469 492 αὐτον
3491 443 3761 500 ἀπέναντι

467 512 574 582 tem
601 528 768 588 sales,
830 525 1016 592 jocos,
1058 516 1292 572 ludibria
1333 516 1386 569 in
1418 529 1478 570 se
1509 514 1863 578 deblaterata,
1893 512 2072 567 donec

467 622 887 676 absolverentur
911 614 1044 678 ludi,
1066 617 1364 680 coegerunt
1393 607 1606 662 audire.
1621 607 1700 660 Ad
1725 607 1840 661 haec
1865 606 2072 661 mensis

469 714 697 783 Augusti
753 710 842 762 die
904 707 1117 760 decimo
1162 703 1381 772 quinto,
1421 701 1606 756 missis
1636 701 1703 754 ad
1736 717 1863 756 cum
1897 701 2071 769 patri-

467 805 600 868 ciis,
639 804 940 870 interrogat
977 795 1166 861 :Quid
1205 795 1268 848 de
1307 795 1414 864 ﬁde
1461 803 1671 854 nostra,
1709 802 1758 846 et
1808 810 1870 847 ea
1908 810 2070 862 quant

469 895 755 950 habuimus
801 891 1002 962 synodo
1047 889 1257 943 sentis?
1294 887 1343 942 Is
1375 901 1506 942 vero
1545 887 1714 941 animi
1749 887 1908 956 plane
1940 887 2066 941 vani

471 990 762 1044 homuncio
793 1007 805 1041 :
843 986 1069 1054 Optime,
1133 983 1445 1052 respondet,
1495 981 1688 1046 credis,
1718 991 1767 1034 et
1801 982 2072 1051 synodum

469 1090 608 1135 recte
639 1077 942 1143 celebrasti,
984 1076 1247 1129 nimirum
1303 1076 1407 1127 hoc
1464 1083 1626 1142 pacto
1675 1073 2062 1140 imperatorem

469 1189 661 1228 rursus
715 1173 935 1241 placare
993 1185 1244 1238 sperans.
1289 1166 1366 1220 Illi
1413 1167 1538 1220 dato
1594 1179 1860 1234 responso
1903 1165 2068 1221 citi-us

468 1264 818 1319 subinferunl
841 1281 854 1316 :
887 1261 1001 1314 Hoc
1025 1276 1185 1313 unum
1211 1267 1344 1320 erat,
1373 1257 1512 1326 quod
1535 1270 1601 1336 eaf
1617 1257 1827 1325 impuro
1855 1272 1944 1311 ore
1970 1267 2060 1311 tuo

470 1359 656 1411 (ordire
671 1356 1000 1411 volebamus.
1021 1352 1175 1405 Nunc
1198 1353 1378 1420 itaque
1399 1352 1454 1403 in
1481 1349 1718 1402 tenebras
1735 1358 1781 1402 et
1801 1350 1853 1401 in
1872 1350 2068 1402 ntalem

469 1446 652 1500 haram
671 1461 848 1514 perge.
873 1443 1060 1512 Itaque
1096 1442 1368 1496 sententia
1393 1439 1448 1494 in
1468 1455 1590 1493 eum
1615 1440 1720 1494 lata
1741 1442 1793 1493 in
1817 1439 2068 1511 Cynegio

469 1540 647 1608 capite
666 1546 953 1593 truncatus
973 1544 1077 1590 est.
1105 1533 1239 1600 Ejus
1264 1548 1430 1612 porro
1447 1541 1612 1602 caput
1636 1532 1861 1588 auribus
1882 1532 2071 1587 devin-

472 1641 620 1684 ctum
667 1629 720 1684 in
763 1627 909 1682 Milia
958 1643 1054 1697 per
1084 1626 1380 1680 continuos
1410 1631 1521 1679 tres
1551 1624 1669 1678 dies
1698 1623 1898 1693 populo
1935 1639 2067 1692 spe-

471 1723 730 1775 claudum
789 1720 1164 1789 suspendere,
1216 1733 1416 1786 corpus
1479 1725 1661 1772 autem
1721 1717 1952 1770 rudente
1999 1717 2063 1771 ad

472 1814 660 1883 pedem
716 1813 936 1883 alligata
971 1821 1206 1865 tractum
1240 1825 1366 1876 cum
1403 1818 1579 1862 morte
1610 1808 1844 1862 violenta
1875 1809 2063 1863 subla-
2100 1783 2142 1839 Β

474 1918 651 1960 turum
683 1906 1044 1960 cadaveribus
1093 1903 1394 1974 projecere,
1426 1918 1489 1956 ac
1517 1903 1721 1972 pariter
1753 1913 1915 1972 caput
1942 1914 2066 1972 post

474 1999 616 2052 idem
673 1998 886 2052 dierum
943 1996 1110 2052 trium
1168 1995 1407 2064 spatium
1470 1995 1772 2064 suspendio
1827 1996 2066 2049 solutum

472 2089 602 2143 illuc
651 2089 844 2144 eodem
893 2087 1275 2156 deportaverc.
1310 2084 1354 2140 Ο
1384 2084 1681 2149 feritatem,
1707 2101 1740 2139 o
1775 2086 2069 2140 crudelita-

472 2189 577 2235 tem
617 2191 673 2235 et
708 2180 1022 2234 inhumanae
1059 2179 1210 2235 illius
1241 2179 1436 2234 belluas
1462 2179 1849 2232 truculentiam
1879 2177 2072 2249 llNun-

471 2274 600 2340 quid
636 2289 853 2328 sacrum
889 2273 1170 2328 lavacrum
1201 2273 1438 2326 revereri
1476 2287 1581 2326 non
1615 2271 1876 2326 debuerat
1904 2272 2068 2326 lunno

473 2366 760 2434 perditus?
790 2367 936 2420 Duos
955 2367 1154 2435 quippe
1181 2366 1300 2434 ejus
1335 2365 1536 2420 liberos
1558 2381 1624 2418 ex
1652 2365 1809 2420 tertia
1835 2366 2070 2437 conjuge

414 2434 431 2448 .
471 2467 631 2511 natos
658 2459 800 2512 inter
823 2459 980 2512 ulnas
999 2458 1306 2527 patriarcha
1327 2467 1637 2526 exceperat,
1660 2473 1852 2512 verum
1877 2457 2070 2514 ferinis

470 2550 718 2604 moribus
747 2550 984 2620 agitatus
1015 2551 1214 2604 aniuuc
1247 2565 1475 2619 prorsus
1509 2547 1698 2604 ferinze
1743 2563 2068 2620 argumenta

472 2642 643 2697 dedit.
674 2641 942 2696 Caeterum
981 2642 1049 2696 ab
1080 2641 1184 2697 hoc
1219 2650 1465 2711 tempore
1513 2641 1709 2710 majori
1759 2643 1982 2696 vesania
2015 2644 2068 2696 in

473 2747 698 2793 sanctas
748 2736 838 2792 Dei
904 2735 1170 2791 ecclesias
1227 2733 1526 2788 ferebatur.
1578 2732 1727 2786 Misit
1787 2732 1931 2785 cnim
1977 2723 2069 2798 qui

473 2832 696 2885 Petrum
717 2829 1080 2886 venerabilem
1098 2828 1516 2884 columnicolam
1550 2841 1580 2882 a
1617 2836 1766 2895 petra
1804 2822 2065 2879 exturba-

477 2931 560 2975 ret
595 2936 828 2990 eumque
862 2921 1207 2991 dogmatibus
1236 2919 1351 2976 Suis
1385 2927 1772 2987 repugnantem
1794 2915 1856 2986 (ι)
1881 2916 2063 2968 vivum

476 3013 705 3082 pedibus
745 3012 983 3067 vinctum
1015 3027 1079 3066 ac
1124 3028 1217 3082 per
1259 3012 1466 3067 medias
1518 3011 1670 3064 urbis
1713 3008 1827 3064 vias
1859 3019 2068 3078 pertra-

2175 519 2282 571 τῶν
2313 520 2525 588 δήμων,
2557 522 2760 592 ἤκουεν
2787 526 2918 596 παρ’
2942 527 3126 580 αὐτῶν
3164 535 3517 597 σκωπτικοϋς
3549 537 3762 606 λόγους,

2178 611 2286 674 ἕως
2317 612 2416 682 τῆς
2448 614 2768 679 ἀπολύσεως
2796 617 2892 670 τοῦ
2929 620 3181 676 ἱππικοῦ.
3208 624 3319 676 Καὶ
3341 628 3406 695 τῇ
3438 634 3497 680 ιε’
3524 629 3620 682 τοῦ
3653 633 3764 686 Αὐ-

2173 704 2407 773 γούστου
2431 707 2603 777 μηνὸς
2627 709 2840 778 πέμπει
2856 711 2900 742 ⁷⁸
2924 712 3061 780 πρὸς
3079 715 3246 770 αὑτὸν
3269 719 3394 782 τοὺς
3413 725 3761 791 πατρικίους,

2174 799 2268 852 καὶ
2316 799 2467 867 λέγει
2497 801 2752 871 αὑτῷπο
2793 804 2856 857 Τί
2903 807 3106 874 λέγεις
3157 809 3291 876 περὶ
3337 811 3448 879 τῆς
3505 814 3762 884 πίστεως

2173 890 2343 959 ἡμῶν
2374 891 2475 946 καὶ
2518 892 2630 962 τῆς
2659 895 2932 952 συνόδου
2961 893 3037 967 ἧς
3067 900 3114 932 ⁷⁸
3161 900 3578 972 ἐποιήσαμεν;
3621 907 3680 961 '0
3707 909 3761 961 δὲ

2177 982 2514 1052 ματαιωθεὶς
2559 986 2660 1050 τὰς
2695 989 2898 1057 φρένας
2945 990 3244 1062 ἀπεκρίθη,
3291 995 3373 1048 ὅτι
3400 997 3614 1064 Καλῶς
3662 1001 3764 1055 καὶ

2173 1079 2498 1144 πιστεύεις.
2529 1079 2629 1134 καί
2659 1081 2774 1149 τὴν
2805 1083 3076 1138 σύνοδον
3109 1088 3472 1155 πεποίηκας,
3518 1091 3766 1160 οἰόμενος

2171 1167 2260 1220 διὰ
2287 1167 2480 1222 τούτου
2517 1170 2683 1224 πάλιν
2715 1172 3172 1242 ἐξευμενίσασθαι
3198 1178 3384 1232 αὐτόν.
3417 1179 3482 1231 Οἱ
3511 1180 3569 1234 δὲ
3603 1182 3766 1237 εὐθυ-

2175 1259 2346 1324 ϐὁλως
2374 1261 2770 1333 ἀποκριθέντες
2793 1260 2946 1319 εἶπον
2965 1283 2981 1299 ο
3026 1267 3227 1337 Ἡμεῖς
3256 1271 3437 1326 τοῦτο
3466 1275 3768 1345 ἠθέλομεν·

2172 1351 2433 1408 ἀκοῦσαι
2473 1355 2541 1408 ἐκ
2568 1355 2675 1409 τοῦ
2728 1358 2948 1426 μιαροῦ
2991 1376 3110 1414 σου
3153 1363 3475 1432 στόματος.
3519 1367 3664 1424 Ἀπὸ
3695 1369 3772 1422 δὲ.

2172 1445 2279 1498 τοῦ
2309 1445 2428 1500 νῦν
2455 1447 2682 1504 ἄπελθε
2722 1454 2810 1517 εὶς
2842 1451 2908 1505 τὸ
2959 1455 3184 1520 σκότος
3225 1457 3325 1510 καὶ
3371 1460 3460 1525 εις
3504 1459 3572 1513 τὸ
3614 1462 3765 1517 ἀνά-

2173 1541 2324 1607 θεμα
2344 1554 2358 1568 ⁸
2397 1541 2490 1594 xal.
2516 1541 2662 1595 οὕτω
2689 1542 2871 1596 λαϐὼν
2903 1547 3003 1616 τὴν
3033 1546 3314 1615 ἀπόφασιν
3343 1550 3766 1627 ἁπεκιφαλίσθη

2173 1630 2254 1692 είς
2285 1630 2346 1683 τὸ
2369 1632 2668 1702 κυνήγιον.
2703 1635 2814 1688 Καὶ
2843 1635 2942 1708 τὴν
2974 1638 3071 1708 μὲν
3102 1640 3348 1712 κεφαλὴν
3381 1643 3547 1697 αὐτοῦ
3570 1646 3633 1698 ὲκ
3655 1645 3768 1701 τῶν

2171 1719 2325 1776 ὢτων
2371 1723 2659 1794 δήσαντες,
2695 1727 2788 1780 ἓπὶ
2837 1730 3017 1798 τρισὶν
3069 1733 3307 1803 ἡμέραις
3362 1738 3422 1789 ἐν
3469 1738 3548 1809 τῷ
3585 1741 3768 1812 Μιλίῳ

2171 1814 2490 1884 ἐκρέμασαν
2519 1819 2596 1879 εἰς
2621 1817 2844 1885 ἔνδειξιν
2876 1823 2919 1853 ⁷⁷
2950 1822 3044 1876 τοῦ
3077 1823 3229 1880 λαοῦ.
3265 1827 3339 1880 Τὸ
3371 1829 3429 1882 δὲ
3469 1828 3630 1900 σῶμα
3661 1833 3766 1884 αὑ-

2170 1908 2266 1960 τοῦ
2290 1907 2554 1978 δήσαντες
2584 1910 2833 1984 καλωδίῳ
2854 1914 2948 1967 τὸν
2969 1917 3108 1970 πόδα
3135 1917 3273 1988 μετὰ
3293 1920 3402 1972 τῶν
3426 1921 3766 1990 βιοθανάτων

2171 2001 2406 2074 “sauia”
2426 2019 2439 2032 '
2472 2005 2676 2073 ὁμοίως
2695 2006 2788 2059 καὶ
2807 2006 2907 2074 τὴν
2928 2008 3171 2080 κεφαλὴν
3190 2009 3358 2064 αὑτοῦ
3387 2015 3527 2083 μετά
3547 2017 3696 2083 τρεῖς
3721 2017 3782 2050 ⁷⁸-

2177 2095 2394 2163 ἡμέρας
2433 2096 2820 2165 ,ἀπαγαγόντες
2850 2098 3103 2170 ἔρριψαν.
3151 2103 3213 2154 Ὢ
3237 2103 3339 2172 τῆς
3384 2103 3611 2173 ἀλογίας
3667 2109 3766 2160 καὶ

2172 2186 2462 2256 ὠμότητος
2517 2189 2614 2242 καὶ
2663 2188 3046 2260 ἀσπλαγχνίας
3073 2190 3168 2245 τοῦ
3223 2193 3519 2264 ἀνημέρου.
3556 2195 3762 2266 θηρόςι

2175 2275 2289 2330 Οὐκ
2333 2276 2534 2348 ᾐδέσθη
2585 2277 2684 2349 τὴν
2726 2280 2890 2346 ἁγίαν
2927 2281 3320 2356 κολυμϐήθραν
3355 2285 3429 2356 (4)
3471 2287 3499 2339 ὁ
3541 2286 3774 2356 ἄθλιος;;

2174 2369 2279 2424 Δύο
2313 2371 2422 2442 γὰρ
2463 2372 2632 2426 τέκνα
2679 2371 2848 2426 αὑτοῦ
2894 2377 2958 2428 ὲκ
3007 2375 3110 2445 τῆς
3153 2377 3346 2449 τρίτης
3391 2382 3656 2446 γυναικὸς
3706 2384 3766 2436 ὲν

2172 2465 2296 2526 ταῖς
2325 2463 2598 2532 ἀγκάλαις
2643 2463 2811 2519 αὐτοῦ
2844 2466 3142 2538 δεξάμενος
3177 2465 3266 2541 ἦν.
3316 2472 3557 2527 Πάντοτε
3589 2470 3687 2529 οὖν
3720 2477 3766 2511 ⁷⁸

2178 2556 2453 2630 θηριώδης
2483 2559 2576 2612 τὸν
2605 2559 2809 2630 τρόπον
2836 2561 2930 2615 καὶ
2957 2563 3235 2635 ἀνήμερος
3263 2560 3353 2636 ἦν.
3394 2567 3526 2620 Ἀπὸ
3551 2569 3609 2622 δὲ
3631 2570 3763 2623 τοὺ.

2181 2666 2275 2702 του
2311 2648 2404 2702 τοῦ
2435 2650 2628 2720 χρόνου
2653 2650 2863 2708 πλείονι
2890 2654 3060 2727 μανίᾳ
3083 2655 3228 2710 κατὰ
3249 2656 3356 2710 τῶν
3375 2658 3547 2726 ἁγίων
3570 2661 3767 2730 ἐκκλη-

2175 2739 2305 2794 σιῶν
2341 2743 2634 2812 ὲχρήσατο.
2669 2742 3024 2808 Ἀποστείλας
3063 2747 3173 2817 γὰρ
3216 2749 3526 2818 κατήνεγκε
3557 2751 3791 2823 Πέτρον.

2170 2832 2263 2885 τὸν
2291 2832 2538 2902 ἀοίδιμον
2580 2835 2838 2907 στυλίτην
2875 2837 2984 2892 ἀπὸ
3010 2839 3241 2910 πέτρας,
3282 2841 3378 2895 καὶ
3420 2843 3496 2913 μὴ
3527 2841 3572 2875 ⁸⁰
3606 2843 3767 2898 ὑπείη

2173 2920 2342 2987 ξαντα
2375 2927 2491 2988 τοῖς
2514 2926 2786 2996 δόγμασιν
2815 2929 2987 2984 αὐτοῦ
3020 2931 3199 2995 ζῶντα
3233 2934 3401 3004 δήσας
3424 2935 3534 2988 τῶν
3562 2936 3790 3001 ποδῶν,,,

2172 3015 2229 3068 sv
2281 3017 2393 3079 τοῖς
2447 3018 2735 3086 Πελαγίοις
2787 3022 2866 3092 (5)
2922 3024 3020 3078 καὶ
3070 3025 3264 3079 τοῦτον
3307 3027 3395 3080 διὰ
3451 3029 3550 3100 τῆς
3591 3030 3766 3100 μέσης

479 3119 624 3162 ctum
647 3109 788 3162 inter
809 3105 1009 3178 Pelagii
1034 3109 1302 3161 cadavera
1337 3106 1527 3176 projici
1565 3107 1749 3175 jussit,
1776 3104 1912 3160 alios
1936 3118 2067 3158 vero

2174 3109 2477 3180 συρόμενον
2546 3113 2804 3168 ἐκέλευσε
2875 3119 3121 3188 ῥιφῆναι,
3173 3120 3368 3185 ἄλλους
3414 3123 3474 3176 ἐν
3536 3123 3766 3189 σάκκοις

478 3201 656 3254 saccis
689 3198 928 3255 inclusos
975 3198 1360 3267 lapidibusque
1413 3199 1739 3269 degravatos
1787 3198 1839 3250 in
1892 3195 2068 3265 pelagi

473 3287 806 3357 profundum
859 3288 1123 3356 demergi.
1184 3286 1486 3342 Oculorum
1543 3285 1829 3351 orbitates,
1882 3287 2069 3342 conci-

473 3379 662 3435 siones
719 3379 959 3444 narium,
1007 3379 1305 3449 flagrorum
1349 3377 1748 3443 lacerationes,
1802 3386 1858 3432 et
1905 3395 2070 3432 omne

473 3471 870 3539 suppliciorum
893 3486 1066 3541 genus
1095 3470 1363 3525 adversus
1399 3468 1688 3538 religiosos
1711 3469 1935 3524 molitus
1959 3479 2063 3523 est.

471 3559 538 3615 Et
563 3562 676 3616 haec
703 3561 922 3631 quidem
955 3562 1008 3616 in
1047 3565 1182 3617 urbe
1210 3561 1278 3616 ab
1298 3562 1632 3631 imperatore
1661 3561 1984 3630 agebantur,
2013 3569 2067 3615 et

472 3670 501 3707 a
528 3655 742 3710 caeteris
775 3655 868 3724 qui
893 3669 1014 3709 cum
1043 3669 1108 3708 eo
1138 3652 1590 3722 sentiebant,per
1616 3651 1911 3708 Antonium
1943 3652 2067 3708 dico

471 3747 759 3816 patricium
788 3757 844 3800 et
869 3747 1181 3802 scholarum
1215 3746 1378 3817 373
1419 3745 1810 3810 domesticum,
1843 3745 2065 3801 Petrum

470 3855 693 3909 quoque
740 3841 1060 3910 magistrum
1091 3851 1147 3894 et
1183 3839 1443 3908 ordinum
1495 3839 1726 3904 milites,
1756 3838 1854 3908 qui
1890 3839 2065 3908 ipsius

471 3933 806 4001 impietatem
863 3933 1049 3994 animo
1104 3932 1322 4002 penitus
1374 3930 1730 3996 imbiberant,
1763 3930 1819 3986 in
1859 3932 2061 3986 exteris

472 4039 605 4078 vero
642 4025 939 4092 provinciis
977 4041 1074 4094 per
1119 4025 1286 4078 duces
1319 4039 1482 4092 supra
1532 4025 1845 4094 nominatos
1868 4025 2059 4080 eadem

473 4115 707 4169 nefanda
765 4115 1010 4170 facinora
1057 4115 1416 4185 perpetravit.
1456 4115 1677 4170 Interim
1733 4117 1848 4185 ipse
1881 4117 2060 4171 citha-

475 4208 752 4262 ratdorum
783 4210 1145 4264 concentibus
1177 4220 1231 4262 et
1262 4208 1526 4264 conviviis
1560 4208 1843 4277 genialiter
1879 4209 2062 4264 indul-

470 4316 622 4372 gens,
663 4302 1012 4372 turpiloquiis
1061 4311 1114 4357 et
1159 4301 1546 4355 saltationibus
1578 4300 1878 4356 familiares
1905 4319 2061 4357 exer-

471 4395 646 4448 «ebat.
680 4396 756 4447 Ac
808 4394 853 4449 si
906 4411 1181 4449 nonnemo
1214 4393 1543 4464 quandoque
1596 4395 1678 4448 vel
1734 4395 1921 4465 lapsus
1973 4397 2059 4452 vel

2171 3201 2411 3271 δεσμῶν,
2463 3206 2558 3259 καὶ
2589 3206 2775 3272 λίθους
2813 3211 2857 3240 ⁸¹
2888 3211 3298 3283 προσαρτίζων,
3335 3217 3392 3268 ὲν
3429 3215 3505 3285 τῷ
3533 3216 3780 3286 πελάγει.

2173 3293 2466 3364 ῥίπτεσθαι
2532 3301 2938 3370 προσέταττεν,
3007 3305 3230 3376 τυφλῶν
3280 3307 3358 3372 ⁸⁸,
3423 3311 3758 3380 ρινοκοπῶν,

2176 3380 2397 3450 μάστιξι
2427 3385 2628 3451 ξαίνων
2658 3388 2726 3455 ⁸³,
2759 3391 2854 3445 καὶ
2876 3395 2985 3447 πᾶν
3015 3390 3154 3459 εἶδος
3187 3397 3463 3463 κολάσεως
3485 3400 3627 3454 κατὰ
3655 3401 3779 3455 τῶνι

2172 3474 2550 3532 εὐσεϐούντων
2589 3481 2826 3536 ἐπινοῶν
2853 3500 2866 3513 ·
2898 3486 2996 3540 καὶ
3027 3488 3088 3542 έν
3125 3489 3226 3560 μὲν
3256 3494 3323 3562 τῇ
3361 3492 3516 3546 πόλει
3539 3494 3607 3548 δι’
3636 3495 3766 3548 sau-

2171 3570 2267 3623 τοῦ
2323 3571 2500 3627 ταῦτα
2535 3574 2667 3648 ἔδρα
2701 3579 2795 3631 καὶ
2826 3579 2937 3633 τῶν
2969 3583 3292 3654 ὁμοφρόνων
3339 3586 3528 3652 αὑτοῦ,
3565 3587 3761 3641 Ἀντωο

2169 3659 2309 3726 νίου,
2364 3665 2533 3736 φημὶ,
2571 3669 2866 3739 πατρικίου
2901 3676 2997 3725 καὶ¹
3031 3672 3354 3744 δομεστίκου
3389 3675 3500 3731 τῶν
3533 3679 3778 3749 σχολῶν,Δ

2170 3754 2261 3807 καὶ
2295 3756 2506 3828 Πέτρου
2553 3762 2884 3835 μαγίστρου,
2917 3765 3017 3819 καὶ
3057 3767 3152 3821 τοῦ
3178 3771 3638 3836 ὲκπαιδευθέντος
3666 3775 3763 3827 ὑπ’

2169 3847 2338 3901 αὐτοῦ
2371 3849 2502 3904 λαοῦ
2532 3854 2642 3907 τῶν
2673 3857 2974 3926 ταγμάτων
2996 3875 3010 3890 ·
3042 3861 3100 3913 ὲν
3128 3861 3186 3914 δὲ
3211 3864 3326 3925 τοῖς
3364 3862 3469 3928 ἔξω
3499 3864 3758 3935 θέμασιν,

2165 3940 2256 3994 διὰ
2298 3943 2408 3996 τῶν
2440 3948 2867 4018 προρρηθέντων
2893 3953 3238 4022 στρατηγῶν,
3271 3954 3445 4020 Αὐτὸς
3475 3957 3531 4010 δὲ
3566 3960 3762 4028 κιθαρ-

2166 4035 2351 4104 ῳδίαις
2391 4037 2616 4109 ἔχαιρεν
2687 4042 2780 4094 καὶ
2831 4047 3312 4114 συμποσιασμοῖς,
3352 4048 3762 4118 αἰσχρολογίαις

2165 4143 2224 4178 τε
2279 4128 2372 4181 καὶ
2407 4129 2709 4201 ὀρχησμοίς
2751 4132 2797 4163 ⁸³⁵
2847 4134 3188 4189 ὲκπαιδεύων
3238 4138 3367 4202 τοὺς
3398 4139 3528 4210 περὶ
3573 4141 3759 4195 αὐτόν.

2165 4224 2276 4276 Καὶ
2339 4225 2496 4278 εἵπου
2546 4244 2630 4290 τις
2690 4227 3024 4299 συμπίπτων
3076 4231 3108 4300 ἢ
3171 4231 3354 4299 ἀλγῶν
3401 4233 3500 4304 τὴν
3557 4234 3759 4305 συνήθη

2165 4316 2514 4385 Χριστιανοίς
2553 4318 2735 4389 ἀφῆκε
2783 4320 2827 4351 ⁸⁵
2857 4320 3060 4392 φωνὴν,
3095 4321 3176 4387 τὸ,
3211 4322 3443 4377 Θεοτόκε
3488 4324 3692 4395 βοήθει,
3725 4327 3760 4394 ἢ

2166 4409 2528 4486 «musz
2570 4411 2854 4481 ἐφωράθη,
2891 4413 2922 4483 ἣ
2983 4414 3311 4484 ἐκκλησίαις
3354 4417 3758 4488 προσεδρεύων,

471 4487 632 4542 lzcsus
663 4488 916 4542 usitatam
965 4488 1296 4542 Christianis
1335 4503 1543 4554 vocem,
1587 4503 1620 4543 o
1649 4486 1742 4541 Dei
1779 4488 2053 4556 Genitrix,

2171 4498 2196 4569 ἢ
2225 4498 2486 4571 εὐλαϐείᾳ
2509 4501 2554 4532 ⁸⁵
2586 4501 2786 4569 συζῶν,
2816 4503 2848 4573 ἢ
2877 4504 2952 4575 μὴ
2979 4505 3166 4576 ὅρκοις
3191 4486 3476 4578 χρώμενος
3500 4486 3757 4577 ἀφειδῶς,

469 4575 690 4644 adjuva,
727 4578 1024 4639 emisisset,
1051 4585 1148 4630 aut
1187 4592 1376 4632 sacras
1423 4577 1637 4647 vigilias
1669 4578 1872 4634 ducere
1895 4619 1909 4645 ,
1965 4589 2060 4635 aut

469 4668 732 4723 ecclesias
784 4669 1156 4739 frequentare,
1191 4677 1288 4723 aut
1347 4679 1500 4724 caste
1544 4670 1748 4738 vivere,
1777 4684 1871 4726 aut
1901 4672 2059 4744 jura-

471 4761 670 4816 mentis
699 4777 805 4814 non
834 4761 1121 4816 immodice
1151 4763 1228 4816 uti
1262 4763 1638 4832 deprehensus
1673 4763 1887 4830 fuisset,
1921 4781 2055 4823 con-

473 4851 652 4908 testim
709 4853 1014 4924 majestatis
1072 4871 1200 4911 reus
1265 4855 1552 4912 tormentis
1614 4858 2059 4928 exatninabatur,

2172 4590 2249 4653 ὠς
2284 4592 2480 4663 ἐχθρὸς
2499 4593 2596 4646 τοῦ
2631 4594 2901 4665 βασιλέως
2935 4597 3250 4662 ἐκολάζετο,
3286 4601 3380 4653 καὶ
3408 4602 3748 4671 ἀμνημόνευ-

2163 4701 2256 4747 τος
2280 4684 2355 4757 (6)
2383 4685 2724 4757 ὠνομάζετο.
2757 4689 3124 4764 Μοναστήρια
3153 4693 3210 4745 δὲ
3243 4694 3312 4747 τὰ
3334 4695 3414 4758 τίς
3443 4694 3602 4762 δόξαν
3622 4695 3781 4752 Θεοῦ.

2165 4774 2260 4829 καὶ
2297 4776 2406 4830 τῶν
2450 4777 2780 4849 σωζομένων
2812 4783 3132 4852 καταφύγια
3163 4785 3346 4850 οἴκους
3379 4790 3594 4852 κοινοὺς
3623 4790 3753 4843 καθ-

2175 4867 2297 4921 ίστα
2330 4870 2440 4922 τῶν
2471 4871 2790 4942 ὁμοφρόνων
2838 4873 3006 4954 αι)τοῦ
3051 4877 3427 4947 στρατιωτῶν.
3477 4878 3591 4948 Τὴν
3629 4878 3772 4948 γοῦν

1733 4951 1969 5007 VAIHA‘]
2012 4955 2420 5016 LECTlONES.

539 5041 588 5072 ⁷³
621 5040 854 5125 πέμπει]
884 5045 1207 5098 ἀποστέλλει
1239 5047 1303 5102 A.
1373 5047 1418 5077 ’⁷⁸
1457 5045 1550 5098 καὶ
1577 5046 1726 5118 δηλοί
1757 5047 1905 5125 atii-ct?)
1930 5051 1994 5105 Α.
2073 5053 2117 5086 ⁷⁸
2142 5049 2210 5124 ἧς
2246 5056 2308 5114 Λ,
2346 5056 2413 5124 ἢν
2452 5056 2597 5125 vulg.

467 5111 680 5198 ἴξιμετὲι
699 5111 854 5198 τρεῖς
880 5117 1287 5198 Αδιμετχαλῦτὰς
1309 5118 1456 5188 τρεῖς
1477 5111 1640 5198 ‘vnlg:
1701 5119 1747 5150 ⁷⁹
1775 5111 2010 5198 civem:
2047 5124 2108 5175 Α.
2166 5111 2351 5178 ’έοὰττδ
2369 5111 2604 5198 ¹πέτραις,
2628 5111 2779 5196 καὶμ

1989 5191 2284 5269 ξθηξαίνων]
2338 5191 2493 5260 seu»!
2512 5197 2658 5269 vulg.

1321 5257 1370 5289 ³⁸
1401 5258 1710 5330 ῆεὺλαὸείᾳ
1741 5257 1837 5299 -ί
1858 5257 2096 5330 ἀφειδῶς
2133 5257 2444 5320 ωίιίίοῇΑ.

467 5182 814 5258 λγίυοιςῂνιιίς.
918 5182 1213 5256 ⁸²ίτυφλῶν
1248 5182 1665 5258 Αςτυῳλώνῖυν
1720 5190 1871 5258 vulg.

467 5256 513 5286 ⁸⁵
543 5255 726 5326 ἀφῆκε
765 5255 832 5321 Ᾱ,
871 5257 1041 5329 ἀνῆκε
1069 5255 1218 5329 vulg.

2707 5056 2754 5133 7",
2781 5056 3002 5133 si;_€vb‘_.
3042 5058 3218 5133 A,_si;
3273 5063 3373 5133 τὴν
3411 5063 3543 5133 sua.
3604 5064 3749 5128 vulg-

2784 5127 2816 5202 ῂ
2850 5130 2914 5202 ᾼ,
2949 5129 3039 5182 τὸν
3075 5130 3150 5202 μὴ
3177 5127 3340 5198 ναις]
3403 5132 3447 5164 ’ί
3483 5134 3664 5195 Miluo;
3691 5127 3778 5192 Α».

2763 5196 2809 5228 ⁸⁵
2848 5196 3152 5272 ὀρχησμὸῖέ
3184 5205 3250 5267 Α,
3276 5196 3570 5275 Ἐρχισμιίς
3611 5207 3753 5273 vulg.

1720 5349 1864 5404 JAC.
1888 5349 2105 5408 GOARI
2146 5352 2386 5411 NO'I‘JE.

538 5439 617 5511 (4)
651 5439 821 5495 Filios
849 5443 1185 5514 Copronymi
1213 5451 1326 5498 tres
1361 5443 1618 5514 baptismi
1648 5445 1807 5514 aquis
1843 5444 2048 5499 lustra-

466 5513 1148 5582 verattionstantinus,iet
1172 5515 1320 5568 ulnis
1345 5513 1926 5582 susceperatA—Latet
1961 5531 2048 5570 me

470 5581 614 5634 unde
635 5579 695 5633 P.
727 5582 874 5637 Guar
907 5585 962 5638 in
993 5597 1106 5637 not.
1140 5595 1256 5638 tres
1285 5579 1634 5640 Constantini
1662 5585 1801 5640 ﬁlios
1837 5587 2047 5640 habue-

467 5651 575 5709 rit;
601 5652 705 5704 nisi
729 5665 854 5708 eum
885 5656 1147 5709 memoria
1189 5655 1381 5711 fefellit
1414 5675 1428 5712 :
1475 5658 1675 5710 tertius
1705 5652 1851 5711 ehim
1888 5656 2048 5712 Nice-

471 5729 556 5843 tas
583 5721 842 5844 agrogata
868 5725 979 5792 jam
1004 5725 1297 5782 Constant.
1344 5727 1614 5798 dignitate
1661 5739 1823 5784 natus
1860 5728 2047 5785 videa-

499 5805 579 5842 ur.
659 5807 903 5844 anseris.

499 5805 579 5842 lll‘.
613 5805 903 5849 LUHBEFIS.

2226 5451 2304 5517 ('5)
2357 5451 2420 5504 In
2479 5451 2688 5522 Pelagii
2743 5453 3011 5523 sepulcra.
3079 5457 3180 5508 Hic
3234 5457 3454 5511 emend.
3517 5458 3752 5513 Crdreni

2155 5530 2359 5598 textus,
2393 5538 2502 5590 quo
2536 5524 2788 5598 habetur,
2837 5526 2919 5588 είς
2945 5527 3308 5598 τδπέλαγος·
3345 5530 3528 5598 plane,
3562 5533 3643 5590 εἰς
3685 5534 3752 5582 τὰ

2156 5592 2447 5666 ιΙελαγξου,
2475 5595 2583 5666 vel.
2613 5603 2671 5648 ut
2705 5595 2825 5664 ipse
2851 5597 3068 5659 scribit,
3091 5599 3150 5650 τὸ
3185 5592 3473 5666 Πελάγων.
3503 5598 3746 5654 Couusr.

2227 5663 2304 5731 (6)
2350 5663 2774 5735 ’Λκοινῲνητος,
2809 5666 2972 5735 cujus
3014 5669 3118 5722 vivi
3172 5671 3252 5721 vel
3311 5663 3509 5723 mortui
3549 5685 3765 5724 nomen.

2156 5732 2300 5791 inter
2330 5750 2531 5806 preces
2553 5732 2812 5793 Ecclesia:
2853 5732 2960 5794 non
2987 5737 3216 5796 effertur
3243 5755 3308 5795 ex
3349 5739 3651 5812 Diptychis.
