4100 6466
1798 326 1884 337 .λ-ροι

382 471 488 530 913

1674 476 2349 536 CIIRONOGRAP—HIA.

3545 474 3653 541 9M

377 580 585 650 νεύρων
618 579 897 643 λαϐοῦσαι,
932 582 1025 634 καὶ
1076 582 1250 635 ἄλλων
1284 584 1495 635 πολλῶν
1533 586 1908 657 κολαστηρίων
1935 588 1955 618 ⁸

2072 588 2242 642 Esaiae
2284 596 2442 653 uane,
2485 588 2780 642 crudeliter
2808 586 3155 652 excruciatas,
3189 603 3298 641 non
3332 596 3512 641 tamen
3544 587 3652 642 im-

376 670 747 740 πειραθεῖσαι,
794 671 887 723 τὸν
921 674 1187 741 στέφανον
1220 676 1319 743 τῆς
1350 676 1508 745 νίκης
1538 678 1691 748 παρᾶ
1730 677 1969 748 Χριστοῦ

377 761 726 831 ἐκομίσαντο.
757 762 1002 831 Ἐφθασε
1030 764 1087 817 δὲ
1116 767 1213 819 καὶ
1235 766 1339 828 ἕως
1370 766 1692 835 Δαμασκοῦ,
1719 769 1817 821 καὶ
1844 769 1971 822 πολ-

372 854 472 915 λὰς
498 853 792 923 ἐκκλησίας
821 855 1144 925 ἠρήμωσεν,
1178 859 1252 926 μὴ
1292 860 1576 928 προσέχων
1598 862 1617 893 ⁷
1642 858 1719 928 τῷ
1762 859 1971 913 δοθέντι

374 944 520 1015 λόγῳ
542 949 656 1009 τοῖς
696 948 1042 1015 Χριστιανοῖς
1065 950 1170 1003 ὑπὸ
1197 950 1307 1002 τῶν
1343 951 1613 1020 Ἀράϐων.
1644 953 1723 1023 Τῇ
1753 952 1809 1005 δὲ
1834 953 1969 1023 ἕκτῃ

370 1039 466 1092 τοῦ
496 1039 868 1109 Φεϐρουαρῐου
894 1041 1059 1111 μηνὸς
1088 1042 1184 1112 τῆς
1208 1048 1255 1108 γ’
1291 1042 1620 1105 ἰνδικτιῶνος
1647 1044 1762 1115 (51)
1788 1045 1971 1115 ἡμέρᾳ

373 1133 634 1201 κυριακῇ
676 1134 776 1201 τῆς
806 1132 1135 1202 Τυροφάγου
1167 1134 1187 1165 ⁸
1220 1132 1331 1202 (52)
1363 1134 1627 1203 τέθνηκεν
1662 1137 1912 1205 Νικήτας
1943 1137 1972 1189 ὁ

373 1225 485 1276 ἀπὸ
518 1223 779 1278 Σκλάὄων
833 1224 1089 1293 εὐνοῦχος
1121 1225 1473 1295 πατριάρχης
1524 1228 1971 1280 Κωνσταντινου-

377 1315 608 1377 πόλεως.
672 1316 782 1367 Καὶ
840 1318 904 1385 τῇ
972 1316 1202 1387 δευτέρᾳ
1250 1318 1508 1389 Κυριακῇ
1544 1317 1652 1371 τῶν
1702 1316 1971 1388 νηστειῶν

377 1406 591 1469 Παῦλος
618 1408 647 1460 6
679 1405 862 1475 τίμιος
889 1406 1246 1475 ἁναγνὼστης
1277 1408 1564 1479 ὑπάρχων,
1611 1410 1865 1480 Κύπριος
1889 1410 1969 1481 τῷ

377 1499 546 1565 γένει,
594 1496 741 1566 λόγῳ
776 1497 873 1550 xui.
928 1496 1127 1568 πράξει
1179 1497 1546 1568 διαλάμπων,
1586 1502 1726 1571 μετὰ
1767 1502 1970 1572 πολλὴν

376 1588 714 1658 παραίτησιν
744 1586 835 1640 διὰ
871 1587 971 1660 τὴν
1000 1588 1312 1660 κρατοῦσαν
1348 1592 1582 1661 αἵρεσιν,
1646 1592 1741 1663 βίᾳ
1770 1592 1966 1663 πολλῇ,

377 1682 772 1750 χειροτονεῖται
809 1681 1155 1752 πατριάρχης
1190 1675 1854 1747 Κωνσταντινουπόλεως·
1900 1686 1967 1756 τῇ

375 1771 436 1824 δὲ
461 1769 604 1839 μέσῃ
644 1769 899 1839 ἑϐδομάδι
935 1770 1041 1824 τῶν
1071 1771 1338 1840 νηστειῶν
1383 1773 1662 1844 ἐκρατήθη
1703 1772 1962 1837 Ὶάκωὸος

379 1862 875 1931 πρωτοσπαθὰριος
920 1863 1020 1917 καὶ
1065 1865 1284 1928 Παπίας
1312 1867 1332 1898 ⁹
1366 1867 1463 1919 καὶ
1488 1866 1825 1937 Στρατήγιος
1872 1867 1969 1920 καὶ

2077 676 2298 745 pietatis
2332 677 2608 733 violentite
2650 687 2958 741 cesserunt,
2993 679 3126 749 quin
3188 679 3299 732 imo
3358 694 3654 733 nervorum

2076 766 2409 821 bnbnlorum
2460 767 2635 836 plagis
2670 767 2817 821 mille
2858 768 3123 836 acceptis,
3160 768 3406 823 toleratis
3435 783 3658 838 quoque

2074 857 2308 910 aliorum
2336 866 2731 911 tormentorum
2758 858 3062 921 doloribus,
3100 856 3345 913 victoriae
3373 856 3538 927 382
3561 871 3656 909 co-

2073 962 2266 1001 ronam
2301 964 2331 1001 a
2366 946 2587 1003 Christo
2629 947 2955 1002 retulerunt.
2994 946 3168 1003 Porro
3212 947 3518 1003 Machesias
3564 947 3657 1002 illo

2075 1038 2403 1093 Damascum
2441 1054 2618 1109 usque
2645 1040 3027 1096 crudelitatem
3064 1054 3327 1095 exercens
3352 1038 3654 1110 processit,

2071 1146 2176 1185 nec
2203 1147 2470 1201 perpensa
2494 1133 2771 1201 quondam
2809 1133 2880 1187 ab
2904 1132 3178 1188 Arabibus
3203 1132 3329 1187 data
3368 1132 3646 1187 Christia-

2073 1224 2159 1277 nis
2193 1224 2316 1286 lide,
2343 1224 2607 1292 plurimas
2631 1225 2894 1280 ecclesias
2922 1224 3218 1279 subvertit.
3248 1223 3449 1280 Mensis
3465 1232 3654 1279 autem

2071 1298 2356 1367 Februarii
2388 1314 2477 1369 die
2504 1325 2661 1369 sexto
2688 1330 2867 1384 eoque
2889 1313 3176 1370 Dominico
3212 1316 3509 1371 indictione
3529 1324 3643 1369 ter-

2073 1405 2171 1469 tia,
2196 1405 2286 1459 die
2312 1405 2602 1460 Dominico
2634 1420 2747 1476 quo
2784 1414 2913 1460 ante
2944 1406 3422 1475 quadragesimam
3460 1408 3653 1460 ultima

2070 1510 2292 1549 caseum
2353 1496 2675 1551 comedendi
2748 1494 2808 1550 ﬁt
2864 1504 3129 1566 potestas.
3188 1494 3405 1551 Nicetes
3459 1509 3658 1565 genere

2072 1586 2325 1653 Sclavus,
2347 1589 2660 1652 eunuchus,
2682 1588 2919 1659 Cpoleos
2945 1589 3279 1657 patriarcha,
3308 1587 3450 1643 diem
3477 1596 3653 1643 extre.

2072 1695 2221 1733 tuum
2274 1680 2432 1735 obiit.
2494 1679 2742 1735 Secunda
2803 1694 2934 1734 vero
2978 1680 3315 1750 jejuniorum
3373 1679 3655 1734 Dominica

2068 1769 2274 1826 Paulus
2302 1769 2629 1825 venerabilis
2649 1770 2838 1836 lector,
2867 1770 3101 1841 Cyprius
3125 1769 3371 1833 natione,
3393 1767 3655 1825 doctrina

2068 1871 2121 1917 et
2147 1863 2348 1917 virtute
2374 1874 2662 1932 prwstans,
2693 1863 2946 1934 quamvis
2974 1862 3045 1917 ob
3072 1861 3347 1927 haeresim,
3372 1877 3496 1931 qua:
3522 1869 3658 1916 tunc

376 1955 661 2023 Θεοφάνης
716 1956 743 2008 6
790 1954 1241 2026 κουδικουλάριος
1302 1957 1397 2012 καὶ
1445 1958 1967 2030 παρακοιμώμενος,

2076 1954 2381 2019 obtinebat,
2437 1954 2669 2009 multum
2734 1954 3051 2018 reluctaret,
3105 1952 3221 2008 imo
3262 1952 3373 2007 vim
3432 1952 3659 2007 omnino

379 2046 533 2099 Λέων
553 2062 612 2097 τε
646 2044 739 2098 καὶ
790 2045 1017 2113 Θωμᾶς,
1053 2046 1494 2115 κουὸικουλάριοι
1515 2063 1530 2079 ⁸
1566 2049 1660 2101 καὶ
1693 2043 1838 2103 οὗτοι
1869 2050 1968 2103 σὺν

378 2137 476 2189 καὶ
519 2137 730 2206 ἑτέροις
755 2137 1042 2189 εὺλαὸἐσιν
1071 2137 1351 2213 ἀνδράσιν,
1401 2137 1476 2202 ὡς
1533 2140 1969 2207 προσκυνοῦντες

378 2230 478 2291 τὰς
507 2229 667 2296 ἁγίας
690 2230 785 2282 καὶ
814 2230 859 2262 ί⁰
890 2229 1097 2291 σεπτὰς
1130 2229 1366 2293 εἰκόνας.
1403 2232 1538 2285 Τότε
1563 2233 1970 2303 ἀπογυμνώσας

380 2322 480 2390 τὴν
509 2320 703 2372 ἑαυτοῦ
753 2322 1215 2391 ἑγκεκρυμμένην
1249 2322 1449 2375 κακίαν
1483 2323 1635 2377 Λέων
1663 2328 1691 2378 6
1719 2324 1810 2377 τοῦ
1841 2326 1970 2379 διώ-

382 2429 510 2463 κτου
543 2411 658 2475 υίὸς
682 2410 905 2472 τούτους
940 2412 1183 2481 ἀνηλεῶς
1213 2412 1400 2482 δείρας
1450 2431 1511 2467 τε
1542 2416 1637 2469 καὶ
1664 2416 1971 2487 κουρεύσας

377 2502 465 2553 διὰ
500 2501 597 2569 τῆς
628 2500 799 2570 μέσης
832 2501 873 2531 ⁸³
903 2500 1224 2571 δεδεμένους
1254 2502 1572 2571 πομπεῦσαι
1603 2506 1859 2575 ποιήσας,
1888 2506 1968 2570 εἰς

378 2592 441 2646 τὸ
487 2592 817 2663 πραιτώριον
854 2592 1202 2655 ἀπέκλεισεν.
1232 2594 1289 2645 ὲν
1311 2588 1355 2661 ᾧ
1381 2595 1474 2648 καὶ
1503 2596 1838 2668 ἀποθνήσκει
1867 2600 1910 2631 ¹³
1934 2602 1962 2652 6

380 2684 715 2756 προρῤηθεὶς
746 2685 1026 2755 Θεοφάνης
1044 2686 1383 2755 όμολογητὴς
1421 2688 1732 2756 γενόμενος.
1763 2690 1969 2742 καὶτὸν

381 2778 648 2845 στέφανον
681 2776 775 2830 τοῦ
810 2778 1114 2847 μαρτυρίου
1174 2778 1543 2849 κομισάμενος
1566 2795 1580 2810 ο
1613 2781 1661 2832 οἱ
1691 2779 1747 2832 δὲ
1793 2779 1969 2834 λοιποὶ

383 2869 587 2931 πάντες
627 2871 768 2937 μετὰ
816 2867 918 2937 τὴν
953 2868 1145 2921 τούτου
1187 2869 1443 2940 τελευτὴν
1472 2869 1689 2939 δόκιμοι
1744 2872 1969 2942 μοναχοὶ

378 2960 795 3031 ἁνεδείχθησαν.
864 2961 923 3013 '0
970 2961 1028 3014 δὲ
1087 2961 1298 3030 Ἀαρὼν
1345 2961 1606 3015 εἰσελθὼν
1654 2963 1734 3026 εἰς
1775 2964 1836 3017 τὸ
1863 2963 1971 3017 τῶν

390 3054 778 3124 ’Δρμενιακῶν
811 3053 953 3124 θέμα
1003 3054 1378 3124 παρεκάθισεν
1422 3055 1500 3117 εἰς
1532 3055 1595 3107 τὸ
1651 3054 1970 3125 Σημαλοῦος

380 3146 621 3217 κάστρον
649 3148 769 3200 ὅλον
789 3148 852 3201 τὸ
882 3147 1059 3220 θέρος,
1086 3147 1179 3200 καὶ
1197 3146 1277 3217 τῷ
1299 3146 1655 3218 Σεπτεμϐρίῳ
1684 3150 1815 3217 μην).
1840 3166 1972 3219 παρ·

2070 2061 2286 2117 passus,
2334 2046 2570 2116 Cpoleos
2643 2046 2973 2117 patriarcha
3003 2046 3329 2103 instituitur.
3384 2045 3657 2103 Caeterum

2076 2134 2255 2190 media
2303 2135 2641 2206 jejuniotum
2688 2135 3033 2199 hebdomade
3085 2135 3323 2195 Iacobus
3368 2146 3662 2209 protospae

2072 2228 2285 2283 tharius
2322 2238 2377 2283 et
2416 2229 2638 2298 Papias,
2677 2227 2985 2301 Strategius
3015 2238 3072 2284 ct
3103 2228 3472 2299 Theophanes
3505 2231 3662 2286 cubi-

2071 2322 2320 2377 cularius
2346 2330 2402 2377 et
2437 2322 2745 2387 accubitor,
2772 2337 2983 2377 necnon
3011 2319 3123 2376 Leo
3142 2330 3196 2376 et
3223 2319 3467 2378 Thomas
3498 2322 3660 2377 cubi-

2073 2415 2269 2468 cularii
2302 2452 2319 2477 ,
2394 2413 2554 2485 quasi
2613 2426 2835 2470 sanctas
2883 2422 2939 2468 et
2999 2413 3338 2473 venerandas
3395 2412 3661 2485 imagines

2070 2507 2390 2569 coluissent.
2444 2522 2569 2561 cum
2608 2506 2733 2561 aliis
2765 2505 3042 2576 religiosis
3093 2506 3230 2562 viris
3272 2506 3655 2575 comprehensi

2071 2606 2218 2655 sunt.
2250 2596 2389 2652 Tum
2421 2597 2606 2666 itaque
2627 2595 2740 2651 Leo
2769 2594 3141 2665 persecutoris
3173 2595 3318 2656 ﬁlius
3344 2594 3545 2649 nudata
3597 2594 3655 2649 in

2071 2689 2370 2760 publicum,
2399 2702 2565 2759 quam
2595 2686 2704 2741 huc
2735 2701 2912 2756 usque
2937 2685 3351 2742 delitescentem
3385 2694 3646 2757 gestave-

2071 2793 2156 2839 rat
2182 2782 2544 2849 impietatem,
2573 2779 2711 2835 istos
2736 2778 3059 2835 verberibus
3086 2778 3448 2834 inclementer
3476 2792 3655 2834 caesos

2069 2884 2125 2932 et
2176 2885 2391 2937 tonsos,
2440 2888 2506 2927 ac
2544 2887 2643 2943 per
2679 2870 2915 2926 mediam
2952 2871 3144 2927 urbem
3174 2886 3302 2927 eum
3351 2871 3659 2942 ignominia

2074 2968 2361 3023 traductos
2385 2968 2438 3021 in
2477 2966 2796 3036 praetorium
2837 2965 3229 3022 custodiendos
3291 2964 3549 3034 coniecit,
3601 2963 3658 3018 in

2073 3075 2185 3129 quo
2236 3057 2623 3127 Theophanes,
2664 3070 2827 3125 quem
2871 3056 3325 3121 memoravimus,
3375 3055 3662 3111 conlessor

2074 3152 2322 3218 effectus,
2349 3153 2573 3206 obtenta
2624 3148 2876 3219 martyrii
2929 3164 3161 3217 corona,
3188 3149 3495 3206 exstinctus
3549 3158 3657 3204 est.

380 3237 577 3291 έδαὶεν
612 3240 744 3293 αὐτὸ
795 3238 900 3292 ὑπὸ
932 3240 1095 3309 λόγου
1126 3239 1191 3293 ³³.
1225 3234 1333 3294 Ἦν
1373 3238 1432 3294 δὲ
1457 3240 1683 3311 πέμψας
1715 3241 1805 3295 τὸν
1830 3242 1967 3295 Οὐτ-

2082 3244 2296 3315 Reliqui
2329 3257 2522 3299 omnes
2574 3250 2701 3311 post
2730 3240 3079 3312 imperatoris
3128 3242 3343 3309 obitum
3385 3241 3664 3314 probatis-

1660 3380 1890 3436 VAlllrE
1926 3383 2310 3442 LECTIONES

478 3471 861 3524 ’κολασθεῖσαι
901 3484 954 3525 a.
1062 3470 1081 3500 "
1117 3467 1375 3540 προσχὼν
1410 3469 1473 3522 Α.
1553 3470 1575 3502 ⁸
1604 3472 1702 3540 τῆς
1727 3474 1803 3525 Τυ

386 3541 452 3595 Α.
546 3543 586 3573 ¹¹
616 3544 789 3612 μέσης
815 3540 921 3594 δεδ.
952 3541 1019 3605 Α,
1060 3539 1231 3611 μέσης
1254 3556 1315 3592 τε
1345 3540 1395 3594 δ.
1426 3541 1570 3612 vulg.

1654 3475 1702 3574 ἒξ
1727 3475 1861 3562 Τυρ.
1901 3475 2105 3559 otn._A.
2200 3478 2219 3508 ⁸
2258 3476 2474 3561 Παπίας
2506 3476 2577 3542 Α,
2607 3476 2865 3537 Παππιας
2900 3475 2983 3529 vnl

1725 3545 1961 3613 ὲνῳκαι
1998 3563 2095 3600 απ.
2138 3547 2203 3612 Α,
2245 3547 2303 3598 ὲν
2330 3564 2409 3609 οις
2438 3547 2533 3600 ἀπ.
2586 3545 2735 3616 vulg.
2812 3543 2983 3597 ιδὺττὸ

2200 3478 2219 3508 ⁸
2258 3476 2474 3539 Παπίας
2506 3476 2577 3542 Α,
2607 3476 2865 3537 Παππιας
2900 3472 3045 3596 vnlg:
3155 3471 3200 3504 ⁸⁸
3226 3468 3390 3540 ἁγίας
3426 3469 3520 3537 καὶ
3546 3484 3661 3527 om.

2200 3591 2203 3606 ,
2245 3547 2303 3598 ὲν
2330 3541 2409 3609 οἷς
2438 3547 2533 3600 ἀπ.
2586 3545 2735 3615 vulg.
2812 3543 2983 3597 ιδὺττὸ
3037 3542 3163 3615 ότον
3192 3542 3258 3597 Α.

1718 3662 1855 3721 JAC.
1893 3662 2100 3720 GOARI
2134 3663 2361 3723 ἉΟΤᾹΞ.
2406 3654 2413 3657 ’

462 3758 573 3825 (5i)
604 3756 762 3814 Anno
794 3757 1139 3815 Constantini
1170 3757 1505 3831 Copronymi
1532 3760 1964 3831 secundo_snpra

385 3833 711 3882 VlCPSlIIlUIII
773 3845 972 3884 novum
1043 3828 1411 3885 indictionum
1459 3829 1730 3883 circulum
1784 3828 1963 3882 Theo-

390 3902 630 3969 phanem
683 3898 974 3954 inchoasse
1029 3901 1098 3955 ab
1163 3916 1233 3955 eo
1298 3901 1503 3968 scripta
1563 3900 1966 3953 demonstrant.

386 3971 657 4035 Quartum
695 3969 894 4025 deinde
924 3972 1120 4038 quinto
1146 3986 1309 4041 supra
1340 3969 1666 4024 vicesimum
1709 3969 1971 4028 ascribit:

390 4056 518 4095 mox
552 4046 764 4094 sextam
819 4041 1084 4097 vicesimo
1114 4046 1347 4109 septimo
1382 4060 1394 4092 :
1431 4049 1677 4102 octavam
1712 4041 1974 4103 vicesimo

387 4125 537 4163 nono
555 4126 568 4161 :
587 4110 865 4165 tricesimo
882 4126 1105 4177 nonam;
1132 4121 1245 4165 tum
1267 4126 1395 4166 vero
1409 4110 1791 4171 duodecimam
1809 4110 1971 4165 tertio

390 4192 450 4249 et
482 4181 759 4235 tricesimo
783 4199 797 4236 :
818 4181 1014 4249 quinto
1060 4181 1409 4249 postmodum
1442 4189 1496 4235 et
1545 4181 1845 4245 tricesimo,
1877 4180 1971 4248 qui

386 4244 512 4317 eius
555 4251 686 4318 imp.
728 4244 1311 4319 postreuinsﬂcrtiam
1356 4252 1624 4306 decimam
1678 4259 1733 4305 et
1786 4244 1968 4306 confe-

387 4324 521 4377 stim
571 4320 843 4376 decimam
876 4331 1129 4391 quartam
1166 4324 1467 4376 consociat.
1507 4320 1589 4374 Ad
1632 4319 1834 4376 Leonis
1863 4321 1969 4377 Co-

389 4391 768 4461 pronymil’ilii
801 4409 1003 4447 annum
1036 4394 1270 4462 primum
1298 4392 1652 4462 indictionem
1692 4391 1965 4446 decimam

389 4471 645 4532 quartam
696 4474 993 4528 memorat;
1039 4461 1109 4516 ad
1165 4470 1485 4531 praesentem
1521 4461 1667 4516 hunc
1708 4462 1966 4531 quintum

388 4532 585 4590 circuli
604 4534 887 4601 sequentis
910 4534 1128 4590 tertiam
1151 4533 1405 4596 adnotat;
1426 4539 1480 4586 ct
1499 4547 1643 4585 anno
1671 4548 1795 4587 mox
1807 4546 1969 4587 secu-

394 4614 521 4659 turo
553 4613 804 4674 quartam
843 4603 1108 4659 adnectit.
1146 4604 1224 4655 Ad
1258 4617 1460 4674 annum
1498 4601 1831 4674 Copronymi
1856 4602 1968 4673 pri-

390 4689 544 4729 mum
562 4680 617 4727 et
649 4673 994 4745 vicesimum,
1020 4676 1113 4745 qui
1148 4673 1337 4727 mundi
1355 4672 1498 4745 6253
1521 4674 1589 4727 ab
1619 4672 1985 4745 auc'tore’nn-

391 4743 1500 4814 meratur,indictionum'adjectocirculp,
1516 4759 1605 4797 mu
1617 4744 1706 4798 ndi
1722 4743 1862 4800 6268
1887 4746 1987 4799 ob-

394 4814 536 4869 tinet
555 4814 845 4869 indictioni
879 4812 1174 4884 postrema:
1194 4824 1247 4870 et
1277 4828 1423 4868 anno
1441 4812 1641 4868 Leonis
1661 4816 1836 4884 primo
1855 4831 1956 4869 con
1973 4846 1985 4855 -

389 4886 785 4956 junctumtab
814 4900 964 4956 anno
1005 4886 1173 4956 igitur
1231 4884 1434 4940 Leonis
1462 4884 1705 4939 secundo
1740 4886 1987 4941 circulus

393 4954 1072 5026 alterincipiens,quinto,
1099 4970 1263 5026 quem
1300 4971 1450 5010 nunc
1493 4962 1815 5020 tractamus,
1847 4956 1989 5026 indi-

394 5026 634 5081 ctionem
649 5025 903 5095 quartam
918 5025 1351 5082 aﬂ‘eratnecesse
1373 5033 1479 5092 est,
1496 5034 1549 5079 et
1570 5028 1819 5094 quintam
1842 5025 1987 5079 Con-

395 5098 627 5152 stantini
646 5097 996 5154 successoris
1018 5097 1216 5167 primo.
1239 5095 1329 5167 En
1347 5103 1528 5150 tamen
1556 5104 1616 5149 ut
1642 5096 1987 5152 mundi5273

395 5168 959 5237 quartam'acccnsct.
1004 5166 1335 5237 prascedenti
1368 5167 1627 5230 tertiam;
1666 5176 1833 5235 atque
1878 5168 1983 5223 ite-

396 5253 521 5293 rum
557 5238 744 5292 mundi
779 5236 921 5292 6168
953 5236 1221 5293 decimam
1250 5244 1526 5306 quartam,
1582 5238 1786 5306 praevio
1839 5238 1987 5292 deci-

397 5322 545 5363 mam
572 5309 813 5373 tertiam,
854 5324 919 5364 ac
950 5309 1172 5363 tandem
1209 5305 1400 5361 mundi
1431 5305 1574 5361 6265
1598 5305 1983 5362 duodecimam

401 5376 593 5448 attigit.
631 5379 714 5433 An
739 5379 929 5435 mundi
975 5379 1136 5435 annis
1163 5377 1518 5448 indictionem
1557 5392 1722 5431 unam
1766 5378 1982 5448 deesse,

396 5447 924 5506 vel’indictionibus
962 5464 1165 5504 annum
1220 5447 1408 5503 mundi
1441 5463 1611 5502 unum
1674 5447 1987 5504 redundare

398 5520 758 5590 asserendum
802 5520 967 5590 lipsi
1013 5518 1271 5590 auctoris,
1295 5518 1493 5590 calculi
1554 5533 1804 5573 errorem
1854 5533 1987 5589 pro-

396 5588 574 5655 dunt,
630 5599 684 5645 et
754 5590 847 5645 ubi
885 5588 1225 5645 admiserint
1252 5588 1444 5644 faciles
1490 5596 1785 5643 testantur.
1841 5588 1982 5660 ipso,

401 5661 653 5728 inquam,
701 5660 1054 5716 Constantini
1103 5659 1442 5731 Coprouymi
1492 5674 1638 5713 anno
1678 5659 1981 5730 postremo,

397 5746 565 5798 quem
598 5731 851 5800 quintum
882 5747 947 5786 ac
971 5731 1305 5800 tricesimum
1329 5738 1606 5791 numerat.
1643 5745 1819 5785 annos
1850 5746 1984 5800 qua-

400 5809 529 5879 tuor
558 5798 631 5856 et
663 5801 913 5883 triginta,
944 5816 1163 5883 menses
1183 5798 1355 5881 duos,
1391 5800 1509 5883 dies
1548 5810 1730 5883 senet
1791 5798 1982 5883 viginti

403 5870 707 5943 imperasse
744 5870 1030 5943 praedicat.
1088 5871 1283 5927 Annus
1343 5870 1572 5943 integer
1605 5870 1865 5943 trimestri
1892 5872 1979 5926 vix

402 5942 681 6013 coiupleto
710 5940 858 6000 totus
892 5941 1072 6001 fuerat
1107 5940 1514 6014 assigutandus?
1546 5940 1627 5997 Ad
1662 5941 1827 6015 hujus
1852 5944 1981 5998 anni

2075 3756 2321 3811 historia:
2376 3756 2816 3826 calcemAannos
2885 3753 3171 3826 quinque,
3221 3749 3509 3826 mensibus
3564 3766 3663 3808 sex

2077 3826 2519 3904 tletnplis‘ftlitlm
2588 3824 3105 3904 Leonem-imperio
3170 3824 3406 3894 potitum
3433 3829 3657 3877 narrat:
3748 3872 3751 3873 ν

2081 3896 2290 3952 adeone
2322 3896 2481 3953 facile
2507 3905 2704 3965 praeter
2730 3896 2973 3951 debitum
3007 3909 3227 3950 menses
3259 3908 3356 3965 sex
3404 3906 3666 3947 occurre-

2083 3968 2216 4022 bant
2247 3964 2554 4038 erogandi?
2578 3965 2953 4038 lndictionum
2986 3966 3174 4038 itaque
3201 3964 3400 4038 ordine
3420 3970 3664 4038 servato,

2080 4039 2247 4107 annis
2283 4032 2475 4092 mundi
2507 4052 2727 4093 menses
2774 4032 3098 4107 quindecim
3124 4033 3401 4107 indebitos
3438 4032 3668 4107 intrusit

2079 4096 2448 4178 Theophanes
2473 4122 2514 4178 ιθ
2532 4122 2733 4178 novem
2760 4096 3135 4178 Constantini,
3159 4106 3265 4178 lilii
3314 4103 3539 4178 Leonis,
3564 4118 3664 4156 sex

2078 4173 2428 4253 alios_"teta_te.
2472 4177 2594 4234 Uno
2625 4177 2796 4253 verbo
2838 4176 3170 4253 Copropymi
3217 4177 3376 4253 annis
3410 4173 3664 4253 quintum

2075 4262 2142 4303 ac
2173 4249 2519 4305 tricesimum
2585 4247 2799 4302 addixit
2840 4246 3175 4317 superﬂuum
3205 4284 3221 4309 ,
3257 4254 3315 4317 et
3364 4246 3668 4299 indictione

2074 4332 2377 4385 carentem,
2402 4318 2565 4388 cujus
2612 4325 2853 4388 quatuor
2901 4313 2954 4371 et
2995 4316 3231 4388 triginta
3284 4313 3551 4388 duntaut
3594 4328 3666 4388 es

2074 4390 2333 4459 propriis,
2359 4383 2588 4443 calculis
2623 4383 2944 4459 _'recet_t_sere
2977 4383 3279 4459 debuerat._
3302 4383 3665 4459 Profectionis

2075 4454 2262 4530 itaque
2306 4457 2636 4530 Copronymi
2670 4457 2743 4530 in_
2787 4455 3054 4530 Bulgaros
3086 4454 3318 4509 historia
3365 4456 3420 4508 in
3456 4468 3663 4507 annum

2074 4537 2130 4584 et
2164 4527 2515 4585 indictionem
2532 4527 2546 4530 ἡ
2566 4527 2830 4597 reposita,
2858 4541 3009 4581 mors
3034 4528 3087 4597 in
3113 4532 3666 4597 sequentemaunmn

2093 4608 2148 4654 et
2175 4599 2560 4663 indictionem,
2617 4592 2826 4667 quibus
2880 4597 3026 4651 tilius
3049 4592 3342 4667 imperium
3398 4592 3665 4667 obtinuit.

2096 4670 2440 4725 accensenda
2472 4687 2490 4720 ξ
2543 4662 2673 4722 anni
2729 4680 2859 4720 vero
2894 4676 3010 4721 tum
3050 4682 3081 4720 a
3129 4662 3337 4720 'mundi
3408 4662 3666 4727 conditu,

2096 4750 2212 4795 tum
2250 4756 2280 4794 a
2303 4738 2510 4795 Christi
2548 4737 2721 4793 natali
2762 4736 2819 4790 in
2855 4738 3108 4792 ordinem
3171 4736 3461 4791 meliorem
3502 4749 3667 4789 revo—

2089 4811 2270 4865 calidi.

2162 4880 2274 4951 (52)
2327 4878 2753 4951 Septuagesima:
2822 4876 3163 4951 hebdomade
3238 4872 3667 4951 carnisprivium
3732 4880 3739 4885 '

2089 4946 2264 5006 habet
2278 4946 2521 5006 Eccl—cisia
2536 4946 2589 5004 'G
2598 4965 2767 5006 rreca:
2793 4959 2846 5007 et
2864 4950 3223 5018 sexagesima:
3245 4946 3529 5001 Dominico
3548 4946 3666 5018 die,

2088 5021 2187 5094 τῆς
2204 5022 2481 5094 ἀπόκρεω,
2508 5036 2621 5094 quo
2656 5023 2924 5094 carnibus
2950 5015 3313 5094 adhuc_ve_sci
3336 5018 3481 5075 licet.
3513 5015 3669 5094 clau-

2088 5087 2259 5147 ditur.
2297 5087 2572 5162 Sequente
2600 5092 2960 5152 hebdomade,
2984 5106 3107 5159 qua:
3134 5087 3348 5143 Latinis
3386 5087 3668 5162 sexagesi-

2088 5178 2212 5227 mre,
2241 5161 2733 5237 ovis,’la_ctieiniis,
2754 5170 2922 5237 atque
2979 5162 3117 5237 adeo
3186 5172 3349 5237 caseo
3415 5161 3663 5237 ult_I_nlII§2.

2087 5222 2271 5305 eaque
2284 5222 2612 5305 comedendi
2637 5222 2803 5287 etiam
2831 5222 2952 5302 ipsa
2980 5227 3451 5305 quinquagesima:
3482 5222 3668 5276 Domi-

2088 5295 2216 5359 nic'o
2242 5303 2332 5358 die
2364 5302 2598 5374 facultas
2646 5295 2979 5374 perseverat,
3000 5295 3034 5354 Ξ
3064 5295 3180 5374 quo
3197 5295 3506 5374 τυροςξᾴγος
3528 5362 3538 5372 _
3560 5308 3665 5373 ap:

2089 5376 2340 5444 pellatur.
2364 5373 2523 5429 Feria
2552 5365 2817 5445 sequente
2836 5372 2884 5445 2
2928 5365 3429 5445 quadragesimalis
3467 5365 3664 5432 jejunii

2090 5440 2365 5516 habentur
2387 5440 2658 5516 encaenia';
2683 5452 2738 5499 et
2776 5440 2991 5516 πρώτη-
3019 5440 3256 5516 εοδρμρς
3302 5440 3411 5488 τῶν
3449 5449 3667 5516 νηστει-

2088 5515 2166 5568 ῶν
2196 5526 2538 5585 numeratur.
2574 5508 2788 5583 Scripta
2812 5508 3074 5585 superqu
3089 5508 3165 5585 με
3179 5508 3497 5585 Grecorum
3519 5508 3664 5573 jeju-

2089 5586 2199 5641 niis
2229 5588 2282 5639 in
2310 5584 2632 5640 memoriam
2672 5580 3001 5638 revocanda.
3031 5580 3154 5650 Τῶν
3180 5580 3450 5650 νηστειῶν
3479 5582 3663 5629 tamen

2088 5656 2282 5726 πρώτη
2332 5656 2592 5726 Κυριακὴ
2633 5652 3085 5726 hebdomadetna
3114 5646 3310 5726 feriag
3328 5646 3665 5726 inchoatam,

2089 5713 2151 5781 ut
2179 5735 2232 5780 et
2267 5713 2508 5791 secunda
2576 5713 3224 5795 Succedentem__clautlit.
3270 5720 3405 5776 Eant
3436 5713 3510 5771 ob
3552 5730 3668 5795 rem

2086 5787 2350 5853 Casearia
2389 5796 2669 5851 Dominica
2724 5791 3006 5847 Februarii
3032 5794 3177 5848 diem
3242 5798 3458 5848 sextum
3529 5787 3657 5841 obti

2091 5878 2274 5929 nente,
2333 5866 2668 5936 ieiuniorum
2737 5862 2977 5919 secunda
3046 5864 3313 5921 vicesimo
3388 5870 3668 5929 ptopttatu

2090 5939 2193 5996 sibi
2226 5936 2410 5993 sedem
2451 5939 2578 6006 ligat
2614 5950 2843 5991 necesse
2868 5941 2975 5990 cst.
