4100 6498
445 409 551 476 927

1859 405 1960 464 ΤΠ
1971 401 2167 463 ΕΟΡΙΙ
2179 397 2356 458 ιλΝῐδ

3610 377 3723 446 928

446 539 584 592 qum
607 521 719 575 dixi
755 529 966 590 gratum
1006 518 1160 574 vobis
1186 517 1372 581 fuerit,
1417 519 1546 574 huic
1576 534 1712 573 mea:
1740 518 2025 588 apologiae,

2143 511 2226 564 καὶ
2281 512 2340 578 ἡ·
2391 506 2608 568 σύνοδος
2663 504 2754 556 ὅτε
2795 502 3014 569 ιγένετο
3083 494 3588 568 κατεστραμμένας
3631 493 3724 547 αύ-

450 617 559 678 vel,
610 623 670 669 ut
715 614 911 668 melius
957 612 1156 675 dicam,
1211 611 1460 680 petitioni
1511 626 1836 681 responsum
1879 610 2026 664 date.

449 709 766 763 Orationem
803 703 1120 774 huiusmodi
1168 702 1425 758 lubenter
1467 703 1802 773 excipientes
1844 700 2027 755 cuncti

451 796 744 852 concilium
799 794 1106 864 cogendum
1154 808 1265 848 una
1297 807 1433 848 voce
1478 801 1799 849 sanxerunt.
1848 791 2034 856 Quare

455 888 719 942 'l‘arasius
771 899 1082 941 sermonem
1135 885 1333 939 iterum
1387 885 1452 939 ad
1503 885 1767 954 populum
1800 898 2036 938 conver-

453 991 573 1034 lctis
596 1025 610 1041 ,
645 979 944 1048 Imperator
969 975 1100 1041 Leo,
1129 976 1244 1032 dixi
1280 1016 1295 1041 ,
1346 977 1616 1047 imagines
1640 976 1861 1042 evertit,
1893 990 2031 1030 con-

449 1070 752 1136 cliumque
782 1068 1020 1122 subinde
1047 1067 1384 1122 celebratum
1419 1083 1520 1122 eas
1549 1067 1760 1122 invenit
1788 1079 2032 1121 eversas.

451 1165 518 1215 At
569 1161 700 1230 quia
752 1161 868 1216 sola
901 1160 1255 1229 imperatoris
1303 1167 1574 1230 potestate
1620 1157 1848 1214 sublata:
1881 1165 2032 1220 sunt,

450 1255 622 1305 totius
671 1251 749 1306 rei
810 1265 1030 1305 summa
1088 1259 1144 1304 et
1196 1257 1365 1319 caput
1420 1249 1621 1304 iterum
1679 1248 1832 1304 circa
1889 1247 2034 1303 hanc

449 1343 815 1412 questionem
879 1350 1154 1404 versatur,
1218 1339 1368 1411 quod
1435 1341 1692 1396 nimirum
1747 1339 2032 1409 antiquam

452 1432 910 1488 consuetudinem
947 1431 1002 1486 in
1053 1430 1296 1486 Ecclesia
1351 1431 1633 1493 traditam,
1687 1429 1813 1498 ipsi,
1870 1438 2035 1500 prout

453 1524 670 1578 libitum
715 1524 819 1578 sibi
861 1521 985 1585 fuit,
1036 1521 1256 1582 abolere
1305 1521 1428 1577 ausi
1472 1533 1648 1589 sunt;
1683 1522 1778 1578 sed
1810 1522 1902 1576 Dei
1939 1537 2035 1577 ve.

452 1617 613 1678 ritas.
665 1626 721 1670 ut
758 1616 860 1670 hoc
906 1616 1211 1672 secundum
1259 1615 1568 1685 apostolum
1619 1615 1871 1685 eloquar,
1925 1631 2034 1671 non

451 1718 537 1762 est
561 1707 804 1776 alligata.
839 1705 1107 1761 Caeterum
1140 1708 1347 1762 mensis
1377 1705 1693 1762 Decembris
1719 1708 1810 1762 die
1839 1707 2035 1777 quinto

453 1813 620 1866 supra
669 1797 994 1851 vicesimum
1027 1807 1082 1852 et
1110 1797 1300 1852 eadem
1348 1798 1649 1854 indictione
1676 1806 1870 1853 octava
1904 1799 2032 1853 reli-

2135 603 2236 664 τὰς
2260 593 2456 670 εὗρεν·
2492 597 2588 652 καὶ
2643 594 2846 650 διότι⁸⁸
2895 592 2986 646 διὰ
3027 589 3316 660 βασιλικῆς
3358 587 3542 659 χειρὸς
3588 602 3723 638 κατ-

2135 694 2510 764 εστράφησαν,
2555 687 2717 743 πάλιν
2747 687 2976 756 ζήτησιν
3009 685 3122 756 ἔχει
3154 682 3217 736 τὸ
3277 680 3600 750 κεφάλαιον,
3640 679 3724 732 ὄτι

2135 784 2374 856 ἀρχαίαν
2405 781 2696 852 συνήθειαν
2728 777 3178 850 παραδεδομένην
3216 778 3273 830 ὲν
3311 775 3379 844 τῇ
3419 771 3722 843 Ἐκκλησία

2138 876 2576 946 κατετόλμησαν,
2602 875 2676 938 ὼς
2707 873 2884 938 ἔδοξεν
2901 870 2947 902 ⁸³
2969 871 3172 932 αὐτοῖς,
3205 864 3470 936 ἀφανίσαι
3491 881 3505 897 θ
3541 863 3660 916 ἀλλ’
3686 865 3721 935 η

2137 968 2372 1037 ἀλήθεια
2407 966 2502 1020 τοῦ
2534 964 2672 1020 Θεοῦ
2717 965 2778 1019 οὗ
2827 962 3063 1026 δέδεται,
3097 956 3473 1020 ἁποστολικῶς
3523 956 3722 1010 εἰπεῖν.

2138 1061 2220 1132 Τῇ
2249 1060 2306 1113 δὲ
2339 1057 2417 1113 κε’
2451 1059 2547 1113 τοῦ
2594 1055 2936 1127 Δεκεμϐρίου
2984 1052 3153 1124 μηνὸς
3181 1052 3281 1121 τῆς
3311 1050 3484 1119 αὐτῆς
3511 1054 3562 1118 η’
3593 1049 3723 1102 ινδι-

2138 1150 2366 1214 κτιῶνος
2399 1148 2781 1222 ἐχειροτονήθη
2821 1149 2850 1200 ὁ
2874 1147 3023 1209 ὅσιος
3051 1145 3242 1212 Πατὴρ
3261 1141 3422 1213 ἡμῶν
3449 1140 3726 1211 Ταράσιος

2141 1243 2494 1314 πατριάρχης
2546 1237 3207 1300 Κωνσταντινουπόλεως,
3253 1234 3350 1289 καὶ
3398 1231 3725 1295 ἀποστείλας

2137 1337 2196 1392 ὲν
2239 1336 2425 1408 Ῥώμῃ
2471 1336 2540 1389 τὰ
2581 1332 2840 1388 συνοδικά
2869 1328 3038 1386 αὑτοῦ
3069 1329 3164 1382 καὶ
3205 1327 3298 1381 τὸν
3348 1325 3592 1380 λίϐελλον
3625 1324 3725 1395 τῆς

2139 1428 2378 1493 πίστεως
2406 1426 2597 1490 αὐτοῦ,
2619 1426 2894 1496 ἀπεδέχθη
2926 1422 3080 1495 παρά
3102 1420 3198 1476 τοῦ
3225 1420 3386 1474 πάπα
3418 1415 3722 1489 ’Δδριανοιὶ

2153 1519 2556 1574 ’Δποστείλασα
2581 1518 2639 1573 δὶ
2671 1517 2767 1572 καὶ
2813 1516 2912 1587 ii“
2951 1514 3243 1587 βασίλισσα
3276 1511 3414 1583 πρὸς
3445 1511 3537 1564 τὸν
3564 1508 3726 1564 αὑτὸν

2139 1612 2352 1675 πάπαν,
2373 1612 2614 1682 ᾐτήσατο
2640 1607 2966 1678 πεμφθῆναι
2995 1605 3308 1678 γράμματά
3339 1621 3399 1658 τε
3422 1601 3614 1668 αὐτοῦ,
3631 1601 3726 1656 καὶ

2139 1702 2465 1776 ἀνθρώπους
2496 1703 2634 1775 πρὸς
2683 1701 2746 1756 τὸ
2795 1699 3090 1772 εὑρεθῆναι
3144 1699 3202 1752 έν
3232 1700 3300 1768 τῇ
3344 1697 3566 1768 συνόδῳ.
3618 1695 3724 1750 Καὶ

2141 1795 2465 1849 ἀπέστειλεν
2522 1794 2750 1866 Πέτρον,
2806 1793 2899 1846 τδν
2940 1791 3229 1860 οἰκονόμον
3258 1792 3358 1858 τῆς
3397 1785 3726 1856 Ἐκκλησίας

454 1858 644 1955 εἰοειιε
699 1886 860 1941 Pater
907 1895 1096 1942 noster
1132 1885 1393 1944 Tarasiua
1435 1888 1670 1957 Cpoleos
1718 1890 2028 1960 patriarcha

2143 1887 2326 1951 αὐτοῦ,
2388 1886 2488 1941 καὶ
2535 1858 2648 1941 τὸν.
2682 1884 2992 1958 ἡγούμενον
3022 1858 3140 1956 (62)-
3163 1881 3259 1936 τοῦ
3303 1880 3462 1949 ἁγίου
3514 1878 3722 1945 Σάϐϐα,

458 1977 806 2033 renuntiatus
855 1985 962 2044 est,
1031 1978 1327 2048 missisque
1391 1978 1686 2036 confestim
1751 1981 2035 2051 synodicis

2143 1980 2336 2051 ἄνδρας
2382 1979 2601 2048 τιμίους
2648 1980 2744 2032 καὶ
2806 1980 2957 2050 πάσῃ
3013 1976 3183 2047 ἀρετῇ
3249 1971 3722 2042 κεκοσμημένους.

453 2069 570 2122 suis
624 2068 841 2132 litteris,
887 2079 942 2123 et
971 2068 1157 2124 libello
1202 2069 1328 2125 ﬁdei
1369 2085 1483 2124 suae
1531 2078 1691 2134 teste,
1729 2071 1799 2125 ab
1828 2071 2034 2126 Adria-

453 2175 527 2216 no
577 2176 714 2230 papa
769 2161 826 2217 in
885 2161 1143 2217 Ecclesiae
1204 2163 1648 2219 communionem
1705 2163 2034 2221 admissus:

454 2251 771 2322 imperatrix
824 2254 989 2308 etiam
1041 2255 1110 2310 ad
1154 2256 1404 2312 eumdem
1459 2272 1660 2327 papam,
1714 2257 1884 2323 misit,
1939 2258 2036 2328 qui

455 2347 562 2397 suo
593 2344 816 2398 nomine
863 2344 932 2398 ab
971 2358 1037 2400 co
1083 2339 1352 2414 peterent,
1406 2353 1466 2402 ut
1505 2345 1650 2402 datis
1687 2345 1885 2402 litteris
1932 2347 2036 2401 ho-

456 2434 656 2499 mines,
686 2436 779 2506 qui
806 2436 1042 2492 concilio
1079 2438 1358 2502 adessent,
1395 2437 1690 2508 delegaret.
1722 2437 1868 2507 Papa
1905 2449 2038 2494 vero

454 2526 699 2592 Petrum,
746 2529 994 2584 ecclesias
1040 2545 1156 2584 sua;
1194 2544 1570 2593 teconomum,
1618 2539 1674 2584 et
1715 2530 2036 2586 monasterii

450 2621 627 2676 sancti
660 2619 817 2676 Saba!
857 2625 1232 2692 praepositum,
1272 2623 1423 2679 viros
1454 2623 1661 2679 honore
1711 2623 2023 2694 praecipuos

451 2722 510 2766 ct
559 2712 712 2767 omni
757 2713 1018 2768 virtutum
1065 2713 1213 2769 cultu
1250 2725 1500 2781 ornatos,
1536 2715 1853 2771 destinavit.
1906 2715 2039 2770 Ale-

452 2806 697 2860 nandi-ise
727 2821 952 2877 quoque
981 2816 1040 2861 et
1069 2807 1379 2863 Antiochia:
1403 2808 1670 2877 przsules
1716 2807 2037 2877 imperatrix

449 2908 502 2951 et
553 2897 867 2965 patriarcha
920 2897 1130 2955 nuntiis
1177 2900 1294 2953 suis
1345 2898 1684 2954 advocavere
1747 2900 2042 2954 :nondnm

449 2989 596 3042 enim
627 3004 731 3058 pax
763 3005 889 3045 cum
956 2987 1230 3046 Arabibus
1266 2989 1373 3045 icta
1423 2990 1843 3060 exspirarent.
1919 2991 1988 3046 Et
2066 2992 2354 3052 Antiochia
2410 2997 2577 3070 389
2630 2995 2850 3066 quidem

2150 2073 2418 2128 ’Λπέλυσε
2441 2073 2489 2105 ⁸³
2513 2072 2570 2126 δὲ
2598 2071 2696 2126 καὶ
2719 2073 2778 2126 έν
2819 2066 3200 2141 Ἀλεξανδρείᾳ
3221 2066 3318 2121 καὶ
3355 2062 3658 2136 Ἀντιοχείᾳ
3687 2063 3723 2133 ἧ

2137 2183 2200 2220 τε
2225 2165 2515 2236 βασίλισσα
2546 2164 2642 2219 καὶ
2674 2167 2702 2219 ὁ
2733 2164 3113 2233 πατριάρχης·
3160 2158 3346 2231 ἀκμὴν
3372 2159 3481 2228 γάρ
3513 2160 3547 2227 ἠ
3589 2157 3728 2228 πρὸς

2139 2257 2266 2320 τοὺς
2291 2255 2540 2328 Ἄραϐας
2579 2256 2772 2326 εἰρήνη
2806 2255 2908 2308 οὐκ
2953 2249 3021 2325 ἦν
3058 2251 3371 2307 διαλυθεῖσα
3386 2250 3454 2306 ⁸⁸.
3489 2249 3602 2302 Καὶ
3662 2247 3726 2318 ἦ·

2135 2367 2340 2419 νεγκαν
2366 2351 2430 2403 ὲκ
2467 2350 2567 2420 μὲν
2596 2349 2697 2420 τῆς
2743 2345 3073 2418 Ἀντιοχείας
3118 2345 3376 2414 Ἰωάννην
3424 2343 3517 2398 τὸν
3549 2345 3726 2412 μέγαν

2141 2445 2235 2499 καὶ
2255 2444 2586 2515 περιϐόητον
2609 2444 2756 2516 ἔργῳ
2781 2444 2876 2498 καὶ
2902 2441 3047 2514 λόγῳ
3079 2439 3393 2512 ἁγιωσύνης
3422 2440 3724 2510 μετέχοντα

2140 2537 2237 2591 καὶ
2290 2536 2587 2604 σύγκελλον
2636 2536 2732 2590 τοῦ
2798 2534 3142 2605 πατριάρχου
3184 2531 3521 2602 Ἀντιοχείας
3569 2548 3733 2600 γεγο-

2144 2629 2296 2693 νότα,
2326 2629 2420 2682 καὶ
2445 2629 2650 2699 Θωμᾶν
2689 2627 3101 2698 Ἀλεξανδρείας
3136 2626 3308 2696 ἄνδρα
3339 2625 3589 2695 ζηλωτὴν
3628 2623 3728 2678 καὶ

2151 2718 2571 2784 εὐλαϐέστατον,
2604 2719 2756 2782 ὅστις
2793 2717 2889 2774 καὶ
2912 2716 3351 2788 ἀρχιεπίσκοπος
3381 2715 3481 2784 τῆς
3503 2715 3622 2766 ’τεν
3649 2712 3728 2783 τῷ

2158 2809 2438 2884 Ἰλλυρικῷ
2486 2811 2907 2885 μεγαλοπόλεως
2928 2811 2974 2844 ⁸⁸
3003 2808 3405 2880 Θεσσαλονίκης
3433 2807 3726 2880 γενόμενος

2149 2903 2468 2976 διέπρεψεν.
2911 2945 2914 2948 .

2917 2993 3181 3050 Joannem
3241 2991 3394 3049 illum
3450 3006 3730 3062 magnum.

443 3083 651 3138 virtute
698 3090 755 3136 et
835 3081 1088 3138 doctrina
1149 3082 1439 3148 celebrent,
1477 3130 1480 3131 ν
1513 3097 1623 3138 non
1689 3083 1900 3140 levibus
1966 3087 2274 3145 sanctitatis
2333 3087 2552 3144 indiciis
2612 3086 2930 3158 fulgentem,
3021 3086 3346 3157 patriarcha:
3403 3078 3732 3142 Antiochi-ni

451 3177 733 3240 quondam
787 3175 1115 3246 syncellum,
1149 3185 1204 3229 et
1254 3173 1522 3230 Thomam
1572 3174 2031 3243 Alexandrinum,
2107 3181 2287 3236 virum
2344 3181 2658 3252 religiosum
2708 3191 2763 3235 et
2809 3179 3010 3250 pietate
3081 3179 3375 3249 insignem,
3429 3178 3523 3250 qui
3577 3177 3729 3249 prius

452 3267 509 3320 iu
547 3265 762 3337 Illyrico
802 3281 1014 3336 magna:
1045 3266 1281 3321 civitatis
1319 3263 1735 3321 Thessalonicae
1768 3267 2219 3342 archiepiscopus
2249 3271 2547 3334 claruerat.
2590 3286 2656 3326 ex
2686 3270 2794 3326 illis
2826 3271 2957 3324 locis
2987 3270 3354 3326 adduxerunt.

529 3358 593 3413 Δ.
627 3358 693 3414 C.
727 3357 852 3414 778.
881 3386 952 3400 -ο
973 3358 1212 3413 Arabum
1241 3357 1392 3412 ducis
1416 3359 1598 3412 Aaron
1619 3375 1791 3415 annus
1811 3362 2037 3430 primus.

2218 3365 2285 3420 Α.
2303 3366 2378 3421 Μ.
2407 3361 2922 3432 6278.-Ἀρά6ων
2952 3363 3225 3434 ἀρχηγοῦ
3241 3359 3469 3431 Ἀαρὼν
3490 3363 3627 3430 ἔτος
3657 3369 3732 3418 α’.

527 3450 647 3507 Hoc
676 3467 822 3508 anno
854 3451 1006 3507 Mosc
1043 3449 1286 3506 Arabum
1334 3451 1477 3507 duce
1519 3450 1802 3517 defuncto,
1853 3455 2039 3510 Aaron

458 3543 630 3600 frater
664 3545 720 3599 in
769 3543 891 3614 ejus
919 3544 1103 3600 locum
1135 3543 1401 3598 suffectus
1447 3543 1737 3614 imperium
1779 3546 2042 3613 obtinuit,

457 3638 550 3710 qui
598 3637 771 3692 multa
819 3637 962 3691 mala
1011 3636 1066 3691 in
1117 3634 1467 3692 Christianos
1523 3637 1788 3699 exercuit.
1838 3635 2041 3692 Eodem

458 3745 606 3786 anno
658 3730 1019 3799 imperatores
1069 3727 1362 3792 miserunt,
1427 3727 1522 3796 qui
1577 3727 1868 3784 universos
1925 3743 2042 3784 sua

459 3822 689 3876 ditionis
714 3821 1006 3890 episcopos
1041 3818 1097 3873 in
1132 3834 1301 3873 unum
1343 3826 1736 3881 convocarent,
1788 3819 1855 3873 ad
1901 3834 2044 3889 quos

460 3913 534 3969 ah
556 3911 800 3966 Adriano
838 3927 976 3982 papa
1011 3911 1164 3965 missi
1202 3926 1326 3965 cum
1357 3911 1553 3967 litteris
1579 3911 1854 3979 homines,
1904 3927 2046 3982 quos

463 4008 914 4071 memoravimus,
945 4022 1054 4062 una
1092 4022 1218 4062 cum
1251 4006 1557 4062 Antiochiae
1606 4019 1662 4064 et
1703 4008 2047 4063 Alexandriae

462 4102 790 4174 patriarchis
814 4109 1189 4157 accesserunt.
1225 4100 1363 4156 Tum
1398 4116 1529 4156 vero
1563 4102 1770 4158 mensis
1814 4101 2047 4173 Augusti

462 4194 554 4249 die
582 4194 796 4249 decimo
840 4194 1095 4264 septimo,
1146 4208 1292 4247 nona
1347 4193 1664 4257 indictione,
1715 4195 1767 4247 in
1811 4194 2049 4264 impera-

461 4285 616 4341 tricis
647 4286 801 4340 urbis
827 4295 1147 4340 sanctorum
1184 4283 1560 4353 apostolorum
1595 4285 1800 4354 templo
1848 4285 2044 4355 praesi-

461 4377 655 4434 dentes
703 4392 892 4434 sacras
938 4375 1256 4446 Scripturas
1321 4375 1675 4447 investigare,
1745 4377 2046 4447 propositis

462 4471 534 4526 ad
561 4471 794 4526 invicem
823 4469 1006 4525 dubiis
1038 4467 1384 4523 dillicultates
1427 4468 1763 4533 examinare,
1812 4469 2050 4539 impera-

463 4561 677 4617 toribus
718 4575 750 4616 e
800 4559 1212 4619 catechumenis
1271 4562 1674 4627 spectantibus,
1737 4569 2047 4630 cmperunt.

464 4652 882 4710 Scholariorum
940 4667 1107 4723 porro
1157 4659 1213 4707 et
1265 4652 1647 4706 excubitorum
1697 4655 1870 4720 capite
1923 4667 2050 4724 per-

2214 3456 2402 3530 Τούτῳ
2463 3454 2542 3526 τῷ
2595 3456 2708 3510 ἔτει
2767 3457 2974 3526 Μωσῆς
3000 3458 3028 3510 ὁ
3064 3455 3174 3510 τῶν
3211 3454 3460 3526 ’Ἀράϐιον
3489 3455 3734 3525 ἀρχηγὸς

2142 3549 2432 3622 τέθνηκεν,
2467 3550 2565 3604 καὶ
2622 3548 2936 3620 ἐκράτησεν
2972 3547 3187 3621 Ἀαρὼν
3229 3550 3258 3602 δ
3294 3547 3522 3616 ἀδελφὸς
3565 3547 3733 3603 αὐτοῦ

2142 3642 2259 3701 ἀντ’
2291 3638 2459 3695 αὐτοῦ
2480 3641 2582 3710 τὴν
2611 3640 2824 3712 ἀρχήν
2857 3640 2916 3704 ὃς
2947 3639 3044 3694 καὶ
3072 3637 3243 3696 πολλὰ
3272 3637 3418 3694 κακά
3449 3641 3562 3702 τοῖς
3593 3640 3734 3709 Χρι-

2145 3734 2384 3798 στιανοῖς
2409 3731 2734 3798 ένεδείξατο.
2766 3732 2858 3803 Τῷ
2907 3731 2954 3786 δ’
2983 3731 3136 3804 αὐτῷ
3175 3731 3286 3786 ἔτει
3315 3731 3734 3796 ἀποστείλαντες

2157 3828 2209 3880 οἱ
2235 3826 2479 3897 βασιλεῖς
2517 3824 3000 3896 προσεκαλέσαντο
3030 3827 3239 3888 πάντας
3261 3825 3306 3858 ⁶⁹
3332 3825 3458 3889 τοὺς
3497 3824 3600 3880 ὑπὸ
3636 3826 3734 3895 τὴν

2145 3917 2398 3986 ἐξουσίαν
2423 3917 2605 3971 αὐτῶν
2642 3917 3005 3984 ἐπισκόπους,
3037 3915 3461 3971 καταλαϐόντων
3492 3917 3585 3972 καὶ
3625 3917 3736 3970 τῶν

2146 4010 2256 4066 ἀπὸ
2283 4011 2383 4081 τῆς
2427 4007 2649 4080 Ῥώμης
2686 4007 3051 4077 πεμφθέντων
3077 4009 3181 4062 ὑπὸ
3216 4006 3308 4062 τοῦ
3335 4008 3494 4064 πάπα
3521 4009 3736 4080 ’Δδριαρ

2145 4101 2239 4158 νοῦ
2271 4101 2616 4174 γραμμάτων
2661 4118 2723 4153 τε
2762 4100 2857 4153 καὶ
2897 4099 3227 4170 ἀνθρώπων,
3283 4099 3358 4163 ὡς
3385 4100 3733 4172 προέφημεν,

2146 4192 2368 4247 καὶτοῦ
2408 4190 2742 4263 Ἀντιοχείας
2781 4192 2873 4245 καὶ
2908 4190 3334 4261 Ἀλεξανδρείας.
3373 4191 3484 4245 Καὶ
3504 4193 3568 4262 τῇ
3606 4191 3670 4256 ιζ’
3688 4190 3735 4222 ⁸⁸

2145 4285 2240 4338 τοῦ
2281 4285 2597 4353 Αὐγούστου
2646 4284 2815 4356 μηνὸς
2896 4283 2996 4355 τῆς
3031 4281 3077 4338 θ’
3119 4281 3451 4349 ίνδικτιῶνος
3498 4282 3740 4356 προκαθ-

2153 4377 2373 4439 ίσαντες
2395 4380 2454 4431 ὲν
2475 4377 2552 4446 τῷ
2575 4377 2687 4448 ναῷ
2707 4375 2816 4432 τῶν
2856 4377 3029 4447 ἁγίων
3053 4377 3373 4432 ἀποστόλων
3398 4377 3458 4430 έν
3483 4379 3548 4447 τῇ
3579 4375 3738 4447 βασι-

2149 4469 2258 4525 λίδι
2312 4471 2491 4535 πόλει,
2523 4471 2761 4542 ἣρξαντο
2794 4470 2894 4534 τὰς
2928 4471 3090 4538 ἁγίας
3121 4469 3347 4540 Γραφάς
3393 4470 3739 4536 ὐπαναγινώ-

2152 4579 2328 4626 σχειν,
2348 4561 2443 4614 καὶ
2469 4560 3022 4632 άντιϐάλλειν⁹¹πρδς
3053 4560 3314 4632 ἀλλήλας,
3330 4559 3441 4612 τῶν
3473 4559 3739 4630 βασιλέων

2152 4655 2212 4708 ὲν
2239 4655 2353 4717 τοῖς
2379 4652 2813 4724 κατηχουμένοις
2852 4652 2964 4723 (65)
2997 4652 3272 4723 ὁρώντων.
3289 4652 3350 4706 ὐ
3378 4651 3435 4707 δὶ
3463 4650 3590 4715 λαδς
3622 4651 3739 4705 τῶν

463 4746 610 4801 versi
661 4745 906 4815 magistri
954 4745 1041 4801 sui
1080 4742 1334 4799 doctrina
1366 4742 1584 4808 imbuti,
1623 4752 1680 4798 et
1727 4759 1763 4818 a.
1806 4747 2037 4816 propriis

2154 4746 2457 4818 σχολαρίων
2489 4744 2603 4818 (64)
2625 4761 2687 4798 τε
2724 4743 2822 4798 καὶ
2852 4743 3256 4814 έξκουϐιτόρων
3283 4743 3379 4798 καὶ
3407 4741 3513 4800 τῶν
3537 4741 3742 4796 λοιπῶν

1770 4855 2008 4913 νΑιιιιΕ
2041 4855 2432 4916 LECTIONES

535 4950 584 4987 ⁸³
610 4947 767 5076 διότι)
796 4949 864 5005 δι’
892 4942 967 5005 ὧν
995 4949 1040 5006 A
1077 4947 1116 5014 ί,
1151 4949 1230 5003 διό
1262 4963 1314 5003 a.
1351 4949 1399 4983 ⁸³
1431 4951 1508 5034 dic
1537 4951 1612 5006 έδ.
1631 4951 1699 5020 Α,
1723 4953 1821 5006 καὶ
1843 4955 1918 5014 ἐδ,
1941 4956 2090 5026 vulg.
2132 4954 2250 5008 ⁸⁸δὲ
2274 4953 2372 5006 καὶ

535 5027 628 5080 τῆς
657 5021 723 5075 ad
771 5060 784 5075 .
811 5038 878 5076 ex
901 5023 969 5076 Α.
1042 5021 1088 5052 ⁸³⁸
1120 5020 1363 5080 μεγάλης
1391 5027 1602 5080 πόλεως
1626 5023 1693 5077 Α.
1769 5023 1815 5057 ³⁸
1835 5026 2046 5080 πάντας
2086 5041 2197 5080 om.
2227 5024 2294 5080 A.

2021 5062 2045 5089 ν
2086 5062 2197 5086 υιιιη
2227 5062 2294 5080 ιι.

466 5024 513 5057 ⁸⁷
533 5027 628 5095 τῆς
657 5020 784 5095 add.
811 5038 878 5076 ex
901 5023 969 5076 A.
1001 5021 1088 5095 ff
1105 5020 1371 5095 puduit};
1391 5022 1602 5087 πόλεως
1626 5023 1693 5077 Α.

469 5095 512 5160 f,
567 5090 767 5165 ἀμφιϐ.
827 5109 926 5164 πρ.
989 5090 1255 5163 ἀλλήλους
1286 5093 1434 5166 vulg.

2402 4953 2435 5019 ἡ
2465 4950 2602 5021 Α.δέ
2617 4951 2659 5021 Δἡ
2683 4949 2831 5019 vulg.
2865 4949 2912 4982 "
2928 4949 3249 5021 ἀπέστειλεν
3270 4948 3336 5005 A.
3370 4950 3420 4984 “
3440 4946 3661 5021 λυθεῖσα
3675 4947 3738 5006 Δ.

2397 5017 2442 5055 οδ
2469 5019 2555 5092 ις’]
2583 5018 2626 5085 ζ’
2647 5017 2722 5077 Ἀ,
2783 5017 2842 5054 ³⁸
2867 5019 3213 5076 ἀντιϐάλλειν
3258 5021 3396 5092 πρὸς
3427 5017 3666 5090 ἀλλήλας
3695 5023 3741 5075 Α

1785 5207 1926 5266 JAC.
1959 5205 2174 5264 GOARI
2220 5201 2454 5269 NOTAE.

551 5306 654 5376 '62)
681 5305 904 5364 Petrum
936 5307 1100 5362 etiam
1125 5308 1372 5364 nomine.

563 5373 654 5450 65)
696 5378 1102 5434 Catechumena
1129 5379 1375 5450 porticus
1418 5375 1668 5450 ecclesia;
1694 5373 2046 5430 sublitniores

472 5453 540 5509 ad
573 5446 778 5520 annum
820 5446 1173 5505 Constantini
1205 5447 1538 5520 Copronymi
1589 5446 1826 5520 primum
1882 5459 2049 5520 expo-

472 5525 711 5580 suimus.
734 5519 983 5576 Praesens
1017 5521 1172 5576 locus
1195 5520 1247 5574 id
1277 5517 1574 5575 convincit.
1596 5517 1747 5570 Alias
1775 5531 1841 5569 ex
1871 5517 2051 5569 eccle-

2154 5314 2384 5362 camus,
2439 5311 2614 5366 eaque
2671 5293 2744 5366 τὰ
2799 5293 2961 5366 κάτω
3008 5297 3396 5366 κατηχούμενα
3463 5296 3574 5350 ἀπὸ
3631 5295 3741 5350 τῶν

2153 5373 2269 5428 ἀνω
2299 5364 2562 5423 diversa:
2590 5364 2683 5420 sed
2715 5366 2831 5419 haec
2857 5364 3228 5422 hallucinatus
3253 5364 3360 5421 est.

2229 5439 2343 5510 (64)
2389 5439 2544 5492 llunc
2589 5436 2826 5491 militum
2852 5434 3220 5510 Constantino.
3264 5435 3610 5510 addictorum
3641 5436 3740 5510 ad:

2154 5505 2352 5564 versus
2395 5515 2648 5564 sanctam
2700 5521 2772 5560 vn
2838 5505 3109 5576 synodum
3150 5507 3416 5562 insultum
3472 5521 3597 5576 cum
3647 5507 3741 5562 alii

475 5574 570 5652 Qui
607 5574 908 5646 liminibus
932 5597 989 5645 et
1023 5574 1253 5645 externa
1287 5574 1506 5661 porticu
1559 5585 1749 5641 Patres
1783 5585 2058 5656 synodice
2156 5588 2593 5660 prosequuntur,
2633 5583 2770 5661 tur-nl
2798 5574 3124 5661 perstringit
3169 5578 3423 5632 laudatus
3475 5574 3738 5661 :I’ltcodo-

474 5671 701 5718 coactos
726 5661 796 5717 de
831 5661 953 5716 ﬁdei
985 5661 1152 5716 rebus
1192 5661 1560 5717 dissertantes
1611 5664 2046 5726 prospectarent,

477 5745 535 5789 ct
584 5731 839 5787 audirent
889 5731 1254 5799 imperatores
1303 5729 1704 5799 Constantinus
1751 5726 2053 5799 e_t__lrcne?

479 5801 884 5861 Catccltumcna
914 5796 1174 5857 iuleriora
1191 5801 1357 5858 etiam
1379 5796 1558 5856 Grieci
1587 5796 1836 5851 nonnulli
1855 5803 2055 5849 vocant

479 5873 730 5931 ecclesia:
759 5870 1046 5943 ἐμϐόλους,
1072 5887 1212 5942 quas
1239 5871 1356 5928 alas
1385 5877 1438 5927 et
1475 5882 1644 5924 naves
1693 5867 1933 5923 tniuorcs
1965 5882 2054 5921 ro-

2160 5644 2279 5715 rus,
2340 5644 2424 5704 sui
2480 5649 2534 5702 in
2602 5660 2669 5700 co
2714 5644 2962 5702 Platonis
3039 5644 3262 5717 operam
3334 5647 3740 5717 constantiam-

2160 5737 2270 5791 quc
2321 5717 2701 5789 depratdicans
2730 5754 2745 5778 ,
2783 5717 2879 5786 qui
2947 5732 3050 5791 nec
3079 5715 3276 5791 antea
3357 5715 3738 5791 hereticorum

2163 5785 2342 5845 minus
2371 5785 2641 5850 timuerit,
2672 5801 2772 5840 nec
2803 5785 2948 5842 tunc
2981 5789 3080 5857 τὴν
3113 5785 3434 5856 ἀποτροπὴν
3481 5788 3576 5840 καὶ
3616 5789 3739 5857 επι-

2164 5861 2372 5933 δρομὴν
2395 5859 2488 5915 τοῦ
2513 5857 2909 5928 στρατιωτικοῦ
2937 5856 3239 5930 τάγματος,
3259 5857 3514 5913 militaris
3539 5856 3741 5912 ordinis
