4100 6456
458 398 562 462 939
1844 389 2080 451 TIIEOI

2186 391 2339 450 tNlS
3642 391 3746 454 9ἷο

458 511 626 581 gat-im
645 511 910 567 domnum
937 509 1239 576 incidisset,
1272 506 1374 563 levi
1408 520 1588 576 pugna
1626 518 1853 574 vcspcre
1899 506 2223 573 commissa,
2260 504 2491 561 Romani
2526 505 2725 560 timore
2785 504 3053 573 perculsi,
3092 518 3188 575 per
3256 512 3473 560 noctem
3543 504 3597 558 in
3675 502 3759 559 fu-

461 619 583 680 gam
615 618 677 661 se
736 603 1027 672 dederunt,
1059 610 1224 673 atque
1253 601 1325 656 ita
1366 613 1492 656 cum
1526 597 1796 654 dedecore
1849 599 2056 654 reversi
2098 608 2249 655 sunt.
2285 599 2504 670 Bulgari
2536 598 2700 655 etiam
2731 597 2985 654 exterriti
3009 597 3065 653 in
3126 597 3467 668 provinciam
3510 610 3570 652 se
3618 612 3764 654 recc.

463 703 688 767 perunt.

536 790 605 845 Δ.
635 789 700 845 C.
733 786 865 845 784.
894 817 966 831 —
992 787 1112 845 Hoc
1131 799 1280 843 anno
1303 799 1492 841 mense
1523 783 1836 855 Septembri
1892 785 2067 855 impe-

2243 785 2311 841 A.
2352 785 2423 841 Μ.
2450 784 2610 839 6284.
2649 815 2719 826 —
2753 784 2944 856 Τούτῳ
2979 783 3059 856 τῷ
3090 783 3200 839 ἔτει
3240 784 3374 857 μηνὶ
3408 784 3767 856 Σεπτεμϐρίῳ

465 891 619 941 rator
674 887 890 938 armata
953 894 1122 936 manu
1181 877 1237 935 in
1264 876 1477 934 Arabes
1500 874 1779 949 profectus
1807 886 1939 943 est;
1994 878 2064 931 ab

464 974 695 1032 Amorio
770 981 954 1030 autem
1014 987 1270 1040 movens,
1324 971 1559 1028 Tarsum
1614 969 1823 1027 Cilicia
1872 970 2063 1026 urbem

463 1067 727 1138 perrexit.
742 1066 823 1122 Ad
835 1075 1018 1123 turres
1038 1074 1224 1122 autem
1245 1064 1499 1137 Anydras
1516 1063 1588 1120 ita
1613 1061 1792 1120 dictas
1816 1062 2065 1130 veniens,

466 1176 525 1217 re
552 1175 783 1232 prorsus
826 1158 1030 1217 iniecta
1084 1160 1583 1226 remeavit,mense
1606 1157 1852 1225 Octobri,
1920 1157 2067 1213 iudi-

464 1253 646 1310 ctione
682 1253 896 1311 decima
918 1253 1139 1325 quinta.
1167 1252 1408 1315 ,Mensis
1459 1262 1645 1308 autem
1675 1250 1930 1307 Januarii
1983 1251 2071 1306 die

467 1347 687 1404 decimo
702 1347 991 1419 quintoab
1013 1348 1135 1418 ipsa
1168 1356 1346 1403 matre
1371 1346 1670 1417 multisque
1713 1344 2071 1416 optimatibus

467 1447 751 1507 exoratus,
788 1441 1198 1511 imperatricem
1248 1440 1447 1495 iterum
1499 1454 1620 1495 eam
1670 1438 1970 1501 renuntiat,
2019 1446 2075 1493 et

470 1545 599 1587 eum
630 1545 699 1587 eo
724 1531 1146 1603 faustispopuli
1186 1531 1707 1596 exclamationibus,
1740 1531 1891 1588 velut
1915 1530 2069 1598 olim,

470 1621 767 1693 excipitur,
786 1622 841 1677 in
865 1622 983 1678 hac
1007 1622 1193 1677 verba:
1222 1622 1586 1678 Constantino
1613 1632 1667 1678 et
1693 1622 1850 1679 lrene
1870 1621 2073 1677 multos

383 1698 388 1705 ’
474 1715 671 1771 annos!
708 1714 1072 1787 Imperatoris
1093 1714 1296 1785 placito
1321 1717 1507 1771 cuncti
1526 1729 1591 1786 pa
1602 1722 1853 1771 ruerunt.
1879 1713 2073 1770 Solum

471 1805 931 1863 Armeniacorum
981 1804 1167 1861 thema
1203 1804 1285 1861 rei
1311 1804 1558 1865 novitate
1610 1805 1923 1875 perculsum
1987 1813 2076 1862 tu-

472 1894 803 1963 multuatur,
833 1902 891 1951 et
928 1893 1191 1952 Alexium
1216 1894 1432 1966 pridem
1459 1908 1626 1951 suum
1654 1894 1877 1958 ducem,
1907 1909 2073 1966 quem

471 1986 772 2057 imperator
788 1985 1030 2058 quodam
1048 1987 1280 2043 obtentu
1307 1993 1633 2044 revocatum
1657 1998 1716 2043 et
1746 1987 1965 2057 patricii
1988 1987 2074 2042 di-

473 2079 681 2152 guitate
681 2086 1003 2150 promotum
1028 2092 1197 2150 penes
1222 2092 1284 2136 se
1295 2077 1601 2136 retinuerat
1615 2079 1947 2137 accersitum
1961 2078 2078 2136 sibi

2174 876 2618 947 ἐπεστράτευσεν
2644 879 2674 931 ό
2721 876 2977 949 βασιλεὺς
3003 876 3148 932 κατά
3196 877 3473 949 Ἀράϐων,
3541 879 3636 932 καὶ
3663 879 3766 933 ἀπ-

2176 969 2317 1041 άρας
2345 971 2411 1024 ὲκ
2437 968 2533 1025 τοῦ
2550 970 2823 1042 Ἀμωρίου
2855 970 3024 1043 ἀπῄει
3041 970 3136 1026 ἐπὶ
3148 971 3364 1044 Ταρσὸν
3382 974 3481 1044 τῆς
3497 969 3765 1037 Κιλικίας.

2189 1061 2391 1116 Ἐλθὼν
2419 1062 2479 1116 δὲ
2507 1064 2587 1127 είς
2616 1063 2906 1134 Ἀνύδρους
2929 1062 3178 1137 πύργους
3207 1063 3374 1118 πάλιν
3404 1063 3772 1138 ἀνθυπέστρε-

2175 1153 2246 1225 ψε
2279 1155 2326 1187 ⁸³
2351 1155 2513 1219 κενὸς
2547 1156 2679 1227 μηνὶ
2736 1156 3076 1230 Ὀκτωϐρίῳ,
3135 1157 3434 1212 ίνδικτιῶνι
3467 1164 3551 1213 ιε’.
3589 1159 3668 1230 Τῇ
3715 1159 3771 1213 δὲ

2177 1245 2241 1303 ιε’
2264 1247 2361 1302 τοῦ
2401 1248 2731 1321 Ἰανουαρίου
2783 1249 2954 1322 μηνὸς
3012 1250 3392 1322 παρακληθεὶς
3443 1252 3472 1305 ὁ
3520 1251 3770 1320 βασιλεὺς

2180 1341 2288 1396 ὑπὸ
2315 1343 2416 1414 τῆς
2440 1343 2578 1408 ιδίας
2618 1345 2825 1416 μητρὸς
2858 1345 2953 1400 καὶ
2977 1344 3193 1400 πολλῶν
3221 1346 3332 1398 τῶν
3353 1346 3413 1399 ὲν
3440 1345 3612 1414 τέλει,
3645 1347 3772 1401 ἀνα-

2179 1433 2398 1507 γορεύει
2428 1434 2603 1507 αὐτὴν
2635 1435 2820 1503 πάλιν,
2840 1437 2937 1492 καὶ
2967 1436 3436 1507 συνευφημίζεται
3476 1438 3576 1492 σὺν
3604 1438 3773 1511 αὐτῷ,

2176 1524 2256 1591 ὡς
2285 1526 2344 1595 ἐξ
2373 1528 2551 1600 ἀρχῆς
2580 1530 2996 1584 Κωνσταντίνου
3018 1531 3113 1586 καὶ
3136 1531 3395 1603 Εἰρήνης.
3427 1530 3538 1585 Καὶ
3572 1532 3773 1596 πάντες

2184 1618 2285 1692 μὲν
2332 1622 2751 1693 πειθαρχοῦσιν.
2802 1623 2877 1678 “re
2927 1623 2989 1678 δὲ
3034 1623 3146 1677 τῶν
3190 1623 3574 1695 ’Δρμενιακῶν
3627 1624 3772 1695 Θέμα

2181 1711 2474 1774 ἐκστάντες
2491 1711 2539 1746 ⁸⁸
2564 1713 2703 1782 πρὸς
2723 1712 2885 1767 τοῦτο
2917 1712 3328 1780 στασιάζουσιν,
3354 1714 3450 1768 καὶ
3479 1714 3775 1787 ἐπιζητοῦ-

2183 1820 2272 1858 σιν
2309 1802 2549 1869 ’Δλέξιον
2573 1804 2666 1858 τὸν
2700 1805 2810 1876 πρὸ
2838 1806 3042 1877 μικροῦ
3079 1805 3546 1881 στρατηγήσαντα
3574 1808 3774 1872 αὐτῶν,

2183 1897 2244 1953 τὸ
2264 1895 2569 1969 τηνικαῦτα
2597 1897 2694 1951 τοῦ
2724 1898 2991 1969 βασιλέως
3027 1902 3169 1971 μετὰ
3196 1900 3359 1970 λόγου
3401 1901 3779 1972 προσκαλεσα-

2186 1991 2350 2062 μένου
2382 1987 2567 2055 αὐτὸν,
2597 1990 2694 2045 καὶ
2721 1992 2788 2063 τῇ
2812 1990 2909 2045 τοῦ
2947 1993 3243 2062 πατρικίου
3268 1992 3396 2064 ἀξίᾳ
3417 1993 3774 2064 τιμήσαντος,

2178 2066 2281 2139 καὶ
2306 2084 2443 2158 πρὸς
2482 2084 2676 2140 ἑαυτὸν
2727 2085 3120 2157 κατασχόντος.
3165 2086 3368 2140 Τοῦτον
3400 2083 3496 2141 οὖν
3546 2085 3635 2141 διὰ
3678 2088 3776 2159 τὴν

477 2172 636 2228 reddi
663 2181 718 2229 et
750 2173 805 2228 in
822 2171 1070 2229 oﬂicium
1094 2171 1321 2229 restitui
1358 2171 1681 2231 soliicitant.
1707 2173 1849 2228 Eum
1875 2173 2080 2245 itaque,

2187 2180 2448 2252 τοιαύτην
2485 2166 2830 2253 ἐπιζήτησιν,
2871 2180 2967 2234 καί
2994 2196 3151 2243 τινας
3188 2179 3384 2249 λόγους
3436 2181 3575 2252 περὶ
3612 2180 3777 2235 αὐτοῦ

479 2264 628 2337 quod
657 2272 814 2322 tanto
860 2265 1059 2322 ardore
1077 2265 1435 2337 repetiissent
1455 2264 1797 2330 Armeniaci,
1825 2264 2086 2337 quodque

477 2371 762 2413 sermones
823 2357 893 2414 de
926 2372 1016 2425 eo,
1048 2357 1209 2429 quasi
1240 2356 1312 2414 de
1357 2357 1701 2429 imperatore
1748 2357 1961 2425 futuro,
2025 2358 2081 2413 in

477 2447 676 2521 vulgus
691 2459 1100 2521 spargerentur,
1123 2450 1521 2508 Constantinus
1537 2452 1860 2509 verberibus
1872 2466 2081 2509 caesum

477 2550 535 2597 et
563 2542 778 2613 capillis
815 2542 1110 2600 detonsum
1142 2543 1197 2598 in
1250 2544 1572 2615 praetorium
1603 2547 1861 2602 detrusit.
1909 2545 2085 2602 Porro

476 2632 629 2691 Julio
669 2649 867 2692 mense
921 2636 1229 2693 exercitum
1262 2637 1318 2692 in
1356 2636 1630 2708 Bulgaros
1676 2641 1980 2711 expedivit,
2029 2648 2087 2695 et

478 2735 725 2786 castrum
805 2722 1195 2787 Marcellorum
1264 2729 1535 2787 condidit.
1616 2730 1878 2814 Ejusdem
1952 2746 2084 2789 vero

480 2823 690 2879 mensis
741 2821 876 2879 Julii
946 2824 1037 2880 die
1085 2822 1376 2891 vicesimo,
1444 2823 1756 2882 Cardamus
1815 2826 2086 2898 Bulgaria:

479 2917 745 2982 domnus,
777 2916 953 2987 copiis
983 2915 1213 2974 ditionis
1245 2931 1358 2972 sua:
1382 2917 1643 2972 omnibus
1669 2912 1906 2986 eductis,
1930 2929 2082 2991 post-

482 3007 707 3064 modum
728 3009 787 3064 in
818 3009 955 3065 locis
971 3009 1204 3066 munitis
1227 3008 1495 3065 substitit.
1527 3007 1829 3081 Imperator
1854 3012 2083 3083 juvenili

481 3099 683 3156 ardore
708 3112 1012 3156 succensus
1029 3106 1085 3156 et
1105 3114 1147 3156 al
1160 3097 1316 3156 falsis
1333 3100 1548 3157 vatibus
1575 3101 1859 3159 victoriam
1878 3104 1927 3159 ei
1948 3120 2088 3174 prae-

483 3192 870 3248 nuntiantibus
952 3192 1235 3260 seductus,
1287 3192 1601 3251 inconsulte
1657 3205 1723 3251 et
1770 3196 2086 3267 agminibus

484 3285 871 3359 incompositis
920 3300 1160 3359 pugnam
1205 3301 1531 3351 conserens,
1579 3292 1733 3360 gravi
1783 3290 1940 3346 clade
1969 3290 2087 3345 atii-

481 3379 651 3436 citur.
708 3377 905 3441 Urbem
944 3381 1131 3450 itaque
1168 3378 1437 3450 fugivitus
1467 3381 1683 3450 repetit,
1715 3380 1927 3449 multis,
1974 3395 2083 3436 non

481 3489 548 3529 ex
603 3473 870 3546 gregariis
919 3473 1087 3529 modo
1135 3472 1301 3544 395
1348 3472 1643 3541 militibus,
1701 3475 1796 3530 sed
1848 3482 1905 3529 et
1950 3475 2087 3531 viris

484 3570 540 3624 in
581 3567 849 3639 dignitate
881 3566 1200 3627 constitutis
1236 3567 1479 3635 amissis,
1515 3567 1659 3624 inter
1691 3582 1833 3639 quos
1861 3568 2080 3625 fuerunt

2196 3580 2260 3617 τε
2287 3562 2386 3619 καὶ
2411 3562 2630 3632 Θεόγνω
2639 3580 2760 3619 στον
2782 3562 3125 3635 στρατηγοὺς
3144 3566 3438 3635 γεγονότας
3453 3566 3552 3622 καὶ
3572 3567 3784 3640 mps-
3884 3602 3891 3613 η

481 3661 721 3716 Michael
769 3661 1031 3731 magister
1057 3658 1516 3727 Lachanodraco,
1542 3659 1749 3719 Bardes
1792 3661 2080 3733 patricius,

485 3754 805 3823 Stephanus
849 3752 1352 3823 protospatharius,
1401 3752 1690 3810 Chamaaas
1747 3767 1814 3809 ac
1862 3752 2083 3809 Nicetes

482 3854 540 3901 et
571 3846 979 3916 'l‘heognostus,
1013 3846 1110 3916 qui
1138 3845 1311 3903 duces
1331 3846 1681 3912 exstiterant,
1719 3844 2084 3917 hominesque

481 3956 551 3996 ex
605 3940 966 4011 imperatorio
1018 3940 1287 3996 cemitattt
1346 3954 1461 3997 non
1505 3940 1701 4011 pauci:
1757 3940 2083 3997 Pancratius

483 4032 674 4098 etiam,
725 4030 900 4087 falsus
952 4032 1042 4087 ille
1103 4042 1257 4087 vates
1298 4039 1357 4086 et
1410 4041 1783 4099 astronomus,
1825 4033 1924 4103 qui
1975 4033 2083 4087 lm-

482 4126 755 4196 peratoris
805 4124 1096 4182 victoriam
1150 4126 1395 4180 futuram
1444 4126 1798 4197 praedixerat.
1831 4125 1913 4180 Ad
1970 4124 2086 4180 haee

482 4219 703 4290 Bulgari
735 4218 1165 4290 impedimentis,
1201 4218 1584 4289 facultatibus,
1621 4219 1779 4290 equis
1815 4227 1871 4275 et
1905 4227 2086 4275 tento-

483 4316 695 4369 riorum
755 4311 1005 4368 omnium
1061 4318 1329 4382 apparatu
1361 4326 1489 4367 cum
1528 4310 1791 4367 universa
1839 4311 2079 4381 impera-

480 4406 625 4461 toria
657 4402 997 4475 supellectile
1029 4401 1193 4474 potiti
1223 4401 1470 4458 fuerunt.
1504 4402 1781 4460 Caeterum
1816 4402 2082 4459 militares

483 4499 710 4556 ordines
761 4499 816 4554 in
850 4498 1041 4554 urbem
1094 4497 1294 4553 invecti
1344 4495 1719 4567 Nicephorum
1750 4509 2083 4552 excmsarem

482 4595 720 4647 educere
759 4603 813 4648 et
841 4593 1230 4663 imperatorem
1269 4591 1592 4647 renuntiare
1629 4590 1904 4648 consiliati
1931 4598 2085 4646 sunt.

483 4683 876 4740 ConStantinus
898 4685 1280 4757 coniuratione
1306 4682 1601 4755 patefacta,
1618 4684 1714 4755 qui
1743 4682 2084 4739 Constantini

485 4776 574 4832 avi
608 4777 694 4833 sui
732 4777 907 4832 lilium
939 4787 1239 4848 utrumque
1272 4776 1340 4832 ad
1375 4776 1550 4833 sancti
1583 4775 1873 4832 Mamantis
1897 4776 2083 4832 locum

2190 2272 2562 2345 ρεσκομένους
2588 2272 2658 2337 ⁸⁸,
2681 2272 2759 2337 ὡς
2789 2272 3007 2342 μέλλειν
3046 2273 3214 2327 αὐτὸν
3249 2272 3562 2345 βασιλεύειν
3592 2273 3776 2343 δείρας

2186 2364 2285 2419 καὶ
2302 2364 2611 2437 κουρεύσας
2633 2365 2693 2417 ὲν
2717 2364 2795 2437 τῷ
2824 2365 3148 2438 πραιτωρίῳ
3170 2366 3523 2439 ἀπέθετο.τῷ
3553 2368 3614 2421 δὲ
3645 2369 3781 2421 ἰου-

2186 2458 2286 2531 λίῳ
2312 2459 2446 2530 μηνὶ
2472 2458 2912 2529 ἐπεστράτευσεν
2954 2458 3099 2513 κατὰ
3132 2459 3482 2531 Βουλγάρων,
3516 2461 3613 2515 καὶ
3636 2459 3782 2515 ἐκτι-

2189 2565 2282 2602 σεν
2304 2548 2367 2602 τὸ
2395 2547 2441 2580 ⁸⁸
2465 2548 2704 2619 κάστρον
2736 2546 3079 2619 Μαρκέλλων
3100 2565 3116 2580 ο
3160 2549 3258 2602 καὶ
3287 2552 3356 2621 τῇ
3411 2551 3634 2623 εἰκοστῇ
3683 2551 3778 2604 τοῦ

2199 2641 2422 2697 Ἰουλίου
2446 2643 2615 2714 μηνὸς
2639 2641 2864 2713 ἐξῆλθεν
2875 2643 3174 2714 Κάρδαμος
3201 2645 3228 2697 ό
3250 2643 3412 2714 κῦρις
3436 2644 3534 2716 τῆς
3551 2645 3782 2715 Βουλγα-

2189 2733 2314 2807 ρίας
2343 2734 2483 2805 μετά
2520 2734 2699 2805 πάσης
2738 2733 2841 2805 τῆς
2864 2734 3159 2804 δυνάμεως
3190 2735 3381 2803 αὐτοῦ,
3412 2738 3510 2791 καὶ
3539 2736 3670 2809 ἔστη
3722 2739 3780 2791 ἐν

2183 2826 2301 2883 τοῖς
2322 2823 2665 2896 ὀχυρώμασι.
2717 2823 3154 2896 Θερμοπνοήσας
3183 2825 3240 2878 δὲ
3271 2826 3299 2879 ό
3345 2825 3624 2897 βασιλεὺς,
3685 2828 3780 2882 καὶ

2186 2917 2296 2973 ὑπὸ
2351 2917 2822 2989 ψευδοπροφητῶν
2887 2917 3179 2985 πεισθεὶς,
3243 2919 3321 2983 ὡς
3394 2919 3563 2974 αὑτοῦ
3623 2922 3778 2976 ἔσται

2185 3012 2222 3083 ή
2283 3010 2434 3082 νίκη,
2479 3010 2741 3074 ἀσκόπως
2796 3010 2895 3065 καὶ
2957 3011 3211 3076 ἀτάκτως
3268 3011 3567 3069 συνέϐαλεν
3619 3015 3779 3069 πόλα-

2190 3120 2314 3174 μον,
2354 3103 2450 3157 καὶ
2478 3104 2713 3175 ἡττᾶται
2771 3103 3044 3175 σφοδρῶς.
3087 3105 3484 3177 Ἐπανέρχεται
3511 3107 3568 3161 δὲ
3602 3110 3781 3177 φυγὰς

2186 3197 2248 3250 ἂν
2277 3198 2343 3268 τῇ
2375 3195 2530 3250 πόλει
2559 3196 2789 3262 πολλοὺς
2828 3195 3145 3266 ἀποϐαλὼν,
3178 3198 3242 3252 οὐ
3283 3199 3446 3269 μόνον
3475 3198 3569 3254 τοῦ
3599 3199 3781 3254 κοινοῦ

2187 3288 2344 3357 λαοῦ,
2375 3287 2514 3343 ἀλλὰ
2534 3287 2631 3342 καὶ¹
2657 3286 2771 3345 τῶν
2794 3289 2853 3342 ὲν
2880 3287 3051 3355 τέλει,
3090 3290 3150 3344 ὲν
3187 3285 3271 3355 οἷς
3303 3292 3400 3345 καὶ
3426 3291 3649 3364 Μιχαὴλ
3675 3292 3784 3362 μάδ-

2188 3398 2416 3452 γιστρον
2444 3379 2966 3453 Λαχανοδράκοντα,
2987 3381 3082 3452 καὶ⁷
3106 3380 3323 3452 Βάρδαν
3344 3382 3658 3454 πατρίκιον,
3687 3383 3783 3438 καὶ

2193 3473 2469 3542 Στέφανον
2529 3472 3046 3546 πρωτοσπαθάριον,
3074 3475 3169 3528 τὸν
3207 3474 3408 3546 Χαμέα
3439 3477 3507 3543 ⁸’,
3536 3477 3784 3549 Νικήταν

2188 3674 2329 3723 me;
2375 3657 2696 3730 βασιλικοὺς
2750 3658 2853 3713 οὐκ
2878 3657 3119 3729 ὀλίγους,
3151 3661 3248 3714 καὶ
3294 3660 3648 3733 Παγκράτιον
3691 3661 3784 3717 τὸν

2186 3747 2648 3822 ψευδοπροφήτην
2697 3751 2793 3805 καὶ
2843 3751 3206 3823 ἀστρονόμον,
3259 3753 3412 3818 ὅστις
3474 3757 3571 3811 καὶ
3625 3755 3784 3825 νικᾷ-1

2187 3845 2355 3900 αὐτὸν
2388 3847 2825 3919 προεφήτευσεν.
2869 3848 3160 3921 Ἐπείρασι
3179 3849 3229 3882 ⁸⁸
3244 3850 3303 3905 δὲ
3324 3850 3422 3904 καὶ
3449 3849 3513 3904 τὸ
3538 3849 3780 3917 τοῦλδον,

2188 3936 2455 4008 χρήματά
2480 3954 2542 3992 τε
2566 3938 2665 3991 καὶ
2690 3938 2893 4023 irritata;
2930 3942 3026 3996 καὶ
3050 3942 3155 4013 τὴν
3188 3942 3395 4015 κόρτην
3426 3943 3568 4015 μετά
3600 3942 3784 4011 πάσης

2187 4031 2289 4102 τῆς
2344 4029 2634 4102 βασιλικῆς
2685 4033 3017 4105 ὑπουργίας.
3060 4034 3183 4090 Τῶν
3220 4035 3280 4089 δὲ
3329 4036 3630 4108 ταγμάτων
3666 4039 3786 4090 ἐπι-

2192 4124 2572 4196 συναχθέντων
2588 4127 2648 4180 ὲν
2667 4128 2732 4198 τῇ
2758 4125 2933 4194 πόλει,
2957 4127 3354 4185 ἐϐουλεύσαντο
3378 4130 3668 4200 ἐξαγαγεῖν
3681 4132 3782 4186 Νι-

2192 4217 2435 4290 κηφόρον
2455 4217 2549 4272 τὸν
2562 4219 2673 4272 ἀπὸ
2695 4219 3017 4290 Καισάρων,
3041 4222 3140 4276 καὶ
3160 4222 3451 4294 στῆσαιιίς
3472 4222 3519 4256 ⁸⁸
3536 4222 3782 4293 βασιλέα.

2189 4309 2362 4367 Τοῦτο
2422 4312 2586 4382 γνοὺς
2628 4314 3068 4380 Κωνσταντίνος,
3120 4315 3453 4383 ἀποστείλας
3511 4316 3784 4389 ἐξήγαγεν

2188 4403 2539 4476 ἀμφοτέρους
2573 4404 2701 4468 τοὺς
2755 4403 2907 4469 υἱοὺς
2954 4405 3376 4463 Κωνσταντίνου
3420 4406 3519 4463 τοῦ
3550 4409 3781 4462 πάππου

2188 4495 2356 4552 αὑτοῦ
2395 4497 2456 4550 ὲν
2484 4495 2563 4566 τῷ
2599 4495 2770 4568 ’Λγίῳ
2790 4495 3053 4568 Μάμαντι
3079 4513 3095 4529 ο
3136 4501 3231 4552 καὶ
3268 4499 3360 4553 τὸν
3414 4501 3514 4572 μὲν
3539 4501 3783 4572 Νικηφό-
3880 4522 3885 4525 τ

2190 4604 2286 4659 ρον
2321 4586 2658 4658 ἐτύφλωσεν,
2690 4588 3072 4658 Χριστοφόρον
3115 4589 3174 4643 δὲ
3209 4590 3307 4644 καὶ
3341 4591 3610 4664 Νικήταν,
3652 4594 3784 4645 ’Λν-

2190 4682 2351 4754 θιμόν
2376 4697 2438 4734 τε
2467 4681 2564 4735 καὶ
2581 4679 2882 4752 Εὐδόκιμον
2909 4680 3402 4759 ῑγλωσσοκόπησεν
3427 4700 3443 4715 ο
3472 4686 3570 4740 σὺν
3596 4685 3783 4749 αὐτοῖς

2189 4773 2247 4828 δὲ
2270 4773 2367 4828 καλ⁸
2409 4772 2493 4824 Ἀ)
2506 4771 2650 4839 ἐξιον
2677 4771 2770 4825 τὸν
2798 4770 3167 4843 προλεχθέντα
3196 4776 3492 4847 πατρίκιον
3538 4776 3786 4847 ἐτύφλω-

487 4869 805 4938 educerent,
834 4869 1009 4938 misit,
1042 4885 1109 4927 ac
1141 4870 1513 4942 Nicephorum
1537 4869 1759 4941 quidem
1795 4869 2080 4926 oculorum

2193 4883 2307 4934 σεν,
2348 4863 2597 4928 πεισθεὶς
2660 4865 2803 4928 ταῖς,
2841 4863 2887 4895 ⁸ο
2944 4869 3247 4937 μητρικαῖς
3296 4869 3644 4941 εἰσηγήσεσι,
3692 4868 3788 4923 καὶ

485 4962 722 5019 orbitate
780 4962 1089 5027 damnavit,
1153 4964 1558 5035 Christophoro
1631 4979 1781 5032 vero,
1860 4964 2080 5033 Nicetae,

2194 4956 2538 5031 Σταυρακίου
2570 4956 2666 5010 τοῦ
2700 4957 3114 5029 προρῤηθέντος
3146 4960 3464 5030 πατρικίου,
3489 4962 3565 5028 ὡς
3611 4963 3661 5016 εί
3692 4961 3788 5033 μὴ

484 5057 752 5114 Anthimo
808 5064 865 5113 et
915 5055 1218 5112 Eudocimo
1268 5055 1488 5128 linguas
1541 5056 1833 5130 prmscindi
1883 5057 2087 5129 jussit:

486 5162 613 5203 cum
659 5146 741 5202 eis
774 5160 992 5219 quoque
1043 5145 1321 5214 Alexium,
1366 5163 1530 5218 quem
1584 5148 1852 5212 diximus,
1911 5149 2086 5220 patri-

485 5241 632 5296 cium
664 5239 955 5295 oculorum
995 5254 1100 5296 usu
1136 5238 1392 5310 privavit,
1437 5241 1700 5301 maternis
1753 5241 1996 5297 maxime
2030 5249 2086 5298 et

487 5331 760 5390 Stant-acii
806 5333 1048 5405 patricii,
1080 5334 1150 5389 de
1199 5348 1311 5404 quo
1341 5333 1631 5405 hucusque
1677 5334 1936 5405 frequens
1969 5350 2085 5390 ser-

486 5438 598 5496 mo,
630 5427 878 5484 consiliis
911 5426 1195 5494 inductus,
1236 5427 1333 5502 qui
1370 5426 1537 5486 istum
1572 5428 1678 5486 nisi
1714 5428 1890 5485 oculis
1921 5428 2083 5483 orba-

2193 5050 2387 5107 τοῦτον
2403 5049 2831 5121 ἐκτυφλώσειεν,
2870 5050 2952 5114 είς
2975 5049 3204 5120 βασιλέα
3236 5053 3403 5107 αὐτὸν
3427 5054 3786 5125 ψηφίζονται.

2206 5144 2457 5216 Ἐγένετο
2484 5143 2541 5198 δὲ
2575 5145 2608 5215 ή
2643 5141 2851 5196 τούτων
2880 5142 3042 5213 ποινὴ
3079 5143 3213 5214 μηνὶ
3246 5144 3566 5220 Αὐγούστῳ,
3599 5148 3790 5220 ήμέρᾳ

2189 5235 2480 5307 Σαϐϐάτῳ,
2518 5233 2812 5290 ίνδικτιῶνι
2845 5231 2929 5302 ιε’,
2963 5234 3084 5308 ὥρα
3130 5234 3198 5291 0'.
3245 5237 3389 5291 Ἀλλ’
3416 5239 3520 5294 οὐκ
3558 5240 3638 5303 είς
3682 5258 3791 5312 μα.

2191 5330 2333 5403 κρὰν
2367 5331 2402 5401 ἡ
2426 5328 2549 5384 θεία
2571 5328 2699 5398 δίκη
2723 5327 2768 5360 ⁸³
2789 5327 3147 5400 ἀνεκδίκητον
3173 5331 3221 5363 ⁵³
3249 5330 3435 5386 εἴασεν
3472 5334 3572 5402 τὴν
3598 5332 3794 5388 ἄδικον

2196 5421 2405 5493 ταύτην
2432 5420 2655 5494 πρᾶξιν.
2690 5419 2848 5475 Μετά
2869 5420 2982 5492 γὰρ
3003 5422 3272 5496 πενταετῆ
3303 5424 3495 5496 χρόνον
3527 5424 3605 5498 τῷ
3638 5425 3792 5497 αὐτῷ

1798 5580 2037 5639 VARUE
2092 5576 2498 5638 LECTIONES.

556 5681 605 5753 ff
633 5679 967 5753 ἀνθυπέστρ.
997 5682 1061 5745 A,
1094 5678 1358 5753 ἀνίὶύστρξ
1385 5676 1534 5753 vulg.

489 5746 533 5779 ⁸⁷
558 5751 789 5815 Χαμέαν
817 5753 881 5805 Δ.

490 5818 732 5886 ἁπῇραν.

492 5886 798 5952 ἁνεξεκδίκ.
829 5889 976 5956 vulg.

1615 5675 1661 5707 ⁸⁸
1691 5677 1980 5748 ἐνστάντες
2002 5677 2068 5731 A.
2144 5674 2193 5707 ⁸⁸
2225 5674 2629 5748 ρεσκουμένους
2663 5672 2731 5733 Α.
2771 5673 3160 5748 ρευκόμενοςί
3187 5674 3254 5745 (ἳ)
3304 5676 3350 5709 ⁸⁸
3386 5676 3436 5731 τὸ
3461 5675 3598 5748 add.
3632 5690 3696 5748 ex
3714 5678 3785 5731 A.

992 5753 1039 5786 ⁸⁸
1072 5746 1353 5820 ὲπείρασί]
1407 5746 1782 5820 ἁπήρασιν-Λλ,
1809 5755 2110 5820 utrumque
2141 5746 2437 5820 manifesto
2471 5753 2796 5820 corruptum
2837 5760 2850 5796 :
2876 5746 3246 5820 scribendum
3290 5757 3349 5802 ut
3391 5747 3532 5802 infra
3564 5764 3619 5820 [ι.
3650 5747 3779 5820 754,

836 5821 880 5855 ⁸⁸
913 5822 995 5882 εἰς
1058 5819 1184 5875 add.
1206 5815 1278 5875 ex
1310 5815 1375 5871 Ᾱ.
1474 5815 1809 5880 "maneat;
1837 5820 1958 5883 ταῖς
1995 5815 2049 5883 ἱ,
2090 5834 2154 5873 π.
2178 5817 2233 5871 δὲ
2261 5818 2384 5880 ταῖς
2405 5815 2554 5885 vulg.

2671 5815 2715 5846 ⁵¹
2744 5815 2778 5886 ή
2809 5815 2905 5870 τοῦ
2931 5816 3069 5871 Θεοῦ
3093 5817 3141 5873 δ.
3175 5821 3243 5874 Α.
3357 5821 3402 5853 ⁵³
3431 5815 3676 5874 avum.
3704 5819 3780 5882 A,
