4100 6464
538 266 567 281 ιο

422 336 547 417 ’951

1795 342 1897 402 ΤΗ
1906 340 2286 401 EOPHANIS

3626 337 3733 401 952

443 465 640 537 quinto
691 462 743 516 in
774 461 962 515 urbem
1019 473 1239 514 summo
1275 472 1435 512 mane
1477 458 1794 525 deductum,
1831 460 1883 513 in
1913 473 2045 529 por—

2157 456 2346 530 γνώμῃ
2372 457 2471 528 τῆς
2506 456 2714 530 μητρὸς
2743 458 2909 513 αὐτοῦ
2939 460 3033 515 καὶ
3065 461 3172 514 τῶν
3197 457 3518 531 συμϐούλων
3545 456 3735 528 αὐτῆς.

446 561 641 629 phyra,
684 571 789 626 qua
849 553 1088 623 primum
1137 552 1194 606 in
1246 550 1423 605 lucem
1467 550 1689 622 prodiit,
1729 549 2037 616 includunt,

425 638 500 703 ’σπι
551 651 697 702 circa
758 644 923 718 399
973 646 1161 699 horam
1225 657 1429 697 nonam
1489 650 1639 697 tanta
1695 642 2042 698 immanitate

443 741 517 796 illi
573 741 762 794 oculos
815 737 1114 795 confodere
1154 751 1222 790 ex
1272 735 1464 789 matris
1492 743 1545 786 et.
1595 733 2037 789 consiliariorum

2161 551 2489 622 Ἐσκοτίσθη
2525 550 2581 605 δὲ
2610 553 2638 605 ὁ
2666 550 2818 622 ἥλιος
2846 552 2939 605 ἐπὶ
2968 553 3184 623 ἡμέρας
3216 552 3282 616 ιζ’
3318 551 3413 605 καὶ
3441 550 3543 603 οὐκ
3571 548 3738 602 ἔδωκε

2144 642 2247 708 τὰς
2280 644 2508 708 ἀκτῖνας
2538 642 2729 710 αὐτοῦ,
2777 643 2920 698 ὣστε
2973 644 3282 701 πλανᾶσθαι
3325 643 3391 698 τὰ
3433 641 3596 696 πλοῖα
3646 642 3741 695 κιιῖ⁵

2146 732 2440 805 φέρεσθαι,
2473 734 2570 787 καὶ
2597 731 2810 798 πάντας
2837 734 3020 802 λέγειν
3061 736 3156 792 καὶ
3197 735 3503 806 ὁμολογεῖν,
3541 734 3623 787 ὅτι
3656 731 3744 786 διὰ

442 828 562 900 ejus
594 830 891 892 sententia,
938 834 997 880 ut
1028 840 1162 896 pene
1202 836 1431 879 mortem
1463 824 1751 878 inferrent.
1784 822 1874 877 Sol
1910 834 2042 879 tunc

2157 825 2247 895 τὴν
2285 823 2377 878 τοῦ
2416 824 2462 856 ⁸³
2512 821 2782 893 βασιλέως
2824 823 3104 895 τύφλωσιν
3137 828 3165 880 ὁ
3193 827 3346 897 ἥλιος
3375 824 3474 887 τὰς
3517 826 3744 886 ἀκτῖνας

354 957 375 969 ι
444 938 537 993 per
568 921 685 977 dies
720 918 1108 991 septemdecim
1159 918 1307 974 nulla
1358 918 1638 973 radiorum
1684 917 1886 972 emissa
1919 915 2041 972 luce

440 1016 515 1070 ita
561 1014 891 1071 obscuratus
942 1020 1046 1077 est,
1100 1019 1158 1064 ut
1205 1010 1442 1064 errantia
1493 1024 1587 1079 per
1633 1024 1786 1063 mare
1820 1008 2036 1080 navigia

2147 916 2424 971 ἀπέθετο·
2474 916 2571 969 καὶ
2619 912 2796 980 οὕτως
2835 920 3031 990 κρατεῖ
3078 919 3288 991 Εἰρήνη
3335 918 3370 988 ἡ
3417 918 3602 989 μήτηρ
3647 915 3743 970 αὖ·

2148 1027 2265 1064 του.

441 1119 643 1165 temere
708 1104 1220 1171 circumferrentur,
1271 1118 1576 1175 omnesque
1622 1103 1801 1174 palam
1859 1114 2194 1172 assercrent,
2251 1108 2322 1164 oh
2391 1109 2742 1181 imperatoris
2790 1110 3209 1169 cremationem
3265 1109 3436 1166 solem
3506 1122 3567 1164 se
3629 1104 3743 1163 suis

443 1203 613 1260 radiis
673 1201 982 1259 abdicasse.
1039 1200 1115 1256 lta
1175 1208 1348 1254 mater
1385 1200 1503 1271 ejus
1552 1198 1708 1257 lrenc
1738 1200 2030 1271 imperium
2068 1203 2331 1261 obtinuit.

516 1297 720 1352 Eodem
757 1295 921 1351 etiam
975 1309 1122 1348 anno
1170 1291 1315 1348 beati
1353 1292 1579 1348 Adriani
1621 1308 1777 1363 papae
1810 1292 2042 1350 Romani

2221 1298 2312 1370 Τῷ
2342 1289 2401 1353 δ”
2433 1299 2584 1372 αὐτῷ
2618 1298 2728 1355 ἔτει
2764 1299 2863 1354 καὶ
2894 1301 2944 1354 οἱ
2988 1300 3047 1354 ἐν
3072 1302 3139 1373 τῇ
3176 1299 3366 1372 Ῥώμῃ
3388 1300 3433 1332 ⁹⁰
3462 1298 3748 1368 συγγενεῖς

443 1391 633 1447 amnes
682 1387 920 1444 tumultu
953 1388 1007 1441 in
1056 1386 1295 1442 Leonem
1336 1401 1534 1457 papam
1575 1386 1835 1449 excitato.
1869 1388 2046 1443 oculis

2157 1391 2243 1445 τοῦ
2261 1391 2540 1463 μακαρίου
2559 1392 2718 1449 πάπα
2732 1390 3020 1464 Ἀδριανοῦ
3040 1393 3272 1461 συγκινή
3282 1408 3476 1454 σαντες
3492 1389 3583 1443 τὸν
3595 1388 3745 1454 λαὸν,

441 1501 569 1542 eum
623 1484 1017 1540 multaverunt.
1086 1479 1289 1538 Verum
1344 1497 1469 1537 cum
1518 1481 1768 1537 homines
1822 1481 1888 1536 ad
1918 1497 2043 1537 eum

444 1575 834 1633 exeteeandnm
868 1575 1130 1645 deputati,
1162 1572 1543 1629 misericordia
1576 1573 1749 1639 ducti,
1783 1575 1833 1628 ei
1863 1590 2048 1645 peper-

443 1668 650 1728 cissent
681 1668 1053 1739 aliquatenus,
1104 1664 1252 1722 haud
1283 1667 1331 1722 ei
1362 1666 1581 1736 penitus
1632 1667 1925 1723 oculorum
1956 1668 2045 1722 lu-

443 1780 571 1818 men
640 1762 979 1818 exstinctum
1028 1770 1137 1819 est.
1188 1756 1302 1815 Leo
1361 1760 1595 1816 subinde
1649 1761 1716 1815 ad
1777 1760 2039 1816 Carolum

444 1851 783 1929 Francorum
837 1868 1020 1927 regem
1075 1851 1369 1923 confugit;
1408 1867 1502 1907 rex
1548 1851 1669 1923 ejus
1703 1853 2053 1909 adversarios

442 1951 688 2024 graviter
716 1946 864 2004 ultus
899 1946 952 2002 in
979 1946 1256 2018 propriam
1295 1945 1480 2002 sedem
1507 1962 1631 2002 eum
1662 1946 1859 2002 iterum
1894 1948 2055 2003 resti-

444 2043 568 2110 tuit,
634 2050 690 2096 et
723 2040 828 2096 sub
877 2039 928 2093 id
990 2046 1205 2109 tempus
1262 2038 1498 2108 primum
1561 2053 1625 2097 ac
1679 2039 1938 2110 deinceps
1996 2040 2050 2095 in

443 2130 786 2190 Francorum
850 2140 1177 2204 potestatem
1212 2128 1385 2187 Roma
1437 2128 1623 2187 cessit.
1688 2130 1796 2186 Leo
1850 2132 2052 2189 Carolo

426 2216 557 2300 regi
608 2227 786 2284 vicem
838 2226 1134 2293 relaturus,
1172 2240 1298 2280 eum
1324 2223 1502 2295 capite
1552 2225 1621 2281 ad
1689 2225 1832 2283 imos
1877 2243 2053 2299 usque

445 2322 614 2393 pedes
641 2320 762 2377 oleo
802 2327 1130 2391 perunctum
1187 2316 1243 2372 in
1280 2316 1457 2374 sancti
1511 2314 1764 2386 Apostoli
1795 2318 1911 2374 aede
1947 2318 2054 2374 im-

444 2425 758 2487 peratorem
813 2412 1114 2468 salutatum
1163 2427 1367 2469 corona
1411 2410 1717 2480 redimivit,
1750 2412 2052 2487 imperato-

445 2513 528 2566 r'a
578 2518 730 2569 veste
775 2506 1187 2572 circumdedit,
1215 2514 1272 2562 et
1320 2507 1520 2578 capitis
1547 2517 1874 2563 ornamenta
1917 2522 2052 2564 eon-

449 2602 592 2669 tulit,
634 2600 843 2658 mensis
906 2597 1223 2656 Decembris
1263 2599 1354 2655 die
1412 2599 1679 2655 vicesimo
1710 2600 1926 2671 quinto,
1959 2601 2049 2655 in-

444 2695 688 2752 dictione
725 2708 895 2748 nona.

517 2790 587 2847 A.
621 2788 683 2844 C.
713 2786 838 2842 790.
873 2816 946 2827 -—-
977 2782 1338 2840 Romanorum
1368 2784 1725 2852 imperatricis
1755 2783 1930 2840 lrenw
1957 2784 2050 2840 tle-

449 2897 555 2937 nuo
592 2896 762 2937 annus
795 2879 1023 2948 primus.

522 2970 637 3027 lloe
664 2986 810 3027 anno
834 2968 1153 3040 imperatrix
1188 2964 1349 3024 lrene
1380 2968 1612 3039 imperio
1642 2968 1840 3040 potita,
1879 2968 2051 3027 Doro-

448 3064 659 3128 theum,
694 3061 1099 3135 ChrySOpolcos
1130 3060 1509 3131 prwpositum,
1535 3062 1600 3127 et:
1621 3062 2047 3119 Constantinum

2148 1484 2486 1539 ἐστασίασαν
2510 1483 2654 1539 κατὰ
2675 1485 2905 1549 Λέοντος
2934 1484 3030 1539 τοῦ
3053 1486 3233 1549 πάπα,
3253 1484 3351 1538 καὶ
3373 1484 3748 1555 κρατήσαντες

2150 1571 2472 1641 ὲτύφλωσαν
2529 1573 2729 1628 αὐτόν’
2783 1576 2845 1628 οὐ
2913 1575 3099 1646 μέντοι
3150 1574 3495 1647 ἠδυνήθησαν
3552 1573 3749 1636 τελέως

2154 1664 2344 1721 σϐέσαι
2377 1666 2440 1721 τὸ
2475 1665 2593 1739 φῶς
2623 1668 2814 1735 αὐτοῦ,
2843 1668 2953 1724 τῶν
2983 1666 3589 1739 τυφλωσάντωνοαύτὺν
3629 1667 3749 1737 φιλ-

2154 1755 2462 1831 ανθρώπων
2502 1760 2695 1828 ὅντων,
2736 1763 2833 1817 καὶ
2877 1762 3228 1834 φεισαμένων
3275 1760 3444 1815 αὐτοῦ
3474 1760 3545 1817 ’⁸.
3590 1759 3650 1814 '0
3692 1758 3750 1812 δὲ

2158 1852 2497 1925 προσφυγὼν
2537 1854 2616 1923 τῷ
2659 1856 2790 1928 ρηγὶ
2819 1855 2931 1910 τῶν
2969 1857 3240 1929 Φράγγων
3279 1854 3576 1926 Καρούλῳ,
3607 1852 3750 1925 spa-

2157 1960 2287 1999 νατο
2308 1946 2434 2009 τοὺς
2468 1944 2701 2017 ἐχθροὺς
2737 1945 2905 2000 αὐτοῦ
2927 1948 2973 1980 ⁸⁸
3002 1946 3245 2020 πικρῶς,
3285 1947 3382 2000 καὶ
3411 1946 3575 2000 πάλιν
3606 1945 3749 2000 ἀπο-

2158 2037 2499 2110 κατέστησεν
2528 2040 2574 2073 ”
2603 2039 2770 2096 αὐτὸν
2801 2043 2882 2108 εἰς
2918 2041 3009 2097 τὸν
3040 2043 3174 2097 ἴδιον
3203 2040 3418 2114 θρόνον,
3445 2039 3752 2111 γενομένης

2155 2132 2257 2201 τῆς
2290 2130 2513 2203 Ῥώμης
2540 2131 2636 2185 ἀπ’
2683 2133 2900 2187 ἐκείνου
2933 2134 3029 2187 τοῦ
3055 2133 3100 2167 ³⁸
3132 2133 3330 2205 καιροῦ
3361 2132 3468 2187 ὑπὸ
3509 2132 3612 2204 τὴν
3659 2132 3751 2200 ἐξ·

2155 2222 2348 2278 ουσίαν
2388 2224 2497 2278 τῶν
2540 2224 2835 2296 Φράγγων.
2880 2227 2939 2283 Ὀ
2989 2226 3047 2282 δὲ
3086 2227 3180 2282 τὸν
3210 2226 3495 2299 Κάρουλον
3524 2224 3751 2297 ἀμειϐὁρ

2159 2334 2340 2389 μενος,
2384 2318 2612 2389 ἔστεψεν
2665 2320 2829 2380 αὐτὸν
2868 2322 2950 2386 εἰς
2987 2320 3215 2393 βασιλέα
3255 2320 3546 2392 Ῥωμαίων
3587 2320 3647 2373 ὲν
3673 2316 3753 2389 τῷ

2156 2408 2269 2479 ναῷ
2323 2410 2417 2463 τοῦ
2461 2409 2619 2479 ἁγίου
2687 2411 3020 2467 Ἀποστόλου
3071 2413 3303 2483 Πέτρου,
3351 2414 3550 2484 χρίσας
3588 2412 3753 2484 ἐλαίῳ

2156 2501 2267 2556 ἀπὸ
2298 2503 2545 2575 κεφαλῆς
2577 2505 2624 2536 ³⁸
2655 2504 2763 2569 ἕως
2797 2504 2976 2559 ποδῶν
3005 2505 3144 2578 (99),
3180 2508 3278 2560 καὶ⁵
3309 2506 3624 2578 περιϐαλὼν
3653 2505 3752 2576 βα-

2158 2594 2375 2666 σιλικὴν
2408 2596 2611 2666 ἐσθῆτα
2646 2596 2751 2667 καὶ
2789 2596 3012 2668 στέφος,
3055 2598 3186 2670 μηνὶ
3223 2597 3545 2670 Δεκεμϐρίῳ
3570 2598 3617 2631 ⁸⁸
3651 2602 3751 2663 κε’,

2159 2687 2460 2743 ἱνδικτιῶνι
2487 2689 2687 2759 ὲννάτῃ
2718 2688 2819 2760 (Ι).

2225 2781 2291 2835 Α.
2335 2779 2598 2837 31.6290.
2626 2812 2696 2822 -
2732 2780 3040 2852 Ῥωμαίων
3066 2782 3459 2853 βασιλίσσης
3490 2782 3753 2853 Εἰρήνης

2154 2869 2344 2925 πάλιν
2372 2872 2509 2939 ἔτος
2530 2869 2604 2927 a'.

2227 2962 2418 3036 Τούτῳ
2449 2965 2526 3035 τῷ
2557 2965 2670 3020 ἔτει
2706 2966 3037 3037 κρατήσασα
3076 2968 3288 3039 Εἰρήνη
3310 2968 3411 3038 τὴν
3449 2966 3752 3035 βασιλείαν,

2154 3056 2474 3126 παραυτίκα
2501 3057 2824 3112 ἀποστέλλει
2842 3058 3124 3130 Δωρόθεον
3155 3061 3247 3114 τὸν
3272 3059 3581 3131 ἡγούμενον
3606 3060 3755 3129 Χρυ-

449 3154 663 3226 Magum
734 3151 985 3209 ecclesia:
1044 3151 1553 3223 ehartophylaeem,
1607 3153 1674 3208 ad
1727 3153 2046 3211 Abimeleeb

2157 3148 2428 3213 σοπόλεως
2468 3149 2567 3202 καὶ
2614 3151 3029 3205 Κωνσταντῖνον
3059 3151 3452 3222 χαρτοφύλακα
3496 3151 3597 3219 τῆς
3631 3150 3751 3205 Με-

448 3246 811 3319 Cappadocia:
826 3255 883 3301 et
911 3244 1139 3299 Galatiae
1162 3245 1478 3315 provincias
1495 3246 1774 3302 hostiliter
1803 3247 2049 3318 depopu-

451 3343 679 3410 lantem,
706 3339 776 3395 de
805 3354 938 3410 pace
960 3354 1083 3393 cum
1112 3353 1180 3394 eo
1214 3338 1594 3409 componenda
1623 3338 1832 3409 legatos
1864 3339 2050 3397 misit:

448 3433 545 3490 sed
596 3433 874 3489 incassum
916 3430 1102 3488 abiere
1130 3431 1199 3487 de
1240 3446 1377 3502 pace
1416 3440 1704 3488 tractatus.
1754 3431 2052 3489 Novembri

449 3541 642 3583 mense
667 3525 917 3581 nonnulli
954 3539 1140 3580 rerum
1187 3524 1569 3581 novandarum
1596 3526 1804 3597 cupidi,
1829 3526 1927 3583 ﬁlii
1957 3526 2053 3583 Dei

449 3621 629 3678 hostis
667 3619 1018 3677 Constantini
1061 3619 1131 3675 ad
1181 3619 1472 3691 Therapiaa
1507 3620 1775 3691 palatium
1810 3621 1916 3677 sub
1947 3636 2051 3678 cu-

448 3713 625 3771 stotlia
650 3712 882 3777 detenti,
907 3710 974 3766 ad
1005 3708 1268 3782 Magnam
1297 3711 1586 3768 ecclesiam
1612 3719 1673 3767 ut
1697 3713 2050 3784 confugiant,

450 3805 637 3875 ibique
693 3803 929 3873 propriae
981 3800 1295 3858 securitatis
1336 3801 1391 3856 in
1443 3801 1689 3857 futurum
1733 3803 2049 3860 cautionem

452 3902 659 3967 petant,
707 3903 769 3948 ut
800 3893 1055 3949 videlicet
1091 3890 1258 3962 huius
1298 3893 1378 3947 rei
1428 3892 1660 3949 obtentu
1703 3893 1944 3964 aliquem
1981 3909 2051 3950 ex

451 3989 534 4044 eis
565 3987 954 4058 imperatorem
998 3983 1237 4056 populus
1275 3983 1566 4050 salutaret,
1603 3995 1861 4042 auctores
1896 3985 2053 4042 ﬁunt.

452 4080 666 4154 Populo
719 4079 886 4152 igitur
924 4077 1209 4134 turmatim
1262 4077 1330 4133 ad
1366 4077 1660 4133 ecclesiam
1699 4077 2010 4134 conﬂuente
2036 4121 2053 4145 ,

450 4172 644 4229 Actius
696 4169 989 4227 eunuchus
1025 4169 1331 4240 ingressus,
1378 4168 1485 4224 ﬁde
1534 4167 1672 4241 ipsis
1715 4169 1866 4231 data,
1908 4169 2059 4226 nullo

455 4262 823 4320 incolumitati
877 4275 1067 4317 eorum
1129 4260 1469 4331 providente,
1522 4260 1670 4330 ipsos
1728 4260 1941 4327 eduxit,
2003 4272 2059 4317 et

457 4344 703 4415 Athenas
738 4356 956 4413 exsules
984 4353 1263 4425 deportari
1299 4353 1605 4409 commisit.
1642 4352 1914 4409 Caeterum
1949 4354 2060 4411 duo

2157 3242 2333 3313 γάλης
2387 3242 2716 3314 Ἐκκλησίας
2766 3245 2903 3315 πρὸς
2981 3244 3274 3316 Ἀϐιμέλεχ
3323 3246 3643 3317 ληϊζόμενον
3682 3244 3752 3299 τὰ

2161 3336 2306 3408 μέρη
2366 3336 2767 3401 Καππαδοκίας
2828 3337 2926 3391 καὶ
2975 3336 3273 3404 Γαλατίας,
3338 3338 3754 3410 πρεσϐευομένη

2160 3428 2295 3501 περὶ
2333 3429 2592 3502 εἰρήνης·
2622 3430 2685 3484 οὐ
2718 3429 2944 3500 γέγονεν
2977 3430 3057 3499 δὲ,
3090 3429 3187 3484 καὶ
3209 3430 3254 3463 ³⁷
3286 3430 3364 3503 τῷ
3394 3430 3690 3503 Νοεμϐρίῳ
3707 3429 3753 3465 ’⁸

2164 3523 2296 3593 μηνὶ
2334 3522 2481 3587 τινὲς
2512 3522 2869 3595 νεωτερισταὶ
2896 3524 3329 3595 φρουρουμένοις
3357 3525 3468 3588 τοῖς
3496 3524 3631 3587 υἱοῖς
3659 3520 3755 3578 τοῦ

2162 3613 2439 3686 θεομάχου
2471 3613 2890 3668 Κωνσταντίνου
2926 3615 2986 3666 ὲν
3019 3612 3099 3685 τῷ
3135 3612 3387 3685 παλατίῳ
3425 3612 3535 3667 τῶν
3576 3612 3754 3685 Θερα-

2163 3705 2347 3772 πείας,
2391 3706 2676 3760 πείθουσιν
2721 3706 2923 3770 αὐτοὺς
2954 3706 3000 3740 θ’
3032 3707 3377 3777 προσφυγεῖν
3413 3708 3481 3778 τῇ
3527 3703 3757 3776 Μεγάλῃ

2158 3798 2463 3872 Ἐκκλησία
2502 3802 2542 3866 ί,
2602 3800 2699 3853 καὶ
2731 3799 2894 3871 δῆθεν
2942 3799 3274 3870 αἰτήσασθαι
3324 3798 3628 3869 ἀσφάλειαν
3659 3799 3758 3870 τῆς

2163 3889 2308 3961 μετὰ
2336 3891 2513 3946 ταῦτα
2546 3891 2847 3958 ἁϐλαϐείας
2878 3892 3081 3957 αὐτῶν,
3111 3893 3187 3957 ώς
3216 3891 3307 3947 διὰ
3339 3891 3595 3963 τοιαύτης
3623 3907 3757 3961 προ-

2164 3982 2383 4053 φάσεως
2408 3983 2778 4057 ἀναγορεῢσαι
2801 3985 2863 4051 ἐξ
2885 3985 3067 4039 αὐτῶν
3089 3987 3109 4017 ²
3133 3984 3381 4057 βασιλέα.
3415 3985 3527 4039 Kal.
3560 3983 3756 4039 πολλοῦ

2161 4074 2296 4129 λαοῦ
2320 4076 2380 4129 ἐν
2402 4077 2468 4149 τῇ
2495 4076 2764 4150 ἐκκλησίᾳ
2782 4078 3251 4151 προσδραμόντος,
3267 4078 3528 4133 εἰσελθὼν
3553 4078 3757 4142 ’Δέτιος

2162 4169 2191 4223 ό
2217 4167 2474 4242 εὐνοῦχος
2495 4171 2786 4243 πατρίκιος
2819 4172 3092 4244 ἐξήγαγεν
3116 4173 3336 4238 αὐτοὺς,
3356 4172 3501 4243 λόγῳ
3532 4169 3758 4242 μηδενὸς

2163 4261 2348 4329 αὐτοῖς
2381 4263 2738 4337 προσχόντος,
2759 4265 2856 4320 καὶ
2879 4264 3139 4337 ἐξώρισεν
3169 4263 3370 4329 αὐτοὺς
3394 4265 3475 4328 εἰς
3499 4262 3754 4333 Ἀθήνας.

2165 4359 2230 4412 Οἱ
2267 4358 2326 4411 δὲ
2366 4356 2462 4412 δύο
2501 4358 2805 4431 πατρίκιοι,
2841 4358 2869 4412 ὅ
2902 4375 2962 4413 τε
2996 4358 3337 4433 Σταυράκιος
3387 4359 3485 4412 καὶ
3527 4355 3753 4420 ’Δέτιο;,

1746 4469 1985 4526 ΥΑΗΙᾹΞ
2010 4471 2426 4531 LECTIONES.

567 4568 613 4600 η
641 4564 735 4619 τοῦ
758 4564 885 4619 add.
924 4578 989 4618 ex
1029 4562 1095 4617 A.
1146 4563 1220 4635 ,νο
1254 4565 1314 4617 ἐν
1336 4565 1406 4635 τῇ
1448 4559 1638 4635 Ῥώμῃ

456 4639 505 4674 9³
549 4637 887 4692 ἀποκατέστ.
919 4636 985 4700 Α,
1023 4633 1249 4687 κατέστ.
1288 4633 1439 4703 vulg.

458 4718 585 4763 Δεκ.
621 4708 773 4776 vulg.
840 4705 886 4737 "'
912 4704 1009 4757 aut
1032 4705 1159 4760 add.
1195 4720 1260 4760 ex
1293 4707 1359 4758 A.

457 4778 642 4834 αὐτῶν
667 4776 793 4832 add.
816 4790 881 4830 ex
908 4776 974 4830 A.

1611 4564 1732 4638 ne.
1761 4564 1863 4638 τῆς
1902 4563 2122 4636 Ῥώμης
2151 4567 2300 4638 vuls-

1546 4633 1724 4686 “Veoﬁ
1754 4635 1878 4688 add.
1913 4652 1979 4691 ex
2016 4633 2081 4691 Α,

1444 4705 1493 4738 ⁸⁸
1515 4704 1593 4773 τῷ
1621 4703 1943 4777 Ὀκτωϐρίῳ
1973 4705 2039 4761 Α.
2110 4708 2157 4740 ’⁸
2186 4708 2386 4774 αὐτοὺς
2414 4703 2479 4777 Ᾱ,
2524 4710 2710 4776 αὐτοῖς
2728 4703 2881 4781 vulg.
2953 4711 2968 4742 ¹
3004 4703 3236 4784 Μεγάλῃ
3257 4703 3383 4765 add.
3404 4725 3470 4766 ex
3498 4707 3564 4765 A.
3645 4708 3666 4738 ’
3696 4703 3757 4773 ἐξ

3161 4569 3207 4601 θ’
3238 4567 3405 4622 αὐτοῦ
3434 4565 3563 4622 add.
3597 4580 3663 4621 ex
3690 4563 3755 4619 A.

2377 4568 2422 4600 ⁹¹
2443 4567 2610 4622 αὐτοῦ
2646 4569 2716 4631 Α,
2745 4567 2897 4639 αὐτῷ
2936 4571 3084 4637 vulg.
3161 4569 3207 4601 θ’
3238 4567 3405 4622 αὐτοῦ
3434 4567 3563 4622 add.
3597 4580 3663 4621 ex
3690 4567 3740 4619 At

2377 4656 2495 4691 meo.
2528 4641 2591 4691 Α.
2625 4640 2732 4691 ἀπὸ
2751 4640 2851 4691 τῆς
2876 4658 2932 4691 κ.
2961 4641 3110 4691 vuln.
3187 4640 3234 4673 ⁸⁸
3270 4639 3402 4691 μηνὶ
3425 4640 3555 4691 Δεκ.
3584 4637 3651 4691 A.
3675 4636 3740 4691 τᾶ

3349 4653 3402 4723 γι
3425 4653 3555 4723 usu.
3584 4653 3755 4723 Ani-te

2158 4638 2207 4669 οι
2229 4637 2337 4711 aut
2366 4656 2495 4708 κεφ.
2528 4641 2591 4711 Α,
2625 4640 2732 4693 ἀπὸ
2751 4637 2932 4709 τῆς’κο
2961 4641 3110 4711 vuls-
3148 4640 3234 4711 ﬁ“
3268 4656 3345 4711 μη

1746 4889 1889 4947 JAC.
1921 4889 2135 4947 GOARI
2176 4888 2407 4946 NOTAE.

530 5012 644 5089 (99)
682 5013 838 5081 Quod
897 5012 986 5089 in_
1010 5013 1427 5089 conﬁrmatione
1476 5023 1658 5089 totum
1711 5029 1914 5089 corpus
1949 5030 2053 5089 un-_
2088 5021 2136 5077 D
2161 5015 2434 5085 scriptum
2464 5012 2836 5089 manifestius,
2875 5029 3042 5089 quam
3072 5011 3333 5089 _Ca_rolum
3354 5012 3569 5080 imperii
3598 5028 3755 5089 coro:

458 5083 666 5160 guento
728 5100 891 5142 sacro
956 5084 1259 5160 delibutum
1315 5083 1491 5140 Grazci
1535 5086 1734 5160 _vclint,
1794 5083 1878 5139 vel
1913 5087 2060 5160 quod

458 5156 637 5216 Latini
699 5172 891 5228 regum
922 5171 1151 5212 suorum
1190 5156 1353 5228 plura,
1387 5156 1655 5222 membra,
1698 5164 1866 5226 caput
1892 5158 2058 5211 nimi-

456 5246 606 5296 rum,
632 5227 845 5300 pectus,
878 5228 1154 5300 scapulas,
1189 5227 1454 5300 brachia,
1499 5242 1665 5298 quam
1723 5229 1826 5299 ipsi
1858 5236 2064 5299 ungant

456 5297 927 5372 imperatoribus;
962 5297 1144 5354 Caroli
1189 5297 1490 5372 M.___t_otum
1522 5297 1758 5372 corpus
1773 5314 1834 5372 _a__
1859 5297 2064 5372 vertice

458 5375 525 5426 ad
542 5368 725 5444 'pcdcs
759 5371 1023 5427 unctione
1050 5384 1207 5425 saera
1266 5368 1465 5424 illitum
1518 5371 1744 5440 scripsit
1771 5369 2064 5440 Theopha-

454 5459 577 5500 nes.

535 5515 612 5585 (1)
634 5513 1015 5585 Theophanes,
1046 5521 1109 5585 ut
1134 5512 1400 5585 scriptum
1449 5511 1672 5581 reliquit
1694 5511 1963 5585 Baronius
1978 5511 2063 5585 Aad

462 5581 669 5638 annum
704 5581 920 5638 Domini
960 5583 1085 5645 800,
1125 5581 1278 5638 num.
1310 5583 1366 5642 6.
1402 5593 1714 5636 coronatum
1760 5582 1929 5634 tradit
1962 5581 2064 5637 Ca-

462 5654 638 5707 rolum
664 5671 697 5709 a
722 5654 961 5709 Romano
1002 5652 1248 5722 pontiﬁce
1276 5652 1539 5707 Kalendis
1593 5651 1870 5719 Januarii,
1917 5653 2061 5707 indi-

464 5725 655 5780 ctionis
680 5741 853 5779 name.
910 5725 1100 5779 Verum
1124 5740 1300 5779 errore
1326 5725 1531 5777 labitur
1569 5723 1781 5777 Latinis
1812 5724 2059 5779 erunibus

463 5794 885 5849 adversantibus.
953 5795 1081 5849 llaec
1103 5795 1193 5849 ille
1215 5797 1361 5850 circa
1391 5796 1742 5865 Theophanis
1766 5794 2054 5851 lectionem

466 5865 716 5919 nonnihil
757 5865 1019 5920 oscitans.
1094 5865 1234 5931 Quid
1271 5864 1416 5920 enim
1470 5864 1615 5936 apud
1663 5865 1706 5921 Τ
1714 5866 2052 5937 hcophanem

2160 5084 2289 5141 nam
2318 5094 2373 5140 et
2419 5086 2738 5140 unctionem
2766 5084 2846 5154 τῷ
2876 5085 3093 5156 Δεκεμὸ
3137 5087 3201 5156 ίῳ
3219 5090 3297 5139 κε’
3333 5097 3387 5140 οι
3425 5101 3489 5139 ex
3530 5100 3595 5139 eo
3616 5085 3757 5156 apud

2162 5156 2518 5209 Anastasium
2549 5170 2603 5209 et
2629 5154 2928 5209 Miscellam
2959 5172 3053 5209 vnt
3082 5103 3308 5209 [galerum
3339 5154 3588 5209 Januarii
3631 5173 3757 5209 sus-

2162 5156 2518 5211 Anastasium
2549 5170 2603 5210 et
2629 5154 2928 5210 Miscellam
2959 5154 3053 5211 vni
3082 5154 3308 5213 Kalend.
3339 5154 3588 5212 Januarii
3631 5154 3757 5212 sus-

2162 5227 2427 5297 cepisse?
2455 5227 2527 5281 At
2548 5228 2595 5282 si
2642 5227 2904 5298 collatum
2943 5225 3144 5282 Carolo
3175 5226 3486 5298 imperium
3521 5226 3648 5298 velit
3674 5228 3758 5281 in-

2163 5294 2404 5353 dictione
2421 5308 2638 5363 octava,
2663 5297 2810 5368 quod
2842 5313 3021 5352 anuus
3047 5294 3309 5352 nimirnin
3341 5313 3371 5353 a
3427 5294 3630 5351 Christi
3661 5313 3757 5352 na-

2162 5370 2273 5442 tali
2314 5368 2822 5442 octingentesimus,
2870 5384 2981 5439 quo
3029 5369 3408 5442 salutatusest
3461 5368 3760 5442 imperator

2161 5439 2488 5496 indietionis
2510 5450 2718 5495 octava:
2759 5447 2889 5495 nota
2935 5439 3268 5509 conspicuus
3298 5440 3565 5493 habeatur
3594 5457 3609 5493 :
3660 5439 3757 5494 oh-

2160 5519 2344 5567 servet
2389 5512 2777 5567 meritissimus
2831 5510 3110 5564 annalium
3186 5510 3445 5581 Ecclesia:
3522 5510 3757 5581 scriptor

2165 5582 2398 5638 rationis
2422 5593 2732 5652 temporum
2757 5595 2867 5635 non
2902 5583 3146 5652 ignarus,
3191 5580 3413 5637 Graecos
3458 5594 3490 5635 e
3518 5580 3755 5652 quorum

2163 5668 2326 5734 grege
2348 5669 2467 5734 non
2522 5649 2746 5734 inﬁmus
2776 5649 2978 5734 prodiit
3010 5650 3397 5734 Theophanes,
3444 5649 3755 5734 aseptem-

2162 5722 2247 5778 bri
2270 5722 2590 5779 indictionis
2619 5722 2834 5777 initium
2857 5722 3184 5778 desumerei
3217 5725 3464 5793 adeoque
3479 5723 3533 5777 in
3550 5732 3753 5777 annum

2165 5794 2684 5863 octingentesimum
2750 5793 3027 5862 praecipua
3101 5794 3187 5848 sui
3250 5803 3402 5863 parte
3450 5793 3752 5849 indictione

2168 5880 2311 5921 nona
2335 5866 2604 5936 signatam
2635 5880 2835 5922 nonam
2859 5865 3025 5921 etiam
3062 5865 3323 5922 incidere.
