4100 6442
510 374 618 437 955

1908 364 2402 427 ΤΙΙΕΟΡΗΑΝΙΞ

3689 377 3792 440 956

513 487 695 548 batur,
725 483 860 539 adeo
888 488 946 536 ut
975 495 1099 536 eum
1131 477 1346 550 imperii
1379 476 1683 532 ambitione
1714 474 1888 530 teneri
1921 475 1976 530 in
2007 476 2107 530 im-

2218 477 2462 548 μούλτων
2491 475 2566 549 (9)
2611 475 2702 530 καὶ
2756 477 3000 532 στάσεων
3045 482 3372 554 φροντιστὴν
3421 483 3586 538 αὐτὸν,
3635 481 3792 550 εἶναι,

513 575 795 648 peratricis
826 574 1070 629 animum
1103 573 1362 627 inducere
1398 567 1806 639 potuerint.llla
1834 568 2108 637 impotens

514 672 609 725 irre
643 669 708 723 ad
760 667 930 722 Hicrii
978 665 1240 736 palatium
1279 679 1338 720 se
1377 662 1628 728 contulit,
1675 663 1884 726 dicens,
1924 662 2104 732 ipsum

513 753 847 816 ttnnultuum
892 767 945 813 et
975 757 1303 812 seditionum
1333 756 1674 810 inventorem
1714 762 1768 809 et
1797 762 2104 820 auctorem,

511 854 789 924 propriam
826 851 929 907 sibi
957 849 1255 921 perniciem
1289 848 1734 904 conciliaturum.
1767 847 1839 902 At
1871 847 1987 916 ipse
2009 847 2106 902 de-

2218 573 2314 626 καὶ
2345 572 2526 644 ἑαυτῷ
2570 572 2939 644 προξενοῦντα
2985 577 3248 648 ταχίστην
3287 577 3582 636 ἀπώλειαν.
3634 581 3694 635 '0
3739 584 3793 636 δὲ

2217 663 2850 736 προσαπολογησάμενος
2893 665 3056 738 αὐτῇ,
3089 669 3422 739 ήσφαλίζετο
3467 673 3509 704 ¹⁷
3565 673 3791 727 ἑαυτόν·

2217 755 2472 822 ἐμαίνετο
2500 755 2557 809 δὲ
2589 757 2732 810 κατὰ
2776 756 2987 812 ’Δετίου
3014 760 3110 814 καὶ
3139 761 3356 832 Νικήτα
3381 762 3445 828 ’⁸,
3489 764 3597 818 τῶν
3628 769 3794 838 προρ-

2217 847 2496 918 ῥηθέντων
2531 849 2860 920 πατρικίων.

512 946 762 1001 fensione
807 944 892 1000 sui
929 950 1209 1012 suscepta,
1242 956 1468 997 causam
1501 941 1779 1011 propriam
1814 939 1959 1010 apud
2001 940 2406 1010 imperatricem
2441 953 2498 996 et
2526 957 2628 1011 pro
2657 941 2782 1012 jure
2812 957 2915 998 suo
2949 943 3250 1000 tutabatur.
3313 943 3373 1001 In
3415 943 3630 1002 Aetium
3698 945 3796 1001 ita-

510 1056 618 1108 que
667 1049 720 1094 et
772 1037 1014 1092 Nicelam
1075 1035 1338 1108 praefatos
1388 1036 1649 1106 patricios
1699 1036 1906 1091 rabiem
1949 1051 2106 1092 suam
2147 1035 2440 1092 convertit.

582 1134 648 1184 A.
707 1130 770 1185 Ο.
819 1130 946 1186 ῖ92.
986 1159 1059 1173 -—-
1090 1128 1209 1184 lloc
1247 1144 1416 1196 anno,
1461 1143 1652 1183 mense
1688 1128 1989 1186 Februario
2024 1127 2111 1182 iu-

510 1224 753 1279 dictione
781 1223 943 1295 40],
979 1229 1177 1278 octava
1212 1231 1554 1277 memoratus
1582 1220 1909 1276 Stauracius
1941 1219 2108 1276 scho-

512 1317 771 1372 lariorum
804 1325 859 1371 et
895 1315 1279 1370 excubitorum
1323 1328 1546 1384 unaque
1585 1312 1875 1368 ductorum
1908 1311 2110 1366 animis

512 1410 674 1466 donis
692 1425 756 1465 ac
777 1408 1100 1463 muneribus
1114 1407 1217 1463 sibi
1241 1407 1572 1473 conciliatis,
1596 1406 1918 1461 seditionem
1945 1415 2109 1475 atque

514 1503 871 1559 rebellionem
903 1503 955 1557 in
981 1502 1154 1571 ipsam
1189 1500 1548 1570 imperantem
1574 1501 1762 1554 urbem
1791 1498 2108 1554 commovit.

517 1594 776 1651 Piissima
812 1609 943 1648 vero
979 1596 1132 1648 lrcne
1159 1601 1353 1646 senatu
1381 1592 1448 1647 ad
1473 1590 1770 1648 Justiniani
1810 1591 2109 1646 triclinium

517 1689 744 1754 indicto,
789 1687 1038 1756 singulos
1067 1700 1320 1756 quosque
1366 1686 1419 1741 in
1454 1685 1648 1739 militia
1689 1684 1886 1738 mereri
1917 1684 2110 1740 solitos

514 1780 581 1834 ad
610 1778 961 1834 Stauracium
1009 1779 1268 1833 accedere
1299 1775 1598 1846 prohibuit,
1651 1791 1719 1831 cx
1768 1791 1880 1846 quo
1925 1791 2108 1830 rerum

516 1870 882 1941 tranquillitas
910 1871 976 1924 ad
999 1870 1160 1925 breve
1191 1878 1406 1939 tempus
1424 1867 1667 1924 emersit.
1690 1867 1881 1924 Actius
1901 1875 2109 1932 autem,

517 1979 680 2031 quem
737 1961 999 2027 diximus,
1043 1976 1109 2017 ac
1162 1959 1382 2017 Niectas
1441 1975 1567 2015 cum
1619 1960 1744 2016 aliis
1778 1959 2110 2030 quibusdam

517 2054 863 2109 Statiracium
889 2054 1319 2110 insectabantur.
1349 2052 1570 2107 Interim
1590 2053 1680 2108 ille
1707 2053 1874 2108 corde
1902 2053 2113 2109 sidera-

519 2157 627 2212 tus,
682 2147 1009 2217 sanguinem
1059 2161 1388 2217 spumosum
1449 2145 1695 2201 thoracis
1749 2152 1804 2200 et
1838 2144 2114 2215 pulmonis

519 2239 764 2308 partibus
806 2237 1075 2294 emissum
1106 2253 1202 2295 ore
1245 2252 1510 2294 evomens
1540 2237 1769 2294 medicis
1799 2237 1868 2292 ad
1898 2246 2114 2308 specta-

520 2331 707 2385 culum
737 2331 1143 2386 conilucntibus
1175 2330 1371 2385 mortis
1408 2337 1792 2400 argumentum
1824 2329 1975 2385 dedit
1995 2330 2115 2385 ine-

522 2424 767 2489 vitabile,
817 2424 1072 2494 quamvis
1130 2425 1186 2478 in
1220 2423 1518 2479 adversum
1556 2423 1752 2492 reliqui
1803 2423 2117 2480 adulatores

524 2517 721 2583 insani,
759 2517 904 2571 haud
939 2515 1137 2572 medici
1169 2524 1406 2581 tantum,
1455 2515 1551 2572 sed
1581 2526 1636 2572 ct
1671 2516 1966 2587 irreligiosi
1998 2531 2118 2573 mo-

521 2607 681 2662 nachi
715 2615 770 2661 et
804 2606 1237 2678 praestigiatores
1295 2605 1362 2660 ad
1419 2605 1673 2660 ultimum
1717 2605 1902 2660 obitus
1943 2605 2118 2676 ipsius

520 2702 690 2768 diem,
719 2702 812 2772 qui
841 2700 1052 2756 mensis
1081 2699 1236 2755 Junii
1274 2699 1594 2755 indictionis
1621 2698 1869 2769 ejusdem
1912 2694 2127 2756 octavae

526 2794 722 2850 tertius
758 2794 880 2858 fuit,
911 2794 1064 2848 illum
1088 2793 1296 2849 diutius
1325 2793 1599 2848 victurum
1629 2802 1683 2848 et
1710 2793 1936 2863 imperio
1974 2793 2119 2863 poti-

523 2896 706 2941 turum
747 2895 951 2942 temere
976 2884 1331 2940 aﬂirmarcnt.
1373 2883 1469 2940 llis
1505 2885 1598 2940 ille
1622 2884 2004 2942 vaticiniorum
2033 2885 2119 2940 lu-

523 2978 692 3034 dicris
739 2978 1064 3046 delectatus,
1105 2979 1432 3036 seditionem
1468 2979 1522 3034 in
1563 2978 1930 3050 Cappadociis
1963 2979 2120 3035 Aetio

2289 1127 2354 1183 Α.
2386 1128 2458 1182 Μ.
2495 1127 2730 1184 6293!.—
2752 1129 2941 1201 Τούτῳ
2966 1130 3045 1203 τῷ
3085 1132 3216 1196 ἔτει,
3255 1132 3388 1203 μηνὶ
3421 1131 3796 1206 Φεϐρουαρίῳ.

2220 1219 2515 1273 ίνδικτιῶνι
2567 1226 2640 1290 η’,
2673 1223 2702 1274 ὁ
2755 1223 3096 1293 Σταυράκιος
3125 1223 3463 1296 προῤῥηθεὶς
3508 1227 3796 1297 τυραννίδα

2218 1313 2312 1366 καὶ
2345 1313 2537 1366 στάσιν
2562 1314 2706 1368 κατὰ
2732 1313 2832 1386 τὴν
2863 1315 3258 1386 βασιλεύουσαν
3290 1315 3445 1370 πόλιν
3473 1316 3800 1371 συνεσκεύαο

2217 1404 2310 1469 ζεν
2343 1406 2408 1469 ι’,
2444 1407 2572 1469 τοὺς
2613 1407 2672 1459 ὲν
2717 1407 2855 1479 αὐτῇ
2893 1408 3218 1478 σχολαρίους
3254 1409 3352 1463 καὶ
3401 1408 3799 1480 ὲξιιουϐίτωρας

2216 1495 2334 1566 ἅμα
2361 1498 2476 1560 τοῖς
2504 1498 2766 1568 ἄρχουσιν
2822 1499 3006 1554 αὐτῶν
3048 1498 3396 1570 δεξιούμενος
3426 1501 3672 1572 χρήμασι
3707 1504 3800 1555 καὶ

2214 1589 2464 1661 δωρεαῖς.
2501 1592 2712 1664 Εἰρήνη
2741 1592 2797 1645 δὲ
2834 1592 2868 1663 ή
2907 1592 3137 1664 εὐσεϐὴς
3162 1594 3208 1625 ’⁸
3239 1593 3502 1647 σιλέντιον
3529 1595 3799 1665 ποιήσασα

2216 1682 2276 1735 ἐν
2308 1681 2386 1752 τῷ
2426 1683 2808 1736 ’1ουστινιανοῦ
2844 1683 3107 1753 τρικλίνῳ
3136 1683 3271 1755 (10),
3308 1684 3486 1738 πάντα
3516 1685 3801 1754 στρατευὸ-

2144 1756 2185 1809 B
2217 1791 2377 1846 μενον
2411 1774 2686 1828 ἐκώλυσεν
2739 1775 3142 1847 προσπελάζειν
3187 1775 3267 1846 τῷ
3306 1775 3653 1846 Σταυρακίῳ.
3691 1776 3799 1829 Καὶ

2213 1866 2389 1932 οὕτως
2419 1867 2610 1938 ετυχεν
2639 1868 2842 1938 μικρᾶς
2874 1866 3129 1934 εὐταξίας
3151 1868 3220 1922 τὰ
3243 1867 3568 1938 πράγματα.
3599 1868 3801 1931 Ἀέτιος

2215 1960 2274 2014 δὲ
2305 1962 2333 2014 ὁ
2361 1961 2702 2032 προρῤηθεὶς
2735 1960 2834 2015 καὶ
2875 1961 3126 2032 Νικήτας
3155 1961 3254 2014 σὺν
3312 1959 3498 2025 ἄλλοις
3520 1962 3634 2015 τισὶ
3668 1979 3799 2014 κατ-

2216 2053 2548 2124 ηγωνίζοντο
2576 2053 2918 2124 Σταυρακίου
2941 2053 3007 2108 ⁸⁸.
3052 2055 3111 2107 '0
3135 2053 3194 2107 δὲ
3219 2053 3657 2124 καρδιόπληκτος
3690 2053 3804 2124 (Η)

2216 2147 2514 2216 γενόμενος
2557 2143 2698 2217 αἷμα
2738 2147 2828 2200 διὰ
2855 2145 2949 2200 τοῦ
2997 2145 3270 2216 στόματος
3313 2145 3516 2214 ἀνῆξεν
3553 2147 3803 2218 ἀφρῶδες

2217 2243 2283 2294 ἐκ
2314 2239 2426 2293 τῶν
2457 2238 2601 2293 κατὰ
2645 2239 2872 2311 θώρακα
2916 2239 3011 2292 καὶ
3050 2239 3330 2310 πνεύμονα
3365 2240 3594 2310 μορίων.
3635 2240 3808 2294 Τοῦτο

2217 2333 2267 2387 οί
2304 2333 2482 2403 ἰατροὶ
2533 2332 2865 2402 θεασάμενοι
2904 2329 3210 2400 θανάσιμον
3242 2330 3629 2402 ἀπεφήναντο⁶
3669 2334 3717 2384 oi
3747 2332 3803 2385 δὲ

2218 2424 2397 2478 λοιποὶ
2427 2425 2658 2488 κόλακες
2687 2423 2783 2479 καὶ
2805 2425 3025 2494 ἀνόητοι
3051 2424 3118 2492 ³⁸,
3149 2423 3211 2477 οὐ
3249 2424 3410 2494 μόνον
3440 2423 3636 2494 ἰατροὶ,
3669 2423 3806 2478 ἀλλὰ

2220 2516 2314 2571 καί
2329 2533 2472 2580 τινες
2491 2516 2757 2588 ἀμόναχοι
2781 2515 3008 2588 μοναχοὶ
3031 2515 3078 2547 ’³
3099 2517 3195 2570 καὶ
3219 2515 3416 2585 γόητες
3435 2516 3570 2586 (12),
3591 2514 3808 2569 ἔπειθον

2219 2611 2406 2682 ὅρκοις
2444 2609 2550 2673 ἕως
2582 2610 2682 2679 τῆς
2712 2609 2884 2681 αὐτῆς
2913 2609 3133 2681 ἡμέρας
3169 2609 3270 2680 τῆς
3313 2608 3595 2679 τελευτῆς,
3615 2608 3808 2674 αὐτοῦ,

2220 2702 2255 2774 ἢ
2286 2702 2511 2770 γέγονεν
2544 2702 2684 2756 κατὰ
2716 2701 2811 2756 τὸν
2845 2700 3067 2759 Ἰούνιον
3094 2701 3242 2772 μῆνα
3264 2699 3367 2770 τῆς
3407 2700 3579 2769 αὐτῆς
3609 2698 3804 2767 ὀγδόης

2224 2793 2557 2856 ίνδικτιῶνος
2579 2792 2763 2863 ἡμέρα
2783 2791 2964 2865 τρίτῃ,
2990 2793 3072 2846 ὅτι
3101 2789 3329 2862 ζήσεται
3353 2790 3449 2843 καὶ
3474 2789 3803 2860 βασιλεύσει.

2221 2881 2319 2950 Οἷς
2346 2885 2833 2957 ὐπερερειδόμενος
2857 2884 2906 2916 ’³
2931 2884 3121 2938 στάσιν
3149 2884 3209 2937 ὲν
3232 2885 3353 2946 ταῖς
3384 2880 3809 2944 Καππαδοκίαις

2222 2980 2625 3034 συνεσκεύασεν
2651 2977 2795 3032 κατὰ
2832 2977 3040 3032 Ἀετίου
3060 2976 3340 3044 γενέσθαι,
3365 2975 3432 3047 ἢν
3466 2975 3568 3029 οὐκ
3596 2973 3805 3044 ἠξιώθη

525 3071 801 3140 perdenda
856 3071 1192 3126 commoveri
1245 3072 1535 3141 disposuit,
1588 3071 1749 3165 cuius
1799 3072 2005 3127 exitum
2059 3081 2115 3127 ut

2224 3073 2334 3138 ζῶν
2357 3071 2590 3126 ἀκοῦσαι
2611 3087 2624 3102 ·
2654 3070 2796 3142 μετὰ
2826 3071 2935 3143 γὰρ
2952 3070 3045 3124 δύο
3063 3069 3275 3142 ἡμέρας
3296 3043 3398 3124 τοῦ.
3419 3069 3600 3122 θανεῖν
3621 3043 3810 3135 αὐτὸν,

525 3162 761 3227 audiret,
793 3160 1018 3217 minime
1047 3178 1168 3218 sors
1195 3163 1446 3218 contulit.
1484 3165 1617 3250 Post
1644 3160 1786 3220 d'uos
1815 3163 2016 3235 quippe
2047 3167 2115 3222 ab

2222 3165 2523 3222 κατέλαϐεν
2577 3167 2610 3235 ἠ
2641 3166 2771 3237 περὶ
2787 3165 2832 3197 ’⁵
2874 3163 3069 3218 τούτου
3111 3163 3312 3233 φάσις⁶
3349 3163 3445 3216 καὶ
3497 3162 3548 3216 οἱ
3586 3179 3811 3216 στασια-

525 3251 647 3320 ejus
677 3251 830 3306 obitu
870 3252 1009 3317 dies,
1035 3253 1103 3309 de
1155 3253 1244 3308 illa
1274 3255 1486 3323 primus
1525 3254 1747 3310 advenit
1781 3258 2028 3321 nuntius,
2067 3266 2115 3313 et

2224 3260 2350 3314 σταὶ
2384 3257 2799 3328 συλληφθέντες
2824 3256 3066 3328 ὲξορίαις
3101 3258 3199 3310 καὶ
3235 3256 3532 3329 τιμωρίαις
3575 3257 3812 3328 ὑπεϐλή-

528 3346 582 3398 in
609 3343 896 3398 seditionis
923 3355 1179 3401 auctores
1206 3349 1639 3417 comprehensos
1663 3347 1871 3403 exsiliis
1902 3357 1952 3403 et
1989 3364 2119 3419 sup-

529 3439 710 3508 plieiis
741 3437 1188 3495 animadversum
1221 3449 1326 3496 est.

597 3531 660 3584 A.
680 3530 740 3586 C.
765 3530 1092 3588 795.—lloc
1109 3549 1275 3597 anno,
1293 3547 1404 3602 quo
1423 3532 1650 3589 indictio
1673 3550 1815 3590 nona
1837 3545 2121 3593 numerata

523 3630 631 3690 est,
655 3625 857 3679 mensis
884 3624 1194 3680 Decembris
1232 3624 1320 3680 die
1337 3624 1599 3680 vicesimo
1633 3626 1850 3695 quinto,
1877 3625 2123 3682 Franco-

526 3730 648 3768 rum
696 3731 788 3769 rex
817 3715 1046 3771 Carolus
1067 3729 1096 3770 a
1122 3715 1306 3771 Leone
1340 3729 1476 3784 papa
1509 3727 1806 3772 coronatus
1838 3726 1944 3783 est,
1981 3716 2123 3772 Sici-

526 3809 768 3876 liamque
783 3810 957 3864 classe
982 3809 1184 3864 adoriri
1213 3810 1529 3877 meditatus,
1551 3811 1840 3866 consilium
1864 3810 2120 3878 mutavit,

525 3916 654 3953 cum
676 3898 824 3954 lrcne
851 3902 1167 3972 coniugium
1192 3911 1246 3957 et
1267 3918 1454 3972 pacem
1482 3903 1808 3959 contrahere
1831 3903 2017 3957 animo
2040 3919 2127 3973 ge-

529 3994 842 4063 rcus,cnjns
853 3993 1024 4062 gratia
1042 3993 1361 4062 insequente
1373 3994 1847 4060 anno,indictione
1863 3993 2124 4049 nimirum

529 4085 764 4149 decium,
793 4086 999 4154 legatos
1029 4084 1342 4141 destinavit.
1375 4084 1736 4156 Menseporro
1754 4084 1949 4142 Martio
1982 4085 2127 4142 indi-

529 4177 730 4231 ctionis
763 4193 922 4232 nona:
951 4179 1197 4248 piissima
1224 4177 1377 4234 lrcne
1401 4179 1679 4250 Byzantiis
1705 4179 1888 4234 civilia
1910 4180 2126 4236 remisit

531 4268 840 4338 vectigalia,
891 4279 946 4324 et
977 4286 1040 4325 ea
1085 4285 1208 4340 quae
1234 4270 1376 4341 apud
1412 4271 1663 4342 Abydum
1706 4280 1760 4326 et
1793 4271 2018 4328 llierum
2043 4272 2127 4328 di-

528 4370 731 4414 cuntur
769 4362 1095 4418 connncrcia
1140 4379 1204 4418 ex
1245 4373 1398 4432 parte
1452 4365 1743 4432 relaxavit,
1789 4381 1888 4434 pro
1924 4366 2126 4435 quibus

2223 3354 2422 3425 θησαν.

2294 3538 2359 3592 Α.
2389 3535 2458 3592 Μ.
2481 3534 2916 3606 6ὶ95.--Τούτῳ
2939 3533 3017 3605 τῷ
3041 3533 3175 3597 ἔτει,
3202 3532 3333 3602 μηνὶ
3361 3531 3684 3604 Δεκεμϐρίῳ
3708 3537 3815 3597 κε’,

2228 3629 2522 3685 ἰνδικτιῶνι
2554 3627 2620 3695 θ’,
2653 3629 2936 3700 Κάρουλος
2961 3629 2990 3680 ὁ
3015 3627 3124 3680 τῶν
3147 3627 3415 3698 Φράγγων
3445 3623 3545 3695 ῥῆξ
3570 3623 3812 3694 ὲστέφθη

2227 3722 2332 3778 ὑπὸ
2364 3722 2595 3785 Λέοντος
2625 3722 2722 3774 τοῦ
2748 3722 2908 3775 πάπα
2927 3737 2940 3750 ·
2965 3719 3064 3773 καὶ
3085 3717 3370 3789 βουληθεὶς
3393 3716 3538 3772 κατὰ
3558 3717 3814 3770 Σικελίαν

2227 3818 2400 3887 στόλῳ
2439 3814 2867 3886 παρατάξασθαι
2921 3812 3253 3884 μετεϐλήθη,
3284 3811 3578 3882 ζευχθῆναι
3609 3810 3815 3882 μᾶλλον

2227 3910 2437 3980 Εἰρήνῃ
2488 3906 2793 3979 βουληθεὶς,
2825 3906 3090 3978 πρέσϐεις
3127 3906 3207 3969 είς
3238 3903 3400 3961 τοῦτο
3443 3903 3663 3976 πέμψας
3699 3903 3819 3975 (15)

2225 4001 2304 4072 τῷ
2329 4000 2540 4054 ἐπιόντι
2573 4001 2753 4070 χρόνῳ
2791 3997 3090 4053 ἰνδικτιῶνι·
3119 4004 3173 4052 ι’.
3203 3997 3295 4069 Τῷ
3331 3997 3386 4070 δέ
3415 3997 3649 4068 Μαρτίῳ
3681 3996 3816 4068 μηνὶ

2227 4093 2325 4164 τῆς
2350 4092 2392 4146 θ’
2432 4091 2758 4153 ίνδικτιῶνος
2787 4092 2994 4163 Εἰρήνη
3021 4092 3054 4161 ή
3085 4089 3318 4162 εὐσεϐὴς
3345 4087 3663 4153 Βυζαντίοις
3688 4089 3816 4152 τοὺς

2229 4182 2544 4246 πολιτικοὺς
2587 4182 2882 4254 ἐχαρίσατο
2925 4182 3148 4252 φόρους,
3183 4181 3280 4236 καὶ
3323 4181 3420 4251 τῆς
3460 4179 3681 4234 Ἀϐύδου
3718 4179 3815 4233 καὶ

2229 4275 2325 4328 τοῦ
2370 4274 2541 4346 Ἱεροῦ
2575 4275 2687 4347 (14)
2729 4274 2798 4329 τὰ
2836 4274 3106 4345 λεγόμενα
3144 4273 3462 4345 κομμέρκια
3499 4273 3810 4343 ἐκούφισεν,

2234 4367 2488 4439 μεγάλως
2518 4368 2611 4422 ἐπὶ
2641 4367 2853 4432 τούτοις
2884 4369 2982 4422 σὺν
3020 4368 3203 4431 ἄλλοις
3235 4366 3452 4431 πολλοῖς
3479 4367 3810 4438 εὐχαριστη-

528 4453 759 4524 aliisquc
809 4453 1061 4524 plurimis
1130 4455 1415 4512 beneﬁciis
1465 4457 1702 4529 populus
1760 4458 2027 4516 maximas
2069 4459 2115 4516 ei

2229 4461 2391 4517 θεῖσα
2427 4461 2856 4533 εὐεργετήμασι.

531 4555 712 4616 grates
739 4547 944 4604 retulit.

1838 4696 2075 4752 nam;
2118 4679 2526 4753 LECTIONES.

605 4783 647 4857 l7
675 4782 806 4857 itote.
845 4786 1091 4857 Ακείσφ.
1121 4786 1268 4857 vulg.

1349 4786 1668 4863 ιεᾷΝιὲιήτα,
1701 4789 1813 4863 τῷν
1849 4809 1946 4862 πρ.
1987 4791 2053 4856 Α,
2086 4792 2331 4863 Νικήτου
2355 4790 2500 4863 προρ

529 4855 680 4933 vulg.
758 4854 804 4885 ’θ
832 4856 866 4925 ή
889 4855 1117 4933 εὐσεϐὴς
1143 4854 1271 4933 ρῐῐῖη
1406 4861 1450 4933 ’7‘
1480 4854 1822 4933 Σταυρακίου
1873 4854 1936 4924 Ᾱ,
1979 4854 2305 4933 Σταυραιξίῳ
2336 4854 2483 4933 vulg;

2506 4791 2558 4860 ῤ.
2594 4791 2747 4860 vulg.
2826 4789 2870 4824 ‘9
2915 4787 3318 4860 συνεσκεύαζεν
3345 4789 3385 4840 Λ
3414 4803 3465 4850 a,
3494 4785 3819 4860 συνέζευξεν

2573 4863 2618 4894 ¹¹
2645 4859 2762 4914 κάλ,
2806 4860 2902 4916 καὶ
2927 4859 3236 4931 ἀνόητοιΑ,
3268 4860 3385 4931 κάλ.
3416 4859 3637 4931 άνὸητοι
3670 4862 3811 4930 vulg.

531 4926 578 4960 ³³
606 4932 727 4994 post
759 4927 984 4996 μοναχοὶ
1013 4928 1059 4980 Α
1080 4941 1112 4981 a
1139 4925 1180 4994 Γ,
1207 4930 1334 4984 add.
1358 4932 1452 4985 ml.
1480 4925 1778 4990 στουδῖται,
1854 4933 1901 4966 ’δ
1932 4925 2519 5005 ὐπερερειδόμενοςᾏ,
2551 4932 2853 5004 ὑπερερηδ.
2883 4925 3059 5001 νυίς.’
3115 4930 3160 4963 ⁸⁵
3201 4930 3331 5001 περὶ
3363 4929 3491 4985 add.
3515 4925 3584 4984 ex
3612 4929 3680 4984 A.

1863 5051 2008 5106 JAC.
2039 5048 2253 5106 GOARI
2285 5047 2524 5105 NOTAE.

599 5140 680 5214 (9)
709 5140 824 5223 Yox
861 5155 891 5195 a
929 5138 1120 5223 Latina
1162 5141 1483 5223 tumultttafi
1517 5143 1569 5197 in
1599 5143 1866 5223 Graeciam
1889 5144 2126 5223 transla_-
2227 5151 2284 5223 et
2312 5143 2586 5223 praecipua
2639 5140 2785 5195 circa
2819 5148 3007 5223 guttur
3033 5136 3254 5223 eﬂiacta
3287 5149 3440 5223 Ivena
3470 5139 3698 5210 sanguis
3725 5153 3822 5194 co-

528 5209 620 5279 ta,
635 5209 793 5280 cujus
818 5227 955 5268 usus
973 5209 1230 5282 frequens
1252 5213 1397 5282 apud
1419 5214 1892 5284 jureconsultoset
1907 5217 2130 5270 canoni-

530 5294 646 5339 stas
675 5284 916 5337 Graecos.

604 5356 718 5423 (10)
741 5351 1066 5408 Triclinium
1099 5365 1327 5406 aureum
1359 5351 1726 5408 aJustiniane
1772 5354 2126 5411 Rhinotmeto

531 5435 870 5495 exstructum
920 5426 1089 5479 habes
1129 5423 1404 5495 superius,
1459 5433 1515 5477 et
1567 5425 1620 5478 in
1661 5424 1810 5495 Orig.
1848 5427 1960 5480 GP.
1998 5442 2018 5481 :
2069 5428 2126 5481 '0

533 5493 912 5559 Ἰούστινιανὺς
969 5495 1151 5565 ἔκτισε
1199 5494 1263 5546 τὸ
1325 5493 1774 5548 '[ouattwo'tvatov
1801 5498 2079 5565 τρίκλινον
2109 5515 2123 5529 ·

530 5567 873 5620 Justim’anus
915 5564 1206 5618 triclinium
1237 5565 1321 5617 sui
1344 5565 1573 5619 nominis
1598 5564 1900 5633 wdi/icarit.

2228 5209 2418 5293 piosus
2441 5209 2755 5283 pulmonem
2789 5211 3033 5282 opplere,
3059 5217 3114 5263 et
3147 5223 3244 5264 ore
3268 5209 3598 5279 despumare
3630 5219 3823 5280 potue-

2229 5291 2325 5418 rut.
2332 5355 2417 5424 12)
2445 5351 2718 5422 Astrologi
2738 5349 3042 5424 judiciarii.

2305 5421 2420 5495 (l5)
2452 5421 2801 5495 Eginhardus
2841 5423 2908 5495 ad
2966 5437 3171 5495 annum
3208 5421 3356 5475 δοες
3413 5421 3563 5495 lrcne
3594 5422 3823 5495 impera-

2235 5492 2344 5553 tria:
2375 5492 2886 5562 e’Constantinopoli
2919 5493 3066 5547 misit
3096 5492 3327 5563 legat-mn
3359 5493 3568 5548 nontine
3599 5492 3824 5545 Leonem

2224 5567 2556 5640 spat/caritura
2604 5565 2750 5640 pacis
2787 5563 3173 5640 conﬁrmantur;
3200 5564 3377 5640 gratia
3416 5563 3824 5640 inter‘fj‘rancos

605 5638 715 5708 (Η)
740 5637 909 5708 corde
934 5649 1212 5704 percussus
1230 5634 1298 5689 ab
1329 5635 1618 5708 Anastasio
1649 5640 1969 5706 reponitur:
2007 5638 2123 5693 for-
2221 5634 2268 5694 et
2301 5638 2516 5692 ercos
2555 5654 2568 5690 :
2594 5634 2643 5690 et
2675 5637 2966 5708 imperator
2993 5635 3227 5688 uicissim
3278 5635 3523 5708 absoluto
3554 5635 3646 5708 illo
3681 5634 3826 5687 misit

536 5704 634 5760 san
677 5704 928 5777 cardiaca
963 5717 1222 5776 syncope,
1263 5720 1368 5777 qua
1408 5704 1782 5776 derepente—et
1806 5711 1962 5777 quasi
1999 5727 2122 5764 mo.
2223 5710 2371 5764 Jcsse
2422 5710 2723 5776 episwpum
2783 5704 3190 5759 Ambianenscm
3235 5716 3283 5757 et
3320 5704 3708 5775 llelingandmn
3734 5721 3824 5757 co-

541 5786 728 5846 mento
757 5776 884 5842 aegri
924 5775 1238 5846 intereunt:
1268 5775 1567 5846 sideratnm
1598 5788 1653 5834 et
1684 5775 1840 5846 quasi
1882 5782 2125 5835 fulminis
2228 5784 2403 5834 mitem
2435 5775 2546 5832 (ΣΡ.
2588 5775 2642 5830 ut
2677 5791 2858 5843 pacem
2891 5791 3010 5828 cum
3037 5792 3100 5828 ea
3132 5783 3443 5829 statuerent.

548 5845 655 5900 ictu
683 5848 998 5901 conl‘ossum
1032 5845 1219 5899 dicunt
1246 5845 1475 5912 medici;
1526 5845 1775 5916 quamvis
1834 5853 2127 5921 grandiore

2301 5851 2413 5920 (Vt)

2493 5849 2572 5903 Ad
2632 5842 2997 5917 Propontidos
3039 5846 3262 5913 fauces;
3301 5861 3525 5918 superas
3567 5843 3634 5899 ad
3682 5842 3820 5898 l‘on-
