4100 6422
310 369 409 433 951
1604 371 2302 450 CHRONOGRAPHIA.
3479 393 3590 453 958

382 488 447 539 A.
476 486 554 538 M.
587 484 747 541 6294.
782 516 848 526 -
873 486 1062 559 Τούτῳ
1088 487 1166 560 τῷ
1191 487 1303 543 ἔτει
1340 491 1545 554 ’Λέτιος
1570 493 1904 564 ὁπατρίκιος
1930 498 1980 558 Α

1970 533 1980 558 ι
2076 502 2140 555 Α.
2175 501 2238 556 C.
2273 504 2395 558 794.
2426 535 2494 544 ——
2547 504 2656 560 lloe
2704 521 2849 559 anno
2890 504 3074 560 Actius
3125 503 3388 574 patricius
3421 503 3589 558 Stan-

306 576 638 646 ἀπαλλαγεὶς
660 579 1003 650 Σταυρακίου
1027 582 1120 635 καὶ
1154 583 1634 655 ἁπομεριμνήσας,
1666 585 1727 638 τὸ
1753 586 1894 656 κρά-

2001 593 2134 648 racii
2170 603 2313 652 metu
2353 597 2509 663 liber,
2541 609 2593 654 et
2640 601 2709 654 ab
2741 616 2802 654 ea
2849 615 2983 654 cura
3031 608 3387 665 exoneratus,
3441 613 3591 652 sum-

305 688 392 734 τος
430 672 512 733 είς
538 669 630 723 τὸν
659 669 789 724 ἴδιον
815 672 1044 742 ἀδελφὺν
1065 675 1393 744 μετενέγκαι
1420 675 1702 743 ἔσπευδεν,
1719 677 1780 731 ὃν
1801 672 1897 731 καὶ

2001 701 2148 740 mam
2183 688 2395 758 imperii
2433 701 2758 760 potesmtcm
2815 693 2867 746 in
2923 691 3145 748 fratrem
3197 709 3358 746 suum
3401 699 3591 745 trans-

306 763 639 834 προεϐάλετο
669 764 717 795 ³⁸
751 766 1197 838 μονοστράτηγον
1226 769 1307 832 εἰς
1338 769 1438 840 τὴν
1455 770 1498 801 ’⁷
1526 770 1750 842 Θρᾴκην
1802 770 1898 823 καὶ

2001 775 2142 833 ferre
2202 793 2424 849 operam
2480 797 2701 838 omnem
2758 784 3076 847 adhibebat,
3145 800 3253 853 qua
3302 784 3370 838 de
3423 799 3587 838 causa

305 856 663 922 Μακεδονίαν,
691 857 855 918 αὐτὸς
877 858 945 912 τὰ
963 859 1234 932 περατικὰ
1261 860 1478 931 θέματα
1500 863 1748 933 κατέχων
1769 863 1899 918 ἅνα-

2001 883 2322 940 supremum
2353 875 2629 929 exercitus
2660 873 2861 929 ducem
2895 891 2994 945 per
3023 874 3314 929 Thraciam
3339 883 3393 929 et
3412 874 3589 928 Mace-

303 951 549 1014 τολικοὺς
574 951 669 1004 καὶ
693 950 795 1022 τὴν
840 950 1070 1022 Ὀψίκην
1097 951 1142 984 ³⁸
1173 969 1188 985 ο
1230 953 1522 1023 ὲπάρσεως
1564 953 1660 1009 οὖν
1695 954 1844 1025 μεστὲ

2001 961 2225 1018 doniam
2271 981 2398 1020 eum
2455 967 2668 1022 institui
2720 976 3032 1034 curaverat,
3070 968 3188 1038 ipse
3213 967 3308 1039 qui
3345 968 3590 1022 orienta-

305 1044 583 1114 ὑπάρχων,
611 1042 738 1106 τοὺς
766 1044 824 1096 ὲν
853 1043 1002 1096 τέλει
1031 1044 1300 1114 ἄρχοντας
1323 1044 1746 1110 κατευτελίζων,
1800 1047 1898 1100 ἀντ

2001 1052 2133 1108 lium
2165 1065 2216 1109 et
2261 1055 2683 1124 ()psicianorum
2719 1057 2958 1113 themata
2987 1067 3140 1115 trans
3175 1058 3374 1114 fretum
3407 1059 3589 1128 posita

305 1136 515 1200 οὐδενὸς
535 1133 810 1204 ἐλογίζετο
841 1152 858 1169 ο
885 1136 936 1190 οἳ
956 1139 1051 1191 καὶ
1081 1137 1416 1210 λυπηθέντες
1437 1139 1559 1194 κατ’
1579 1138 1743 1193 αὐτοῦ
1769 1138 1899 1208 σφόο

2000 1144 2240 1215 regebat.
2304 1146 2424 1200 Tali
2458 1147 2768 1218 arrOgantia
2786 1149 2982 1218 plenus
3008 1159 3063 1204 et
3091 1159 3426 1216 exarstuans,
3463 1166 3591 1220 pro-

306 1230 428 1302 δρα,
460 1228 651 1283 στάσιν
677 1230 818 1284 κατὰ
847 1230 946 1300 τῆς
997 1230 1319 1302 βασιλίσσης
1351 1232 1773 1304 μελετήσαντες,
1817 1232 1898 1296 είς

2003 1251 2156 1294 ceres
2213 1238 2282 1292 ad
2329 1238 2624 1310 dignitates
2675 1249 2897 1296 evectos
2952 1242 3304 1311 despiciens,
3347 1244 3589 1314 reliquos

303 1322 462 1395 ἔργον
491 1323 813 1394 ἐξήνεγκαν.
862 1322 1146 1394 Ἔφθασαν
1172 1323 1231 1378 δὲ
1261 1324 1354 1378 καὶ
1389 1325 1435 1358 ²⁹
1470 1324 1522 1378 oi
1552 1323 1897 1378 ἀποσταλέν-

2002 1335 2159 1389 nihili
2193 1335 2546 1391 testiinandos
2565 1336 2918 1405 opinabatur.
2947 1335 3110 1408 5,02
3143 1338 3324 1404 Quare
3349 1339 3589 1409 graviter

303 1436 396 1482 τες
423 1418 576 1488 παρὰ
624 1417 912 1488 Καρούλου
967 1419 1387 1490 ἀποκρισιάριοι
1436 1419 1534 1473 καὶ
1590 1418 1687 1473 τοῦ
1741 1417 1898 1472 πάπα

2002 1431 2149 1496 irati,
2186 1431 2518 1486 seditionem
2551 1431 2605 1484 in
2630 1430 3031 1500 imperatricem
3063 1439 3337 1498 parantes,
3367 1446 3486 1485 eam
3520 1430 3588 1486 ad

305 1513 534 1576 Λέοντος
576 1511 713 1582 πρὸς
749 1511 847 1583 τὴν
909 1512 1172 1584 Εἰρήνην,
1227 1513 1545 1584 αἰτούμενοι
1599 1510 1898 1582 ζευχθῆναι

2003 1524 2164 1577 linem
2210 1523 2508 1592 perducere
2562 1521 2738 1576 moliti
2776 1530 2926 1576 sunt.
2958 1520 3128 1576 Porro
3162 1523 3509 1592 apocrisiarii
3561 1537 3590 1574 a

305 1605 474 1674 αὐτὴν
511 1603 590 1673 τῷ
619 1605 891 1675 Καρούλῳ
925 1604 1065 1676 πρὸς
1103 1605 1305 1675 γάμον,
1335 1605 1432 1659 καὶ
1451 1604 1652 1658 ὲνῶσαι
1675 1603 1748 1657 τὰ
1785 1603 1898 1674 ἑῷα

2001 1616 2196 1670 Carolo
2225 1623 2278 1670 et
2317 1632 2345 1668 a
2383 1613 2564 1669 Leone
2603 1628 2739 1684 papa
2775 1614 2928 1670 missi
2980 1613 3190 1669 Ircnem
3233 1614 3430 1669 Carolo
3465 1630 3588 1668 ma-

302 1697 398 1749 καὶ
429 1697 498 1750 τὰ
531 1696 786 1766 ἑσπέρια,
817 1697 940 1765 ἥτις
965 1697 1277 1766 ὑπήκουσεν
1307 1695 1396 1762 ἂν,
1427 1697 1477 1748 εί
1506 1695 1584 1766 μὴ
1627 1694 1830 1757 Ἀέτιος
1853 1695 1899 1728 ³ο

2002 1707 2264 1762 trimonio
2309 1706 2773 1777 coniungendam,
2817 1715 2982 1775 atque
3017 1705 3094 1760 ita
3124 1705 3370 1760 Orientis
3405 1715 3459 1760 et
3488 1705 3593 1762 0c-

299 1784 457 1854 οὗτος
474 1793 500 1844 ὁ
520 1790 782 1854 πολλάκις
802 1791 990 1862 ῥηθεὶς
1015 1791 1058 1823 ³⁸
1085 1790 1379 1856 ἐκώλυσεν,
1400 1787 1900 1860 παραδυναστεύων

2003 1799 2234 1854 cidentis
2274 1797 2504 1868 imperia
2544 1797 2598 1850 in
2634 1813 2803 1851 unum
2841 1797 3222 1866 componenda
3252 1797 3591 1867 postulantes

303 1885 396 1938 καὶ
422 1846 483 1937 τὸ
511 1882 710 1954 κράτος
892 1846 989 1938 se»;
1029 1883 1164 1938 ἴδιον
1221 1846 1452 1953 ἀδελςρδν
1484 1846 1897 1952 ’σφετεριζόμε-

1970 1857 1972 1866 λ
2005 1846 2232 1854 -.-------
2275 1846 2504 1868 ---πη-ψ
2639 1846 2803 1851 ---_---
2848 1846 3222 1866 -----,------.-_
3254 1846 3589 1867 ,----_-“-----

1970 1879 2362 1956 'advenerunt,
2401 1890 2604 1961 quibus
2661 1889 2780 1959 ipsa
2835 1904 3133 1944 assensura
3200 1899 3341 1954 erat,
3385 1889 3430 1944 si
3481 1903 3589 1942 non

301 1996 415 2042 νοςο
2001 1983 2190 2039 Aetius
2231 1971 2334 2043 iste
2371 1984 2508 2052 post'
2534 1982 2962 2051 imperatricem,
2991 1988 3051 2035 ut
3080 1995 3222 2051 saepe
3254 1980 3590 2036 memoravi-

2002 2090 2145 2141 mus,
2165 2083 2364 2131 cuncta
2392 2073 2806 2140 administrans,
2842 2089 2906 2128 ac
2937 2073 3226 2143 imperium
3269 2074 3320 2128 in
3363 2071 3591 2126 fratrem

1999 2165 2300 2222 transferre
2332 2164 2648 2229 meditatus,
2689 2163 2810 2233 ejus
2839 2178 2899 2218 se
2926 2162 3174 2218 consiliis
3218 2160 3590 2232 opposuisset.

372 2254 440 2307 A.
472 2253 538 2307 Μ.
569 2253 730 2308 6295.
757 2282 826 2292 —
866 2251 1164 2322 Ῥωμαίων
1196 2250 1506 2318 ,βασιλέως
1554 2251 1897 2321 Νικηφόρον

2074 2261 2141 2314 Α.
2167 2257 2231 2313 C.
2259 2287 2330 2298 —-
2357 2257 2488 2312 795.
2523 2255 2882 2310 Romanarum
2928 2254 3264 2325 imperatoris
3304 2251 3593 2324 Nicephoni

301 2349 442 2416 ἔτος
481 2345 550 2404 α’.

2001 2365 2172 2404 annus
2201 2348 2430 2416 primus.

374 2439 570 2512 Τούτῳ
599 2439 678 2508 τῷ
713 2438 846 2505 ἔτει,
894 2438 1029 2511 μηνὶ
1079 2436 1402 2508 Ὀκτωόρίῳ
1434 2436 1538 2502 λα’,
1603 2433 1898 2490 ῐνδικτιῶνι

2072 2439 2190 2496 Hoc
2217 2448 2380 2508 {anno
2431 2435 2638 2493 mensis
2677 2435 2932 2493 Octobris
2959 2435 3048 2492 die
3075 2435 3353 2493 tricesimo
3389 2434 3593 2506 primo,

303 2533 396 2600 ια’,
427 2534 549 2606 ὥρᾳ
571 2536 862 2604 νυκτερινῇ
889 2533 954 2598 δ’,
1005 2530 1430 2602 ἐπιφωσκούσης
1469 2529 1577 2599 ἡμέ
1589 2546 1686 2600 ρας
1707 2529 1894 2583 δευτέ-

2002 2532 2302 2589 indictione
2361 2530 2676 2592 undecima,
2711 2529 2848 2584 hora
2903 2529 3084 2584 noctis
3144 2535 3341 2598 quarta
3395 2526 3589 2580 illuce-

302 2646 430 2700 ρας,
488 2625 804 2698 Νικηφόρος
861 2625 1153 2696 πατρίκιος
1195 2625 1293 2678 καὶ
1340 2623 1556 2691 γενικὸς
1605 2621 1900 2691 λογοθέτης

2000 2619 2376 2690 εοοηιίεξῖετίαξ
2392 2618 2669 2684 secundae,
2701 2616 2746 2672 Ν
2753 2619 3046 2688 icephorus
3063 2618 3328 2688 patricius
3351 2625 3407 2671 et
3426 2631 3590 2685 gene-

298 2717 674 2788 ἐτυράννησεν
721 2715 864 2769 κατὰ
898 2715 997 2785 τῆς
1055 2713 1460 2784 εὺσεὸεστάτης
1508 2711 1831 2782 Δύγούστης
1853 2713 1898 2745 ³’

1999 2714 2133 2771 ralis
2165 2713 2462 2784 logotheta,
2495 2711 2549 2766 in
2587 2711 2893 2781 piissimam
2935 2710 3170 2777 lrenem,
3201 2709 3313 2764 Deo
3356 2708 3589 2762 delicto-

297 2812 566 2882 Εἰρήνης,
617 2809 753 2864 Θεοῦ
795 2808 894 2880 μὲν
925 2807 1386 2880 συγχωρήσαντος
1432 2806 1662 2876 ἀφάτοις
1695 2806 1898 2877 κρίμα·

1997 2823 2124 2864 rum
2151 2815 2468 2862 nostrorum
2495 2805 2850 2861 multitudine
2876 2805 3112 2866 irritato,
3141 2811 3196 2858 et
3221 2801 3591 2858 inelfubilibus

296 2923 389 2958 σιν
421 2903 511 2957 διὰ
558 2901 764 2972 πλῆθος
803 2901 1092 2972 ἁμαρτιῶν
1129 2900 1311 2971 ἡμῶν,
1383 2898 1796 2972 συνεργούντων
1836 2898 1896 2952 δὲ

2001 2900 2118 2957 suis
2139 2899 2368 2971 iudieiis
2400 2898 2474 2953 ita
2505 2897 2876 2969 permittente,
2915 2897 3264 2969 tyrannidem
3311 2895 3591 2960 excitarit,

293 2995 484 3050 αὐτῶν
545 2995 760 3064 Νικήτα
799 2993 844 3025 ³³
901 2992 1194 3062 πατρικίου
1239 2991 1336 3045 καὶ
1395 2990 1724 3060 δομεστίκου
1783 2990 1896 3044 τῶν

1999 2991 2346 3064 adjutoribus
2379 2992 2450 3048 ad
2488 2991 2545 3046 id
2584 3007 2720 3047 usus
2758 2989 2948 3047 Nieeta
2981 2991 3217 3060 patricio
3264 2999 3319 3043 et
3371 2989 3594 3044 schola-

296 3089 532 3161 σχολῶν,
561 3089 656 3142 καὶ
683 3086 952 3141 Σισιννίου
992 3085 1284 3157 πατρικίου
1321 3085 1417 3140 καὶ
1444 3083 1682 3156 ἀδελφοῦ
1702 3084 1892 3150 αὐτοῦ,

1999 3100 2124 3141 rum
2167 3083 2472 3141 domestico
2497 3093 2552 3140 ct
2586 3083 2834 3139 Sisinnio
2887 3084 3148 3140 similiter
3196 3084 3428 3154 patricio
3473 3083 3594 3152 ejus

293 3183 408 3237 τῶν
443 3180 677 3252 δολερῶν
704 3179 798 3235 καὶ
830 3179 1106 3250 ἐπιόρκων
1131 3177 1495 3250 Τριφυλλίων.
1554 3178 1802 3249 Συνῆσαν
1841 3175 1898 3230 δὲ

2001 3179 2192 3248 fratre,
2227 3177 2437 3236 dolosis
2461 3185 2516 3234 et
2545 3177 2785 3248 periuris
2826 3176 3166 3248 Triphylliis.
3193 3177 3506 3248 Adjunxerc
3537 3192 3597 3231 se

293 3277 486 3337 αὐτοῖς
510 3275 604 3328 καὶ
629 3273 782 3326 Λέων
807 3271 1099 3343 πατρίκιος
1128 3273 1224 3327 καὶ
1254 3271 1551 3342 κοιαίστωρ
1567 3271 1613 3304 ³⁸
1637 3271 1668 3324 ὁ
1693 3270 1898 3344 Σεραν-

2002 3273 2109 3330 illis
2135 3271 2246 3330 Leo
2277 3270 2543 3343 patricius
2573 3279 2630 3326 ct
2669 3279 2916 3342 quaestor
2941 3269 3377 3341 Serantapechus
3394 3270 3597 3325 etGre-

292 3369 548 3436 τάπηχος
587 3365 679 3418 καὶ
707 3363 1008 3435 Γρηγόριος
1039 3363 1068 3416 ὁ
1099 3363 1392 3436 πατρίκιος
1421 3364 1450 3417 ὁ
1477 3362 1895 3418 Μουσουλακίου

2000 3366 2191 3438 gorius
2243 3363 2533 3436 patricius,
2581 3362 2872 3420 Musulacii
2924 3363 3090 3428 filius,
3135 3370 3190 3417 et
3242 3363 3597 3416 Theoctistus

293 3465 393 3515 καὶ
429 3459 752 3522 Θεόκτιστος
785 3460 814 3510 ὁ
864 3456 1158 3528 πατρίκιος
1183 3457 1281 3510 καὶ
1304 3456 1624 3526 κοιαίστωρ,
1661 3456 1756 3510 καὶ
1792 3454 1896 3509 Πέ-

2001 3458 2265 3530 patricius
2289 3465 2344 3512 et
2368 3465 2632 3527 quaestor,
2647 3463 2702 3511 et
2736 3455 2932 3510 Petrus
2961 3455 3251 3525 patricius,
3291 3454 3385 3523 qui
3416 3470 3591 3524 quos—

289 3570 426 3624 τρος
485 3551 773 3621 πατρίκιος
797 3549 866 3614 ³⁵,
922 3549 1306 3619 ἁπατήσαντες
1370 3546 1464 3602 καί
1512 3564 1667 3610 τινας
1694 3547 1740 3579 ³⁸
1783 3546 1895 3600 τῶν

1998 3553 2122 3606 dam
2153 3565 2220 3605 ex
2253 3549 2487 3604 ducibus
2513 3547 2834 3602 militarium
2857 3547 3112 3602 ordinum
3150 3547 3204 3599 in
3252 3555 3436 3616 partes
3466 3561 3599 3600 suas

288 3643 578 3713 ἀρχόντων
620 3639 714 3693 τοῦ
767 3638 900 3694 λαοῦ
931 3638 1040 3692 τῶν
1091 3637 1410 3707 ταγμάτων.
1459 3635 1881 3700 Καταλαϐόντες

2012 3641 2394 3698 fraudulenter
2431 3649 2837 3712 pertraxerunt.
2885 3638 3232 3694 Postremum
3281 3648 3462 3692 autem
3499 3653 3597 3688 oc-

285 3737 349 3789 δὲ
382 3735 486 3805 τὴν
515 3734 814 3804 λεγομένην
859 3731 1102 3802 Χαλκῆν,
1134 3730 1380 3794 καὶτοὺς
1409 3723 1654 3798 φύλακας
1683 3727 1896 3799 ἀθρόως

2003 3745 2228 3805 eupata,
2267 3749 2390 3804 quze
2417 3733 2624 3788 Chalce
2668 3734 2890 3797 dicitur,
2939 3734 3196 3787 custodes
3250 3732 3398 3786 aliud
3447 3731 3599 3801 cogi-

284 3825 509 3895 ψευδῶς
539 3824 925 3893 ἀπατήσαντες
955 3821 1022 3886 ³⁷,
1080 3819 1330 3884 ἔπεισαν,
1388 3820 1472 3872 ὅτι
1531 3819 1665 3890 παρ’
1719 3817 1894 3888 αὐτῆς

1996 3839 2177 3885 tantes
2227 3826 2532 3882 mendaciis
2582 3825 2843 3896 deceptos
2885 3825 2941 3879 in
2973 3825 3025 3878 id
3055 3823 3348 3888 inducunt,
3374 3831 3435 3878 ut
3471 3836 3597 3877 cre-

285 3917 688 3987 ἀπεστάλησαν
725 3914 1093 3988 ἀναγορεῦσαι
1141 3911 1370 3983 βασιλέα
1402 3911 1496 3966 τὸν
1524 3911 1690 3994 αὐτὸν
1717 3911 1894 3982 Νικη-

1998 3921 2165 3986 dant,
2193 3917 2560 3989 imperatricis
2591 3921 2856 3973 mandato
2889 3916 3261 3987 Nicephorum
3297 3917 3599 3987 imperato-

285 4014 485 4083 φόρον,
517 4010 606 4064 διὰ
639 4009 700 4063 τὸ
728 4008 820 4062 τὸν
845 4006 1136 4078 πατρίκιον
1162 4005 1208 4038 ⁸⁸
1244 4003 1449 4059 Ἀέτιον
1479 4001 1761 4073 βιάζεσθαι
1796 4003 1894 4057 αύ-

2000 4028 2120 4068 rem
2147 4011 2563 4067 renuntiaturos
2588 4025 2648 4067 se
2672 4011 2897 4077 missos,
2923 4026 3048 4082 quae
3079 4009 3343 4064 nimirum
3372 4024 3402 4063 a
3427 4008 3601 4079 patri-

285 4108 398 4174 τὴν
433 4103 525 4158 τὸν
548 4101 746 4157 ἑαυτοῦ
763 4099 994 4169 ἀδελφὸν
1018 4097 1225 4153 Λέοντα
1248 4095 1618 4168 ἀναγορεῦσαι
1643 4093 1891 4166 βασιλέα.

1997 4106 2084 4162 cio
2125 4105 2319 4167 Aetio,
2361 4113 2424 4159 ut
2458 4103 2681 4159 fratrem
2717 4104 2838 4174 ejus
2887 4103 3120 4159 Leonem
3162 4102 3331 4157 invita
3376 4101 3444 4156 ad
3494 4100 3601 4154 im-

285 4197 358 4249 υἱ
399 4195 460 4248 δὲ
503 4192 901 4254 πιστεύσαντες
931 4188 1011 4260 τῷ
1063 4187 1376 4260 τηλικούτῳ
1407 4188 1453 4220 ³⁸
1489 4186 1704 4257 ψεύδει,
1769 4203 1894 4239 συν-

1997 4197 2207 4270 perium
2259 4204 2580 4267 promoveat
2625 4203 2680 4251 et
2737 4195 3042 4266 principem
3085 4193 3347 4257 declaret,
3377 4192 3497 4261 cogi
3535 4205 3597 4246 se

283 4286 678 4358 ανηγόρευσαν
697 4283 923 4355 βασιλέα
947 4283 1040 4337 τὸν
1069 4281 1355 4352 τύραννον.
1377 4279 1566 4343 Οὕτως
1589 4275 1682 4334 οὖν
1711 4280 1804 4332 ἐπὶ
1831 4279 1892 4332 τὸ

1998 4290 2342 4360 experiatur.
2369 4289 2447 4343 Illi
2493 4288 2781 4343 mendacio
2807 4287 3023 4342 facilem
3053 4286 3378 4341 adhibentes
3406 4283 3597 4348 lldcm,

287 4380 444 4450 μέγα
473 4379 733 4432 παλάτιον
755 4375 1008 4440 ἐλθόντες
1045 4373 1096 4427 οἱ
1121 4371 1281 4426 αὐτοὶ
1328 4370 1613 4442 πατρίκιοι
1640 4369 1892 4439 εἰσῆλθον

1996 4390 2288 4452 tyrannum
2337 4381 2712 4436 salutaverunt
2747 4379 3132 4446 imperatorem
3156 4419 3173 4444 ,
3206 4385 3372 4447 atque
3426 4377 3500 4430 ita
3534 4378 3601 4432 ad

281 4475 350 4525 ὲν
399 4471 569 4543 αὐτῷ.
610 4471 879 4525 Κάκεῖθεν
929 4465 1350 4528 ἀποστείλαντες
1414 4463 1537 4518 καθ’
1605 4463 1735 4533 ὅλης
1788 4463 1891 4533 τῆς

1998 4475 2259 4544 palatium
2293 4472 2471 4541 majus
2502 4472 2665 4527 iidem
2691 4471 2907 4541 patricii
2937 4469 3237 4541 progressi,
3269 4470 3323 4522 in
3359 4468 3492 4522 illud
3540 4485 3601 4523 se

283 4541 532 4629 πόλεως
569 4564 819 4634 ἀσήμους
852 4561 900 4594 ⁸ο
946 4561 1099 4624 τινὰς
1149 4558 1246 4613 καὶ
1301 4557 1558 4622 δούλους,
1608 4555 1709 4627 τὴν
1765 4555 1894 4610 ἀνα-

2001 4567 2370 4622 immiserunt.
2391 4565 2521 4620 Inde
2549 4563 2686 4620 viris
2721 4580 2787 4619 ex
2839 4562 3022 4632 populi
3057 4561 3187 4618 faece
3219 4572 3273 4616 et
3301 4560 3477 4615 servis
3507 4573 3602 4629 per

278 4659 550 4728 γόρευσιν
615 4657 944 4725 ἐποιήσαντο
1019 4653 1125 4724 πρὸ
1181 4651 1276 4704 τοῦ
1332 4649 1688 4721 μεσονυκτίου
1716 4689 1734 4714 ,
1798 4651 1896 4704 καὶ

2002 4667 2177 4714 totam
2232 4658 2424 4712 urbem
2473 4656 2691 4723 missis,
2745 4655 3096 4725 imperatoris
3157 4653 3601 4721 designationem

277 4751 545 4820 φύλακας
606 4747 974 4819 περιέστησαν
1044 4744 1122 4816 τῷ
1183 4744 1432 4815 παλατίῳ
1503 4743 1612 4797 τῶν
1709 4742 1893 4796 Ἐλευο

2000 4763 2122 4806 ante
2175 4750 2352 4805 noctis
2388 4749 2626 4804 medium
2675 4748 2995 4819 perfeccre,
3056 4756 3113 4802 et
3171 4746 3238 4800 ad
3289 4743 3593 4799 Eleutherii

278 4843 512 4916 οερίου,
583 4843 642 4896 ὲν
699 4835 744 4910 ᾧ
809 4841 1008 4910 συνέϐη
1075 4837 1244 4910 αὐτὴν
1306 4833 1467 4894 εἶναι.
1532 4835 1770 4909 Ὀρορου
1835 4835 1895 4890 δὲ

2003 4844 2292 4916 palatium,
2340 4859 2450 4913 quo
2505 4842 2740 4913 contigit
2795 4841 3004 4896 lrenem
3058 4849 3190 4894 tunc
3226 4838 3458 4902 morari,
3507 4851 3605 4891 cu-

279 4935 774 5008 μεταστειλάμενοι
826 4934 1017 5005 αὐτὴν,
1068 4933 1424 4986 κατέκλεισαν
1444 4932 1503 4983 έν
1547 4929 1624 5001 τῷ
1666 4929 1888 5000 μεγάλῳ

1995 4936 2183 4995 stodes
2234 4937 2664 5001 constituerunt,
2697 4949 2932 5004 eamque
2976 4932 3175 4990 deinde
3226 4931 3331 4987 sub
3383 4929 3600 4986 dilucu-

276 5028 567 5100 παλατίῳο
600 5028 694 5082 καὶ
725 5026 870 5080 οὕτω
901 5025 1170 5097 προῆλθον
1217 5027 1274 5077 ὲν
1301 5026 1369 5095 τῇ
1393 5022 1622 5096 Μεγάλῃ
1651 5021 1885 5093 Ἐκκλη-

1992 5030 2108 5086 lum
2141 5045 2206 5086 ex
2241 5045 2308 5084 co
2345 5030 2465 5084 loco
2493 5029 2816 5084 translatam
2859 5027 2914 5081 in
2940 5040 3142 5096 magno
3174 5023 3380 5094 palatio
3412 5021 3597 5076 inclu-

277 5125 382 5195 σία
411 5123 505 5176 ἐπὶ
526 5121 586 5175 τὸ
616 5120 812 5190 στέψαι
839 5120 931 5174 τὸν
964 5118 1247 5188 ἀλιτήριον
1277 5116 1341 5170 ⁸¹.
1377 5115 1643 5188 Συνῆλθεν
1673 5115 1732 5170 δὲ
1772 5116 1882 5170 πᾶν

1995 5133 2191 5178 serunt
2238 5141 2250 5177 :
2289 5134 2402 5200 tum
2447 5139 2578 5177 vero
2614 5123 2891 5176 hominem
2946 5119 3218 5175 nefarium
3275 5113 3599 5173 coronaturi

1673 5232 1912 5290 VARIIE
1943 5234 2360 5294 LECTIONES.

355 5335 408 5366 ⁵⁸
443 5333 504 5386 ὃν
529 5331 629 5387 καὶ
661 5329 852 5402 προεϐ.
893 5327 1032 5402 Δ,ίὸ
1068 5328 1166 5382 καὶ
1195 5327 1423 5402 προσεᾷ.
1468 5327 1619 5402 vulg.
1696 5329 1767 5402 _"7
1794 5331 1875 5402 είς
1913 5331 2013 5400 τὴν
2040 5332 2105 5400 Α,
2135 5334 2214 5395 εἰς
2240 5334 2386 5402 vnlg.
2464 5333 2508 5366 ²⁴⁴
2541 5333 2604 5386 τὸ
2648 5331 2890 5400 Ὀψίκιον
2931 5324 3124 5402 ᾼετὴν
3166 5321 3397 5402 Ὀψίκην
3437 5319 3593 5402 vulg.

273 5405 325 5439 υ
367 5405 469 5458 καὶ
504 5405 658 5474 prius
687 5391 913 5474 add,“
948 5391 1027 5453 Ἀ.
1062 5470 1072 5474 _
1126 5402 1170 5432 ³η
1209 5391 1284 5474 μὴ
1312 5391 1611 5474 ’ᾼέτιοςμῇ
1647 5400 1722 5470 μὴ
1749 5391 1880 5474 όῖις.
1913 5391 2058 5472 vu'lg.
2092 5391 2103 5400 '
2163 5391 2208 5436 ιί
2241 5391 2429 5473 mea;
2459 5404 2586 5457 add.
2619 5418 2682 5456 ex
2707 5391 2782 5474 ii.
2857 5402 2901 5432 ³·
2939 5391 3495 5474 Αογόύστηςειιιειει
3533 5391 3573 5474 {x

275 5475 328 5507 ³³
362 5460 584 5546 Νικὴἶτα
612 5474 678 5536 Α,
705 5471 958 5546 Νικήτου*
987 5470 1161 5546 τηις.-
1209 5460 1254 5502 ⁵⁵
1271 5460 1371 5522 καὶ
1395 5460 1692 5546 κοιαξστωρ
1753 5470 1882 5525 add.
1916 5460 2099 5546 _eva.
2192 5460 2309 5546 7'36.
2340 5460 2516 5528 Μουσ.
2541 5504 2612 5546 -έ
2643 5471 2825 5546 Πέτρ.-
2856 5460 3044 5538 πατρί
3081 5460 3320 5546 οῐη.ῖ.Α.
3409 5460 3466 5546 1‘
3489 5462 3594 5542 at}:

268 5548 416 5606 τοὺς
443 5529 536 5599 καί
567 5529 746 5615 τινας
767 5557 817 5596 e.
838 5529 850 5542 ’
875 5613 884 5615 _
914 5542 958 5575 ³⁷
987 5529 1370 5615 ᾀπᾶτῄσαντες
1396 5529 1790 5615 mandens.
1843 5540 1988 5612 vulg.
2083 5545 2128 5576 ³⁸
2154 5545 2246 5597 τὸν
2277 5563 2445 5615 πατρ,
2474 5547 2536 5608 Α,
2564 5545 2656 5596 τὸν
2706 5529 2868 5594 αύτδν
2925 5529 3094 5615 πατρί
3150 5534 3326 5615 uulg,‘
3407 5529 3452 5562 ³⁹
3506 5529 3594 5615 τῷ

270 5599 596 5688 τηλικούτῳ
619 5599 808 5684 ψεύδει
859 5613 923 5679 Λ,
977 5612 1038 5665 τὸ
1065 5599 1362 5681 τηλικοῦτο
1379 5611 1575 5680 ψεῦδος
1603 5599 1742 5680 νυΙέ.
1841 5613 1888 5642 ⁸⁸
1913 5599 2188 5686 ἀνσήμους]
2214 5616 2354 5686 ἄτης
2379 5599 2504 5685 (εἰς)
2527 5599 2602 5668 Ἀ.
2716 5612 2756 5643 ⁸¹
2800 5608 3018 5680 ἀλιτήρ.
3041 5599 3121 5673 Ἀ,
3161 5599 3394 5676 ἀλητήρ.
3433 5599 3585 5672 vulg,

1661 5702 1806 5758 ΜΟ.
1831 5703 2042 5760 GOARI
2078 5707 2309 5763 ΝΟΤᾸΞ.

271 5813 399 5858 tum
423 5821 436 5870 ;
460 5802 678 5874 inferas
708 5801 773 5854 ad
802 5799 1042 5874 mgaaum
1075 5813 1244 5874 mare.
1268 5797 1391 5874 _l_lns
1419 5798 1573 5854 Sesto
1602 5808 1661 5874 et
1688 5799 1873 5869 Abydo
1990 5805 2222 5874 pugnari
2260 5807 2462 5860 dictum
2497 5800 2767 5872 superius.

271 5869 495 5931 includi
556 5874 769 5942 ignorat
833 5872 1048 5926 nullus:
1100 5871 1220 5924 illas
1266 5869 1430 5926 llicro
1477 5871 1702 5927 castello
1742 5887 1870 5940 puo-
