4100 6504
521 385 626 451 959

1930 378 2418 442 THEOPHANIS

3721 383 3825 451 960

520 505 577 557 in
635 499 887 572 Magnam
934 497 1223 555 ecclesiam
1265 495 1500 569 profecti
1543 503 1691 552 sunt.
1726 495 1807 552 Ad
1837 511 1965 551 eum
2004 510 2128 552 cum

2246 497 2297 550 τὸ
2322 495 2531 565 πλῆθος
2560 497 2661 567 τῆς
2687 495 2916 561 πόλεως,
2949 495 3045 549 καὶ
3068 496 3268 560 πάντες
3308 495 3403 550 ἐπὶ
3439 500 3553 562 τοῖς
3591 516 3816 571 πραττο-

527 597 825 653 universus
855 596 1091 666 populus
1124 593 1495 659 convenisset,
1539 591 1848 648 maledictis
1880 591 1934 646 in
1963 606 2113 658 eum,

526 690 618 760 qui
661 702 922 744 coronam
962 687 1282 756 imponeret,
1315 698 1380 738 ac
1409 683 1503 753 qui
1534 682 1863 754 susciperet,
1904 683 1989 737 vel
2021 684 2117 752 qui

526 781 919 844 collmtaretur,
947 778 1230 848 conjectis,
1258 792 1347 832 res
1373 777 1594 849 indigne
1609 786 1794 847 gestas
1814 792 1955 847 aegre
1975 775 2115 832 fere-

527 874 776 932 bant.Ac
806 874 997 945 pietati
1023 872 1241 943 quidem
1275 882 1327 927 et
1363 870 1567 926 rationi
1598 886 1842 927 consona
1875 870 2120 927 viventes

527 966 770 1020 divinam
805 964 967 1036 403
1003 963 1349 1033 sententiain
1403 962 1786 1025 mirabantur,
1832 978 1954 1033 quae
1999 976 2122 1033 per-

528 1057 768 1112 mitteret
803 1055 1062 1110 feminam
1093 1071 1192 1125 pro
1223 1063 1387 1111 rectae
1420 1055 1543 1111 fidei
1574 1054 1894 1112 defensione
1947 1070 2123 1126 nuper

529 1134 921 1214 decertantem,
948 1158 1002 1202 et
1028 1147 1298 1218 plurimos
1326 1147 1548 1203 labores
1586 1163 1831 1218 passam,
1863 1164 1891 1202 ο
1922 1162 2124 1219 porcu-

528 1240 703 1293 latore
725 1236 957 1307 imperio
972 1237 1277 1304 deturbari,
1302 1237 1739 1295 devinctioribus
1754 1240 1906 1296 illius
1927 1241 2124 1298 amicis

530 1331 597 1385 ad
623 1346 747 1385 cum
775 1330 846 1386 ob
875 1330 1160 1386 avaritiam
1206 1331 1610 1398 deficientibus,
1634 1331 1840 1398 Leone,
1877 1335 2123 1404 inquam,

536 1419 827 1494 Sinnpensi
898 1422 1134 1493 patricio
1181 1432 1237 1479 et
1296 1424 1617 1489 sacellario,
1654 1439 1720 1480 ac
1775 1424 1887 1481 Deo
1933 1426 2127 1483 invisis

538 1512 860 1587 Triphylliis
885 1526 940 1573 et
965 1518 1215 1588 patriciis
1241 1534 1409 1589 supra
1448 1519 1793 1585 memoratis,
1815 1520 1909 1589 qui
1939 1535 2130 1575 mune-

538 1612 694 1667 rihns
722 1612 791 1666 ab
820 1627 884 1667 ea
915 1613 1156 1685 acceptis
1199 1613 1357 1669 ditati
1380 1652 1397 1678 ,
1428 1620 1483 1671 et
1515 1612 1863 1683 frequentius
1909 1614 1979 1669 ad
2009 1613 2130 1685 ejus

542 1720 790 1760 mensam
830 1704 1026 1760 blande
1080 1713 1137 1760 et
1179 1719 1307 1761 cum
1364 1704 1639 1762 illecebris
1691 1706 1930 1771 invitati,
1966 1707 2130 1762 rebus

544 1798 841 1863 universis,
892 1813 1028 1867 quas
1078 1798 1317 1853 mundus
1379 1798 1621 1865 exhibet,
1659 1799 1964 1855 amicitiam
2009 1800 2133 1870 ejus

2237 590 2423 660 μένοις
2443 588 2853 660 ἐδυσχέραινον,
2883 586 3233 661 ὲπαρώμενοι
3272 589 3365 643 τδν
3414 591 3684 661 στέφοντα
3732 597 3818 652 καὶ

2228 684 2322 737 τὸν
2389 682 2742 754 στεφόμενον,
2801 683 2899 737 καὶ
2941 682 3068 747 τοὺς
3126 681 3340 747 τούτοις
3403 684 3817 757 συγχαίροντας.

2229 776 2341 831 Καὶ
2374 777 2425 829 οί
2460 775 2560 847 μὲν
2585 775 2846 846 εὐλαϐείᾳ
2882 774 2979 830 καὶ
3004 774 3148 847 λόγῳ
3198 775 3475 841 συζῶντες
3532 778 3634 850 τὴν
3680 779 3822 837 θείαν

2230 868 2412 939 κρίσιν
2438 865 2771 938 ἐθαύμαζον,
2803 868 2952 931 ὅπως
2984 867 3367 939 συνεχώρησεν
3400 869 3549 940 ὑπὲρ
3581 871 3682 938 τῆς
3733 872 3824 944 ὀρ-

2231 961 2331 1032 θῆς
2369 961 2607 1023 πίστεως
2654 959 2972 1029 ἀθλήσασαν
3000 958 3046 991 δ’
3094 960 3188 1013 καὶ
3240 964 3701 1032 μαρτυρήσασαν,
3728 963 3831 1018 ὑπὸ

2233 1052 2477 1107 συϐώτου
2509 1052 2555 1085 ’⁵³
2598 1052 2935 1122 ἐκϐληθῆναι
2972 1052 3089 1106 τῶν
3117 1052 3165 1086 δι
3221 1053 3603 1107 εὐνουστάτων
3664 1056 3829 1126 αὐτῆς

2233 1145 2623 1217 προσθεμένων
2691 1145 2841 1217 αὐτῷ
2909 1144 3001 1199 διὰ
3081 1144 3454 1216 φιλαργυρίαν
3481 1184 3496 1211 ,
3580 1145 3829 1214 Λέοντος,

2235 1235 2381 1308 φημὶ
2411 1237 2482 1304 ⁸⁵,
2515 1237 2809 1309 πατρικίου
2837 1237 2935 1292 καὶ
2969 1235 3334 1309 σακελλαρίου
3371 1236 3467 1290 τοῦ
3509 1238 3822 1305 Σινωπέως,

2234 1351 2332 1403 καὶ
2366 1350 2474 1403 τῶν
2502 1349 2812 1416 θεοστυγῶν
2841 1349 3207 1424 Τριφυλλίων.
3236 1350 3332 1405 καὶ
3386 1349 3501 1404 τῶν
3531 1351 3829 1423 ἀνωτέρω⁸⁸

2236 1443 2544 1514 εἰρημένων
2584 1442 2927 1514 πατρικίων,
3006 1442 3206 1507 οἵτινες
3261 1443 3500 1513 δωρεαῖς
3557 1443 3834 1510 πλείσταις

2238 1534 2333 1589 ὑπ’
2381 1535 2553 1605 αὐτῆς
2603 1535 3167 1606 κατεπλουτίσθησαν,
3228 1534 3325 1589 καὶ
3377 1534 3646 1599 πολλάκις
3698 1553 3818 1589 συν-

2238 1626 2522 1690 εσθίοντες
2574 1626 2734 1697 αὐτῇ,
2769 1625 3192 1689 καὶ-κολακείαις
3218 1625 3335 1696 μεθ’
3358 1626 3543 1697 ὅρκων
3571 1625 3834 1692 πείθοντες

2241 1720 2492 1791 φρικτῶν
2514 1718 2733 1773 πάντων
2758 1720 2866 1772 τῶν
2882 1720 2939 1772 ἐν
2963 1718 3152 1788 κόσμῳ
3173 1719 3523 1789 πραγμάτων
3553 1719 3835 1787 ἀναγκαιο-

2241 1810 2412 1882 τέραν
2455 1810 2711 1879 ἡγεῖσθαι
2750 1809 2849 1882 τὴν
2882 1810 3022 1883 πρὸς
3067 1810 3239 1881 αὐτὴν
3282 1809 3525 1868 εὔνοιαν.
3563 1811 3746 1865 Ἀλλοι
3786 1811 3836 1865 δὲ

542 1886 963 1959 praeponendam
1007 1889 1159 1957 fore,
1229 1891 1522 1948 horrendis
1579 1891 1746 1947 etiam
1804 1892 2140 1963 juramentis

2246 1900 2319 1964 ὡς
2370 1901 2433 1954 ὲν
2463 1901 2722 1957 ἐκστάσει
2744 1903 2854 1956 τῶν
2881 1902 3209 1973 γινομένων,
3246 1903 3347 1956 οὐκ
3380 1903 3700 1974 αἰσθόμενοι
3748 1905 3835 1976 τὴν

544 1981 918 2053 interpositis.
952 1982 1366 2039 affirmaverant
1416 2003 1429 2039 :
1477 1984 1571 2039 alii
1617 2000 1805 2040 rerum
1855 1994 2137 2055 gestarum

542 2081 772 2142 stupore
819 2074 1086 2142 perculsi,
1118 2074 1280 2143 quasi
1327 2075 1394 2129 dc
1439 2075 1668 2130 veritate
1702 2074 1876 2139 dubii,
1907 2074 2145 2131 somniis

544 2177 605 2218 se
643 2163 823 2221 deludi
862 2164 1308 2231 arbitrabantur;
1357 2165 1447 2219 alii
1500 2180 1587 2220 res
1608 2165 1827 2226 futuras
1882 2166 2143 2222 solertius

545 2253 824 2324 conjicere
855 2255 1025 2323 docti,
1054 2256 1334 2325 praeterita
1374 2257 1746 2327 prosperitate
1774 2257 2017 2325 laudata,
2040 2257 2144 2312 im-

549 2347 849 2403 minentem
869 2348 972 2404 Sub
992 2347 1301 2404 inducenda
1323 2349 1613 2419 tyrannide
1636 2349 2027 2414 calamitatem,
2049 2349 2145 2419 qui

552 2440 795 2495 maxime
824 2456 1048 2512 pravam
1081 2441 1299 2513 tyranni
1321 2441 1650 2497 sententiam
1675 2440 1898 2498 fuerant
1912 2443 2144 2513 experti,

550 2533 847 2590 deflebant.
872 2533 1186 2593 Generatim
1207 2536 1387 2591 dicam
1419 2549 1615 2592 omnes
1636 2535 1837 2591 mentis
1861 2535 2039 2607 caligo
2056 2551 2147 2593 so-

548 2625 779 2697 latiique
803 2642 1001 2697 expers
1026 2627 1337 2699 desperatio
1362 2628 1666 2695 invaserat,
1683 2628 1837 2691 ne,si
1863 2627 2148 2698 incompo—

549 2717 690 2773 sitos
714 2719 1055 2790 singulorum
1086 2735 1376 2776 sermones
1408 2719 1670 2787 referam,
1702 2720 2009 2791 longiorem
2029 2719 2150 2777 effi-

548 2811 689 2868 ciam
708 2814 1033 2868 orationcm.
1049 2812 1194 2879 Quin
1209 2814 1372 2869 etiam
1390 2812 1507 2883 ipsa
1522 2821 1715 2884 praeter
1733 2822 1986 2869 naturam
2006 2814 2150 2870 aeris

549 2901 909 2969 constitutio,
970 2917 1094 2974 qua:
1134 2902 1227 2957 illa
1282 2902 1371 2957 die
1404 2903 1525 2958 visa
1574 2902 1849 2959 horrenda
1898 2912 1953 2959 et
1990 2904 2150 2974 plane

551 2994 789 3050 obscura
820 3036 823 3039 .
854 2995 979 3059 fuit,
1039 2994 1324 3068 frigusque
1379 2995 1758 3063 intolerabile,
1809 2998 1957 3068 quod
2007 3007 2148 3064 tum,

551 3088 804 3158 quannis
831 3098 1133 3145 autumnus
1158 3096 1329 3153 esset,
1359 3088 1673 3160 ingruebat,
1707 3088 1955 3146 futuram
1984 3091 2150 3161 hujus

552 3181 867 3237 vecordiam
900 3181 1280 3251 malitiamque
1328 3180 1559 3235 minime
1590 3181 1933 3237 tolerandam
1975 3183 2149 3253 ipsius

553 3272 793 3328 maxime
838 3273 1146 3330 fautoribus
1178 3273 1471 3329 manifesto
1517 3273 1896 3344 portendebat.
1932 3274 2143 3329 Postri-

556 3366 647 3421 die
675 3367 877 3437 quippe
930 3367 1213 3423 nonnullis
1242 3367 1492 3436 patriciis
1541 3365 1840 3423 comitatus
1871 3366 1937 3422 ad
1971 3365 2149 3438 impe-

555 3460 812 3517 ratricem
865 3461 969 3517 sub
1015 3461 1267 3516 custodia
1295 3460 1570 3517 detentam
1611 3475 1674 3517 se
1713 3461 1968 3527 contulit,
1988 3459 2150 3515 fami-

556 3554 820 3625 liarisque
861 3554 968 3611 sibi
1005 3553 1397 3610 benevolentia:
1435 3552 1684 3610 fallacem
1734 3554 2001 3624 speciem,
2040 3568 2149 3624 qua

557 3649 764 3704 inultos
795 3648 1033 3718 decepit,
1069 3663 1183 3719 prae
1209 3662 1269 3703 se
1301 3646 1504 3714 ferens,
1538 3648 1773 3703 invitum
1822 3648 2052 3704 omnino
2081 3648 2148 3702 ad

558 3742 848 3812 imperium
880 3743 971 3809 (ab
1021 3742 1162 3812 ejus,
1192 3742 1472 3814 siquidem
1507 3742 1708 3809 aiebat,
1737 3742 2000 3813 cupidine
2016 3743 2150 3798 alie-

557 3849 666 3888 nus
696 3833 836 3903 erat)
889 3842 1140 3889 evectum
1184 3848 1246 3889 se
1284 3834 1605 3899 excusabat,
1644 3833 1944 3905 proditoris
1999 3833 2154 3891 Judae

561 3925 738 3979 instar
767 3923 1062 3979 Dominum
1085 3938 1247 3978 caena
1291 3939 1353 3979 se
1380 3925 1743 3994 excipientem
1777 3926 2063 3994 tradentis,
2085 3927 2155 3984 iis

562 4016 920 4083 maledicens,
944 4016 1040 4087 qui
1079 4017 1284 4088 regina:
1308 4017 1549 4073 insidiati
1583 4017 1685 4088 ipsi
1725 4019 2152 4089 persuasissent,

561 4107 722 4178 cujus
740 4109 818 4164 rei
844 4116 1013 4165 testes
1035 4109 1152 4180 ipse
1173 4109 1428 4179 proprios
1449 4124 1665 4164 morum
1695 4110 2002 4166 imitatores
2021 4126 2155 4181 pro-

560 4199 797 4257 ferebat.
836 4199 1016 4256 Simul
1053 4212 1237 4256 autem
1275 4203 1430 4272 nigra
1459 4202 1827 4258 calceamenta
1848 4212 2153 4272 ostentans,

561 4285 672 4342 illis
703 4296 903 4358 praeter
949 4288 1339 4358 imperatorias
1397 4306 1583 4347 mores
1607 4291 1861 4348 lubenter
1890 4294 2041 4349 indui
2072 4294 2157 4349 af-

561 4379 766 4436 firmat.
798 4379 981 4448 Quare
1022 4396 1145 4439 eam
1185 4383 1291 4439 sibi
1331 4383 1612 4441 confidere
1658 4400 1783 4442 cum
1825 4385 2154 4458 juramentis

562 4472 829 4527 monitam
864 4473 1111 4544 corporis
1142 4474 1399 4531 solatium
1441 4490 1626 4543 omne,
1659 4477 1824 4547 quale
1863 4479 2017 4534 decet
2052 4482 2154 4534 im-

2246 1991 2563 2065 βεϐαίωσιν,
2626 1993 3095 2064 ὀνειροπολεῖσθαι
3162 1993 3436 2065 ἐνόμιζον.
3502 1995 3724 2067 Ἕτεροι
3786 1997 3836 2050 δὲ

2243 2085 2354 2140 τῶν
2383 2084 2442 2139 εὖ
2465 2086 2684 2140 εἰδότων
2709 2086 3090 2157 στοχάζεσθαι,
3114 2088 3212 2158 τὴν
3235 2087 3625 2160 παρελθοῦσαν
3651 2090 3837 2161 εὑημε-

2249 2178 2373 2251 ρίαν
2402 2178 2769 2250 ἐμακάριζον,
2800 2179 2892 2233 καὶ
2924 2180 3022 2251 τὴν
3058 2178 3360 2249 μέλλουσαν
3400 2178 3632 2234 ἔσεσθαι
3669 2181 3839 2235 δυστυ-

2246 2271 2373 2343 χίαν
2395 2270 2484 2323 διὰ
2518 2272 2617 2342 τῆς
2654 2272 2972 2343 τυραννίδος
3006 2272 3292 2343 ἐθρήνουν,
3351 2273 3596 2342 μάλιστα
3623 2273 3680 2328 δὲ
3737 2275 3837 2328 ὅσοι

2247 2363 2347 2432 τῆς
2380 2363 2628 2433 πονηρᾶς
2654 2361 2881 2433 γνώμης
2910 2360 3005 2415 τοῦ
3041 2364 3306 2434 τυράννου
3332 2362 3538 2433 πεῖράν
3576 2381 3695 2417 τινα
3720 2381 3840 2435 προ-

2248 2453 2522 2525 ειλήφασι.
2579 2454 2750 2524 Κοινὴ
2779 2453 2824 2486 ³⁷
2852 2453 2910 2507 δὲ
2933 2453 3145 2518 πάντας
3171 2457 3434 2526 κατεῖχεν
3470 2453 3712 2525 ζόφωσις
3755 2455 3838 2508 καὶ

2249 2546 2646 2618 ἀπαράκλητος
2671 2546 2900 2617 ἀθυμία,
2930 2547 3017 2599 ἵνα
3048 2547 3125 2617 μὴ
3160 2548 3304 2602 κατά
3345 2547 3523 2620 μέρος
3555 2548 3652 2619 τῆς
3690 2547 3839 2600 ἐλεει-

2249 2639 2348 2707 νῆς
2384 2637 2454 2692 τὰ
2481 2638 2688 2709 ἀκαλλῆ
2721 2639 2948 2709 ῥήματα
3001 2638 3234 2710 γράφων
3274 2638 3517 2710 μηκύνω
3544 2638 3636 2692 τὸν
3672 2638 3834 2704 λόγον.

2249 2723 2360 2782 Ἦν
2415 2724 2525 2800 γὰρ
2582 2728 2737 2801 παρὰ
2769 2728 2935 2799 φύσιν
2998 2728 3216 2782 καὶτοῦ
3279 2728 3455 2799 ἀέρος
3509 2728 3631 2781 κατ’
3686 2727 3840 2798 αὐτὴν

2250 2820 2450 2893 ἀθρόον
2477 2820 2539 2874 τὸ
2567 2821 2902 2892 κατάστημα
2946 2820 3161 2891 συμϐὰν
3195 2821 3533 2892 σκυθρωπὸν
3567 2820 3659 2874 καὶ
3706 2817 3833 2886 ἀφώ-

2251 2929 2457 2978 τιστον,
2489 2913 2585 2967 καὶ
2627 2915 2797 2985 κρύος
2826 2915 2871 2947 ⁸⁸
2934 2915 3348 2969 ἀκατάλλακτον
3403 2914 3773 2984 φθινοπωρινῇ
3797 2911 3837 2943 ⁸⁸

2253 3006 2374 3078 ὥρᾳ
2393 3005 2688 3076 γενόμενον
2708 3007 2979 3077 δηλοῦντα
3003 3007 3189 3076 σαφῶς
3210 3005 3309 3077 τὴν
3335 3005 3612 3076 ἐσομένην
3632 3002 3783 3059 αὑτοῦ
3797 3001 3837 3036 ⁸⁸

2253 3098 2595 3170 δυστροπίαν
2641 3100 2736 3153 καλ⁹
2772 3100 3101 3154 ἀνύποιστον
3155 3099 3436 3165 κάκωσιν,
3493 3098 3587 3151 καὶ
3624 3095 3836 3167 μάλιστα

2178 3221 2223 3280 C
2253 3193 2373 3255 τοῖς
2398 3191 2824 3262 ψηφισαμένοις.
2857 3193 2934 3264 Τῇ
2953 3191 3065 3263 γὰρ
3090 3191 3318 3261 ἐπιούσῃ
3342 3188 3683 3261 παραλαϐών
3705 3202 3836 3249 τινας

2252 3283 2364 3337 τῶν
2396 3284 2706 3355 πατρικίων
2739 3282 2973 3355 ἀνῆλθεν
3010 3283 3148 3354 πρὸς
3184 3284 3285 3353 τὴν
3315 3282 3571 3351 βασιλίδα
3590 3296 3837 3352 φρουρου-

2255 3375 2445 3446 μένην,
2498 3375 2930 3447 ὑποκρινύμενος
2958 3376 3056 3446 μὲν
3104 3375 3204 3445 τὴν
3226 3373 3380 3446 αύτῷ
3420 3373 3628 3445 συνήθη
3669 3370 3838 3443 ψευδο-

2255 3467 2605 3539 χρηστότητα
2638 3469 2710 3534 ⁸⁸,
2743 3468 2813 3521 δι’
2858 3462 2926 3541 ἧς
2945 3468 3040 3522 καὶ
3060 3466 3349 3537 ἠπάτησεν
3373 3465 3510 3530 τοὺς
3530 3461 3745 3525 πιστούς
3767 3461 3837 3493 ⁸⁸·

2252 3559 2693 3629 ἀπολογούμενος
2722 3559 2781 3614 δὲ
2812 3560 2975 3631 αὐτῇ,
2995 3557 3073 3622 ὡς
3101 3557 3374 3621 ἀκουσίως
3424 3557 3521 3611 ἐπὶ
3552 3557 3652 3627 τὴν
3680 3551 3838 3627 ἀρχὴν

2254 3651 2658 3716 ἀναϐιϐασθεὶς,
2688 3650 2786 3705 καὶ
2807 3650 2884 3714 ὡς
2930 3647 2999 3722 ἦν
3027 3651 3074 3683 ⁸³
3119 3650 3325 3720 ταύτης
3356 3649 3678 3721 ἀνόρεκτος,
3721 3661 3839 3700 κατ-

2254 3742 2541 3814 αρώμενος
2601 3741 2659 3795 δὲ
2720 3740 2846 3804 τοὺς
2873 3739 3318 3810 προϐιϐάσαντας
3349 3738 3458 3810 μὲν
3511 3737 3689 3803 αὐτὸν,
3732 3735 3839 3787 ἑπι-

2256 3833 2655 3895 ϐουλεύσαντας
2688 3831 2736 3864 “
2767 3830 2824 3884 δὲ
2857 3831 3021 3901 αὐτῇ,
3058 3829 3134 3893 ὡς
3167 3831 3196 3882 ὁ
3238 3829 3512 3902 προδότης
3546 3827 3738 3890 Ἰούδας
3762 3824 3840 3878 τδν

2256 3925 2467 3992 Κύριον
2504 3925 2644 3995 μετά
2672 3922 2736 3977 τὸ
2761 3922 3150 3990 συνδειπνῆσαι
3182 3919 3320 3993 (15),
3359 3920 3608 3992 μιμητὰς
3631 3918 3686 3972 δὲ
3714 3915 3840 3971 ὲκεί-

2256 4036 2351 4072 νου
2381 4017 2525 4071 κατά
2558 4016 2740 4070 πάντα
2770 4013 3069 4085 μαρτυρῶν
3090 4013 3292 4077 αὐτοὺς
3319 4009 3465 4067 εἶναι
3502 4029 3517 4044 ’
3544 4010 3839 4069 ὑποδεικνὺς

2256 4110 2314 4164 δὲ
2351 4110 2447 4164 καὶ
2479 4109 2693 4180 μέλανα
2722 4106 3054 4176 ὑποδήματα
3087 4103 3439 4176 περικεῖσθαι
3472 4103 3648 4175 φιλεῖν
3702 4097 3838 4166 παρά

2256 4203 2382 4265 τοὺς
2418 4199 2728 4272 βασιλικοὺς
2754 4197 2988 4266 θεσμοὺς
3009 4194 3517 4265 διαϐεϐαιούμενος.
3543 4191 3767 4264 Θαρσεϊν
3791 4185 3838 4239 δὲ

2256 4293 2494 4365 παρῄνει
2520 4290 2775 4361 δολερῶς,
2805 4288 2901 4342 καὶ
2926 4286 3047 4358 μεθ’
3072 4287 3254 4356 ὅρκων
3282 4285 3412 4357 περὶ
3459 4285 3642 4354 πάσης
3673 4292 3838 4346 σωμα-

2255 4384 2416 4454 τικῆς
2445 4381 2807 4443 ἀναπαύσεως
2827 4376 3180 4451 ἁρμοζούσης
3196 4375 3457 4450 δεσποίνῃ
3474 4373 3626 4445 παρά
3644 4368 3837 4432 δούλου,

2257 4477 2354 4534 καὶ
2385 4475 2661 4549 μηδεμίαν
2704 4472 2960 4544 ἡγεῖσθαι
2997 4468 3286 4541 συμφορὰν
3346 4467 3448 4539 τῆς
3507 4462 3836 4526 ἐκπτώσεως,

561 4564 888 4635 peratricem
941 4580 973 4621 a
1021 4580 1204 4633 servo,
1260 4582 1291 4622 a
1342 4583 1404 4623 se
1448 4579 1790 4640 exspectare,
1839 4570 2142 4644 nullamque

2261 4569 2502 4642 Ῑῐαρῄνει
2536 4567 2595 4621 δὲ
2629 4565 2798 4636 μηδὲν
2824 4560 3144 4633 ἀποκρύψαι
3165 4559 3266 4614 ἀπ’
3286 4558 3453 4613 αὑτοῦ
3480 4556 3591 4610 τῶν
3638 4550 3835 4644 βαλσιλιῖ·

560 4654 866 4724 pernieicm
915 4670 982 4711 ex
1031 4655 1354 4713 calamitoso
1403 4657 1722 4728 hujusmodi
1770 4675 1904 4716 casu
1933 4661 1990 4716 in
2028 4676 2152 4718 eam

564 4743 921 4801 derivandam
953 4746 1148 4803 timere
1179 4749 1528 4805 hortabatur.
1562 4750 1836 4807 Damnato
1863 4761 2152 4825 praeterea,

563 4834 659 4906 qui
698 4852 1094 4909 nonnunquam
1129 4840 1187 4895 in
1217 4841 1504 4897 avaritiam
1536 4854 1623 4899 est
1649 4844 1872 4912 aliectu,
1899 4847 2159 4903 collecto-

565 4941 692 4981 rum
724 4928 796 4984 ab
826 4929 1251 5000 imperatoribus
1287 4935 1698 5003 thesaurorum,
1736 4952 1876 5007 quos
1908 4938 2024 5008 ipsa
2049 4940 2157 4996 sibi

570 5020 810 5079 retinere
841 5038 951 5079 non
993 5034 1203 5097 posset,
1233 5027 1313 5083 nil
1354 5027 1458 5084 sibi
1491 5029 1772 5087 occultare
1802 5030 2155 5101 precabatur.

2262 4637 2739 4732 κῶνπθησαυρῶν,
2789 4656 2887 4711 καὶ
2943 4653 3235 4724 κατέκρινε
3273 4652 3375 4722 τῆς
3421 4642 3773 4721 φιλαργυρίας
3790 4637 3839 4691 τὸ

2261 4756 2453 4818 πάθος,
2495 4751 2751 4821 κατέχειν
2778 4749 2855 4819 μὴ
2885 4746 3092 4819 φέρων.
3151 4743 3360 4798 Ἐνύσει
3385 4742 3495 4813 γὰρ
3520 4738 3653 4794 αὐτὸ
3680 4735 3725 4768 ⁵⁸
3745 4732 3837 4821 δειξ

2259 4846 2364 4909 νῶς
2395 4843 2506 4917 (ίδ)
2536 4818 2718 4902 πάάὰς
2770 4818 3181 4908 ένγτῷγχρυσῷ
3203 4833 3378 4897 τιθεὶς
3448 4833 3550 4895 τὰς
3588 4818 3837 4925 ὲλπίδαςξ

2261 4937 2583 5007 παμφάγος.
2646 4932 2715 4986 'It
2751 4930 2809 4984 δὲ
2836 4928 2978 4999 σοφὴ
3002 4926 3101 4982 καὶ
3140 4927 3396 4999 θεοφιλὴς
3447 4923 3679 4994 Εἰρήνη,
3735 4923 3830 5007 καί·

2260 5003 2369 5102 περ
2401 5003 2714 5098 -ὀφείλουσα
2759 5021 2838 5092 τῷ
2876 5021 2977 5091 τῆς
3025 5019 3231 5090 ἀθρόας
3266 5021 3314 5053 ⁵⁸
3340 5014 3647 5090 μεταϐολῆς
3696 5003 3833 5060 πάθε.

1848 5123 2080 5182 νΑιιιλΕ
2115 5120 2530 5184 LECTIONES.

665 5213 711 5246 “
775 5215 1132 5287 μαρτυρικῶς
1182 5215 1497 5286 ἀθλήσασαν
1528 5219 1595 5276 Α.

566 5286 715 5355 vnlg.
778 5285 824 5358 ‘_"
852 5285 1112 5358 εὐνούχου
1142 5296 1265 5356 post
1292 5285 1435 5358 φημὶ
1484 5288 1610 5344 add.
1670 5286 1715 5341 A
1739 5303 1791 5343 a.

569 5429 612 5500 ’ξι
640 5430 741 5500 τῂν
781 5428 946 5500 Δαὐτῷ
974 5430 1215 5500 ’συνήθη
1268 5429 1422 5500 ψευδ.
1457 5431 1523 5496 Α,
1555 5428 1631 5490 ὡς

568 5496 642 5573 ᾡς
665 5494 735 5573 ἦν
764 5497 830 5563 Α,
863 5494 941 5573 ὡς
972 5494 1042 5573 ἦν
1072 5494 1219 5573 vdlsl

573 5566 788 5639 ἀθρόως
812 5571 961 5640 vulg.

1704 5217 1752 5249 ’⁵³
1784 5215 2029 5271 συϐώτου
2092 5217 2141 5273 Α
2194 5219 2233 5281 f,
2303 5215 2592 5288 συμϐὡτου
2659 5226 2711 5272 a,
2768 5207 3061 5288 συμϐᾠνου
3111 5207 3261 5288 vulg.

1894 5288 1940 5320 ‘°
2002 5290 2098 5341 καὶ
2161 5279 2273 5342 τῶν
2320 5279 2408 5343 ἀν.
2473 5286 2581 5353 εἰρ.
2631 5297 2799 5350 πατρ.
2845 5279 2984 5353 _ad_d.
3017 5295 3082 5334 ex
3122 5279 3197 5353 ⁸Α.

567 5348 715 5425 vulg.
791 5355 840 5389 ⁸⁸
870 5348 1071 5429 κρύους
1102 5348 1519 5413 ἀκαταλλάκτου
1548 5359 1697 5430 vulg.
1770 5358 1815 5389 δ’
1849 5357 2223 5431 φθινοπωρινῇ
2261 5358 2382 5429 ὥρᾳ
2409 5357 2476 5423 Α,
2500 5348 2873 5424 φθινοπωρινὴ
2905 5349 3023 5420 ὥρα
3052 5348 3195 5419 vulg.

569 5429 741 5461 ειμι...
796 5428 946 5461 ...κς-,τι
1007 5430 1211 5461 -..μάλα
1268 5429 1403 5461 ,κρηκ
1466 5431 1492 5461 Α
1555 5428 1631 5461 .2...
1678 5424 1927 5461 κυκλεῖ.
1987 5429 2219 5461 mima...
2294 5430 2428 5461 ,ιη-..κ
2486 5425 2612 5461 ...ιιιν
2701 5422 2746 5455 σε
2780 5417 3091 5461 τιή-τοῦξᾹκ
3135 5419 3195 5461 π)

1312 5429 1422 5484 ευδ.
1457 5431 1523 5496 Α,
1555 5428 1631 5490 ὡς
1649 5424 1748 5498 ’ἦν
1776 5424 1928 5497 αὐτῷ
1986 5424 2241 5498 σύνηθες,
2294 5424 2450 5499 ᾧέυδ.
2486 5442 2553 5479 vu

1312 5501 1361 5533 ”
1389 5501 1517 5564 τοὺς
1547 5498 1712 5571 προϐ.
1750 5528 1824 5539 -—
1851 5499 2000 5554 έπιϐ.
2065 5500 2123 5554 δὲ
2189 5501 2315 5555 add.
2354 5514 2420 5555 ex
2468 5499 2515 5551 Α
2541 5532 2557 5548 .

3365 5204 3411 5238 ⁸⁸
3462 5201 3571 5255 τῶν
3640 5194 3704 5258 Α,
3756 5180 3837 5258 τοῦ

3303 5276 3348 5309 ἰτ
3401 5272 3554 5340 κοινὴ
3586 5269 3648 5327 Α,
3691 5256 3837 5340 γκουξῗ

3273 5348 3319 5380 ⁸ο
3345 5342 3509 5400 αὑτοῦ
3536 5333 3657 5393 add.
3691 5345 3753 5385 ex
3784 5333 3837 5400 Af

2701 5394 3005 5482 ⁸¹Γπιέτούς
3028 5417 3095 5484 Α,
3135 5394 3423 5481 πλείστους
3460 5411 3628 5484 νιιίε.Δ
3684 5401 3739 5484 ’⁸³
3760 5394 3842 5484 till

2294 5425 2450 5499 ᾧεύδ.
2486 5425 2633 5496 vulg.
2701 5425 2746 5455 ⁸³
2780 5425 3005 5482 πιστοὺς
3028 5425 3095 5484 Α,
3135 5425 3423 5481 πλείστους
3460 5425 3605 5489 vutg.
3696 5425 3737 5434 ν-
3762 5425 3842 5450 rm

2301 5540 2315 5555 .
2354 5514 2420 5555 ex
2468 5499 2515 5551 A
2541 5532 2557 5548 .
2665 5494 2711 5528 "
2737 5492 2869 5545 αὐτὸ
2920 5490 2989 5555 Λ,
3020 5489 3184 5554 αὐτὸς
3234 5491 3383 5560 vutg.
3498 5483 3546 5514 ⁵⁸
3571 5472 3760 5544 αθρόας
3789 5467 3845 5524 Α.

1854 5634 1997 5692 JAC.
2025 5632 2240 5692 GOAHI
2278 5633 2513 5692 NOTAE}.

649 5729 761 5800 (l5)
796 5730 901 5787 Eos
932 5732 1023 5801 qui
1047 5748 1101 5788 se
1168 5738 1520 5801 provexerant
1556 5726 1692 5783 diris
1722 5730 1997 5801 devoveas,
2041 5729 2165 5801 qui-

577 5816 674 5867 que
701 5802 783 5853 illi
816 5800 1060 5856 imiiiati
1088 5800 1262 5865 erant,
1285 5800 1425 5855 haud
1454 5815 1602 5856 secus
1628 5818 1688 5857 ac
1729 5800 1902 5857 ludas
1943 5800 2169 5857 Domino

581 5879 701 5926 vast
728 5885 951 5925 cmnom.
1003 5871 1295 5927 Centauris.

2316 5729 2461 5801 ’(16)
2486 5728 2793 5783 Damnabat
2850 5725 3094 5801 avaritia:
3124 5725 3334 5801 vitium,
3394 5735 3520 5801 cu‘m.
3562 5693 3839 5801 t'pffdml'id

2348 5767 2793 5801 μυιυ...,.....ν...
2850 5767 3092 5808 ...μυητν
3127 5767 3334 5807 ν........-,
3584 5767 3592 5779 ,
3766 5767 3829 5821 In.

2279 5802 2450 5857 celare
2479 5815 2584 5856 non
2634 5808 2807 5871 posset
2844 5817 2855 5853 :
2901 5809 3133 5868 graviter
3182 5810 3320 5850 cmm
3352 5809 3411 5848 co
3447 5779 3733 5842 laborabat.
