4100 6436
523 358 637 425 963
1952 338 2452 457 THEOILIIANIS
3496 398 3499 399 ν
3710 330 3821 396 964

531 469 699 526 bunal
734 466 801 522 ad
836 464 1188 536 Magnauram
1242 458 1558 517 constituit.
1591 457 1641 513 Is
1670 464 1850 512 autem
1895 465 2129 529 tyranno

2251 468 2348 507 ιεν.
2392 449 2538 504 Ἰδὼν
2572 449 2629 504 δὲ
2669 448 2877 513 πάντας
2915 445 3291 517 λυπουμένους
3348 462 3451 501 κατ
3505 445 3698 514 αὐτοῦ,
3729 443 3825 502 καὶ

532 562 889 634 quaerebatur
926 534 1071 623 linis,
1099 571 1206 610 non
1237 562 1296 609 ut
1330 551 1689 623 pauperibus,
1719 549 1867 620 quod
1905 562 2127 618 aequum

2251 540 2424 604 ῖεδιὼς
2448 577 2464 602 9
2517 539 2716 611 μήπως
2766 536 3110 610 μεμνημένοι
3147 537 3246 606 τῆς
3280 534 3545 602 εὐσεϐοῦς
3580 535 3824 609 Εἰρήνης

536 628 823 714 tribueret,
858 658 1024 720 prout
1055 649 1237 702 exitus
1269 644 1669 709 manifestavit,
1696 642 1793 699 sed
1825 650 1886 697 ut
1915 640 2130 695 nobiles

2251 633 2559 703 εὐεργεσίας
2598 631 3088 703 προσκαλέσωνται
3125 629 3289 685 πάλιν
3329 628 3424 684 τοῦ
3460 630 3509 662 ⁷³
3543 631 3824 702 κρατῆσαι

537 761 602 800 ac
649 743 859 814 positos
909 742 963 796 in
1021 739 1284 810 dignitate
1338 737 1486 792 viros
1542 736 1814 791 dedecore
1864 734 2126 796 alliceret,

2251 725 2431 796 ιύτην,
2486 724 2566 795 τῷ
2623 724 2920 796 Νοεμϐρίῳ
2974 723 3109 794 μηνὶ
3142 722 3415 793 χειμῶνος
3468 723 3824 794 ἐπικειμένου

538 812 728 909 ageret
760 835 1029 905 captivos,
1072 840 1130 886 et
1151 846 1340 885 eorum
1395 829 1536 884 bona
1568 836 1767 882 cuncta
1794 825 1862 881 ad
1897 838 1956 879 se
1984 822 2133 878 deri-

2251 821 2564 893 lapu'rdrou,
2598 821 2701 875 οὐκ
2728 818 2997 889 ᾤκτειρεν
3027 814 3199 886 αὐτὴν
3235 816 3265 868 6
3305 812 3677 885 ἄσπλαγχνος,
3709 814 3826 868 ἀλλ’

542 906 719 992 varet,
767 925 914 996 quod
970 924 1093 995 ejus
1147 921 1431 994 proposito
1477 920 1800 976 felicissime
1843 916 2130 973 successit.

2251 914 2498 986 εξώρισεν
2543 911 2715 983 αὐτὴν
2753 913 2815 966 ἐν
2856 909 3050 981 Λέσϐῳ
3099 911 3167 981 τῇ
3220 909 3371 981 νήσῳ
3407 906 3519 979 (i9)
3569 907 3828 977 ἀσφαλῶς

545 1020 850 1078 Universos
888 1031 1019 1071 vero
1050 1014 1155 1071 sibi
1214 1020 1608 1071 succensentes
1654 1008 2028 1079 conspicatus,
2068 1021 2134 1062 ac

2251 1007 2593 1081 Ρρθυρεῖσθαι
2638 1006 2809 1078 αὐτὴν
2847 1004 3184 1078 προστάξας.
3225 1004 3324 1058 καὶ
3364 1003 3499 1074 παρ’
3530 1000 3745 1065 οὐδενὸς
3782 1001 3829 1034 ⁷³

542 1126 612 1167 ne
659 1108 798 1165 forte
852 1109 955 1179 piae
1007 1108 1190 1163 lrenes
1241 1105 1637 1162 beneficiorum
1687 1114 1961 1158 memores
2010 1113 2133 1156 eam

2251 1100 2466 1173 Βρᾶσθαι
2489 1099 2552 1152 τὸ
2582 1097 2802 1153 σύνολον
2833 1112 2850 1128 ’
2884 1099 2953 1169 τῇ
2996 1096 3055 1151 δὲ
3082 1093 3127 1149 λ’
3158 1093 3257 1148 τοῦ
3308 1092 3624 1166 Ἀπριλλίου
3658 1091 3830 1165 μηνὸς

541 1202 724 1256 denuo
753 1201 822 1255 ad
849 1199 1244 1271 rempublicam
1267 1196 1758 1254 administrandam
1786 1197 2132 1258 revocarent,

2251 1190 2668 1262 ὲπετελεύτησεν
2687 1190 2938 1261 Νικήτας
2958 1190 2988 1243 6
3008 1186 3359 1260 Τριφύλλιος,
3386 1186 3463 1250 ὥς
3505 1202 3694 1255 φασιν,
3726 1184 3833 1238 ὐπὸ

542 1291 776 1356 veritus,
831 1305 1024 1345 mense
1060 1287 1378 1353 Novembri,
1430 1286 1635 1360 frigore
1685 1284 1995 1355 asperrimo
2018 1284 2136 1353 jam

2251 1283 2562 1355 Νικηφόρου
2616 1282 2905 1354 φαρμάκῳ
2963 1280 3301 1353 ἀναιρεθείς.
3351 1280 3467 1333 Καὶ.
3510 1280 3579 1349 τῇ
3645 1275 3689 1331 δ’
3730 1276 3829 1330 τοῦ

542 1384 709 1440 terris
782 1381 1161 1445 incumbente,
1217 1380 1523 1436 inclemens
1581 1392 1646 1433 ac
1700 1377 1849 1431 nulla
1906 1374 1960 1428 in
2013 1387 2135 1429 eam

2251 1377 2420 1431 Μαΐου
2466 1376 2639 1447 μηνὸς
2665 1375 2853 1447 ἡμέρᾳ
2880 1372 2921 1427 ε’
2953 1374 3180 1446 ἐξῆλθεν
3205 1373 3524 1445 Νικηφόρος
3563 1369 3705 1426 κατὰ
3732 1370 3832 1440 τὴν

548 1478 756 1547 pietate
807 1484 1014 1542 motus,
1068 1475 1124 1530 itt
1173 1474 1413 1531 insulam
1449 1473 1688 1529 Lesbum
1735 1469 2034 1541 deportari,
2082 1476 2139 1523 et

2251 1470 2564 1541 Χαλκηδόνα
2609 1471 2668 1524 ὲν
2709 1467 3041 1541 προαστείῳ,
3077 1469 3172 1523 καὶ
3225 1467 3426 1531 ἐπιϐάς
3485 1466 3641 1536 ἵππῳ
3685 1464 3831 1555 πάνυ

549 1569 653 1624 sub
683 1567 1035 1627 strictissima
1065 1566 1239 1623 teneri
1271 1565 1546 1629 custodia,
1573 1561 1738 1635 405
1762 1571 1818 1618 et
1847 1576 1879 1616 a
1909 1559 2140 1615 nemine

2251 1562 2585 1633 ἡμερωτάτῳ
2625 1560 2724 1615 καὶ
2754 1559 2919 1632 πράῳ
2970 1560 3037 1613 ὲκ
3072 1558 3227 1622 Θείας
3250 1557 3506 1630 προνοίας
3541 1556 3611 1624 ⁷⁸,
3647 1554 3835 1609 τοῦτον

550 1662 773 1732 penitus
830 1660 1076 1732 conspici
1133 1660 1435 1716 mandavit.
1474 1656 1662 1712 Mense
1711 1652 1878 1727 porro
1933 1650 2139 1723 Aprilis

2251 1649 2568 1706 καταϐαλὼν
2597 1651 2644 1683 ⁷⁸
2671 1649 2766 1705 τὸν
2789 1648 2966 1716 δεξιὸν
3004 1649 3172 1704 αὐτοῦ
3216 1647 3354 1702 πόδα
3382 1645 3725 1718 συνέτριψεν.
3750 1645 3833 1716 Τῇ

548 1756 639 1811 die
708 1752 1013 1819 tricesimo,
1096 1751 1428 1823 Tripbyllius
1489 1748 1712 1807 Nicetas
1777 1760 2010 1810 veneno,
2078 1753 2141 1799 ut

2251 1744 2302 1799 δὲ
2336 1742 2405 1798 ιθ¹
2434 1743 2530 1798 τοῦ
2580 1743 2805 1797 Ἰουλίου
2842 1741 3037 1814 μηνὸς,
3083 1740 3273 1812 ήμέρᾳ
3298 1738 3364 1807 δ’,
3392 1738 3515 1812 ὥρᾳ
3546 1737 3836 1809 α’,Βαρδά-

547 1847 727 1908 aiunt,
751 1859 781 1899 a
804 1841 1118 1912 Nicephoro
1147 1820 1437 1912 propinate
1463 1841 1773 1898 exstinctus
1796 1845 1903 1894 est.
1937 1834 2143 1891 Mensis

2251 1853 2344 1908 νης
2370 1838 2401 1890 6
2422 1834 2715 1907 πατρίκιος
2745 1834 2845 1890 καὶ
2878 1832 3188 1906 στρατηγὸς
3212 1832 3323 1887 τῶν
3358 1829 3746 1896 ’Δνατολικῶν,
3771 1828 3836 1882 τὸ

547 1936 747 1991 deinde
801 1933 931 1989 Maii
978 1934 1068 1989 die
1111 1941 1308 2003 quarto
1338 1932 1482 1988 feria
1516 1929 1876 1987 hebdomadis
1924 1927 2139 1998 quinta,

2251 1926 2477 1998 ἐπίκλην
2526 1925 2574 1958 ⁷⁸
2625 1924 2890 1996 Τοῦρκος,
2923 1923 3270 1996 ἀνηγορεύθη
3320 1924 3401 1985 εις
3453 1921 3680 1995 βασιλέα
3725 1921 3834 1975 ὐπδ

549 2026 894 2098 Nieepborus
946 2025 1000 2081 in
1069 2024 1436 2080 Chalcedonis
1494 2021 1811 2078 suburbana
1863 2030 2140 2088 egressus,

2251 2019 2357 2073 τῶν
2389 2017 2715 2090 Περατικῶν
2739 2017 3016 2089 θεμάτων,
3045 2018 3195 2081 ὅστις
3216 2014 3390 2070 πολλὰ
3412 2014 3835 2099 παραιτησάμε-

548 2136 676 2177 cum
692 2134 834 2189 equo
852 2117 1305 2173 mansuetissimo
1327 2125 1492 2186 atque
1523 2114 1822 2170 mitissimo
1855 2111 2141 2176 insideret,

2251 2130 2356 2177 νος,
2394 2111 2684 2183 διαδρᾶσαι
2737 2111 2944 2175 αὐτοὺς
2989 2111 3092 2165 οὐκ
3136 2111 3358 2180 ίσχυσεν
3387 2123 3405 2141 ⁶
3427 2110 3523 2164 καὶ
3560 2106 3837 2164 κατελθὼν

551 2227 675 2283 qua!
713 2210 832 2268 .Dei
906 2208 1249 2280 providentia
1298 2206 1427 2270 fuit,
1486 2204 1542 2260 in
1585 2214 1790 2260 terram
1851 2216 2139 2266 excussus,

2251 2203 2350 2269 ἕως
2397 2203 2795 2276 Χρυσοπόλεως
2821 2244 2838 2270 ,
2881 2203 2981 2259 καὶ
3037 2202 3449 2275 περιπολεύσας
3496 2202 3715 2274 ἡμέρας
3763 2198 3836 2272 η’,

552 2303 834 2357 dexterum
867 2300 1062 2371 pedem
1092 2297 1375 2355 contrivit.
1410 2294 1618 2351 Mensis
1648 2302 1836 2349 autem
1877 2291 2010 2347 Julii
2056 2291 2146 2347 die

2251 2294 2343 2349 καὶ
2373 2293 2450 2366 μή
2465 2293 2675 2365 δεχθεὶς
2698 2292 2804 2347 ὑπὸ
2835 2293 2936 2365 τῆς
2964 2292 3198 2361 πόλεως,
3228 2291 3572 2362 ὑπέστρεψεν
3598 2290 3703 2354 ἕως
3725 2289 3833 2343 τῶν

553 2395 770 2449 decimo
831 2407 1004 2458 nono,
1063 2390 1202 2446 feria
1273 2387 1633 2446 hebdomadis
1706 2395 1926 2456 quarta,
2008 2383 2145 2439 bora

2251 2390 2601 2460 Μαλαγίνων.
2627 2389 2893 2460 Φοϐηθεὶς
2934 2388 2992 2444 δὲ
3024 2388 3115 2444 τὸν
3142 2388 3298 2453 Θεὸν,
3334 2389 3431 2443 καὶ
3453 2386 3836 2457 λογισάμενος,

555 2486 735 2557 prima
769 2482 1050 2539 Bardanes
1102 2481 1366 2553 patricius
1394 2488 1451 2536 et
1494 2478 1847 2534 orientalium
1882 2476 2016 2542 dux,
2049 2473 2146 2544 qui

2251 2484 2462 2556 μήποτε
2505 2481 2575 2535 δι’
2620 2483 2786 2536 αὐτὸν
2825 2482 2870 2515 ⁷⁷
2939 2481 3125 2553 σφαγὴ
3170 2482 3402 2553 γένηται
3449 2480 3836 2550 Χριστιανῶν,

552 2584 922 2647 cognomento
971 2572 1211 2638 Turcus.
1263 2587 1293 2628 a
1335 2571 1672 2627 thematibus
1730 2577 1884 2626 trans
1943 2567 2146 2624 l‘retum

2251 2574 2576 2638 ἀποστείλας
2610 2573 2669 2627 δὲ
2726 2573 2867 2646 πρὸς
2903 2574 3245 2646 Νικηφόρον,
3300 2573 3399 2628 καὶ
3453 2571 3632 2628 λαϐὼν
3679 2572 3839 2643 λόγον

554 2670 748 2740 positis
782 2667 1083 2737 imperator
1133 2665 1407 2723 salutatus
1462 2675 1567 2731 est,
1627 2662 1745 2732 qui,
1817 2676 1943 2718 cum
1990 2669 2146 2732 pote-

560 2770 759 2817 statem
808 2759 1043 2814 multum
1078 2756 1462 2822 detrectasset,
1494 2771 1527 2810 a
1562 2754 1830 2809 militibus
1882 2751 2147 2822 aufu'gere

555 2865 675 2905 non
739 2848 932 2903 valuit.
982 2847 1038 2903 Is
1083 2845 1470 2918 ChrySOpolim
1536 2842 1840 2915 profectus,
1910 2843 2149 2898 circum-

553 2941 724 2996 ducto
754 2955 849 3010 per
877 2940 997 2994 dies
1035 2947 1161 2993 octo
1198 2936 1477 3003 exercitu,
1526 2946 1581 2992 et
1624 2938 1694 2993 ab
1740 2936 1893 2992 urbis
1933 2935 2148 2991 civibus

556 3033 704 3088 baud
734 3032 1036 3095 admissus,
1073 3030 1140 3084 ad
1177 3028 1449 3100 Malagina
1502 3044 1679 3099 usque
1732 3042 1988 3084 reversus
2039 3035 2147 3083 est.

554 3120 696 3177 Tum
753 3135 885 3177 vero
935 3119 1030 3175 Dei
1086 3120 1283 3172 timore
1328 3117 1550 3185 ductus,
1607 3126 1684 3182 et,
1740 3133 1809 3173 ne
1858 3115 2001 3173 forte
2029 3116 2151 3186 ejus

557 3230 729 3270 causa
757 3215 942 3269 multae
969 3218 1324 3284 patrarentur
1345 3211 1545 3278 caedes,
1578 3209 1843 3266 attentius
1873 3208 2144 3279 cogitans,

555 3306 750 3361 missis
783 3305 849 3358 ad
881 3301 1255 3370 Nicephorum
1299 3300 1520 3373 legatis,
1570 3301 1732 3357 tidem
1764 3301 1976 3369 accepit
2016 3316 2148 3373 pro-

564 3397 683 3466 pria
714 3395 835 3465 ejus
869 3408 1035 3448 manu
1071 3393 1358 3463 scriptam,
1401 3393 1491 3449 cui
1541 3394 1709 3449 etiam
1759 3393 2149 3450 sanctissimus

553 3485 868 3556 patriarcha
896 3483 1159 3541 Tarasius
1188 3492 1244 3540 et
1272 3484 1495 3554 patricii
1526 3498 1719 3540 omnes
1744 3485 2147 3554 subscripsere,

553 3594 668 3648 qua
709 3594 771 3634 se
801 3593 1045 3649 suosque
1073 3592 1270 3633 omnes
1300 3577 1611 3635 incolumes
1648 3585 1817 3650 atque
1845 3578 2148 3649 impunitos

553 3681 834 3727 servatum
889 3670 954 3726 iri
1007 3669 1116 3726 sibi
1166 3668 1417 3726 cavebat.
1467 3666 1566 3724 Die
1606 3670 1957 3738 postmodum
2008 3669 2148 3742 Sep-

556 3763 788 3819 tembris
821 3771 1015 3817 octavo
1044 3761 1149 3816 sub
1186 3761 1420 3816 mediam
1452 3770 1667 3817 noctem
1701 3760 1888 3830 fugam
1916 3762 2149 3819 latenter

558 3853 857 3923 arripiens,
919 3853 1079 3908 Cium
1149 3853 1421 3925 Bithyniae
1488 3853 1679 3908 urbem
1733 3853 2013 3924 prolectus
2062 3861 2153 3910 est

555 3948 612 4002 in
665 3945 904 4001 lleraclii
950 3946 1399 4011 monasterium;
1434 3944 1531 4000 ubi
1573 3961 1713 4013 cum
1760 3946 2037 4016 navigium
2082 3945 2150 4000 ab

557 4038 891 4106 imperatore
920 4039 988 4091 ad
1027 4037 1132 4091 hoc
1179 4036 1324 4091 istuc
1368 4037 1599 4090 missum
1649 4036 1973 4102 invenisset,
2003 4036 2059 4092 in
2087 4051 2152 4091 eo

556 4137 723 4198 caput
750 4128 981 4195 abrasit,
1012 4143 1077 4183 ac
1108 4127 1305 4183 deinde
1337 4126 1646 4183 monastico
1698 4126 1890 4182 babitu
1924 4126 2150 4183 indutus

553 4228 661 4276 est.
711 4219 833 4274 Mox
885 4234 1188 4277 conscenso
1241 4218 1480 4291 navigio,
1539 4219 1595 4274 in
1643 4218 1901 4286 insulam,
1950 4217 2149 4274 Proten

552 4310 715 4378 vulgo
743 4311 966 4379 dictam,
987 4311 1041 4365 in
1073 4327 1180 4381 qua
1214 4310 1615 4367 monasterium
1645 4310 1777 4367 olim
1805 4311 2148 4378 condiderat,

555 4401 791 4469 trajecit,
811 4417 1076 4457 vesanum
1105 4400 1478 4473 Nicephorum
1498 4402 1765 4458 tremendi
1784 4401 2150 4473 jurisjurandi

2248 2666 2632 2738 ὲνυπόγραφον
2676 2665 2725 2698 ⁷⁸
2774 2665 2836 2732 ἐξ
2903 2665 3191 2738 ίδιοχείρου
3240 2667 3408 2722 αὐτοῦ
3439 2705 3458 2735 ,
3500 2668 3561 2721 ἐν
3619 2660 3665 2736 ᾧ
3734 2668 3829 2721 καὶ

2249 2758 2524 2830 Ταράσιος
2571 2759 2601 2812 6
2644 2757 2947 2829 άγιώτατος
2998 2759 3350 2831 πατριάρχης
3400 2760 3500 2813 καὶ
3533 2758 3737 2824 πάντες
3787 2762 3837 2814 oi

2250 2850 2530 2923 πατρίκιοι
2573 2849 3039 2922 καθυπέγραψαν,
3065 2848 3211 2904 ὥστε
3245 2849 3461 2922 ἀϐλαϐῆ
3513 2851 3679 2906 αὐτὸν
3722 2852 3838 2906 δια-

2250 2939 2569 3013 τηρηθῆναι
2595 2941 2693 2995 καὶ
2741 2940 2999 3014 ἀζήμιον,
3036 2941 3133 2996 καὶ
3151 2940 3365 3006 πάντας
3385 2942 3513 3006 τοὺς
3538 2941 3637 2995 σὺν
3664 2941 3833 3012 αὐτῷ,

2249 3035 2319 3106 τῇ
2356 3032 2406 3106 η’
2464 3035 2510 3107 ’ξ
2560 3032 2656 3088 τοῦ
2704 3033 3053 3105 Σπτεμϐρίου
3100 3037 3270 3107 μηνὸς
3308 3034 3430 3107 ὥρᾳ
3484 3037 3837 3107 μεσονυκτίου

2173 3156 2218 3220 C
2250 3124 2427 3199 λάθρα
2448 3124 2671 3197 διαδράς
2693 3125 2964 3197 κατῆλθεν
3003 3129 3064 3182 ὲν
3082 3129 3153 3200 τῇ
3182 3127 3301 3200 Κίῳ
3330 3129 3429 3198 τῆς
3458 3127 3731 3194 Βιθυνίας,
3758 3129 3838 3192 εἰς

2253 3216 2353 3290 τὴν
2401 3218 2573 3289 μονὴν
2600 3216 2697 3272 τοῦ
2740 3217 3091 3292 Ἡρακλείου,
3122 3218 3220 3274 καὶ
3246 3217 3425 3290 εὑρὼν
3456 3219 3519 3275 τὸ
3565 3218 3838 3275 άπολυθὲν

2253 3309 2533 3383 χελάνδιον
2563 3309 2661 3363 τοῦ
2711 3309 3003 3381 βασιλέως,
3036 3311 3130 3365 ἐπὶ
3170 3310 3348 3383 τούτῳ
3378 3310 3669 3383 άπεκάρθη
3700 3311 3833 3385 (20),

2255 3399 2355 3455 καὶ
2405 3398 2695 3456 ἐνεδύσατο
2747 3401 2944 3475 στολὴν
3000 3402 3323 3475 μοναδικὴν,
3355 3403 3452 3456 καὶ
3495 3403 3755 3458 εἰσελθὼν
3780 3405 3838 3457 ὲν

2254 3490 2407 3563 αὐτῷ
2432 3493 2505 3559 ⁸⁸,
2536 3493 2783 3565 ἀπῆλθεν
2808 3495 2906 3549 ἐπὶ
2938 3495 3193 3569 νήσῳῖτῇ
3224 3496 3496 3569 λεγομένῃ
3526 3496 3749 3570 Πρώτη,
3782 3498 3838 3550 ἐν

2256 3577 2293 3657 ᾖ
2325 3584 2693 3658 οίκοδομήσας
2747 3581 2816 3658 ῆν
2872 3589 3259 3660 μοναστήριον,
3293 3590 3540 3661 οἰόμενος
3574 3590 3658 3645 ὅτι
3700 3591 3841 3645 αίδε-

2259 3673 2520 3746 σθήσεται
2539 3675 2631 3729 τὸν
2666 3677 2901 3750 φοϐερὸν
2923 3678 3106 3750 λόγον,
3128 3680 3186 3735 δν
3204 3680 3407 3736 ἔδωκεν
3426 3682 3577 3754 αὐτῷ
3599 3684 3628 3737 6
3660 3700 3840 3755 παρα-

2259 3766 2517 3840 λογιστὴς
2538 3767 2880 3841 Νικηφόρος,
2905 3773 3000 3826 καὶ
3031 3774 3092 3826 οὐ
3146 3773 3225 3845 μὴ
3275 3774 3457 3847 βλάψῃ
3504 3775 3669 3831 αὐτὸν
3704 3776 3747 3808 ⁸¹
3782 3777 3840 3830 ἐν

2256 3857 2452 3913 οὐδενί.
2507 3859 2566 3914 '0
2611 3860 2669 3915 δὲ
2712 3862 2931 3934 πρῶτον
2981 3866 3081 3935 μὲν
3115 3869 3319 3938 γυμνοῖ
3360 3868 3525 3924 αὐτὸν
3562 3870 3661 3940 τῆς
3708 3870 3837 3923 ὐπο-

2258 3951 2501 4015 στάσεως
2552 3951 2740 4020 αὐτοῦ,
2774 3954 2872 4008 καὶ
2934 3956 3193 4028 ἀφορμῆς
3249 3957 3586 4031 δραξάμενος
3632 3962 3840 4025 πάντας

2255 4040 2369 4095 τῶν
2404 4040 2656 4112 θεμάτων
2693 4046 2819 4110 τοὺς
2859 4046 3129 4119 ἄρχοντας
3156 4051 3252 4105 καὶ
3280 4053 3553 4125 κτήτορας
3599 4051 3735 4125 (2|),
3763 4070 3840 4106 τι·

2259 4133 2355 4198 νὰς
2386 4133 2443 4188 δὲ
2472 4137 2538 4189 ὲκ
2576 4137 2676 4209 τῆς
2712 4138 2982 4210 βασιλίδος
3015 4142 3227 4208 πόλεως
3271 4146 3720 4217 ᾐχμαλώτευσεν,
3752 4149 3840 4198 τὸν

2257 4223 2316 4278 δὲ
2349 4225 2580 4296 στρατὸν
2603 4227 2819 4284 ἅπαντα
2846 4229 3147 4303 ἀρόγευτον
3169 4234 3375 4289 εἴασεν.
3404 4235 3516 4288 Καὶ
3566 4235 3650 4299 τίς
3687 4233 3840 4301 λόγος

2257 4315 2550 4388 δυνήσεται
2578 4321 2623 4354 ⁸³
2667 4322 2807 4393 πρὸς
2864 4324 3022 4390 ἀξίαν
3073 4327 3443 4399 διηγήσασθαι
3496 4327 3568 4382 τά
3627 4329 3686 4383 ἐν
3721 4330 3839 4389 ταῖς

2259 4411 2498 4484 ἡμέραις
2538 4414 2778 4482 ἐκείναις
2824 4419 3143 4491 πραχθέντα
3193 4420 3286 4474 ὐπ’
3315 4420 3482 4476 αὐτοῦ
3523 4421 3662 4492 ἔργα
3703 4421 3840 4483 κατᾲ

555 4491 718 4546 lidem
747 4494 1122 4549 reveriturum
1156 4496 1484 4564 arbitratus,
1533 4505 1591 4552 et
1620 4496 1689 4552 ab
1733 4512 1800 4552 eo
1836 4496 2046 4552 nullam
2093 4513 2149 4554 se

2259 4505 2396 4560 Θεοῦ
2429 4507 2827 4582 παραχώρησιν
2859 4509 2950 4566 διὰ
2989 4511 3092 4577 τὰς
3117 4513 3397 4585 ἁμαρτίας
3427 4491 3587 4585 ἡμῶν
3621 4531 3637 4580 ;
3672 4514 3716 4566 Τ
3718 4515 3750 4584 ᾗ
3783 4513 3838 4566 δὲ

553 4599 853 4653 passurum
874 4587 1155 4657 iniuriam.
1191 4588 1286 4644 ille
1314 4598 1447 4645 vero
1478 4589 1718 4660 primum
1757 4590 1979 4661 quidem
2023 4606 2164 4647 eum-

557 4674 911 4734 facullatibus
971 4681 1143 4735 nudat
1186 4689 1263 4747 et,
1298 4682 1594 4737 occasione
1628 4691 1872 4753 arrepta,
1910 4693 2148 4741 cunctos

553 4767 857 4825 tltematum
885 4786 1141 4842 proceres
1169 4782 1224 4829 et
1246 4774 1545 4846 locupletes
1599 4775 1771 4845 viros,
1821 4774 1966 4834 inter
2002 4793 2146 4849 quos

2262 4596 2307 4652 θ’
2326 4599 2423 4653 τοῦ
2465 4600 2782 4671 Αὐγούστου
2820 4603 2993 4674 μηνὸς
3025 4605 3128 4674 τῆς
3159 4604 3228 4660 ια’
3255 4606 3589 4671 ίνδικτιῶνος
3635 4605 3841 4660 ὲτελεύ·

2254 4709 2424 4765 τησεν
2451 4694 2486 4765 ἡ
2515 4694 2805 4765 βασίλισσα
2832 4698 3037 4770 Εἰρήνη
3074 4701 3133 4756 ἐν
3165 4702 3232 4772 τῇ
3263 4700 3455 4774 ἐξορίᾳ
3482 4703 3581 4770 τῆς
3626 4703 3837 4756 Λέσϐου

2252 4784 2442 4856 νήσου,
2484 4786 2582 4840 καὶ
2646 4789 2953 4861 μετηνέχθη
3012 4791 3060 4825 ⁸³
3096 4793 3160 4847 τὸ
3217 4794 3379 4866 σῶμα
3427 4795 3603 4867 αὐτῆς
3663 4796 3723 4850 ἐν
3773 4795 3837 4864 τῇ

1781 4934 2018 4991 ῪΑΒΙΛΕ
2054 4938 2461 4998 LECTIONES.

623 5041 670 5074 ”
693 5043 785 5097 τοῦ
819 5044 886 5108 Α*
922 5044 1032 5132 τῶγ
1057 5048 1203 5117 "mg.
1276 5049 1323 5080 ⁷³
1362 5049 1517 5172 “agi
1553 5066 1699 5112 τινος
1730 5050 1805 5121 μὴ
1842 5052 1908 5104 Αο
2022 5054 2071 5086 ⁷⁸
2123 5059 2473 5131 προμηθείας
2534 5063 2601 5119 Α.
2707 5065 2753 5097 ⁷⁸
2784 5066 3111 5122 καταϐαλὼν
3164 5070 3230 5134 Α,
3287 5068 3645 5124 καταϐάλλων
3695 5070 3834 5131 vuln,

629 5113 691 5166 τὸ
719 5116 811 5169 ὲπ.
846 5117 911 5171 Α.
939 5119 968 5169 6
998 5134 1088 5171 επ.
1133 5119 1277 5172 vulg.
1361 5120 1404 5151 ⁷⁷
1473 5120 1504 5171 ι’
1533 5120 1697 5172 αὐτὸν
1726 5122 1790 5172 Α.
1823 5121 1895 5172 δι’
1917 5123 2087 5172 αὑτοῦ
2113 5129 2261 5172 vnlg-
2380 5131 2426 5163 ἰε
2452 5133 2696 5172 enm-Aen
2752 5134 2781 5172 Δ
2844 5137 3024 5172 ,ειη-κω.
3078 5140 3205 5172 man
3333 5140 3378 5172 η
3411 5143 3479 5172 -a
3513 5139 3561 5172 ...ο
3603 5142 3630 5172 Α
3689 5142 3753 5172 ..α
3785 5113 3834 5172 Et

550 5113 601 5188 τῆ
629 5113 811 5188 τὸᾼὲπ.
846 5117 911 5188 Α.
939 5119 968 5169 6
998 5119 1088 5188 ἐπ.
1133 5113 1277 5188 ιῗιιιε.

552 5181 601 5254 η’
635 5186 780 5256 vulg.
847 5187 894 5220 ⁸ο
925 5186 1074 5258 αὐτῴ
1106 5188 1172 5255 Α,
1203 5181 1343 5261 αὐτῇ
1378 5191 1524 5260 vulg.

1533 5120 1697 5198 αὐτὴν
1726 5120 1895 5198 ᾼ,ᾳδι’
1917 5123 2087 5179 αὐτοῦ
2113 5120 2263 5198 vulg:

1624 5190 1667 5221 εί
1690 5190 1859 5245 αὐτὸν
1883 5208 1997 5248 οηι.
2023 5199 2091 5253 A.
2167 5190 2549 5274 ⁸²”δυνήσηται
2589 5190 2655 5260 vu

3333 5140 3378 5211 '_°
3411 5143 3480 5211 τῇ
3513 5139 3561 5210 η’
3596 5142 3662 5211 Α,
3689 5142 3755 5210 τῇ
3784 5140 3838 5199 δὲ

2380 5131 2426 5163 ⁷⁸
2451 5133 2716 5210 ἐνυπόγρ.
2745 5134 3045 5210 Attin-619.
3078 5131 3228 5210 vulg,
3333 5140 3378 5210 τ’
3411 5143 3480 5210 τῇ
3513 5139 3561 5210 η’
3596 5142 3662 5206 Α,
3689 5142 3739 5208 “ii

2665 5152 2716 5259 ρ.
2745 5152 3045 5239 magno“.
3078 5152 3228 5210 vulg.
3333 5152 3378 5173 τ’
3411 5152 3480 5211 τῇ
3513 5152 3558 5210 η’
3596 5152 3662 5206 Α,
3689 5152 3755 5210 τῇ
3784 5152 3832 5199 οὲ

2682 5222 2736 5277 g.
2903 5209 3212 5282 μετηνέχθη
3247 5211 3291 5262 Α
3331 5208 3371 5276 f,
3407 5210 3653 5282 μετήχθη
3692 5211 3832 5281 vulg,

1789 5327 1932 5384 JAC.
1963 5328 2196 5404 coam;
2215 5333 2453 5394 more).

623 5436 736 5513 (Ψ)
767 5437 955 5500 Cedr.,
986 5442 1067 5504 εἰς
1092 5441 1431 5513 Μιτυλήνην,
1455 5457 1578 5512 quae
1604 5441 1767 5499 Lesbi
1789 5444 1984 5501 insula:
2012 5448 2146 5506 urbs

549 5516 637 5585 est
665 5509 855 5585 libera,
903 5526 969 5565 ex
1018 5527 1147 5585 qua
1176 5509 1331 5585 dicta
1360 5509 1639 5585 :Mit'ylene
1673 5514 1787 5584 ipsa
1846 5516 2049 5579 insula,
2085 5529 2146 5574 ut

551 5575 695 5661 ριςιε
718 5581 862 5661 unde
877 5590 934 5634 et
959 5575 1140 5635 statim
1175 5582 1319 5638 idem
1341 5575 1657 5640 defunctam
1683 5575 1780 5651 ait,
1815 5586 1874 5639 ὲν
1898 5589 1965 5659 τῇ
1999 5575 2138 5661 αὐτῇ

551 5648 763 5717 Λέσϐῳ.
804 5650 1090 5707 Cettusrrs.

625 5718 743 5793 (20)
780 5718 843 5772 In
907 5724 1045 5793 hunc
1095 5722 1251 5790 ﬁnem
1302 5724 1522 5778 missum
1579 5735 1739 5793 caput
1787 5728 2010 5783 abrasit.
2043 5729 2138 5782 Sic

554 5786 691 5843 bene
721 5791 911 5844 Anast.
946 5786 1232 5858 intellexit;
1260 5809 1369 5848 non
1399 5804 1455 5850 ιιι
1498 5796 1554 5850 in
1608 5786 1725 5866 ipso
1776 5799 1992 5869 navigio
2041 5801 2135 5855 dc-

2250 5461 2458 5533 tonsus
2472 5458 2565 5523 sit,
2607 5459 2755 5533 quod
2788 5468 2843 5515 et
2873 5460 3235 5530 sequentibus
3271 5460 3615 5527 adversatur,
3638 5461 3837 5533 quibus

2250 5529 2492 5610 peractis
2557 5530 2819 5610 omnibus
2856 5529 2998 5610 quas
3035 5535 3539 5610 suntnmonastiea‘.
3604 5529 3835 5604 inaugu-

2249 5600 2517 5671 rationis,
2546 5601 2824 5671 navigium
2854 5600 3137 5671 ingressus
3165 5603 3389 5659 dicitur.
3445 5602 3521 5659 lu.

2244 5735 2260 5750 ο
2308 5666 2437 5793 l(Qui)
2494 5666 2842 5740 Anastasius,
2894 5666 3259 5729 h'abitatores:
3306 5675 3456 5731 cives
3504 5672 3836 5745 potentiores

2244 5753 2297 5793 tn
2329 5754 2357 5793 e
2404 5754 2505 5793 me.

2244 5753 2505 5808 illlelllge.
