4100 6426
387 351 502 415 965
1688 346 2053 412 CIIRONOG
2064 348 2372 409 RAPHIA.
3569 345 3672 408 906

387 464 545 533 νήσῳ
579 461 676 533 τῆς
731 459 1064 531 Πριγκίπου,
1091 459 1148 513 ὲν
1181 461 1246 532 τῇ
1287 462 1444 532 μονῇ,
1467 461 1534 532 ἣν
1582 461 1627 493 ⁸⁵
1661 462 1802 531 αὑτὴ
1834 461 1977 532 ᾠκο·

2085 470 2148 508 cx
2180 455 2483 524 imperante
2519 455 2653 509 urbe
2697 455 2969 517 nonnulli,
3000 454 3051 510 in
3081 454 3460 525 captivitatem
3497 456 3669 521 misit,

380 554 646 625 δόμησεν.
701 624 708 625 7
888 623 898 625 Α
968 622 978 625 _
1626 624 1629 625 ν
2087 546 2409 602 universum
2470 556 2654 602 autem
2728 549 3030 603 exercitum
3101 548 3302 604 debitis
3384 550 3671 620 stipendiis

382 622 759 680 defraudavit.
822 622 1074 679 Admissa
1136 637 1304 693 porro
1355 623 1553 680 diebus
1621 624 1731 681 illis
1791 626 1860 682 ah
1915 644 1979 684 eo

2091 643 2324 702 scelera,
2356 636 2469 694 Deo
2492 648 2715 710 propter
2740 640 2846 696 alia
2881 640 3113 697 crimina
3151 651 3342 698 nostra
3387 642 3478 697 illa
3534 643 3669 696 tole.

383 728 571 781 rante,
645 731 769 786 quae
836 718 1018 773 oratio
1096 716 1276 771 valeat
1368 720 1689 773 enarrare?
1743 721 2017 781 Caeterum
2056 730 2264 786 mensis
2320 731 2557 803 Augusti
2611 733 2700 789 die
2754 748 2943 801 nono,
3005 734 3300 790 indictione
3385 735 3671 797 undecima

383 809 712 880 imperatrix
782 809 940 903 Irene
996 811 1051 866 in
1106 810 1343 866 Lesbum
1418 809 1656 868 insulam
1726 816 1966 890 relegata
2007 823 2149 880 diem
2186 824 2459 885 obiitzin
2511 828 2749 884 insulam
2794 840 2977 885 autem
3030 828 3268 903 Principi
3357 830 3412 884 in
3475 847 3670 887 mona-

382 903 643 965 sterium,
679 902 825 971 quod
854 902 972 973 ipsa
1013 903 1278 970 condidit,
1322 918 1525 976 corpus
1570 907 1691 976 ejus
1737 911 2066 970 translatum
2097 916 2221 974 fuit.

453 995 522 1049 Δ.
563 994 635 1049 Μ.
662 993 824 1049 6296.
858 1022 930 1034 —
968 994 1157 1065 Τούτῳ
1185 996 1266 1069 τῷ
1300 996 1434 1063 ἔτει,
1467 998 1600 1070 μηνὶ
1629 1003 1976 1076 Δεκεμϐρίῳ,

385 1087 687 1141 ινδικτιῶνι
734 1085 823 1157 ιβ’,
873 1087 1103 1158 ἔστεψεν
1151 1091 1469 1164 Νικηφόρος
1511 1094 1606 1148 τὸν
1653 1095 1769 1149 υίδν
1812 1098 1979 1151 αὑτοῦ

381 1179 726 1252 Σταυρᾶκιον
754 1178 841 1233 διὰ
870 1180 1146 1251 Ταρασίου
1170 1181 1263 1235 τοῦ
1298 1184 1606 1253 ἀγιωτάτου
1630 1190 1977 1260 πατριάρχου

386 1273 449 1326 ὲν
488 1272 565 1342 τῷ
588 1272 805 1343 ἀμϐωνι
829 1274 932 1343 τῆς
964 1274 1231 1345 Μεγάλης
1250 1276 1584 1347 Ἐκκλησίας
1617 1281 1698 1343 είς
1727 1281 1976 1351 βασιλέα,

385 1365 655 1436 ἀποίητον
682 1364 810 1418 ὄντα
830 1364 975 1419 κατά
1000 1367 1180 1420 πάντα
1206 1368 1272 1439 τῇ
1313 1385 1373 1421 τε
1415 1370 1529 1441 ἰδέᾳ
1561 1373 1654 1425 καὶ
1682 1371 1841 1445 ῥώμῃ
1881 1376 1977 1429 καὶ

379 1456 583 1529 γνώμῃ
639 1458 778 1528 πρὸς
807 1458 906 1528 τὴν
950 1460 1210 1530 τοιαύτην
1265 1461 1444 1528 ἀξίαν.
1486 1463 1548 1516 ’0
1580 1463 1639 1518 δὲ
1669 1466 1880 1537 μήποτε
1917 1468 1977 1520 ὲν

384 1551 582 1621 μηδενὶ
603 1550 845 1619 φυλάξας
870 1550 1134 1618 ἀλήθειαν
1153 1552 1464 1624 Νικηφόρος
1486 1555 1772 1619 Λυκάονάς
1798 1575 1972 1624 τινας,

384 1644 419 1714 ἧ
448 1642 883 1714 λυκανθρὼπους
903 1683 918 1707 ,
947 1646 1339 1715 ὁμογνώμονας
1368 1649 1466 1701 καὶ
1492 1649 1802 1721 ὁμόφρονας
1834 1653 1972 1705 ἀπο-

2155 1013 2225 1067 Α.
2252 1010 2313 1067 C.
2352 1011 2476 1067 796.
2501 1043 2570 1054 —
2598 1009 2714 1067 Hoc
2766 1027 2909 1069 anno
2952 1027 3138 1068 mense
3196 1013 3478 1069 Decembri
3531 1014 3665 1071 indi-

2086 1101 2268 1158 ctione
2301 1103 2618 1159 duodeeima
2650 1102 2993 1174 Nicephorus
3026 1104 3195 1159 filium
3225 1122 3386 1162 suum
3440 1107 3638 1161 Staura
3658 1138 3671 1147 ο

2083 1193 2232 1249 cium
2265 1194 2478 1250 Tarasii
2536 1195 2875 1251 sanctissimi
2943 1196 3269 1263 patriarcha:
3318 1198 3577 1254 manibus
3620 1201 3671 1253 iu

2084 1285 2322 1341 amboue
2370 1286 2577 1357 Magnae
2623 1286 2874 1341 ecclesia:
2930 1287 3313 1356 imperatorem
3364 1292 3671 1358 coronavit,

2083 1375 2391 1443 hominem,
2422 1376 2534 1431 sive
2558 1378 2739 1431 vultus
2763 1378 3024 1447 speciem,
3059 1378 3173 1433 sive
3203 1381 3452 1449 corporis
3481 1383 3671 1445 robur,

2080 1481 2177 1522 seu
2210 1466 2380 1539 406
2404 1468 2642 1538 denique
2697 1468 2897 1522 mentis
2930 1479 3148 1538 captum
3181 1480 3417 1538 spectes,
3453 1470 3519 1523 ad
3552 1486 3675 1525 eam

2078 1558 2398 1630 dignitatem
2435 1559 2595 1630 plane
2625 1560 2891 1630 ineptum.
2926 1560 2977 1615 ls
3029 1566 3211 1613 autem
3257 1561 3351 1629 qui
3401 1576 3672 1630 nusquam

2078 1654 2331 1710 veritatis
2388 1656 2798 1711 observatorem
2850 1670 2911 1709 se
2978 1655 3254 1725 prmstitit,
3307 1654 3673 1725 Nieephorus,

381 1735 604 1798 στείλας
660 1736 741 1798 εἰς
785 1736 887 1806 τὴν
912 1736 1149 1809 Πρώτην
1181 1737 1474 1792 ὲκέλευσεν
1504 1742 1700 1806 νυκτὸς
1722 1742 1978 1815 ἐπιϐῆναι

2087 1744 2372 1818 Lycaonas
2440 1747 2759 1812 nonnullos,
2814 1763 2914 1802 ceu
3004 1746 3185 1817 potius
3262 1747 3677 1819 Lycanthropos

378 1830 449 1899 τῇ
487 1828 657 1900 νήσῳ,
688 1827 783 1882 καὶ
812 1829 904 1882 τὸν
949 1829 1331 1902 προρρηθέντα
1357 1832 1711 1902 ἐκτυφλῶσαι
1753 1835 1969 1907 Βαρδά-

380 1935 520 1984 νιον,
552 1919 631 1984 ὡς
656 1919 820 1990 δῆθεν
844 1920 1169 1989 ἀγνοοῦντος
1199 1923 1388 1987 αὑτοῦ,
1415 1925 1510 1979 καὶ
1529 1926 1667 1995 μετά
1695 1927 1756 1981 τὸ
1788 1927 1973 1999 δρᾶμα

382 2014 733 2085 προσφυγεῖν
782 2016 849 2085 τῇ
899 2015 1192 2087 ἐκκλησίᾳ.
1254 2016 1460 2071 Τούτου
1513 2017 1571 2071 δὲ
1609 2019 1897 2087 γεγονότος
1946 2021 1976 2074 ὅ

381 2121 447 2158 τε
479 2104 526 2137 ⁸⁸
550 2105 902 2177 πατριάρχης
949 2107 1100 2178 καὶὴ
1149 2107 1456 2177 σύγκλητος
1481 2108 1673 2174 δεινῶς
1700 2109 1971 2183 ἤλγησαν,

383 2197 485 2252 καὶ
528 2195 730 2260 πάντες
775 2198 825 2250 οἱ
862 2197 1189 2268 φοϐούμενοι
1236 2199 1329 2253 τὸν
1356 2199 1512 2255 Θεόν.
1551 2203 1612 2256 '0
1639 2203 1697 2257 δὲ
1731 2220 1978 2277 παρανο⁴

2082 1840 2316 1909 belluas,
2355 1840 2547 1896 iisdem
2602 1856 2727 1895 cum
2763 1854 2828 1895 eo
2859 1851 3040 1894 mente
3064 1854 3129 1896 ac
3175 1840 3427 1896 moribus
3466 1840 3675 1896 instru-

2084 1940 2203 1989 ctos
2235 1933 2488 1988 homines
2522 1933 2576 1987 in
2613 1931 2814 1987 Proteu
2848 1931 3086 1987 insulam
3122 1932 3351 1998 missos,
3406 1941 3570 1987 noctu
3606 1934 3674 1989 ad

2082 2032 2285 2078 terram
2336 2022 2692 2093 appellentes,
2732 2020 3087 2088 Bardanium,
3139 2037 3301 2092 quem
3349 2024 3675 2078 memoravi.

2080 2130 2225 2179 mus,
2275 2115 2451 2171 oculis
2487 2115 2728 2185 privare.
2767 2123 3029 2183 tauquam
3061 2128 3123 2168 se
3174 2114 3489 2171 nullatenus
3541 2129 3676 2169 con—

2078 2209 2217 2270 scio,
2267 2214 2318 2261 et
2350 2214 2561 2277 patrato
2597 2206 2837 2261 facinore
2893 2207 2959 2261 ad
3028 2206 3315 2261 ecclesiam
3384 2206 3680 2278 confugere

386 2289 645 2359 μώτατος
674 2288 931 2359 βασιλεὺς
959 2290 1277 2362 Νικηφόρος
1314 2293 1500 2364 ὅρκοις
1535 2293 1666 2358 τοὺς
1721 2295 1783 2349 ὲν
1827 2295 1974 2349 τέλει

2085 2298 2258 2369 iussit.
2318 2299 2635 2354 Admissum
2685 2298 2868 2354 scelus
2949 2299 3261 2368 patriarcha
3332 2307 3386 2354 et
3442 2310 3676 2356 senatus

384 2381 702 2446 Λυκάονας.
745 2381 806 2435 τὸ
845 2382 1046 2449 δοκεῖν,
1079 2384 1336 2455 ἐπεζήτει
1387 2385 1622 2450 ἀνελεῖν,
1660 2386 1975 2457 ἀμύνασθαι

387 2474 891 2544 σχηματιζόμενος,
948 2473 978 2527 ὁ
1028 2474 1208 2529 πάντα
1253 2476 1374 2529 κατ’
1408 2476 1672 2544 ἐπίδειξιν
1705 2478 1819 2544 ἀεὶ,
1876 2479 1975 2533 καὶ

391 2565 567 2639 μηδὲν
590 2567 730 2620 κατά
753 2565 887 2619 Θεὸν
933 2565 1213 2636 πράττων.
1249 2562 1360 2620 Ἦν
1407 2566 1518 2639 γὰρ
1552 2567 1705 2638 αύτῷ
1739 2568 1789 2602 ⁸⁵
1838 2569 1977 2640 μετά

384 2660 507 2712 τῶν
529 2659 734 2712 λοιπῶν
759 2658 1125 2730 παρανομιῶν
1150 2660 1246 2713 καὶ
1266 2659 1332 2714 τὸ
1357 2658 1599 2715 τοιοῦτον
1621 2660 1725 2731 τῆς
1750 2661 1978 2733 γνώμης

387 2752 675 2822 ἐξαίρετον
703 2751 922 2821 ἰδίωμα,
962 2749 1031 2805 δι’
1058 2745 1120 2806 οὗ
1152 2751 1249 2804 καὶ
1266 2751 1375 2823 πρὸ
1406 2751 1507 2822 τῆς
1542 2751 1823 2822 βασιλείας
1847 2753 1979 2806 πολ-

386 2842 521 2907 λοὺς
567 2844 875 2913 ἠπάτησεν.
935 2842 1081 2913 Πλὴν
1132 2842 1480 2912 γελοιότατος
1527 2839 1597 2916 ἦν
1630 2847 1745 2909 τοῖς
1776 2845 1978 2913 είδόσιν

385 2936 644 3007 ἀκριϐῶς
672 2936 718 2968 ⁸⁷
743 2935 807 2989 τὸ
842 2936 1187 3006 ἐπιτήδευμα
1213 2950 1227 2967 ⁸
1252 2935 1394 2989 ὥστε
1448 2937 1702 2990 κάκεῖνον
1730 2936 1979 3010 ἀναιδείᾳ

387 3030 563 3100 πολλῇ
627 3029 1009 3099 ζεζοφωμένον
1058 3028 1121 3083 τὺ
1172 3028 1521 3101 μιαρώτατον
1584 3030 1754 3086 αὑτοῦ
1807 3031 1980 3102 πρόσ-

2081 2389 2374 2444 universus
2436 2404 2764 2460 omnesque,
2831 2389 2926 2459 qui
2993 2389 3087 2445 Dei
3153 2390 3401 2445 timorem
3462 2407 3576 2461 pra:
3618 2407 3678 2448 se

2087 2479 2361 2546 ferebant,
2397 2479 2621 2550 indigne
2648 2481 2911 2536 tulerunt.
2954 2479 3210 2538 Nefarius
3232 2496 3396 2551 porro
3434 2481 3676 2552 impera-

2080 2583 2169 2626 tor
2227 2572 2592 2642 Nicephorus,
2642 2573 2810 2626 homo
2872 2573 2938 2626 ad
2997 2573 3419 2627 ostentationem
3462 2574 3673 2641 omnia,

2085 2663 2223 2719 nihil
2269 2678 2401 2719 vero
2452 2664 2756 2720 secundum
2794 2663 2963 2718 Deum
2990 2679 3180 2734 agens,
3210 2665 3263 2718 in
3314 2680 3508 2721 OIIIIICS
3565 2664 3671 2736 Ly-

2078 2771 2314 2812 caonum
2343 2758 2660 2828 optimates,
2683 2757 2842 2827 quasi
2892 2757 3193 2812 Bardanem
3249 2757 3530 2812 vindicare
3577 2773 3679 2812 νον

2078 2848 2296 2916 luisset,
2322 2863 2418 2919 per
2433 2848 2750 2917 iuramenta
2779 2850 2945 2918 cmpit
2973 2849 3271 2919 inquirere.
3320 2848 3501 2903 Inerat
3531 2850 3678 2907 enim

2082 2938 2296 2994 homini
2326 2948 2523 3010 praeter
2555 2938 2660 2992 alia
2715 2947 2924 2993 natura:
2950 2938 3080 2992 vitia
3129 2937 3307 2993 facilis
3367 2938 3434 2992 ad
3503 2941 3680 2992 simu-

2085 3031 2319 3087 landum
2369 3030 2700 3101 propensio;
2759 3029 2865 3085 hoe
2923 3028 3044 3100 ejus
3120 3029 3264 3097 genii
3345 3030 3679 3099 praecipuum

386 3139 546 3177 ωπον
583 3123 693 3190 ἀεὶ,
718 3123 843 3176 τότε
871 3122 1134 3194 ἀπρόῖτον
1160 3122 1418 3190 γενέσθαι
1443 3122 1536 3176 ἐπὶ
1561 3122 1776 3194 ἡμέρας
1817 3122 1861 3185 ζ’
1884 3122 1979 3177 τοῦ

2086 3138 2313 3189 munus,
2344 3139 2460 3194 quo
2487 3122 2654 3177 etiam
2691 3129 2817 3177 ante
2867 3130 3187 3192 susceptum
3242 3121 3533 3190 imperium
3558 3122 3680 3192 plu-

389 3213 681 3285 βασιλαοῦ
715 3212 977 3277 κοιτῶνος
1029 3213 1220 3279 δολίως
1250 3212 1825 3286 κλαυθμυριζόμενος,
1854 3214 1979 3269 ἐπεὶ

2085 3216 2257 3273 rimos
2287 3215 2538 3287 decepit:
2582 3215 2900 3271 simulatum
2930 3224 3115 3271 tamen
3177 3214 3297 3285 ejus
3355 3201 3596 3272 studium
3630 3225 3686 3270 et

389 3306 492 3361 καὶ
546 3306 791 3376 φυσικῶς
825 3304 976 3377 αὑτῷ
1007 3304 1320 3378 γυναικώδη
1347 3305 1395 3338 ⁸⁸
1430 3307 1715 3379 προσῆσαν
1741 3307 1978 3379 δάκρυα,

2085 3309 2477 3366 sffectatiouem
2510 3308 2757 3380 expertis
2793 3307 3096 3364 deridiculo
3155 3307 3393 3372 exstitit,
3423 3307 3562 3364 adeo
3624 3316 3685 3363 ut

388 3399 426 3455 ἀ
454 3401 573 3464 τοῖς
599 3400 820 3464 πολλοῖς
850 3399 961 3454 τῶν
992 3398 1219 3470 φαύλων
1250 3400 1665 3473 ψευδοχρίστοις
1690 3404 1979 3473 προσεῖναι

2085 3403 2297 3457 vultum
2354 3416 2517 3457 suum
2547 3394 2969 3463 exsecrandum,
3014 3400 3275 3456 continua
3329 3398 3454 3454 licet
3507 3399 3685 3469 impu-

390 3494 666 3562 πέφυκεν.
703 3493 845 3546 Ἀλλ’
897 3494 998 3546 οὑκ
1046 3492 1246 3547 ἔλαθεν
1302 3493 1430 3557 τοὺς
1490 3493 1744 3557 πολλούς.
1792 3493 1885 3565 Τῷ
1920 3493 1978 3548 δὲ

2085 3494 2259 3549 dentia
2316 3493 2695 3561 obscuratum,
2727 3507 2827 3563 per
2877 3494 2996 3548 dies
3058 3499 3265 3562 septem
3319 3492 3683 3561 imperatorio

390 3584 695 3656 Αὐγούστῳ
727 3585 859 3657 μηνὶ
875 3584 1109 3650 ἐξελθὼν
1125 3584 1172 3618 ³⁹
1189 3584 1333 3639 κατὰ
1366 3584 1617 3658 Ἀράϐων
1651 3588 1979 3659 συνήντησεν

2093 3586 2356 3642 cubiculo
2405 3595 2583 3642 tectus
2623 3592 2677 3640 et
2722 3586 2937 3656 ejulans
3002 3584 3298 3640 reddiderit
3319 3598 3384 3640 eo
3441 3593 3688 3655 tempore

392 3677 585 3741 αὑτοῖς
626 3678 707 3741 είς
751 3676 975 3750 Κρασδν
1023 3677 1126 3749 τῆς
1181 3676 1444 3749 Φρυγίας,
1508 3677 1605 3732 καὶ
1663 3677 1979 3749 πολεμήσας

2094 3679 2464 3734 inaccessum.
2498 3677 2745 3733 Aderant
2769 3678 2915 3733 enim
2951 3676 3158 3731 homini
3185 3676 3375 3732 faciles
3407 3684 3461 3731 et
3492 3678 3687 3732 mulie-

393 3771 647 3842 ἡττᾶται*
681 3770 778 3824 καὶ
825 3769 1058 3834 πολλοὺς
1091 3769 1387 3824 ἀποϐαλὼν
1417 3771 1464 3803 ’⁸
1499 3768 1700 3840 μικροῦ
1748 3770 1864 3823 δεῖν
1891 3771 1979 3825 καὶ

2093 3771 2221 3827 bres
2280 3786 2311 3826 a
2372 3780 2571 3826 natura
2613 3785 2895 3827 conccha:
2958 3770 3231 3841 lacrymas,
3289 3771 3436 3840 quod
3499 3770 3689 3826 multis

391 3862 561 3926 αὐτὸς
583 3861 907 3934 κρατεῖσθαι
931 3860 1188 3935 ἤμελλεν,
1219 3861 1267 3916 ει
1293 3861 1369 3934 μὴ
1393 3861 1503 3915 τῶν
1536 3862 1811 3932 ἀρχόντων
1840 3860 1979 3925 τινὲς

2090 3863 2278 3935 pravis
2344 3863 2667 3919 hominibus
2742 3862 2984 3919 christos
3031 3873 3086 3919 et
3113 3863 3408 3934 prophetas
3457 3879 3518 3919 se
3548 3863 3690 3921 falso

393 3953 771 4026 ἀνδρειότατοι
795 3945 984 4010 τοῦτον
1013 3952 1168 4031 μόλις
1183 3953 1281 4025 τῆς
1300 3952 1551 4024 ἀνάγκης
1568 3950 1979 4024 περισώσασθαι

2087 3953 2474 4025 jactitantibus
2523 3956 2772 4011 innatum
2839 3955 3091 4011 videatur
3148 3971 3163 4008 :
3216 3954 3268 4008 id
3306 3963 3489 4010 tamen
3542 3956 3688 4010 haud

398 4047 654 4118 ίσχυσαν,
2092 4049 2281 4118 plures
2346 4049 2529 4104 latuit.
2561 4047 2834 4105 Caeterum
2882 4063 3072 4103 mense
3126 4048 3372 4119 Angusto
3427 4050 3691 4107 adversus

394 4140 611 4196 Arabes
644 4138 986 4211 profectione
1036 4146 1313 4208 suscepta,
1381 4137 1448 4193 ad
1495 4136 1729 4193 Crasqu
1782 4133 2036 4208 Phrygiae
2106 4139 2326 4196 obviam
2380 4140 2491 4195 illis
2539 4138 2742 4205 factus,
2792 4139 3097 4194 certamine
3176 4138 3337 4193 initio
3399 4146 3691 4205 superatus

394 4243 505 4304 est,
531 4233 894 4304 pluribusque
932 4244 1162 4287 suorum
1211 4229 1505 4301 prostratis
1532 4244 1725 4299 parum
1787 4228 1988 4294 abfuit,
2033 4231 2166 4300 quin
2222 4231 2462 4287 hostium
2532 4231 2587 4285 in
2641 4246 2842 4286 manus
2892 4230 3181 4293 incideret,
3231 4229 3338 4285 nisi
3397 4244 3687 4299 procerum

398 4328 651 4385 nonnulli
709 4328 897 4382 animo
953 4334 1009 4381 et
1064 4325 1263 4382 robore
1316 4333 1636 4396 praestantes
1698 4338 1827 4378 eum
1881 4339 1988 4377 non
2030 4323 2501 4380 sinediﬂicultate
2528 4324 2778 4395 periculo
2813 4322 3162 4392 eripuissent.

468 4420 537 4476 Α.
574 4419 651 4475 Μ.
679 4417 925 4474 6Ξ97.-
944 4415 1134 4489 Τούτῳ
1161 4415 1240 4488 τῷ
1268 4415 1382 4469 ἔτει
1414 4415 1659 4479 στάσεως
1682 4414 1979 4486 γενομένης

2163 4416 2229 4468 Α.
2260 4417 2322 4470 C.
2350 4415 2476 4469 797.
2508 4445 2580 4455 —
2611 4412 2727 4470 lloc
2751 4427 2899 4468 anno
2926 4411 3159 4467 tumultu
3190 4412 3246 4465 in
3286 4409 3474 4466 Persia
3539 4406 3691 4464 exci-

398 4510 547 4566 κατά
590 4512 692 4582 τὴν
740 4510 1043 4581 Περσικὴν,
1077 4508 1347 4579 κατῆλθεν
1368 4508 1397 4561 ὁ
1428 4506 1538 4562 τῶν
1572 4506 1822 4578 Ἀράϐων
1850 4506 1979 4577 ἀρχ-

2094 4515 2209 4561 tato
2228 4507 2466 4561 Arabum
2495 4505 2605 4560 dux
2636 4513 2820 4575 partes
2874 4503 3207 4560 dissidentes
3254 4502 3685 4571 compositurus,

398 4604 543 4677 ηγδς
597 4602 1031 4675 είρηνοποιήσων
1083 4600 1306 4665 αὑτούς.
1355 4598 1679 4670 Νικηφόρος
1707 4596 1765 4651 δὲ
1803 4596 1979 4652 ἀδειαι

2092 4597 2223 4652 illuc
2271 4612 2332 4653 se
2384 4599 2638 4653 contulit.
2673 4595 2884 4651 Interea
2930 4594 3273 4665 Nicephorus
3331 4603 3491 4664 capta
3521 4607 3688 4649 ocea-

398 4694 586 4766 εὑρὼν
611 4736 626 4758 ,
662 4693 880 4748 ἔκτισεν
930 4692 1034 4763 τὴν
1067 4693 1355 4762 Ἀγκυραν
1411 4690 1515 4760 τῆς
1576 4688 1853 4752 Γαλατίας
1898 4688 1994 4742 καὶ

396 4793 506 4862 τὴν
534 4789 795 4862 Θηϐασαν
816 4787 911 4841 καὶ
934 4786 1034 4857 τὴν
1075 4783 1392 4856 Ἀνδρασόν.
1434 4782 1783 4836 Ἀπέστειλεν
1812 4781 1871 4836 δὲ
1898 4781 1994 4836 καὶ

399 4885 462 4937 ὲν
492 4881 670 4953 Συρίᾳ
691 4879 947 4950 κοῢρσον,
974 4878 1071 4933 καὶ
1102 4878 1271 4950 μηδὲν
1307 4875 1514 4931 ἀνύσαν
1545 4875 1891 4948 ὑπέστρεψεν
1914 4876 1986 4942 ⁹¹,

397 4973 719 5030 τούναντίον
751 4971 810 5026 δὲ
839 4970 1044 5042 μᾶλλον
1074 4970 1173 5024 καὶ⁵
1213 4968 1444 5032 πολλοὺς
1473 4967 1773 5022 ἀποϐαλόν.

473 5069 542 5121 Δ.
578 5066 647 5120 Μ.
678 5065 849 5121 6298.
881 5093 953 5104 —
979 5062 1681 5128 Κωνσταντινουπόλεως
1736 5058 1988 5114 ἐπισκό-

399 5178 527 5215 που
549 5158 896 5228 Νικηφόρον
925 5154 1062 5223 ἔτος
1097 5151 1171 5211 a'.

476 5251 771 5322 Τούτῳτῷ
809 5250 942 5316 ἔτει,
982 5249 1115 5321 μηνὶ
1169 5246 1525 5320 Φεϐρουαρίῳ
1560 5244 1663 5312 κε’,
1699 5243 1995 5299 ίνδικτιῶνι

403 5346 473 5401 ιδ’
481 5386 497 5411 .
522 5346 802 5418 Ταράσιος
842 5345 871 5397 ὁ
901 5342 1209 5412 ἀγιώτατος
1238 5340 1670 5414 ἀρχιεπίσκοπος
1704 5340 1995 5392 Κωνσταν-

400 5439 775 5505 τινουπόλεως
832 5434 1063 5502 ἐνδόξως
1120 5434 1358 5500 ἀπεϐίω,
1416 5430 1515 5487 καὶ
1548 5429 1882 5502 ὲξεκομίσθη
1933 5428 1993 5481 τὸ

2094 4692 2253 4747 sione
2306 4690 2581 4763 Ancyram
2640 4690 2890 4756 Galatiae,
2937 4688 3247 4744 Thebasam
3283 4694 3339 4742 et
3380 4686 3692 4742 Andrasum

2096 4785 2395 4855 reparavit.
2468 4783 2597 4838 Levi
2647 4783 2873 4853 insuper
2903 4791 2961 4838 et
3015 4782 3214 4852 praedis
3240 4780 3505 4851 cogendis
3567 4789 3696 4849 apto

2098 4878 2347 4933 exercitu
2404 4876 2458 4930 in
2530 4876 2748 4946 Syriam
2803 4874 2999 4939 misso,
3077 4874 3278 4928 milites
3332 4888 3394 4927 re
3467 4870 3691 4936 infecta,

2099 4970 2230 5042 quin
2265 4970 2376 5022 imo
2400 4967 2651 5038 pluribus
2679 4981 2870 5021 eorum
2908 4966 3254 5030 desideratis,
3303 4963 3508 5020 reversi
3542 4972 3689 5016 snnt.

2167 5065 2232 5117 A.
2258 5060 2319 5116 C.
2345 5060 2476 5116 798.
2506 5092 2577 5104 —-
2639 5058 2860 5129 Cpoleos
2901 5059 3134 5130 episcopi
3184 5056 3472 5127 Nicephori
3525 5070 3697 5109 atauus

2104 5156 2331 5227 primus.

2177 5247 2296 5303 Hoc
2330 5260 2477 5302 anno
2511 5245 2718 5302 mensis
2757 5244 3042 5301 Februarii
3103 5244 3190 5299 die
3212 5241 3375 5315 407
3434 5239 3697 5296 νὶοεεῗιηο

2102 5340 2301 5412 quinto
2331 5338 2631 5394 indictione
2659 5337 2870 5394 decima
2892 5345 3088 5407 quarta
3116 5333 3380 5391 Tarasius
3411 5330 3697 5389 sanctissi—

2100 5446 2229 5488 mus
2281 5428 2516 5502 Cpoleos
2576 5428 3052 5500 archiepiscopus.
3118 5424 3412 5497 gloriosam
3466 5432 3697 5478 mortem

1733 5542 1975 5599 VARUS
2013 5543 2423 5602 LECTIONES.

485 5671 533 5705 “
560 5669 631 5742 ἢν
649 5669 717 5735 Δ,
749 5663 955 5743 ﬁvulg.
1017 5668 1064 5701 "
1097 5668 1211 5743 de:
1239 5665 1442 5743 Α.-)ιῄ
1475 5663 1682 5743 evulg.

399 5743 557 5806 τίδος
586 5738 655 5808 λ,
684 5738 1010 5809 γυναικώδει
1056 5738 1203 5810 vnlg.

408 5803 762 5885 ὑπέστρεψεν
790 5842 858 5855 --
885 5803 1176 5868 ἀποϐαλόῖ
1190 5809 1256 5876 Α,
1291 5807 1590 5873 ἀνύσαντες
1622 5803 1974 5875 ὑπέστρεψαν
2008 5835 2078 5844 -—

1345 5665 1442 5720 καὶ
1476 5665 1505 5719 ὁ
1529 5663 1682 5734 vulg.
1780 5661 1827 5693 ⁸⁸
1851 5661 2004 5734 αὐτῷ
2034 5662 2103 5723 Α,
2145 5661 2280 5716 αὑτὸ
2319 5661 2465 5731 vulg.
2542 5661 2590 5693 ⁸⁷
2619 5661 2868 5729 ἀκριϐῶς
2889 5661 3015 5711 add.
3054 5671 3119 5712 ex
3157 5661 3221 5710 A.
3296 5661 3312 5689 '

1313 5734 1732 5823 έθιὲξελθὼνοΑ,
1779 5732 1950 5786 ἐλθὼν
2000 5734 2150 5859 vulg.
2252 5729 2631 5833 {ﬁatﬁade
2662 5731 2730 5793 Α,
2778 5727 3107 5784 ἀποϐάλλων
3157 5727 3312 5797 vulg.

1313 5823 1590 5859 ινυσαντες
1622 5803 1974 5859 ὑπέστρεψαν
2008 5835 2078 5844 -
2139 5803 2506 5859 ποϐαλλοντες
2538 5801 2684 5859 \ultz.

2139 5821 2210 5858 πο

2542 5660 2590 5693 ⁸¹
2619 5656 2868 5729 ἀκριϐῶς
2889 5656 3015 5711 add.
3054 5671 3119 5712 ex
3157 5655 3221 5710 A.
3296 5654 3344 5689 ⁸⁸
3369 5668 3701 5725 γυναικωνι-

2542 5729 2631 5780 ιὼν
2662 5731 2730 5780 Δ.
2778 5727 3107 5780 ἀποϐάλλων
3157 5727 3312 5780 rule.
3419 5727 3461 5760 θ’
3495 5724 3702 5780 ἀνύσαν

2253 5803 2506 5868 ἀλλοντες
2538 5801 2684 5866 vulg.
