4100 6464
507 417 616 485 971

1893 421 2388 482 THEOPHANIS

3668 423 3771 494 ’9⁵22

515 533 719 589 annuis
743 533 1098 605 vectigalibus
1125 535 1196 590 ab
1247 535 1328 590 eis
1361 535 1570 590 exactis
1633 535 2000 592 collecturnm
2045 554 2103 594 se

2211 539 2447 610 ἐτησίων
2480 537 2834 608 τελεσμάτων
2877 538 2908 591 6
2939 535 3119 592 πάντα
3160 536 3251 590 διά
3292 535 3423 590 τδν³
3463 537 3770 610 φιλούμενθν

515 626 836 690 arbitratus,
894 629 989 698 qui
1045 627 1231 682 dileCIi
1291 627 1395 684 sibi
1451 628 1572 682 auri
1612 629 1936 698 cupiditate,
1992 646 2101 686 non

513 715 716 772 Christi
766 716 1057 773 dilectione
1113 724 1309 771 cuncta
1353 731 1541 783 gerere
1587 717 1672 771 vel
1716 716 2105 774 administrare

517 809 666 865 visus
700 821 805 864 est.

583 902 651 957 A.
683 902 744 957 C.
774 901 882 957 800
915 932 1002 966 -—,
1020 901 1133 958 Hoc
1179 916 1327 958 anno
1359 917 1550 960 mense
1597 902 1912 975 Septembri
1959 904 2104 961 iudi-

515 991 697 1048 ctione
743 994 942 1064 prima,
992 993 1176 1049 Aaron
1216 995 1458 1050 Arabum
1506 995 1616 1050 dux
1671 996 1909 1052 Chumid
1973 1012 2101 1052 cum

513 1084 690 1138 valida
750 1085 927 1140 classe
987 1087 1255 1143 adversus
1300 1086 1558 1143 Rhodum
1609 1089 1898 1144 instruxit.
1947 1088 1999 1144 ls
2036 1104 2103 1144 ex

513 1176 818 1245 improviso
861 1177 1215 1248 navigatione
1264 1188 1545 1249 suscepta,
1602 1180 1859 1236 Rhodum
1918 1181 2106 1251 appel-

511 1267 630 1323 lens
661 1268 938 1340 ingentem
988 1271 1184 1337 praedae
1235 1272 1448 1344 copiam
1501 1288 1568 1328 ex
1613 1288 1677 1329 ea
1723 1273 1926 1344 abegit,
1978 1289 2105 1330 arce

511 1359 630 1413 sola
663 1359 938 1416 vastitatis
966 1361 1200 1417 immuni
1232 1372 1474 1420 servata.
1501 1362 1573 1418 At
1598 1373 1750 1422 certe
1777 1365 2100 1421 redeuutem

513 1463 740 1508 sanctus
788 1463 845 1508 et
877 1454 1261 1510 mirandorum
1295 1455 1478 1526 opifex
1514 1455 1777 1514 Nicolaus
1812 1457 2102 1515 manifesta

503 1543 728 1601 ultione
777 1547 1098 1618 exagitavit.
1149 1550 1303 1620 Myra
1359 1550 1564 1605 etenim
1595 1561 1914 1621 .occupata,
1975 1567 2099 1608 cum

514 1648 730 1689 sacram
783 1637 905 1706 ejus
952 1653 1148 1693 urnam
1218 1639 1572 1712 confringere
1630 1651 1891 1708 tentaret,
1937 1652 1994 1698 et
2044 1643 2099 1698 in

515 1725 753 1781 vicinam
790 1742 855 1782 ex
905 1742 1094 1784 errore
1155 1729 1262 1784 vim
1309 1739 1364 1786 et
1401 1733 1546 1790 ictus
1589 1732 1838 1800 inferret,
1894 1742 2100 1789 extem-

513 1818 605 1888 plo
640 1821 899 1876 immanis
946 1831 1236 1878 ventorum
1300 1825 1564 1895 procella,
1610 1827 1951 1882 marinorum
1993 1823 2100 1880 ﬂu-

2209 632 2359 703 αύτῷ
2390 631 2610 703 χρυσὸν,
2645 631 2740 684 καὶ
2760 629 2822 683 οὐ
2857 629 2946 684 διὰ
2973 630 3066 684 τὸν
3091 628 3327 700 Χριστὸν
3357 628 3628 698 πράττων.

2277 887 2344 940 A.
2376 885 2450 943 Μ.
2495 885 2924 958 6500.-Τούτῳ
2955 887 3035 959 τῷ
3071 888 3203 954 ἔτει,
3237 888 3368 960 μηνὶ
3399 889 3772 966 Σιιπτεμϐρίῳ⁹

2213 979 2508 1034 ίνδικτιῶνι
2530 977 2600 1046 α’,
2643 978 2857 1051 Ἀαρὼν
2899 981 2928 1033 6
2956 980 3066 1035 τῶν
3105 981 3353 1051 Ἀράϐων
3377 982 3618 1054 ἀρχηγὸς
3644 989 3775 1054 μετὰ

2209 1071 2396 1124 στόλου
2439 1071 2583 1125 κατὰ
2606 1071 2708 1142 τῆς
2752 1070 2936 1126 Ῥόδου
2977 1072 3222 1142 Χουμεῖδ
3251 1074 3584 1144 ἐξέπεμψεν.
3613 1073 3776 1142 Οὗτος

2204 1164 2419 1234 ἀθρόως
2475 1165 2883 1232 καταπλεύσας,
2933 1166 3028 1220 καὶ
3077 1166 3178 1237 τὴν
3231 1166 3414 1222 Ῥόδον
3459 1169 3778 1225 καταλαϐὼν

2206 1253 2414 1324 πολλὴν
2453 1255 2657 1310 ἅλωσιν
2710 1257 3008 1328 ἐποιήσατο
3043 1259 3102 1311 ἐν
3147 1259 3312 1330 αὐτῇ.
3359 1259 3433 1312 Τὸ
3497 1260 3700 1336 μέντοιο
3726 1265 3780 1316 ὲν

2205 1349 2345 1420 αὐτῇ
2379 1351 2642 1420 φρούριον
2663 1351 2998 1423 διεφυλάχθη
3022 1353 3354 1424 ἀπόρθητον.
3390 1355 3478 1407 Ἐν
3509 1353 3568 1407 δὲ
3591 1354 3669 1424 τῷ
3689 1357 3781 1409 ἐπ-

2205 1439 2534 1513 ανέρχεσθαι
2565 1442 2750 1507 αὑτὸν,
2796 1445 3050 1515 φανερῶς
3078 1444 3506 1514 κατεπολεμήθη
3549 1446 3654 1500 ὑπὸ
3691 1446 3780 1500 τοῦ

2204 1535 2364 1604 ἁγίου
2397 1536 2494 1590 καὶ
2543 1535 2967 1608 θαυματουργοῦ
2995 1537 3291 1593 Νικολάου.
3335 1539 3537 1594 Ἐλθὼν
3563 1542 3670 1612 γὰρ
3707 1545 3783 1608 εἰς

2204 1627 2274 1681 τὰ
2307 1626 2473 1698 Μῦρα
2502 1629 2598 1682 καὶ
2646 1629 2743 1700 τὴν
2785 1629 2938 1700 ἱερὰν
2965 1629 3133 1684 αὐτοῦ
3174 1631 3468 1702 συντρίψαι
3501 1635 3783 1704 πειραθεὶς

2203 1720 2675 1793 λάρνακα,.άλλην
2721 1723 2838 1776 ἀντ’
2882 1723 3101 1792 ἐκείνης
3137 1723 3365 1797 πλησίον
3404 1724 3618 1795 αὐτῆς³
3657 1744 3785 1781 κατε

2202 1811 2466 1867 ἔκλασεν·
2497 1813 2699 1868 αὐτίκα
2737 1831 2798 1868 τε
2852 1814 3026 1886 πολλὴ
3073 1815 3294 1886 ἀνέμων
3334 1817 3431 1870 καὶ
3483 1817 3784 1874 θαλαττίων

512 1917 702 1965 ctuum
735 1911 961 1982 impetui
999 1917 1306 1970 tonitruum
1349 1915 1743 1989 fulgurumque
1787 1920 2102 1984 promiscua

2208 1906 2490 1975 κυμάτων,
2533 1905 2777 1976 βροντῶν
2817 1925 2877 1961 τε
2912 1909 3010 1961 καὶ⁸
3039 1909 3338 1980 ἀστραπῶν
3366 1909 3662 1980 ἀνωμαλία
3697 1911 3785 1964 τὸν

511 2011 832 2073 tempestas
865 2007 1005 2061 adeo
1040 2009 1274 2064 classem
1298 2009 1550 2080 jactavit,
1587 2020 1649 2066 ut
1693 2011 1970 2083 pleraque
2002 2027 2098 2068 na-

511 2109 608 2152 ves
669 2107 1054 2167 conquassatae
1113 2100 1628 2172 submergerentur,
1708 2103 1934 2175 ipseque
2004 2101 2100 2159 Dei

511 2187 691 2243 hostis
734 2189 970 2245 Chumid
1015 2193 1192 2247 sancti
1239 2194 1496 2250 virtutem
1550 2207 1836 2266 expertus,
1894 2196 1987 2252 vix
2038 2211 2104 2252 ac

511 2288 710 2349 praeter
743 2294 895 2350 spem
946 2297 1066 2338 eam
1102 2285 1343 2353 potuerit
1375 2285 1640 2357 effugere.
1673 2286 1880 2343 Mensis
1913 2297 2100 2342 autem

509 2371 833 2426 Decembris
895 2373 985 2428 die
1071 2374 1336 2431 vicesimo
1398 2375 1744 2446 Nicephorus
1813 2377 2103 2434 Stauracio

511 2463 626 2518 filio
661 2479 885 2519 uxorem
920 2471 1300 2535 eopulaturus,
1349 2468 1623 2539 virginum
1670 2469 1934 2524 Romanae
1975 2469 2104 2525 diti-

509 2553 636 2609 onis
694 2564 954 2610 accurata
1005 2556 1397 2626 disquisitione
1448 2559 1759 2630 praemissa,
1810 2558 2098 2630 Theopha-

514 2663 708 2702 nonem
762 2649 1155 2704 Atheniensem
1213 2651 1384 2706 beatae
1429 2650 1612 2708 lrenes
1667 2652 1909 2720 affinem,
1959 2653 2101 2718 viro,

511 2752 781 2808 cumquo
828 2739 1173 2809 frequentius
1210 2741 1572 2809 decubuerat,
1611 2743 2004 2814 desponsatam
2049 2753 2106 2800 et

509 2827 583 2881 ab
610 2842 676 2882 eo
707 2827 1038 2896 seiunctam,
1072 2829 1280 2888 infelici
1317 2830 1610 2889 Stauracio
1637 2832 1864 2901 locavit,
1917 2844 1977 2890 ut
2007 2835 2104 2905 qui

513 2920 664 2988 leges
727 2934 919 2975 omnes
975 2921 1186 2977 violare
1241 2924 1440 2980 solitus
1491 2933 1634 2991 erat,
1684 2926 1849 2980 etiam
1904 2928 1957 2982 in
1999 2929 2104 2984 hoc

513 3012 995 3083 transgrederetur
1063 3012 1432 3084 impudenter.
1502 3014 1651 3072 Duas
1713 3026 1902 3073 autem
1967 3019 2106 3074 alias

513 3103 725 3173 puellas
775 3104 938 3158 istam
993 3103 1170 3160 forma
1218 3106 1380 3175 longe
1425 3116 1770 3177 superantes,
1818 3123 1959 3180 quas
1995 3125 2104 3165 una

514 3209 640 3250 cum
689 3210 752 3250 ea
791 3195 1091 3266 delegerat,
1144 3194 1200 3251 in
1243 3197 1379 3266 ipsis
1421 3199 1734 3267 nuptiarum
1769 3199 2104 3256 solemnibus

2206 1998 2393 2052 στύλον
2426 1997 2752 2066 κατέλαϐεν,
2779 1999 2858 2064 ὡς
2888 2002 3049 2055 ἱκανὰ
3085 2001 3442 2072 συντριϐῆναι
3469 2003 3788 2073 σκάφη,αύο

2202 2093 2296 2147 τόν
2323 2108 2384 2146 τε
2413 2091 2502 2146 τὸν
2522 2093 2566 2125 ⁸⁸
2615 2092 2886 2164 θεομάχον
2919 2093 3160 2164 Χουμεῗδ
3219 2094 3528 2163 ἐπιγνῶναι
3559 2095 3659 2165 τὴν
3696 2095 3785 2149 τοῦ

2203 2182 2363 2251 ἁγίου
2391 2181 2647 2254 δύναμιν,
2681 2183 2778 2237 καὶ
2812 2183 2942 2255 παρ’
2966 2184 3159 2238 ἐλπίδα
3207 2186 3302 2238 τὸν
3343 2184 3599 2239 κίνδυνον
3619 2186 3661 2217 ⁸¹
3701 2187 3790 2238 ἐκ-

2204 2277 2422 2345 φυγεῖν.
2457 2277 2537 2347 Τῇ
2588 2275 2647 2329 δὲ
2687 2282 2738 2331 κ’
2761 2276 2858 2330 τοῦ
2885 2277 3228 2349 Δεκεμϐρίου
3274 2277 3450 2348 μηνὸς
3475 2277 3790 2349 Νικηφόρος

2209 2364 2349 2436 μετὰ
2374 2365 2576 2437 πολλὴν
2597 2365 2830 2438 ἐκλογὴν
2860 2366 3151 2439 παρθένων
3177 2369 3242 2420 ἐκ
3281 2367 3472 2440 πάσης
3489 2369 3534 2400 ³⁸
3579 2369 3679 2438 τῆς
3701 2370 3790 2421 ὑπ’

2204 2457 2374 2514 αὑτοῦ
2403 2458 2656 2526 ἐξουσίας
2710 2461 2793 2523 είς
2833 2459 2895 2514 τὸ
2939 2459 3126 2525 ζεῦξαι
3169 2461 3521 2531 Σταυράκιον
3564 2461 3656 2515 τὸν
3684 2462 3791 2515 τίον

2205 2550 2374 2607 αὐτοῦ
2423 2552 2820 2623 ποιησάμενος,
2859 2552 3120 2624 Θεοφανὼ
3149 2554 3249 2626 τὴν
3290 2555 3596 2626 Ἀθηναίαν
3628 2573 3793 2626 προσ-

2204 2646 2335 2716 γινῆ
2369 2643 2470 2715 τῆς
2497 2645 2777 2716 μακαρίας
2804 2647 3044 2717 Εἰρήνης
3066 2649 3573 2721 μεμνηστευμένην
3617 2649 3788 2719 ἀνδρὶ,

2204 2737 2303 2790 καὶ
2335 2736 2604 2804 πολλάκις
2623 2739 2775 2810 αὐτῷ
2811 2742 3328 2808 συγκοιτασθεϊσαν,
3346 2743 3604 2813 χωρίσας
3631 2743 3795 2813 αὐτὴν

2203 2829 2302 2883 ἀπ’
2329 2829 2516 2898 αὐτοῦ,
2547 2831 2628 2901 τῷ
2667 2831 2840 2904 ἀθλίῳ
2862 2834 3184 2903 Σταυρακίῳ
3221 2835 3577 2901 συνέζευξεν,
3621 2835 3695 2898 ὡς
3717 2838 3794 2898 είς

2203 2920 2386 2977 πάντα
2418 2923 2517 2976 καὶ
2549 2925 2631 2987 είς
2658 2923 2818 2977 τοῦτο
2838 2926 3300 2996 ¹³παρανομήσας
3329 2926 3599 2993 ἀναιδῶς,
3631 2925 3795 2986 ἄλλας
3830 2912 3837 2920 ’

2203 3015 2298 3070 δύο
2357 3016 2564 3088 ταύτης
2619 3017 2962 3090 ὡραιοτέρας
3029 3018 3439 3089 ἐκλεξάμενος·
3503 3021 3607 3074 σὺν
3662 3020 3793 3091 αὐτῇ

2206 3107 2507 3176 προφανῶς
2565 3109 2735 3172 αὐτὰς
2766 3108 3023 3180 ἔφθειρεν
3058 3109 3180 3164 κατ’
3209 3111 3380 3175 αὐτάς
3441 3111 3547 3175 τὰς
3587 3111 3796 3183 ἡμέρας

2206 3197 2302 3252 τοῦ
2331 3199 2512 3270 γάμου
2543 3199 2699 3270 παρὰ
2729 3201 2950 3254 πάντων
2971 3203 2999 3252 ὁ
3027 3201 3226 3272 μιαρὸς
3252 3201 3601 3272 γελώμενος.
3623 3202 3713 3272 Τῷ
3741 3201 3796 3255 δὲ

515 3287 715 3362 diebus
745 3287 924 3358 palam
967 3304 1074 3345 non
1105 3288 1224 3346 sine
1253 3290 1538 3345 hominum
1567 3289 1684 3345 risu
1712 3290 1793 3346 vir
1815 3305 2103 3346 exsecran-

2209 3268 2566 3364 Φεϐρουαρίῳ
2620 3268 2754 3363 μηνὶ
2805 3295 3000 3348 στάσιν
3029 3268 3423 3366 *ἐννοήσαντες-
3461 3297 3589 3350 κατ’
3636 3268 3797 3352 αύτοῦ

514 3382 619 3438 dus
652 3382 1054 3452 constupravit.
1085 3382 1357 3439 Caeterum
1390 3397 1582 3460 mense
1608 3384 1916 3440 Februario
1941 3383 2107 3456 409

511 3487 770 3543 proceres
847 3474 994 3529 haud
1079 3474 1244 3544 pauci
1325 3475 1792 3545 conspirationem
1860 3477 1917 3530 in
1975 3492 2101 3532 eum

516 3564 812 3621 machinati
872 3566 1204 3624 Arsaberem
1263 3577 1594 3639 quaestorem
1662 3579 1718 3625 et
1783 3570 2102 3642 patricium,

516 3659 695 3713 virum
724 3660 1043 3732 religiosum
1087 3670 1143 3718 et
1180 3662 1480 3729 eruditum,
1527 3662 1964 3733 designaverunt
1997 3663 2102 3718 im-

516 3761 845 3819 peratorem.
897 3750 1000 3806 Ubi
1048 3749 1416 3824 Nicephorus,
1470 3754 1614 3811 dolis
1663 3755 1932 3821 adversus
1965 3753 2102 3811 alios

512 3843 781 3914 parandis
811 3845 1331 3913 cxercitatissimus,
1361 3845 1586 3902 insidias
1618 3845 1806 3900 habuit
1836 3846 2102 3910 detectas,

519 3933 849 3988 Arsabcrem
874 3934 1200 3991 verberibus
1234 3951 1437 3992 caesum
1466 3945 1522 3992 et
1567 3937 1832 4006 capillitio
1869 3939 2101 3992 damna-

521 4033 636 4078 tum
689 4025 834 4080 inter
882 4027 1184 4083 monachos
1235 4028 1508 4098 reliquum
1559 4028 1687 4084 vita:
1739 4039 1992 4085 acturum
2045 4029 2103 4084 in

522 4118 831 4190 Bithyniam
907 4120 1193 4194 relegavit,
1265 4131 1494 4177 cazteros
1560 4121 1736 4192 plagis
1805 4121 2140 4191 impositis,

519 4211 728 4267 exsiliis
745 4221 800 4267 et
819 4211 1144 4268 facultatum
1167 4213 1680 4282 proscriptionibus.
1701 4228 1808 4268 non
1827 4211 2106 4268 saecularis

525 4304 692 4360 modo
758 4305 1042 4360 convictus
1112 4319 1388 4375 proceres,
1453 4303 1551 4360 sed
1609 4314 1667 4360 et
1731 4315 1953 4361 sanctos
1994 4305 2108 4374 cpio

2215 3379 2401 3434 πολλοὶ
2436 3381 2544 3434 τῶν
2573 3382 2631 3435 ἐν
2663 3381 2828 3450 τέλει,
2869 3383 3150 3456 ’Λρσαϐὴρ
3178 3385 3271 3438 τὸν
3318 3387 3673 3458 κοιαίστωρα
3710 3387 3800 3440 καὶ

2213 3474 2505 3543 πατρίκιον
2553 3473 2726 3546 ἄνδρα
2766 3476 2967 3547 εὐσεϐῆ
3012 3478 3108 3531 καὶ
3151 3476 3560 3546 λογιώτατον¹δ
3610 3478 3801 3548 ἐψηφί-

2212 3565 2386 3630 ζοντο.
2420 3567 2587 3633 Γνοὺς
2616 3569 2674 3624 δὲ
2714 3569 2934 3624 τοῦτου
2961 3572 2990 3624 6
3018 3570 3407 3642 πολυμήχανος
3455 3573 3798 3643 Νικηφόρος.

2210 3654 2375 3710 αὑτὸν
2411 3654 2512 3726 μὲν
2543 3657 2718 3728 τύψας
2740 3660 2836 3714 καὶ
2861 3660 3188 3732 ἀποκείρας,
3209 3663 3450 3732 μοναχὸν
3477 3665 3799 3735 πεποίηκεν,

2210 3745 2268 3800 ἐν
2296 3747 2524 3820 Βιθυνίᾳ
2547 3749 2740 3804 τοῦτον
2770 3750 3042 3822 ἐξορίσας,
3075 3755 3198 3816 τοὺς
3219 3754 3276 3808 δὲ
3305 3753 3539 3820 λοιποὺς
3577 3757 3802 3827 δαρμοῖς

2213 3841 2308 3895 καὶ
2338 3840 2602 3910 ἐξοριαις,
2637 3843 2776 3915 πρὸς
2820 3844 2879 3898 δὲ
2929 3846 3022 3898 καὶ
3060 3844 3358 3915 δημεύσεσι
3387 3847 3804 3912 καθυπέϐαλεν,

2213 3931 2274 3984 οὐ
2310 3931 2477 4000 μόνον
2514 3931 2643 3995 τοὺς
2681 3932 2742 3986 ἐν
2767 3933 2844 4004 τῷ
2869 3933 3123 4004 κοσμικῷ
3152 3933 3252 4005 βίῳ
3274 3934 3318 3967 ⁸⁸
3346 3935 3656 4007 ἄρχοντας,
3674 3936 3808 3990 ἀλλὰ

2211 4022 2308 4076 καὶ
2339 4025 2674 4088 ἐπισκόπους
2706 4025 2896 4092 ἁγίους
2937 4027 3030 4079 καὶ
3059 4025 3351 4096 μοναχοὺς,
3405 4028 3512 4081 καὶ
3547 4027 3680 4092 τοὺς
3713 4027 3805 4096 τῆς

2209 4113 2470 4186 Μεγάλης
2509 4115 2855 4186 Ἑκκλησίας,
2902 4118 2992 4171 τόν
3039 4135 3098 4171 τε
3124 4117 3427 4188 σύγκελλον
3458 4121 3560 4174 καὶ
3588 4119 3683 4174 τὸν
3711 4135 3804 4171 aa.-

2214 4207 2498 4279 κελλάριον
2531 4209 2626 4262 καὶ
2659 4208 2750 4264 τὸν
2783 4210 3198 4281 χαρτοφύλακα,
3228 4210 3437 4282 ἄνδρας
3480 4212 3804 4282 ἐλλογίμους

2213 4300 2560 4374 ὑπάρχοντας
2586 4302 2683 4355 καὶ
2707 4301 2887 4366 αἰδοῦς
2921 4303 3129 4368 ἀξίους.

513 4411 718 4467 scapos
757 4397 1190 4466 monachosque,
1249 4411 1461 4453 necnon
1507 4397 1658 4468 ipsos
1709 4395 1916 4466 Magnae
1955 4394 2204 4452 ecclesiae
2257 4393 2588 4465 syncellum,
2627 4393 2976 4450 sacellarium
3014 4404 3068 4450 et
3124 4395 3618 4470 chartopbylacem
3667 4399 3808 4454 viros

517 4489 849 4560 spectabiles
875 4490 1141 4561 omnique
1167 4494 1519 4548 veneratione
1547 4492 1744 4563 dignos
1775 4491 2069 4562 supposuit

587 4583 654 4636 A.
686 4582 749 4638 C.
782 4581 906 4639 80L
929 4582 1250 4638 —Arabum
1281 4585 1430 4638 ducis
1480 4583 1730 4639 Muamed
1779 4599 1950 4638 anuus
1990 4583 2103 4654 pri-

2284 4578 2352 4635 A.
2414 4577 2487 4633 Μ.
2542 4577 2704 4634 6501.
2757 4609 2828 4618 -
2875 4577 3136 4649 Ἀράϐων
3184 4579 3468 4650 ἀρχηγοῦ
3526 4577 3812 4649 Μουαμὲδ

516 4691 637 4730 mus
643 4714 657 4729 ι

589 4764 707 4820 Hoc
757 4781 926 4832 anno,
977 4783 1166 4823 mense
1222 4761 1439 4835 Martio,
1489 4770 1789 4827 indictione
1841 4772 2103 4838 secunda,

517 4859 762 4914 Arabum
805 4858 917 4914 dux
955 4862 1139 4916 Aaron
1190 4861 1245 4915 in
1271 4861 1556 4923 ,interiore
1589 4863 1798 4928 Persia,
1826 4865 2110 4922 Chorasan

515 4947 892 5020 agnominata,
956 4959 1208 5007 mortuus
1265 4963 1384 5020 est;
1440 4952 1693 5036 hfpamed
1756 4963 1940 5011 autem
1993 4957 2114 5026 ejus

517 5040 666 5094 Illius
696 5037 763 5094 ad
797 5041 980 5095 omnia
1013 5055 1240 5111 prorsus
1270 5022 1810 5116 ineptu’é’imperium
1847 5047 2111 5117 suscepit,

518 5131 784 5188 adversus
815 5147 978 5204 quem
1005 5131 1262 5189 Aabdellas
1291 5133 1412 5204 eius
1447 5121 1614 5190 frater
1641 5135 1911 5192 seditione
1944 5144 2110 5202 mota,

516 5237 584 5277 ex
663 5223 944 5294 provincia
1025 5224 1312 5280 Cborasan
1377 5241 1502 5282 cum
1579 5227 1826 5297 paternis
1900 5227 2113 5282 viribus

2212 4673 2350 4740 ἔτος
2397 4679 2471 4727 α’.

2283 4765 2472 4837 Τούτῳ
2499 4763 2578 4836 τῷ
2605 4765 2717 4819 ἔτει
2759 4765 2974 4836 Ἀαρὼν
3007 4768 3036 4819 6
3063 4765 3170 4820 τῶν
3192 4766 3233 4797 ¹⁷
3277 4765 3540 4837 ’Δράϐων
3571 4765 3812 4838 ἀρχηγὸς

2215 4856 2482 4927 τέθνηκεν
2504 4858 2583 4921 είς
2603 4856 2706 4929 τὴν
2735 4857 2917 4911 ἐνδοτέ
2927 4875 3028 4929 ραν
3051 4857 3434 4929 Περσίδα,τὴν
3460 4858 3812 4928 καλουμένην

2215 4949 2576 5021 Χωρασὰν¹⁸,
2615 4951 2749 5022 μηνὶ
2774 4950 3027 5023 Μαρτίῳ,
3061 4949 3354 5006 ίνδικτιῶνι
3387 4949 3458 5021 β’.
3505 4952 3625 5007 Καὶ
3654 4949 3813 5006 suae

2217 5041 2346 5109 ξατο
2371 5040 2471 5114 τὴν
2514 5042 2690 5114 ἀρχὴν
2737 5043 3002 5113 Μουαμὲδ
3029 5044 3056 5096 ὁ
3095 5044 3211 5107 υίὸς
3242 5043 3414 5098 αὑτοῦ
3445 5045 3638 5114 ἀφυὴς
3681 5043 3819 5097 κατὰ

2217 5133 2418 5198 πάντα,
2443 5132 2581 5203 πρὸς
2605 5132 2666 5188 ὃν
2698 5133 2960 5197 Ἀϐδελᾶς
2993 5135 3022 5187 6
3043 5133 3275 5202 ἀδελφὸς
3303 5133 3482 5187 αὐτοῦ
3515 5133 3817 5192 στασιάσας

2215 5225 2282 5276 ἐκ
2317 5224 2417 5295 τῆς
2466 5223 2632 5279 αύτοῦ
2659 5224 2846 5297 χώρας
2873 5223 2966 5278 τοῦ
3013 5225 3288 5298 Χωρασὰν
3316 5225 3442 5294 ἅμα
3465 5227 3594 5290 ταῖς
3626 5240 3821 5294 πατριυ

517 5325 833 5384 eruntpens,
862 5315 1041 5372 civilis
1071 5316 1198 5372 belli
1251 5333 1348 5388 per
1399 5317 1679 5374 nationem
1729 5318 1876 5374 illam
1917 5329 2103 5376 auctor

2219 5318 2344 5380 καῖε
2370 5316 2670 5389 δυνάμεσιν
2705 5317 2975 5390 ἐμφυλίου
3008 5318 3249 5398 πολέμου
3305 5315 3389 5388 τῷ
3435 5320 3567 5374 κατ’
3624 5317 3822 5376 αὐτοὺς

520 5402 643 5460 fuit.
701 5403 948 5464 Subinde
992 5407 1086 5479 qui
1139 5406 1380 5480 Syriam,
1423 5407 1717 5479 Egyptum
1770 5420 1825 5464 et
1881 5408 2103 5480 Libyam

2219 5409 2363 5463 tom
2397 5410 2620 5480 γέγονεν
2649 5413 2842 5478 αἴτιος.
2877 5411 3191 5468 Κάντεῦθεν
3224 5413 3272 5466 οἱ
3300 5411 3458 5466 κατὰ
3485 5412 3594 5484 τὴν
3623 5409 3822 5482 Συρίαν

1838 5565 2072 5620 ἾΔΙὶΙᾸΕ
2103 5566 2510 5625 LECTIONES.

591 5729 611 5758 ’⁵
753 5727 844 5778 τὸν
881 5729 942 5780 Α.
975 5727 1062 5803 ϐιὰ
1083 5726 1319 5803 sb‘vulg.
1374 5797 1384 5803 _
1419 5729 1439 5759 ⁹
1470 5727 1700 5803 πλησίον
1749 5727 1941 5803 αὐτῆς]
1974 5732 2390 5803 παρακειμένην
2418 5733 2483 5786 Α.
2585 5734 2628 5803 ξο
2654 5732 2744 5787 τὸν
2768 5735 2893 5790 add.
2953 5752 3014 5791 ex
3085 5738 3149 5789 Α.
3231 5737 3270 5768 ¹¹
3327 5734 3436 5786 τὸν
3489 5736 3738 5790 κίνδυνον
3763 5734 3828 5798 Α,

522 5797 622 5874 τὴν
650 5795 880 5874 δύναμιν
915 5799 1078 5874 vulg;
1154 5799 1291 5874 “_é_x
1313 5797 1497 5874 πάσης
1531 5795 1692 5874 adtl._
1720 5815 1785 5853 ex
1807 5795 1885 5874 AL
1925 5795 1941 5801 ”
1992 5801 2036 5874 ’ἒ
2059 5795 2127 5854 ’ἐν
2171 5795 2440 5874 freti-up].
2470 5872 2477 5874 _
2521 5803 2563 5834 η
2593 5802 2958 5873 λογικώτατον
3010 5809 3075 5860 Α.
3157 5808 3198 5842 ³⁸
3222 5807 3278 5862 δὲ
3324 5805 3506 5859 τοῦτο
3562 5810 3630 5874 Λ,
3653 5807 3709 5860 δέ
3741 5795 3829 5858 καὶ

520 5866 681 5918 τούτο
707 5868 858 5933 vulg.
952 5868 996 5899 "
1021 5866 1128 5936 βίῳ
1148 5867 1273 5921 add.
1309 5883 1374 5921 ex
1408 5869 1470 5919 A.
1552 5870 1593 5900 '7
1625 5868 1734 5923 τῶν
1753 5870 1875 5925 add.
1902 5886 1966 5924 ex
2003 5872 2066 5925 Α.
2149 5871 2190 5903 ¹⁸
2233 5866 2522 5937 Χουοασὰν
2555 5875 2600 5926 A
2629 5890 2656 5930 a
