  <div class='ocr_page' id='page_1' title='image "/cluster/home/n/w/nwhite01/storage/ocr_20150623/108/coo.31924054870120/499.png"; bbox 0 0 4100 6482; ppageno 0'>
   <div class='ocr_carea' id='block_1_1' title="bbox 561 367 662 432">
    <p class='ocr_par' dir='ltr' id='par_1_1' title="bbox 561 367 662 432">
     <span class='ocr_line' id='line_1_1' title="bbox 561 367 662 432; baseline -0.04 0"><span class='ocrx_word' id='word_1_1' title='bbox 561 367 662 432; x_wconf 76' lang='lat'><strong>931</strong></span> 
     </span>
    </p>
   </div>
   <div class='ocr_carea' id='block_1_2' title="bbox 1927 358 3783 438">
    <p class='ocr_par' dir='ltr' id='par_1_2' title="bbox 1927 358 3783 438">
     <span class='ocr_line' id='line_1_2' title="bbox 1927 358 3783 438; baseline 0 -19"><span class='ocrx_word' id='word_1_2' title='bbox 1927 358 2414 419; x_wconf 74' lang='lat' dir='ltr'><strong>THEOPHANIS</strong></span> <span class='ocrx_word' id='word_1_3' title='bbox 3692 374 3783 438; x_wconf 74' lang='lat'><strong>933</strong></span> 
     </span>
    </p>
   </div>
   <div class='ocr_carea' id='block_1_3' title="bbox 561 475 2126 556">
    <p class='ocr_par' dir='ltr' id='par_1_3' title="bbox 561 475 2126 555">
     <span class='ocr_line' id='line_1_3' title="bbox 561 475 2126 555; baseline -0.007 -16"><span class='ocrx_word' id='word_1_4' title='bbox 561 493 758 555; x_wconf 72' lang='lat' dir='ltr'><strong>gerunt</strong></span> <span class='ocrx_word' id='word_1_5' title='bbox 791 484 893 539; x_wconf 87' lang='lat' dir='ltr'><strong>ista</strong></span> <span class='ocrx_word' id='word_1_6' title='bbox 941 482 1142 538; x_wconf 79' lang='lat' dir='ltr'><strong>mensis</strong></span> <span class='ocrx_word' id='word_1_7' title='bbox 1185 479 1313 536; x_wconf 79' lang='lat' dir='ltr'><strong>Julii</strong></span> <span class='ocrx_word' id='word_1_8' title='bbox 1353 479 1440 535; x_wconf 89' lang='lat' dir='ltr'><strong>die</strong></span> <span class='ocrx_word' id='word_1_9' title='bbox 1472 477 1734 534; x_wconf 86' lang='lat' dir='ltr'><strong>vicesimo</strong></span> <span class='ocrx_word' id='word_1_10' title='bbox 1773 476 1966 546; x_wconf 86' lang='lat' dir='ltr'><strong>quinto</strong></span> <span class='ocrx_word' id='word_1_11' title='bbox 2002 475 2126 530; x_wconf 34' lang='lat' dir='ltr'><strong>indit</strong></span> 
     </span>
    </p>
   </div>
   <div class='ocr_carea' id='block_1_4' title="bbox 2228 475 3786 556">
    <p class='ocr_par' dir='ltr' id='par_1_4' title="bbox 2243 476 3786 556">
     <span class='ocr_line' id='line_1_4' title="bbox 2243 476 3786 556; baseline 0.01 -28"><span class='ocrx_word' id='word_1_12' title='bbox 2243 477 2292 529; x_wconf 86' lang='grc' dir='ltr'>οί</span> <span class='ocrx_word' id='word_1_13' title='bbox 2326 477 2425 545; x_wconf 82' lang='grc' dir='ltr'><strong>μὲν</strong></span> <span class='ocrx_word' id='word_1_14' title='bbox 2455 476 2534 548; x_wconf 80' lang='grc' dir='ltr'>τῷ</span> <span class='ocrx_word' id='word_1_15' title='bbox 2559 477 2661 543; x_wconf 77' lang='grc' dir='ltr'>τῆς</span> <span class='ocrx_word' id='word_1_16' title='bbox 2685 477 2880 542; x_wconf 86' lang='grc' dir='ltr'>σούδας</span> <span class='ocrx_word' id='word_1_17' title='bbox 2910 476 3044 549; x_wconf 72' lang='grc' dir='ltr'>πυρὶ</span> <span class='ocrx_word' id='word_1_18' title='bbox 3074 477 3208 549; x_wconf 77' lang='grc'><strong>(49),</strong></span> <span class='ocrx_word' id='word_1_19' title='bbox 3239 479 3288 532; x_wconf 83' lang='lat' dir='ltr'><strong>oi</strong></span> <span class='ocrx_word' id='word_1_20' title='bbox 3313 479 3370 534; x_wconf 68' lang='grc' dir='ltr'>δὲ</span> <span class='ocrx_word' id='word_1_21' title='bbox 3395 480 3502 546; x_wconf 79' lang='grc' dir='ltr'>τοῖς</span> <span class='ocrx_word' id='word_1_22' title='bbox 3526 485 3568 516; x_wconf 74' lang='grc'><strong><em>³⁸</em></strong></span> <span class='ocrx_word' id='word_1_23' title='bbox 3600 484 3786 556; x_wconf 81' lang='grc' dir='ltr'>ξίφεσιν</span> 
     </span>
    </p>
   </div>
   <div class='ocr_carea' id='block_1_5' title="bbox 559 567 2136 646">
    <p class='ocr_par' dir='ltr' id='par_1_5' title="bbox 559 567 2136 646">
     <span class='ocr_line' id='line_1_5' title="bbox 559 567 2136 646; baseline -0.006 -15"><span class='ocrx_word' id='word_1_24' title='bbox 559 577 742 633; x_wconf 78' lang='lat' dir='ltr'><strong>ctione</strong></span> <span class='ocrx_word' id='word_1_25' title='bbox 783 585 999 646; x_wconf 84' lang='lat' dir='ltr'><strong>quarta.</strong></span> <span class='ocrx_word' id='word_1_26' title='bbox 1034 575 1328 629; x_wconf 88' lang='lat' dir='ltr'><strong>Crummus</strong></span> <span class='ocrx_word' id='word_1_27' title='bbox 1362 584 1543 626; x_wconf 90' lang='lat' dir='ltr'><strong>autem</strong></span> <span class='ocrx_word' id='word_1_28' title='bbox 1584 577 1924 639; x_wconf 88' lang='lat' dir='ltr'><strong>amputatum</strong></span> <span class='ocrx_word' id='word_1_29' title='bbox 1974 567 2136 623; x_wconf 86' lang='lat' dir='ltr'><strong>Nice-</strong></span> 
     </span>
    </p>
   </div>
   <div class='ocr_carea' id='block_1_6' title="bbox 560 661 2133 739">
    <p class='ocr_par' dir='ltr' id='par_1_6' title="bbox 560 661 2133 739">
     <span class='ocr_line' id='line_1_6' title="bbox 560 661 2133 739; baseline -0.005 -15"><span class='ocrx_word' id='word_1_30' title='bbox 560 670 719 739; x_wconf 83' lang='lat' dir='ltr'><strong>phori</strong></span> <span class='ocrx_word' id='word_1_31' title='bbox 749 678 935 739; x_wconf 85' lang='lat' dir='ltr'><strong>caput,</strong></span> <span class='ocrx_word' id='word_1_32' title='bbox 972 666 1394 722; x_wconf 78' lang='lat' dir='ltr'><strong>adventantibus</strong></span> <span class='ocrx_word' id='word_1_33' title='bbox 1418 663 1486 718; x_wconf 83' lang='lat' dir='ltr'><strong>ad</strong></span> <span class='ocrx_word' id='word_1_34' title='bbox 1511 679 1570 718; x_wconf 89' lang='lat' dir='ltr'><strong>se</strong></span> <span class='ocrx_word' id='word_1_35' title='bbox 1596 662 1760 718; x_wconf 82' lang='lat' dir='ltr'><strong>variis</strong></span> <span class='ocrx_word' id='word_1_36' title='bbox 1801 661 2133 725; x_wconf 79' lang='lat' dir='ltr'><strong>nationibus,</strong></span> 
     </span>
    </p>
   </div>
   <div class='ocr_carea' id='block_1_7' title="bbox 558 751 2133 829">
    <p class='ocr_par' dir='ltr' id='par_1_7' title="bbox 558 751 2133 829">
     <span class='ocr_line' id='line_1_7' title="bbox 558 751 2133 829; baseline -0.006 -14"><span class='ocrx_word' id='word_1_37' title='bbox 558 761 940 816; x_wconf 83' lang='lat' dir='ltr'><strong>Ostentandum</strong></span> <span class='ocrx_word' id='word_1_38' title='bbox 969 775 1064 829; x_wconf 89' lang='lat' dir='ltr'><strong>per</strong></span> <span class='ocrx_word' id='word_1_39' title='bbox 1096 758 1212 814; x_wconf 89' lang='lat' dir='ltr'><strong>dies</strong></span> <span class='ocrx_word' id='word_1_40' title='bbox 1251 757 1452 811; x_wconf 90' lang='lat' dir='ltr'><strong>multos</strong></span> <span class='ocrx_word' id='word_1_41' title='bbox 1483 755 1536 809; x_wconf 85' lang='lat' dir='ltr'><strong>in</strong></span> <span class='ocrx_word' id='word_1_42' title='bbox 1572 753 1946 807; x_wconf 75' lang='lat' dir='ltr'><strong>Romanorum</strong></span> <span class='ocrx_word' id='word_1_43' title='bbox 1967 751 2133 806; x_wconf 77' lang='lat' dir='ltr'><strong>dede-</strong></span> 
     </span>
    </p>
   </div>
   <div class='ocr_carea' id='block_1_8' title="bbox 558 843 2132 922">
    <p class='ocr_par' dir='ltr' id='par_1_8' title="bbox 558 843 2132 922">
     <span class='ocr_line' id='line_1_8' title="bbox 558 843 2132 922; baseline -0.006 -16"><span class='ocrx_word' id='word_1_44' title='bbox 558 865 657 907; x_wconf 86' lang='lat' dir='ltr'><strong>cus</strong></span> <span class='ocrx_word' id='word_1_45' title='bbox 683 857 743 908; x_wconf 75' lang='lat' dir='ltr'><strong>et</strong></span> <span class='ocrx_word' id='word_1_46' title='bbox 783 852 1113 922; x_wconf 88' lang='lat' dir='ltr'><strong>vituperium</strong></span> <span class='ocrx_word' id='word_1_47' title='bbox 1153 850 1208 903; x_wconf 92' lang='lat' dir='ltr'><strong>in</strong></span> <span class='ocrx_word' id='word_1_48' title='bbox 1239 848 1388 918; x_wconf 79' lang='lat' dir='ltr'><strong>ligno</strong></span> <span class='ocrx_word' id='word_1_49' title='bbox 1432 845 1739 916; x_wconf 86' lang='lat' dir='ltr'><strong>suspendit.</strong></span> <span class='ocrx_word' id='word_1_50' title='bbox 1778 843 2132 899; x_wconf 83' lang='lat' dir='ltr'><strong>Postmodum</strong></span> 
     </span>
    </p>
   </div>
   <div class='ocr_carea' id='block_1_9' title="bbox 502 937 2136 1012">
    <p class='ocr_par' dir='ltr' id='par_1_9' title="bbox 502 937 2136 1012">
     <span class='ocr_line' id='line_1_9' title="bbox 502 937 2136 1012; baseline -0.004 -15"><span class='ocrx_word' id='word_1_51' title='bbox 502 959 689 999; x_wconf 80' lang='lat' dir='ltr'><strong>.vero</strong></span> <span class='ocrx_word' id='word_1_52' title='bbox 751 943 880 999; x_wconf 76' lang='lat' dir='ltr'><strong>illud</strong></span> <span class='ocrx_word' id='word_1_53' title='bbox 941 942 1238 1012; x_wconf 91' lang='lat' dir='ltr'><strong>suspendio</strong></span> <span class='ocrx_word' id='word_1_54' title='bbox 1299 941 1599 1003; x_wconf 84' lang='lat' dir='ltr'><strong>revulsum,</strong></span> <span class='ocrx_word' id='word_1_55' title='bbox 1641 938 1902 994; x_wconf 87' lang='lat' dir='ltr'><strong>carnibus</strong></span> <span class='ocrx_word' id='word_1_56' title='bbox 1960 937 2136 991; x_wconf 90' lang='lat' dir='ltr'><strong>nuda-</strong></span> 
     </span>
    </p>
   </div>
   <div class='ocr_carea' id='block_1_10' title="bbox 557 1025 2132 1101">
    <p class='ocr_par' dir='ltr' id='par_1_10' title="bbox 557 1025 2132 1101">
     <span class='ocr_line' id='line_1_10' title="bbox 557 1025 2132 1101; baseline -0.006 -15"><span class='ocrx_word' id='word_1_57' title='bbox 557 1041 695 1095; x_wconf 90' lang='lat' dir='ltr'><strong>tum,</strong></span> <span class='ocrx_word' id='word_1_58' title='bbox 737 1041 794 1088; x_wconf 83' lang='lat' dir='ltr'><strong>et</strong></span> <span class='ocrx_word' id='word_1_59' title='bbox 848 1041 1076 1101; x_wconf 78' lang='lat' dir='ltr'><strong>argento</strong></span> <span class='ocrx_word' id='word_1_60' title='bbox 1122 1039 1345 1097; x_wconf 89' lang='lat' dir='ltr'><strong>tectum,</strong></span> <span class='ocrx_word' id='word_1_61' title='bbox 1398 1027 1795 1098; x_wconf 84' lang='lat' dir='ltr'><strong>compotaturis</strong></span> <span class='ocrx_word' id='word_1_62' title='bbox 1845 1025 2132 1080; x_wconf 88' lang='lat' dir='ltr'><strong>Selavino-</strong></span> 
     </span>
    </p>
   </div>
   <div class='ocr_carea' id='block_1_11' title="bbox 555 1115 2133 1193">
    <p class='ocr_par' dir='ltr' id='par_1_11' title="bbox 555 1115 2133 1193">
     <span class='ocr_line' id='line_1_11' title="bbox 555 1115 2133 1193; baseline -0.004 -18"><span class='ocrx_word' id='word_1_63' title='bbox 555 1136 675 1176; x_wconf 89' lang='lat' dir='ltr'><strong>rum</strong></span> <span class='ocrx_word' id='word_1_64' title='bbox 717 1121 1058 1193; x_wconf 82' lang='lat' dir='ltr'><strong>principibus</strong></span> <span class='ocrx_word' id='word_1_65' title='bbox 1104 1122 1161 1175; x_wconf 93' lang='lat' dir='ltr'><strong>in</strong></span> <span class='ocrx_word' id='word_1_66' title='bbox 1212 1120 1470 1190; x_wconf 87' lang='lat' dir='ltr'><strong>poculum</strong></span> <span class='ocrx_word' id='word_1_67' title='bbox 1516 1116 1913 1188; x_wconf 74' lang='lat' dir='ltr'><strong>gloriabundus</strong></span> <span class='ocrx_word' id='word_1_68' title='bbox 1965 1115 2133 1170; x_wconf 77' lang='lat' dir='ltr'><strong>effor-</strong></span> 
     </span>
    </p>
   </div>
   <div class='ocr_carea' id='block_1_12' title="bbox 554 1207 2133 1282">
    <p class='ocr_par' dir='ltr' id='par_1_12' title="bbox 554 1207 2133 1282">
     <span class='ocr_line' id='line_1_12' title="bbox 554 1207 2133 1282; baseline -0.003 -16"><span class='ocrx_word' id='word_1_69' title='bbox 554 1213 743 1270; x_wconf 78' lang='lat' dir='ltr'><strong>mavit.</strong></span> <span class='ocrx_word' id='word_1_70' title='bbox 772 1214 1080 1269; x_wconf 82' lang='lat' dir='ltr'><strong>lnnmneris</strong></span> <span class='ocrx_word' id='word_1_71' title='bbox 1101 1213 1282 1268; x_wconf 83' lang='lat' dir='ltr'><strong>viduis</strong></span> <span class='ocrx_word' id='word_1_72' title='bbox 1310 1221 1364 1266; x_wconf 88' lang='lat' dir='ltr'><strong>et</strong></span> <span class='ocrx_word' id='word_1_73' title='bbox 1383 1210 1648 1282; x_wconf 89' lang='lat' dir='ltr'><strong>orphanis</strong></span> <span class='ocrx_word' id='word_1_74' title='bbox 1682 1224 1793 1264; x_wconf 88' lang='lat' dir='ltr'><strong>uno</strong></span> <span class='ocrx_word' id='word_1_75' title='bbox 1818 1208 1907 1263; x_wconf 91' lang='lat' dir='ltr'><strong>die</strong></span> <span class='ocrx_word' id='word_1_76' title='bbox 1953 1207 2133 1270; x_wconf 87' lang='lat' dir='ltr'><strong>factis,</strong></span> 
     </span>
    </p>
   </div>
   <div class='ocr_carea' id='block_1_13' title="bbox 553 1299 2131 1374">
    <p class='ocr_par' dir='ltr' id='par_1_13' title="bbox 553 1299 2131 1374">
     <span class='ocr_line' id='line_1_13' title="bbox 553 1299 2131 1374; baseline -0.003 -16"><span class='ocrx_word' id='word_1_77' title='bbox 553 1305 837 1374; x_wconf 77' lang='lat' dir='ltr'><strong>luctuiqne</strong></span> <span class='ocrx_word' id='word_1_78' title='bbox 891 1305 1220 1360; x_wconf 88' lang='lat' dir='ltr'><strong>intolerabili</strong></span> <span class='ocrx_word' id='word_1_79' title='bbox 1278 1312 1448 1358; x_wconf 88' lang='lat' dir='ltr'><strong>totum</strong></span> <span class='ocrx_word' id='word_1_80' title='bbox 1519 1302 1808 1372; x_wconf 88' lang='lat' dir='ltr'><strong>imperium</strong></span> <span class='ocrx_word' id='word_1_81' title='bbox 1845 1299 2131 1364; x_wconf 85' lang='lat' dir='ltr'><strong>obtinenti,</strong></span> 
     </span>
    </p>
   </div>
   <div class='ocr_carea' id='block_1_14' title="bbox 555 1392 2135 1467">
    <p class='ocr_par' dir='ltr' id='par_1_14' title="bbox 555 1392 2135 1467">
     <span class='ocr_line' id='line_1_14' title="bbox 555 1392 2135 1467; baseline -0.001 -16"><span class='ocrx_word' id='word_1_82' title='bbox 555 1397 672 1452; x_wconf 86' lang='lat' dir='ltr'><strong>sola</strong></span> <span class='ocrx_word' id='word_1_83' title='bbox 695 1397 817 1467; x_wconf 89' lang='lat' dir='ltr'><strong>ejus</strong></span> <span class='ocrx_word' id='word_1_84' title='bbox 843 1412 990 1453; x_wconf 89' lang='lat' dir='ltr'><strong>mors</strong></span> <span class='ocrx_word' id='word_1_85' title='bbox 1015 1397 1238 1451; x_wconf 61' lang='lat' dir='ltr'><strong>medelas</strong></span> <span class='ocrx_word' id='word_1_86' title='bbox 1280 1396 1483 1466; x_wconf 84' lang='lat' dir='ltr'><strong>pariter</strong></span> <span class='ocrx_word' id='word_1_87' title='bbox 1504 1403 1559 1449; x_wconf 87' lang='lat' dir='ltr'><strong>et</strong></span> <span class='ocrx_word' id='word_1_88' title='bbox 1586 1394 1782 1450; x_wconf 82' lang='lat' dir='ltr'><strong>solatio</strong></span> <span class='ocrx_word' id='word_1_89' title='bbox 1807 1392 1929 1448; x_wconf 87' lang='lat' dir='ltr'><strong>fuit.</strong></span> <span class='ocrx_word' id='word_1_90' title='bbox 1959 1392 2135 1449; x_wconf 83' lang='lat' dir='ltr'><strong>Caedis</strong></span> 
     </span>
    </p>
   </div>
   <div class='ocr_carea' id='block_1_15' title="bbox 563 1484 2134 1558">
    <p class='ocr_par' dir='ltr' id='par_1_15' title="bbox 563 1484 2134 1558">
     <span class='ocr_line' id='line_1_15' title="bbox 563 1484 2134 1558; baseline -0.002 -15"><span class='ocrx_word' id='word_1_91' title='bbox 563 1488 686 1558; x_wconf 87' lang='lat' dir='ltr'><strong>ejus</strong></span> <span class='ocrx_word' id='word_1_92' title='bbox 712 1488 936 1543; x_wconf 85' lang='lat' dir='ltr'><strong>modum</strong></span> <span class='ocrx_word' id='word_1_93' title='bbox 983 1487 1167 1542; x_wconf 91' lang='lat' dir='ltr'><strong>nullus</strong></span> <span class='ocrx_word' id='word_1_94' title='bbox 1196 1486 1340 1556; x_wconf 83' lang='lat' dir='ltr'><strong>quie</strong></span> <span class='ocrx_word' id='word_1_95' title='bbox 1379 1485 1564 1556; x_wconf 77' lang='lat' dir='ltr'><strong>prtelio</strong></span> <span class='ocrx_word' id='word_1_96' title='bbox 1615 1486 1790 1540; x_wconf 78' lang='lat' dir='ltr'><strong>evasit</strong></span> <span class='ocrx_word' id='word_1_97' title='bbox 1841 1484 2134 1540; x_wconf 86' lang='lat' dir='ltr'><strong>incolumis</strong></span> 
     </span>
    </p>
   </div>
   <div class='ocr_carea' id='block_1_16' title="bbox 557 1575 2134 1650">
    <p class='ocr_par' dir='ltr' id='par_1_16' title="bbox 557 1575 2134 1650">
     <span class='ocr_line' id='line_1_16' title="bbox 557 1575 2134 1650; baseline -0.003 -16"><span class='ocrx_word' id='word_1_98' title='bbox 557 1594 819 1634; x_wconf 82' lang='lat' dir='ltr'><strong>enarrare</strong></span> <span class='ocrx_word' id='word_1_99' title='bbox 855 1580 1056 1650; x_wconf 86' lang='lat' dir='ltr'><strong>potuit.</strong></span> <span class='ocrx_word' id='word_1_100' title='bbox 1086 1577 1317 1645; x_wconf 86' lang='lat' dir='ltr'><strong>Quidam</strong></span> <span class='ocrx_word' id='word_1_101' title='bbox 1357 1578 1555 1633; x_wconf 89' lang='lat' dir='ltr'><strong>etenim</strong></span> <span class='ocrx_word' id='word_1_102' title='bbox 1588 1577 1868 1633; x_wconf 79' lang='lat' dir='ltr'><strong>cadentem</strong></span> <span class='ocrx_word' id='word_1_103' title='bbox 1911 1591 1945 1631; x_wconf 86' lang='lat' dir='ltr'><strong>a</strong></span> <span class='ocrx_word' id='word_1_104' title='bbox 1975 1575 2134 1631; x_wconf 86' lang='lat' dir='ltr'><strong>Chri-</strong></span> 
     </span>
    </p>
   </div>
   <div class='ocr_carea' id='block_1_17' title="bbox 556 1667 2132 1742">
    <p class='ocr_par' dir='ltr' id='par_1_17' title="bbox 556 1667 2132 1742">
     <span class='ocr_line' id='line_1_17' title="bbox 556 1667 2132 1742; baseline -0.002 -16"><span class='ocrx_word' id='word_1_105' title='bbox 556 1671 751 1727; x_wconf 85' lang='lat' dir='ltr'><strong>stianis</strong></span> <span class='ocrx_word' id='word_1_106' title='bbox 803 1683 1083 1742; x_wconf 81' lang='lat' dir='ltr'><strong>petrarum</strong></span> <span class='ocrx_word' id='word_1_107' title='bbox 1117 1670 1339 1726; x_wconf 91' lang='lat' dir='ltr'><strong>cumulo</strong></span> <span class='ocrx_word' id='word_1_108' title='bbox 1371 1670 1632 1726; x_wconf 86' lang='lat' dir='ltr'><strong>obrutum</strong></span> <span class='ocrx_word' id='word_1_109' title='bbox 1680 1668 1946 1724; x_wconf 87' lang='lat' dir='ltr'><strong>referunt.</strong></span> <span class='ocrx_word' id='word_1_110' title='bbox 1986 1667 2132 1723; x_wconf 82' lang='lat' dir='ltr'><strong>Elle-</strong></span> 
     </span>
    </p>
   </div>
   <div class='ocr_carea' id='block_1_18' title="bbox 554 1762 2132 1835">
    <p class='ocr_par' dir='ltr' id='par_1_18' title="bbox 554 1762 2132 1835">
     <span class='ocr_line' id='line_1_18' title="bbox 554 1762 2132 1835; baseline -0.001 -17"><span class='ocrx_word' id='word_1_111' title='bbox 554 1763 750 1819; x_wconf 86' lang='lat' dir='ltr'><strong>minati</strong></span> <span class='ocrx_word' id='word_1_112' title='bbox 805 1773 986 1819; x_wconf 88' lang='lat' dir='ltr'><strong>autem</strong></span> <span class='ocrx_word' id='word_1_113' title='bbox 1029 1765 1147 1835; x_wconf 84' lang='lat' dir='ltr'><strong>ejus</strong></span> <span class='ocrx_word' id='word_1_114' title='bbox 1207 1763 1442 1818; x_wconf 90' lang='lat' dir='ltr'><strong>ministri</strong></span> <span class='ocrx_word' id='word_1_115' title='bbox 1489 1763 1705 1829; x_wconf 85' lang='lat' dir='ltr'><strong>evirati,</strong></span> <span class='ocrx_word' id='word_1_116' title='bbox 1748 1777 1873 1816; x_wconf 90' lang='lat' dir='ltr'><strong>cum</strong></span> <span class='ocrx_word' id='word_1_117' title='bbox 1933 1762 2132 1831; x_wconf 87' lang='lat' dir='ltr'><strong>quibus</strong></span> 
     </span>
    </p>
   </div>
   <div class='ocr_carea' id='block_1_19' title="bbox 553 1857 2130 1930">
    <p class='ocr_par' dir='ltr' id='par_1_19' title="bbox 553 1857 2130 1930">
     <span class='ocr_line' id='line_1_19' title="bbox 553 1857 2130 1930; baseline -0.001 -18"><span class='ocrx_word' id='word_1_118' title='bbox 553 1858 673 1928; x_wconf 88' lang='lat' dir='ltr'><strong>ipse</strong></span> <span class='ocrx_word' id='word_1_119' title='bbox 706 1858 1125 1926; x_wconf 90' lang='lat' dir='ltr'><strong>concumbebat,</strong></span> <span class='ocrx_word' id='word_1_120' title='bbox 1163 1859 1360 1930; x_wconf 87' lang='lat' dir='ltr'><strong>partim</strong></span> <span class='ocrx_word' id='word_1_121' title='bbox 1395 1857 1520 1913; x_wconf 84' lang='lat' dir='ltr'><strong>valli</strong></span> <span class='ocrx_word' id='word_1_122' title='bbox 1564 1857 1815 1913; x_wconf 88' lang='lat' dir='ltr'><strong>incendio</strong></span> <span class='ocrx_word' id='word_1_123' title='bbox 1866 1871 2130 1912; x_wconf 90' lang='lat' dir='ltr'><strong>consum-</strong></span> 
     </span>
    </p>
   </div>
   <div class='ocr_carea' id='block_1_20' title="bbox 551 1949 2127 2021">
    <p class='ocr_par' dir='ltr' id='par_1_20' title="bbox 551 1949 2127 2021">
     <span class='ocr_line' id='line_1_20' title="bbox 551 1949 2127 2021; baseline -0.001 -17"><span class='ocrx_word' id='word_1_124' title='bbox 551 1951 653 2019; x_wconf 89' lang='lat' dir='ltr'><strong>pti,</strong></span> <span class='ocrx_word' id='word_1_125' title='bbox 684 1951 882 2020; x_wconf 84' lang='lat' dir='ltr'><strong>partim</strong></span> <span class='ocrx_word' id='word_1_126' title='bbox 915 1965 1044 2006; x_wconf 84' lang='lat' dir='ltr'><strong>ense</strong></span> <span class='ocrx_word' id='word_1_127' title='bbox 1068 1951 1324 2021; x_wconf 83' lang='lat' dir='ltr'><strong>jugulati,</strong></span> <span class='ocrx_word' id='word_1_128' title='bbox 1356 1966 1465 2005; x_wconf 89' lang='lat' dir='ltr'><strong>una</strong></span> <span class='ocrx_word' id='word_1_129' title='bbox 1501 1965 1626 2006; x_wconf 88' lang='lat' dir='ltr'><strong>cum</strong></span> <span class='ocrx_word' id='word_1_130' title='bbox 1664 1965 1731 2006; x_wconf 88' lang='lat' dir='ltr'><strong>eo</strong></span> <span class='ocrx_word' id='word_1_131' title='bbox 1783 1949 2127 2006; x_wconf 87' lang='lat' dir='ltr'><strong>interierunt.</strong></span> 
     </span>
    </p>
   </div>
   <div class='ocr_carea' id='block_1_21' title="bbox 491 2041 2131 2114">
    <p class='ocr_par' dir='ltr' id='par_1_21' title="bbox 491 2041 2131 2114">
     <span class='ocr_line' id='line_1_21' title="bbox 491 2041 2131 2114; baseline 0.001 -18"><span class='ocrx_word' id='word_1_132' title='bbox 491 2069 494 2074; x_wconf 89' lang='lat'><strong>-</strong></span> <span class='ocrx_word' id='word_1_133' title='bbox 556 2041 775 2098; x_wconf 79' lang='lat' dir='ltr'><strong>Nullum</strong></span> <span class='ocrx_word' id='word_1_134' title='bbox 802 2049 950 2099; x_wconf 90' lang='lat' dir='ltr'><strong>certe</strong></span> <span class='ocrx_word' id='word_1_135' title='bbox 971 2053 1187 2114; x_wconf 83' lang='lat' dir='ltr'><strong>tempus</strong></span> <span class='ocrx_word' id='word_1_136' title='bbox 1234 2043 1563 2098; x_wconf 87' lang='lat' dir='ltr'><strong>Christianis</strong></span> <span class='ocrx_word' id='word_1_137' title='bbox 1589 2041 1962 2098; x_wconf 79' lang='lat' dir='ltr'><strong>calamitosius</strong></span> <span class='ocrx_word' id='word_1_138' title='bbox 2025 2043 2131 2097; x_wconf 84' lang='lat' dir='ltr'><strong>hoc</strong></span> 
     </span>
    </p>
   </div>
   <div class='ocr_carea' id='block_1_22' title="bbox 549 2131 2128 2205">
    <p class='ocr_par' dir='ltr' id='par_1_22' title="bbox 549 2131 2128 2205">
     <span class='ocr_line' id='line_1_22' title="bbox 549 2131 2128 2205; baseline 0.001 -18"><span class='ocrx_word' id='word_1_139' title='bbox 549 2131 845 2204; x_wconf 82' lang='lat' dir='ltr'><strong>Nicephori</strong></span> <span class='ocrx_word' id='word_1_140' title='bbox 895 2135 1123 2205; x_wconf 89' lang='lat' dir='ltr'><strong>imperio</strong></span> <span class='ocrx_word' id='word_1_141' title='bbox 1164 2134 1395 2200; x_wconf 73' lang='lat' dir='ltr'><strong>exstitit,</strong></span> <span class='ocrx_word' id='word_1_142' title='bbox 1427 2134 1562 2189; x_wconf 88' lang='lat' dir='ltr'><strong>adeo</strong></span> <span class='ocrx_word' id='word_1_143' title='bbox 1595 2142 1656 2189; x_wconf 90' lang='lat' dir='ltr'><strong>ut</strong></span> <span class='ocrx_word' id='word_1_144' title='bbox 1717 2133 2128 2190; x_wconf 88' lang='lat' dir='ltr'><strong>crudelissimos</strong></span> 
     </span>
    </p>
   </div>
   <div class='ocr_carea' id='block_1_23' title="bbox 548 2224 2128 2297">
    <p class='ocr_par' dir='ltr' id='par_1_23' title="bbox 548 2224 2128 2297">
     <span class='ocr_line' id='line_1_23' title="bbox 548 2224 2128 2297; baseline -0.001 -16"><span class='ocrx_word' id='word_1_145' title='bbox 548 2241 800 2297; x_wconf 89' lang='lat' dir='ltr'><strong>quosque</strong></span> <span class='ocrx_word' id='word_1_146' title='bbox 829 2235 1205 2283; x_wconf 83' lang='lat' dir='ltr'><strong>antecessores</strong></span> <span class='ocrx_word' id='word_1_147' title='bbox 1229 2241 1360 2281; x_wconf 89' lang='lat' dir='ltr'><strong>suos</strong></span> <span class='ocrx_word' id='word_1_148' title='bbox 1389 2225 1637 2290; x_wconf 84' lang='lat' dir='ltr'><strong>avaritia,</strong></span> <span class='ocrx_word' id='word_1_149' title='bbox 1668 2225 1897 2280; x_wconf 88' lang='lat' dir='ltr'><strong>libidine</strong></span> <span class='ocrx_word' id='word_1_150' title='bbox 1920 2234 1977 2279; x_wconf 92' lang='lat' dir='ltr'><strong>et</strong></span> <span class='ocrx_word' id='word_1_151' title='bbox 1999 2224 2128 2279; x_wconf 86' lang='lat' dir='ltr'><strong>bar-</strong></span> 
     </span>
    </p>
   </div>
   <div class='ocr_carea' id='block_1_24' title="bbox 548 2315 2128 2387">
    <p class='ocr_par' dir='ltr' id='par_1_24' title="bbox 548 2315 2128 2387">
     <span class='ocr_line' id='line_1_24' title="bbox 548 2315 2128 2387; baseline 0 -16"><span class='ocrx_word' id='word_1_152' title='bbox 548 2317 735 2372; x_wconf 85' lang='lat' dir='ltr'><strong>barica</strong></span> <span class='ocrx_word' id='word_1_153' title='bbox 785 2333 1010 2387; x_wconf 84' lang='lat' dir='ltr'><strong>prorsus</strong></span> <span class='ocrx_word' id='word_1_154' title='bbox 1061 2318 1269 2374; x_wconf 65' lang='lat' dir='ltr'><strong>saavitia</strong></span> <span class='ocrx_word' id='word_1_155' title='bbox 1315 2317 1606 2387; x_wconf 85' lang='lat' dir='ltr'><strong>superarit,</strong></span> <span class='ocrx_word' id='word_1_156' title='bbox 1650 2331 1883 2386; x_wconf 87' lang='lat' dir='ltr'><strong>quorum</strong></span> <span class='ocrx_word' id='word_1_157' title='bbox 1915 2315 2128 2385; x_wconf 77' lang='lat' dir='ltr'><strong>singula</strong></span> 
     </span>
    </p>
   </div>
   <div class='ocr_carea' id='block_1_25' title="bbox 547 2407 2123 2479">
    <p class='ocr_par' dir='ltr' id='par_1_25' title="bbox 547 2407 2123 2479">
     <span class='ocr_line' id='line_1_25' title="bbox 547 2407 2123 2479; baseline -0.001 -15"><span class='ocrx_word' id='word_1_158' title='bbox 547 2416 905 2464; x_wconf 87' lang='lat' dir='ltr'><strong>enarraturus</strong></span> <span class='ocrx_word' id='word_1_159' title='bbox 954 2409 998 2465; x_wconf 92' lang='lat' dir='ltr'><strong>si</strong></span> <span class='ocrx_word' id='word_1_160' title='bbox 1037 2410 1420 2479; x_wconf 85' lang='lat' dir='ltr'><strong>percurrerim,</strong></span> <span class='ocrx_word' id='word_1_161' title='bbox 1465 2408 1704 2479; x_wconf 85' lang='lat' dir='ltr'><strong>posteris</strong></span> <span class='ocrx_word' id='word_1_162' title='bbox 1762 2407 2123 2471; x_wconf 87' lang='lat' dir='ltr'><strong>incredibilis,</strong></span> 
     </span>
    </p>
   </div>
   <div class='ocr_carea' id='block_1_26' title="bbox 550 2499 2125 2570">
    <p class='ocr_par' dir='ltr' id='par_1_26' title="bbox 550 2499 2125 2570">
     <span class='ocr_line' id='line_1_26' title="bbox 550 2499 2125 2570; baseline 0.001 -17"><span class='ocrx_word' id='word_1_163' title='bbox 550 2499 710 2555; x_wconf 88' lang='lat' dir='ltr'><strong>nobis</strong></span> <span class='ocrx_word' id='word_1_164' title='bbox 736 2509 917 2556; x_wconf 79' lang='lat' dir='ltr'><strong>autem</strong></span> <span class='ocrx_word' id='word_1_165' title='bbox 942 2516 1176 2556; x_wconf 83' lang='lat' dir='ltr'><strong>onerosa</strong></span> <span class='ocrx_word' id='word_1_166' title='bbox 1227 2503 1599 2570; x_wconf 86' lang='lat' dir='ltr'><strong>susciperetur</strong></span> <span class='ocrx_word' id='word_1_167' title='bbox 1635 2501 1900 2568; x_wconf 85' lang='lat' dir='ltr'><strong>historia;</strong></span> <span class='ocrx_word' id='word_1_168' title='bbox 1936 2515 2125 2556; x_wconf 89' lang='lat' dir='ltr'><strong>verum</strong></span> 
     </span>
    </p>
   </div>
   <div class='ocr_carea' id='block_1_27' title="bbox 545 2592 2128 2664">
    <p class='ocr_par' dir='ltr' id='par_1_27' title="bbox 545 2592 2128 2664">
     <span class='ocr_line' id='line_1_27' title="bbox 545 2592 2128 2664; baseline 0.002 -18"><span class='ocrx_word' id='word_1_169' title='bbox 545 2609 614 2646; x_wconf 80' lang='lat' dir='ltr'><strong>ex</strong></span> <span class='ocrx_word' id='word_1_170' title='bbox 654 2592 875 2648; x_wconf 85' lang='lat' dir='ltr'><strong>fimbria</strong></span> <span class='ocrx_word' id='word_1_171' title='bbox 906 2603 956 2649; x_wconf 89' lang='lat' dir='ltr'><strong>et</strong></span> <span class='ocrx_word' id='word_1_172' title='bbox 989 2593 1158 2649; x_wconf 91' lang='lat' dir='ltr'><strong>limbo</strong></span> <span class='ocrx_word' id='word_1_173' title='bbox 1205 2593 1372 2664; x_wconf 86' lang='lat' dir='ltr'><strong>panni</strong></span> <span class='ocrx_word' id='word_1_174' title='bbox 1409 2601 1698 2649; x_wconf 83' lang='lat' dir='ltr'><strong>contextus</strong></span> <span class='ocrx_word' id='word_1_175' title='bbox 1731 2601 1879 2650; x_wconf 86' lang='lat' dir='ltr'><strong>totus</strong></span> <span class='ocrx_word' id='word_1_176' title='bbox 1933 2593 2128 2664; x_wconf 77' lang='lat' dir='ltr'><strong>digno-</strong></span> 
     </span>
    </p>
   </div>
   <div class='ocr_carea' id='block_1_28' title="bbox 544 2682 2126 2756">
    <p class='ocr_par' dir='ltr' id='par_1_28' title="bbox 544 2682 2126 2756">
     <span class='ocr_line' id='line_1_28' title="bbox 544 2682 2126 2756; baseline -0.001 -16"><span class='ocrx_word' id='word_1_177' title='bbox 544 2684 739 2752; x_wconf 80' lang='lat' dir='ltr'><strong>scitur,</strong></span> <span class='ocrx_word' id='word_1_178' title='bbox 769 2686 913 2755; x_wconf 86' lang='lat' dir='ltr'><strong>quod</strong></span> <span class='ocrx_word' id='word_1_179' title='bbox 947 2687 1169 2756; x_wconf 81' lang='lat' dir='ltr'><strong>vulgare</strong></span> <span class='ocrx_word' id='word_1_180' title='bbox 1205 2684 1308 2738; x_wconf 88' lang='lat' dir='ltr'><strong>fert</strong></span> <span class='ocrx_word' id='word_1_181' title='bbox 1347 2682 1715 2754; x_wconf 85' lang='lat' dir='ltr'><strong>proverbium.</strong></span> <span class='ocrx_word' id='word_1_182' title='bbox 1745 2683 1830 2740; x_wconf 81' lang='lat' dir='ltr'><strong>Ad</strong></span> <span class='ocrx_word' id='word_1_183' title='bbox 1885 2685 2126 2756; x_wconf 77' lang='lat' dir='ltr'><strong>spondy-</strong></span> 
     </span>
    </p>
   </div>
   <div class='ocr_carea' id='block_1_29' title="bbox 547 2774 2128 2844">
    <p class='ocr_par' dir='ltr' id='par_1_29' title="bbox 547 2774 2128 2844">
     <span class='ocr_line' id='line_1_29' title="bbox 547 2774 2128 2844; baseline 0.001 -16"><span class='ocrx_word' id='word_1_184' title='bbox 547 2774 724 2830; x_wconf 89' lang='lat' dir='ltr'><strong>lorum</strong></span> <span class='ocrx_word' id='word_1_185' title='bbox 754 2787 934 2829; x_wconf 79' lang='lat' dir='ltr'><strong>autem</strong></span> <span class='ocrx_word' id='word_1_186' title='bbox 967 2777 1212 2829; x_wconf 80' lang='lat' dir='ltr'><strong>dextram</strong></span> <span class='ocrx_word' id='word_1_187' title='bbox 1239 2783 1443 2844; x_wconf 85' lang='lat' dir='ltr'><strong>partem</strong></span> <span class='ocrx_word' id='word_1_188' title='bbox 1474 2775 1632 2831; x_wconf 85' lang='lat' dir='ltr'><strong>letale</strong></span> <span class='ocrx_word' id='word_1_189' title='bbox 1661 2776 1861 2831; x_wconf 78' lang='lat' dir='ltr'><strong>vulnus</strong></span> <span class='ocrx_word' id='word_1_190' title='bbox 1917 2777 2128 2844; x_wconf 81' lang='lat' dir='ltr'><strong>accepit</strong></span> 
     </span>
    </p>
   </div>
   <div class='ocr_carea' id='block_1_30' title="bbox 548 2864 2122 2937">
    <p class='ocr_par' dir='ltr' id='par_1_30' title="bbox 548 2864 2122 2937">
     <span class='ocr_line' id='line_1_30' title="bbox 548 2864 2122 2937; baseline 0.002 -18"><span class='ocrx_word' id='word_1_191' title='bbox 548 2866 695 2920; x_wconf 80' lang='lat' dir='ltr'><strong>filius</strong></span> <span class='ocrx_word' id='word_1_192' title='bbox 713 2864 1007 2933; x_wconf 84' lang='lat' dir='ltr'><strong>Nicephori</strong></span> <span class='ocrx_word' id='word_1_193' title='bbox 1042 2865 1392 2933; x_wconf 87' lang='lat' dir='ltr'><strong>Stauracius,</strong></span> <span class='ocrx_word' id='word_1_194' title='bbox 1428 2869 1632 2937; x_wconf 77' lang='lat' dir='ltr'><strong>vixque</strong></span> <span class='ocrx_word' id='word_1_195' title='bbox 1661 2868 1818 2923; x_wconf 80' lang='lat' dir='ltr'><strong>vivus</strong></span> <span class='ocrx_word' id='word_1_196' title='bbox 1865 2867 2122 2924; x_wconf 83' lang='lat' dir='ltr'><strong>conﬂictu</strong></span> 
     </span>
    </p>
   </div>
   <div class='ocr_carea' id='block_1_31' title="bbox 544 2956 2124 3032">
    <p class='ocr_par' dir='ltr' id='par_1_31' title="bbox 544 2956 2124 3032">
     <span class='ocr_line' id='line_1_31' title="bbox 544 2956 2124 3032; baseline 0.003 -21"><span class='ocrx_word' id='word_1_197' title='bbox 544 2964 766 3032; x_wconf 76' lang='lat' dir='ltr'><strong>ereptus</strong></span> <span class='ocrx_word' id='word_1_198' title='bbox 811 2956 983 3027; x_wconf 64' lang='lat' dir='ltr'><strong>plaga!</strong></span> <span class='ocrx_word' id='word_1_199' title='bbox 1057 2957 1340 3014; x_wconf 89' lang='lat' dir='ltr'><strong>doloribus</strong></span> <span class='ocrx_word' id='word_1_200' title='bbox 1394 2959 1746 3016; x_wconf 81' lang='lat' dir='ltr'><strong>vehementer</strong></span> <span class='ocrx_word' id='word_1_201' title='bbox 1817 2961 2124 3031; x_wconf 73' lang='lat' dir='ltr'><strong>exagitatus</strong></span> 
     </span>
    </p>
   </div>
   <div class='ocr_carea' id='block_1_32' title="bbox 541 3047 2124 3122">
    <p class='ocr_par' dir='ltr' id='par_1_32' title="bbox 541 3047 2124 3122">
     <span class='ocr_line' id='line_1_32' title="bbox 541 3047 2124 3122; baseline 0.003 -19"><span class='ocrx_word' id='word_1_202' title='bbox 541 3047 954 3118; x_wconf 80' lang='lat' dir='ltr'><strong>Adrianopolim</strong></span> <span class='ocrx_word' id='word_1_203' title='bbox 991 3050 1257 3118; x_wconf 79' lang='lat' dir='ltr'><strong>pervenit.</strong></span> <span class='ocrx_word' id='word_1_204' title='bbox 1289 3051 1462 3106; x_wconf 85' lang='lat' dir='ltr'><strong>Porto</strong></span> <span class='ocrx_word' id='word_1_205' title='bbox 1491 3049 1804 3119; x_wconf 85' lang='lat' dir='ltr'><strong>Stephanus</strong></span> <span class='ocrx_word' id='word_1_206' title='bbox 1861 3053 2124 3122; x_wconf 80' lang='lat' dir='ltr'><strong>patricius</strong></span> 
     </span>
    </p>
   </div>
   <div class='ocr_carea' id='block_1_33' title="bbox 2237 567 3785 649">
    <p class='ocr_par' dir='ltr' id='par_1_33' title="bbox 2237 567 3785 649">
     <span class='ocr_line' id='line_1_33' title="bbox 2237 567 3785 649; baseline 0.012 -29"><span class='ocrx_word' id='word_1_207' title='bbox 2237 567 2441 622; x_wconf 80' lang='grc' dir='ltr'>ὤλοντο</span> <span class='ocrx_word' id='word_1_208' title='bbox 2496 570 2594 623; x_wconf 78' lang='grc' dir='ltr'><strong>σὺν</strong></span> <span class='ocrx_word' id='word_1_209' title='bbox 2646 569 2814 641; x_wconf 74' lang='grc' dir='ltr'>αὐτῷ.</span> <span class='ocrx_word' id='word_1_210' title='bbox 2874 571 3078 624; x_wconf 81' lang='grc' dir='ltr'><strong>Τούτου</strong></span> <span class='ocrx_word' id='word_1_211' title='bbox 3128 572 3230 642; x_wconf 86' lang='grc' dir='ltr'>τῆς</span> <span class='ocrx_word' id='word_1_212' title='bbox 3277 574 3450 645; x_wconf 82' lang='grc' dir='ltr'>ἀρχῆς</span> <span class='ocrx_word' id='word_1_213' title='bbox 3499 577 3785 649; x_wconf 77' lang='grc' dir='ltr'><strong>Χριστιανοὶ</strong></span> 
     </span>
    </p>
   </div>
   <div class='ocr_carea' id='block_1_34' title="bbox 2241 661 3786 742">
    <p class='ocr_par' dir='ltr' id='par_1_34' title="bbox 2241 661 3786 742">
     <span class='ocr_line' id='line_1_34' title="bbox 2241 661 3786 742; baseline 0.011 -31"><span class='ocrx_word' id='word_1_214' title='bbox 2241 661 2548 732; x_wconf 79' lang='grc' dir='ltr'><strong>βαρυτέραν</strong></span> <span class='ocrx_word' id='word_1_215' title='bbox 2597 662 2774 715; x_wconf 70' lang='grc' dir='ltr'>οὐδενὶ</span> <span class='ocrx_word' id='word_1_216' title='bbox 2813 663 2989 734; x_wconf 86' lang='grc' dir='ltr'>χρόνῳ</span> <span class='ocrx_word' id='word_1_217' title='bbox 3018 664 3321 734; x_wconf 75' lang='grc' dir='ltr'><strong>ἠτύχησαν.</strong></span> <span class='ocrx_word' id='word_1_218' title='bbox 3372 668 3582 733; x_wconf 81' lang='grc' dir='ltr'><strong>Πάντας</strong></span> <span class='ocrx_word' id='word_1_219' title='bbox 3608 672 3707 742; x_wconf 86' lang='grc' dir='ltr'><strong>γὰρ</strong></span> <span class='ocrx_word' id='word_1_220' title='bbox 3735 677 3786 729; x_wconf 83' lang='grc' dir='ltr'>ὲν</span> 
     </span>
    </p>
   </div>
   <div class='ocr_carea' id='block_1_35' title="bbox 2237 753 3784 836">
    <p class='ocr_par' dir='ltr' id='par_1_35' title="bbox 2237 753 3784 836">
     <span class='ocr_line' id='line_1_35' title="bbox 2237 753 3784 836; baseline 0.003 -31"><span class='ocrx_word' id='word_1_221' title='bbox 2237 753 2573 817; x_wconf 76' lang='grc' dir='ltr'><strong>πλεονεξίαις</strong></span> <span class='ocrx_word' id='word_1_222' title='bbox 2624 754 2721 808; x_wconf 72' lang='grc' dir='ltr'><strong>καὶ</strong></span> <span class='ocrx_word' id='word_1_223' title='bbox 2764 755 3084 821; x_wconf 77' lang='grc' dir='ltr'><strong>ἀκολασίαις</strong></span> <span class='ocrx_word' id='word_1_224' title='bbox 3131 757 3224 810; x_wconf 76' lang='grc' dir='ltr'>καὶ</span> <span class='ocrx_word' id='word_1_225' title='bbox 3260 757 3619 831; x_wconf 86' lang='grc' dir='ltr'>βαρϐαρικαῖς</span> <span class='ocrx_word' id='word_1_226' title='bbox 3649 766 3784 836; x_wconf 72' lang='grc' dir='ltr'>ὠμά.</span> 
     </span>
    </p>
   </div>
   <div class='ocr_carea' id='block_1_36' title="bbox 2236 846 3789 924">
    <p class='ocr_par' dir='ltr' id='par_1_36' title="bbox 2236 846 3789 924">
     <span class='ocr_line' id='line_1_36' title="bbox 2236 846 3789 924; baseline 0.008 -27"><span class='ocrx_word' id='word_1_227' title='bbox 2236 861 2394 916; x_wconf 86' lang='grc' dir='ltr'>τησιν</span> <span class='ocrx_word' id='word_1_228' title='bbox 2415 846 2845 918; x_wconf 78' lang='grc' dir='ltr'><strong>ὑπερηκόντισεν</strong></span> <span class='ocrx_word' id='word_1_229' title='bbox 2867 849 2998 911; x_wconf 83' lang='grc' dir='ltr'>τοὺς</span> <span class='ocrx_word' id='word_1_230' title='bbox 3028 849 3135 918; x_wconf 74' lang='grc' dir='ltr'><strong>πρὸ</strong></span> <span class='ocrx_word' id='word_1_231' title='bbox 3170 850 3336 902; x_wconf 81' lang='grc' dir='ltr'>αὑτοῦ</span> <span class='ocrx_word' id='word_1_232' title='bbox 3363 849 3789 924; x_wconf 78' lang='grc' dir='ltr'><strong>βασιλεύσαντας,</strong></span> 
     </span>
    </p>
   </div>
   <div class='ocr_carea' id='block_1_37' title="bbox 2237 929 3788 1015">
    <p class='ocr_par' dir='ltr' id='par_1_37' title="bbox 2237 929 3788 1015">
     <span class='ocr_line' id='line_1_37' title="bbox 2237 929 3788 1015; baseline 0.009 -26"><span class='ocrx_word' id='word_1_233' title='bbox 2237 938 2369 1007; x_wconf 77' lang='grc' dir='ltr'>περὶ</span> <span class='ocrx_word' id='word_1_234' title='bbox 2409 929 2485 992; x_wconf 83' lang='grc' dir='ltr'>ὧν</span> <span class='ocrx_word' id='word_1_235' title='bbox 2522 939 2663 992; x_wconf 82' lang='grc' dir='ltr'>κατὰ</span> <span class='ocrx_word' id='word_1_236' title='bbox 2703 940 2871 1010; x_wconf 80' lang='grc' dir='ltr'><strong>μέρος</strong></span> <span class='ocrx_word' id='word_1_237' title='bbox 2916 941 3172 1007; x_wconf 79' lang='grc' dir='ltr'>διεξιέναι</span> <span class='ocrx_word' id='word_1_238' title='bbox 3217 942 3314 996; x_wconf 73' lang='grc' dir='ltr'>καὶ</span> <span class='ocrx_word' id='word_1_239' title='bbox 3360 945 3466 1008; x_wconf 85' lang='grc' dir='ltr'>τοῖς</span> <span class='ocrx_word' id='word_1_240' title='bbox 3516 947 3788 1015; x_wconf 80' lang='grc' dir='ltr'>μετέπειτα</span> 
     </span>
    </p>
   </div>
   <div class='ocr_carea' id='block_1_38' title="bbox 2234 1029 3789 1108">
    <p class='ocr_par' dir='ltr' id='par_1_38' title="bbox 2234 1029 3789 1108">
     <span class='ocr_line' id='line_1_38' title="bbox 2234 1029 3789 1108; baseline 0.008 -26"><span class='ocrx_word' id='word_1_241' title='bbox 2234 1029 2526 1086; x_wconf 70' lang='grc' dir='ltr'>δύσπειστον</span> <span class='ocrx_word' id='word_1_242' title='bbox 2549 1030 2645 1084; x_wconf 78' lang='grc' dir='ltr'>καὶ</span> <span class='ocrx_word' id='word_1_243' title='bbox 2673 1032 2806 1100; x_wconf 83' lang='grc' dir='ltr'>ἡμῖν</span> <span class='ocrx_word' id='word_1_244' title='bbox 2833 1031 3091 1101; x_wconf 75' lang='grc' dir='ltr'>ἐργῶδες,</span> <span class='ocrx_word' id='word_1_245' title='bbox 3125 1034 3265 1105; x_wconf 84' lang='grc' dir='ltr'>πλὴν</span> <span class='ocrx_word' id='word_1_246' title='bbox 3296 1035 3360 1087; x_wconf 79' lang='grc' dir='ltr'>ὲκ</span> <span class='ocrx_word' id='word_1_247' title='bbox 3379 1037 3473 1088; x_wconf 84' lang='grc' dir='ltr'>τοῦ</span> <span class='ocrx_word' id='word_1_248' title='bbox 3501 1041 3789 1108; x_wconf 74' lang='grc' dir='ltr'>κρασπέδου</span> 
     </span>
    </p>
   </div>
   <div class='ocr_carea' id='block_1_39' title="bbox 2234 1121 3789 1201">
    <p class='ocr_par' dir='ltr' id='par_1_39' title="bbox 2234 1121 3789 1201">
     <span class='ocr_line' id='line_1_39' title="bbox 2234 1121 3789 1201; baseline 0.007 -28"><span class='ocrx_word' id='word_1_249' title='bbox 2234 1121 2296 1174; x_wconf 84' lang='grc' dir='ltr'><strong>τὸ</strong></span> <span class='ocrx_word' id='word_1_250' title='bbox 2333 1121 2564 1190; x_wconf 80' lang='grc' dir='ltr'>ὕφασμα</span> <span class='ocrx_word' id='word_1_251' title='bbox 2595 1122 2882 1193; x_wconf 83' lang='grc' dir='ltr'>πρόδηλον,</span> <span class='ocrx_word' id='word_1_252' title='bbox 2918 1124 3060 1178; x_wconf 74' lang='grc' dir='ltr'>κατὰ</span> <span class='ocrx_word' id='word_1_253' title='bbox 3098 1125 3200 1194; x_wconf 86' lang='grc' dir='ltr'><strong>τὴν</strong></span> <span class='ocrx_word' id='word_1_254' title='bbox 3243 1128 3560 1196; x_wconf 84' lang='grc' dir='ltr'>παροιμίαν.</span> <span class='ocrx_word' id='word_1_255' title='bbox 3597 1130 3789 1201; x_wconf 81' lang='grc' dir='ltr'>Τιτρώ-</span> 
     </span>
    </p>
   </div>
   <div class='ocr_carea' id='block_1_40' title="bbox 2238 1214 3794 1287">
    <p class='ocr_par' dir='ltr' id='par_1_40' title="bbox 2238 1214 3794 1287">
     <span class='ocr_line' id='line_1_40' title="bbox 2238 1214 3794 1287; baseline 0.005 -21"><span class='ocrx_word' id='word_1_256' title='bbox 2238 1229 2428 1267; x_wconf 86' lang='grc' dir='ltr'>σκεται</span> <span class='ocrx_word' id='word_1_257' title='bbox 2449 1215 2506 1266; x_wconf 81' lang='grc' dir='ltr'>δὲ</span> <span class='ocrx_word' id='word_1_258' title='bbox 2527 1215 2621 1266; x_wconf 71' lang='grc' dir='ltr'><strong>καὶ</strong></span> <span class='ocrx_word' id='word_1_259' title='bbox 2646 1214 2985 1285; x_wconf 85' lang='grc' dir='ltr'>Σταυράκιος</span> <span class='ocrx_word' id='word_1_260' title='bbox 3007 1218 3138 1279; x_wconf 86' lang='grc' dir='ltr'>παῖς</span> <span class='ocrx_word' id='word_1_261' title='bbox 3159 1215 3323 1269; x_wconf 69' lang='grc' dir='ltr'>αὑτοῦ</span> <span class='ocrx_word' id='word_1_262' title='bbox 3345 1218 3570 1287; x_wconf 75' lang='grc' dir='ltr'>καιρίως</span> <span class='ocrx_word' id='word_1_263' title='bbox 3589 1221 3628 1252; x_wconf 84' lang='grc'>¹¹</span> <span class='ocrx_word' id='word_1_264' title='bbox 3663 1223 3794 1275; x_wconf 80' lang='grc' dir='ltr'>κατὰ</span> 
     </span>
    </p>
   </div>
   <div class='ocr_carea' id='block_1_41' title="bbox 2233 1304 3794 1384">
    <p class='ocr_par' dir='ltr' id='par_1_41' title="bbox 2233 1304 3794 1384">
     <span class='ocr_line' id='line_1_41' title="bbox 2233 1304 3794 1384; baseline 0.004 -26"><span class='ocrx_word' id='word_1_265' title='bbox 2233 1304 2330 1358; x_wconf 81' lang='grc' dir='ltr'><strong>τοῦ</strong></span> <span class='ocrx_word' id='word_1_266' title='bbox 2361 1305 2661 1358; x_wconf 83' lang='grc' dir='ltr'>σπονδύλου</span> <span class='ocrx_word' id='word_1_267' title='bbox 2692 1306 2754 1358; x_wconf 84' lang='grc' dir='ltr'><strong>τὸ</strong></span> <span class='ocrx_word' id='word_1_268' title='bbox 2781 1305 2957 1371; x_wconf 81' lang='grc' dir='ltr'>δεξιὸν</span> <span class='ocrx_word' id='word_1_269' title='bbox 2996 1307 3181 1378; x_wconf 82' lang='grc' dir='ltr'><strong>μέρος,</strong></span> <span class='ocrx_word' id='word_1_270' title='bbox 3210 1308 3302 1362; x_wconf 76' lang='grc' dir='ltr'><strong>καὶ</strong></span> <span class='ocrx_word' id='word_1_271' title='bbox 3329 1309 3481 1378; x_wconf 85' lang='grc' dir='ltr'>μόλις</span> <span class='ocrx_word' id='word_1_272' title='bbox 3502 1310 3600 1380; x_wconf 81' lang='grc' dir='ltr'><strong>τῆς</strong></span> <span class='ocrx_word' id='word_1_273' title='bbox 3627 1315 3794 1384; x_wconf 77' lang='grc' dir='ltr'>μάχης</span> 
     </span>
    </p>
   </div>
   <div class='ocr_carea' id='block_1_42' title="bbox 2234 1395 3792 1471">
    <p class='ocr_par' dir='ltr' id='par_1_42' title="bbox 2234 1395 3792 1471">
     <span class='ocr_line' id='line_1_42' title="bbox 2234 1395 3792 1471; baseline 0.005 -20"><span class='ocrx_word' id='word_1_274' title='bbox 2234 1397 2459 1468; x_wconf 78' lang='grc' dir='ltr'>ἐξῆλθεν</span> <span class='ocrx_word' id='word_1_275' title='bbox 2489 1395 2620 1463; x_wconf 79' lang='grc' dir='ltr'>ζῶν,</span> <span class='ocrx_word' id='word_1_276' title='bbox 2643 1400 2738 1452; x_wconf 76' lang='grc' dir='ltr'>καὶ</span> <span class='ocrx_word' id='word_1_277' title='bbox 2767 1399 3066 1453; x_wconf 84' lang='grc' dir='ltr'>κατέλαϐεν</span> <span class='ocrx_word' id='word_1_278' title='bbox 3093 1401 3192 1470; x_wconf 89' lang='grc' dir='ltr'><strong>τὴν</strong></span> <span class='ocrx_word' id='word_1_279' title='bbox 3239 1401 3670 1471; x_wconf 76' lang='grc' dir='ltr'>’Δδριανούπολιν</span> <span class='ocrx_word' id='word_1_280' title='bbox 3692 1405 3792 1458; x_wconf 86' lang='grc' dir='ltr'>δει-</span> 
     </span>
    </p>
   </div>
   <div class='ocr_carea' id='block_1_43' title="bbox 2233 1490 3786 1565">
    <p class='ocr_par' dir='ltr' id='par_1_43' title="bbox 2233 1490 3786 1565">
     <span class='ocr_line' id='line_1_43' title="bbox 2233 1490 3786 1565; baseline 0.004 -21"><span class='ocrx_word' id='word_1_281' title='bbox 2233 1492 2342 1555; x_wconf 87' lang='grc' dir='ltr'><strong>νῶς</strong></span> <span class='ocrx_word' id='word_1_282' title='bbox 2385 1490 2491 1546; x_wconf 77' lang='grc' dir='ltr'>ὑπὸ</span> <span class='ocrx_word' id='word_1_283' title='bbox 2535 1491 2636 1559; x_wconf 82' lang='grc' dir='ltr'><strong>τῆς</strong></span> <span class='ocrx_word' id='word_1_284' title='bbox 2685 1491 2902 1561; x_wconf 83' lang='grc' dir='ltr'>πληγῆς</span> <span class='ocrx_word' id='word_1_285' title='bbox 2948 1493 3392 1563; x_wconf 77' lang='grc' dir='ltr'>κολαφιζόμενος.</span> <span class='ocrx_word' id='word_1_286' title='bbox 3427 1495 3690 1565; x_wconf 80' lang='grc' dir='ltr'>Στέφανος</span> <span class='ocrx_word' id='word_1_287' title='bbox 3734 1497 3786 1550; x_wconf 71' lang='grc' dir='ltr'>δὲ</span> 
     </span>
    </p>
   </div>
   <div class='ocr_carea' id='block_1_44' title="bbox 2235 1582 3786 1658">
    <p class='ocr_par' dir='ltr' id='par_1_44' title="bbox 2235 1582 3786 1658">
     <span class='ocr_line' id='line_1_44' title="bbox 2235 1582 3786 1658; baseline 0.005 -25"><span class='ocrx_word' id='word_1_288' title='bbox 2235 1583 2522 1651; x_wconf 84' lang='grc' dir='ltr'>πατρίκιος</span> <span class='ocrx_word' id='word_1_289' title='bbox 2552 1583 2648 1636; x_wconf 79' lang='grc' dir='ltr'><strong>καὶ</strong></span> <span class='ocrx_word' id='word_1_290' title='bbox 2690 1582 3012 1653; x_wconf 88' lang='grc' dir='ltr'>δομέστικος</span> <span class='ocrx_word' id='word_1_291' title='bbox 3043 1586 3150 1638; x_wconf 85' lang='grc' dir='ltr'><strong>τῶν</strong></span> <span class='ocrx_word' id='word_1_292' title='bbox 3192 1585 3398 1657; x_wconf 83' lang='grc' dir='ltr'>σχολῶν</span> <span class='ocrx_word' id='word_1_293' title='bbox 3427 1589 3786 1658; x_wconf 83' lang='grc' dir='ltr'>συμπαρόντος</span> 
     </span>
    </p>
   </div>
   <div class='ocr_carea' id='block_1_45' title="bbox 2235 1673 3796 1749">
    <p class='ocr_par' dir='ltr' id='par_1_45' title="bbox 2235 1673 3796 1749">
     <span class='ocr_line' id='line_1_45' title="bbox 2235 1673 3796 1749; baseline 0.004 -23"><span class='ocrx_word' id='word_1_294' title='bbox 2235 1675 2330 1726; x_wconf 80' lang='grc' dir='ltr'><strong>καὶ</strong></span> <span class='ocrx_word' id='word_1_295' title='bbox 2361 1673 2684 1728; x_wconf 85' lang='grc' dir='ltr'>Θεοκτίστου</span> <span class='ocrx_word' id='word_1_296' title='bbox 2739 1675 3045 1746; x_wconf 86' lang='grc' dir='ltr'>μαγίστρου</span> <span class='ocrx_word' id='word_1_297' title='bbox 3091 1676 3466 1746; x_wconf 81' lang='grc' dir='ltr'>ἀνηγόρευσαν</span> <span class='ocrx_word' id='word_1_298' title='bbox 3491 1680 3535 1710; x_wconf 75' lang='grc'><strong>³⁸</strong></span> <span class='ocrx_word' id='word_1_299' title='bbox 3566 1679 3796 1749; x_wconf 87' lang='grc' dir='ltr'>Σταυρά-</span> 
     </span>
    </p>
   </div>
   <div class='ocr_carea' id='block_1_46' title="bbox 2235 1763 3794 1839">
    <p class='ocr_par' dir='ltr' id='par_1_46' title="bbox 2235 1763 3794 1839">
     <span class='ocr_line' id='line_1_46' title="bbox 2235 1763 3794 1839; baseline 0.003 -22"><span class='ocrx_word' id='word_1_300' title='bbox 2235 1780 2352 1818; x_wconf 89' lang='grc' dir='ltr'>κιον</span> <span class='ocrx_word' id='word_1_301' title='bbox 2384 1763 2787 1834; x_wconf 81' lang='grc' dir='ltr'>αὐτοκράτορα,</span> <span class='ocrx_word' id='word_1_302' title='bbox 2808 1763 2905 1818; x_wconf 79' lang='grc' dir='ltr'>καὶ</span> <span class='ocrx_word' id='word_1_303' title='bbox 2937 1763 3180 1835; x_wconf 76' lang='grc' dir='ltr'>διελέχθη</span> <span class='ocrx_word' id='word_1_304' title='bbox 3205 1766 3284 1837; x_wconf 82' lang='grc' dir='ltr'>τῷ</span> <span class='ocrx_word' id='word_1_305' title='bbox 3307 1767 3665 1837; x_wconf 79' lang='grc' dir='ltr'>περισωθέντι</span> <span class='ocrx_word' id='word_1_306' title='bbox 3691 1767 3794 1839; x_wconf 85' lang='grc' dir='ltr'><strong>λαῷ</strong></span> 
     </span>
    </p>
   </div>
   <div class='ocr_carea' id='block_1_47' title="bbox 2233 1854 3790 1930">
    <p class='ocr_par' dir='ltr' id='par_1_47' title="bbox 2233 1854 3790 1930">
     <span class='ocr_line' id='line_1_47' title="bbox 2233 1854 3790 1930; baseline 0.003 -22"><span class='ocrx_word' id='word_1_307' title='bbox 2233 1855 2380 1909; x_wconf 79' lang='grc' dir='ltr'>κατὰ</span> <span class='ocrx_word' id='word_1_308' title='bbox 2408 1855 2501 1908; x_wconf 81' lang='grc' dir='ltr'>τοῦ</span> <span class='ocrx_word' id='word_1_309' title='bbox 2530 1855 2663 1908; x_wconf 79' lang='grc' dir='ltr'>ἰδίου</span> <span class='ocrx_word' id='word_1_310' title='bbox 2699 1856 2908 1926; x_wconf 73' lang='grc' dir='ltr'>πατρὸς</span> <span class='ocrx_word' id='word_1_311' title='bbox 2935 1854 3068 1926; x_wconf 82' lang='lat'><strong>(50).</strong></span> <span class='ocrx_word' id='word_1_312' title='bbox 3103 1859 3201 1910; x_wconf 74' lang='grc' dir='ltr'><strong>καὶ</strong></span> <span class='ocrx_word' id='word_1_313' title='bbox 3234 1858 3442 1928; x_wconf 75' lang='grc' dir='ltr'>σφόδρα</span> <span class='ocrx_word' id='word_1_314' title='bbox 3466 1858 3790 1930; x_wconf 79' lang='grc' dir='ltr'>ἠδύνθησανο</span> 
     </span>
    </p>
   </div>
   <div class='ocr_carea' id='block_1_48' title="bbox 2231 1947 3796 2022">
    <p class='ocr_par' dir='ltr' id='par_1_48' title="bbox 2231 1947 3796 2022">
     <span class='ocr_line' id='line_1_48' title="bbox 2231 1947 3796 2022; baseline 0.003 -21"><span class='ocrx_word' id='word_1_315' title='bbox 2231 1947 2448 2020; x_wconf 76' lang='grc' dir='ltr'>Μιχαὴλ</span> <span class='ocrx_word' id='word_1_316' title='bbox 2471 1948 2528 2000; x_wconf 80' lang='grc' dir='ltr'>δὲ</span> <span class='ocrx_word' id='word_1_317' title='bbox 2557 1948 2976 2020; x_wconf 87' lang='grc' dir='ltr'>κουροπαλάτης</span> <span class='ocrx_word' id='word_1_318' title='bbox 3003 1949 3246 2020; x_wconf 79' lang='grc' dir='ltr'>ἀϐλαϐὴς</span> <span class='ocrx_word' id='word_1_319' title='bbox 3267 1951 3618 2022; x_wconf 75' lang='grc' dir='ltr'>περισωθεὶς,</span> <span class='ocrx_word' id='word_1_320' title='bbox 3640 1951 3796 2006; x_wconf 82' lang='grc' dir='ltr'>πολλὰ</span> 
     </span>
    </p>
   </div>
   <div class='ocr_carea' id='block_1_49' title="bbox 2232 2039 3794 2114">
    <p class='ocr_par' dir='ltr' id='par_1_49' title="bbox 2232 2039 3794 2114">
     <span class='ocr_line' id='line_1_49' title="bbox 2232 2039 3794 2114; baseline 0.002 -20"><span class='ocrx_word' id='word_1_321' title='bbox 2232 2039 2553 2111; x_wconf 80' lang='grc' dir='ltr'>παρεκλήθη</span> <span class='ocrx_word' id='word_1_322' title='bbox 2586 2040 2692 2093; x_wconf 80' lang='grc' dir='ltr'>ὑπὸ</span> <span class='ocrx_word' id='word_1_323' title='bbox 2720 2039 2831 2094; x_wconf 84' lang='grc' dir='ltr'>τῶν</span> <span class='ocrx_word' id='word_1_324' title='bbox 2855 2041 3026 2110; x_wconf 84' lang='grc' dir='ltr'>φίλων</span> <span class='ocrx_word' id='word_1_325' title='bbox 3063 2042 3502 2113; x_wconf 81' lang='grc' dir='ltr'>ἀναγορευθῆναι</span> <span class='ocrx_word' id='word_1_326' title='bbox 3533 2043 3794 2114; x_wconf 78' lang='grc' dir='ltr'>βασιλεὺς,</span> 
     </span>
    </p>
   </div>
   <div class='ocr_carea' id='block_1_50' title="bbox 2231 2128 3796 2204">
    <p class='ocr_par' dir='ltr' id='par_1_50' title="bbox 2231 2128 3796 2204">
     <span class='ocr_line' id='line_1_50' title="bbox 2231 2128 3796 2204; baseline 0.003 -22"><span class='ocrx_word' id='word_1_327' title='bbox 2231 2132 2325 2183; x_wconf 79' lang='grc' dir='ltr'><strong>καὶ</strong></span> <span class='ocrx_word' id='word_1_328' title='bbox 2346 2129 2408 2182; x_wconf 87' lang='grc' dir='ltr'><strong>οὐ</strong></span> <span class='ocrx_word' id='word_1_329' title='bbox 2449 2128 2772 2194; x_wconf 80' lang='grc' dir='ltr'>κατεδέξατο</span> <span class='ocrx_word' id='word_1_330' title='bbox 2793 2129 2884 2183; x_wconf 89' lang='grc' dir='ltr'>διὰ</span> <span class='ocrx_word' id='word_1_331' title='bbox 2909 2129 3037 2194; x_wconf 79' lang='grc' dir='ltr'>τοὺς</span> <span class='ocrx_word' id='word_1_332' title='bbox 3085 2131 3236 2202; x_wconf 33' lang='grc' dir='ltr'>πρὸς,</span> <span class='ocrx_word' id='word_1_333' title='bbox 3255 2131 3577 2202; x_wconf 75' lang='grc' dir='ltr'>Νικηφόρον</span> <span class='ocrx_word' id='word_1_334' title='bbox 3607 2133 3796 2204; x_wconf 82' lang='grc' dir='ltr'>ὅρκους</span> 
     </span>
    </p>
   </div>
   <div class='ocr_carea' id='block_1_51' title="bbox 2229 2223 3798 2295">
    <p class='ocr_par' dir='ltr' id='par_1_51' title="bbox 2229 2223 3798 2295">
     <span class='ocr_line' id='line_1_51' title="bbox 2229 2223 3798 2295; baseline 0.003 -19"><span class='ocrx_word' id='word_1_335' title='bbox 2229 2223 2322 2276; x_wconf 78' lang='grc' dir='ltr'><strong>καὶ</strong></span> <span class='ocrx_word' id='word_1_336' title='bbox 2344 2223 2701 2293; x_wconf 85' lang='grc' dir='ltr'>Σταυράκιον.</span> <span class='ocrx_word' id='word_1_337' title='bbox 2715 2223 2904 2294; x_wconf 84' lang='grc' dir='ltr'>Τούτῳ</span> <span class='ocrx_word' id='word_1_338' title='bbox 2921 2223 3188 2292; x_wconf 81' lang='grc' dir='ltr'>Στέφανος</span> <span class='ocrx_word' id='word_1_339' title='bbox 3209 2224 3538 2295; x_wconf 64' lang='grc' dir='ltr'>δομεστικος</span> <span class='ocrx_word' id='word_1_340' title='bbox 3557 2225 3798 2281; x_wconf 81' lang='grc' dir='ltr'>ἀντεῖπεν</span> 
     </span>
    </p>
   </div>
   <div class='ocr_carea' id='block_1_52' title="bbox 2229 2296 3796 2386">
    <p class='ocr_par' dir='ltr' id='par_1_52' title="bbox 2229 2296 3796 2386">
     <span class='ocr_line' id='line_1_52' title="bbox 2229 2296 3796 2386; baseline 0.002 -19"><span class='ocrx_word' id='word_1_341' title='bbox 2229 2296 2406 2368; x_wconf 70' lang='grc' dir='ltr'>ἐλπίδι</span> <span class='ocrx_word' id='word_1_342' title='bbox 2445 2315 2542 2384; x_wconf 80' lang='grc' dir='ltr'>τῆς</span> <span class='ocrx_word' id='word_1_343' title='bbox 2582 2313 2729 2385; x_wconf 82' lang='grc' dir='ltr'>ζωῆς</span> <span class='ocrx_word' id='word_1_344' title='bbox 2771 2315 3138 2385; x_wconf 86' lang='grc' dir='ltr'>Σταυρακίου.</span> <span class='ocrx_word' id='word_1_345' title='bbox 3173 2315 3502 2380; x_wconf 85' lang='grc' dir='ltr'>Θεόκτιστος</span> <span class='ocrx_word' id='word_1_346' title='bbox 3540 2317 3598 2370; x_wconf 78' lang='grc' dir='ltr'>δὲ</span> <span class='ocrx_word' id='word_1_347' title='bbox 3641 2316 3667 2370; x_wconf 99' lang='lat'><strong>6</strong></span> <span class='ocrx_word' id='word_1_348' title='bbox 3700 2318 3796 2386; x_wconf 82' lang='grc' dir='ltr'>μά-</span> 
     </span>
    </p>
   </div>
   <div class='ocr_carea' id='block_1_53' title="bbox 2228 2407 3796 2479">
    <p class='ocr_par' dir='ltr' id='par_1_53' title="bbox 2228 2407 3796 2479">
     <span class='ocr_line' id='line_1_53' title="bbox 2228 2407 3796 2479; baseline 0.003 -21"><span class='ocrx_word' id='word_1_349' title='bbox 2228 2422 2451 2476; x_wconf 85' lang='grc' dir='ltr'>γιστρος</span> <span class='ocrx_word' id='word_1_350' title='bbox 2507 2407 2832 2477; x_wconf 81' lang='grc' dir='ltr'>συνέτρεχεν</span> <span class='ocrx_word' id='word_1_351' title='bbox 2895 2408 3026 2478; x_wconf 68' lang='grc' dir='ltr'>περὶ</span> <span class='ocrx_word' id='word_1_352' title='bbox 3073 2407 3173 2477; x_wconf 82' lang='grc' dir='ltr'><strong>τῆς</strong></span> <span class='ocrx_word' id='word_1_353' title='bbox 3241 2407 3526 2477; x_wconf 78' lang='grc' dir='ltr'>βασιλείας</span> <span class='ocrx_word' id='word_1_354' title='bbox 3569 2407 3796 2479; x_wconf 59' lang='grc' dir='ltr'>Μιχαὴλ.</span> 
     </span>
    </p>
   </div>
   <div class='ocr_carea' id='block_1_54' title="bbox 2228 2499 3800 2571">
    <p class='ocr_par' dir='ltr' id='par_1_54' title="bbox 2228 2499 3800 2571">
     <span class='ocr_line' id='line_1_54' title="bbox 2228 2499 3800 2571; baseline 0 -19"><span class='ocrx_word' id='word_1_355' title='bbox 2228 2501 2567 2569; x_wconf 84' lang='grc' dir='ltr'>Σταυράκιος</span> <span class='ocrx_word' id='word_1_356' title='bbox 2619 2499 2677 2553; x_wconf 80' lang='grc' dir='ltr'>δὲ</span> <span class='ocrx_word' id='word_1_357' title='bbox 2720 2500 2787 2552; x_wconf 87' lang='grc' dir='ltr'>δι’</span> <span class='ocrx_word' id='word_1_358' title='bbox 2842 2500 3020 2571; x_wconf 76' lang='grc' dir='ltr'>οὔρων</span> <span class='ocrx_word' id='word_1_359' title='bbox 3079 2501 3508 2571; x_wconf 80' lang='grc' dir='ltr'>αἱμορῤαγήσας</span> <span class='ocrx_word' id='word_1_360' title='bbox 3560 2499 3800 2570; x_wconf 83' lang='grc' dir='ltr'>ἀμέτρως</span> 
     </span>
    </p>
   </div>
   <div class='ocr_carea' id='block_1_55' title="bbox 2227 2591 3800 2663">
    <p class='ocr_par' dir='ltr' id='par_1_55' title="bbox 2227 2591 3800 2663">
     <span class='ocr_line' id='line_1_55' title="bbox 2227 2591 3800 2663; baseline -0.001 -19"><span class='ocrx_word' id='word_1_361' title='bbox 2227 2591 2607 2662; x_wconf 85' lang='grc' dir='ltr'>κατεξηράνθη</span> <span class='ocrx_word' id='word_1_362' title='bbox 2643 2593 2852 2663; x_wconf 80' lang='grc' dir='ltr'>μηροὺς</span> <span class='ocrx_word' id='word_1_363' title='bbox 2894 2593 2991 2646; x_wconf 81' lang='grc' dir='ltr'>καὶ</span> <span class='ocrx_word' id='word_1_364' title='bbox 3042 2593 3230 2663; x_wconf 80' lang='grc' dir='ltr'>σκέλη,</span> <span class='ocrx_word' id='word_1_365' title='bbox 3262 2591 3506 2662; x_wconf 79' lang='grc' dir='ltr'>φορείοις</span> <span class='ocrx_word' id='word_1_366' title='bbox 3547 2591 3712 2646; x_wconf 72' lang='grc' dir='ltr'>ἐλθὼν</span> <span class='ocrx_word' id='word_1_367' title='bbox 3737 2592 3800 2644; x_wconf 80' lang='grc' dir='ltr'><strong>-ὲν</strong></span> 
     </span>
    </p>
   </div>
   <div class='ocr_carea' id='block_1_56' title="bbox 2226 2683 3802 2756">
    <p class='ocr_par' dir='ltr' id='par_1_56' title="bbox 2226 2683 3802 2756">
     <span class='ocr_line' id='line_1_56' title="bbox 2226 2683 3802 2756; baseline -0.001 -19"><span class='ocrx_word' id='word_1_368' title='bbox 2226 2685 2528 2755; x_wconf 78' lang='grc' dir='ltr'>Βυζαντίῳ.</span> <span class='ocrx_word' id='word_1_369' title='bbox 2574 2683 2762 2755; x_wconf 82' lang='grc' dir='ltr'>Τούτῳ</span> <span class='ocrx_word' id='word_1_370' title='bbox 2806 2685 3121 2756; x_wconf 84' lang='grc' dir='ltr'>Νικηφόρος</span> <span class='ocrx_word' id='word_1_371' title='bbox 3172 2685 3200 2738; x_wconf 88' lang='lat'><strong>6</strong></span> <span class='ocrx_word' id='word_1_372' title='bbox 3247 2685 3602 2756; x_wconf 81' lang='grc' dir='ltr'>πατριάρχης</span> <span class='ocrx_word' id='word_1_373' title='bbox 3667 2684 3802 2738; x_wconf 83' lang='grc' dir='ltr'>πάνυ</span> 
     </span>
    </p>
   </div>
   <div class='ocr_carea' id='block_1_57' title="bbox 2226 2777 3800 2852">
    <p class='ocr_par' dir='ltr' id='par_1_57' title="bbox 2226 2777 3800 2852">
     <span class='ocr_line' id='line_1_57' title="bbox 2226 2777 3800 2852; baseline 0 -23"><span class='ocrx_word' id='word_1_374' title='bbox 2226 2777 2621 2852; x_wconf 84' lang='grc' dir='ltr'>προσκείμενος</span> <span class='ocrx_word' id='word_1_375' title='bbox 2638 2777 2685 2810; x_wconf 84' lang='grc'><strong>²³</strong></span> <span class='ocrx_word' id='word_1_376' title='bbox 2715 2777 3102 2831; x_wconf 83' lang='grc' dir='ltr'>συνεϐούλευεν</span> <span class='ocrx_word' id='word_1_377' title='bbox 3121 2777 3520 2843; x_wconf 79' lang='grc' dir='ltr'>ὲξιλεὼσασθαι</span> <span class='ocrx_word' id='word_1_378' title='bbox 3545 2778 3637 2833; x_wconf 84' lang='grc' dir='ltr'><strong>τὸν</strong></span> <span class='ocrx_word' id='word_1_379' title='bbox 3659 2777 3800 2842; x_wconf 72' lang='grc' dir='ltr'>Θεὸν,</span> 
     </span>
    </p>
   </div>
   <div class='ocr_carea' id='block_1_58' title="bbox 2225 2866 3801 2938">
    <p class='ocr_par' dir='ltr' id='par_1_58' title="bbox 2225 2866 3801 2938">
     <span class='ocr_line' id='line_1_58' title="bbox 2225 2866 3801 2938; baseline 0.001 -20"><span class='ocrx_word' id='word_1_380' title='bbox 2225 2867 2470 2929; x_wconf 73' lang='grc' dir='ltr'>καὶτοὺς</span> <span class='ocrx_word' id='word_1_381' title='bbox 2501 2867 3002 2938; x_wconf 82' lang='grc' dir='ltr'>πλεονεκτηθέντας</span> <span class='ocrx_word' id='word_1_382' title='bbox 3053 2869 3161 2921; x_wconf 81' lang='grc' dir='ltr'>ὑπὸ</span> <span class='ocrx_word' id='word_1_383' title='bbox 3199 2869 3246 2900; x_wconf 63' lang='grc'><strong>³⁸</strong></span> <span class='ocrx_word' id='word_1_384' title='bbox 3276 2869 3369 2922; x_wconf 84' lang='grc' dir='ltr'>τοῦ</span> <span class='ocrx_word' id='word_1_385' title='bbox 3403 2871 3613 2937; x_wconf 82' lang='grc' dir='ltr'>πατρὸς</span> <span class='ocrx_word' id='word_1_386' title='bbox 3648 2866 3801 2922; x_wconf 88' lang='grc' dir='ltr'><strong>αύτοῦ</strong></span> 
     </span>
    </p>
   </div>
   <div class='ocr_carea' id='block_1_59' title="bbox 2226 2958 3804 3034">
    <p class='ocr_par' dir='ltr' id='par_1_59' title="bbox 2226 2958 3804 3034">
     <span class='ocr_line' id='line_1_59' title="bbox 2226 2958 3804 3034; baseline 0.004 -25"><span class='ocrx_word' id='word_1_387' title='bbox 2226 2958 2758 3030; x_wconf 81' lang='grc' dir='ltr'>παραμυθήσασθαι,</span> <span class='ocrx_word' id='word_1_388' title='bbox 2815 2959 2955 3030; x_wconf 79' lang='grc' dir='ltr'>πρὸς</span> <span class='ocrx_word' id='word_1_389' title='bbox 2984 2959 3048 3016; x_wconf 78' lang='grc' dir='ltr'><strong>δν</strong></span> <span class='ocrx_word' id='word_1_390' title='bbox 3088 2962 3116 3014; x_wconf 88' lang='grc' dir='ltr'><strong>ό</strong></span> <span class='ocrx_word' id='word_1_391' title='bbox 3147 2961 3247 3030; x_wconf 83' lang='grc' dir='ltr'>τῆς</span> <span class='ocrx_word' id='word_1_392' title='bbox 3273 2963 3559 3034; x_wconf 82' lang='grc' dir='ltr'>πατρικῆς</span> <span class='ocrx_word' id='word_1_393' title='bbox 3590 2961 3804 3032; x_wconf 84' lang='grc' dir='ltr'>γνώμης</span> 
     </span>
    </p>
   </div>
   <div class='ocr_carea' id='block_1_60' title="bbox 2223 3051 3800 3124">
    <p class='ocr_par' dir='ltr' id='par_1_60' title="bbox 2223 3051 3800 3124">
     <span class='ocr_line' id='line_1_60' title="bbox 2223 3051 3800 3124; baseline 0.004 -24"><span class='ocrx_word' id='word_1_394' title='bbox 2223 3051 2447 3119; x_wconf 83' lang='grc' dir='ltr'>γνήσιος</span> <span class='ocrx_word' id='word_1_395' title='bbox 2508 3051 2848 3121; x_wconf 82' lang='grc' dir='ltr'>κληρονόμος</span> <span class='ocrx_word' id='word_1_396' title='bbox 2900 3051 3107 3119; x_wconf 76' lang='grc' dir='ltr'>ἔλεγεν,</span> <span class='ocrx_word' id='word_1_397' title='bbox 3163 3051 3240 3124; x_wconf 81' lang='grc' dir='ltr'><strong>μὴ</strong></span> <span class='ocrx_word' id='word_1_398' title='bbox 3307 3053 3586 3109; x_wconf 79' lang='grc' dir='ltr'>δύνασθαι</span> <span class='ocrx_word' id='word_1_399' title='bbox 3639 3054 3800 3107; x_wconf 82' lang='grc' dir='ltr'>πλείω</span> 
     </span>
    </p>
   </div>
   <div class='ocr_carea' id='block_1_61' title="bbox 543 3139 2126 3218">
    <p class='ocr_par' dir='ltr' id='par_1_61' title="bbox 543 3139 2122 3211">
     <span class='ocr_line' id='line_1_61' title="bbox 543 3139 2122 3211; baseline 0.001 -16"><span class='ocrx_word' id='word_1_400' title='bbox 543 3150 601 3195; x_wconf 88' lang='lat' dir='ltr'><strong>et</strong></span> <span class='ocrx_word' id='word_1_401' title='bbox 629 3139 944 3195; x_wconf 86' lang='lat' dir='ltr'><strong>scholarum</strong></span> <span class='ocrx_word' id='word_1_402' title='bbox 972 3140 1328 3205; x_wconf 85' lang='lat' dir='ltr'><strong>domesticus,</strong></span> <span class='ocrx_word' id='word_1_403' title='bbox 1358 3139 1672 3196; x_wconf 86' lang='lat' dir='ltr'><strong>Theoctisto</strong></span> <span class='ocrx_word' id='word_1_404' title='bbox 1691 3142 1956 3211; x_wconf 75' lang='lat' dir='ltr'><strong>magistro</strong></span> <span class='ocrx_word' id='word_1_405' title='bbox 1986 3157 2122 3211; x_wconf 83' lang='lat' dir='ltr'><strong>prae-</strong></span> 
     </span>
    </p>
   </div>
   <div class='ocr_carea' id='block_1_62' title="bbox 2228 3139 3800 3218">
    <p class='ocr_par' dir='ltr' id='par_1_62' title="bbox 2228 3140 3800 3218">
     <span class='ocr_line' id='line_1_62' title="bbox 2228 3140 3800 3218; baseline 0.005 -26"><span class='ocrx_word' id='word_1_406' title='bbox 2228 3140 2395 3211; x_wconf 84' lang='grc' dir='ltr'>τριῶν</span> <span class='ocrx_word' id='word_1_407' title='bbox 2439 3142 2719 3196; x_wconf 83' lang='grc' dir='ltr'>ταλάντων</span> <span class='ocrx_word' id='word_1_408' title='bbox 2754 3144 3072 3198; x_wconf 81' lang='grc' dir='ltr'>ἀποδοῦναι.</span> <span class='ocrx_word' id='word_1_409' title='bbox 3129 3145 3314 3200; x_wconf 83' lang='grc' dir='ltr'>Ταῦτα</span> <span class='ocrx_word' id='word_1_410' title='bbox 3346 3146 3406 3200; x_wconf 80' lang='grc' dir='ltr'>δὲ</span> <span class='ocrx_word' id='word_1_411' title='bbox 3441 3144 3514 3218; x_wconf 76' lang='grc' dir='ltr'><strong>ἦν</strong></span> <span class='ocrx_word' id='word_1_412' title='bbox 3543 3147 3732 3218; x_wconf 80' lang='grc' dir='ltr'>μικρὸν</span> <span class='ocrx_word' id='word_1_413' title='bbox 3759 3146 3800 3178; x_wconf 74' lang='grc'><strong><em>’³</em></strong></span> 
     </span>
    </p>
   </div>
   <div class='ocr_carea' id='block_1_63' title="bbox 542 3230 2126 3302">
    <p class='ocr_par' dir='ltr' id='par_1_63' title="bbox 542 3230 2126 3302">
     <span class='ocr_line' id='line_1_63' title="bbox 542 3230 2126 3302; baseline 0 -15"><span class='ocrx_word' id='word_1_414' title='bbox 542 3239 722 3296; x_wconf 72' lang='lat' dir='ltr'><strong>sonte,</strong></span> <span class='ocrx_word' id='word_1_415' title='bbox 753 3230 1098 3287; x_wconf 82' lang='lat' dir='ltr'><strong>Stauracium</strong></span> <span class='ocrx_word' id='word_1_416' title='bbox 1147 3231 1532 3302; x_wconf 84' lang='lat' dir='ltr'><strong>imperatorem</strong></span> <span class='ocrx_word' id='word_1_417' title='bbox 1593 3232 1913 3299; x_wconf 88' lang='lat' dir='ltr'><strong>declaravit,</strong></span> <span class='ocrx_word' id='word_1_418' title='bbox 1942 3241 1998 3288; x_wconf 90' lang='lat' dir='ltr'><strong>ct</strong></span> <span class='ocrx_word' id='word_1_419' title='bbox 2057 3233 2126 3287; x_wconf 85' lang='lat' dir='ltr'><strong>de</strong></span> 
     </span>
    </p>
   </div>
   <div class='ocr_carea' id='block_1_64' title="bbox 541 3323 2126 3395">
    <p class='ocr_par' dir='ltr' id='par_1_64' title="bbox 541 3323 2126 3395">
     <span class='ocr_line' id='line_1_64' title="bbox 541 3323 2126 3395; baseline 0.001 -17"><span class='ocrx_word' id='word_1_420' title='bbox 541 3324 717 3395; x_wconf 84' lang='lat' dir='ltr'><strong>patris</strong></span> <span class='ocrx_word' id='word_1_421' title='bbox 740 3323 867 3394; x_wconf 87' lang='lat' dir='ltr'><strong>ejus</strong></span> <span class='ocrx_word' id='word_1_422' title='bbox 889 3323 1188 3394; x_wconf 87' lang='lat' dir='ltr'><strong>imperandi</strong></span> <span class='ocrx_word' id='word_1_423' title='bbox 1213 3324 1427 3380; x_wconf 88' lang='lat' dir='ltr'><strong>ratione</strong></span> <span class='ocrx_word' id='word_1_424' title='bbox 1456 3324 1526 3386; x_wconf 82' lang='lat' dir='ltr'><strong>ad</strong></span> <span class='ocrx_word' id='word_1_425' title='bbox 1546 3324 1818 3380; x_wconf 81' lang='lat' dir='ltr'><strong>exercitus</strong></span> <span class='ocrx_word' id='word_1_426' title='bbox 1843 3324 2126 3395; x_wconf 86' lang='lat' dir='ltr'><strong>reliquias,</strong></span> 
     </span>
    </p>
   </div>
   <div class='ocr_carea' id='block_1_65' title="bbox 538 3413 2124 3486">
    <p class='ocr_par' dir='ltr' id='par_1_65' title="bbox 538 3413 2124 3486">
     <span class='ocr_line' id='line_1_65' title="bbox 538 3413 2124 3486; baseline 0.003 -21"><span class='ocrx_word' id='word_1_427' title='bbox 538 3429 664 3485; x_wconf 71' lang='lat' dir='ltr'><strong>quae</strong></span> <span class='ocrx_word' id='word_1_428' title='bbox 691 3430 752 3471; x_wconf 87' lang='lat' dir='ltr'><strong>se</strong></span> <span class='ocrx_word' id='word_1_429' title='bbox 780 3413 902 3486; x_wconf 74' lang='lat' dir='ltr'><strong>fuga</strong></span> <span class='ocrx_word' id='word_1_430' title='bbox 935 3416 1044 3470; x_wconf 85' lang='lat' dir='ltr'><strong>leto</strong></span> <span class='ocrx_word' id='word_1_431' title='bbox 1097 3415 1508 3484; x_wconf 87' lang='lat' dir='ltr'><strong>subripuerant,</strong></span> <span class='ocrx_word' id='word_1_432' title='bbox 1544 3415 1850 3471; x_wconf 87' lang='lat' dir='ltr'><strong>orationem</strong></span> <span class='ocrx_word' id='word_1_433' title='bbox 1911 3415 2124 3483; x_wconf 85' lang='lat' dir='ltr'><strong>habuit,</strong></span> 
     </span>
    </p>
   </div>
   <div class='ocr_carea' id='block_1_66' title="bbox 538 3505 2123 3580">
    <p class='ocr_par' dir='ltr' id='par_1_66' title="bbox 538 3505 2123 3580">
     <span class='ocr_line' id='line_1_66' title="bbox 538 3505 2123 3580; baseline 0.001 -20"><span class='ocrx_word' id='word_1_434' title='bbox 538 3521 702 3576; x_wconf 80' lang='lat' dir='ltr'><strong>quem</strong></span> <span class='ocrx_word' id='word_1_435' title='bbox 735 3506 811 3560; x_wconf 91' lang='lat' dir='ltr'><strong>illi</strong></span> <span class='ocrx_word' id='word_1_436' title='bbox 840 3507 978 3562; x_wconf 67' lang='lat' dir='ltr'><strong>laetis</strong></span> <span class='ocrx_word' id='word_1_437' title='bbox 1022 3506 1246 3580; x_wconf 51' lang='lat' dir='ltr'><strong>animis,</strong></span> <span class='ocrx_word' id='word_1_438' title='bbox 1281 3516 1639 3575; x_wconf 75' lang='lat' dir='ltr'><strong>exceperunt.</strong></span> <span class='ocrx_word' id='word_1_439' title='bbox 1672 3505 1901 3562; x_wconf 83' lang='lat' dir='ltr'><strong>Michael</strong></span> <span class='ocrx_word' id='word_1_440' title='bbox 1959 3522 2123 3577; x_wconf 88' lang='lat' dir='ltr'><strong>porro</strong></span> 
     </span>
    </p>
   </div>
   <div class='ocr_carea' id='block_1_67' title="bbox 536 3599 2121 3670">
    <p class='ocr_par' dir='ltr' id='par_1_67' title="bbox 536 3599 2121 3670">
     <span class='ocr_line' id='line_1_67' title="bbox 536 3599 2121 3670; baseline -0.001 -15"><span class='ocrx_word' id='word_1_441' title='bbox 536 3600 883 3670; x_wconf 86' lang='lat' dir='ltr'><strong>curopalates</strong></span> <span class='ocrx_word' id='word_1_442' title='bbox 931 3599 1116 3654; x_wconf 90' lang='lat' dir='ltr'><strong>salvus</strong></span> <span class='ocrx_word' id='word_1_443' title='bbox 1153 3614 1184 3655; x_wconf 90' lang='lat' dir='ltr'><strong>e</strong></span> <span class='ocrx_word' id='word_1_444' title='bbox 1231 3599 1420 3670; x_wconf 82' lang='lat' dir='ltr'><strong>praelio</strong></span> <span class='ocrx_word' id='word_1_445' title='bbox 1486 3601 1682 3665; x_wconf 80' lang='lat' dir='ltr'><strong>redux,</strong></span> <span class='ocrx_word' id='word_1_446' title='bbox 1740 3600 2121 3668; x_wconf 88' lang='lat' dir='ltr'><strong>imperatorem</strong></span> 
     </span>
    </p>
   </div>
   <div class='ocr_carea' id='block_1_68' title="bbox 537 3691 2123 3764">
    <p class='ocr_par' dir='ltr' id='par_1_68' title="bbox 537 3691 2123 3764">
     <span class='ocr_line' id='line_1_68' title="bbox 537 3691 2123 3764; baseline 0.001 -18"><span class='ocrx_word' id='word_1_447' title='bbox 537 3693 763 3747; x_wconf 84' lang='lat' dir='ltr'><strong>salutari</strong></span> <span class='ocrx_word' id='word_1_448' title='bbox 793 3706 854 3747; x_wconf 79' lang='lat' dir='ltr'><strong>se</strong></span> <span class='ocrx_word' id='word_1_449' title='bbox 869 3692 1230 3762; x_wconf 73' lang='lat' dir='ltr'><strong>permitteret,</strong></span> <span class='ocrx_word' id='word_1_450' title='bbox 1264 3691 1560 3761; x_wconf 86' lang='lat' dir='ltr'><strong>plurimum</strong></span> <span class='ocrx_word' id='word_1_451' title='bbox 1611 3692 1680 3747; x_wconf 87' lang='lat' dir='ltr'><strong>ab</strong></span> <span class='ocrx_word' id='word_1_452' title='bbox 1703 3691 1866 3764; x_wconf 64' lang='grc'><strong>417</strong></span> <span class='ocrx_word' id='word_1_453' title='bbox 1932 3693 2123 3748; x_wconf 87' lang='lat' dir='ltr'><strong>amicis</strong></span> 
     </span>
    </p>
   </div>
   <div class='ocr_carea' id='block_1_69' title="bbox 537 3784 2122 3854">
    <p class='ocr_par' dir='ltr' id='par_1_69' title="bbox 537 3784 2122 3854">
     <span class='ocr_line' id='line_1_69' title="bbox 537 3784 2122 3854; baseline 0.001 -16"><span class='ocrx_word' id='word_1_454' title='bbox 537 3793 790 3854; x_wconf 81' lang='lat' dir='ltr'><strong>rogatus,</strong></span> <span class='ocrx_word' id='word_1_455' title='bbox 822 3784 902 3838; x_wconf 85' lang='lat' dir='ltr'><strong>ob</strong></span> <span class='ocrx_word' id='word_1_456' title='bbox 923 3793 1270 3839; x_wconf 75' lang='lat' dir='ltr'><strong>sacramenta</strong></span> <span class='ocrx_word' id='word_1_457' title='bbox 1318 3784 1629 3852; x_wconf 87' lang='lat' dir='ltr'><strong>Nicephoro</strong></span> <span class='ocrx_word' id='word_1_458' title='bbox 1667 3793 1723 3839; x_wconf 86' lang='lat' dir='ltr'><strong>et</strong></span> <span class='ocrx_word' id='word_1_459' title='bbox 1777 3784 2063 3842; x_wconf 86' lang='lat' dir='ltr'><strong>Stauracio</strong></span> <span class='ocrx_word' id='word_1_460' title='bbox 2092 3801 2122 3840; x_wconf 87' lang='lat' dir='ltr'><strong>a</strong></span> 
     </span>
    </p>
   </div>
   <div class='ocr_carea' id='block_1_70' title="bbox 546 3875 2120 3947">
    <p class='ocr_par' dir='ltr' id='par_1_70' title="bbox 546 3875 2120 3947">
     <span class='ocr_line' id='line_1_70' title="bbox 546 3875 2120 3947; baseline -0.001 -14"><span class='ocrx_word' id='word_1_461' title='bbox 546 3893 608 3933; x_wconf 87' lang='lat' dir='ltr'><strong>se</strong></span> <span class='ocrx_word' id='word_1_462' title='bbox 637 3878 787 3940; x_wconf 83' lang='lat' dir='ltr'><strong>data,</strong></span> <span class='ocrx_word' id='word_1_463' title='bbox 819 3885 1142 3947; x_wconf 78' lang='lat' dir='ltr'><strong>potestatem</strong></span> <span class='ocrx_word' id='word_1_464' title='bbox 1171 3876 1410 3932; x_wconf 88' lang='lat' dir='ltr'><strong>oblatam</strong></span> <span class='ocrx_word' id='word_1_465' title='bbox 1441 3877 1735 3933; x_wconf 86' lang='lat' dir='ltr'><strong>recusavit.</strong></span> <span class='ocrx_word' id='word_1_466' title='bbox 1768 3875 1907 3934; x_wconf 84' lang='lat' dir='ltr'><strong>l-luic</strong></span> <span class='ocrx_word' id='word_1_467' title='bbox 1957 3880 2120 3933; x_wconf 88' lang='lat' dir='ltr'><strong>etiam</strong></span> 
     </span>
    </p>
   </div>
   <div class='ocr_carea' id='block_1_71' title="bbox 535 3969 2122 4040">
    <p class='ocr_par' dir='ltr' id='par_1_71' title="bbox 535 3969 2122 4040">
     <span class='ocr_line' id='line_1_71' title="bbox 535 3969 2122 4040; baseline 0.001 -16"><span class='ocrx_word' id='word_1_468' title='bbox 535 3970 786 4026; x_wconf 81' lang='lat' dir='ltr'><strong>melioris</strong></span> <span class='ocrx_word' id='word_1_469' title='bbox 833 3969 1162 4025; x_wconf 80' lang='lat' dir='ltr'><strong>valetudinis</strong></span> <span class='ocrx_word' id='word_1_470' title='bbox 1219 3984 1249 4023; x_wconf 86' lang='lat' dir='ltr'><strong>a</strong></span> <span class='ocrx_word' id='word_1_471' title='bbox 1301 3969 1590 4026; x_wconf 85' lang='lat' dir='ltr'><strong>Stauracio</strong></span> <span class='ocrx_word' id='word_1_472' title='bbox 1641 3970 1970 4038; x_wconf 67' lang='lat' dir='ltr'><strong>recipienda</strong></span> <span class='ocrx_word' id='word_1_473' title='bbox 2025 3985 2122 4040; x_wconf 87' lang='lat' dir='ltr'><strong>spe</strong></span> 
     </span>
    </p>
   </div>
   <div class='ocr_carea' id='block_1_72' title="bbox 538 4058 2119 4130">
    <p class='ocr_par' dir='ltr' id='par_1_72' title="bbox 538 4058 2119 4130">
     <span class='ocr_line' id='line_1_72' title="bbox 538 4058 2119 4130; baseline -0.001 -14"><span class='ocrx_word' id='word_1_474' title='bbox 538 4061 714 4118; x_wconf 86' lang='lat' dir='ltr'><strong>fretus</strong></span> <span class='ocrx_word' id='word_1_475' title='bbox 769 4060 1081 4130; x_wconf 84' lang='lat' dir='ltr'><strong>Stephanus</strong></span> <span class='ocrx_word' id='word_1_476' title='bbox 1134 4060 1473 4116; x_wconf 90' lang='lat' dir='ltr'><strong>domesticus</strong></span> <span class='ocrx_word' id='word_1_477' title='bbox 1528 4058 1744 4114; x_wconf 81' lang='lat' dir='ltr'><strong>fortiter</strong></span> <span class='ocrx_word' id='word_1_478' title='bbox 1800 4060 2119 4125; x_wconf 86' lang='lat' dir='ltr'><strong>obsistebat,</strong></span> 
     </span>
    </p>
   </div>
   <div class='ocr_carea' id='block_1_73' title="bbox 541 4151 2118 4222">
    <p class='ocr_par' dir='ltr' id='par_1_73' title="bbox 541 4151 2118 4222">
     <span class='ocr_line' id='line_1_73' title="bbox 541 4151 2118 4222; baseline -0.002 -13"><span class='ocrx_word' id='word_1_479' title='bbox 541 4155 722 4209; x_wconf 89' lang='lat' dir='ltr'><strong>eidem</strong></span> <span class='ocrx_word' id='word_1_480' title='bbox 766 4169 895 4209; x_wconf 77' lang='lat' dir='ltr'><strong>vero</strong></span> <span class='ocrx_word' id='word_1_481' title='bbox 919 4152 1170 4208; x_wconf 78' lang='lat' dir='ltr'><strong>Michaeli</strong></span> <span class='ocrx_word' id='word_1_482' title='bbox 1206 4152 1498 4222; x_wconf 88' lang='lat' dir='ltr'><strong>imperium</strong></span> <span class='ocrx_word' id='word_1_483' title='bbox 1540 4151 1933 4206; x_wconf 86' lang='lat' dir='ltr'><strong>conferendum</strong></span> <span class='ocrx_word' id='word_1_484' title='bbox 1964 4153 2118 4207; x_wconf 84' lang='lat' dir='ltr'><strong>solli-</strong></span> 
     </span>
    </p>
   </div>
   <div class='ocr_carea' id='block_1_74' title="bbox 531 4241 2118 4312">
    <p class='ocr_par' dir='ltr' id='par_1_74' title="bbox 531 4241 2118 4312">
     <span class='ocr_line' id='line_1_74' title="bbox 531 4241 2118 4312; baseline -0.003 -10"><span class='ocrx_word' id='word_1_485' title='bbox 531 4247 640 4302; x_wconf 90' lang='lat' dir='ltr'><strong>cite</strong></span> <span class='ocrx_word' id='word_1_486' title='bbox 663 4246 896 4301; x_wconf 82' lang='lat' dir='ltr'><strong>curabat</strong></span> <span class='ocrx_word' id='word_1_487' title='bbox 928 4245 1280 4300; x_wconf 89' lang='lat' dir='ltr'><strong>Theoctistus</strong></span> <span class='ocrx_word' id='word_1_488' title='bbox 1308 4243 1588 4312; x_wconf 80' lang='lat' dir='ltr'><strong>magister.</strong></span> <span class='ocrx_word' id='word_1_489' title='bbox 1619 4241 1910 4298; x_wconf 88' lang='lat' dir='ltr'><strong>Stauracio</strong></span> <span class='ocrx_word' id='word_1_490' title='bbox 1932 4253 2118 4298; x_wconf 75' lang='lat' dir='ltr'><strong>autem</strong></span> 
     </span>
    </p>
   </div>
   <div class='ocr_carea' id='block_1_75' title="bbox 530 4334 2120 4408">
    <p class='ocr_par' dir='ltr' id='par_1_75' title="bbox 530 4334 2120 4408">
     <span class='ocr_line' id='line_1_75' title="bbox 530 4334 2120 4408; baseline -0.001 -14"><span class='ocrx_word' id='word_1_491' title='bbox 530 4338 856 4408; x_wconf 80' lang='lat' dir='ltr'><strong>sanguinem</strong></span> <span class='ocrx_word' id='word_1_492' title='bbox 885 4351 1010 4392; x_wconf 91' lang='lat' dir='ltr'><strong>cum</strong></span> <span class='ocrx_word' id='word_1_493' title='bbox 1043 4337 1200 4390; x_wconf 90' lang='lat' dir='ltr'><strong>urina</strong></span> <span class='ocrx_word' id='word_1_494' title='bbox 1225 4335 1514 4402; x_wconf 89' lang='lat' dir='ltr'><strong>emittenti,</strong></span> <span class='ocrx_word' id='word_1_495' title='bbox 1543 4334 1746 4390; x_wconf 82' lang='lat' dir='ltr'><strong>femora</strong></span> <span class='ocrx_word' id='word_1_496' title='bbox 1777 4346 1938 4406; x_wconf 76' lang='lat' dir='ltr'><strong>atque</strong></span> <span class='ocrx_word' id='word_1_497' title='bbox 1958 4351 2120 4394; x_wconf 87' lang='lat' dir='ltr'><strong>crura</strong></span> 
     </span>
    </p>
   </div>
   <div class='ocr_carea' id='block_1_76' title="bbox 532 4427 2116 4495">
    <p class='ocr_par' dir='ltr' id='par_1_76' title="bbox 532 4427 2116 4495">
     <span class='ocr_line' id='line_1_76' title="bbox 532 4427 2116 4495; baseline -0.001 -11"><span class='ocrx_word' id='word_1_498' title='bbox 532 4431 609 4484; x_wconf 86' lang='lat' dir='ltr'><strong>ita</strong></span> <span class='ocrx_word' id='word_1_499' title='bbox 633 4431 1014 4495; x_wconf 80' lang='lat' dir='ltr'><strong>extabuerunt,</strong></span> <span class='ocrx_word' id='word_1_500' title='bbox 1043 4436 1105 4482; x_wconf 87' lang='lat' dir='ltr'><strong>ut</strong></span> <span class='ocrx_word' id='word_1_501' title='bbox 1155 4427 1347 4483; x_wconf 86' lang='lat' dir='ltr'><strong>lectica</strong></span> <span class='ocrx_word' id='word_1_502' title='bbox 1397 4427 1450 4481; x_wconf 91' lang='lat' dir='ltr'><strong>in</strong></span> <span class='ocrx_word' id='word_1_503' title='bbox 1492 4427 1683 4482; x_wconf 83' lang='lat' dir='ltr'><strong>urbem</strong></span> <span class='ocrx_word' id='word_1_504' title='bbox 1718 4429 1789 4482; x_wconf 86' lang='lat' dir='ltr'><strong>sit</strong></span> <span class='ocrx_word' id='word_1_505' title='bbox 1850 4427 2116 4482; x_wconf 88' lang='lat' dir='ltr'><strong>invectus.</strong></span> 
     </span>
    </p>
   </div>
   <div class='ocr_carea' id='block_1_77' title="bbox 2231 3234 3800 3310">
    <p class='ocr_par' dir='ltr' id='par_1_77' title="bbox 2231 3234 3800 3310">
     <span class='ocr_line' id='line_1_77' title="bbox 2231 3234 3800 3310; baseline 0.002 -24"><span class='ocrx_word' id='word_1_506' title='bbox 2231 3234 2418 3304; x_wconf 68' lang='grc' dir='ltr'>μόριον</span> <span class='ocrx_word' id='word_1_507' title='bbox 2449 3235 2558 3288; x_wconf 86' lang='grc' dir='ltr'>τῶν</span> <span class='ocrx_word' id='word_1_508' title='bbox 2601 3237 2815 3290; x_wconf 81' lang='grc' dir='ltr'>ἐκείνου</span> <span class='ocrx_word' id='word_1_509' title='bbox 2848 3237 3095 3291; x_wconf 84' lang='grc' dir='ltr'>ἀδικιῶν.</span> <span class='ocrx_word' id='word_1_510' title='bbox 3129 3238 3276 3308; x_wconf 87' lang='grc' dir='ltr'>Πλὴν</span> <span class='ocrx_word' id='word_1_511' title='bbox 3325 3239 3427 3292; x_wconf 83' lang='grc' dir='ltr'>καὶ</span> <span class='ocrx_word' id='word_1_512' title='bbox 3470 3240 3603 3310; x_wconf 74' lang='grc' dir='ltr'>περὶ</span> <span class='ocrx_word' id='word_1_513' title='bbox 3643 3239 3800 3292; x_wconf 79' lang='grc' dir='ltr'>ταῦτα</span> 
     </span>
    </p>
   </div>
   <div class='ocr_carea' id='block_1_78' title="bbox 2225 3325 3803 3402">
    <p class='ocr_par' dir='ltr' id='par_1_78' title="bbox 2225 3325 3803 3402">
     <span class='ocr_line' id='line_1_78' title="bbox 2225 3325 3803 3402; baseline 0.003 -24"><span class='ocrx_word' id='word_1_514' title='bbox 2225 3325 2408 3389; x_wconf 78' lang='grc' dir='ltr'>ὤκνει,</span> <span class='ocrx_word' id='word_1_515' title='bbox 2462 3326 2627 3396; x_wconf 77' lang='grc' dir='ltr'>ζῆσαι</span> <span class='ocrx_word' id='word_1_516' title='bbox 2675 3329 3016 3399; x_wconf 84' lang='grc' dir='ltr'>καραδοκῶν.</span> <span class='ocrx_word' id='word_1_517' title='bbox 3069 3330 3370 3384; x_wconf 75' lang='grc' dir='ltr'>Ἀσπονδον</span> <span class='ocrx_word' id='word_1_518' title='bbox 3419 3331 3480 3385; x_wconf 74' lang='grc' dir='ltr'>δὲ</span> <span class='ocrx_word' id='word_1_519' title='bbox 3525 3332 3664 3402; x_wconf 77' lang='grc' dir='ltr'>ἔχων</span> <span class='ocrx_word' id='word_1_520' title='bbox 3709 3347 3803 3383; x_wconf 84' lang='grc' dir='ltr'>πα-</span> 
     </span>
    </p>
   </div>
   <div class='ocr_carea' id='block_1_79' title="bbox 2223 3417 3806 3492">
    <p class='ocr_par' dir='ltr' id='par_1_79' title="bbox 2223 3417 3806 3492">
     <span class='ocr_line' id='line_1_79' title="bbox 2223 3417 3806 3492; baseline 0.003 -23"><span class='ocrx_word' id='word_1_521' title='bbox 2223 3419 2418 3488; x_wconf 82' lang='grc' dir='ltr'>τρικὴν</span> <span class='ocrx_word' id='word_1_522' title='bbox 2470 3417 2696 3489; x_wconf 82' lang='grc' dir='ltr'>γνώμην</span> <span class='ocrx_word' id='word_1_523' title='bbox 2751 3419 3076 3492; x_wconf 85' lang='grc' dir='ltr'>συχνότερον</span> <span class='ocrx_word' id='word_1_524' title='bbox 3113 3421 3363 3492; x_wconf 83' lang='grc' dir='ltr'>ἀτιμίαις</span> <span class='ocrx_word' id='word_1_525' title='bbox 3416 3421 3646 3477; x_wconf 79' lang='grc' dir='ltr'>ἔϐαλλεν</span> <span class='ocrx_word' id='word_1_526' title='bbox 3687 3421 3806 3474; x_wconf 77' lang='grc' dir='ltr'>Θεό·</span> 
     </span>
    </p>
   </div>
   <div class='ocr_carea' id='block_1_80' title="bbox 2223 3511 3807 3584">
    <p class='ocr_par' dir='ltr' id='par_1_80' title="bbox 2223 3511 3807 3584">
     <span class='ocr_line' id='line_1_80' title="bbox 2223 3511 3807 3584; baseline 0.003 -24"><span class='ocrx_word' id='word_1_527' title='bbox 2223 3525 2441 3562; x_wconf 84' lang='grc' dir='ltr'>κτιστον</span> <span class='ocrx_word' id='word_1_528' title='bbox 2503 3511 2806 3581; x_wconf 82' lang='grc' dir='ltr'>μάγιστρον</span> <span class='ocrx_word' id='word_1_529' title='bbox 2865 3511 2962 3565; x_wconf 72' lang='grc' dir='ltr'>καὶ</span> <span class='ocrx_word' id='word_1_530' title='bbox 3011 3512 3284 3582; x_wconf 85' lang='grc' dir='ltr'>Στέφανον</span> <span class='ocrx_word' id='word_1_531' title='bbox 3342 3513 3676 3584; x_wconf 74' lang='grc' dir='ltr'>δομέστικον</span> <span class='ocrx_word' id='word_1_532' title='bbox 3722 3513 3807 3566; x_wconf 73' lang='grc' dir='ltr'>καὶ</span> 
     </span>
    </p>
   </div>
   <div class='ocr_carea' id='block_1_81' title="bbox 2223 3601 3808 3675">
    <p class='ocr_par' dir='ltr' id='par_1_81' title="bbox 2223 3601 3808 3675">
     <span class='ocr_line' id='line_1_81' title="bbox 2223 3601 3808 3675; baseline -0.001 -19"><span class='ocrx_word' id='word_1_533' title='bbox 2223 3603 2444 3672; x_wconf 81' lang='grc' dir='ltr'>Μιχαὴλ</span> <span class='ocrx_word' id='word_1_534' title='bbox 2486 3603 2930 3675; x_wconf 80' lang='grc' dir='ltr'>κουροπαλάτην,</span> <span class='ocrx_word' id='word_1_535' title='bbox 2970 3605 3459 3675; x_wconf 79' lang='grc' dir='ltr'>ἀποστρεφόμενος</span> <span class='ocrx_word' id='word_1_536' title='bbox 3503 3606 3684 3672; x_wconf 80' lang='grc' dir='ltr'>πάντη</span> <span class='ocrx_word' id='word_1_537' title='bbox 3719 3601 3808 3656; x_wconf 68' lang='grc' dir='ltr'><strong>καὶ</strong></span> 
     </span>
    </p>
   </div>
   <div class='ocr_carea' id='block_1_82' title="bbox 2224 3695 3805 3770">
    <p class='ocr_par' dir='ltr' id='par_1_82' title="bbox 2224 3695 3805 3770">
     <span class='ocr_line' id='line_1_82' title="bbox 2224 3695 3805 3770; baseline -0.001 -20"><span class='ocrx_word' id='word_1_538' title='bbox 2224 3697 2538 3766; x_wconf 87' lang='grc' dir='ltr'>Προκοπίαν</span> <span class='ocrx_word' id='word_1_539' title='bbox 2595 3697 2719 3770; x_wconf 58' lang='grc' dir='ltr'>τὴν⁸</span> <span class='ocrx_word' id='word_1_540' title='bbox 2750 3697 2887 3751; x_wconf 80' lang='grc' dir='ltr'>ἰδίαν</span> <span class='ocrx_word' id='word_1_541' title='bbox 2953 3697 3228 3768; x_wconf 80' lang='grc' dir='ltr'>ἀδελφὴν,</span> <span class='ocrx_word' id='word_1_542' title='bbox 3280 3697 3357 3762; x_wconf 86' lang='grc' dir='ltr'>ὡς</span> <span class='ocrx_word' id='word_1_543' title='bbox 3415 3695 3805 3754; x_wconf 71' lang='grc' dir='ltr'>ἐπιϐουλεύσα-</span> 
     </span>
    </p>
   </div>
   <div class='ocr_carea' id='block_1_83' title="bbox 2227 3789 3805 3862">
    <p class='ocr_par' dir='ltr' id='par_1_83' title="bbox 2227 3789 3805 3862">
     <span class='ocr_line' id='line_1_83' title="bbox 2227 3789 3805 3862; baseline -0.001 -19"><span class='ocrx_word' id='word_1_544' title='bbox 2227 3807 2327 3843; x_wconf 86' lang='grc' dir='ltr'><strong>σαν</strong></span> <span class='ocrx_word' id='word_1_545' title='bbox 2364 3791 2515 3861; x_wconf 73' lang='grc' dir='ltr'>αὐτῷ</span> <span class='ocrx_word' id='word_1_546' title='bbox 2555 3793 2677 3854; x_wconf 85' lang='grc' dir='ltr'>ταῖς</span> <span class='ocrx_word' id='word_1_547' title='bbox 2715 3789 2976 3860; x_wconf 82' lang='grc' dir='ltr'>Θεοφανὼ</span> <span class='ocrx_word' id='word_1_548' title='bbox 3013 3791 3114 3862; x_wconf 83' lang='grc' dir='ltr'><strong>τῆς</strong></span> <span class='ocrx_word' id='word_1_549' title='bbox 3143 3791 3188 3822; x_wconf 83' lang='grc'>²⁶</span> <span class='ocrx_word' id='word_1_550' title='bbox 3214 3791 3550 3862; x_wconf 79' lang='grc' dir='ltr'>Αύγούστης</span> <span class='ocrx_word' id='word_1_551' title='bbox 3591 3790 3805 3844; x_wconf 78' lang='grc' dir='ltr'>ἐπιϐου-</span> 
     </span>
    </p>
   </div>
   <div class='ocr_carea' id='block_1_84' title="bbox 2223 3879 3807 3954">
    <p class='ocr_par' dir='ltr' id='par_1_84' title="bbox 2223 3879 3807 3954">
     <span class='ocr_line' id='line_1_84' title="bbox 2223 3879 3807 3954; baseline -0.001 -22"><span class='ocrx_word' id='word_1_552' title='bbox 2223 3880 2342 3942; x_wconf 85' lang='grc' dir='ltr'>λαῖς</span> <span class='ocrx_word' id='word_1_553' title='bbox 2373 3881 2416 3911; x_wconf 86' lang='grc'><strong>²⁷</strong></span> <span class='ocrx_word' id='word_1_554' title='bbox 2451 3880 2590 3951; x_wconf 81' lang='grc'><strong>(51).</strong></span> <span class='ocrx_word' id='word_1_555' title='bbox 2615 3880 2827 3935; x_wconf 78' lang='grc' dir='ltr'>Αὐτίκα</span> <span class='ocrx_word' id='word_1_556' title='bbox 2855 3881 2964 3954; x_wconf 83' lang='grc' dir='ltr'><strong>γὰρ</strong></span> <span class='ocrx_word' id='word_1_557' title='bbox 3021 3882 3055 3952; x_wconf 79' lang='grc' dir='ltr'><strong>η</strong></span> <span class='ocrx_word' id='word_1_558' title='bbox 3107 3880 3336 3933; x_wconf 84' lang='grc' dir='ltr'>τάλαινα</span> <span class='ocrx_word' id='word_1_559' title='bbox 3374 3882 3522 3935; x_wconf 82' lang='grc' dir='ltr'>κατὰ</span> <span class='ocrx_word' id='word_1_560' title='bbox 3585 3879 3807 3951; x_wconf 84' lang='grc' dir='ltr'>μίμησιν</span> 
     </span>
    </p>
   </div>
   <div class='ocr_carea' id='block_1_85' title="bbox 2221 3955 3808 4044">
    <p class='ocr_par' dir='ltr' id='par_1_85' title="bbox 2221 3955 3808 4044">
     <span class='ocr_line' id='line_1_85' title="bbox 2221 3955 3808 4044; baseline -0.003 -19"><span class='ocrx_word' id='word_1_561' title='bbox 2221 3972 2320 4039; x_wconf 78' lang='grc' dir='ltr'><strong>τῆς</strong></span> <span class='ocrx_word' id='word_1_562' title='bbox 2365 3955 2815 4044; x_wconf 75' lang='grc' dir='ltr'>άγίαςἘίρήνης</span> <span class='ocrx_word' id='word_1_563' title='bbox 2842 3972 2888 4003; x_wconf 79' lang='grc'><strong>’⁸</strong></span> <span class='ocrx_word' id='word_1_564' title='bbox 2931 3973 3231 4044; x_wconf 86' lang='grc' dir='ltr'>κρατήσειν</span> <span class='ocrx_word' id='word_1_565' title='bbox 3277 3971 3480 4044; x_wconf 73' lang='grc' dir='ltr'>ἤλπιζε</span> <span class='ocrx_word' id='word_1_566' title='bbox 3515 3973 3618 4042; x_wconf 85' lang='grc' dir='ltr'>τῆς</span> <span class='ocrx_word' id='word_1_567' title='bbox 3657 3971 3808 4041; x_wconf 84' lang='grc' dir='ltr'>βασι-</span> 
     </span>
    </p>
   </div>
   <div class='ocr_carea' id='block_1_86' title="bbox 2222 4061 3808 4135">
    <p class='ocr_par' dir='ltr' id='par_1_86' title="bbox 2222 4061 3808 4135">
     <span class='ocr_line' id='line_1_86' title="bbox 2222 4061 3808 4135; baseline -0.001 -19"><span class='ocrx_word' id='word_1_568' title='bbox 2222 4063 2374 4124; x_wconf 86' lang='grc' dir='ltr'>λείας</span> <span class='ocrx_word' id='word_1_569' title='bbox 2409 4062 2580 4124; x_wconf 81' lang='grc' dir='ltr'>άπαις</span> <span class='ocrx_word' id='word_1_570' title='bbox 2631 4061 2788 4116; x_wconf 82' lang='grc' dir='ltr'>οὖσα..</span> <span class='ocrx_word' id='word_1_571' title='bbox 2835 4063 2892 4117; x_wconf 89' lang='lat' dir='ltr'><strong>&#39;O</strong></span> <span class='ocrx_word' id='word_1_572' title='bbox 2923 4063 2980 4116; x_wconf 84' lang='grc' dir='ltr'>δὲ</span> <span class='ocrx_word' id='word_1_573' title='bbox 3016 4064 3351 4135; x_wconf 80' lang='grc' dir='ltr'>Σταυράκιος</span> <span class='ocrx_word' id='word_1_574' title='bbox 3404 4063 3647 4126; x_wconf 72' lang='grc' dir='ltr'>ἀνιάτοις</span> <span class='ocrx_word' id='word_1_575' title='bbox 3688 4063 3808 4115; x_wconf 81' lang='grc' dir='ltr'>ἑαν-</span> 
     </span>
    </p>
   </div>
   <div class='ocr_carea' id='block_1_87' title="bbox 2220 4154 3811 4226">
    <p class='ocr_par' dir='ltr' id='par_1_87' title="bbox 2220 4154 3811 4226">
     <span class='ocr_line' id='line_1_87' title="bbox 2220 4154 3811 4226; baseline -0.003 -18"><span class='ocrx_word' id='word_1_576' title='bbox 2220 4155 2314 4208; x_wconf 81' lang='grc' dir='ltr'><strong>τὸν</strong></span> <span class='ocrx_word' id='word_1_577' title='bbox 2374 4155 2516 4226; x_wconf 82' lang='grc' dir='ltr'>όρῶν</span> <span class='ocrx_word' id='word_1_578' title='bbox 2571 4155 2916 4226; x_wconf 87' lang='grc' dir='ltr'>διακείμενον</span> <span class='ocrx_word' id='word_1_579' title='bbox 2979 4156 3046 4226; x_wconf 80' lang='grc' dir='ltr'>τῇ</span> <span class='ocrx_word' id='word_1_580' title='bbox 3095 4158 3310 4226; x_wconf 81' lang='grc' dir='ltr'>γαμετῇ</span> <span class='ocrx_word' id='word_1_581' title='bbox 3376 4154 3479 4226; x_wconf 88' lang='grc' dir='ltr'><strong>τὴν</strong></span> <span class='ocrx_word' id='word_1_582' title='bbox 3533 4154 3811 4225; x_wconf 82' lang='grc' dir='ltr'>βασιλείαν</span> 
     </span>
    </p>
   </div>
   <div class='ocr_carea' id='block_1_88' title="bbox 2220 4245 3810 4318">
    <p class='ocr_par' dir='ltr' id='par_1_88' title="bbox 2220 4245 3810 4318">
     <span class='ocr_line' id='line_1_88' title="bbox 2220 4245 3810 4318; baseline -0.003 -18"><span class='ocrx_word' id='word_1_583' title='bbox 2220 4246 2517 4310; x_wconf 75' lang='grc' dir='ltr'>ἐσπούδαζε</span> <span class='ocrx_word' id='word_1_584' title='bbox 2565 4247 3060 4318; x_wconf 81' lang='grc' dir='ltr'>περιποιήσασθαι,</span> <span class='ocrx_word' id='word_1_585' title='bbox 3106 4245 3139 4316; x_wconf 83' lang='grc' dir='ltr'>ἢ</span> <span class='ocrx_word' id='word_1_586' title='bbox 3198 4246 3584 4318; x_wconf 85' lang='grc' dir='ltr'>δημοκρατίαν</span> <span class='ocrx_word' id='word_1_587' title='bbox 3606 4248 3810 4316; x_wconf 77' lang='grc' dir='ltr'>ἐγεῖραι</span> 
     </span>
    </p>
   </div>
   <div class='ocr_carea' id='block_1_89' title="bbox 2221 4329 3810 4411">
    <p class='ocr_par' dir='ltr' id='par_1_89' title="bbox 2221 4329 3810 4411">
     <span class='ocr_line' id='line_1_89' title="bbox 2221 4329 3810 4411; baseline 0 -20"><span class='ocrx_word' id='word_1_588' title='bbox 2221 4341 2571 4410; x_wconf 84' lang='grc' dir='ltr'>Χριστιανοίς</span> <span class='ocrx_word' id='word_1_589' title='bbox 2633 4339 2728 4393; x_wconf 68' lang='grc' dir='ltr'><strong>ἐπὶ</strong></span> <span class='ocrx_word' id='word_1_590' title='bbox 2789 4342 2901 4403; x_wconf 88' lang='grc' dir='ltr'>τοῖς</span> <span class='ocrx_word' id='word_1_591' title='bbox 2963 4338 3297 4411; x_wconf 82' lang='grc' dir='ltr'>προλαϐοῦσι</span> <span class='ocrx_word' id='word_1_592' title='bbox 3351 4343 3571 4404; x_wconf 84' lang='grc' dir='ltr'>κακοῖς,</span> <span class='ocrx_word' id='word_1_593' title='bbox 3617 4339 3733 4406; x_wconf 81' lang='grc' dir='ltr'><strong>Ἐφ’</strong></span> <span class='ocrx_word' id='word_1_594' title='bbox 3769 4329 3810 4404; x_wconf 82' lang='grc' dir='ltr'>ᾧ</span> 
     </span>
    </p>
   </div>
   <div class='ocr_carea' id='block_1_90' title="bbox 2222 4431 3809 4504">
    <p class='ocr_par' dir='ltr' id='par_1_90' title="bbox 2222 4431 3809 4504">
     <span class='ocr_line' id='line_1_90' title="bbox 2222 4431 3809 4504; baseline -0.003 -19"><span class='ocrx_word' id='word_1_595' title='bbox 2222 4432 2552 4504; x_wconf 79' lang='grc' dir='ltr'>πτοηθέντες</span> <span class='ocrx_word' id='word_1_596' title='bbox 2573 4433 2888 4503; x_wconf 78' lang='grc' dir='ltr'>Νικηφόρος</span> <span class='ocrx_word' id='word_1_597' title='bbox 2945 4434 2974 4486; x_wconf 91' lang='lat'><strong>6</strong></span> <span class='ocrx_word' id='word_1_598' title='bbox 3023 4432 3370 4504; x_wconf 87' lang='grc' dir='ltr'>πατριάρχης</span> <span class='ocrx_word' id='word_1_599' title='bbox 3402 4434 3505 4486; x_wconf 65' lang='grc' dir='ltr'><strong>καὶ</strong></span> <span class='ocrx_word' id='word_1_600' title='bbox 3537 4432 3567 4486; x_wconf 86' lang='lat'><strong>6</strong></span> <span class='ocrx_word' id='word_1_601' title='bbox 3591 4431 3809 4484; x_wconf 83' lang='grc' dir='ltr'>Θεόκτι-</span> 
     </span>
    </p>
   </div>
   <div class='ocr_carea' id='block_1_91' title="bbox 533 4513 2126 4597">
    <p class='ocr_par' dir='ltr' id='par_1_91' title="bbox 533 4517 2115 4590">
     <span class='ocr_line' id='line_1_91' title="bbox 533 4517 2115 4590; baseline -0.003 -14"><span class='ocrx_word' id='word_1_602' title='bbox 533 4519 676 4576; x_wconf 84' lang='lat' dir='ltr'><strong>Huic</strong></span> <span class='ocrx_word' id='word_1_603' title='bbox 726 4517 1441 4590; x_wconf 77' lang='lat' dir='ltr'><strong>patriarcha&#39;Nicephorus</strong></span> <span class='ocrx_word' id='word_1_604' title='bbox 1499 4519 1637 4573; x_wconf 89' lang='lat' dir='ltr'><strong>bene</strong></span> <span class='ocrx_word' id='word_1_605' title='bbox 1683 4517 1910 4574; x_wconf 78' lang='lat' dir='ltr'><strong>affectus</strong></span> <span class='ocrx_word' id='word_1_606' title='bbox 1949 4519 2115 4574; x_wconf 88' lang='lat' dir='ltr'><strong>Deum</strong></span> 
     </span>
    </p>
   </div>
   <div class='ocr_carea' id='block_1_92' title="bbox 2228 4513 3811 4597">
    <p class='ocr_par' dir='ltr' id='par_1_92' title="bbox 2228 4521 3811 4597">
     <span class='ocr_line' id='line_1_92' title="bbox 2228 4521 3811 4597; baseline -0.002 -19"><span class='ocrx_word' id='word_1_607' title='bbox 2228 4542 2346 4589; x_wconf 88' lang='grc' dir='ltr'>στος</span> <span class='ocrx_word' id='word_1_608' title='bbox 2382 4525 2680 4597; x_wconf 84' lang='grc' dir='ltr'>μάγιστρος</span> <span class='ocrx_word' id='word_1_609' title='bbox 2705 4527 2799 4580; x_wconf 81' lang='grc' dir='ltr'>καὶ</span> <span class='ocrx_word' id='word_1_610' title='bbox 2825 4526 3098 4593; x_wconf 84' lang='grc' dir='ltr'>Στέφανος</span> <span class='ocrx_word' id='word_1_611' title='bbox 3151 4525 3476 4595; x_wconf 84' lang='grc' dir='ltr'>δομέστικος</span> <span class='ocrx_word' id='word_1_612' title='bbox 3507 4527 3576 4578; x_wconf 77' lang='grc' dir='ltr'>ἐκ</span> <span class='ocrx_word' id='word_1_613' title='bbox 3613 4521 3811 4589; x_wconf 74' lang='grc' dir='ltr'>πολλῆς</span> 
     </span>
    </p>
   </div>
   <div class='ocr_carea' id='block_1_93' title="bbox 529 4609 2112 4684">
    <p class='ocr_par' dir='ltr' id='par_1_93' title="bbox 529 4609 2112 4684">
     <span class='ocr_line' id='line_1_93' title="bbox 529 4609 2112 4684; baseline -0.001 -18"><span class='ocrx_word' id='word_1_614' title='bbox 529 4612 793 4684; x_wconf 87' lang='lat' dir='ltr'><strong>placaret,</strong></span> <span class='ocrx_word' id='word_1_615' title='bbox 825 4619 879 4665; x_wconf 87' lang='lat' dir='ltr'><strong>et</strong></span> <span class='ocrx_word' id='word_1_616' title='bbox 931 4609 1104 4682; x_wconf 90' lang='lat' dir='ltr'><strong>patris</strong></span> <span class='ocrx_word' id='word_1_617' title='bbox 1144 4609 1265 4679; x_wconf 87' lang='lat' dir='ltr'><strong>ejus</strong></span> <span class='ocrx_word' id='word_1_618' title='bbox 1311 4611 1518 4679; x_wconf 87' lang='lat' dir='ltr'><strong>rapinis</strong></span> <span class='ocrx_word' id='word_1_619' title='bbox 1538 4625 1830 4680; x_wconf 85' lang='lat' dir='ltr'><strong>oppressos</strong></span> <span class='ocrx_word' id='word_1_620' title='bbox 1859 4613 2112 4668; x_wconf 88' lang='lat' dir='ltr'><strong>consola-</strong></span> 
     </span>
    </p>
   </div>
   <div class='ocr_carea' id='block_1_94' title="bbox 2217 4616 3810 4690">
    <p class='ocr_par' dir='ltr' id='par_1_94' title="bbox 2217 4616 3810 4690">
     <span class='ocr_line' id='line_1_94' title="bbox 2217 4616 3810 4690; baseline 0 -21"><span class='ocrx_word' id='word_1_621' title='bbox 2217 4616 2425 4689; x_wconf 40' lang='grc' dir='ltr'>ἔχθρας,</span> <span class='ocrx_word' id='word_1_622' title='bbox 2446 4621 2525 4684; x_wconf 85' lang='grc' dir='ltr'>εἰς</span> <span class='ocrx_word' id='word_1_623' title='bbox 2558 4618 2741 4689; x_wconf 81' lang='grc' dir='ltr'>φιλίαν</span> <span class='ocrx_word' id='word_1_624' title='bbox 2787 4618 3041 4690; x_wconf 81' lang='grc' dir='ltr'>ἀλλήλοις</span> <span class='ocrx_word' id='word_1_625' title='bbox 3073 4617 3169 4672; x_wconf 67' lang='grc' dir='ltr'><strong>καὶ</strong></span> <span class='ocrx_word' id='word_1_626' title='bbox 3212 4617 3432 4689; x_wconf 82' lang='grc' dir='ltr'>Μιχαὴλ</span> <span class='ocrx_word' id='word_1_627' title='bbox 3464 4617 3810 4690; x_wconf 79' lang='grc' dir='ltr'>κουροπα).ά-</span> 
     </span>
    </p>
   </div>
   <div class='ocr_carea' id='block_1_95' title="bbox 1816 4727 2493 4790">
    <p class='ocr_par' dir='ltr' id='par_1_95' title="bbox 1816 4727 2493 4790">
     <span class='ocr_line' id='line_1_95' title="bbox 1816 4727 2493 4790; baseline 0.015 -10"><span class='ocrx_word' id='word_1_628' title='bbox 1816 4727 2053 4784; x_wconf 74' lang='lat' dir='ltr'><strong>VARUE</strong></span> <span class='ocrx_word' id='word_1_629' title='bbox 2088 4729 2493 4790; x_wconf 75' lang='lat' dir='ltr'><strong>LECTIONES.</strong></span> 
     </span>
    </p>
   </div>
   <div class='ocr_carea' id='block_1_96' title="bbox 583 4839 3220 4922">
    <p class='ocr_par' dir='ltr' id='par_1_96' title="bbox 583 4839 3220 4922">
     <span class='ocr_line' id='line_1_96' title="bbox 583 4839 3220 4922; baseline 0.003 -28"><span class='ocrx_word' id='word_1_630' title='bbox 583 4839 771 4922; x_wconf 40' lang='lat' dir='ltr'><strong>“110i;</strong></span> <span class='ocrx_word' id='word_1_631' title='bbox 807 4841 1028 4922; x_wconf 22' lang='lat' dir='ltr'><strong>addaex</strong></span> <span class='ocrx_word' id='word_1_632' title='bbox 1177 4841 1600 4922; x_wconf 57' lang='lat' dir='ltr'><strong>&quot;‘_xutplw;_A,</strong></span> <span class='ocrx_word' id='word_1_633' title='bbox 1629 4844 1841 4922; x_wconf 60' lang='grc' dir='ltr'>κυρίως</span> <span class='ocrx_word' id='word_1_634' title='bbox 1863 4847 2012 4922; x_wconf 62' lang='lat' dir='ltr'><strong>vulg.</strong></span> <span class='ocrx_word' id='word_1_635' title='bbox 2089 4851 2135 4922; x_wconf 53' lang='grc' dir='ltr'><strong>’ξ</strong></span> <span class='ocrx_word' id='word_1_636' title='bbox 2170 4849 2546 4922; x_wconf 60' lang='grc' dir='ltr'>άνηχόρευσαν</span> <span class='ocrx_word' id='word_1_637' title='bbox 2578 4849 2645 4922; x_wconf 82' lang='grc' dir='ltr'>Α,</span> <span class='ocrx_word' id='word_1_638' title='bbox 2675 4849 3044 4922; x_wconf 69' lang='grc' dir='ltr'>ἀνηγόρευσεν</span> <span class='ocrx_word' id='word_1_639' title='bbox 3071 4847 3220 4922; x_wconf 81' lang='lat' dir='ltr'><strong>vulg.</strong></span> 
     </span>
    </p>
   </div>
   <div class='ocr_carea' id='block_1_97' title="bbox 1103 4911 3812 4995">
    <p class='ocr_par' dir='ltr' id='par_1_97' title="bbox 1103 4911 3812 4995">
     <span class='ocr_line' id='line_1_97' title="bbox 1103 4911 3812 4995; baseline -0.008 -8"><span class='ocrx_word' id='word_1_640' title='bbox 1103 4913 1146 4942; x_wconf 53' lang='grc'>’³</span> <span class='ocrx_word' id='word_1_641' title='bbox 1170 4911 1274 4995; x_wconf 56' lang='grc' dir='ltr'><strong>Ῠπδ</strong></span> <span class='ocrx_word' id='word_1_642' title='bbox 1305 4914 1368 4995; x_wconf 48' lang='grc' dir='ltr'><strong>ἢν</strong></span> <span class='ocrx_word' id='word_1_643' title='bbox 1398 4913 1548 4995; x_wconf 58' lang='grc' dir='ltr'><strong>Ψιρά</strong></span> <span class='ocrx_word' id='word_1_644' title='bbox 1576 4911 1729 4995; x_wconf 50' lang='grc' dir='ltr'><strong>νι¹¹3ξ</strong></span> <span class='ocrx_word' id='word_1_645' title='bbox 1796 4911 1929 4995; x_wconf 54' lang='grc' dir='ltr'><strong>’ζῆν</strong></span> <span class='ocrx_word' id='word_1_646' title='bbox 1960 4911 2154 4995; x_wconf 64' lang='grc' dir='ltr'>ῥξκρὸν</span> <span class='ocrx_word' id='word_1_647' title='bbox 2178 4911 2425 4995; x_wconf 78' lang='grc' dir='ltr'><strong>Α,’ἧν’τὸ</strong></span> <span class='ocrx_word' id='word_1_648' title='bbox 2456 4939 2515 4990; x_wconf 91' lang='grc' dir='ltr'><strong>μ.</strong></span> <span class='ocrx_word' id='word_1_649' title='bbox 2556 4911 2705 4992; x_wconf 81' lang='lat' dir='ltr'><strong>vulg.</strong></span> <span class='ocrx_word' id='word_1_650' title='bbox 2767 4911 2826 4952; x_wconf 56' lang='grc'><strong>’³⁷⁸</strong></span> <span class='ocrx_word' id='word_1_651' title='bbox 2855 4911 2955 4988; x_wconf 72' lang='grc' dir='ltr'>τῆς</span> <span class='ocrx_word' id='word_1_652' title='bbox 3000 4921 3124 4973; x_wconf 89' lang='lat' dir='ltr'><strong>add.</strong></span> <span class='ocrx_word' id='word_1_653' title='bbox 3153 4911 3220 4974; x_wconf 63' lang='grc' dir='ltr'>ἐκ</span> <span class='ocrx_word' id='word_1_654' title='bbox 3276 4918 3342 4973; x_wconf 81' lang='grc' dir='ltr'>Δ.</span> <span class='ocrx_word' id='word_1_655' title='bbox 3419 4918 3469 4950; x_wconf 76' lang='grc'><strong>’⁷</strong></span> <span class='ocrx_word' id='word_1_656' title='bbox 3500 4911 3812 4977; x_wconf 76' lang='grc' dir='ltr'>ἐπιϐολαῖς,</span> 
     </span>
    </p>
   </div>
   <div class='ocr_carea' id='block_1_98' title="bbox 531 4909 996 4982">
    <p class='ocr_par' dir='ltr' id='par_1_98' title="bbox 531 4909 996 4982">
     <span class='ocr_line' id='line_1_98' title="bbox 531 4909 996 4982; baseline 0 -18"><span class='ocrx_word' id='word_1_657' title='bbox 531 4909 739 4982; x_wconf 80' lang='grc' dir='ltr'>σφόδρα</span> <span class='ocrx_word' id='word_1_658' title='bbox 801 4928 895 4980; x_wconf 86' lang='grc' dir='ltr'><strong>πρ.</strong></span> <span class='ocrx_word' id='word_1_659' title='bbox 933 4913 996 4982; x_wconf 17' lang='lat' dir='ltr'><strong>A7.</strong></span> 
     </span>
    </p>
   </div>
   <div class='ocr_carea' id='block_1_99' title="bbox 531 4981 2049 5055">
    <p class='ocr_par' dir='ltr' id='par_1_99' title="bbox 531 4981 2049 5055">
     <span class='ocr_line' id='line_1_99' title="bbox 531 4981 2049 5055; baseline 0.003 -19"><span class='ocrx_word' id='word_1_660' title='bbox 531 4981 815 5052; x_wconf 81' lang='lat' dir='ltr'><strong>snprascr.</strong></span> <span class='ocrx_word' id='word_1_661' title='bbox 839 4981 1133 5044; x_wconf 83' lang='grc' dir='ltr'>ὑποϐολαῖς</span> <span class='ocrx_word' id='word_1_662' title='bbox 1163 4984 1224 5036; x_wconf 83' lang='grc' dir='ltr'>Α.</span> <span class='ocrx_word' id='word_1_663' title='bbox 1305 4982 1350 5013; x_wconf 78' lang='grc'><strong>’⁸</strong></span> <span class='ocrx_word' id='word_1_664' title='bbox 1385 4981 1489 5051; x_wconf 73' lang='grc' dir='ltr'>τῆς</span> <span class='ocrx_word' id='word_1_665' title='bbox 1521 4983 1799 5052; x_wconf 80' lang='grc' dir='ltr'>μακαρίας</span> <span class='ocrx_word' id='word_1_666' title='bbox 1831 4981 2049 5055; x_wconf 53' lang='grc' dir='ltr'>ΕίρίΑ.</span> 
     </span>
    </p>
   </div>
   <div class='ocr_carea' id='block_1_100' title="bbox 3322 4847 3812 4915">
    <p class='ocr_par' dir='ltr' id='par_1_100' title="bbox 3322 4847 3812 4915">
     <span class='ocr_line' id='line_1_100' title="bbox 3322 4847 3812 4915; baseline -0.006 -16"><span class='ocrx_word' id='word_1_667' title='bbox 3322 4847 3370 4879; x_wconf 72' lang='grc'><strong>’³</strong></span> <span class='ocrx_word' id='word_1_668' title='bbox 3424 4849 3454 4899; x_wconf 84' lang='grc' dir='ltr'>ὁ</span> <span class='ocrx_word' id='word_1_669' title='bbox 3517 4847 3812 4915; x_wconf 83' lang='grc' dir='ltr'>πατρίκιος</span> 
     </span>
    </p>
   </div>
   <div class='ocr_carea' id='block_1_101' title="bbox 1819 5099 2467 5164">
    <p class='ocr_par' dir='ltr' id='par_1_101' title="bbox 1819 5099 2467 5164">
     <span class='ocr_line' id='line_1_101' title="bbox 1819 5099 2467 5164; baseline 0.017 -11"><span class='ocrx_word' id='word_1_670' title='bbox 1819 5099 1957 5155; x_wconf 79' lang='lat' dir='ltr'><strong>JAC.</strong></span> <span class='ocrx_word' id='word_1_671' title='bbox 1993 5103 2204 5160; x_wconf 69' lang='lat' dir='ltr'><strong>COARI</strong></span> <span class='ocrx_word' id='word_1_672' title='bbox 2235 5107 2467 5164; x_wconf 59' lang='lat' dir='ltr'><strong>NOTAE.</strong></span> 
     </span>
    </p>
   </div>
   <div class='ocr_carea' id='block_1_102' title="bbox 601 5211 2109 5288">
    <p class='ocr_par' dir='ltr' id='par_1_102' title="bbox 601 5211 2109 5288">
     <span class='ocr_line' id='line_1_102' title="bbox 601 5211 2109 5288; baseline -0.001 -15"><span class='ocrx_word' id='word_1_673' title='bbox 601 5214 889 5288; x_wconf 68' lang='grc' dir='ltr'><strong>(49)]9ηε</strong></span> <span class='ocrx_word' id='word_1_674' title='bbox 929 5216 1080 5288; x_wconf 76' lang='grc' dir='ltr'>οαίίί,</span> <span class='ocrx_word' id='word_1_675' title='bbox 1111 5215 1355 5288; x_wconf 68' lang='lat' dir='ltr'><strong>reposuit</strong></span> <span class='ocrx_word' id='word_1_676' title='bbox 1399 5211 1761 5288; x_wconf 65' lang='lat' dir='ltr'><strong>Anastasi_us._</strong></span> <span class='ocrx_word' id='word_1_677' title='bbox 1827 5212 1969 5271; x_wconf 91' lang='lat' dir='ltr'><strong>Sane</strong></span> <span class='ocrx_word' id='word_1_678' title='bbox 2017 5217 2109 5284; x_wconf 77' lang='grc' dir='ltr'>ξυ-</span> 
     </span>
    </p>
   </div>
   <div class='ocr_carea' id='block_1_103' title="bbox 528 5283 2108 5358">
    <p class='ocr_par' dir='ltr' id='par_1_103' title="bbox 528 5283 2108 5358">
     <span class='ocr_line' id='line_1_103' title="bbox 528 5283 2108 5358; baseline 0 -18"><span class='ocrx_word' id='word_1_679' title='bbox 528 5283 1190 5358; x_wconf 19' lang='grc' dir='ltr'>λίνοιςὶιιὶὲλόχυριῦμασι,</span> <span class='ocrx_word' id='word_1_680' title='bbox 1227 5285 1426 5353; x_wconf 87' lang='lat' dir='ltr'><strong>quibus</strong></span> <span class='ocrx_word' id='word_1_681' title='bbox 1474 5283 1762 5358; x_wconf 65' lang='lat' dir='ltr'><strong>Nicephori</strong></span> <span class='ocrx_word' id='word_1_682' title='bbox 1787 5293 1964 5356; x_wconf 81' lang='lat' dir='ltr'><strong>castra</strong></span> <span class='ocrx_word' id='word_1_683' title='bbox 1998 5283 2108 5340; x_wconf 83' lang='lat' dir='ltr'><strong>cir-</strong></span> 
     </span>
    </p>
   </div>
   <div class='ocr_carea' id='block_1_104' title="bbox 529 5353 2112 5426">
    <p class='ocr_par' dir='ltr' id='par_1_104' title="bbox 529 5353 2112 5426">
     <span class='ocr_line' id='line_1_104' title="bbox 529 5353 2112 5426; baseline -0.002 -12"><span class='ocrx_word' id='word_1_684' title='bbox 529 5353 926 5426; x_wconf 78' lang='lat' dir='ltr'><strong>cumsepivisse</strong></span> <span class='ocrx_word' id='word_1_685' title='bbox 948 5353 1252 5411; x_wconf 54' lang='lat' dir='ltr'><strong>&#39;Crummus</strong></span> <span class='ocrx_word' id='word_1_686' title='bbox 1278 5354 1594 5426; x_wconf 81' lang='lat' dir='ltr'><strong>nuperrime</strong></span> <span class='ocrx_word' id='word_1_687' title='bbox 1649 5353 1852 5426; x_wconf 82' lang='lat' dir='ltr'><strong>relatus</strong></span> <span class='ocrx_word' id='word_1_688' title='bbox 1886 5367 2003 5426; x_wconf 80' lang='lat' dir='ltr'><strong>est,</strong></span> <span class='ocrx_word' id='word_1_689' title='bbox 2031 5358 2112 5426; x_wconf 92' lang='lat' dir='ltr'><strong>ip-</strong></span> 
     </span>
    </p>
   </div>
   <div class='ocr_carea' id='block_1_105' title="bbox 2208 5220 3812 5292">
    <p class='ocr_par' dir='ltr' id='par_1_105' title="bbox 2208 5220 3812 5292">
     <span class='ocr_line' id='line_1_105' title="bbox 2208 5220 3812 5292; baseline -0.002 -16"><span class='ocrx_word' id='word_1_690' title='bbox 2208 5223 2412 5288; x_wconf 81' lang='grc' dir='ltr'>ϐολαῖς,</span> <span class='ocrx_word' id='word_1_691' title='bbox 2453 5225 2654 5280; x_wconf 80' lang='lat' dir='ltr'><strong>Oderat</strong></span> <span class='ocrx_word' id='word_1_692' title='bbox 2684 5241 2918 5280; x_wconf 77' lang='lat' dir='ltr'><strong>serarent</strong></span> <span class='ocrx_word' id='word_1_693' title='bbox 2951 5223 3275 5292; x_wconf 77' lang='lat' dir='ltr'><strong>Procopium</strong></span> <span class='ocrx_word' id='word_1_694' title='bbox 3306 5220 3444 5276; x_wconf 81' lang='lat' dir='ltr'><strong>velut</strong></span> <span class='ocrx_word' id='word_1_695' title='bbox 3482 5237 3608 5292; x_wconf 71' lang='lat' dir='ltr'><strong>quae</strong></span> <span class='ocrx_word' id='word_1_696' title='bbox 3653 5221 3702 5274; x_wconf 71' lang='lat' dir='ltr'><strong>ei</strong></span> <span class='ocrx_word' id='word_1_697' title='bbox 3733 5220 3812 5272; x_wconf 83' lang='lat' dir='ltr'><strong>in-</strong></span> 
     </span>
    </p>
   </div>
   <div class='ocr_carea' id='block_1_106' title="bbox 2208 5291 3816 5364">
    <p class='ocr_par' dir='ltr' id='par_1_106' title="bbox 2208 5291 3816 5364">
     <span class='ocr_line' id='line_1_106' title="bbox 2208 5291 3816 5364; baseline -0.007 -12"><span class='ocrx_word' id='word_1_698' title='bbox 2208 5295 2379 5352; x_wconf 76' lang='lat' dir='ltr'><strong>sidias</strong></span> <span class='ocrx_word' id='word_1_699' title='bbox 2405 5295 2587 5349; x_wconf 80' lang='lat' dir='ltr'><strong>molita</strong></span> <span class='ocrx_word' id='word_1_700' title='bbox 2599 5304 2752 5359; x_wconf 82' lang='lat' dir='ltr'><strong>esset,</strong></span> <span class='ocrx_word' id='word_1_701' title='bbox 2773 5291 3153 5364; x_wconf 78' lang='lat' dir='ltr'><strong>Tlteopltanone</strong></span> <span class='ocrx_word' id='word_1_702' title='bbox 3176 5293 3415 5364; x_wconf 71' lang='lat' dir='ltr'><strong>Augusto</strong></span> <span class='ocrx_word' id='word_1_703' title='bbox 3434 5291 3526 5343; x_wconf 78' lang='lat' dir='ltr'><strong>illi</strong></span> <span class='ocrx_word' id='word_1_704' title='bbox 3552 5292 3816 5364; x_wconf 69' lang='lat' dir='ltr'><strong>insidian-</strong></span> 
     </span>
    </p>
   </div>
   <div class='ocr_carea' id='block_1_107' title="bbox 2211 5361 3812 5446">
    <p class='ocr_par' dir='ltr' id='par_1_107' title="bbox 2211 5361 3812 5446">
     <span class='ocr_line' id='line_1_107' title="bbox 2211 5361 3812 5446; baseline -0.002 -30"><span class='ocrx_word' id='word_1_705' title='bbox 2211 5373 2261 5417; x_wconf 83' lang='lat' dir='ltr'><strong>te</strong></span> <span class='ocrx_word' id='word_1_706' title='bbox 2293 5381 2311 5429; x_wconf 89' lang='lat'><strong><em>;</em></strong></span> <span class='ocrx_word' id='word_1_707' title='bbox 2343 5365 2446 5446; x_wconf 71' lang='lat' dir='ltr'><strong>vel,</strong></span> <span class='ocrx_word' id='word_1_708' title='bbox 2476 5366 2529 5420; x_wconf 80' lang='lat' dir='ltr'><strong>id</strong></span> <span class='ocrx_word' id='word_1_709' title='bbox 2559 5367 2608 5420; x_wconf 80' lang='lat' dir='ltr'><strong>ei</strong></span> <span class='ocrx_word' id='word_1_710' title='bbox 2637 5361 2942 5446; x_wconf 64' lang='lat' dir='ltr'><strong>suggerente</strong></span> <span class='ocrx_word' id='word_1_711' title='bbox 2973 5381 2991 5418; x_wconf 90' lang='lat'><strong><em>:</em></strong></span> <span class='ocrx_word' id='word_1_712' title='bbox 3029 5379 3219 5433; x_wconf 86' lang='lat' dir='ltr'><strong>nempe</strong></span> <span class='ocrx_word' id='word_1_713' title='bbox 3262 5361 3468 5446; x_wconf 63' lang='lat' dir='ltr'><strong>marito</strong></span> <span class='ocrx_word' id='word_1_714' title='bbox 3524 5361 3812 5446; x_wconf 49' lang='lat' dir='ltr'><strong>sinistram</strong></span> 
     </span>
    </p>
   </div>
   <div class='ocr_carea' id='block_1_108' title="bbox 531 5421 3814 5503">
    <p class='ocr_par' dir='ltr' id='par_1_108' title="bbox 531 5421 3814 5503">
     <span class='ocr_line' id='line_1_108' title="bbox 531 5421 3814 5503; baseline 0.001 -22"><span class='ocrx_word' id='word_1_715' title='bbox 531 5421 831 5503; x_wconf 59' lang='lat' dir='ltr'><strong>siusjn&#39;ssy</strong></span> <span class='ocrx_word' id='word_1_716' title='bbox 858 5429 1037 5503; x_wconf 77' lang='lat' dir='ltr'><strong>ignem</strong></span> <span class='ocrx_word' id='word_1_717' title='bbox 1068 5421 1433 5496; x_wconf 66' lang='lat' dir='ltr'><strong>suppositum,</strong></span> <span class='ocrx_word' id='word_1_718' title='bbox 1474 5432 1530 5479; x_wconf 90' lang='lat' dir='ltr'><strong>et</strong></span> <span class='ocrx_word' id='word_1_719' title='bbox 1550 5421 1811 5478; x_wconf 84' lang='lat' dir='ltr'><strong>evadendi</strong></span> <span class='ocrx_word' id='word_1_720' title='bbox 1847 5424 1990 5480; x_wconf 83' lang='lat' dir='ltr'><strong>viam</strong></span> <span class='ocrx_word' id='word_1_721' title='bbox 2028 5421 2114 5482; x_wconf 74' lang='grc' dir='ltr'><strong>ἰὴ·</strong></span> <span class='ocrx_word' id='word_1_722' title='bbox 2211 5421 2331 5490; x_wconf 80' lang='lat' dir='ltr'><strong>eam</strong></span> <span class='ocrx_word' id='word_1_723' title='bbox 2360 5421 2443 5489; x_wconf 73' lang='lat' dir='ltr'><strong>de</strong></span> <span class='ocrx_word' id='word_1_724' title='bbox 2470 5451 2662 5490; x_wconf 91' lang='lat' dir='ltr'><strong>sorore</strong></span> <span class='ocrx_word' id='word_1_725' title='bbox 2691 5421 3037 5503; x_wconf 65' lang='lat' dir='ltr'><strong>opinionem;</strong></span> <span class='ocrx_word' id='word_1_726' title='bbox 3089 5421 3194 5488; x_wconf 58' lang='lat' dir='ltr'><strong>no&#39;n</strong></span> <span class='ocrx_word' id='word_1_727' title='bbox 3230 5442 3286 5487; x_wconf 89' lang='lat' dir='ltr'><strong>ut</strong></span> <span class='ocrx_word' id='word_1_728' title='bbox 3320 5430 3604 5503; x_wconf 74' lang='lat' dir='ltr'><strong>Procopio</strong></span> <span class='ocrx_word' id='word_1_729' title='bbox 3633 5426 3814 5503; x_wconf 61' lang='lat' dir='ltr'><strong>Theo-</strong></span> 
     </span>
    </p>
   </div>
   <div class='ocr_carea' id='block_1_109' title="bbox 531 5497 1108 5566">
    <p class='ocr_par' dir='ltr' id='par_1_109' title="bbox 531 5497 1108 5566">
     <span class='ocr_line' id='line_1_109' title="bbox 531 5497 1108 5566; baseline 0 -16"><span class='ocrx_word' id='word_1_730' title='bbox 531 5497 811 5553; x_wconf 85' lang='lat' dir='ltr'><strong>terdictam</strong></span> <span class='ocrx_word' id='word_1_731' title='bbox 833 5497 1108 5566; x_wconf 86' lang='lat' dir='ltr'><strong>suspicor.</strong></span> 
     </span>
    </p>
   </div>
   <div class='ocr_carea' id='block_1_110' title="bbox 601 5566 2111 5637">
    <p class='ocr_par' dir='ltr' id='par_1_110' title="bbox 601 5566 2111 5637">
     <span class='ocr_line' id='line_1_110' title="bbox 601 5566 2111 5637; baseline 0.001 -17"><span class='ocrx_word' id='word_1_732' title='bbox 601 5567 715 5637; x_wconf 82' lang='lat'><strong>(50)</strong></span> <span class='ocrx_word' id='word_1_733' title='bbox 773 5566 1103 5622; x_wconf 80' lang='lat' dir='ltr'><strong>Declamam’t</strong></span> <span class='ocrx_word' id='word_1_734' title='bbox 1135 5566 1388 5621; x_wconf 78' lang='lat' dir='ltr'><strong>adversus</strong></span> <span class='ocrx_word' id='word_1_735' title='bbox 1441 5573 1642 5637; x_wconf 70' lang='lat' dir='ltr'><strong>patrem</strong></span> <span class='ocrx_word' id='word_1_736' title='bbox 1692 5581 1868 5637; x_wconf 74' lang='lat' dir='ltr'><strong>suum.</strong></span> <span class='ocrx_word' id='word_1_737' title='bbox 1917 5566 2011 5621; x_wconf 90' lang='lat' dir='ltr'><strong>Sic</strong></span> <span class='ocrx_word' id='word_1_738' title='bbox 2058 5577 2111 5622; x_wconf 90' lang='lat' dir='ltr'><strong>et</strong></span> 
     </span>
    </p>
   </div>
   <div class='ocr_carea' id='block_1_111' title="bbox 536 5634 2110 5706">
    <p class='ocr_par' dir='ltr' id='par_1_111' title="bbox 536 5634 2110 5706">
     <span class='ocr_line' id='line_1_111' title="bbox 536 5634 2110 5706; baseline 0.003 -18"><span class='ocrx_word' id='word_1_739' title='bbox 536 5634 750 5702; x_wconf 57' lang='lat' dir='ltr'><strong>Att&#39;ast.,</strong></span> <span class='ocrx_word' id='word_1_740' title='bbox 784 5653 980 5706; x_wconf 73' lang='lat' dir='ltr'><strong>nempe</strong></span> <span class='ocrx_word' id='word_1_741' title='bbox 1011 5646 1178 5706; x_wconf 75' lang='lat' dir='ltr'><strong>totam</strong></span> <span class='ocrx_word' id='word_1_742' title='bbox 1240 5643 1477 5706; x_wconf 70' lang='lat' dir='ltr'><strong>acceptae</strong></span> <span class='ocrx_word' id='word_1_743' title='bbox 1506 5634 1675 5690; x_wconf 90' lang='lat' dir='ltr'><strong>cladis</strong></span> <span class='ocrx_word' id='word_1_744' title='bbox 1710 5636 1764 5690; x_wconf 90' lang='lat' dir='ltr'><strong>in</strong></span> <span class='ocrx_word' id='word_1_745' title='bbox 1819 5652 1942 5692; x_wconf 89' lang='lat' dir='ltr'><strong>eum</strong></span> <span class='ocrx_word' id='word_1_746' title='bbox 1976 5653 2110 5694; x_wconf 88' lang='lat' dir='ltr'><strong>con-</strong></span> 
     </span>
    </p>
   </div>
   <div class='ocr_carea' id='block_1_112' title="bbox 534 5705 1362 5762">
    <p class='ocr_par' dir='ltr' id='par_1_112' title="bbox 534 5705 1362 5762">
     <span class='ocr_line' id='line_1_112' title="bbox 534 5705 1362 5762; baseline 0.004 -4"><span class='ocrx_word' id='word_1_747' title='bbox 534 5706 714 5761; x_wconf 88' lang='lat' dir='ltr'><strong>ferens</strong></span> <span class='ocrx_word' id='word_1_748' title='bbox 751 5705 1036 5761; x_wconf 84' lang='lat' dir='ltr'><strong>invidiam.</strong></span> <span class='ocrx_word' id='word_1_749' title='bbox 1070 5705 1362 5762; x_wconf 75' lang='lat' dir='ltr'><strong>Conserts.</strong></span> 
     </span>
    </p>
   </div>
   <div class='ocr_carea' id='block_1_113' title="bbox 609 5775 2116 5853">
    <p class='ocr_par' dir='ltr' id='par_1_113' title="bbox 609 5775 2116 5853">
     <span class='ocr_line' id='line_1_113' title="bbox 609 5775 2116 5853; baseline 0.003 -25"><span class='ocrx_word' id='word_1_750' title='bbox 609 5775 718 5844; x_wconf 75' lang='lat' dir='ltr'><strong>(5t)</strong></span> <span class='ocrx_word' id='word_1_751' title='bbox 755 5775 908 5846; x_wconf 77' lang='lat' dir='ltr'><strong>Legit</strong></span> <span class='ocrx_word' id='word_1_752' title='bbox 936 5777 1151 5844; x_wconf 77' lang='lat' dir='ltr'><strong>Anast.,</strong></span> <span class='ocrx_word' id='word_1_753' title='bbox 1186 5776 1333 5846; x_wconf 83' lang='lat' dir='ltr'><strong>quod</strong></span> <span class='ocrx_word' id='word_1_754' title='bbox 1384 5785 1436 5832; x_wconf 91' lang='lat' dir='ltr'><strong>et</strong></span> <span class='ocrx_word' id='word_1_755' title='bbox 1467 5778 1643 5846; x_wconf 87' lang='lat' dir='ltr'><strong>ipsum</strong></span> <span class='ocrx_word' id='word_1_756' title='bbox 1681 5779 1949 5853; x_wconf 77' lang='lat' dir='ltr'><strong>congruit,</strong></span> <span class='ocrx_word' id='word_1_757' title='bbox 1986 5777 2116 5833; x_wconf 82' lang='grc' dir='ltr'>ὐπο-</span> 
     </span>
    </p>
   </div>
   <div class='ocr_carea' id='block_1_114' title="bbox 2211 5499 3814 5580">
    <p class='ocr_par' dir='ltr' id='par_1_114' title="bbox 2211 5499 3814 5580">
     <span class='ocr_line' id='line_1_114' title="bbox 2211 5499 3814 5580; baseline -0.005 -23"><span class='ocrx_word' id='word_1_758' title='bbox 2211 5504 2486 5580; x_wconf 76' lang='lat' dir='ltr'><strong>pltanonis</strong></span> <span class='ocrx_word' id='word_1_759' title='bbox 2516 5499 2759 5580; x_wconf 77' lang='lat' dir='ltr'><strong>consiliis</strong></span> <span class='ocrx_word' id='word_1_760' title='bbox 2792 5503 3275 5580; x_wconf 79' lang='lat' dir='ltr'><strong>Staur‘acio_fra_tri</strong></span> <span class='ocrx_word' id='word_1_761' title='bbox 3316 5500 3554 5580; x_wconf 76' lang='lat' dir='ltr'><strong>insidias</strong></span> <span class='ocrx_word' id='word_1_762' title='bbox 3609 5499 3814 5580; x_wconf 45' lang='lat' dir='ltr'><strong>.molita</strong></span> 
     </span>
    </p>
   </div>
   <div class='ocr_carea' id='block_1_115' title="bbox 2216 5570 3813 5644">
    <p class='ocr_par' dir='ltr' id='par_1_115' title="bbox 2216 5570 3813 5644">
     <span class='ocr_line' id='line_1_115' title="bbox 2216 5570 3813 5644; baseline -0.006 -16"><span class='ocrx_word' id='word_1_763' title='bbox 2216 5570 2307 5637; x_wconf 75' lang='lat' dir='ltr'><strong>sit,</strong></span> <span class='ocrx_word' id='word_1_764' title='bbox 2341 5583 2494 5630; x_wconf 78' lang='lat' dir='ltr'><strong>utest</strong></span> <span class='ocrx_word' id='word_1_765' title='bbox 2514 5576 2801 5638; x_wconf 87' lang='lat' dir='ltr'><strong>redditum,</strong></span> <span class='ocrx_word' id='word_1_766' title='bbox 2821 5589 2929 5644; x_wconf 91' lang='lat' dir='ltr'><strong>quo</strong></span> <span class='ocrx_word' id='word_1_767' title='bbox 2961 5574 3178 5629; x_wconf 87' lang='lat' dir='ltr'><strong>nomine</strong></span> <span class='ocrx_word' id='word_1_768' title='bbox 3203 5575 3247 5629; x_wconf 91' lang='lat' dir='ltr'><strong>is</strong></span> <span class='ocrx_word' id='word_1_769' title='bbox 3273 5587 3388 5644; x_wconf 79' lang='lat' dir='ltr'><strong>eam</strong></span> <span class='ocrx_word' id='word_1_770' title='bbox 3415 5570 3623 5638; x_wconf 88' lang='lat' dir='ltr'><strong>majori</strong></span> <span class='ocrx_word' id='word_1_771' title='bbox 3651 5581 3813 5638; x_wconf 86' lang='lat' dir='ltr'><strong>quam</strong></span> 
     </span>
    </p>
   </div>
   <div class='ocr_carea' id='block_1_116' title="bbox 2219 5642 3815 5707">
    <p class='ocr_par' dir='ltr' id='par_1_116' title="bbox 2219 5642 3815 5707">
     <span class='ocr_line' id='line_1_116' title="bbox 2219 5642 3815 5707; baseline -0.006 -9"><span class='ocrx_word' id='word_1_772' title='bbox 2219 5659 2462 5700; x_wconf 87' lang='lat' dir='ltr'><strong>sororem</strong></span> <span class='ocrx_word' id='word_1_773' title='bbox 2497 5645 2624 5698; x_wconf 89' lang='lat' dir='ltr'><strong>odio</strong></span> <span class='ocrx_word' id='word_1_774' title='bbox 2659 5642 2902 5707; x_wconf 81' lang='lat' dir='ltr'><strong>haberet,</strong></span> <span class='ocrx_word' id='word_1_775' title='bbox 2940 5645 3138 5699; x_wconf 89' lang='lat' dir='ltr'><strong>nedum</strong></span> <span class='ocrx_word' id='word_1_776' title='bbox 3177 5645 3228 5698; x_wconf 93' lang='lat' dir='ltr'><strong>in</strong></span> <span class='ocrx_word' id='word_1_777' title='bbox 3262 5642 3408 5695; x_wconf 80' lang='lat' dir='ltr'><strong>Illam</strong></span> <span class='ocrx_word' id='word_1_778' title='bbox 3435 5653 3630 5694; x_wconf 85' lang='lat' dir='ltr'><strong>rerum</strong></span> <span class='ocrx_word' id='word_1_779' title='bbox 3664 5651 3815 5694; x_wconf 84' lang='lat' dir='ltr'><strong>sum-</strong></span> 
     </span>
    </p>
   </div>
   <div class='ocr_carea' id='block_1_117' title="bbox 2222 5713 3371 5785">
    <p class='ocr_par' dir='ltr' id='par_1_117' title="bbox 2222 5713 3371 5785">
     <span class='ocr_line' id='line_1_117' title="bbox 2222 5713 3371 5785; baseline -0.004 -16"><span class='ocrx_word' id='word_1_780' title='bbox 2222 5729 2367 5771; x_wconf 85' lang='lat' dir='ltr'><strong>mam</strong></span> <span class='ocrx_word' id='word_1_781' title='bbox 2404 5715 2703 5771; x_wconf 77' lang='lat' dir='ltr'><strong>transferre</strong></span> <span class='ocrx_word' id='word_1_782' title='bbox 2743 5715 2966 5771; x_wconf 85' lang='lat' dir='ltr'><strong>minime</strong></span> <span class='ocrx_word' id='word_1_783' title='bbox 2990 5717 3270 5785; x_wconf 81' lang='lat' dir='ltr'><strong>cogitaret.</strong></span> <span class='ocrx_word' id='word_1_784' title='bbox 3298 5713 3371 5765; x_wconf 85' lang='lat' dir='ltr'><strong>lo.</strong></span> 
     </span>
    </p>
   </div>
  </div>
