4100 6422
300 358 418 423 989

1609 362 2286 426 CHRONOGRAPHIA.

3480 364 3606 439 ego

299 487 406 542 της
430 466 598 542 ἦλθον
629 473 773 525 κατά
790 471 860 525 τὰ
898 473 1034 544 τέλη·
1057 473 1153 526 τοῦ
1183 474 1562 545 Σεπτεμϐρίου
1591 477 1758 546 μηνὸς
1798 477 1898 546 τῆς

2009 490 2154 533 retur
2211 495 2276 535 ac
2317 481 2542 546 levaret,
2583 483 2930 544 consulebat.
2999 481 3064 536 ad
3130 497 3292 551 quem
3357 489 3594 550 paterna:

299 565 566 636 πέμπτης
585 563 937 630 ίνδικτιῶνος.
972 566 1052 637 Τῇ
1081 566 1139 619 δὲ
1195 568 1407 638 ἑσπέρᾳ.
1434 568 1533 636 τῆς
1557 567 1782 639 πρώτη-ς
1803 569 1899 622 τοῦ

310 655 652 726 Ὅκτωϐρίου
703 657 872 727 μηνὸς
925 657 1444 728 προσκαλεσάμενος
1493 659 1831 729 Σταυράκιος
1855 663 1900 695 ⁸ο

299 747 578 818 Στέφανον
604 748 928 818 δομέστικον
971 749 1258 821 ἐπηρώτα,
1303 751 1422 813 πῶς
1453 750 1521 804 ἂν
1563 750 1820 822 δυνηοείη
1853 753 1900 784 ⁸ο

297 840 534 908 ἀγαγεῖν
563 842 784 914 Μιχαὴλ
806 843 900 896 τὸν
941 843 1194 914 γαμϐρὸν
1252 843 1423 898 αὑτοῦ
1479 846 1545 898 ὲκ
1599 845 1694 898 τοῦ
1747 843 1898 900 οῐκου

297 931 470 986 αὐτοῦ
518 932 656 1004 πρὸς
686 934 748 988 τὺ
768 934 1116 1004 ἐκτυφλῶσαι
1144 935 1187 966 ³¹
1220 935 1389 989 αὐτόν
1412 973 1430 990 .
1483 936 1592 990 Τοῦ
1629 936 1690 989 δὲ
1713 937 1760 968 ³⁸
1789 937 1900 1007 φή-

299 1040 499 1088 σαντος
521 1024 784 1079 ἀδύνατον
828 1021 971 1080 εἶναι
1023 1026 1185 1080 τοῦτο
1212 1026 1257 1060 ⁸³
1291 1028 1470 1099 ταύτῃ
1523 1030 1592 1100 τῇ
1643 1027 1766 1099 ὥρᾳ
1807 1029 1900 1083 διὰ

295 1113 402 1186 τὴν
432 1115 564 1186 περὶ
593 1117 757 1172 αὐτὸν
780 1117 1032 1188 δύναμιν,
1067 1120 1162 1172 καὶ
1206 1119 1269 1172 τὺ
1295 1119 1393 1174 τοῦ
1423 1120 1470 1153 ³⁵
1519 1120 1688 1175 τόπου
1719 1125 1898 1193 ἀσφα-

297 1206 397 1271 λὲς
420 1210 520 1280 τῆς
560 1211 740 1274 οίκίας
783 1211 976 1276 αὐτοῦ,
1013 1211 1320 1284 παρεκάλει
1346 1213 1422 1284 μὴ
1450 1215 1764 1286 γνωσθῆναί
1789 1231 1899 1270 τινι

295 1301 372 1354 τὰ
411 1300 690 1372 λεχθέντα.
726 1304 785 1358 '0
829 1305 886 1358 δὲ
914 1305 1094 1374 λόγοις
1149 1307 1430 1370 πειθανοῖς
1485 1306 1676 1369 πείσας
1730 1307 1898 1362 αὑτὸν

294 1395 630 1467 ἀμεριμνεῐν
660 1397 728 1463 ³³,
758 1396 826 1451 δι’
851 1397 982 1470 ὅλης
1013 1399 1211 1464 νυκτὸς
1257 1400 1329 1454 τά
1391 1399 1811 1470 περιλειφθέντα
1849 1401 1895 1434 ³⁸

293 1486 412 1540 τῶν
435 1489 734 1559 ταγμάτων
765 1491 1151 1562 στρατεύματα
1181 1493 1492 1563 συνήγαγεν
1531 1496 1591 1547 ὲν
1637 1495 1717 1564 τῷ
1775 1510 1896 1548 σκι-

2011 575 2296 628 sententiae
2360 575 2631 645 legitimus
2690 590 2997 650 successor,
3063 591 3123 630 se
3197 589 3308 629 non
3362 573 3597 644 amplius

2009 678 2174 733 quam
2203 665 2304 720 tria
2329 667 2525 722 talenta
2555 669 2849 724 restituere
2894 681 3060 738 posse
3089 666 3294 731 retulit,
3329 681 3452 737 qua:
3512 666 3588 720 in-

2003 757 2278 827 justorum
2300 759 2420 830 ejus
2447 768 2727 831 raptorum
2761 762 2985 824 minima
3016 776 3143 832 pars
3187 766 3364 825 erant,
3433 771 3600 828 quam

2009 860 2190 906 tamen
2220 851 2365 906 ﬁlius
2391 855 2549 924 quasi
2585 855 2652 910 de
2683 855 2792 910 vita
2823 870 3054 911 securus
3083 853 3312 910 reddere
3370 858 3600 907 cunctae

2007 941 2190 997 batur.
2233 942 2593 1000 Paternorum
2629 946 2854 1017 insuper
2886 961 3103 1001 morum
3134 945 3380 1000 imitator
3409 941 3600 997 reddi-

2007 1043 2119 1100 tus,
2149 1050 2276 1091 cum
2321 1038 2508 1092 animo
2553 1039 2860 1094 inimicitiis
2912 1038 3320 1094 reconciliando
3371 1049 3602 1106 prorsus

2005 1143 2261 1184 aversum
2315 1144 2376 1186 se
2429 1131 2735 1198 exhiberet,
2805 1132 3186 1189 Theoctistum
3240 1131 3597 1201 magistrum,

2006 1220 2348 1290 Stephanum
2381 1223 2748 1280 domesticum
2781 1233 2837 1280 et
2867 1223 3190 1281 Michaelem
3221 1223 3600 1293 curopalatem

2004 1317 2207 1386 saepius
2232 1317 2584 1373 contumeliis
2611 1316 2813 1383 aﬂ‘ecit,
2845 1317 3172 1389 Procopiam
3203 1331 3420 1386 quoque
3439 1328 3601 1370 soro-

2003 1423 2120 1464 rem
2152 1409 2510 1465 vehementer
2532 1410 2928 1475 'aversabatur,
2979 1407 3140 1480 quasi
3193 1405 3605 1474 Theophanone

2002 1504 2352 1574 Augustaita
2411 1503 2674 1559 suadente
2730 1503 2837 1558 sibi
2897 1511 3152 1572 parasset
3206 1498 3457 1555 insidias.
3513 1495 3602 1550 ln-

2003 1593 2133 1650 felix
2189 1596 2338 1651 enim
2400 1596 2518 1651 hmo
2575 1596 2780 1651 femina
2830 1595 3006 1650 beatae
3069 1593 3252 1648 lrenes
3328 1588 3605 1659 exemplo.

293 1672 357 1724 τὺ
385 1673 757 1742 ἀναγορεῦσαι
803 1677 898 1732 τὸν
934 1679 1104 1736 αὑτὸν
1129 1680 1351 1752 Μιχαὴλ
1391 1683 1473 1744 εἰς
1498 1681 1744 1752 βασιλέα.
1778 1683 1892 1736 Καὶ

2009 1687 2265 1744 continuo
2292 1687 2347 1741 in
2381 1701 2534 1758 spem
2567 1687 2816 1758 potiundi
2843 1685 3062 1757 imperii
3093 1685 3263 1751 venit,
3320 1698 3445 1738 cum
3484 1681 3607 1736 sine

295 1763 569 1846 ἐλθούσης
593 1767 780 1845 ’κάπης
813 1771 856 1807 ³⁷
881 1774 985 1846 τῆς
1039 1774 1348 1845 συγκλήτου
1377 1773 1473 1827 τοῦ
1501 1767 1701 1846 ὄρθρου
1725 1776 1784 1829 ὲν
1814 1774 1894 1844 τῷ

2009 1776 2197 1832 liberis
2219 1786 2390 1833 esset.
2418 1775 2747 1832 Stanracius
2781 1788 2913 1830 vero
2960 1773 3290 1846 aegritudine
3342 1768 3608 1826 remediis

294 1836 577 1936 παλατίᾷ
605 1836 798 1918 τοῦτον
851 1836 1248 1936 ἀνηγόρευσαν.
1261 1865 1510 1936 βασιλέα,
1641 1867 1770 1938 ἑξῆς
1795 1836 1892 1938 δηζ

2009 1870 2254 1926 )mnibus
2282 1869 2566 1942 superiore
2598 1885 2722 1925 cum
2746 1869 3090 1940 sejactatum
3115 1873 3385 1931 cerneret,
3419 1863 3604 1934 impe-

295 1958 632 2029 λωθήσεται.
662 1959 711 2012 Ν
718 1959 978 2032 ικηφόρος
1008 1959 1062 2012 δὲ
1091 1960 1120 2012 ό
1143 1960 1492 2032 πατριάρχης
1535 1959 1812 2031 ἔγγραφον
1834 1961 1895 2027 ἐξ

2009 1963 2141 2019 rium
2173 1963 2392 2036 conjugi
2433 1979 2778 2036 comparare,
2818 1964 2906 2020 vel
2934 1964 2988 2019 in
3034 1962 3221 2034 populi
3267 1968 3598 2032 potestatem

299 2051 593 2123 ίδιοχείρου
629 2053 781 2124 παρὰ
829 2053 1051 2124 Μιχαὴλ
1095 2053 1383 2126 ἀπῄτησεν
1437 2052 1570 2122 περὶ
1598 2053 1698 2124 τῆς
1727 2053 1896 2126 ὀρθῆς

2009 2057 2316 2128 reipublicae
2379 2056 2548 2114 totius
2602 2072 2876 2113 summam
2929 2070 3234 2120 revocare,
3277 2067 3400 2124 qua:
3451 2063 3606 2106 certe

293 2143 561 2208 πίστεως,
586 2143 683 2197 καὶ
711 2143 802 2197 τοῦ
831 2145 1207 2214 ἀναιμάκτους
1225 2145 1269 2177 ³⁸
1299 2143 1539 2214 φυλάξαι
1561 2142 1677 2208 ’τὰς
1706 2146 1897 2216 χεῖρας

2009 2147 2400 2218 praeteritarum
2473 2148 2851 2204 calamitatum
2885 2148 3084 2204 fuisset
3125 2161 3365 2210 summa,
3401 2143 3608 2201 studiis

295 2235 414 2289 ἀπὸ
460 2236 826 2306 Χριστιανῶν,
855 2237 952 2290 καὶ
1000 2236 1130 2309 περὶ
1193 2236 1492 2306 ίερατικῶν
1521 2235 1895 2307 ἀνθρώπωνῆ

2009 2241 2265 2297 omnibus
2287 2241 2687 2298 contendebat:
2713 2257 2821 2312 qua
2842 2239 3266 2310 roNicephorus
3289 2235 3607 2309 patriarcha

299 2328 583 2400 μοναχῶν,
613 2329 712 2382 καὶ
737 2329 874 2394 ὅλως
905 2329 1000 2383 τοῦ
1045 2327 1507 2397 ἐκκλησιαστικοῢ
1562 2329 1893 2397 καταλόγου,

2009 2341 2062 2388 et
2088 2334 2443 2390 Theoctistus
2476 2334 2758 2404 magister,
2792 2331 3252 2404 quemadmodum
3282 2338 3338 2385 et
3372 2328 3605 2384 Michael

292 2421 395 2474 τοῦ
428 2423 502 2492 μὴ
525 2421 829 2476 τύπτεσθαι
861 2421 996 2495 παρ’
1027 2422 1218 2476 αὑτοῦ.

2009 2425 2357 2494 cur0palates
2402 2425 2457 2479 in
2496 2434 2701 2479 metum
2744 2423 2989 2490 adducti,
3028 2437 3093 2478 ex
3128 2418 3416 2476 inimicitia
3454 2417 3606 2488 prius

295 2515 369 2570 ad
404 2513 638 2568 invicem
690 2515 932 2571 exercita
959 2515 1012 2568 in
1047 2513 1395 2570 concordiam
1432 2515 1714 2570 redierunt
1751 2515 1898 2570 circa
1935 2517 2140 2572 mensis
2177 2515 2520 2586 Septembris
2547 2519 2754 2572 exitum
2787 2517 3087 2572 indictione
3147 2515 3364 2584 quinta.
3433 2510 3613 2565 Porro

295 2612 510 2667 mensis
535 2607 789 2665 Octobris
847 2608 938 2664 die
994 2608 1174 2678 primo
1197 2608 1300 2663 sub
1327 2622 1611 2678 vesperam
1639 2606 1960 2663 Stauracius
2001 2607 2342 2678 Stephanum
2364 2609 2733 2666 domesticum
2762 2609 2830 2664 ad
2859 2625 2918 2665 se
2949 2608 3280 2665 accersitum
3302 2607 3608 2674 interroga-

295 2705 396 2767 vit,
426 2719 662 2773 quanam
699 2703 786 2758 via
816 2703 1137 2758 Michaelem
1180 2718 1246 2759 ex
1291 2717 1481 2759 sorore
1518 2703 1624 2758 sibi
1666 2701 1896 2758 levirum
1937 2703 2132 2770 oculis,
2162 2704 2494 2775 quantocius
2522 2703 2829 2759 orbandum
2858 2703 3023 2758 domo
3092 2707 3284 2772 posset
3349 2688 3608 2754 extrahe-

295 2813 358 2853 re
385 2796 413 2851 τ
441 2799 580 2866 quod
614 2797 705 2853 ille
734 2812 859 2853 cum
890 2796 962 2852 ob
1034 2797 1569 2868 circumstipantium
1611 2797 1777 2861 vires,
1851 2806 1966 2852 tum
2007 2798 2079 2853 ob
2108 2798 2513 2854 incommodam
2542 2799 2692 2854 hora:
2715 2803 3251 2868 tempestatem,tum
3278 2791 3514 2862 denique
3535 2789 3605 2842 ob

295 2892 735 2948 munitissimum
779 2893 976 2950 domus
1007 2891 1128 2963 ejus
1159 2893 1348 2960 situm,
1389 2891 1534 2948 haud
1567 2892 1685 2948 ﬁeri
1730 2908 1894 2964 posse
1929 2895 2306 2966 responderet,
2330 2894 2651 2951 Stauracius
2672 2910 2798 2951 eum
2830 2894 3156 2964 deprecatus
3191 2899 3296 2956 est,
3363 2905 3432 2944 ne
3499 2889 3606 2942 ista

293 2987 397 3044 alii
431 2987 715 3043 revelaret.
748 2986 843 3043 llle
873 2987 1056 3044 verbis
1096 2987 1166 3043 ad
1235 2987 1579 3044 suadendum
1651 2992 1970 3060 compositis
2009 3005 2040 3047 a
2069 3007 2202 3048 cura
2234 2992 2552 3064 huiusmodi
2585 2992 2824 3048 alienum
2853 3007 2977 3048 esse
3005 2997 3185 3060 rugat,
3220 3002 3348 3042 mox
3387 3001 3484 3056 per
3520 2993 3607 3038 to-

297 3093 415 3138 tam
475 3090 690 3137 noctem
748 3081 802 3135 in
863 3081 1022 3137 tectis
1064 3078 1423 3151 Hippodromi
1468 3081 1607 3138 locis
1647 3082 1894 3139 collectis
1933 3084 2282 3140 residuorum
2304 3085 3083 3158 agminumreliquiis,eorum
3149 3082 3316 3137 duces
3370 3078 3610 3134 Michae-

299 3179 407 3234 lem
462 3179 870 3234 renuntiaturos
923 3177 1312 3248 imperatorem
1402 3178 1500 3234 illo
1556 3178 1906 3235 convocavit.
1949 3179 2189 3238 Senatus
2219 3181 2446 3254 insuper
2469 3182 2735 3254 palatium
2763 3181 3007 3238 diluculo
3070 3179 3429 3244 conveniens,
3503 3177 3611 3232 im-

295 3273 441 3346 perii
475 3282 805 3345 potestatem
846 3273 899 3330 ei
969 3271 1422 3329 committendam
1514 3274 1779 3340 decrevit,
1820 3285 1985 3346 prout
2023 3277 2384 3348 sequentibus
2401 3277 2790 3334 declarabitur.
2810 3275 3151 3348 Nicephorus
3181 3277 3360 3328 autem
3379 3271 3614 3342 patriar-

298 3371 408 3429 cha
443 3369 753 3426 cautionem
803 3367 1022 3438 propria
1083 3363 1253 3437 418
1302 3381 1470 3422 manu
1502 3367 1761 3437 scriptam
1792 3383 1824 3422 a
1860 3367 2126 3425 Michaele
2179 3368 2390 3441 exegit,
2431 3369 2579 3440 quod
2614 3369 2730 3440 ipse
2759 3377 2966 3424 rectam
3033 3366 3193 3420 ﬁdem
3258 3364 3610 3428 defensurus,

302 3477 614 3535 manusque
665 3477 696 3517 a
751 3461 1194 3518 Christianorum
1255 3460 1585 3516 eﬂ'undcndo
1631 3461 1901 3533 sanguine
1977 3465 2190 3520 alienas
2254 3473 2578 3521 servaturus
2607 3472 2776 3529 esset,
2821 3461 3184 3532 hominesque
3212 3475 3277 3514 ex
3307 3473 3467 3515 sacro
3496 3458 3614 3512 cle-

302 3559 552 3614 ricorum
603 3556 819 3626 ordine,
850 3556 936 3612 vel
981 3557 1307 3622 monachos,
1333 3562 1673 3627 cmterosque
1702 3571 1896 3613 omnes
1969 3557 2022 3613 in
2094 3559 2538 3618 ecclesiasticum
2588 3560 2902 3632 catalogum
2946 3558 3148 3614 relatos
3189 3555 3515 3612 verberibus
3557 3563 3612 3609 et

303 3649 530 3720 injuriis
563 3650 790 3703 minime
813 3648 1068 3704 laesurus.

376 3747 446 3798 Α.
469 3744 547 3798 Μ.
578 3743 743 3800 6504.
792 3764 863 3782 -έ
935 3741 1240 3812 Ῥωμαίων
1279 3741 1592 3810 βασιλέως
1651 3741 1896 3812 Μιχαὴλ

2073 3745 2141 3800 Α.
2179 3743 2242 3801 C.
2302 3744 2427 3802 804.
2475 3775 2547 3785 —
2586 3743 2950 3800 Romanorum
2989 3739 3330 3812 imperatoris
3375 3737 3608 3795 Michael

302 3839 446 3902 ἔτος
481 3843 556 3892 α’.

2014 3854 2188 3893 annus
2216 3837 2446 3908 primus.

293 1580 494 1651 παστῷ
521 1582 842 1656 ἱπποδρόμῳ
877 1585 1018 1656 μετά
1051 1586 1161 1640 τῶν
1193 1586 1415 1644 οἰκείων
1447 1587 1727 1660 ἀρχόντων
1755 1587 1894 1659 πρὸς

384 3929 575 4000 Τούτῳ
593 3927 672 3999 τῷ
700 3927 812 3981 ἔτει
843 3926 974 3996 μηνὶ
1018 3924 1336 3997 ὀκτωϐρίῳ
1387 3924 1456 3998 β’,
1504 3925 1796 3981 ίνδικτιῶνι
1843 3925 1905 3992 ε’,

303 4023 496 4096 ἡμέρᾳ
513 4020 701 4090 ε’,ὥρᾳ
721 4018 1016 4089 α’,Μιχαὴλ
1028 4019 1057 4071 ό
1073 4017 1466 4082 εὐσεϐέστατος
1488 4019 1909 4090 κουροπαλάτης

305 4114 658 4189 ἀνηγορεύθη
676 4112 930 4184 βασιλεὺς
961 4112 1247 4180 Ῥωμαίων
1271 4115 1330 4166 ἐν
1358 4111 1436 4183 τῷ
1458 4112 1779 4184 ἱπποδρόμῳ
1804 4113 1910 4166 ὑπὸ

307 4208 495 4276 πάσης
517 4206 616 4275 τῆς
661 4201 967 4274 συγκλήτου
998 4201 1093 4256 καὶ
1124 4201 1236 4256 τῶν
1287 4203 1611 4272 ταγμάτων.
1667 4201 1911 4274 ᾒαυρά-

307 4315 434 4362 tuo;
466 4297 524 4350 δὲ
551 4296 653 4367 τὴν
683 4294 874 4348 τούτου
897 4293 1262 4364 ἀναγόρευσιν
1295 4292 1558 4359 ἀκούσας,
1583 4291 1786 4348 αὐτίκα
1805 4295 1908 4364 τὴν

308 4393 494 4464 κόμην
520 4389 981 4462 ἀποκειράμενος,
1016 4387 1288 4460 μοναχικὰ
1310 4388 1667 4458 περιεϐάλετο
1697 4388 1742 4421 ³⁹
1777 4389 1908 4460 ἱμά⁴⁵

306 4503 405 4542 τια
434 4483 526 4539 διὰ
549 4483 778 4552 Συμεὼν
813 4480 1048 4552 μοναχοῦ
1071 4481 1372 4550 συγγενοῦς
1393 4480 1585 4547 αὐτοῦ,
1617 4480 1790 4535 πολλά
1813 4482 1906 4536 τὸν

309 4579 668 4649 πατριάρχην
711 4574 1084 4646 ἐπιϐοώμενος
1109 4590 1124 4606 ο
1147 4574 1208 4638 ὃς
1241 4573 1414 4628 ἐλθὼν
1445 4575 1504 4627 ὲν
1548 4573 1628 4644 τῷ
1661 4575 1911 4646 παλατίῳ

309 4669 488 4724 πολλὰ
519 4668 859 4739 Σταυράκιον
895 4667 992 4720 σὺν
1029 4663 1110 4733 τῷ
1160 4664 1372 4736 βασιλεῖ
1423 4665 1647 4737 Μιχαὴλ
1698 4667 1795 4720 καὶ
1840 4669 1907 4740 τῇ

309 4762 524 4834 ἀδελφῇ
557 4759 904 4833 παρεκάλουν
939 4763 1016 4832 μὴ
1069 4758 1362 4813 λυπεῖσθαι
1413 4761 1472 4815 ἐν
1511 4758 1590 4830 τῷ
1621 4759 1870 4830 γεγονότι
1893 4777 1908 4792 ο

313 4858 376 4911 οὐ
408 4857 517 4928 γὰρ
547 4855 671 4910 κατ’
695 4853 1012 4924 ἐπιϐουλὴν,
1033 4852 1172 4907 ἀλλὰ
1195 4854 1317 4909 κατ’
1345 4853 1658 4921 ἀπόγνωσιν
1686 4855 1788 4925 τῆς
1813 4854 1914 4907 αὑ-

309 4948 411 5003 τοῦ
446 4947 616 5018 ζωῆς.
655 4946 715 5002 '0
769 4947 827 5000 δὲ
885 4947 951 5017 τῇ
1013 4947 1258 5018 πατρικῇ
1321 4948 1559 5020 πονηρίᾳ
1588 4948 1820 5015 λυττῶν,
1851 4949 1911 5001 οὒ

2084 3927 2202 3984 Hoc
2221 3942 2370 3984 auito
2400 3925 2613 3982 mensis
2645 3923 2900 3980 Octobris
2921 3923 3008 3978 die
3035 3919 3283 3978 secundo
3313 3918 3613 3974 indictione

2012 4021 2228 4092 quinta,
2245 4019 2379 4075 feria
2399 4017 2755 4075 hebdomadis
2776 4017 2989 4088 quinta,
3014 4014 3148 4069 hora
3165 4013 3362 4082 prima,
3378 4008 3613 4065 Michael

2011 4113 2300 4184 piissimus
2359 4111 2704 4181 cur0palates
2731 4124 2760 4163 a
2800 4115 2994 4164 senatu
3023 4115 3081 4162 et
3108 4103 3437 4158 militaribus
3463 4100 3614 4155 ordi-

2012 4205 2176 4262 nibus
2197 4206 2251 4261 in
2264 4204 2636 4276 Hippodromo
2661 4204 2958 4272 imperator
2975 4199 3268 4254 salutatus.
3287 4192 3613 4249 Stauracius

2012 4307 2197 4354 autem
2229 4295 2578 4367 imperatoris
2617 4292 2843 4347 alterius
2872 4290 3058 4345 audita
3091 4283 3492 4356 designatione,
3517 4282 3614 4336 de-

2014 4392 2190 4448 tonsis
2217 4390 2365 4446 illico
2389 4387 2622 4458 capillis,
2641 4383 3006 4440 monasticum
3035 4380 3306 4445 habitum,
3339 4375 3612 4448 Symeonu

2015 4485 2286 4540 monacho
2335 4482 2455 4552 ejus
2497 4477 2913 4550 consanguineo
2953 4475 3105 4530 illum
3142 4471 3482 4534 conferente,
3523 4469 3612 4524 in-

2014 4578 2154 4644 duit,
2186 4583 2240 4633 et
2275 4573 2602 4646 patriarchae
2621 4585 2803 4641 opem,
2830 4585 2900 4625 ne
2925 4567 3030 4625 sibi
3061 4566 3335 4629 deﬁceret,
3362 4562 3624 4634 pluribus,

2015 4665 2408 4739 interpellavit.
2459 4663 2782 4719 Patriarcha
2838 4661 2893 4715 in
2952 4657 3221 4731 palatium
3272 4653 3558 4726 prolectus
3595 4693 3621 4719 ι

2016 4761 2364 4819 Stauracium
2393 4760 2599 4830 ipsum,
2639 4773 2748 4812 una
2784 4769 2911 4811 cum
2956 4753 3293 4823 imperatore
3328 4757 3386 4805 et
3423 4761 3625 4804 sorore.

2015 4854 2358 4926 rogantibus,
2386 4852 2594 4907 mutuis
2623 4849 2852 4920 urgebat
2901 4845 3180 4917 precibus,
3217 4857 3287 4898 ne
3317 4840 3534 4896 insidiis
3559 4839 3626 4892 in

2016 4945 2137 5016 eius
2196 4945 2432 5002 salutem
2495 4939 2797 5006 struendis,
2844 4937 2942 4994 sed
2997 4936 3292 5007 desperato
3331 4931 3456 4987 vita:
3496 4929 3618 5000 ejus

313 5041 640 5112 προσήκατο
683 5037 728 5072 ἰθ
771 5036 943 5091 εἰπὼν
986 5037 1125 5108 πρὸς
1203 5039 1366 5093 αὐτόν
1393 5057 1408 5071 ο
1471 5042 1662 5095 Φίλον
1721 5040 1903 5096 αὐτοῦ

2018 5039 2210 5106 statui,
2276 5037 2426 5109 quod
2471 5045 2682 5108 gestum
2717 5039 2858 5096 erat.
2899 5029 3229 5086 ascriberet.
3279 5026 3331 5082 Is
3373 5032 3625 5095 paternae

313 5092 634 5201 κρείττονα
653 5133 767 5200 οὐχ
797 5092 1265 5202 εὑρήσείς.,”Ωρᾳ
1287 5092 1354 5185 at
1368 5092 1609 5203 τετάρτη

2017 5133 2277 5204 nequitiae
2339 5137 2651 5187 sectaturus
2698 5125 3010 5196 exemplum
3065 5122 3121 5176 in
3174 5118 3383 5174 rabiem
3433 5122 3614 5204 actus,

318 5241 425 5299 ρας
451 5223 690 5296 ὲστέφθη
720 5223 942 5294 Μιχαὴλ
985 5223 1091 5276 ὑπὸ
1115 5223 1159 5256 ³¹
1206 5225 1528 5295 Νικηφόρον.)
1565 5202 1903 5298 πατριάρχου

2021 5202 2308 5296 respondit
2355 5239 2372 5276 :
2423 5221 2667 5275 Amicum
2717 5216 2993 5272 meliorem
3048 5228 3130 5266 me
3188 5225 3290 5262 non
3360 5202 3614 5260 invenies.

313 5297 376 5370 ἒν
447 5316 524 5388 τῷ
574 5315 789 5388 ᾶμϐωνι
847 5316 946 5386 τῆς
1007 5315 1268 5385 Μεγάλης
1338 5315 1690 5388 Ἐκκλησίας,
1749 5317 1832 5387 ἐφ’
1880 5311 1903 5386 ἦ

2035 5317 2245 5386 Quarta
2277 5330 2408 5372 vero
2440 5313 2550 5370 diei
2577 5313 2715 5368 hora
2739 5311 2794 5367 in
2812 5309 3047 5372 amboue
3077 5303 3285 5372 Magnas
3309 5297 3556 5356 ecclesiae
3584 5312 3622 5352 a

315 5410 477 5480 κοινὴ
509 5409 828 5479 ἀγαλλίασις
854 5409 1099 5477 γέγονεν,
1153 5408 1248 5462 καὶ
1306 5408 1622 5479 ἐδωρήσατο
1666 5408 1748 5479 τῷ
1807 5425 1903 5462 πα·

2019 5409 2336 5480 Nicephoro
2347 5407 2662 5480 patriarcha
2681 5402 2909 5460 Michael
2925 5405 3220 5458 coronatus
3232 5403 3335 5459 est,
3353 5407 3478 5449 cum
3499 5406 3618 5444 ma-

1620 5525 1859 5583 VARUE
1906 5523 2319 5582 LECTIONES.

428 5627 475 5697 Ῥ
510 5625 851 5697 Σταυράκιος
883 5624 1016 5697 add.
1044 5641 1121 5697 ex
1157 5626 1220 5680 Α.
1313 5626 1359 5658 ³⁸
1381 5625 1639 5697 δυνηθείη
1671 5629 1739 5693 A,
1763 5625 1970 5697 δυνηθῇ
2001 5625 2152 5694 vulg.
2193 5624 2266 5697 _“
2295 5620 2634 5697 ἐκτυφλλᾼ,
2668 5617 2830 5687 τυφλ.
2862 5615 3014 5697 vulg.
3107 5611 3176 5697 ."
3208 5609 3306 5664 τοῦ
3339 5611 3398 5697 ξι
3425 5611 3493 5678 A,
3525 5609 3616 5697 αὖα

314 5694 418 5751 τοῦ
446 5696 504 5750 δὲ
537 5683 683 5766 παιδ’.
738 5696 782 5730 ³³
807 5683 970 5749 τοῦτο
991 5696 1117 5752 add.
1159 5711 1225 5752 ex
1265 5697 1331 5750 A.
1444 5683 1610 5750 ³δ’καὶ
1627 5683 1695 5750 τὸ
1726 5683 1839 5751 ’τοῦ
1886 5683 2218 5766 him-.206
2255 5694 2404 5766 vulg.
2445 5683 2457 5693 ’
2502 5683 2914 5766 "gitti-imitng
2962 5683 3035 5766 Ᾱι
3095 5683 3415 5766 ἁμεριξιγέν
3461 5683 3616 5766 With

315 5769 364 5800 “
392 5751 703 5838 περιλειὸθ.
734 5767 801 5833 Α,
840 5751 1045 5838 παραλ.
1094 5751 1240 5838 vulg.
1329 5767 1376 5799 ³⁷
1398 5767 1584 5837 πάσης
1604 5782 1712 5825 om.
1749 5768 1814 5822 Α.
1928 5751 2440 5837 έδάναιμάκτωςᾌ,
2555 5763 2602 5794 ³⁸
2623 5751 2987 5831 περιεϐάλετο
3009 5756 3072 5821 Λ,
3105 5751 3422 5824 mnam.
3461 5751 3608 5822 vulg.

323 5839 371 5870 “
404 5837 726 5911 προκήκατο
756 5837 935 5910 vuig.’
985 5839 1029 5870 ”
1063 5837 1168 5892 ὑπὸ
1201 5839 1267 5905 Α,
1301 5838 1455 5910 παρά
1488 5839 1632 5909 vulg.
