4100 6438
329 372 446 435 993

1644 375 2002 436 CHRONOG
2013 377 2324 442 RAPHIA.

3509 393 3620 458 994

325 482 728 553 γὰρὲκωλύετο
759 482 863 535 ὑπὸ
913 482 1230 555 Νικηφόρου
1260 485 1419 538 τοῦτο
1479 487 1722 556 ποιῆσαι.
1755 489 1798 540 Τ
1803 491 1835 558 ᾖ
1865 488 1922 542 δὲ

2027 489 2260 562 Legatos
2292 495 2458 552 etiam
2498 499 2566 553 ad
2607 498 2865 555 Carolnm
2904 499 3242 558 Francorum
3291 521 3469 578 regem
3524 515 3621 566 de-

322 579 547 647 εἰκοστῇ
576 576 806 648 πέμπτῃ
829 576 923 630 τοῦ
951 576 1296 646 Δεκεμϐρίου
1330 579 1499 648 μηνὸς
1525 579 1627 648 τῆς
1659 580 1919 649 πέμπτης

326 667 662 732 ινδικτιῶνοῧ
692 668 914 738 Μιχαὴλ
948 671 977 721 ὁ
1005 670 1372 740 γαληνότατος
1406 670 1662 740 βασιλεὺς
1693 671 1922 739 ἔστεψεν

319 760 708 830 Θευφύλακτον
735 759 777 792 θ’
811 760 904 813 τὸν
937 761 1051 816 υἱὸν
1076 761 1246 816 αὐτοῦ
1285 764 1364 824 εἰς
1399 763 1628 832 βασιλέα
1682 763 1787 815 ὑπὸ
1817 764 1921 817 Νι·

322 858 572 926 κηφόρου
628 857 972 927 πατριάρχου
1033 859 1092 910 ὲν
1121 856 1200 927 τῷ
1249 857 1464 926 ἄμϐωνι
1512 859 1611 928 τῆς
1658 858 1924 929 Μεγάλης

335 947 666 1019 Ἐκκλησίας
685 949 871 1020 ἡμέρα
904 949 1131 1022 πέμπτῃ
1161 949 1259 1019 τῆς
1287 948 1605 1018 ἑϐδομάδος,
1634 951 1730 1002 καὶ
1754 967 1924 1022 προσο

320 1043 536 1111 ήγαγεν
564 1041 831 1110 πολυτελῆ
865 1041 1071 1111 κόσμον
1099 1041 1176 1111 τῷ
1227 1041 1368 1112 ἁγίῳ
1414 1043 1812 1113 θυσιαστηρίῳ,
1863 1044 1922 1095 ὲν

321 1131 549 1186 σκεύεσι
612 1131 818 1200 χρυσοῦ
870 1131 1130 1194 διαλίθοις
1167 1133 1262 1184 καὶ¹
1292 1133 1648 1203 τετραϐηλοις
1699 1135 1924 1204 ἀρχαιο-

317 1223 572 1286 τεύκτοις
603 1225 648 1256 ⁵ο
683 1224 750 1277 ἐκ
783 1224 992 1293 χρυσοῦ
1021 1225 1120 1278 καὶ⁸
1141 1224 1434 1300 πορφύρας
1457 1225 1732 1295 λαμπρῶς
1789 1227 1924 1278 καθ-

316 1316 662 1384 υερασμένοις
693 1316 788 1367 καὶ
813 1318 1158 1384 θαυμασταῖς
1187 1317 1372 1385 ἁγίαις
1404 1317 1577 1370 εἰκόσι
1638 1319 1923 1371 πεποικιλ-

322 1407 534 1476 μένοις.
590 1405 943 1476 Ἐδωρήσατο
1011 1406 1069 1459 δὲ
1139 1408 1236 1460 καὶ
1292 1406 1374 1477 τῷ
1409 1409 1728 1480 πατριάρχῃ
1795 1427 1922 1480 χρυο

316 1499 442 1552 σίου
496 1499 540 1530 ³⁸
582 1497 769 1568 λίτρας
806 1497 906 1563 κε’,
962 1500 1058 1552 καὶ
1108 1498 1186 1569 τῷ
1227 1499 1420 1569 εύαγεῖ
1481 1501 1672 1572 κλήρῳ
1731 1503 1923 1573 λίτρας

317 1592 540 1655 ἑκατὸν,
602 1590 907 1662 φαιδρύνας
953 1592 1054 1659 τὴν
1095 1592 1259 1660 ἁγίαν
1299 1593 1495 1664 ἑορτὴν
1561 1596 1655 1648 καὶ
1697 1596 1794 1666 τὴν
1824 1595 1918 1648 τοῦ

314 1684 514 1746 παιδὸς
576 1683 963 1755 ἀναγόρευσιν.
1001 1683 1160 1755 Ζήλῳ
1228 1685 1285 1738 δὲ
1339 1685 1475 1739 Θεοῦ
1534 1687 1718 1759 πολλῷ
1771 1705 1920 1758 κινη-

315 1775 438 1840 θεὶς
497 1775 527 1828 ὁ
584 1775 982 1840 εὐσεϐέστατος
1038 1776 1297 1846 βασιλεὺς
1363 1778 1507 1832 κατὰ
1571 1780 1913 1849 Μανιχαίων,

311 1869 430 1920 τῶν
462 1867 558 1921 νῦν
603 1867 1008 1935 Παυλικιανῶν,
1036 1869 1130 1924 καὶ
1175 1871 1516 1939 Ἀθιγγάνων
1547 1871 1658 1925 τῶν
1686 1873 1744 1925 ὲν
1775 1874 1914 1943 Φρυ-

311 1962 477 2034 γίαν
513 1963 607 2025 καὶ
637 1963 940 2034 Λυκαονία,
974 1962 1283 2033 κεφαλικὴν
1317 1965 1595 2036 τιμωρίαν
1625 1965 1919 2036 ἀποφηνά-

317 2072 488 2124 μενος
538 2057 658 2118 ταῖς
701 2055 1024 2127 Νικηφόρον
1080 2055 1176 2110 τοῦ
1225 2057 1534 2125 ἁγιωτάτου
1575 2058 1919 2129 πατριάρχου

314 2149 418 2201 καὶ
443 2147 621 2202 ἄλλων
652 2148 895 2202 εὐσεϐῶν
917 2150 1276 2221 εἰσηγήσεσιν
1309 2149 1446 2223 (55),
1475 2153 1760 2223 ἀνετράπη
1789 2153 1857 2206 δι’
1875 2153 1922 2185 ³³

313 2240 530 2310 ἑτέρων
561 2242 989 2313 κακοτρόπων³⁵1⁵
1042 2243 1371 2313 συμϐούλων
1433 2246 1706 2315 προφάσει
1748 2262 1923 2314 μετα-

312 2335 491 2400 νοίας,
527 2337 667 2407 ὅπερ
695 2332 763 2408 ἦν
784 2337 1050 2391 ἀδύνατον
1087 2338 1216 2401 τοὺς
1248 2341 1306 2410 τῇ
1340 2337 1520 2410 πλάνῃ
1545 2339 1732 2411 ἐκείνῃ
1752 2341 1924 2394 ἑαλω-

314 2429 492 2491 κότας
554 2431 922 2500 μετανοῆσαι.
996 2429 1386 2501 Ἐδογμάτιζον
1447 2433 1504 2485 δὲ
1553 2433 1783 2504 ἀμαθῶς
1846 2436 1945 2505 μὴ.

315 2521 528 2588 ἐξεῖναι
591 2521 828 2592 ἱερεῦσιν
850 2521 896 2553 ⁸⁸
958 2521 1368 2592 ἀποφαίνεσθαι
1421 2527 1567 2578 κατὰ
1613 2525 1832 2580 ἀσεϐῶν
1875 2527 1924 2560 ⁸⁵

316 2614 579 2678 θάνατον,
645 2612 788 2667 κατὰ
819 2614 1001 2668 πάντα
1022 2615 1142 2678 ταῖς
1165 2613 1340 2678 θείαις
1371 2616 1617 2684 Γραφαῖς
1643 2617 1926 2671 ἐναντιού-

319 2724 480 2776 μενοι
505 2706 638 2777 περὶ
686 2706 882 2760 τούτου
917 2707 982 2762 ⁸⁷.
1016 2707 1079 2760 Et
1129 2707 1238 2778 γὰρ
1261 2708 1473 2780 Πέτρος
1496 2711 1523 2762 ὁ
1555 2713 1854 2780 κορυφαῖος
1875 2711 1924 2745 ⁸³

329 2800 586 2854 ’Δνανίαν
619 2799 711 2853 καὶ
741 2800 1064 2871 Σάπφειραν
1085 2800 1181 2853 ἐπὶ
1204 2799 1484 2870 ψεύσματι
1513 2801 1664 2873 μόνῳ
1693 2801 1926 2856 τεθανά-

314 2910 502 2947 τωκεν
521 2893 589 2957 ⁵³,
642 2891 864 2956 Παῦλος
919 2891 976 2945 δὲ
1009 2894 1038 2945 ὁ
1073 2895 1250 2963 μέγας
1301 2892 1402 2964 βοᾷ
1443 2893 1620 2962 λέγων
1645 2895 1712 2962 ⁸ο,
1744 2896 1827 2950 ὅτι
1872 2898 1924 2950 οἱ

316 2987 553 3042 τοιαῦτα
585 2986 928 3056 πράσσοντες
960 2985 1104 3049 ἄξιοι
1163 2985 1398 3040 θανάτου
1424 2986 1586 3053 εἰσὶν,
1624 2989 1722 3041 καὶ
1748 2986 1925 3042 ταῦτα

315 3082 454 3152 περὶ
485 3079 814 3150 σωματικῆς
841 3079 1012 3150 μόνης
1069 3079 1378 3151 ἁμαρτίας·
1417 3079 1536 3142 πῶς
1566 3080 1668 3134 οὐκ
1691 3082 1927 3136 ἐναντίοι

2024 585 2269 650 stinavit,
2334 590 2429 659 qui
2503 594 2572 647 de
2648 609 2784 662 pace
2847 604 3013 664 atque
3079 599 3434 653 matrimonio
3494 618 3619 656 eum

2025 675 2434 750 'l‘beopbylaeto
2473 681 2591 750 ejus
2625 684 2738 738 lilio
2772 686 3013 740 ineundo
3061 695 3380 756 tractarent,
3441 694 3532 745 sed
3569 703 3624 747 et

2023 767 2366 841 Nicepb'orus
2423 778 2810 833 sanctissimus
2867 781 3181 848 patriarcha
3252 783 3318 838 ad
3385 784 3622 841 Leoni-tn

2025 863 2435 919 sanetissimum
2457 867 2643 922 Roma:
2659 883 2850 938 papam
2880 871 3172 940 synodicas
3202 872 3411 928 litteras
3439 883 3621 930 trans-

2027 955 2217 1021 misit;
2269 957 2336 1011 ad
2385 959 2492 1015 hoc
2541 961 2687 1014 enim
2744 978 2920 1031 usque
2977 974 3194 1032 tempus
3245 981 3274 1020 a
3315 965 3625 1037 Niccpliom

2027 1047 2356 1116 imperatore
2407 1053 2722 1121 prohibitus
2757 1055 2956 1118 fuerat,
2993 1072 3101 1126 quo
3131 1059 3313 1113 minus
3364 1059 3420 1114 id
3480 1075 3622 1128 pras-

2027 1149 2220 1196 staret.
2305 1143 2505 1199 Mensis
2588 1161 2754 1216 porro
2824 1148 3138 1204 Decembris
3209 1152 3296 1205 die
3361 1151 3624 1208 vicesimo

2025 1239 2240 1305 quinto,
2277 1239 2408 1294 feria
2459 1241 2820 1298 hebdomadis
2859 1243 3073 1312 quinta,
3122 1245 3350 1300 Michael
3381 1249 3623 1303 serenis-

2027 1328 2204 1384 simus
2233 1331 2532 1402 imperator
2561 1334 2732 1388 filium
2765 1351 2929 1390 suum
2969 1335 3264 1406 Nicephori
3297 1339 3626 1407 patriarcha:

2027 1437 2193 1491 opera
2255 1425 2307 1477 in
2377 1423 2584 1496 Magnae
2647 1427 2896 1482 ecclesiae
2949 1429 3185 1484 ambone
3238 1431 3622 1500 imperatorem

2028 1515 2336 1578 coronavit,
2373 1525 2486 1570 tum
2525 1532 2654 1571 vero
2693 1511 2945 1572 sanctum
2992 1519 3163 1572 altare
3207 1521 3628 1589 opulentissime

2030 1610 2319 1661 exornavit
2395 1610 2543 1664 vasis
2614 1611 2799 1666 aureis
2882 1612 3301 1682 gemmatisque,
3363 1621 3418 1668 ct
3493 1614 3627 1668 velis

2031 1701 2430 1769 quadrangulis
2481 1701 2544 1756 ad
2599 1703 2881 1771 antiquam
2935 1703 3191 1770 formam,
3255 1720 3320 1759 ex
3383 1719 3520 1759 auro
3574 1715 3628 1760 et

2033 1809 2270 1862 purpura
2291 1793 2574 1864 splendide
2603 1796 2901 1859 contextis,
2939 1797 3255 1866 sanctisque
3291 1798 3626 1868 imaginibus

2026 1897 2222 1938 manus
2295 1884 2517 1953 optimae
2572 1884 2868 1940 distinctis.
2952 1887 3034 1940 Ad
3105 1887 3222 1942 haec
3297 1889 3626 1957 patriarcha:

2023 1975 2215 2041 viginti
2272 1976 2520 2045 quinque
2581 1976 2700 2030 auri
2772 1977 2944 2032 libras
3016 1987 3072 2034 et
3149 1981 3443 2035 venerabili
3513 1983 3626 2035 cle-

2025 2082 2109 2135 ro,
2195 2075 2448 2123 sanctmn
2549 2067 2644 2123 Dei
2716 2068 2917 2124 festum
2991 2081 3044 2126 et
3115 2072 3211 2126 lilii
3289 2073 3628 2144 designatio-

2023 2174 2151 2214 nem
2207 2159 2647 2227 exbilaraturus,
2723 2171 2947 2216 centum
3005 2163 3174 2219 libras
3200 2166 3452 2220 contulit.
3495 2166 3624 2219 Zelo

2024 2260 2242 2316 quoque
2297 2247 2488 2302 divino
2541 2249 2924 2319 pientissimus
2971 2253 3270 2321 imperator
3314 2264 3519 2320 motus,
3565 2257 3623 2311 itt

2025 2337 2382 2405 Manichaeos,
2424 2342 2522 2411 qui
2557 2357 2707 2398 nunc
2754 2344 3090 2407 Paulieiani,
3125 2355 3179 2401 et.
3213 2347 3555 2419 Athinganos
3595 2365 3628 2406 e

2026 2431 2265 2505 Phrygia
2313 2443 2368 2489 et
2419 2434 2696 2506 Lycaonia
2732 2438 2934 2507 capitis
2970 2454 3131 2509 poena
3169 2438 3458 2511 Nicephori
3493 2458 3628 2498 san-

2025 2526 2262 2580 ctissimi
2293 2527 2622 2595 patriarcha:
2658 2537 2712 2583 et
2742 2530 2979 2584 aliorum
3023 2532 3342 2588 devotorum
3389 2535 3626 2589 hortati-

2028 2617 2132 2673 bus
2155 2620 2533 2687 pronuntiata,
2557 2622 2793 2676 aliorum
2820 2625 2963 2678 male
2996 2624 3320 2680 feriatorum
3348 2629 3623 2694 consiliis,

2031 2710 2480 2782 pmnitentizeque
2549 2715 2618 2768 ab
2693 2714 2817 2771 istis
2897 2715 3153 2772 incunda:
3222 2721 3474 2782 obtentu,
3555 2737 3627 2774 ne

2032 2804 2362 2859 sententiam
2389 2816 2784 2876 exsequeretur
2809 2807 3104 2878 impeditus
3132 2819 3216 2864 est
3246 2829 3260 2864 :
3285 2825 3408 2865 cum
3444 2819 3624 2865 tamen

2027 2898 2146 2953 ﬁeri
2193 2909 2430 2966 nequeat
2476 2901 2725 2966 omnino,
2779 2909 2843 2956 ut
2896 2902 2955 2969 ii,
3015 2903 3106 2973 qui
3166 2903 3226 2957 in
3283 2903 3388 2958 hoc
3435 2919 3627 2960 errore

2027 2993 2239 3047 versati
2276 3002 2426 3056 sunt,
2459 3010 2695 3064 usquam
2727 2995 2944 3049 sincera
2973 2993 3296 3065 pmnitentia
3328 2995 3624 3050 ducantur.

2030 3081 2205 3137 Porro
2235 3083 2324 3138 isti
2361 3085 2682 3153 dogmatum
2731 3095 3027 3140 noratores
3081 3086 3258 3155 palam
3299 3087 3625 3140 asserebant

316 3175 510 3228 αὐτῶν
561 3167 675 3228 εἷεν
698 3175 747 3226 oi
772 3174 900 3235 τοὺς
961 3172 1146 3243 πάσης
1186 3172 1426 3244 ψυχικῆς
1463 3174 1559 3226 καὶ
1598 3175 1921 3246 σωματικῆς

2031 3174 2414 3229 sacerdotibus
2485 3176 2629 3230 haud
2689 3176 2852 3231 licere
2929 3175 3218 3246 capitalem
3296 3179 3622 3233 sententiam

316 3268 678 3339 ἀκαθαρσίας
728 3265 1004 3338 ὲμπλέους
1029 3268 1125 3320 καὶ
1152 3267 1430 3337 δαιμόνων
1461 3265 1723 3337 λατρείας
1743 3267 1786 3298 ⁶¹
1821 3269 1926 3322 ὑπ-

317 3365 597 3434 άρχοντας
645 3340 1009 3431 λυτρούμενοι
1063 3360 1159 3414 τοῦ
1199 3360 1426 3430 ξίφους;
1467 3362 1610 3415 Ἀλλ’
1635 3364 1665 3415 ὁ
1693 3362 1926 3434 εὐσεϐὴς

318 3453 579 3524 βασιλεὺς
591 3452 812 3524 Μιχαὴλ
834 3453 936 3506 οὐκ
957 3452 1178 3521 ὀλίγους
1205 3453 1390 3506 αὐτῶν
1419 3453 1716 3524 ἀπέτεμεν.
1751 3457 1928 3508 Σταυ-

319 3551 517 3617 ράκιος
546 3546 604 3600 δὲ
637 3546 902 3609 ὲλκωθεὶς
938 3548 1003 3599 ὲκ
1045 3544 1147 3614 τῆς
1177 3545 1401 3616 καιρίας
1445 3545 1664 3616 πληγῆς
1691 3548 1760 3600 τὰ
1795 3548 1925 3614 περὶ

315 3641 420 3711 τὴν
451 3640 628 3710 ῥάχιν,
659 3638 737 3702 ὡς
768 3639 843 3710 μὴ
876 3637 1140 3692 δύνασθαί
1195 3654 1320 3690 τινα
1352 3639 1743 3705 προσεγγίζειν
1772 3639 1922 3710 αὐτῷ

281 3731 408 3784 -ὃιὲ
447 3731 550 3800 τὴν
584 3730 789 3800 πολλὴν
832 3731 1123 3795 δυσωδίαν,
1186 3730 1452 3801 τέθνηκεν
1486 3734 1550 3802 τῇ
1581 3738 1650 3783 ια’
1677 3731 1772 3784 τοῦ
1819 3734 1922 3786 Ἰα-

314 3829 572 3898 νουαρίου
604 3826 773 3898 μηνὸς
799 3827 898 3896 τῆς
924 3826 1186 3896 πέμπτης
1206 3825 1559 3889 ίνδικτιῶνος,
1591 3826 1922 3896 βασιλεύσας

313 3923 396 3993 τῷ
419 3921 601 3974 δοκεῖν
627 3923 805 3990 μῆνας
835 3918 930 3972 δύο
971 3918 1189 3989 ἡμέρας
1211 3918 1294 3982 ἒξ.
1330 3918 1408 3988 Τῇ
1431 3919 1490 3971 ιδ’
1525 3919 1619 3973 τοῦ
1637 3921 1682 3952 ⁸⁸
1740 3921 1919 3974 Μαΐου

318 4013 496 4084 μηνὸς
521 4012 710 4082 ἡμέρᾳ
735 4011 892 4084 ἕκτῃ,
922 4011 1170 4081 ἔκλειψις
1190 4011 1396 4082 ἡλιακὴ
1422 4015 1650 4081 γέγονεν
1705 4015 1916 4086 μεγάλη

315 4111 414 4162 ἐπὶ
435 4107 586 4179 ὥρας
618 4109 769 4178 τρεῖς
796 4105 971 4177 ἥμισυ
991 4105 1058 4169 ⁸³,
1101 4104 1211 4158 ἀπὸ
1241 4105 1436 4176 ὀγδόης
1459 4105 1615 4175 ὥρας
1638 4106 1743 4169 ἕως
1768 4106 1920 4179 ὧρας

315 4204 638 4273 ἑνδεκάτης.
676 4201 787 4254 Καὶ
810 4203 877 4272 τῇ
903 4196 968 4262 ιζ’
1001 4199 1046 4231 ⁸⁵
1077 4199 1171 4252 τοῦ
1215 4200 1439 4253 Ἰουνίου
1490 4201 1660 4270 μηνὸς
1691 4199 1917 4270 ἐξῆλθεν

313 4301 542 4370 Μιχαὴλ
588 4296 732 4352 κατὰ
788 4295 1135 4367 Βουλγάρων,
1172 4293 1600 4363 συνεξελθούσης
1629 4294 1779 4366 αύτῷ
1822 4297 1916 4350 καὶ

313 4390 641 4466 Προκοπίας
681 4389 785 4450 ἕως
816 4388 1054 4453 Τζουλοῦ
1075 4388 1141 4439 εδ.
1179 4386 1284 4439 Τοῦ
1314 4385 1370 4438 δὲ
1395 4386 1721 4457 Βουλγάρων
1745 4389 1917 4459 ἀρχη-

314 4487 421 4558 γοῦ
447 4486 754 4556 Κρούμμου
799 4483 1012 4544 ἑλόντος
1032 4480 1131 4550 τὴν
1160 4479 1424 4532 Δεϐελτὸν
1458 4478 1794 4551 πολιορκεῖν,
1825 4487 1917 4536 καὶ

2033 3268 2310 3323 adversus
2345 3269 2546 3339 impios
2567 3267 2732 3330 ferre.
2762 3271 2857 3326 sed
2893 3271 2946 3325 in
2973 3287 3040 3326 eo
3068 3271 3271 3327 divinis
3317 3270 3623 3340 Scripturis

2030 3361 2296 3417 adversus
2327 3361 2496 3416 simul
2544 3378 2604 3418 se
2647 3365 3017 3432 proferebant.
3067 3365 3280 3418 Etenim
3329 3364 3374 3418 si
3433 3365 3626 3418 Petrus

2031 3453 2402 3522 apostolorum
2457 3455 2784 3526 corypbmus
2844 3455 3115 3510 Ananiam
3176 3463 3230 3511 et
3293 3455 3620 3526 Sappbiram

2029 3543 2196 3599 unius
2226 3545 2500 3599 mendacii
2535 3561 2656 3600 reos
2691 3547 2852 3600 morti
2887 3547 3118 3611 addixit,
3150 3562 3251 3602 nec
3280 3563 3390 3600 non
3420 3546 3624 3600 Paulus

2025 3637 2238 3707 liquido
2275 3646 2529 3704 testatur,
2562 3639 2653 3708 qui
2689 3639 2815 3694 talia
2860 3649 3180 3710 perpetrant
3211 3648 3392 3694 morte
3421 3639 3620 3709 dignos

2029 3744 2176 3794 esse,
2232 3729 2400 3800 idque
2450 3732 2835 3786 tantummodo
2900 3747 2998 3800 pro
3067 3748 3336 3803 corporeo
3395 3733 3622 3798 delicto,

2028 3825 2656 3894 nonne~apostolorum
2722 3826 3028 3880 adversarii
3097 3837 3263 3896 atque
3327 3826 3627 3881 dissimiles

2025 3925 2212 3983 erunt,
2241 3918 2331 3987 qui
2360 3919 2635 3983 homines,
2668 3931 2776 3974 tam
2809 3920 2973 3994 420
3001 3921 3198 3976 animae
3224 3935 3390 3992 quam
3427 3935 3624 3990 corpo-

2025 4010 2105 4072 ris
2165 4009 2486 4080 impuritate
2541 4020 2846 4084 scatentes,
2896 4022 2948 4066 et
2998 4013 3309 4067 daemonum
3362 4013 3629 4083 obsequio

2026 4107 2392 4176 mancipatos,
2459 4105 2641 4176 gladio
2703 4105 2946 4162 divinant
3004 4105 3270 4160 ultionem
3342 4104 3626 4176 peragenti

2025 4200 2308 4270 eripient?
2339 4199 2545 4255 Eorum
2579 4212 2758 4254 tamen
2800 4201 2942 4255 haud
2991 4216 3199 4270 paucos
3227 4201 3352 4270 pius
3393 4200 3628 4270 impera-

2026 4301 2115 4353 to.r
2167 4293 2399 4348 Michael
2441 4294 2635 4362 capitis
2686 4293 3034 4348 abscissione
3065 4293 3369 4348 damnavit.
3414 4291 3622 4346 lnterea

2027 4391 2358 4451 Stanracius
2412 4390 2594 4446 ulcere
2641 4406 2705 4444 cx
2753 4390 2899 4444 letali
2949 4390 3130 4460 plaga,
3180 4405 3344 4460 quam
3389 4389 3444 4442 in
3479 4389 3628 4443 dorsi

2027 4483 2242 4549 spinam
2306 4489 2614 4546 acceperat,
2687 4479 2922 4542 irritatn,
2989 4481 3126 4534 adeo
3190 4489 3248 4534 ut
3308 4479 3494 4533 nullus
3559 4479 3631 4534 ob

314 4580 449 4642 τοὺς
483 4579 542 4630 ἐν
570 4578 708 4646 αὐτῇ
769 4574 869 4628 σὺν
931 4572 1008 4643 τῷ
1059 4571 1346 4640 ὲπισκόπῳ
1400 4572 1918 4640 μετοικήσαντας⁶⁸,

2029 4569 2282 4625 fmtorem
2350 4571 2416 4624 ad
2477 4585 2604 4624 eum
2673 4570 2900 4640 propius
2956 4570 3217 4624 accedere
3262 4579 3472 4638 posset,
3512 4570 3626 4624 \ita

318 4671 675 4744 τοροσρυέντα
693 4671 735 4701 ⁸⁷
771 4666 924 4738 αὐτῷ
955 4667 1048 4720 διὰ
1112 4664 1315 4735 πολλὴν
1381 4663 1748 4718 κακοϐουλίαν
1809 4666 1921 4718 τῶν
1969 4733 1994 4739 μ

320 4762 810 4836 παρασυμϐούλων
860 4759 956 4814 τοῦ
996 4758 1262 4828 βασιλέως
1308 4758 1388 4820 είς
1417 4755 1714 4827 ἐπιϐουλὴν
1759 4759 1923 4829 ὲτρέιο

318 4873 513 4926 πησαν
543 4856 638 4908 καὶ
708 4853 898 4924 ὕϐρεις
938 4852 1008 4904 τὰ
1043 4850 1227 4922 πλήθη
1267 4848 1505 4918 μάλιστα
1551 4848 1645 4901 τοῦ
1679 4850 1926 4919 Ὀψικίου

317 4952 422 5005 καὶ
449 4949 562 5005 τῶν
585 4947 938 5012 Θρακησίων·
958 4942 1049 5008 οὓς
1075 4944 1423 5006 κατευνὰσας
1450 4943 1677 5017 Μιχαὴλ
1700 4943 1931 5016 δωρεαῖς

2033 4664 2251 4718 tandem
2312 4664 2552 4719 excessit
2617 4664 2826 4718 mensis
2880 4661 3126 4718 Januarii
3183 4662 3272 4718 die
3331 4662 3630 4717 undecimo

2034 4761 2226 4830 quinta
2256 4760 2576 4826 indictione,
2621 4762 2745 4816 cum
2776 4762 2932 4830 juxta
2985 4756 3350 4828 quorumdam
3405 4770 3632 4810 sensmn

2038 4870 2258 4911 menses
2305 4857 2445 4910 duos
2480 4855 2596 4909 dies
2640 4871 2736 4910 sex
2784 4853 3078 4924 imperium
3129 4851 3421 4906 tenuisset.
3463 4849 3635 4904 Carte-

2043 4963 2166 5002 rum
2204 4949 2413 5004 mensis
2445 4948 2571 5003 Maii
2612 4949 2701 5004 die
2754 4948 2970 5004 decimo
3016 4954 3217 5017 quarto
3273 4945 3468 5014 ingens
3498 4943 3633 4998 solis

1632 5058 1867 5114 VARle
1906 5061 2319 5120 LECTlO-NES.

421 5183 466 5215 “’
492 5182 724 5252 Θεοςρὺλ.
760 5180 885 5235 add.
908 5196 973 5236 ex
1001 5178 1068 5235 Α.

323 5258 372 5346 ξ’
406 5251 696 5346 ἔνιαι)ρὲβῖ
737 5251 1216 5346 ὲζκτῇιφρκνιιὲιξέ
1302 5251 1582 5346 ⁸³1ὲτράτὲη

324 5332 432 5398 ίερ.
462 5321 556 5378 Af
599 5327 645 5357 "
670 5321 1254 5444 ἀσεϐὦνἏηεὺσεϐὧν
1282 5321 1428 5390 vulg.
1525 5322 1570 5352 ⁵⁷
1595 5323 1790 5378 τούτου

324 5402 372 5432 ⁸³
409 5397 756 5450 ἐθανάτωσεν
777 5403 845 5459 Α.
921 5396 964 5424 ⁶⁰
1011 5395 1168 5461 ,ἐγων
1194 5394 1318 5446 add.
1354 5408 1417 5444 ex
1455 5393 1517 5455 Λ,
1562 5391 1694 5446 item
1729 5399 1800 5450 οί.

322 5471 476 5542 ὥρας
509 5468 648 5520 ἑπτὰ
680 5483 732 5520 a.
815 5467 861 5498 ⁸³
885 5467 950 5536 τῇ
987 5465 1030 5530 ζ’
1065 5467 1130 5519 A.
1217 5463 1261 5494 °'
1288 5461 1630 5534 Τζουρούλου
1656 5466 1722 5523 Α,

323 5541 438 5612 mg.
476 5541 612 5595 edit.

1178 5180 1224 5212 '°
1256 5179 1714 5257 aggressum};
1748 5185 1815 5248 A,
1855 5185 2256 5257 amatori-cog
2288 5187 2436 5257 vulg.

1627 5253 1684 5304 δὲ
1718 5259 1811 5308 καὶ
1845 5253 1918 5309 διἱ
1943 5253 2013 5310 Ἀ.

1525 5319 1790 5402 Ι⁵ζτιούτου
1827 5328 1894 5391 Α,
1927 5328 2136 5383 τούτων
2173 5331 2322 5399 vulg.
2383 5319 2434 5361 ³³
2458 5319 2666 5399 Πέτρος
2700 5331 2729 5381 ὁ
2763 5347 2816 5384 κ.
2853 5332 2915 5391 Λ,
2944 5328 3111 5412 Πέτρ.
3143 5319 3292 5414 μὲῇέ
3325 5336 3448 5388 κορ·
3483 5319 3630 5388 "1'3-

1562 5402 1694 5446 ttcm
1729 5399 1800 5450 οί.
1895 5398 1936 5429 ⁶¹
1971 5400 2176 5453 λάτοας
2205 5402 2272 5453 Λ.
2374 5400 2419 5432 ⁶¹
2447 5399 2544 5453 τοῦ
2570 5402 2697 5453 add.
2738 5416 2804 5453 ex
2837 5401 2900 5452 A.
2966 5399 3011 5430 ⁸³
3041 5398 3190 5453 ξορας
3231 5409 3291 5453 ες
3315 5391 3532 5453 καὶὴμ-
3565 5393 3630 5453 Α.

1895 5418 1936 5429 υ·
1971 5418 2176 5468 Αατρας
2205 5418 2272 5453 Α.
2374 5418 2419 5432 ν·
2447 5418 2544 5454 του
2570 5418 2697 5454 auu.
2738 5418 2804 5466 ex
2837 5418 2900 5452 Α.
2966 5418 3011 5430 νυ
3041 5418 3108 5467 ωε

1811 5469 1857 5500 ⁸⁵
1890 5473 2336 5541 μετοικήσαντας
2367 5473 2434 5536 Α,
2503 5471 2929 5542 μετοικήσαντος
2961 5469 3108 5539 vulg.

3274 5178 3400 5234 add.
3446 5160 3512 5233 εὶ
3561 5177 3629 5232 Α.

2539 5189 2581 5220 δ’
2608 5185 2835 5258 χρυσίου
2889 5187 3080 5255 λίτρας
3129 5181 3209 5237 κε’
3274 5181 3400 5234 add.
3446 5194 3512 5233 ex
3561 5181 3629 5232 A.

2539 5277 2565 5311 ν
2602 5263 2668 5319 Α,
2713 5257 3063 5312 κακοϐούλων
3115 5253 3260 5319 vulg.
3394 5251 3440 5282 ⁸⁵
3470 5248 3544 5319 μὴ
3572 5251 3631 5301 ὲν

2119 5259 2166 5289 ⁵⁵
2201 5253 2565 5328 κακοτρόπων
2602 5253 2668 5323 Ᾰζ
2713 5253 3063 5312 κακοϐούλων
3115 5253 3260 5328 vulg.

2374 5400 2419 5432 ⁶¹
2447 5399 2544 5454 τοῦ
2570 5391 2697 5454 add.
2738 5416 2804 5466 ex
2837 5401 2900 5452 A.
2966 5399 3011 5430 ⁸³
3041 5391 3190 5467 ὧρας
3231 5391 3291 5455 ἓξ
3315 5391 3532 5461 καὶὴμ.
3565 5393 3633 5454 A,

2374 5473 2434 5534 Α,
2503 5471 2929 5534 μετοικήσαντος
2961 5469 3108 5534 vulg.
3184 5466 3226 5498 ⁸⁷
3261 5460 3633 5534 προσρυέντες

1635 5623 1776 5680 JAC.
1813 5622 2026 5679 GOARl
2063 5623 2304 5692 NOTAE,

394 5727 513 5796 (55)
559 5725 848 5794 Nicephori
886 5723 1247 5796 suasionibus.
1311 5721 1554 5794 lgnatius
1695 5720 1816 5776 Vita
1862 5720 1921 5775 ὃ.

322 5794 624 5868 Νἰοθῃιιοιὴ
656 5797 878 5874 scriptis
905 5795 1217 5874 exagitasse
1247 5799 1414 5874 tradit
1461 5809 1557 5862 per
1585 5794 1731 5847 illius
1766 5803 1922 5874 tran-

325 5865 485 5943 quilli
514 5872 713 5935 otium,
743 5865 805 5923 ac
832 5865 1179 5935 imperatoris
1203 5867 1528 5921 auctoritate
1551 5865 1927 5936 compescuis-

1157 6105 1184 6128 l

2026 5738 2125 5775 se:
2171 5737 2389 5792 pmnam
2425 5736 2555 5777 vero
2587 5720 2781 5789 capitis
2812 5734 3036 5792 curasse
3065 5719 3118 5792 in
3145 5734 3242 5776 eos
3273 5719 3492 5776 decerni
3528 5735 3634 5778 non

2031 5789 2186 5858 dicit,
2236 5793 2577 5862 autrjusrci
2613 5792 2881 5847 meminit.
2933 5789 3188 5846 Severior
3237 5792 3291 5847 in
3344 5807 3443 5847 eos
3467 5792 3632 5849 disci-

2034 5865 2182 5934 plina
2218 5863 2365 5921 haud
2397 5864 2534 5921 satis
2566 5879 2596 5920 e
2627 5878 2744 5934 rep.
2801 5871 2990 5934 postea
3023 5863 3210 5920 cessit.
3269 5863 3554 5920 Constans.
