4100 6426
329 388 437 453 997

1639 385 1733 444 CII
1745 385 2322 448 liONOGRM’HIA.

3496 395 3600 456 998

332 493 530 558 σεὸοὖς
561 493 784 564 γνώμης
807 491 1157 562 ἐφανέρωσεν
1185 491 1455 562 δόγματα.
1486 491 1625 556 Τοὺς
1645 492 1702 544 δὲ
1741 490 1916 561 Ἀθιγ-

2035 494 2234 550 Verum
2273 495 2538 552 Dominus
2589 495 2739 566 ipsos
2779 510 2903 551 cum
2955 495 3224 552 dedecore
3269 501 3624 566 compescuit.

329 589 532 656 γάνους
558 584 862 657 δημεύσας,
896 584 1084 655 ἐξορίᾳ
1113 583 1503 654 παραδέδωκεν
1520 584 1562 616 ⁸³
1589 583 1678 638 διὰ
1700 584 1931 649 Λέοντος

2035 590 2129 659 qui
2169 589 2481 657 piissimum
2536 589 2855 644 Mirhaelcm
2888 588 2956 644 ad
3005 590 3284 644 veritatem
3338 589 3627 644 vindican-

327 680 424 734 τοῦ
442 679 490 711 ⁸¹
517 678 828 752 στρατηγοῦ
863 679 974 732 τῶν
1011 677 1399 731 ’Δνατολικῶν.
1427 676 1518 746 Τῷ
1545 676 1600 730 δὲ
1630 677 1916 750 Αὐγούστη

2033 683 2158 736 dam
2212 680 2492 746 excitarit,
2525 681 2617 751 qui
2675 695 2798 735 cum
2855 678 3120 734 audenter
3167 689 3221 734 et
3276 679 3627 736 simulatione

327 773 468 843 μηνὶ
495 771 595 840 τῆς
617 771 877 842 πέμπτης
913 770 1246 832 ῐνδικτιῶνος
1271 768 1434 822 θεὸὶθ
1473 769 1614 824 κατὰ
1657 770 1927 842 Χριστιαο·

323 865 436 917 νῶν
476 864 934 935 ἐπεστράτευσεν.
995 861 1182 934 Τούτῳ
1219 861 1518 931 συμϐαλὼν
1573 860 1730 916 Λέων
1761 864 1789 915 ό
1813 862 1926 916 τῶν

337 959 706 1014 Ἀνατολικῶν
732 960 1042 1031 στρατηγὸς
1071 959 1406 1030 εὐδοκίμησε
1439 959 1738 1030 δισχιλίους
1755 977 1920 1015 καταο

322 1049 543 1123 πράξας
577 1091 595 1115 ,
655 1054 752 1106 καὶ
804 1053 1005 1116 ἵππους
1085 1053 1180 1106 καὶ
1231 1053 1455 1123 ἅρματα
1502 1051 1920 1124 συλλαϐόμενος.

319 1145 591 1214 Μουςιμὲδ
648 1146 704 1200 δὲ
739 1148 767 1200 ὁ
803 1147 1022 1218 πρῶτος
1086 1148 1202 1210 υἱὸς
1266 1146 1481 1217 Ἀαρὼν
1540 1149 1763 1219 κριτῶν
1817 1146 1919 1218 τὴν

318 1237 502 1309 ἀρχὴν
530 1238 624 1292 τοῦ
650 1239 861 1305 ἔθνους,
893 1239 1187 1311 συμϐαλὼν
1225 1239 1302 1310 τῷ
1332 1239 1546 1310 ἀδελφῷ
1595 1239 1762 1293 αὑτοῦ
1800 1239 1920 1292 ’Λϐ-

305 1327 486 1400 6ελλᾷ
541 1331 681 1385 κατὰ
730 1331 831 1402 τὴν
868 1332 1156 1399 ἐνδοτέραν
1206 1332 1488 1402 Περσικὴν
1527 1332 1740 1402 ἡττήθη
1771 1348 1783 1361 ’
1824 1332 1920 1385 καὶ

318 1421 661 1489 καταφυγὼν
717 1423 799 1485 εἰς
834 1425 897 1474 τὸ
953 1422 1136 1491 Βαγδὰ
1191 1421 1301 1494 (59)
1362 1422 1520 1476 τοῦτο
1583 1423 1914 1493 ἐκράτησεν.

316 1509 363 1559 Τ
368 1512 436 1578 ἡν
467 1525 524 1561 τε
553 1511 846 1582 Δαμασκόν
868 1511 1027 1574 ἄλλος
1046 1513 1312 1583 κατέσχεν
1355 1515 1643 1584 τύραννος,
1675 1514 1771 1566 καὶ
1815 1514 1916 1583 τὴν

311 1601 598 1670 Αἴγυπτον
649 1604 746 1658 καὶ
786 1605 1054 1674 Ἀφρικὴν
1083 1605 1174 1658 δύο
1192 1605 1651 1676 κατεμερίσαντο,
1688 1605 1782 1658 καὶ
1813 1605 1915 1677 τὴν

308 1690 690 1762 Παλαιστίνην
725 1693 886 1757 ἄλλος
904 1693 951 1725 ⁸³
978 1694 1290 1767 λῃστρικῶς
1316 1697 1669 1766 κατενέμετο.

2032 775 2230 840 rejecta
2256 783 2646 846 congruentem
2698 773 2765 828 de
2823 773 2928 828 lide
2963 786 3272 828 sermonem
3305 774 3372 827 ad
3419 774 3626 830 milites

2031 867 2335 931 habuisset,
2369 867 2438 921 ad
2517 866 2874 937 imperantem
2929 867 3122 922 urbem
3173 867 3276 920 iter
3329 870 3624 929 convertit,

2029 960 2120 1014 ubi
2144 959 2331 1015 solerti
2357 959 2598 1014 consilio
2627 960 2785 1024 inito,
2827 968 3150 1014 aovatorum
3169 973 3330 1026 quam
3358 959 3626 1028 plurimos

2027 1051 2204 1122 plagis
2235 1053 2378 1106 haud
2405 1051 2592 1108 multis
2623 1052 2844 1107 inflictis
2881 1052 3171 1118 deterruit,
3205 1059 3258 1104 et
3278 1051 3626 1107 Constantini

2027 1144 2174 1200 ﬁlius
2208 1145 2387 1200 oculis
2415 1145 2622 1212 pridem
2661 1145 2881 1199 orbatos
2912 1144 3212 1215 Aphusiam
3268 1145 3323 1198 in
3363 1145 3624 1200 exsilium

2023 1235 2308 1305 deportari
2337 1235 2528 1304 jussit.
2567 1233 2670 1290 Uni
2698 1249 2866 1304 porro
2898 1250 2962 1288 ex
2997 1237 3120 1290 istis
3160 1235 3339 1304 planis
3396 1234 3624 1288 falsario

2024 1328 2268 1384 eremitaz
2295 1326 2505 1381 Nicolai
2539 1327 2915 1382 llexacionitze
2952 1327 3005 1380 in
3037 1327 3264 1381 edendis
3321 1328 3620 1396 praestigiis

2024 1415 2346 1487 symmistae,
2363 1415 2726 1471 sanctissimae
2745 1414 2837 1470 Dei
2850 1413 3142 1471 Genitricis
3162 1416 3448 1486 imaginem
3465 1415 3624 1471 abra-

2023 1508 2156 1564 dere
2179 1515 2235 1562 et
2261 1508 2616 1563 contumeliis
2645 1509 2859 1563 allicere
2893 1524 3032 1562 auso
3053 1508 3296 1579 linguam
3324 1507 3622 1577 praescidit,

2019 1604 2111 1673 qui
2132 1603 2333 1658 anima:
2364 1603 2527 1660 simul
2553 1612 2607 1659 et
2636 1603 2884 1674 corporis
2910 1604 3130 1659 interitu
3155 1612 3342 1672 raptus
3365 1612 3468 1667 est,
3493 1617 3623 1656 seu-

2017 1696 2203 1751 tenti-.e
2237 1710 2369 1751 vero
2430 1711 2762 1766 morumque
2813 1697 3056 1753 sodalem
3108 1695 3397 1752 Nicolaum
3444 1694 3623 1764 poeni-

317 1787 547 1841 tentiam
573 1804 736 1860 agere
759 1790 1062 1860 pollicitum
1097 1807 1196 1862 per
1219 1793 1423 1847 civium
1480 1793 1636 1848 urbis
1701 1793 1947 1848 omnium
1991 1794 2182 1849 oculos
2213 1794 2449 1848 crimina
2475 1811 2572 1854 sua
2603 1796 2820 1865 publice
2842 1796 3000 1852 fateri
3031 1804 3285 1852 eoactum
3354 1792 3620 1853 traduxit,

313 1889 386 1932 ac
438 1892 506 1932 ne
554 1879 724 1934 libere
756 1896 878 1950 quae
908 1881 1108 1951 placita
1153 1881 1337 1938 forent
1390 1892 1809 1954 exsequeretur,
1860 1884 1915 1940 in
1987 1885 2384 1940 monasterium
2437 1888 2682 1942 retrusit.
2741 1884 3014 1943 Universo
3087 1895 3270 1941 autem
3353 1884 3619 1947 exercitui

309 1967 386 2022 ad
409 1969 796 2027 allocutionem
855 1974 921 2028 ad
982 1973 1337 2045 Magnauram
1368 1985 1692 2042 convocato,
1716 1976 1988 2048 religiosa
2025 1993 2137 2033 suae
2161 1978 2214 2032 in
2241 1979 2407 2034 Deum
2453 1980 2653 2036 mentis
2678 1980 2933 2050 dogmata
2985 1992 3180 2035 cuncta
3208 1978 3482 2048 exposuit,
3521 1975 3618 2030 ad-

311 2059 496 2115 hibita
564 2080 783 2133 quoque
847 2063 1046 2121 Leonis
1107 2064 1470 2121 Orientalium
1513 2066 1672 2121 ducis
1729 2081 1921 2136 opera,
1961 2067 2304 2139 Athinganos
2340 2070 2558 2140 publice
2589 2069 2931 2139 proscriptos
2995 2069 3052 2123 in
3119 2068 3373 2124 exsilium
3422 2082 3616 2121 aman-

311 2152 487 2208 davit.
545 2151 868 2211 lndictionis
947 2164 1126 2210 autem
1171 2157 1376 2227 quintae
1429 2155 1683 2226 Augusto
1725 2173 1913 2212 mense
1953 2157 2186 2214 Thebitb
2219 2160 2272 2214 in
2309 2161 2649 2216 Christianos
2678 2176 2830 2214 arma
2866 2161 3057 2215 movit.
3130 2162 3315 2231 Pugna
3383 2157 3617 2214 subinde

303 2261 444 2311 cum
473 2260 541 2302 eo
593 2246 754 2313 inita,
812 2245 922 2302 Leo
963 2247 1316 2302 orientalium
1375 2247 1656 2317 agminum
1732 2249 1850 2326 dux;
1903 2247 1988 2304 bis
2029 2250 2180 2305 mille
2207 2266 2270 2304 ex
2308 2249 2422 2316 ejus
2462 2251 2728 2306 militibus
2762 2251 3075 2321 prostratis,
3107 2253 3264 2321 equis
3319 2252 3483 2306 etiam
3517 2266 3616 2308 eo-

309 2355 442 2396 rum
467 2349 521 2396 et
561 2340 734 2398 armis
765 2341 962 2412 captis,
990 2341 1182 2410 ingens
1208 2357 1274 2396 ex
1315 2341 1408 2396 illa
1437 2342 1668 2397 victoria
1709 2357 1908 2398 nomen
1951 2343 2058 2398 sibi
2077 2346 2310 2415 peperit.
2339 2345 2609 2401 Caeterum
2665 2345 2916 2402 Muamed
2977 2345 3216 2401 filiorum
3284 2346 3467 2402 Aaron
3524 2365 3614 2404 se—

307 2431 462 2497 nior,
505 2445 572 2487 ac
616 2430 795 2498 gentis
858 2431 1088 2502 imperio
1133 2433 1362 2504 potitus,
1411 2435 1711 2490 commisso
1789 2450 1912 2490 cum
1951 2435 2123 2491 fratre
2142 2436 2368 2493 Abdella
2389 2439 2712 2505 certamine,
2743 2438 2798 2492 in
2862 2437 3049 2493 Persia
3088 2438 3351 2493 interiore
3418 2454 3616 2495 sueru-

307 2524 456 2588 buit,
491 2532 819 2594 arreptaque
848 2521 976 2594 fuga
1011 2523 1244 2595 Bagdam
1315 2541 1375 2582 se
1442 2526 1742 2598 recipiens,
1794 2527 1978 2584 locum
2019 2531 2333 2601 occupavit.
2358 2530 2688 2588 Damascum
2715 2546 2846 2587 vero
2868 2531 3010 2586 alius
3045 2531 3284 2586 obtinuit
3323 2539 3612 2601 tyrannus,

307 2625 366 2672 et
401 2614 494 2669 alii
524 2613 634 2669 duo
684 2612 973 2686 [Egyptum
1010 2624 1064 2670 et
1093 2613 1336 2670 Africam
1395 2614 1539 2671 inter
1603 2632 1664 2673 se
1718 2617 1905 2688 partiti
1953 2629 2103 2684 sunt,
2140 2627 2196 2674 et
2224 2619 2578 2677 Palaestinam
2615 2621 2838 2676 demum
2877 2621 3016 2676 alter
3054 2620 3327 2682 praedonis
3378 2621 3431 2674 in
3495 2636 3614 2675 mo-

307 2725 429 2767 rem
455 2709 815 2780 depopulatus
835 2718 923 2765 est

384 2805 453 2859 Α.
487 2802 560 2856 Μ.
597 2802 758 2858 6505.
792 2833 861 2843 —-
888 2803 1078 2874 Τούτῳ
1113 2803 1192 2875 τῷ
1222 2804 1332 2858 ἔτει
1365 2803 1688 2876 (Κροῦμμος
1725 2805 1754 2857 ὁ
1798 2804 1909 2859 τῶν

2051 2821 2059 2830 ’
2091 2811 2154 2862 Α.
2211 2805 2271 2862 C.
2321 2803 2448 2861 805.
2495 2833 2549 2844 —
2579 2803 2697 2859 Hoc
2745 2817 2894 2858 anno
2922 2793 3221 2858 Cruminus
3249 2800 3610 2872 Bulgarorum

307 2892 648 2964 ὼυλγᾶρων
679 2892 924 2963 ἀρχηγὸς
951 2893 996 2924 ⁸⁵
1024 2892 1111 2944 διὰ
1157 2891 1535 2963 Δαργαμηροῦ
1561 2894 1627 2946 τὰ
1655 2893 1784 2962 περὶ
1815 2892 1913 2962 τῆς

306 2987 541 3060 εἰρήνης
569 2983 729 3049 αὖθις
788 2985 925 3056 πρὸς
979 2984 1200 3056 Μιχαὴλ
1227 2985 1320 3040 τὸν
1359 2984 1406 3017 ⁸⁵
1462 2984 1692 3056 βασιλέα
1744 2987 1914 3055 ἐπρε-

313 3075 614 3141 σϐεύσατο,
641 3075 824 3146 ζητῶν
875 3075 976 3138 τὰς
1008 3075 1105 3128 ἐπὶ
1135 3074 1427 3128 Θεοδοσίου
1440 3075 1536 3128 τοῦ
1557 3075 1916 3146 Ἀδραμυντι-

310 3166 408 3221 νοῦ
422 3167 802 3238 στοιχηθείσας
820 3172 916 3220 καὶ
939 3165 1229 3237 Γερμανοῦ
1254 3166 1350 3220 τοῦ
1377 3167 1727 3240 πατριάρχου
1751 3183 1914 3220 σπον-

306 3258 409 3323 δὰς
434 3259 574 3330 πρὸς
605 3260 914 3330 Κομέρσιον
945 3260 1036 3312 τὸν
1061 3261 1183 3312 κατ’
1213 3260 1394 3314 ἐκεῖνο
1422 3257 1470 3291 ⁸⁸
1491 3258 1687 3330 καιροῦ
1719 3258 1914 3330 κύριον

308 3348 656 3421 Βουλγαρίας
678 3367 692 3381 ·
725 3351 782 3404 αἲ
818 3351 945 3413 τοὺς
973 3351 1018 3383 ⁸⁷
1052 3351 1212 3421 ὅρους
1245 3353 1525 3423 περιεῖχον
1553 3351 1664 3404 ἀπὸ
1686 3351 1916 3422 Μηλεώ-

307 3460 421 3497 νων
445 3443 546 3514 τῆς
569 3443 815 3516 Θρᾴκης.
862 3442 1100 3515 Ἑσθῆτά
1125 3462 1184 3497 τε
1241 3446 1337 3498 καὶ
1385 3446 1619 3499 κόκκινα
1662 3445 1912 3515 δέρματα

305 3532 420 3598 ἕως
459 3534 506 3566 ⁸⁸
560 3536 727 3606 τιμῆς
781 3536 1079 3607 τριάκοντα
1137 3535 1344 3607 λιτρῶν
1373 3536 1638 3607 χρυσίου·
1688 3539 1784 3589 καὶ
1816 3538 1912 3590 ἐπὶ

307 3627 524 3692 τούτοις
547 3630 674 3704 τοῷς
698 3628 1023 3699 πρόσφυγας
1053 3629 1334 3699 ἑκατέρων
1366 3629 1474 3681 τῶν
1489 3627 1674 3698 μερῶν
1704 3629 1750 3660 ⁸⁸
1773 3629 1910 3682 ἀπο-

309 3721 648 3792 στρέφεσθαι
713 3723 850 3792 πρὸς
906 3723 1193 3794 ἑκάτερον,
1255 3722 1361 3775 κᾶν
1406 3722 1646 3791 τύχωσιν
1687 3721 1910 3775 ἐπιϐου-

307 3813 560 3879 λεύοντες
600 3816 720 3878 ταῖς
766 3815 984 3886 ἀρχαῖς.
1025 3815 1162 3878 Τοὺς
1213 3814 1272 3868 δὲ
1304 3815 1788 3885 ἐμπορευομένους
1829 3815 1910 3878 είς

303 3908 584 3979 ἑκατέρας
615 3908 713 3972 τὰς
743 3909 926 3981 χώρας
963 3909 1051 3962 διὰ
1085 3907 1364 3977 σιγιλλίων
1412 3908 1522 3979 (60)
1552 3910 1646 3961 καὶ
1677 3908 1912 3977 σφραγί-

303 3999 419 4052 δων
445 4001 805 4055 συνίστασθαι
833 4003 902 4054 τὰ
932 4001 1207 4072 προσόντα
1231 4002 1417 4063 αὐτοῖς
1437 3999 1576 4072 (61),
1603 4001 1698 4053 καὶ
1730 4002 1910 4052 είσκο-

309 4090 577 4162 μίξεσθαι
603 4095 713 4155 τοῖς
744 4093 1029 4163 δημοσίοις
1074 4093 1275 4162 λόγοις.
1312 4091 1594 4166 Ἕγραψεν
1627 4091 1684 4144 δὲ
1736 4092 1832 4146 καὶ
1861 4092 1909 4124 ’⁸

2022 2900 2281 2972 princeps
2337 2896 2733 2966 Dargamerum
2799 2892 3036 2962 legatum
3093 2907 3220 2947 cum
3281 2893 3614 2961 imperatore

2016 2989 2280 3044 Michaele
2305 2994 2669 3042 tractaturuin
2696 2985 2870 3048 misit,
2897 2984 3360 3053 conditionesque
3385 2983 3614 3039 Comer-

2017 3083 2100 3138 sio
2135 3089 2266 3134 tunc
2307 3078 2572 3148 temporis
2607 3076 2875 3146 Bulgaria:
2923 3075 3152 3131 domino
3199 3089 3514 3140 concessas,
3549 3090 3615 3131 ae

2019 3173 2123 3230 sub
2158 3169 2472 3226 Theodosio
2511 3169 2872 3240 Adramytino
2899 3176 2954 3223 et
2982 3167 3263 3223 Germano
3298 3166 3610 3237 patriarcha

2018 3266 2156 3321 ictas
2217 3263 2507 3334 adimpleri
2569 3261 2887 3330 postulavit.
2949 3259 3041 3315 Eae
3093 3275 3258 3330 porro
3310 3259 3613 3314 ditionibus

2017 3357 2310 3425 utriusque
2352 3355 2618 3425 principis
2663 3353 2866 3409 limites
2911 3352 3268 3424 przefigebant
3297 3367 3327 3406 a
3360 3352 3611 3406 Thraciae

2017 3445 2305 3508 lleleonis,
2358 3453 2539 3499 vestes
2581 3441 2744 3513 422
2791 3442 3097 3511 rubrasque
3151 3442 3321 3511 pelles
3369 3444 3435 3496 ad
3489 3444 3609 3496 auri

2014 3535 2282 3592 librarum
2317 3535 2537 3605 triginta
2564 3534 2796 3601 pretium
2833 3534 3065 3594 dandas,
3099 3533 3326 3602 insuper
3354 3547 3420 3586 ex
3457 3543 3609 3586 utra-

2014 3640 2122 3696 que
2167 3634 2322 3695 parte
2352 3624 2614 3694 fugitivos
2667 3624 2891 3692 utrique
2925 3624 3164 3693 principi
3210 3634 3403 3679 mutuo
3443 3626 3606 3680 resti~

2015 3718 2270 3783 tuendos,
2318 3718 2447 3770 licet
2495 3715 2547 3769 in
2588 3716 2980 3785 rempublicam
3033 3715 3344 3786 perduelles
3381 3715 3602 3780 forent,

2015 3818 2382 3863 mercaturam
2434 3807 2574 3862 inter
2615 3816 2905 3876 utramque
2963 3807 3229 3861 ditionem
3286 3817 3608 3864 exercentes

2016 3916 2104 3955 res
2139 3915 2272 3956 suas
2301 3901 2522 3956 venales
2551 3901 2754 3956 litteris
2797 3911 2852 3955 et
2886 3900 3082 3966 sigillis
3111 3899 3525 3954 commendatas
3551 3909 3606 3954 et

2015 3997 2260 4049 firmatas
2285 3993 2340 4047 in
2373 3994 2620 4064 publicas
2639 3995 2882 4048 rationes
2907 3993 3110 4048 inferre
3139 3992 3420 4047 deberent.
3457 3993 3604 4048 Scri-

2013 4089 2122 4157 ptis
2155 4094 2420 4156 praeterea
2460 4087 2626 4142 minis
2655 4089 3038 4157 imperatorem
3082 4095 3444 4146 contestatus,
3477 4082 3605 4136 Nisi

306 4185 674 4255 κατακρίσεις
731 4185 843 4255 (62)
905 4187 1039 4256 πρὸς
1101 4187 1195 4238 τὸν
1248 4184 1500 4256 βασιλέα,
1557 4186 1641 4239 ὅτι
1699 4187 1769 4239 Ei
1811 4185 1900 4254 μὴ

2020 4199 2211 4245 vacem,
2258 4181 2458 4248 inquit,
2535 4183 2856 4252 quantocius
2903 4181 3123 4235 duxeris
3167 4177 3598 4248 amplexa-idum,

1615 4275 1853 4330 VAlllz’E
1885 4274 2298 4332 LECTIONES.

369 4362 427 4444 “_
474 4368 794 4444 παρέδωκεν
816 4369 912 4444 _A._
968 4369 1016 4444 ’ξ
1043 4367 1141 4421 τοῦ
1169 4369 1295 4444 add.
1328 4368 1520 4444 (εδ-Α.-
1569 4366 1618 4398 ⁸⁸
1642 4365 2027 4444 ᾄλλοςΓέτερρς
2205 4365 2253 4397 ⁸⁸
2280 4364 2528 4444 ᾲρχηγδς
2567 4364 2642 4444 ⁸Α,
2690 4363 3000 4444 στρατηγὸς
3022 4362 3205 4443 ~vnlg.
3270 4360 3316 4444 ’.⁸
3344 4361 3496 4444 cata
3539 4361 3594 4444 ιι..

306 4455 378 4494 ex
401 4440 471 4494 Α.
528 4431 574 4471 ⁸³
605 4441 866 4503 ὶκεῖνοΛ,
900 4439 1111 4493 ἐκείνου
1154 4440 1298 4510 vulg.
1361 4440 1408 4470 ⁸⁷
1443 4439 1572 4501 τοὺς
1601 4437 1727 4492 add.
1755 4431 1825 4491 ei
1856 4431 1945 4492 Af
1973 4436 2021 4469 ⁸³
2078 4436 2186 4500 ἓως
2240 4431 2385 4490 ΜΝ.
2416 4431 2501 4488 τι
2551 4434 2618 4486 Α.
2689 4434 2736 4472 ⁸⁸
2761 4431 2871 4486 τῶν
2903 4431 3088 4502 μερῶν
3119 4447 3232 4486 om.
3273 4433 3340 4487 Α.

310 4521 444 4581 post
475 4510 531 4563 δὲ
561 4511 692 4566 add.
726 4528 794 4566 ex
823 4513 888 4565 A.

3425 4432 3470 4462 ⁸⁸
3503 4435 3596 4485 καὶ

1625 4578 1767 4635 JAC.
1799 4577 2010 4634 GOARI
2049 4576 2282 4632 ΝΟΤᾹΞ.

383 4671 496 4744 (59)
534 4671 614 4744 ita
640 4671 1056 4744 ϐτιυοὶῴροιιίορε
1087 4671 1291 4744 cuncti.
1325 4670 1647 4744 Anastasius
1670 4679 1724 4724 et
1760 4668 1897 4744 Mis-

305 4741 448 4800 cella
524 4742 737 4813 Bagda.
817 4742 1176 4813 Recentiores
1231 4741 1444 4813 Bagdgt
1514 4741 1896 4813 pronuntiant.

307 4813 588 4869 Abraham
616 4811 994 4868 Eechellensis
1017 4816 1070 4866 in
1101 4812 1343 4867 Historia
1369 4811 1690 4866 Saracenica
1719 4827 1739 4865 :
1760 4811 1900 4865 Abu-

305 4884 491 4956 giafar
538 4883 1069 4956 Abd-alta_(ultintus
1093 4893 1171 4956 est
1218 4883 1376 4952 hujus
1414 4883 1642 4956 nominis
1667 4900 1700 4936 α
1733 4881 1899 4956 Theo-

304 4951 483 5024 phane
511 4956 648 5007 inter
689 4951 925 5006 Arabum
947 4955 1208 5024 principes
1245 4958 1354 5006 sive
1390 4951 1631 5024 cafipltas
1667 4952 1892 5006 recensi-

302 5023 435 5095 tus)
489 5026 783 5078 construxit
856 5023 1215 5093 Bagdadunt,
1275 5025 1384 5078 sive
1457 5023 1778 5095 Babylonem
1847 5030 1898 5075 et

305 5094 529 5150 incaluit
551 5111 668 5149 eam
695 5111 833 5148 anno
856 5096 1135 5148 centesimo
1167 5094 1572 5164 quadragesimo
1620 5095 1823 5163 quinto.

376 5167 496 5238 (60)
522 5165 676 5238 llaud
728 5165 983 5238 sigillum
1031 5165 1211 5238 modo,
1250 5163 1445 5238 sed;et
1472 5164 1754 5238 diploma,
1785 5163 1873 5217 cui

303 5233 449 5293 solet
475 5237 697 5306 apponi,
730 5233 792 5288 τδ
826 5235 1083 5299 σιγίλλιον
1123 5235 1309 5289 refert.
1349 5233 1605 5304 Σιγιλλίῳ
1637 5248 1897 5306 namque,

307 5304 570 5379 σφραγῐς,
606 5307 869 5376 sigillum,
908 5317 962 5360 et
1013 5306 1278 5375 principis
1314 5306 1602 5360 character
1647 5304 1900 5373 adjuu'gi-

308 5388 422 5433 tur.
483 5377 592 5448 Ipsi
620 5387 806 5448 textus
849 5394 879 5431 a
915 5375 1175 5448 Μουιείοί
1203 5379 1261 5448 in
1289 5375 1528 5448 medium
1570 5374 1798 5448 adducti
1845 5373 1897 5448 id

302 5443 660 5505 convincunt.
708 5446 866 5504 lsaeii
911 5447 1178 5502 Conineni
1225 5445 1417 5500 Const.
1474 5443 1673 5506 Καθὼς
1707 5444 1805 5496 καὶ
1839 5447 1898 5496 ἐν

303 5520 422 5582 τοῖς
475 5517 759 5586 σιγιλλίοις
792 5519 902 5572 τῶν
941 5518 1188 5570 παλαιῶν
1229 5513 1896 5587 ἀναγράφονταιῇ-Ρνοιιι

301 5591 362 5643 in
385 5584 619 5643 veterum
640 5588 1018 5656 diplomatibus
1046 5587 1292 5657 refertur.
1317 5584 1666 5657 Constantini
1703 5585 1776 5637 De
1798 5586 1898 5646 ad-

300 5659 543 5714 ministr.
567 5659 694 5727 imp.
723 5659 968 5722 δεδωκὼς
1003 5656 1131 5728 περὶ
1154 5658 1332 5711 αὐτῶν
1354 5657 1450 5710 καὶ
1464 5656 1722 5728 σιγίλλιον
1753 5657 1810 5706 ἐν
1832 5657 1896 5726 τῇ

301 5731 447 5799 αὐτῇ
483 5731 818 5800 μητροπόλει
854 5748 866 5761 ·
896 5732 1021 5784 dato
1053 5727 1105 5782 in
1131 5729 1248 5795 ipsa
1279 5729 1556 5795 metropoli
1584 5727 1894 5800 diplomate.

303 5797 568 5854 llethodii
594 5797 649 5854 in
676 5803 833 5870 epist.
869 5803 936 5856 ad
957 5799 1333 5870 Zygomalam,
1370 5800 1439 5851 τὰ
1465 5799 1574 5868 γὰρ
1596 5797 1784 5870 graia:
1805 5797 1894 5849 διὰ

301 5865 723 5943 χρυσοὸούλλων
750 5874 840 5926 καὶ
879 5865 1155 5942 σιγιλὶῖίων
1172 5865 1555 5942 διακριθέντα,
1581 5865 1710 5932 Qua:
1726 5883 1893 5937 quon-

1881 5957 1911 5965 .—

2005 4687 2131 4724 aam
2162 4685 2254 4737 per
2278 4683 2466 4721 aureas
2498 4665 2690 4730 bullas,
2725 4673 2772 4737 et
2789 4663 3080 4737 diplomata
3107 4664 3430 4737 dijudicata.

2078 4735 2188 4811 (δι’)
2223 4739 2364 4811 Ante
2393 4737 2490 4790 καὶ
2523 4735 3592 4811 sicxopiﬁ'saeat‘liquetesse‘lacunam:

2005 4805 2184 4878 neque
2230 4809 2378 4878 enim
2427 4806 2845 4867 mercatoribus,
2871 4807 2966 4874 qui
3001 4807 3108 4861 sub
3157 4805 3352 4877 sigillis
3387 4823 3452 4862 ac
3490 4811 3598 4863 fide

2004 4877 2219 4950 publica
2277 4877 2535 4950 advectas
2587 4891 2798 4950 merces
2855 4887 3266 4950 reprieSentant,
3315 4881 3594 4950 congruit,

2004 4947 2060 5004 iit
2093 4951 2200 5004 illa:
2222 4951 2274 5003 in
2313 4949 2550 5018 publicas
2593 4949 2825 5001 rationes
2848 4947 3178 5018 inferantur,
3210 4949 3355 5017 quod
3387 4958 3471 5004 est
3503 4951 3594 5002 fis-

2004 5037 2070 5076 co
2102 5017 2530 5089 addici.’Suppl.
2569 5033 2699 5086 ergo
2731 5033 2798 5071 ex
2829 5017 3047 5081 Anast.,
3093 5020 3140 5072 si
3176 5019 3268 5088 qui
3317 5033 3433 5070 vero
3479 5021 3594 5089 sine

2004 5091 2297 5162 signaculis
2331 5088 2528 5162 inuenti
2559 5089 2616 5159 fu
2641 5097 2806 5154 ssent,
2843 5089 3220 5162 diriperentur,
3250 5099 3299 5142 et
3339 5089 3391 5162 in
3422 5088 3594 5156 publi-

2004 5157 2094 5217 cas
2122 5163 2355 5215 rationes
2393 5157 2717 5228 inferrentur
2746 5176 2758 5212 :
2805 5175 2913 5228 qua
2938 5157 3050 5214 fere
3079 5174 3236 5226 paena
3263 5159 3588 5221 multantur,

2005 5233 2099 5302 qui
2125 5231 2327 5302 furtive
2353 5246 2563 5285 merces
2590 5230 2878 5302 invehunt.
2908 5229 3195 5302 Cononns.

2076 5301 2186 5374 (62)
2211 5301 2313 5357 Sed
2354 5311 2403 5354 et
2442 5312 2746 5369 conceptum
2750 5300 3037 5374 gecretum
3076 5299 3239 5351 misit.
3297 5298 3472 5362 Quam
3507 5298 3587 5353 sic

2005 5368 2192 5428 severe
2213 5379 2371 5426 notat
2391 5368 2717 5426 sententiam
2750 5368 3133 5438 Theophanes,
3169 5378 3226 5422 ut
3263 5385 3368 5422 non
3400 5378 3587 5422 essent

2002 5443 2264 5497 reddendi
2318 5441 2556 5512 profugi,
2589 5447 2847 5508 essetque
2911 5441 3128 5512 illorum
3179 5453 3343 5492 causa
3380 5439 3584 5512 bellum

2004 5508 2446 5582 suscipiendum,
2486 5508 2676 5565 'etiam
2725 5512 2982 5578 deinceps
3032 5508 3138 5563 CP.
3197 5513 3424 5578 probata
3457 5508 3584 5572 fuit,

2005 5594 2186 5652 spreta
2222 5584 2312 5637 illa
2338 5582 2689 5654 Theophanis
2721 5583 3018 5654 contraria,
3052 5594 3218 5654 quam
3250 5581 3413 5654 etiam
3448 5597 3586 5634 aut...

2005 5650 2202 5725 uynius
2225 5650 2577 5709 eontiuuaior
2606 5650 2754 5725 brevi
2803 5651 3191 5725 producendus
3243 5651 3431 5725 multis
3470 5659 3584 5703 tite-

2005 5721 2093 5780 ttir
2123 5740 2189 5778 ac
2235 5725 2440 5779 laudat.
2495 5724 2770 5778 Potuisset
2801 5723 2987 5777 forsan
3019 5731 3212 5775 auctor
3242 5721 3427 5775 mitior
3461 5735 3588 5774 esse

2004 5797 2058 5848 in
2094 5796 2575 5866 praeclarissimum
2603 5793 2723 5848 fidei
2747 5793 3004 5866 pugilem,
3036 5791 3312 5866 totiusque
3363 5791 3587 5862 religio-

2005 5863 2364 5923 nis'columeu
2387 5865 2736 5921 Theodorum
2764 5864 3055 5920 Studilam.
3127 5863 3205 5918 lo.
