2050 3226
166 192 233 225 1001

669 186 875 218 ΤΠΕΟΡΗΛΝ
879 187 915 217 IS
935 185 1267 217 CHRONOGRAPHIA

1735 185 1801 221 1W8

163 247 325 280 deterritus,
343 246 507 275 insidiarum
531 245 558 273 in
571 252 647 287 _suos
676 249 856 276 structarum,
885 244 957 280 quod

1021 244 1115 271 ;έκνων
1132 243 1217 271 αὐτοῦ
1238 242 1519 279 περισωθησομὲνων,
1535 243 1559 270 ει
1574 241 1646 269 οὕτω
1666 251 1798 282 προχειρι-

163 294 253 322 oculis
271 294 415 329 probabat,
430 296 591 328 apparatum
609 291 792 323 existimaret,
805 298 839 318 ac
854 298 889 319 ne
907 289 958 321 ,fu-

1014 290 1091 326 σθείη
1107 298 1160 322 τις.

163 340 270 376 gientes
287 340 510 375 insequerentur,
534 346 600 367 suos
609 338 763 373 aliquando
779 337 928 369 detinuerit
949 346 956 365 :
979 337 1023 364 ubi
1039 345 1105 365 vero
1120 336 1269 373 praecipitis
1299 336 1382 373 426
1401 335 1538 371 ejusmodi
1551 335 1622 372 fuga:
1668 335 1802 365 veritatem

163 387 366 421 animadvertit,
384 388 477 415 hostes
493 394 508 414 a
540 392 615 421 tergo
650 386 811 418 insectatus,
846 386 944 413 castris
961 393 1058 413 eorum
1077 389 1104 412 et
1119 385 1220 421 opimis
1235 385 1333 420 spoliis
1363 385 1490 419 direptis,
1515 388 1640 420 stragem
1658 384 1800 413 maximam

163 434 258 461 edidit.
273 433 425 469 Imperator
437 432 541 468 pariter
551 431 616 467 fuga
630 432 741 467 elapsus
751 439 847 459 versus
877 432 974 460 urbem
995 431 1091 466 pedem
1115 430 1262 464 referebat,
1289 435 1318 458 et
1355 430 1489 458 militares
1517 429 1631 458 ordines
1656 433 1684 457 et
1711 436 1803 464 eorum

163 479 296 506 ductores
322 478 477 508 maledictis
508 477 662 509 incessens,
690 476 797 512 imperii
815 481 950 511 potestate
969 484 1030 504 sese
1039 477 1231 505 abdicaturum
1250 477 1314 504 dato
1328 476 1512 512 jurejurando
1537 476 1677 512 pollicitus
1707 481 1757 511 est,
1777 482 1806 505 ac

165 525 248 552 Leoni
266 524 382 560 patricio
395 527 422 551 et
437 523 619 551 Orientalium
633 522 707 556 duci,
721 530 772 550 ceu
807 523 868 551 viro
897 524 997 558 pietate
1018 522 1170 558 conspicuo
1183 527 1210 551 et
1225 523 1338 550 militari
1356 523 1459 551 virtute
1472 523 1615 558 praestanti
1636 530 1669 553 ac
1687 523 1743 559 jam
1756 523 1807 551 rei-

163 572 279 607 publicae
298 570 525 599 administrandae
539 570 652 604 idoneo,
675 569 822 598 confestim
853 570 962 606 aperuit
980 570 1140 604 consilium,
1157 570 1206 599 sed
1223 578 1256 598 eo
1276 570 1438 606 dignitatem
1456 571 1530 603 ultro
1565 569 1684 598 delatam
1714 571 1808 601 admit-

163 623 221 646 tere
245 621 404 650 recusante,
435 615 590 644 thematum
620 615 803 652 regendorum
831 619 968 651 potestate
988 615 1041 650 ipsi
1059 615 1168 648 relicta,
1184 614 1260 646 Junii
1288 615 1333 643 die
1353 615 1485 647 vicesimo
1516 619 1616 650 quarto
1636 615 1808 650 imperantem

162 665 258 693 urbem
289 663 398 700 repetiit
415 672 422 691 :
439 670 472 691 ac
501 662 648 698 imperium
673 662 783 698 quidem
810 662 958 697 deponere,
979 662 1120 698 aliumque
1133 662 1285 698 principem
1307 663 1336 690 in
1361 662 1496 693 thronum
1518 661 1668 698 subrogare
1698 658 1810 691 medita-

164 717 220 744 tus,
239 710 274 739 ab
292 717 378 738 uxore
393 714 420 738 et
440 709 602 745 proceribus
623 716 759 737 summam
775 713 836 744 post
851 716 914 736 cum
934 709 961 736 in
982 709 1202 741 administranda
1238 709 1377 745 republica
1410 712 1572 744 potestatem
1605 707 1723 743 adeptis,
1747 715 1812 741 eon-

164 761 256 790 silium
270 759 384 795 exsequi
398 766 453 787 non
464 758 683 799 estpermissus.
719 758 793 786 Sane
826 758 999 794 Nicephorus
1036 760 1230 789 sanctissimus
1245 758 1403 795 patriarcha
1429 757 1578 794 propositis
1604 756 1811 791 assentiebatur,

164 815 227 836 cum
255 807 399 838 nimirum,
417 806 490 835 sieo
505 810 586 841 pacto
614 812 703 833 novus
724 805 874 841 imperator
890 805 1092 841 designaretur,
1123 807 1183 842 ipse
1213 806 1332 835 Michael
1348 809 1376 834 et
1390 805 1468 834 liberi
1500 804 1561 843 ejus
1593 804 1747 835 incolumes
1772 802 1813 833 fa-

163 855 217 883 cile
230 854 320 882 forent
333 853 469 883 salvandi.

197 913 304 940 Interea
341 911 427 939 duces
465 911 656 947 militaresque
687 912 772 948 copiae
801 919 898 941 omnes
929 912 962 941 de

1050 914 1084 942 Οἱ
1094 914 1123 941 δὲ
1141 914 1289 950 στρατηγοὶ
1319 913 1366 941 καὶ
1379 912 1520 948 τὰ-πλήθη
1537 911 1671 947 μαθόντες
1682 911 1729 938 τὸν
1739 910 1814 947 βασιο

162 957 340 994 imperatoris
368 957 433 993 fuga
453 958 588 986 certiores
610 957 700 991 factae,
727 959 763 986 ab
792 959 965 994 ejuscemodi

162 1004 276 1033 homine
290 1004 422 1039 imperari
437 1011 491 1032 non
506 1004 626 1039 amplius
647 1003 791 1032 ferendum
809 1010 885 1038 ratae,
899 1013 967 1033 con-

103 1062 107 1064 ~
161 1050 223 1078 silio
250 1050 321 1077 inter
346 1056 377 1077 se
405 1048 634 1082 inito..Leonem
655 1048 837 1078 Orientalium
866 1051 964 1079 ducem

162 1095 237 1123 bono
263 1094 374 1130 publico
398 1094 570 1128 consuleret,
592 1099 625 1122 et
649 1095 834 1123 Christianam
853 1104 966 1131 rempu-

161 1142 264 1170 blicam
283 1141 403 1176 erigeret
427 1146 609 1177 rogaverunt.
638 1141 685 1169 Ille
712 1142 820 1170 ruinam
849 1143 967 1178 imperio

162 1187 354 1214 imminentem
362 1191 400 1214 .et
413 1186 615 1218 Barbarorutu,
638 1187 752 1222 qui.,vix
770 1188 884 1223 reprimi
900 1196 966 1223 pos-

163 1238 238 1268 sent,
273 1234 410 1262 violentas
441 1233 623 1261 excursiones
654 1238 747 1262 mente
779 1235 965 1269 perpendens.

164 1283 285 1316 ﬁdeique
313 1288 378 1316 erga
398 1280 581 1315 imperatores
597 1281 740 1308 servandae
762 1281 861 1316 suique
880 1281 966 1316 ipsius

162 1337 178 1356 a
206 1327 314 1356 fraudis
340 1327 402 1355 labe
431 1328 584 1355 immunem
615 1326 788 1355 custodiendi
823 1328 967 1356 studiosus

162 1377 257 1412 aliquo
281 1380 405 1411 tempore
431 1375 568 1408 substitit,
588 1379 621 1402 et
645 1382 696 1410 pro
716 1374 821 1402 viribus
839 1374 967 1409 dignitati

162 1421 340 1451 admittenda:
368 1429 461 1449 moras
483 1421 622 1456 opposuit.
637 1420 673 1448 At
694 1428 756 1448 cum
786 1421 892 1448 hostem
907 1428 967 1447 ma-

163 1470 224 1506 gnis
238 1468 384 1497 itineribus
399 1468 434 1496 ad
455 1469 552 1496 urbem
575 1467 743 1495 contendere
759 1467 966 1499 animadvertit,

163 1524 179 1543 a
194 1515 353 1552 patriarcha
366 1514 532 1549 Nicephoro,
548 1521 629 1549 quem
645 1513 679 1541 de
693 1518 767 1541 recta
780 1521 830 1541 sua
841 1514 868 1541 in
881 1513 967 1541 Deum

164 1561 219 1589 ﬁde
238 1561 386 1589 certiorem
408 1559 484 1593 fecit,
513 1564 544 1587 ut
569 1567 603 1587 ex
633 1559 723 1594 ipsius
747 1564 830 1593 nutu,
854 1564 884 1587 et
906 1559 967 1594 ejus

163 1614 248 1643 prece
277 1605 379 1634 comite
409 1604 565 1640 projectum
589 1604 702 1640 colligat
731 1604 891 1640 imperium,
920 1598 1004 1639 perC

163 1654 272 1682 litteras
293 1652 419 1688 expetiit.
450 1651 521 1680 Tum
545 1658 610 1679 vero
635 1650 754 1679 ducibus
776 1655 803 1678 et
832 1651 971 1679 universis

163 1700 325 1736 agminibus
362 1699 493 1734 stipatus,
516 1699 542 1726 iu
572 1698 755 1726 tribunalium
783 1702 847 1726 ante
873 1698 969 1726 urbem

165 1746 285 1781 positum
315 1745 518 1778 conscendens,
542 1744 683 1781 legitimus
710 1744 898 1772 Romanorum
918 1744 971 1772 im-

164 1797 275 1829 perator
289 1792 440 1826 salutatur,
454 1792 602 1827 medioque
613 1791 671 1827 jam
688 1791 732 1819 die
745 1791 869 1827 Cpoleos.
878 1796 968 1827 porta,

163 1848 227 1876 quae
248 1840 355 1875 Chryse
369 1840 488 1872 dicitur,
507 1840 662 1873 ingressus,
680 1838 708 1866 in
727 1838 829 1872 regiam
853 1846 883 1866 se
902 1845 969 1866 con-

164 1885 228 1913 fert.
241 1885 367 1913 MichaeL
376 1884 476 1912 Leonis
493 1884 688 1919 designatione
696 1884 806 1917 audita,
823 1890 886 1911 cum
900 1882 969 1911 Pro-

164 1932 244 1966 copia
259 1935 287 1959 et
302 1931 397 1959 liberis
417 1931 447 1962 in
471 1930 637 1964 oratorium,
657 1929 733 1965 quod
757 1930 791 1958 ad
811 1929 901 1960 forum
916 1934 969 1963 est,

165 1978 340 2013 confugiens,
356 1977 465 2013 capillis
479 1976 614 2011 detonsis,
631 1983 686 2004 una
706 1983 772 2004 cum
795 1976 856 2004 suis
873 1984 970 2003 mona—

165 2025 267 2052 sticum
295 2024 420 2052 habitum
448 2024 549 2052 induit.
577 2022 691 2051 Postera
721 2022 794 2055 luce,
824 2030 885 2058 qum
904 2022 971 2056 Julii

167 2071 269 2099 mensis
281 2070 334 2099 fuit
346 2070 502 2103 undecima,
516 2069 670 2097 indictione
680 2074 769 2102 sexta,
783 2068 850 2096 feria
866 2068 971 2096 hebdo-

166 2117 259 2145 madis
276 2116 409 2150 secunda,
426 2116 454 2143 in
480 2115 586 2151 Magnas
607 2114 732 2143 ecclesiae
752 2115 870 2143 amboue
895 2122 909 2142 a
923 2114 970 2142 Ni-

165 2163 287 2198 cephoro
303 2162 460 2199 patriarcha
477 2165 642 2194 coronatus,
664 2161 741 2189 urbis
765 2168 860 2190 muros
876 2161 910 2189 de
926 2161 971 2189 die

167 2215 196 2239 et
225 2214 307 2242 nocte
323 2208 484 2244 diligentius
497 2208 633 2236 custodiri
660 2208 808 2243 pt'mcepit:
827 2208 885 2243 ipse
905 2215 971 2235 vero

166 2259 293 2284 cunctos.
306 2256 442 2288 ereitans,
457 2259 486 2283 et
500 2255 535 2283 ad
552 2254 693 2283 meliorem
716 2262 793 2289 spem
809 2254 968 2290 concipien—

168 2301 232 2328 dam
248 2301 388 2333 animans,
402 2300 488 2328 Deum
503 2299 688 2328 immaculata:
701 2299 749 2328 Dei
760 2299 843 2337 427
854 2299 968 2335 genitri-

168 2346 210 2374 cis
223 2350 439 2381 sanctorumque
453 2345 579 2374 omnium
595 2345 750 2373 interventu
765 2346 841 2373 brevi
852 2346 968 2380 posthac

168 2399 272 2420 novum
291 2396 320 2420 et
336 2391 510 2426 inepiuatum
533 2391 645 2426 aliquod
662 2399 732 2427 opus
753 2392 903 2426 editurum,
919 2399 969 2420 nec

168 2442 282 2474 propter
311 2441 487 2473 peccatorum
514 2441 676 2465 nostrorum
696 2437 900 2465 multitudinem
915 2437 969 2465 im-

169 2491 294 2512 mensam
322 2489 522 2521 usquequague
550 2489 599 2510 nos
629 2483 735 2519 pudore
771 2482 969 2511 suil‘uudendos

168 2530 300 2563 conﬁsus,
318 2536 413 2557 muros
429 2536 478 2564 per
492 2536 522 2557 se
539 2528 630 2563 ipsum
646 2529 795 2558 continuus
809 2529 968 2565 explorator

169 2577 275 2604 obibat.
287 2576 376 2603 Porro
389 2575 538 2603 Crummus
553 2575 650 2611 junior
660 2575 862 2604 Senuacberim
880 2576 968 2604 victo-

167 2622 217 2651 riis
235 2623 262 2651 in
282 2621 440 2658 superbiam
469 2621 569 2655 elatus,
591 2621 704 2661 proprio
721 2621 814 2657 fratre
832 2621 869 2650 ad
893 2621 968 2651 obsi-

1020 960 1068 987 λέα
1096 961 1274 995 πεφευγέναι,
1297 960 1463 993 ἀπογνόντες
1477 958 1508 985 τὸ
1532 956 1728 993 βασιλεύεσθαι
1749 957 1814 994 παρ’

1020 1007 1115 1040 αὐτοῦ,
1128 1007 1221 1034 λοιπὸν
1235 1008 1283 1034 καὶ
1305 1006 1518 1042 βουλευσάμενοι
1540 1004 1602 1032 καθ’
1611 1003 1745 1037 ἑαυτοὺς,
1758 1004 1817 1032 ιδυ-

1021 1053 1130 1080 σώπουν
1139 1053 1242 1080 Λέοντα
1253 1052 1297 1079 τὸν
1316 1051 1468 1088 στρατηγὸν
1483 1051 1537 1078 τῶν
1557 1050 1742 1078 ’Δνατολικῶν
1753 1050 1816 1087 βοη-

1021 1099 1101 1135 θῆσαι
1114 1099 1153 1134 τῷ
1167 1099 1260 1134 κοινῷ,
1277 1099 1383 1133 καὶτῆς
1396 1097 1572 1134 Χριστιανῶν
1599 1096 1741 1129 πολιτείας
1751 1097 1818 1124 tvo-

1021 1145 1144 1178 έξασθαι.
1167 1144 1196 1172 '0
1207 1145 1235 1173 δὲ
1250 1144 1334 1180 μέχρι
1350 1144 1398 1179 μέν
1413 1152 1485 1175 τινος
1499 1141 1624 1178 σφοδρῶς
1637 1141 1814 1176 ἀνεϐάλλετο,

1020 1191 1068 1218 τοῦ
1085 1190 1183 1226 καιροῦ
1212 1190 1414 1226 στοχαζόμενος
1439 1190 1469 1216 τὸ
1481 1189 1659 1225 δυσάντητον,
1689 1189 1739 1217 καὶ
1766 1189 1818 1225 τῆς

1021 1237 1075 1264 τῶν
1083 1237 1232 1273 βαρὸἀρων
1247 1236 1405 1272 ἐπιδρομῆς
1416 1236 1447 1263 τὸ
1456 1235 1694 1267 ἀνύποιστοννκαὶ
1708 1235 1739 1263 τὺ
1750 1235 1816 1271 πρὸς

1020 1284 1084 1316 τοὺς
1105 1283 1298 1319 βασιλεύοντας
1311 1283 1455 1317 φυλάττων
1470 1282 1551 1318 ὀρθὸν
1561 1282 1609 1309 καὶ
1624 1281 1820 1309 ἀνεπιϐούλευ-

1020 1339 1066 1357 τον
1074 1330 1107 1357 ³⁸.
1129 1330 1207 1357 Ἐπεὶ
1222 1330 1250 1357 δὲ
1266 1329 1337 1356 κατὰ
1348 1321 1398 1365 τῆς
1413 1329 1519 1361 πόλεως
1531 1329 1577 1357 τὸν
1589 1328 1690 1364 ἐχθρὸν
1710 1328 1818 1363 ἐπειγό-

1023 1384 1103 1409 μενον
1130 1375 1272 1408 ὲθεάσατο,
1296 1375 1399 1410 γράφει
1429 1375 1478 1410 μὲν
1495 1374 1646 1410 Νικηφόρῳ
1662 1374 1705 1410 τῷ
1719 1382 1818 1410 πατρι-

1021 1423 1093 1459 άρχῃ
1106 1423 1140 1450 τὰ
1156 1423 1222 1457 περὶ
1233 1424 1283 1458 τῆς
1302 1422 1403 1449 ἑαυτοῦ
1432 1421 1588 1458 ὀρθοδοξίας
1610 1421 1818 1456 ,διαδεὸαιοὺμςσ

1020 1478 1077 1502 νος,
1093 1470 1177 1496 αἰτῶν
1205 1470 1275 1504 μετὰ
1292 1469 1342 1501 τῆς
1366 1468 1451 1503 εὐχῆς
1481 1469 1529 1495 καὶ
1545 1468 1717 1500 ὲπινεύσεως
1736 1467 1818 1495 αὐτοῦ

1021 1515 1069 1542 τοῦ
1091 1516 1211 1551 κράτους
1245 1514 1438 1542 ἐπιλαϐέσθαι.
1454 1514 1510 1541 Καὶ
1533 1514 1702 1542 καταλαᾶὼν
1715 1514 1750 1541 at
1767 1513 1818 1549 πρὸ

1021 1563 1071 1597 τῆς
1101 1562 1206 1594 πόλεως
1232 1561 1421 1598 τριὸουνάλιον
1436 1562 1495 1597 ἅμα
1509 1562 1565 1594 τοῖς
1587 1562 1755 1597 στρατηγοῖς
1774 1559 1819 1589 καὶ

1021 1609 1077 1641 τοῖς
1096 1608 1299 1644 στρατεύμασιν
1313 1608 1501 1644 ὲννομώτατος
1515 1607 1643 1643 βασιλεὺς
1672 1607 1819 1643 Ῥωμαίων

1020 1654 1220 1682 ἀναδείκνυται.
1241 1654 1296 1681 Καὶ
1313 1653 1453 1690 μεσούσης
1469 1653 1578 1690 ἡμέρας
1591 1654 1621 1680 ἐν
1637 1654 1818 1681 Κωνσταντισ

1021 1700 1147 1728 νουπόλει
1174 1700 1219 1728 διὰ
1233 1700 1284 1736 τῆς
1298 1700 1415 1736 Χρυσῆς
1434 1700 1538 1735 πόρτης
1555 1699 1820 1735 είσέρχεται,.κατα-

1021 1747 1113 1775 λαϐὼν
1127 1747 1162 1774 τὰ
1185 1747 1321 1782 βασίλεια.
1345 1746 1457 1782 Μιχαὴλ
1474 1745 1502 1773 δὲ
1519 1745 1641 1777 ἀκούσας
1660 1746 1712 1781 τὴν
1726 1744 1820 1776 τούτου

1021 1793 1204 1830 ἀναγόρευσιν
1221 1794 1250 1820 ἐν
1266 1793 1304 1828 τῷ
1316 1793 1454 1828 εὐκτηρίῳ
1466 1791 1513 1818 τοῦ
1530 1792 1615 1828 φόρου
1633 1791 1820 1828 προσδραμὼν

1022 1841 1071 1868 σὺν
1102 1841 1246 1876 Προκοπίᾳ
1274 1840 1393 1872 καὶτοῖς
1416 1839 1506 1867 αὐτῶν
1522 1839 1646 1872 τέκνοις,
1669 1838 1823 1874 ἀποκειράο

1021 1894 1099 1920 μενοι
1120 1885 1170 1917 τὰς
1191 1886 1288 1921 τρίχας
1306 1884 1442 1920 μοναχικὰ
1457 1883 1665 1920 περιεϐάλοντο,
1685 1884 1727 1921 Τῇ
1743 1883 1771 1912 δὲ
1787 1891 1820 1910 ια’

1021 1932 1069 1959 τοῦ
1090 1932 1202 1958 ῗΙουλίου
1219 1931 1303 1967 μηνὸς
1318 1929 1385 1967 ἕκτῃ
1404 1931 1563 1961 ίνδικτιῶνι,
1582 1929 1821 1967 ἡμέρᾳδευτὲρᾳ,

1020 1979 1054 2013 τῇ
1070 1977 1202 2012 ἐπαύριον
1220 1977 1346 2012 στεφθεὶς
1362 1977 1416 2008 ὑπὸ
1427 1977 1588 2013 Νικηφόρον
1605 1977 1782 2013 πατριάρχου
1793 1977 1822 2005 ὲν

1020 2024 1060 2060 τῷ
1091 2023 1198 2062 ᾁμὸωνι
1231 2023 1281 2058 τῆς
1305 2023 1438 2058 Μεγάλης
1456 2021 1640 2058 Ἑκκλησίας,
1672 2022 1710 2050 τὰ
1753 2020 1824 2049 κατᾶ

1021 2062 1071 2106 τὴν
1087 2069 1166 2096 πόλιν
1193 2069 1357 2104 προστάττει
1375 2068 1563 2105 φρουρηθῆναι
1584 2069 1617 2096 τὰ
1630 2069 1711 2104 τείχη
1726 2067 1823 2099 νυκτὸς

1022 2117 1070 2143 καὶ
1085 2116 1203 2152 ἡμέρας,
1236 2115 1319 2147 αὐτὸς
1341 2115 1375 2142 δι’
1406 2115 1505 2142 ἑαυτοῦ
1526 2115 1726 2151 ςπεριπολδύων
1741 2133 1751 2148 ,
1778 2114 1824 2142 καὶ

1023 2163 1128 2194 πάντας
1146 2162 1297 2196 διεγείρων,
1324 2161 1468 2193 εὐέλπιδάς
1479 2170 1509 2188 τε
1527 2160 1671 2197 παραινῶν
1687 2159 1773 2194 εἶναι,
1787 2159 1824 2191 ὡς

1022 2208 1069 2235 τοῦ
1102 2208 1170 2235 Θεοῦ
1186 2207 1500 2243 παραδοξοποιήσαντος,
1522 2207 1653 2243 τάχιστα,
1679 2206 1728 2233 διὰ
1756 2213 1825 2241 πρε-ι

1025 2254 1125 2284 σῆειῶν
1146 2254 1197 2290 τῆς
1209 2243 1408 2290 γπαναχράντου
1428 2253 1561 2280 Θεοτόκου
1579 2253 1628 2279 καὶ
1642 2253 1759 2280 πάντων
1770 2251 1824 2290 τῶν

1024 2299 1120 2334 ἁγίων,
1137 2300 1184 2327 καὶ
1198 2299 1240 2335 μὴ
1255 2299 1344 2334 πάντη
1355 2299 1592 2335 καταισχυνθῆναι
1616 2297 1824 2335 παραχωροῦν-

1022 2355 1068 2379 τος
1076 2346 1123 2379 ,διὰ
1134 2345 1237 2387 πλῆθος
1251 2345 1432 2386 πταισμάτων
1447 2346 1536 2385 ἡμῶν.
1561 2346 1591 2372 '0
1607 2344 1636 2371 δὲ
1653 2345 1718 2377 νέος
1728 2345 1826 2372 Σεννα-

1023 2393 1108 2429 χερὶμ
1138 2391 1290 2428 Κροῢμμος
1317 2391 1413 2427 ἀρθεὶς
1436 2393 1470 2427 τῇ
1493 2391 1566 2429 νίκῃ,
1598 2390 1766 2429 καταλιπὼν
1778 2389 1825 2417 τδν

1024 2439 1090 2467 ῐδιον
1112 2438 1227 2474 ἀδελφὺν
1245 2438 1315 2474 μετὰ
1332 2439 1496 2473 τῆςνοικείρις
1513 2438 1656 2474 δυνάμεως
1664 2432 1826 2474 πολιορκεῖν

1022 2486 1073 2522 τὴν
1096 2485 1317 2521 Ἀδριανούπολιν
1350 2484 1420 2521 μετά
1432 2485 1464 2518 ἐξ
1479 2485 1586 2521 ἡμέρας
1599 2484 1651 2519 τῆς
1680 2484 1822 2520 absorpt-

1020 2530 1115 2567 τορίας
1137 2531 1264 2564 Λέοντος,
1277 2529 1401 2557 ἐπελθὼν
1421 2531 1451 2557 ὲν
1466 2530 1598 2565 δυνάμεσι
1610 2528 1659 2556 καὶ
1674 2524 1824 2565 [πῖπτοιέ

1022 2576 1140 2613 βασιλίδι
1169 2575 1258 2608 πόλει,
1286 2575 1396 2612 περιῄει
1419 2575 1478 2612 ,πρὸ
1492 2575 1547 2609 τῶν
1561 2573 1661 2611 τειχῶν
1679 2574 1739 2604 ἀπὸ
1757 2572 1826 2603 Πλω-

1020 2622 1127 2658 χερνῶν
1138 2622 1191 2656 ἕως
1198 2623 1248 2658 τῆς
1260 2621 1375 2657 Χρυσῆς
1386 2622 1492 2658 πόρτης
1507 2622 1576 2658 (66),
1587 2621 1826 2666 ἐπιδεικνύμενος

812 2688 936 2722 ΝΔΚΙΕ
955 2689 1103 2718 LECTlON
1107 2689 1159 2718 ES.

223 2746 254 2777 ³³,
262 2746 425 2775 ἀνεπιϐολον
435 2746 458 2774 f.

822 2814 895 2845 JAC.
907 2816 1015 2846 GOARI
1038 2815 1154 2850 NOTAS.

170 2881 186 2913 χ
206 2870 341 2913 (“uilius
360 2875 484 2913 nominis
502 2879 579 2913 porta
595 2874 645 2902 fuit
656 2872 723 2908 CP.,
736 2874 809 2913 quod
839 2862 964 2911 tiranni-
1020 2884 1146 2913 gressum
1181 2880 1309 2913 agerent._
1329 2874 1503 2913 Nicephorus
1537 2876 1584 2913 _ln_
1602 2848 1695 2913 altera

171 2908 231 2936 dem
245 2908 369 2943 adepturi
397 2917 447 2944 per
461 2908 522 2936 eam
549 2910 727 2944 imperatores
745 2908 904 2938 solemnem
918 2912 957 2939 iu-

1021 2908 1180 2944 conootasta
1193 2908 1214 2940 ς’
1223 2912 1279 2944 Καὶ
1295 2911 1333 2942 ὡς
1349 2908 1384 2946 ἦν
1397 2908 1459 2943 ἔθος
1472 2908 1614 2947 βασιλεῦσι
1624 2910 1674 2944 διὰ
1691 2908 1823 2947 πορνευομ-
