4100 6446
484 369 618 436 1011

1729 349 2043 434 iNCEurt
2111 375 2495 439 aucroms

3610 388 3739 460 1012

477 496 602 561 eius
632 505 826 555 uxore,
863 499 917 545 et
963 499 1142 546 stante
1173 484 1357 544 coram
1391 487 1576 554 altari,
1615 497 1669 544 et
1698 489 1792 543 lilii
1827 504 2066 546 corona-

2179 494 2488 565 [Ιροκοπίας
2537 492 2677 568 μετὰ
2713 476 2872 567 δόξης
2916 473 3142 568 πολλῆς,
3183 496 3278 550 καὶ
3318 501 3739 580 παρασταθείσης

482 586 689 639 tionem
733 591 1034 654 spectante,
1081 582 1399 653 ingentique
1454 581 1654 652 gaudio
1702 582 2062 653 pecuniarum

481 681 803 750 erogatione
832 686 1066 733 cunctos
1118 685 1401 731 recreante
1437 691 1451 728 :
1496 676 1610 746 ipsa
1648 677 1849 746 quippe
1882 677 2067 748 publi-

483 788 608 828 (am
653 772 867 842 imperii
895 788 1008 826 rem
1041 768 1462 826 administrabat
1492 787 1506 824 :
1545 769 1628 824 vir
1656 771 1804 826 enim
1826 770 1974 848 ejus,
2007 781 2068 826 ut

480 867 688 931 dicunt,
721 873 841 920 erat
868 864 1034 919 animi
1077 862 1346 934 Simplicis
1394 852 1449 918 et
1483 864 1778 918 mansneti.
1812 862 2066 919 Eleemo-

479 970 647 1025 syuas
679 971 808 1010 vero
841 953 1167 1023 dispertiere
1215 952 1504 1022 plurimas,
1533 951 1862 1033 elargientes‘
1887 955 2066 1009 eccleé

477 1047 579 1102 siis
606 1056 658 1100 et
687 1045 1039 1101 monasteriis
1073 1046 1362 1116 pecunias,
1396 1061 1534 1115 quas
1561 1043 1908 1116 Nicephorus
1933 1061 2066 1103 cura

478 1153 587 1192 non
631 1137 845 1193 modica
879 1147 1268 1202 coacervarat,
1301 1137 1700 1193 monachorum
1732 1138 2070 1208 spectatissi-

478 1229 604 1295 mis,
635 1230 1075 1300 ptochodochiis,
1103 1229 1361 1300 hospitiis
1393 1245 1698 1301 pauperum
1738 1238 1794 1286 et
1817 1233 2067 1303 peregri-

479 1337 702 1386 norum,
729 1323 986 1392 captivis,
1022 1322 1225 1386 viduis.
1263 1323 1547 1392 orphanis,
1585 1332 1639 1378 et
1685 1322 1946 1379 facultate
1971 1339 2068 1380 sua

479 1417 733 1484 privatis,
765 1415 1200 1486 suppeditantes,
1240 1431 1364 1487 qua:
1387 1417 1587 1487 cuique
1613 1423 1772 1471 erant
1812 1433 2069 1472 necessa-

481 1507 561 1562 ria
595 1524 607 1559 :
635 1507 934 1577 omnesque
957 1505 1139 1560 laetitia
1179 1520 1336 1574 aeque
1361 1520 1425 1561 ac
1452 1505 1738 1562 beneﬁciis
1778 1508 2069 1562 cumulan-

483 1611 586 1665 tes,
615 1600 717 1668 ipsi
759 1600 828 1654 ab
859 1599 1117 1655 omnibus
1153 1598 1326 1669 gloria
1357 1603 1413 1654 et
1455 1599 1664 1654 honore
1702 1599 2072 1656 reddebantur

482 1696 744 1749 illustres.
777 1692 977 1748 Tribus
1011 1692 1173 1747 etiam
1213 1690 1591 1761 factionesque
1622 1692 1808 1762 populi
1839 1694 2069 1765 cujusli-

481 1787 572 1841 bet
601 1785 713 1841 toni
748 1792 1002 1856 poemata
1029 1786 1361 1842 adulationis
1391 1793 1445 1840 et
1478 1785 1777 1854 voluptatis
1823 1802 1932 1840 non
1977 1803 2072 1842 cx-

482 1878 656 1944 pertia
723 1878 776 1932 in
831 1878 1096 1933 honorem
1141 1881 1332 1933 eurum
1387 1877 1640 1932 certatim
1686 1877 2068 1934 decantarunt.

473 1969 687 2038 Omnes
738 1971 904 2023 etiam
964 1969 1020 2024 in
1067 1986 1208 2041 quos
1256 1968 1599 2040 NicephorUS
1645 1970 1860 2060 infenso
1896 1971 2076 2028 fuerat

484 2060 669 2117 animo
699 2076 951 2132 quosque
982 2077 1012 2118 e
1043 2062 1243 2132 palatio
1277 2061 1535 2132 ejecerat,
1564 2061 1930 2120 etTheodo‘tae
1964 2063 2076 2120 ira-'-

480 2163 595 2208 tres
625 2155 717 2226 qui
745 2152 905 2211 erant
936 2156 1174 2226 patricii,
1201 2163 1256 2211 et
1281 2155 1522 2211 Leonem
1568 2157 1744 2213 Scleri
1790 2160 2076 2230 COgllOmi-

481 2257 696 2312 uatum,
728 2266 893 2320 quem
929 2249 1385 2321 Peloponnesiaci
1437 2260 1647 2307 tractus
1681 2251 1876 2306 ducem
1914 2253 2074 2308 iusti-

484 2342 609 2408 tuit,
653 2350 707 2396 et
758 2341 996 2398 Leonem
1051 2342 1223 2397 lilium
1279 2343 1473 2399 Bardm
1523 2344 1772 2410 Armeni,
1807 2345 1900 2416 qui
1935 2346 2077 2402 lmsae

484 2431 787 2502 maiestatis
843 2448 990 2499 reus,
1023 2433 1195 2504 plagis
1225 2432 1504 2504 impositis
1545 2449 1574 2489 ει
1601 2432 1912 2504 Νῑοθριιοτο
1949 2444 2076 2491 ton-

480 2541 578 2582 sus
609 2525 662 2579 in
711 2525 1069 2592 monachum,
1115 2533 1169 2580 et
1219 2524 1272 2578 iu
1307 2524 1562 2579 exsilium
1613 2524 1825 2594 ejectus
1871 2523 2073 2592 fuerat,

480 2635 646 2688 quem
673 2620 772 2691 ipsi
803 2620 1025 2674 demum
1057 2625 1412 2684 revocarunt,
1433 2625 1489 2672 et
1515 2616 1838 2687 patriciatus
1864 2618 2076 2674 honore

481 2708 805 2767 decoratum
841 2710 1125 2766 orientalis
1147 2707 1428 2765 exercitus
1446 2717 1708 2765 crearunt
1731 2710 1951 2775 ducem;
1979 2711 2075 2781 qui

483 2818 701 2870 tamen,
737 2812 797 2858 ut
847 2817 1188 2873 exponemus
1225 2801 1482 2867 inferius,
1532 2801 1698 2855 homo
1749 2810 1988 2873 nequam
2023 2810 2079 2859 et

485 2897 772 2966 improbus
805 2897 1150 2966 tyrannidem
1185 2895 1240 2948 in
1268 2909 1365 2948 eos
1389 2893 1659 2949 exercuit.
1987 2970 1989 2972 _

556 2992 654 3047 llis
702 2991 776 3044 ita
804 2985 1007 3060 gestis,
1045 2988 1276 3043 victoria
1308 2987 1376 3041 de
1407 2985 1721 3056 Nicephoro
1756 2992 1911 3058 parta
1950 2986 2080 3044 Blll‘.

483 3085 596 3150 gari
630 3083 685 3138 in
715 3073 1030 3152 superbiam
1071 3081 1203 3136 ela'ti
1247 3082 1452 3137 bellum
1499 3081 1766 3135 renovare
1817 3082 2077 3136 consilia-

2169 585 2481 656 ἔμπροσθεν
2523 582 2620 643 τοῦ
2655 587 3068 659 Θυσιαστηρίου,
3100 589 3195 642 καὶ
3238 587 3451 659 ἰδούσης
3479 591 3540 644 τὸ
3571 596 3742 665 στέψι-

2171 676 2273 750 μον
2302 680 2399 733 τοῦ
2421 679 2536 734 υίοῦ
2572 681 2768 750 αὐτῆς,
2795 680 2892 733 καὶ
2926 680 3236 750 ποιησάσης
3268 682 3444 750 χαρὰν
3487 685 3740 759 μεγάλην,

2168 771 2265 825 καὶ
2289 772 2649 842 διανειμάσης
2676 774 2935 844 χρήματα
2966 772 3164 826 πολλά·
3189 771 3329 842 αὕτη
3356 774 3465 843 γὰρ
3491 769 3557 845 ἦν
3585 777 3744 833 διατι.

2170 861 2338 940 θοῢσα
2369 863 2548 917 πάντα
2577 864 2646 918 τὰ
2674 864 2774 934 τῆς
2829 863 3110 934 βασιλείας
3133 881 3145 894 ·
3192 866 3221 918 ὁ
3265 865 3376 933 γὰρ
3410 867 3550 936 ἀνὴρ
3580 872 3746 939 πρᾶος

2166 950 2257 1027 ἦν,
2290 954 2365 1018 ὡς
2393 952 2629 1026 εἴρηται.
2667 956 2963 1026 Ἐπσίησαν
3001 953 3058 1010 δὲ
3095 956 3189 1010 καὶ
3231 955 3600 1026 ἐλεημοσύνας
3625 964 3747 1015 πολ-

2170 1048 2266 1112 λάς
2288 1047 2782 1119 διασκορπίσαντες
2805 1048 2874 1101 τὰ
2904 1049 3188 1119 χρήματα,
3222 1047 3362 1118 ἆπερ
3393 1051 3421 1102 ὁ
3443 1050 3748 1124 Νικηφόρος

2169 1135 2241 1192 δι’
2273 1137 2597 1208 ἐπιμελείας
2632 1137 2963 1208 ἐσώρευσεν,
2991 1139 3070 1200 είς
3094 1137 3194 1200 τὰς
3233 1137 3552 1208 ἐκκλησίας,
3583 1142 3660 1204 είς
3684 1142 3750 1196 τά

2174 1233 2538 1302 μοναστήρια,
2571 1231 2667 1284 καὶ
2711 1231 2790 1294 είς
2819 1231 2947 1294 τοὺς
2986 1229 3238 1300 ἀσκητάς
3288 1232 3346 1284 ἐν
3381 1233 3502 1293 ταῖς
3530 1232 3750 1302 ἐρήμοις

2170 1327 2240 1380 τὰ
2263 1324 2398 1396 πρὸς
2423 1324 2522 1395 τὴν
2556 1324 2748 1396 χρείαν
2776 1323 3222 1389 ἀποστέλλοντες,
3252 1325 3344 1378 καὶ
3386 1327 3468 1387 είς
3514 1324 3583 1377 τὰ
3607 1341 3750 1380 πτω-

2171 1419 2317 1490 χεία,
2369 1419 2463 1471 καὶ
2498 1419 2579 1482 είς
2610 1419 2737 1480 τοὺς
2782 1417 3044 1482 ξενῶνας,
3085 1417 3181 1470 κα)⁹
3210 1419 3289 1480 εἰς
3321 1420 3450 1481 τοὺς
3480 1418 3752 1488 αἰχμαλὼ-

2171 1527 2323 1574 τους,
2353 1509 2450 1563 καὶ
2481 1511 2560 1572 είς
2583 1510 2684 1572 τὰς
2707 1511 2910 1580 χήρας,
2950 1509 3043 1562 καὶ
3076 1509 3157 1572 είς
3192 1511 3320 1571 τοὺς
3353 1511 3644 1579 ὀρφανοὺς,
3667 1512 3755 1566 καὶ

2173 1603 2256 1663 είς
2288 1602 2416 1666 τοὺς
2437 1601 2546 1655 ἀπὸ
2575 1601 2766 1665 οὐσίας
2800 1598 3089 1666 πεσόντας,
3118 1603 3212 1656 καὶ
3232 1602 3444 1666 πάντας
3467 1605 3755 1675 χαροποιή-

2174 1707 2371 1758 σαντες
2405 1694 2512 1749 ὑπὸ
2557 1696 2781 1749 πάντων
2836 1694 3176 1760 ἑδοξάζοντο.
3217 1696 3328 1748 Καὶ
3355 1696 3404 1750 oi
3449 1695 3610 1765 δῆμοι
3637 1696 3759 1766 ἑμέ-

2173 1786 2328 1840 λισαν
2377 1789 2661 1858 ποιήματα
2704 1786 2828 1840 καθ’
2858 1787 3105 1858 ἕκαστον,
3137 1782 3271 1858 ἦχον
3306 1787 3447 1856 πρὸς
3490 1785 3760 1855 εὐφημίαν

2177 1881 2358 1935 αὐτῶν
2389 1883 2570 1934 πᾶσαν
2596 1880 2791 1952 ἡδονὴν
2825 1879 3120 1944 κολακείας
3147 1880 3490 1952 παρέχοντα.
3519 1879 3630 1933 Καὶ
3659 1880 3762 1933 λοι-

2177 1990 2279 2026 πον
2333 1970 2544 2036 πάντας
2603 1973 2977 2027 ἀνεκαλέσατο
3037 1974 3119 2036 εἰς
3181 1971 3391 2043 οὕσπερ
3457 1971 3760 2042 Νικηφόρος

2178 2064 2465 2136 ἐχθρωδῶς
2490 2063 2752 2127 διέκειτο,
2788 2065 2884 2118 καὶ
2917 2061 3174 2130 ἐξέϐαλεν
3225 2061 3320 2116 τοῦ
3350 2061 3644 2125 παλατξου,
3672 2063 3763 2134 τῆς

2176 2158 2442 2229 Θεοδότης
2459 2158 2585 2221 τοὺς
2608 2157 2870 2228 ἀδελφοὺς
2891 2157 3056 2220 ὄντας
3076 2158 3424 2226 πατρικίους,
3452 2157 3549 2210 καὶ
3569 2157 3762 2211 Λέοντα

2177 2248 2268 2305 τὸν
2307 2250 2704 2322 ἐπιλεγόμενον
2743 2251 2840 2304 τοῦ
2872 2251 3144 2320 Σκληροῦ,
3181 2252 3278 2304 καὶ
3305 2251 3571 2320 ἐποίησεν
3607 2249 3762 2304 αὐτὸν

2180 2343 2488 2415 στρατηγὸν
2529 2343 2611 2406 είς
2663 2341 3099 2412 Πελοπόννησον,
3138 2343 3232 2396 καὶ
3276 2343 3493 2396 Λέοντα
3521 2340 3618 2413 (2')
3658 2341 3762 2395 υἱὸν

2177 2435 2361 2506 Βάρδα
2406 2434 2504 2489 τοῦ
2561 2433 2850 2506 Ἀρμενίου
2903 2435 3238 2499 πταίσαντα,
3302 2436 3397 2490 τὸν
3430 2433 3760 2505 Νικηφόρον,

2176 2530 2270 2582 τὸν
2296 2525 2532 2602 δαρέντα
2566 2529 2662 2582 καὶ
2712 2526 3087 2597 κουρευθέντα
3116 2527 3207 2584 ὑπ’
3258 2527 3427 2584 αὑτοῦ
3481 2527 3574 2582 καὶ
3597 2527 3763 2598 ἐξορι-

2181 2618 2409 2684 σθέντα,
2459 2612 2606 2674 οὗτοι
2660 2615 3086 2683 ἀνεκαλέσαντο,
3144 2621 3238 2674 καὶ
3286 2620 3562 2690 ἐποίησαν
3614 2615 3762 2672 αὑτὸν

2179 2711 2474 2781 πατρίκιον
2503 2711 2597 2764 καὶ
2641 2710 2952 2782 στρατηγὸν
2996 2709 3105 2764 τῶν
3143 2710 3540 2774 Ἀνατολικῶν,
3581 2708 3638 2772 ὃς
3679 2706 3764 2761 καὶ

2181 2803 2552 2876 ἐτυράννησεν
2596 2803 2796 2868 αὐτοὺς
2848 2802 3080 2872 πονηρὸς
3122 2801 3218 2869 ὢν,
3257 2802 3330 2866 ὡς
3367 2801 3604 2874 ὕστερον
3627 2799 3765 2866 λέξοά

2181 2914 2302 2968 μεν.

2251 2989 2455 3044 Λοιπὸν
2477 2983 2570 3042 οὖν
2591 2988 2798 3042 τούτων
2820 2989 3154 3057 γενομένων,
3181 2985 3524 3058 ἐπαρθέντες
3545 2983 3594 3039 οἱ
3618 2983 3765 3037 Boii).-

2181 3098 2343 3153 γαροι
2365 3082 2460 3134 ἐπὶ
2489 3085 2556 3154 τῇ
2581 3081 2708 3156 νίκῃ
2729 3078 2794 3154 τῇ
2819 3081 2963 3136 κατὰ
2987 3083 3084 3136 τοῦ
3117 3081 3472 3154 Νικηφόρον,
3500 3079 3765 3134 ἐϐούλοντο

486 3179 707 3240 bantur,
739 3174 886 3244 quod
935 3172 1307 3228 sdbodbra‘tus
1363 3169 1595 3226 Michael
1655 3168 1793 3224 inito
1843 3169 2074 3225 consilio

2183 3173 2441 3228 ἀπελθεῖν
2486 3173 2623 3244 πρὸς
2655 3174 2915 3245 πόλεμον.
2943 3173 3133 3230 Ταῦτα
3183 3174 3342 3244 γνοὺς
3373 3162 3624 3243 Μιχαὴλ,
3657 3166 3766 3240 βου-

486 3268 730 3338 lt-gioncs
756 3267 952 3321 Omnes
983 3266 1180 3336 coegit,
1213 3265 1482 3335 novisque
1519 3265 1855 3320 militaribus
1901 3263 2078 3333 copiis

484 3357 788 3411 tleletarum
819 3353 972 3427 prius
996 3356 1162 3428 429
1187 3357 1241 3410 in
1272 3357 1415 3411 bello
1439 3359 1557 3412 vice
1585 3357 1938 3426 conscriptis,
1958 3357 2076 3410 clu-

485 3461 741 3500 surarum
787 3445 953 3500 etiam
987 3451 1085 3515 per
1125 3445 1340 3517 Syriam
1376 3445 1702 3504 custodibus
1733 3447 2076 3514 convocatis,

482 3539 502 3592 ι
531 3553 785 3608 ycaones,
820 3537 1046 3606 Cilices,
1073 3535 1315 3604 Isauros,
1345 3538 1722 3610 Cappadoces,
1757 3538 2000 3606 Galatas,
2025 3547 2079 3594 et

481 3633 621 3685 alios
645 3626 839 3684 omnes
881 3639 1072 3686 secum
1125 3629 1391 3694 educens,
1448 3644 1596 3685 anno
1624 3630 1842 3700 imperii
1871 3631 1958 3686 sui
1990 3646 2079 3686 se-

485 3722 692 3788 cundo,
721 3721 1026 3777 indictione
1063 3730 1240 3787 sexta,
1273 3722 1412 3777 urbe
1457 3723 1742 3792 profectus
1768 3731 1876 3789 est,
1907 3721 2078 3778 clIusa

485 3816 650 3871 siuiul
688 3815 960 3870 Universa
992 3815 1235 3879 ciVitate,
1256 3825 1310 3870 et
1356 3811 1628 3885 Pr0c0pia
1669 3815 1919 3888 Augusta
1951 3832 2080 3872 con-

476 3906 608 3975 juge
657 3901 948 3974 sequente,
1016 3911 1291 3960 venerunt
1325 3914 1502 3975 usque
1543 3906 1614 3959 ad
1670 3905 2078 3974 aquaeductum,-

483 3999 635 4053 velut
655 3995 855 4053 l'e'stum‘
875 3997 1122 4053 solemne
1140 3997 1505 4064 celebrantes,
1527 3998 1914 4069 exercitusque
1934 3999 2084 4068 prin-

484 4091 638 4160 cipes
673 4089 866 4161 gra’tiis‘
899 4096 952 4144 et
987 4089 1313 4146 muneribus
1337 4091 1713 4153 cumulantes,
1753 4105 1851 4146 eos
1878 4091 2083 4146 adhor-

485 4193 639 4241 tante
691 4182 965 4254 Pro‘copia‘
1013 4180 1409 4254 imperatorem
1464 4181 1789 4240 Michaelem
1838 4184 2086 4241 Studiose

484 4277 789 4342 custodire,
826 4290 1067 4348 eumque
1105 4275 1160 4331 in
1215 4277 1360 4332 bello
1389 4286 1677 4348 protegere
1705 4272 1760 4332 et
1792 4292 1890 4347 pro
1924 4277 2084 4332 Chri-J

483 4371 679 4428 stianis
721 4372 1044 4438 decertare;
1083 4376 1140 4427 et
1189 4369 1316 4425 inde
1375 4371 1598 4427 reversa
1639 4380 1723 4426 est
1775 4371 1832 4426 in
1867 4371 2080 4428 urbem.

485 4467 758 4520 Caeterum
795 4465 926 4522 inde
969 4461 1248 4522 solventes
1281 4462 1587 4533 imperatur
1616 4473 1672 4520 et
1694 4466 1877 4521 omnis
1911 4481 2084 4536 popu-

2183 3267 2281 3341 λὴν
2338 3269 2748 3341 ποιησάμενος,
2805 3275 3116 3340 συνήγαγεν
3170 3270 3350 3323 πάντα
3403 3264 3481 3322 τὰ
3533 3264 3762 3336 θέματα.

2184 3361 2520 3433 στρατεύσας
2547 3361 2640 3414 καὶ¹
2657 3361 2850 3436 ἄλλους
2863 3361 3096 3426 πολλοὺς
3127 3362 3250 3416 ἀντὶ
3276 3361 3386 3415 τῶν
3410 3355 3766 3427 ἀπολειφθέν-

2181 3451 2287 3507 των
2318 3455 2376 3506 ὲν
2406 3452 2484 3523 τῷ
2515 3453 2760 3525 πολέμῳ,
2790 3454 2883 3508 καὶ
2913 3457 3042 3518 τοὺς
3088 3455 3474 3526 φυλάσσοντας
3511 3451 3608 3515 τὰς
3634 3453 3769 3503 κλει-

2184 3543 2387 3618 σούρας
2442 3546 2542 3618 τῆς
2600 3547 2801 3617 Συρίας
2862 3547 3267 3618 συναθροίσας,
3327 3547 3640 3606 Λυκάονας,
3681 3540 3768 3595 καὶ

2181 3633 2435 3702 Κίλικας,
2460 3635 2556 3691 καὶ
2587 3637 2890 3706 Ίσαύρους,
2926 3641 3023 3692 καὶ
3047 3638 3450 3702 Καππαδόκας,
3483 3637 3578 3691 καὶ
3607 3633 3768 3689 Γαλά·

2181 3745 2300 3796 τας,
2337 3730 2432 3785 καὶ
2469 3729 2681 3794 πάντας
2735 3730 3070 3800 παραλαϐὼν
3111 3729 3338 3801 ἐξῆλθεν
3383 3729 3626 3798 δευτέρῳ
3667 3725 3767 3778 ἔτει

2181 3819 2280 3893 τῆς
2311 3822 2477 3876 αὐτοῦ
2507 3821 2811 3892 βασιλείας,
2841 3823 3030 3900 ίνδικτ.
3061 3821 3137 3888 ς’,
3167 3824 3263 3878 καὶ⁵
3291 3821 3392 3894 τῆς
3413 3822 3626 3884 πόλεως
3649 3833 3768 3871 συν-

2183 3914 2586 3986 ακολουθούσης
2631 3915 2801 3985 αὐτῷ,
2833 3916 2930 3969 καὶ
2968 3903 3288 3987 Προκοπίας
3326 3914 3429 3984 τῆς
3459 3910 3768 3981 Αὐγούστης

2182 4006 2283 4076 τῆς
2335 4005 2501 4059 αὑτοῦ
2559 4008 2845 4075 γυναικὸς,
2896 4007 3120 4075 ἐξῆλθεν
3164 4007 3270 4070 ἕως
3315 4007 3362 4061 τ’
3415 4002 3766 4060 ἀκιδούκτουο

2187 4095 2468 4160 ποιοῦντες
2507 4097 2854 4168 μαιουμάδας
2886 4098 2988 4170 (5),
3032 4099 3130 4152 καὶ
3176 4097 3413 4158 διδόντες
3462 4094 3768 4168 χαρίσματα

2183 4192 2313 4256 τοὺς
2342 4190 2612 4264 ἄρχοντας
2640 4189 2777 4264 [τοις
2800 4191 3052 4264 ἄρχουσι]
3089 4189 3185 4244 τοῦ
3217 4188 3454 4262 στρατοῦ
3477 4205 3492 4220 ο
3523 4197 3768 4257 παρακα-

2185 4284 2386 4357 λούσης
2411 4283 2610 4349 αὐτοὺς
2645 4286 2747 4355 τῆς
2787 4284 3123 4357 Προκοπίας,
3161 4284 3258 4337 καὶ
3281 4283 3410 4354 περὶ
3431 4277 3654 4350 Μιχαὴλ
3679 4271 3766 4328 τοῦ

2189 4375 2456 4451 βασιλέως
2510 4374 2895 4446 διαφυλάττειν
2938 4375 3136 4441 αὐτὸν,
3192 4375 3289 4429 καὶ
3335 4370 3578 4436 σκέπειν,
3614 4371 3670 4423 ἐν
3695 4364 3768 4436 τῷ

2189 4468 2437 4540 πολέμῳ,
2493 4469 2588 4521 καὶ
2625 4466 2990 4536 ἀγωνίζεσθαι
3043 4467 3187 4536 ὑπὲρ
3229 4464 3340 4519 τῶν
3387 4459 3765 4534 Χριστιανῶν·

487 4560 575 4613 lus
598 4552 1114 4629 appropinquarunt
1137 4561 1316 4626 uéqtte
1348 4554 1416 4611 id
1448 4555 1680 4612 limitem
1717 4567 1772 4612 et
1798 4557 2074 4628 angustia;

2190 4559 2447 4620 κάκεῖθεν
2487 4557 2653 4614 πάλιν
2697 4559 2838 4630 αὑτὴ
2868 4557 3214 4627 ὑπέστρεψεν
3254 4558 3313 4612 ὲν
3346 4558 3410 4626 τῇ
3457 4553 3632 4607 πόλει.
3664 4546 3768 4602 Καὶ

492 4666 614 4704 rum
670 4665 850 4707 arces.
911 4647 1131 4720 Bulgari
1201 4649 1368 4704 etiam
1437 4649 1661 4704 stabant
1732 4651 1968 4706 ordinati
2013 4667 2080 4706 ex

491 4745 724 4800 adverso
753 4761 966 4811 eorum,
1003 4744 1231 4815 visaque
1247 4741 1526 4799 exercitus
1577 4743 1934 4799 multitudine
1967 4759 2079 4800 non

486 4846 618 4895 sunt
649 4839 770 4892 ausi
801 4853 898 4895 eos
927 4836 1176 4908 aggredi,
1208 4837 1306 4893 sed
1335 4837 1559 4894 stabant
1589 4837 1863 4894 instructa
1902 4837 2021 4894 acie
2057 4854 2072 4890 :

483 4930 741 4987 similiter
771 4939 830 4986 et
850 4932 1026 5001 copiae
1056 4933 1410 5003 imperatoris
1439 4932 1662 4989 stabant
1693 4927 1964 4988 ordinata:
1981 4939 2077 5001 per

484 5022 803 5097 quindecim
837 5025 976 5092 dies,
1023 5040 1136 5080 non
1183 5039 1332 5082 ausae
1363 5025 1600 5082 invicem
1648 5040 1849 5080 manus
1879 5031 2080 5082 con§e-

485 5135 626 5176 rere.
667 5119 898 5176 Demum
945 5120 1214 5178 aerumnis
1253 5117 1512 5188 confecti,
1569 5123 1781 5178 astatis
1829 5124 2078 5194 tempore

486 5211 770 5269 caloribus
801 5213 1115 5270 immodicis
1149 5213 1241 5269 diu
1271 5224 1548 5287 noctuque
1570 5215 1806 5287 expositi
1825 5215 2079 5272 homines

486 5304 695 5371 pariter
721 5311 776 5360 et
817 5304 1067 5375 iumenta
1119 5314 1421 5362 extremam
1483 5323 1621 5378 pene
1665 5309 1722 5362 in
1773 5308 2078 5378 perniciem

483 5395 712 5462 redacti,
761 5394 998 5452 Romani
1029 5399 1084 5453 in
1132 5397 1400 5470 Bulgaros
1430 5399 1853 5470 impressiOnem
1897 5399 2074 5454 factu-

483 5498 594 5553 ros,
622 5497 678 5544 et
708 5487 933 5562 Bulgari
961 5491 1201 5550 Vicissim
1236 5492 1517 5550 Romanos
1569 5495 1623 5549 in
1659 5508 1720 5550 se
1757 5491 2071 5565 irrupturos

2184 4652 2372 4710 λοιπὸν
2393 4654 2707 4723 ἀπάραντες
2730 4653 2982 4707 ἐκεῖθενὸ
2997 4669 3057 4704 τε
3075 4651 3328 4723 βασιλεὺς
3346 4649 3444 4702 καὶ
3467 4649 3576 4710 πᾶς
3601 4648 3628 4699 ὁ
3645 4637 3768 4704 λαίς

2185 4746 2576 4818 ὲγγυτόμησαν
2599 4746 2705 4808 ἕως
2737 4745 2846 4798 τῶν
2881 4744 3238 4815 κλεισουρῶν.
3274 4743 3384 4798 Καὶ
3415 4742 3479 4814 δὴ
3523 4740 3575 4793 oi
3605 4735 3764 4789 Βούλ-

2183 4854 2376 4910 γαρεις
2398 4833 2747 4909 [Βούλγαροι]
2771 4835 3156 4907 παρετάξαντο
3171 4835 3433 4888 ἀπέναντι
3451 4829 3652 4893 αὐτῶν,
3677 4824 3766 4879 καὶ

2184 4929 2528 5002 θεωροῦντες
2559 4930 2624 4983 τὸ
2652 4928 2860 5000 πλῆθος
2891 4928 2987 4982 τοῦ
3027 4927 3160 4982 λαοῦ
3185 4929 3285 4982 οὐκ
3312 4926 3623 4996 ἐτόλμησαν
3650 4923 3767 4974 ἔπι-

2183 5025 2464 5096 χειρῆσαι,
2490 5023 2607 5077 ἀλλ’
2635 5022 2855 5078 ἵσταντο
2891 5018 3386 5095 παρατεταγμένοι.
3434 5015 3667 5088 Ὁμοίως
3713 5005 3768 5062 δὲ

2185 5120 2281 5174 καὶ
2308 5121 2338 5172 ὁ
2385 5117 2514 5182 λαὸς
2560 5116 2656 5172 τοῦ
2690 5116 2959 5188 βασιλέως
2998 5116 3238 5179 ἵσταντο,
3271 5113 3364 5167 καὶ
3401 5110 3556 5164 αὐτοὶ
3596 5110 3767 5172 παραέ

2185 5213 2516 5281 τεταγμένοι
2543 5212 2650 5275 ἕως
2679 5209 2906 5283 ἡμερῶν
2937 5208 3018 5274 ιε’,
3060 5209 3134 5280 μὴ
3166 5206 3475 5276 τολμῶντες
3523 5199 3765 5269 ἀλλήλοις

2189 5303 2374 5376 βαλεῖν
2397 5307 2576 5376 χεῖρα.
2590 5305 2702 5358 Καὶ
2719 5302 2904 5357 λοιπὸν
2923 5298 3348 5370 ἐταλαιπωρήθη
3357 5314 3456 5350 σαν
3469 5296 3527 5347 έν
3541 5291 3620 5362 τῷ
3643 5285 3768 5342 καύέ

2189 5410 2323 5454 σωνι
2352 5401 2654 5470 στήκοντες
2675 5397 2771 5452 τοῦ
2805 5398 3000 5467 θέρους
3036 5394 3251 5466 ἡμέρας
3273 5391 3367 5445 καὶ
3393 5386 3608 5449 νυκτὸς.
3640 5380 3692 5434 οἵ
3714 5395 3766 5430 τε

2188 5493 2470 5566 ἄνθρωποι
2514 5495 2610 5551 καὶ
2646 5492 2716 5548 τὰ
2748 5491 2946 5565 κτήνη,
2984 5490 3081 5545 καὶ
3118 5484 3285 5560 ἦλθον
3331 5484 3411 5548 εἰς
3473 5477 3769 5544 ἀδυναμίαν

1678 5651 1930 5711 FRANC.
1969 5651 2364 5710 consensu
2387 5639 2623 5709 None.

563 5769 659 5828 (Ψ)
695 5767 753 5822 in
814 5768 987 5836 marg.
1011 5814 1022 5834 ,

1079 5765 1248 5835 Οὗτός
1301 5775 1449 5826 ἐστιν
1489 5776 1516 5826 ὁ
1552 5770 1907 5843 Χαμαιλέων,
1963 5771 2061 5828 Hic

491 5850 571 5891 est
605 5838 976 5893 Chamatleon.

2244 5771 2319 5843 (5)
2359 5771 2492 5827 Maii
2527 5770 2806 5826 Kalendas
2843 5767 3080 5840 tripudio
3124 5757 3448 5843 celebrantes
3482 5776 3500 5815 .'
3535 5759 3602 5814 de
3656 5767 3754 5825 qua

2189 5840 2416 5914 {uorum
2457 5844 2776 5900 celebritate
2816 5843 3106 5910 Meursius,
3155 5840 3420 5904 Luccrda,
3451 5844 3554 5886 (-tc.
