4100 6426
406 363 549 429 1013

1587 370 1761 431 ΥΙἙΑ
1804 370 2002 432 LEON
2011 368 2084 429 IS
2105 371 2372 435 ARMEN
2379 374 2426 435 Ι.

3529 376 3668 447 1014

404 475 604 548 πολλὴν
626 474 1034 547 προσδοκῶντες
1072 475 1154 531 ὅτι
1184 476 1238 531 οἰ
1268 476 1600 548 Βούλγαρεις
1624 474 1979 548 [Βούλγαροι]

2094 482 2379 549 sperabant
2422 500 2439 538 :
2498 498 2671 555 quare
2727 488 2991 546 attonitos
3039 495 3102 546 et‘
3132 490 3302 547 animi
3349 490 3544 547 anxios
3595 508 3665 549 ex

401 572 547 643 εἶχον
586 568 771 641 βαλεῖν
809 572 989 641 χεῖρα,
1016 570 1114 625 καὶ
1138 569 1300 625 πάλιν
1334 571 1384 624 οἰ
1411 570 1715 642 Βούλγαροι
1750 568 1952 641 ὁμοίως
1972 585 2001 607 '-

402 666 499 717 καὶ
549 657 618 732 ἦν
661 661 792 716 ἰδεῖν
829 661 1027 726 αὐτοὺς
1069 664 1129 715 ἐν
1168 650 1450 733 ἀμηχανίᾳ
1480 662 1674 735 πολλῇ.
1711 660 1823 717 Καὶ
1872 660 1937 732 δὴ
1962 660 1997 714 ὁ

414 754 695 826 ’Λπλάκης
741 749 812 825 ἦν
848 755 940 810 ἐπὶ
966 754 1028 808 τὸ
1078 754 1138 808 ἓν
1169 755 1333 827 μέρος
1365 754 1467 825 τῆς
1495 755 1671 827 ἄκρας
1696 753 1836 825 ἔχων
1865 753 1992 818 τοὺς

402 845 725 909 Μακεδόνας
775 846 870 899 καὶ
921 846 1050 910 τοὺς
1096 846 1520 918 Θρᾳκισιανοὺς,
1577 847 1672 900 καὶ
1711 846 1864 916 δηλοῖ
1899 846 1990 900 τὸν

406 934 636 1006 βασιλέα
671 952 687 967 ο
745 937 891 1000 Ἕως
933 937 1067 991 πότε
1118 939 1392 1010 στήκομεν
1461 940 1558 994 καὶ
1604 938 1991 1011 ἀπολλόμεθα;

418 1027 567 1096 Ἐγὼ
610 1027 827 1099 πρῶτος
869 1028 1048 1098 βάλλω
1093 1033 1250 1102 χεῖρα
1316 1031 1412 1084 ἐπὶ
1466 1029 1545 1102 τῷ
1597 1030 1823 1101 ὀνόματι
1895 1030 1989 1084 τοῦ

406 1117 567 1183 Θεοῦ,
639 1117 734 1171 καὶ
817 1119 971 1172 αύτοί
1030 1119 1169 1191 μετὰ
1234 1120 1542 1192 προθυμίας
1604 1120 1988 1176 ὲπεισέλθατε⁶

408 1210 507 1261 καὶ
560 1207 757 1278 ἔχομεν
821 1208 1042 1279 νικῆσαι
1073 1225 1087 1239 ·
1147 1209 1361 1274 πλείους
1414 1210 1523 1282 γάρ
1577 1211 1758 1265 αὐτῶν
1823 1213 1993 1282 ἐσμεν

406 1302 794 1358 δεκαπλασίων
830 1301 1255 1375 [δεκαπλασίως]
1275 1318 1289 1334 ο
1320 1301 1396 1367 ὡς
1421 1304 1517 1359 καὶ
1546 1300 1635 1377 ἦν.
1670 1306 1779 1360 Καὶ
1819 1304 1997 1375 ἀρξάι

411 1411 579 1465 μενος
607 1394 699 1448 τοῦ
733 1393 973 1465 πολέμου
1018 1394 1393 1466 συνεχύθησαν
1434 1394 1520 1447 ἐπ’
1552 1395 1716 1449 αὑτὸν
1744 1397 1794 1450 οἰ
1822 1396 1992 1450 Βούλ-

409 1502 605 1558 γαρεις
631 1484 1004 1559 [Βούλγαροι],
1038 1486 1132 1540 καὶ
1161 1487 1208 1539 οἰ
1247 1486 1473 1558 Θρᾴκης
1497 1487 1733 1559 ἤρξαντο
1768 1489 1993 1542 κόπτειν

406 1576 632 1638 αὐτούς.
667 1577 777 1631 Καὶ
801 1576 988 1630 λοιπὸν
1010 1579 1109 1649 τῆς
1141 1576 1322 1649 μάχης
1347 1577 1665 1649 ἀρξαμένης
1697 1577 1798 1633 οὐκ
1827 1569 1994 1649 ἦλθον

406 1672 492 1733 εἰς
517 1668 769 1740 βοήθειαν
800 1670 851 1722 οἱ
887 1669 1065 1723 λοιποὶ
1095 1667 1238 1733 λαοὶ,
1271 1669 1409 1725 ἀλλὰ
1451 1670 1818 1734 δειλιάσαντες
1862 1671 1996 1725 ιδω.

407 1778 515 1816 καν
542 1762 621 1823 εἰς
654 1762 897 1832 τροπήν·
934 1760 1151 1832 πρῶτον
1178 1761 1237 1815 τὸ
1269 1761 1411 1831 θέμα
1447 1762 1557 1815 τῶν
1591 1761 1989 1816 Ἀνατολικῶνο

407 1853 506 1906 καί
531 1852 989 1922 καταλειφθέντες
1025 1851 1177 1922 μόνοι
1201 1852 1252 1905 οἰ
1297 1848 1391 1905 τοῦ
1425 1851 1744 1918 Ἀπλακίου,
1780 1854 1875 1907 καὶ
1914 1853 1991 1924 μὴ

411 1945 690 2015 ἰσχύοντες
728 1943 1069 2013 ἀντιστῆναι,
1092 1943 1329 2017 ἤρξαντο
1372 1944 1671 2000 κόπτεσθαι
1699 1946 1793 1998 καὶ
1815 1945 1990 2002 αὐτοί.

407 2039 520 2090 Καὶ
556 2037 764 2107 λοιπὸν,
813 2038 1011 2103 ἰδόντες
1059 2039 1236 2093 πάντα
1266 2037 1341 2110 (4)
1388 2039 1457 2094 τά
1499 2038 1710 2109 θέματα
1765 2039 1989 2107 ἔφυγον,

406 2129 544 2199 παρ’
577 2130 756 2198 ὀλίγον
786 2129 1297 2200 καταλιμπάνοντες
1336 2130 1434 2184 καὶ
1463 2130 1554 2185 τδν
1582 2129 1827 2200 βασιλέα,
1852 2132 1902 2185 oi
1932 2128 1993 2186 τδ

408 2224 542 2293 πρὶν
587 2221 937 2294 καυχώμενοι
974 2224 1115 2296 ὑπὲρ
1144 2222 1240 2277 τοῦ
1292 2221 1560 2295 βασιλέως
1599 2225 1693 2277 καὶ
1717 2225 1827 2278 τῶν
1852 2224 1990 2296 Χρι-

407 2310 644 2365 στιανῶν
666 2312 1053 2380 ἀγωνίζεσθαι.
1089 2312 1322 2382 Ἔλεγον
1357 2313 1586 2384 γὰρ,ὄτι
1622 2312 1712 2368 Ἐν
1732 2317 1797 2387 τῇ
1827 2315 1995 2369 Bob).-

404 2404 578 2475 γαρῐᾳ
621 2404 959 2470 εἰσελθόντες
1000 2407 1058 2459 ἐν
1097 2407 1287 2471 τόποις
1332 2407 1623 2472 δυσϐάτοις
1662 2409 1993 2480 ἐκυρίευσαν

403 2494 579 2569 ἡμᾶς,
616 2494 814 2560 ἔξωθεν
845 2496 903 2550 δὲ
933 2497 1026 2548 ἐπὶ
1048 2497 1275 2566 κάμπου
1299 2499 1518 2568 νικῆσαι
1543 2499 1740 2563 αὐτοὺς
1767 2500 1987 2571 ἔχομεν·

406 2587 503 2639 καὶ
534 2586 712 2641 πάντα
759 2587 1081 2657 ἐψεύσαντο.
1124 2589 1309 2659 Μήπω
1338 2590 1447 2659 γὰρ
1484 2590 1783 2660 ἀρξάμενοι
1828 2592 1989 2645 πολε-

408 2680 555 2744 μεῖν,
603 2678 803 2748 ἔιρυγον
830 2697 844 2711 ·
898 2680 994 2733 καὶ
1030 2680 1217 2735 λοιπὸν
1261 2681 1477 2753 ἐπλήγη
1513 2684 1571 2735 ἐν
1597 2683 1748 2752 αύτῷ
1782 2682 1860 2754 τῷ
1886 2699 1990 2737 πο-

405 2770 560 2840 μῳ
602 2771 630 2824 ὃ
667 2789 725 2824 τε
769 2772 1070 2845 Ἀπλάκης,
1105 2776 1199 2828 καὶ
1226 2774 1410 2829 πολλοὶ
1431 2777 1495 2829 ἐκ
1518 2775 1611 2830 τοῦ
1635 2776 1764 2829 λαοῦ
1800 2776 1986 2833 αὐτοῦ.

409 2863 475 2916 Οἱ
513 2862 570 2916 δὲ
603 2862 784 2917 λοιποὶ
811 2864 1012 2929 ἰδόντες
1042 2867 1124 2919 ὅτι
1154 2867 1255 2920 οὐκ
1297 2865 1514 2937 ἔχουσίν
1556 2867 1682 2920 ποθι
1712 2867 1988 2940 βοήθειαν,

406 2955 609 3024 ἔῳυγον
624 2954 718 3008 καὶ
735 2956 906 3011 αύτοί.
934 2951 1040 3010 ἽΙν
1068 2957 1123 3010 δὲ
1146 2959 1174 3009 ὀ
1196 2958 1360 3021 τόπος
1386 2959 1566 3022 κοῖλος
1589 2962 1645 3014 ὲν
1660 2954 1704 3028 ᾧ
1729 2960 1990 3015 συνιέξϐαλ⁸

406 3044 501 3098 λον
534 3046 633 3116 τὴν
661 3047 863 3117 μάχην,
893 3047 988 3101 καὶ
1013 3047 1082 3101 τὰ
1111 3048 1323 3119 θέματα
1358 3049 1574 3103 ἵσταντο
1601 3051 1735 3121 πρὸς
1763 3051 1824 3105 τὸ
1854 3052 1992 3124 ὑψη-

2094 579 2325 642 utraque
2360 582 2514 644 parte
2556 592 2781 633 cernere
2827 578 3048 636 licebat.
3098 580 3331 651 Aplaces
3385 581 3551 652 igitur
3594 583 3666 638 ad

2092 674 2395 721 extremam
2425 668 2701 726 exercitus
2729 670 2870 726 alam
2903 670 3227 729 Macedones
3248 683 3305 729 ct
3336 672 3693 730 Thracesia-r-

2093 771 2196 813 nos
2219 757 2323 812 sub
2349 773 2408 814 se
2442 760 2668 825 habens,
2697 760 2967 832 significat
2987 763 3305 833 imperatori
3331 780 3346 817 :
3373 763 3669 835 Quousque

2092 848 2311 906 tandem
2346 859 2559 906 stamus
2609 851 2814 910 inertes
2870 862 2926 909 et
2981 854 3277 923 perniciem
3319 855 3669 926 quaerimus?

2092 939 2205 1013 Ego
2264 944 2473 1012 primus
2521 945 2576 999 in
2615 945 2840 1002 nomine
2888 947 3129 1012 Domini,
3164 963 3358 1004 manus
3388 963 3662 1006 consero:

2094 1047 2190 1088 vos
2227 1034 2487 1091 audacter
2515 1034 2725 1101 adeste,
2770 1047 2824 1093 et
2848 1049 3035 1094 nostra
3058 1040 3163 1097 erit
3194 1040 3418 1095 victoria
3452 1057 3467 1093 :
3498 1041 3667 1096 decu-

2094 1124 2184 1194 plo
2209 1126 2413 1197 quippe
2452 1126 2636 1197 plures
2660 1145 3051 1198 numerantur;
3081 1141 3136 1186 et
3154 1148 3283 1188 vere
3305 1133 3386 1188 sic
3411 1143 3549 1188 erat.
3587 1133 3665 1189 Eo

2095 1215 2261 1287 igitur
2291 1233 2530 1289 pugnam
2562 1218 2840 1276 delibante
2872 1220 3237 1293 Bulgarorum
3271 1223 3428 1280 σθ’υεί
3452 1234 3583 1281 sunt
3608 1225 3689 1279 in

2095 1319 2220 1365 eum
2276 1308 2521 1373 ordines,
2574 1319 2971 1381 coeperuntque
3005 1310 3247 1369 Thraces
3285 1330 3383 1370 eos
3436 1316 3667 1373 caedere.

2093 1396 2280 1469 Pugna
2310 1401 2661 1470 postmodum
2701 1402 3134 1468 exardescente,
3168 1405 3393 1476 reliqua:
3419 1406 3703 1465 subsidio

2093 1504 2203 1547 non
2237 1490 2522 1546 accessere
2566 1500 2799 1559 turmae,
2849 1493 2946 1549 sed
2994 1509 3106 1565 pra:
3138 1494 3336 1550 timore
3383 1497 3436 1550 in
3485 1496 3670 1568 fugam

2094 1595 2264 1639 versa:
2295 1590 2461 1650 sunt;
2515 1592 2573 1638 et
2609 1584 2856 1639 omnium
2883 1585 3058 1655 prima
3086 1585 3444 1643 Orientalium
3480 1586 3623 1659 legio
3654 1603 3670 1641 :

2094 1672 2310 1742 solique
2337 1672 2604 1739 derelicti,
2640 1673 2736 1742 qui
2772 1682 2932 1728 erant
2958 1690 3082 1730 cum
3115 1673 3340 1744 Aplace,
3370 1691 3471 1731 nec
3498 1674 3672 1732 hosti-

2096 1760 2200 1816 lem
2262 1761 2527 1831 impetum
2580 1760 2723 1818 ferre
2772 1763 2963 1830 Vulidi,
3010 1773 3164 1834 parte
3219 1765 3456 1835 plurima
3507 1764 3673 1822 deleti

2094 1861 2246 1911 sunt.
2280 1852 2453 1910 Porro
2478 1854 2727 1911 videntes
2765 1855 3009 1925 reliquas
3037 1855 3278 1925 legiones
3307 1872 3469 1912 suum
3509 1856 3669 1912 dese-

2094 1943 2275 1998 ruisse
2330 1943 2599 2010 ordinem,
2646 1944 2980 2016 imperatore
3039 1945 3321 2017 neglecto.
3363 1962 3508 2002 unus
3545 1954 3672 2018 post

2093 2034 2262 2089 alium
2294 2036 2498 2090 sensim
2534 2035 2588 2090 in
2626 2034 2811 2108 fugam
2866 2037 3077 2106 delapsi
3119 2045 3272 2104 sunt,
3313 2037 3409 2108 qui
3455 2037 3670 2094 modice

2093 2126 2248 2196 prius
2286 2143 2383 2198 pro
2420 2142 2488 2183 eo
2513 2138 2568 2183 et
2593 2128 2929 2185 Christianis
2956 2129 3236 2185 decertare
3262 2130 3542 2207 vitamque
3571 2146 3670 2186 ex«

2093 2233 2298 2287 ponere
2322 2219 2723 2290 gloriabantur.
2763 2219 2954 2285 Nobis,
2982 2222 3322 2292 inquiebant,
3360 2221 3670 2294 Bulgariam

2094 2309 2359 2380 ingressis
2393 2325 2490 2381 per
2522 2327 2716 2382 aspera
2745 2322 2799 2368 et
2832 2313 2979 2369 invia
3006 2313 3129 2368 loca
3162 2315 3349 2369 hostes
3377 2322 3676 2370 evaserunt

2094 2403 2424 2471 superiores.
2462 2403 2520 2458 lu
2571 2406 2854 2474 planitiem
2888 2421 3016 2462 vero
3054 2390 3354 2462 educendis
3384 2415 3534 2463 certa
3565 2415 3675 2463 stat

2093 2494 2346 2550 victoria.
2389 2494 2499 2551 Eos
2545 2505 2731 2552 tamen
2783 2512 2924 2552 vana
2978 2512 3103 2567 spes
3138 2496 3347 2553 fefellit.
3384 2497 3488 2553 Vix
3522 2499 3670 2554 enim

2092 2585 2234 2641 inito
2267 2588 2455 2657 praelia
2485 2597 2636 2658 terga
2660 2597 2940 2643 verterunt
2964 2606 2977 2642 :
3014 2588 3217 2644 idcirco
3238 2604 3413 2645 caesus
3442 2589 3675 2659 Aplaces

2092 2676 2147 2732 in
2179 2680 2503 2747 certamine,
2527 2689 2580 2735 et
2608 2697 2672 2735 ex
2700 2682 2821 2752 ejus
2854 2682 2969 2737 acie
2999 2682 3184 2752 plures
3206 2681 3514 2738 desiderati.
3549 2679 3673 2737 Ca:-

2094 2771 2195 2824 iuri
2233 2771 2447 2825 nullum
2475 2773 2741 2829 auxilium
2767 2775 2956 2830 adesse
2992 2774 3371 2846 contemplati,
3402 2774 3518 2844 pari
3543 2773 3676 2846 fuga

2092 2863 2322 2919 salutem
2349 2864 2634 2934 quaesiere.
2666 2864 2797 2921 Erat
2823 2866 3042 2936 quidem
3080 2866 3374 2936 depressus
3396 2875 3449 2934 et
3475 2881 3685 2922 conca--

2093 2970 2195 3011 vus
2228 2956 2403 3021 locus,
2435 2971 2544 3026 quo
2563 2957 2811 3027 pralium
2833 2959 3194 3013 commissum
3210 2968 3295 3014 est
3316 2954 3528 3030 α’ωο
3551 2957 3676 3012 Βιιία

2104 3048 2275 3120 garis,
2311 3048 2667 3119 legionesque
2685 3049 2949 3105 Romanae
2976 3049 3197 3105 stabant
3240 3048 3308 3104 ad
3342 3050 3675 3103 eminentio-

407 3135 629 3206 λότερον
656 3138 842 3209 μέρος,
879 3139 972 3192 καὶ
998 3140 1321 3209 τραπέντων
1353 3142 1536 3196 αὐτῶν
1562 3139 1866 3211 ἐλογίζοντο
1892 3145 1991 3217 (5),

2100 3157 2214 3196 rem
2250 3141 2468 3209 collem,
2500 3141 2682 3212 iisque
2734 3142 2790 3197 in
2818 3138 3003 3213 fugam
3039 3141 3211 3208 aclis,
3229 3140 3543 3211 cogitabant
3580 3139 3673 3194 alii

402 3230 489 3285 ὅτι
520 3230 620 3284 ούκ
653 3229 871 3300 ἔφυγον,
904 3231 1019 3285 ἀλλ’
1049 3233 1509 3303 ὀπισθοπόδησαν,
1544 3235 1638 3289 καὶ
1659 3235 1990 3307 τροποῦνται

404 3320 635 3386 αὐτούς’
670 3325 763 3377 καὶ
792 3323 995 3389 εὐθέως
1017 3326 1077 3377 οὐ
1109 3326 1442 3391 κατεδίωξαν
1464 3327 1683 3393 αύτούς.
1716 3330 1828 3385 Καὶ
1853 3330 1993 3401 μετά

407 3415 608 3487 μικρδν
651 3416 1032 3487 ἀνακύψαντες
1082 3417 1266 3487 ὀλίγον
1312 3419 1613 3489 θεωροῦσιν
1668 3421 1750 3475 ὅτι
1802 3420 1991 3495 δρόμῳ

403 3506 591 3579 πολλῷ
650 3508 947 3579 φεύγοντες
988 3510 1337 3583 ἀπέκρυψαν.
1394 3512 1506 3567 Καὶ
1552 3512 1812 3579 λύσαντες
1862 3515 1991 3580 τοὺς

401 3600 658 3671 χαλινοὺς
683 3601 792 3657 τῶν
817 3603 1000 3657 ἵππων
1030 3602 1361 3659 κατεδίωκον
1383 3603 1558 3659 ὀπίσω
1590 3605 1771 3660 αὐτῶν
1791 3623 1803 3635 '
1838 3607 1992 3661 αὐτοὶ

399 3693 460 3747 δὲ
494 3694 811 3763 φεύγοντες,
849 3695 1119 3767 ἀλλήλους
1176 3695 1549 3751 συνεπάτουνο
1581 3699 1674 3752 καὶ
1700 3699 1740 3769 τό
1777 3698 1989 3770 ἔμπρο⁹

404 3782 533 3836 σθεν
550 3781 766 3852 φεύγων
788 3785 876 3840 τὸν
897 3784 1110 3841 ούπίσω
1132 3783 1356 3859 [ὀπίσω]
1372 3786 1434 3840 οὐ
1464 3787 1732 3843 κατενόει.
1751 3790 1989 3844 Ἀκούων

401 3874 515 3944 γὰρ
547 3874 641 3928 τδν
670 3876 865 3947 κρότον
898 3876 1007 3930 τῶν
1054 3875 1231 3931 ποδῶν
1255 3877 1364 3933 τῶν
1388 3877 1595 3940 ἵππων,
1645 3877 1853 3947 ἔλεγεν,
1908 3880 1992 3935 ὅτι

404 3963 513 4017 ὑπὸ
542 3963 652 4018 τῶν
673 3965 947 4037 πολεμίων
978 3965 1402 4033 καταδιώκεται,
1428 3968 1525 4022 καὶ
1547 3967 1652 4032 ἕως
1683 3962 1743 4022 οὗ
1772 3972 1801 4024 ὀ
1824 3971 1989 4034 ἵππος

406 4056 595 4110 πεσὼν
643 4056 936 4122 ἀπέθανεν,
980 4059 1081 4113 οὐκ
1122 4059 1384 4132 εὐμενίδη
1422 4057 1546 4132 [ούκ
1584 4060 1651 4114 ἂν
1688 4062 1855 4131 μονὴν
1880 4060 1991 4136 ίδῃ]

402 4150 639 4213 ἕκαστος
654 4149 747 4204 τοῦ
765 4151 1011 4222 φεύγειν.
1031 4149 1235 4206 Λοιπὸν
1250 4153 1307 4207 δὲ
1330 4153 1425 4208 καὶ
1442 4154 1494 4207 οἰ
1513 4153 1685 4208 πλεῖοι
1701 4153 1991 4228 [πλεῖστοι]

404 4236 550 4311 πεζῇ
575 4237 776 4310 ἔφυγον
799 4240 910 4295 τῶν
940 4242 1124 4296 ἵππων
1146 4243 1211 4297 ἐκ
1237 4243 1340 4313 τῆς
1361 4244 1692 4315 παραταγῆς
1713 4243 1994 4300 ἀδυνάτων

400 4328 598 4388 ὅντων.
621 4333 1131 4406 Λιμαγχονηθέντες
1169 4334 1246 4401 δὲ,
1279 4334 1378 4389 καὶ
1411 4334 1507 4390 τοῦ
1541 4336 1727 4407 δίψους
1750 4340 1994 4392 καέντων

403 4421 704 4498 [καέντες],
735 4426 916 4496 ὀλίγον
941 4427 1312 4499 ἀπερχόμενοι
1348 4426 1579 4482 ἔπιπτον
1629 4429 1724 4484 καὶ
1754 4429 1995 4501 ἀπέθνη-

405 4532 559 4570 σκον.
592 4517 801 4582 Πάντες
835 4518 945 4589 γὰρ
977 4517 1043 4571 τὰ
1083 4519 1307 4592 ἅρματα
1330 4518 1428 4575 καὶ
1468 4519 1537 4574 τὰ
1568 4518 1798 4588 λωρίκια
1841 4519 1986 4592 Eppi-

400 4606 515 4678 ψαν
539 4609 621 4673 εἰς
652 4609 753 4681 τὴν
778 4609 896 4663 ὀδόν
915 4625 929 4640 ⁶
965 4610 1119 4665 ἄλλοι
1148 4611 1208 4664 δὲ
1231 4610 1707 4681 καταφθανόμενοι
1737 4609 1990 4681 εἰσῆλθον

404 4701 492 4762 εἰς
537 4698 753 4771 κάστρα
786 4688 945 4755 τινά·
984 4699 1211 4774 ὕστερον
1264 4702 1322 4756 δὲ
1367 4701 1846 4773 παρακαθίσαντος
1895 4700 1991 4755 τοῦ

403 4791 741 4863 Βουλγάρου,
778 4795 871 4847 καὶ
900 4794 1308 4865 παραλαϐόντος
1334 4795 1544 4858 πάντας
1574 4791 1833 4867 [κάστρα,
1858 4794 1993 4848 πάν-

404 4902 501 4952 τες
535 4886 1082 4961 ᾑχμαλωτίσθησαν].
1120 4888 1322 4945 Λοιπὸν
1377 4884 1470 4944 οὖν
1494 4888 1544 4941 οἰ
1588 4887 1840 4959 πολέμιοι
1866 4886 1995 4940 ὀπιέ

2094 3248 2204 3288 non
2242 3233 2481 3305 fugisse,
2536 3234 2633 3290 sed
2678 3242 2983 3290 retrorsum
3032 3249 3353 3290 accessuros
3400 3243 3453 3289 et
3482 3233 3676 3287 hostes

2096 3325 2382 3397 fugaturos
2423 3344 2438 3382 :
2487 3341 2662 3396 quare
2712 3341 2824 3383 non
2882 3324 3174 3382 confestim
3224 3326 3410 3381 hostes
3442 3325 3673 3382 insecuti

2093 3427 2243 3476 sunt.
2304 3416 2519 3473 Modico
2573 3425 2697 3488 post
2752 3433 2885 3473 vero
2915 3417 3311 3487 suspicientes,
3361 3416 3545 3472 vident
3575 3432 3687 3475 eos’

2093 3510 2315 3582 praepeti
2349 3524 2513 3566 cursu
2545 3508 2820 3582 fugientes
2847 3524 2907 3566 se
2934 3509 3266 3566 subduxisse
3294 3525 3309 3563 :
3351 3524 3521 3580 quare
3572 3524 3672 3564 so-

2093 3602 2222 3659 lutis
2257 3618 2525 3675 equorum
2565 3601 2797 3669 habenis
2832 3609 2981 3657 retro
3035 3601 3404 3657 sectabantur.
3435 3600 3675 3657 Romani

2094 3696 2369 3767 fugientes
2394 3695 2630 3752 invicem
2659 3710 2722 3752 se
2749 3694 3124 3767 proterebant,
3152 3694 3228 3749 ita
3257 3703 3316 3748 ut
3342 3694 3432 3764 qui
3467 3708 3672 3764 prace-

2094 3789 2258 3845 debat
2281 3790 2514 3860 fugiens,
2547 3798 2695 3844 retro
2718 3789 3091 3858 positum‘non
3123 3786 3426 3842 attenderet
3446 3804 3460 3840 :
3482 3785 3673 3841 audito

2094 3883 2297 3954 quippe
2324 3881 2524 3952 pedum
2552 3895 2816 3951 equorum
2850 3879 3013 3951 pulsu
3035 3919 3051 3945 ,
3092 3882 3280 3934 hostes
3312 3893 3432 3935 sese
3462 3877 3673 3948 insequi

2093 3974 2342 4042 dicebat,
2385 3979 2441 4028 et
2478 3971 2652 4027 donec
2694 3970 2955 4028 decidens
2987 3970 3041 4026 in
3076 3979 3277 4026 terram
3302 3984 3478 4041 equus
3502 3984 3677 4024 more-

2095 4073 2269 4128 retur,
2311 4077 2344 4118 a
2394 4060 2536 4131 fugae
2583 4074 2757 4116 cursu
2814 4059 2903 4113 vix
2958 4057 3102 4113 ullus
3148 4056 3252 4113 sibi
3306 4054 3672 4126 temperabat.

2094 4153 2307 4213 Exinde
2351 4152 2535 4223 plures
2580 4150 2811 4222 pedibus
2863 4148 3095 4205 salutem
3142 4145 3479 4218 quaerebant,
3515 4145 3675 4216 equis

2094 4252 2358 4311 nimirum
2387 4264 2455 4303 ex
2493 4246 2652 4318 longa
2682 4244 2922 4301 statione
2950 4244 3007 4298 in
3038 4243 3157 4298 acie
3186 4242 3397 4297 viribus
3425 4237 3671 4296 defectis.

2096 4343 2263 4401 Fame
2286 4350 2471 4401 autem
2511 4347 2567 4397 et—
2606 4339 2699 4394 siti
2741 4335 3055 4406 consumpti
3100 4336 3285 4406 plures
3328 4348 3455 4390 cum
3493 4333 3675 4388 modi-

2098 4449 2225 4490 cum
2267 4429 2690 4504 processissent,
2746 4427 2800 4482 in
2838 4436 3039 4481 terram
3083 4425 3219 4494 lapsi
3260 4425 3497 4479 animam
3523 4422 3676 4479 efﬂa-

2101 4523 2256 4579 bant.
2287 4518 2481 4574 Nullus
2502 4515 2607 4571 fuit
2631 4516 2724 4587 qui
2749 4530 2903 4571 arma
2932 4514 3246 4586 loricasque
3276 4528 3373 4585 per
3392 4514 3535 4569 viam
3562 4529 3683 4569 non~

2098 4614 2417 4688 projiceret.
2458 4608 2565 4665 Alii
2596 4607 2795 4679 oppida
2824 4608 3070 4676 quaedam
3101 4613 3456 4676 occupantes,
3484 4620 3514 4660 a
3546 4603 3676 4659 Bul-

2098 4705 2249 4778 garis
2282 4700 2630 4775 postmodum
2680 4697 2894 4754 obsessi
2938 4695 3213 4766 captique,
3251 4694 3306 4749 in
3352 4693 3673 4750 servitutem

2099 4795 2323 4854 abducti
2352 4801 2502 4852 sunt.
2545 4790 2742 4847 Hostes
2775 4804 2939 4861 porro
2974 4797 3119 4844 retro
3160 4786 3485 4859 fugientium
3521 4801 3673 4842 arma

2100 4906 2210 4947 non
2243 4885 2464 4958 impigri
2487 4883 2792 4955 collegere:
2839 4881 3015 4937 nostri
3039 4894 3167 4936 vero
3196 4879 3370 4936 donec
3389 4878 3455 4936 ad
3485 4878 3673 4935 urbem

1569 4996 1824 5053 FRANC.
1857 4995 2252 5063 COMBEFISII
2282 4996 2518 5057 NOTAE.

482 5084 560 5209 Si)
591 5083 972 5156 Deincepsque,
1009 5086 1243 5141 videntes
1273 5086 1394 5149 '(sie
1425 5101 1624 5155 nempe
1670 5086 1987 5142 inclinatam

482 5156 630 5209 iacis
660 5156 855 5209 aciem.
885 5174 947 5209 ac
985 5153 1344 5209 Orientalium
1378 5156 1558 5209 focam
1578 5156 1596 5209 l
1620 5156 1855 5209 cohortes
1878 5173 1987 5209 om-

409 5153 630 5239 Apla‘ris
660 5153 947 5238 aciem,'ac
985 5153 1344 5239 Orientalium
1378 5153 1855 5239 fingatur—imitari“
1878 5173 1992 5210 om-

407 5241 502 5281 nes
534 5225 1108 5296 fugamgarripuerunt.
1142 5226 1218 5281 De
1253 5228 1354 5281 hac
1379 5225 1740 5281 Orientalium
1766 5240 1990 5281 eorum-

408 5312 518 5367 que
537 5295 703 5351 ducis
721 5295 921 5367 bemus
945 5297 1166 5351 Armeni
1191 5297 1497 5352 defectione
1513 5311 1627 5351 non
1647 5310 1840 5367 omnes
1859 5311 1992 5351 cono

410 5365 679 5422 seiitiunt.
732 5365 869 5421 Cum
930 5377 1151 5423 auctore
1202 5367 1331 5421 facit
1394 5368 1637 5435 lguatius
1720 5365 1991 5423 Diaconos

411 5452 478 5491 ex
510 5449 622 5507 quo
648 5436 788 5507 forte
822 5436 1094 5507 acceperit
1133 5438 1268 5507 ipse,
1295 5444 1357 5490 ut
1390 5447 1443 5490 et
1476 5436 1635 5492 Cedr.
1662 5435 1808 5506 Πρὸς
1859 5438 1990 5501 τοὺς

410 5506 773 5578 επὶᾳθρᾴκην
804 5505 1037 5578 θύννους
1070 5505 1169 5576 τιξί
1192 5507 1406 5577 βασιλεῖ
1461 5505 1893 5577 συγκεκρότητο,
1930 5508 1990 5578 ἐν

411 5569 458 5643 ᾧ
481 5575 583 5645 τῆς
595 5569 779 5649 ﬁeri};
803 5576 954 5649 Λέων
981 5569 1376 5649 πρωὲεργάτης
1396 5569 1710 5649 γενόμενος,
1731 5569 1894 5649 παντί
1908 5576 1989 5647 τῷ

414 5644 767 5718 στρατοπέδῳ
818 5647 916 5717 τὴν
949 5644 1067 5716 μετ’
1093 5644 1419 5718 καίσχύνὴς
1450 5644 1629 5718 φυγὴν
1682 5644 1987 5718 ὲμαιεύσα·

411 5713 499 5770 τοί
530 5713 748 5769 Βειιαηί
772 5713 1021 5771 adversus
1076 5713 1299 5772 fluuios
1342 5713 1629 5771 Thracium
1678 5713 1986 5784 infestantes

412 5794 707 5846 intueretur
755 5796 1075 5854 susceperat,
1104 5789 1155 5842 in
1188 5804 1289 5852 quo
1322 5786 1426 5845 Leo
1448 5791 1645 5844 mimus
1679 5787 1850 5841 cladis
1881 5802 1983 5840 au-

2096 5102 2213 5149 ctor
2238 5091 2478 5175 eﬂ‘ectus,
2508 5087 2565 5140 iu
2605 5101 2770 5139 causa
2799 5083 2905 5155 fuit
2938 5095 2995 5141 ut
3025 5095 3076 5141 et
3114 5082 3303 5154 reliqui
3353 5092 3556 5155 turpem
3582 5083 3672 5154 fu-

2098 5180 2221 5235 gam
2253 5166 2467 5215 inirent.

2120 5303 2128 5305 Α
2176 5233 2253 5303 (5)
2280 5227 2596 5305 Cogitabam
2613 5228 2845 5305 (scilicet
2858 5223 3100 5305 Bulgari)
3126 5241 3229 5280 non
3254 5240 3348 5305 eos
3371 5222 3675 5305 arripuisse

2102 5294 2305 5375 fugant,
2335 5294 2591 5375 sedente
2622 5294 3118 5375 consilioﬂrstuﬁsse.
3169 5294 3410 5375 pedem!“
3429 5308 3492 5347 ac

2104 5360 2224 5431 'diiis
2276 5360 2516 5427 hostibus
2562 5380 2789 5424 struere.
2843 5360 3294 5421 Familiaris'vox
3349 5360 3672 5432 Theophani

2081 5430 2162 5507 ,eo
2195 5456 2355 5511 sensu
2408 5438 2491 5507 τὸ,
2521 5438 2868 5511 τροποῦσθαι.
2908 5434 3048 5511 lpse_
3073 5432 3385 5511 elegantius
3423 5430 3670 5511 Theoph.

2096 5510 2360 5583 λοχισμοῦ
2376 5502 2522 5572 τινος
2538 5502 2760 5583 τρόπον,
2783 5508 2860 5560 ait
2873 5519 2986 5559 rem
3008 5502 3271 5583 Cluuium
3299 5502 3669 5583 existimasse,

2094 5572 2418 5639 insidiarum
2456 5572 2754 5649 quamdam
2786 5573 3132 5649 struggle,
3161 5572 3509 5649 ἀπέκρυψαν,
3544 5587 3669 5627 era-

2095 5654 2229 5707 sisse
2273 5643 2479 5712 vident,
2514 5664 2568 5703 se
2597 5645 2929 5703 subduxisse.
2953 5643 3183 5714 Ἔλεγεν
3210 5643 3529 5712 deuncem
3563 5656 3674 5699 sese

2096 5723 2299 5794 insequi
2324 5722 2550 5774 dicebat.
