4100 6458
385 409 537 478 1017

1585 416 1764 476 νΙΤᾹ
1800 413 1998 474 LEON
2007 413 2078 473 IS
2118 414 2442 479 ARMENI.

3515 425 3654 491 1018

381 529 595 591 τέλειος
625 523 724 591 μὲν
773 525 873 595 τὴν
926 523 1164 596 ἡλιὲἱαν,
1201 521 1334 581 αὐτὸ
1362 527 1424 580 τδ
1470 528 1632 588 ἄνθος
1677 528 1827 594 ἄγων
1876 526 1968 596 τῆς

2081 531 2432 599 conspicuus,
2461 532 2612 588 vultu
2641 535 2894 600 rotundo,
2935 526 3116 590 Colore
3151 539 3484 592 frumentum
3519 541 3656 596 reie-

382 622 664 691 νεότητος,
713 619 1334 690 στρογγυλοπρόσωπος,
1395 621 1692 692 σιτόχροος,
1753 619 1976 691 μαῦραν

377 712 526 783 ἔχων
556 712 654 782 τὴν
701 711 966 781 κεφαλὴν,
1016 713 1112 765 καὶ
1160 714 1494 782 ἐπιάγουρον
1530 713 1630 783 (8),
1659 714 1754 767 καὶ
1781 713 1842 767 τὸ
1880 712 1972 780 γέ-

378 823 529 858 νειον
557 804 852 869 εὐπρεπῶς
881 804 1230 874 διακείμενον
1261 806 1320 859 ἐν
1349 808 1413 875 τῇ
1444 804 1566 875 ὄψει
1592 805 1782 872 αὐτοῦ,
1831 805 1976 876 μαῦ-

385 915 483 968 ρον
506 896 598 950 καὶ
635 896 768 948 αὐτό
789 914 802 926 ο
831 899 1008 964 πρᾶος
1038 897 1096 949 δὲ
1121 897 1264 950 πάνυ
1308 898 1403 950 καὶ
1431 897 1658 965 ἀγαθὸς,
1688 899 1740 951 εί
1770 899 1862 951 καί
1892 915 1977 962 τις

381 989 564 1051 ἄλλος.
606 980 780 1052 Οὗτος
819 988 1032 1057 θλίψεις
1086 987 1286 1051 πολλὰς
1331 987 1540 1056 ὑπέστη
1567 986 1658 1040 διὰ
1699 989 1798 1058 τὴν
1827 989 1978 1058 ὠμόά

378 1097 526 1149 τητα
556 1079 649 1131 τοῦ
703 1079 937 1143 ἀσεϐοῦς
968 1080 1224 1145 Λέοντος,
1260 1079 1591 1149 καθημὲραν
1620 1079 1711 1133 τὸν
1745 1079 1976 1133 θάνατον

381 1168 772 1238 ἐκδεχόμενος,
814 1169 910 1222 καὶ
941 1168 1060 1237 μετ’
1095 1168 1290 1238 ὀδύνης
1318 1167 1643 1239 καθημέραν
1675 1168 1766 1222 τὸν
1807 1168 1974 1238 ἄρτον

379 1258 556 1311 αὐτοῦ
589 1256 805 1311 ἐσθίων·
843 1258 872 1311 ὁ
905 1258 1112 1329 Κύριος
1153 1258 1367 1332 ἀϐλαϐῆ
1402 1258 1674 1329 ἐφύλαξεν
1727 1259 1974 1332 παραδό-

381 1349 496 1415 ξως
541 1349 604 1401 ἐκ
633 1347 738 1418 τῆς
763 1350 1104 1421 κακουργίας
1144 1350 1334 1404 αὐτοῦ.

459 1440 572 1494 Καὶ
594 1440 784 1494 λοιπὸν
824 1438 989 1511 ἦλθον
1032 1442 1084 1495 ot
1134 1441 1442 1514 Βούλγαροι
1497 1442 1728 1514 μηδενὸς
1787 1442 1972 1506 αὐτοῖς

380 1530 737 1594 ὑπαντῶντος
788 1531 820 1602 ἦ
871 1532 1175 1596 κωλύοντος
1229 1534 1336 1598 ’ἐως
1421 1536 1520 1606 τῆς
1563 1535 1773 1605 πόρτης
1802 1576 1817 1602 ,
1875 1535 1973 1588 καὶ

381 1626 622 1695 ποιήσας
668 1626 697 1677 ὁ
755 1623 1012 1695 Κροῦμος
1061 1625 1276 1691 Θυσίαν,
1337 1628 1479 1681 κατὰ
1523 1629 1584 1680 τὸ
1631 1628 1751 1692 ἔθος
1780 1629 1969 1693 αὐτοῦ,

378 1716 588 1781 ἔξωθεν
633 1716 734 1786 τῆς
765 1718 988 1789 Χρυσῆς
1022 1718 1234 1790 πόρτης
1285 1717 1478 1775 ἔθυσεν
1520 1719 1843 1789 ἀνθρώπους
1875 1720 1971 1774 καὶ

379 1810 562 1878 κτήνη
599 1808 792 1874 πολλὰ,
839 1810 933 1862 καὶ
982 1810 1061 1873 είς
1099 1809 1196 1862 τὸν
1230 1810 1477 1878 αῑγιαλδν
1530 1811 1632 1880 τῆς
1690 1810 1969 1880 θαλάσσης

382 1896 582 1972 βρέξας
611 1902 738 1964 τοὺς
783 1903 952 1967 πόδας
985 1903 1176 1968 αὐτοῦ,
1214 1903 1308 1957 καὶ
1336 1903 1839 1974 περικλυσάμενος,
1874 1905 1968 1957 καὶ

383 1995 652 2066 ῥαντίσας
681 1993 774 2047 τὸν
808 1994 939 2048 λαὸν
992 1993 1185 2060 αὐτοῦ,
1209 1994 1305 2048 καὶ
1332 1994 1698 2064 εὐφημισθεὶς
1731 1994 1824 2049 ὑπ’
1870 1994 1969 2047 αὐ-

377 2087 513 2151 τῶν,
545 2088 762 2156 διῆλθεν
801 2086 969 2156 μέσον
995 2086 1104 2140 τῶν
1139 2085 1486 2139 παλλακίδων
1536 2085 1728 2148 αὑτοῖν,
1789 2097 1965 2156 προσ-

380 2179 643 2250 κυνηθεὶς
697 2179 790 2233 ὑπ’
834 2177 1053 2244 αὐτῶν,
1113 2178 1210 2232 καὶ
1265 2176 1568 2244 δοξασθεὶς,
1625 2177 1722 2230 καὶ
1793 2177 1974 2230 ταῦτα-

381 2271 732 2343 θεωρούντων
786 2272 850 2324 ἐκ
891 2269 1003 2324 τῶν
1051 2268 1248 2340 τειχῶν
1298 2269 1540 2333 πάντων,
1595 2271 1689 2322 καὶ
1741 2268 1969 2340 μηδενὸς

385 2364 691 2435 τολμῶντος
741 2362 984 2417 κωλῦσαι
1037 2361 1238 2428 αὑτὸν,
1284 2362 1317 2432 ἤ
1357 2360 1628 2415 ἀπολῦσαι
1661 2361 1815 2431 βέλος
1844 2361 1966 2415 κατ’

380 2457 573 2512 αὐτοῦ.
609 2456 720 2510 Καὶ
766 2455 1002 2527 ποιήσας
1036 2454 1219 2508 πάντα
1242 2453 1311 2506 τὰ
1344 2453 1742 2525 ἐπιθυμήματα
1775 2454 1966 2519 αὐτοῦ,

379 2547 482 2602 καὶ
515 2546 659 2617 ἅπερ
709 2544 986 2610 ἐϐούλετο,
1040 2543 1486 2614 περιεκὺκλωσεν
1517 2544 1616 2615 τὴν
1646 2545 1801 2599 πόλιν
1823 2585 1836 2608 ,
1872 2545 1968 2598 καὶ

373 2639 574 2693 ἔϐαλεν
605 2639 826 2712 χάρακα
859 2639 917 2691 ἐν
946 2637 1108 2707 αὐτῇ,
1141 2636 1236 2690 καὶ
1261 2637 1498 2706 ποιήσας
1543 2637 1758 2706 ἡμέρας
1791 2635 1964 2702 τινὰς,

376 2733 480 2787 καὶ
543 2730 877 2803 πραιδεύσας
929 2730 1000 2783 τὰ
1062 2729 1266 2796 ἔξωθεν
1317 2727 1419 2799 τῆς
1487 2728 1716 2792 πόλεως,
1765 2727 1968 2798 ἤρξατο

375 2825 569 2895 ζητεῖν
599 2823 783 2877 πάκτα
803 2822 1028 2893 χρυσίου
1052 2822 1147 2876 καὶ
1171 2822 1187 2875 ι
1197 2819 1489 2891 ματισμῶν
1517 2820 1685 2873 πολὺν
1705 2820 1962 2891 ἀριθμὸν,

377 2921 474 2978 καὶ
505 2917 738 2990 κοράσια
778 2916 1041 2969 ἐπίλεκτα
1081 2915 1361 2984 ποσότητα
1389 2930 1532 2967 τινα.
1576 2913 1686 2966 Kal
1711 2913 1774 2985 δὴ
1810 2916 1969 2985 ποιήὲ

376 3015 480 3076 σας
531 3012 560 3064 ὁ
609 3011 765 3065 Λέων
798 3009 996 3080 βουλὴν
1048 3007 1186 3078 μετὰ
1217 3006 1327 3060 τῶν
1355 3005 1658 3078 ἀρχόντων,
1696 3007 1966 3078 ἐδήλωσεν

373 3105 471 3160 τὸν
505 3102 786 3176 Κροῦμον,
811 3103 896 3156 ὅτι
936 3100 1092 3154 Ἐλθέ
1121 3101 1227 3164 ἕως
1257 3101 1352 3154 τοῦ
1393 3099 1643 3170 αἰγιαλοῦ
1687 3099 1825 3170 μετὰ
1853 3098 1964 3150 ὀλί-

2085 630 2257 687 rente,
2297 623 2455 692 nigro
2487 627 2662 695 capite
2691 635 2744 679 et
2773 625 2920 679 virili
2951 625 3118 680 barba
3149 626 3406 681 decenter
3434 643 3658 698 compo-

2082 713 2210 778 sita,
2241 730 2416 784 eaque
2462 717 2528 771 ad
2582 717 2764 773 vultus
2825 717 3061 787 speciem
3117 717 3294 789 nigra.
3343 719 3657 776 Mansuetus

2082 821 2244 874 porro
2277 817 2330 861 et
2369 807 2614 864 urbanus
2639 849 2653 873 ,
2704 809 2752 864 si
2790 810 2914 879 quis
2942 809 3082 866 alius
3111 809 3341 865 exstitit.
3375 811 3474 866 Hic
3510 813 3644 867 cala-

2079 897 2300 952 mitates
2344 899 2547 954 multas
2597 900 2748 970 impii
2803 899 3004 956 Leonis
3043 902 3370 957 crudelitate
3423 904 3526 959 sibi
3569 906 3656 958 in-

2078 990 2272 1056 ﬂictas,
2296 992 2458 1045 etiam
2489 1001 2664 1048 morte
2697 994 3007 1062 propediem
3037 1005 3370 1064 exspectata,
3401 997 3652 1063 sustulit;

2077 1078 2572 1147 quotidi-anumque
2604 1094 2798 1148 panem
2833 1095 2956 1134 cum
3000 1083 3166 1135 animi
3199 1099 3433 1139 interere
3467 1100 3654 1139 come-

2075 1166 2248 1231 dens,
2305 1177 2537 1223 mortem
2604 1171 3037 1238 praestolabatur.
3080 1174 3122 1226 Λ
3189 1175 3420 1231 Domino
3477 1178 3651 1230 nubilo

2075 1259 2261 1313 secius
2286 1267 2484 1327 praeter
2509 1260 2822 1328 opinionem
2865 1263 3174 1318 custoditus
3204 1274 3309 1330 est,
3340 1280 3405 1319 ne
3451 1265 3652 1321 Leonis

2074 1350 2316 1419 nequitia
2353 1351 2657 1407 laederetur.

2144 1439 2428 1496 Venerunt
2457 1442 2641 1512 itaque
2671 1442 2914 1513 Bulgari,
2949 1447 3102 1501 nullo
3143 1447 3277 1516 ipsis
3300 1460 3648 1515 oecurrente,

2071 1533 2156 1587 vel
2187 1533 2393 1588 aditum
2432 1535 2758 1604 prohibente
2811 1553 2988 1608 usque
3035 1539 3102 1594 ad
3147 1539 3384 1594 civitatis
3414 1551 3653 1610 portam,

2071 1633 2126 1679 et
2161 1623 2400 1680 Crumus
2450 1640 2603 1681 sacra
2659 1642 2758 1697 pro
2799 1643 2954 1683 more
3015 1628 3224 1686 faciens
3271 1633 3336 1686 ad
3395 1633 3644 1704 Chrysen

2070 1725 2286 1788 portam
2319 1719 2572 1774 homines
2605 1728 2661 1774 et
2682 1721 2942 1776 animalia
2983 1723 3216 1790 plurima
3249 1725 3508 1778 mactavit
3551 1746 3564 1780 :
3599 1735 3656 1780 et

2073 1809 2138 1862 ad
2172 1809 2343 1864 maris
2368 1811 2522 1864 littus
2551 1811 2737 1867 tinctis
2767 1826 2906 1881 aqua
2933 1813 3162 1882 pedibus
3193 1815 3335 1869 lotus
3362 1825 3445 1870 est
3480 1825 3652 1882 totus,

2073 1900 2379 1970 populoque
2431 1914 2574 1970 aqua
2624 1917 2897 1972 resperso,
2941 1903 3136 1959 faustis
3161 1906 3652 1964 acclamationibus

2070 1991 2139 2045 ab
2176 1993 2582 2047 eoenmulatus
2611 2007 2626 2044 :
2662 1994 2956 2063 mediaque
2991 1994 3250 2062 pellicum
3279 1997 3496 2066 agmine
3522 2011 3650 2065 per-

2071 2082 2323 2148 transito,
2359 2084 2428 2139 ab
2460 2083 2542 2139 eis
2574 2083 2793 2138 laudem
2844 2095 2900 2138 et
2944 2086 3209 2161 honorem
3242 2086 3478 2155 excepit,
3521 2101 3649 2156 spe-

2070 2176 2348 2231 ctantibus
2394 2192 2461 2233 ex
2510 2177 2687 2233 muris
2715 2177 2928 2234 civibbs
2969 2180 3203 2243 cunctis,
3238 2174 3493 2248 nhlloque
3519 2195 3650 2250 pro-

2071 2266 2277 2331 hibere,
2311 2267 2394 2321 vel
2444 2268 2608 2322 telum
2666 2267 2720 2322 in
2769 2283 2896 2322 eum
2939 2270 3152 2325 mittere
3205 2285 3362 2326 auso.
3418 2270 3513 2326 liis
3551 2287 3650 2338 pro

2069 2359 2226 2414 libito
2261 2360 2532 2428 peractis,
2569 2367 2624 2414 et
2675 2375 2796 2428 qua:
2846 2360 3166 2416 decreverat
3215 2362 3405 2431 gestis,
3457 2363 3648 2418 urbem

2069 2452 2356 2508 obsidione
2405 2452 2597 2516 cinxit,
2645 2463 2698 2507 et
2757 2453 3126 2521 undequaque
3177 2454 3646 2518 circumvallavit,

2069 2545 2292 2614 diesque
2325 2545 2596 2614 plurimos
2625 2553 2889 2610 moratus,
2920 2545 3084 2616 5,32
3113 2554 3168 2600 et
3207 2545 3361 2600 urbis
3412 2546 3531 2600 loca
3566 2547 3651 2599 vi-

2069 2637 2191 2692 cina
2231 2637 2603 2707 deprtedatus,
2635 2637 2756 2692 auri
2786 2653 3016 2707 pensum
3050 2653 3318 2699 annuum,
3355 2638 3650 2694 vestimen-

2071 2738 2359 2799 torumque
2390 2745 2678 2785 numerum
2715 2740 2821 2786 non
2853 2729 3340 2796 contemnendum,
3371 2739 3424 2785 et
3451 2730 3651 2785 electa-

2068 2838 2190 2877 rum
2217 2823 2489 2894 virginum
2513 2839 2731 2892 gregem
2757 2831 2865 2879 non
2897 2823 3172 2878 modicum
3196 2823 3440 2892 expetiit.
3469 2821 3651 2888 Quare

2069 2917 2299 2972 consilio
2327 2932 2452 2973 cum
2480 2917 2808 2987 proceribus
2834 2916 3044 2981 habito,
3077 2916 3284 2972 Crumo
3321 2917 3652 2987 signiﬁcavit

2069 3009 2182 3065 Leo
2230 3027 2246 3064 :
2279 3011 2415 3064 Cum
2453 3010 2640 3080 paucis
2670 3010 3002 3081 quibusdam
3031 3024 3182 3064 arma
3211 3024 3319 3064 non
3349 3009 3650 3065 ferentibus

2069 3103 2136 3158 ad
2181 3101 2351 3157 maris
2401 3116 2578 3173 usque
2627 3102 2780 3158 littus
2841 3103 3074 3170 procede
3125 3117 3139 3154 :
3191 3117 3401 3172 nosque
3445 3105 3652 3172 pariter

375 3211 493 3267 γων
521 3195 685 3251 τινῶν
721 3195 796 3266 μὴ
825 3193 1244 3264 ἐπιφερομένων
1273 3191 1436 3258 ὅπλα,
1485 3192 1580 3246 καὶ
1614 3193 1778 3262 ἡμεῖς
1807 3190 1963 3262 ἐξερ-

2071 3192 2318 3246 navicula
2368 3190 2487 3247 sine
2521 3190 2691 3246 armis
2749 3189 2886 3245 mari
2942 3190 3311 3260 prodibimus,
3355 3191 3652 3259 habitoque

374 3289 588 3366 χόμεθα
615 3287 705 3342 διὰ
746 3288 845 3358 τῆς
881 3287 1157 3355 θαλάσσης
1222 3285 1416 3340 ἄοπλοι
1471 3284 1614 3355 μετὰ
1667 3285 1966 3354 χελανδίου,

376 3381 476 3436 καὶ
507 3379 898 3451 συλλαλοῦμενο
929 3381 1026 3434 καὶ⁹
1059 3379 1206 3450 ἅπερ
1258 3380 1448 3451 ᾐτήσω
1481 3379 1660 3434 πάντα
1683 3378 1967 3450 ποιοῦμεν.

375 3473 492 3525 Καὶ
523 3470 704 3526 ταῦτα
729 3469 1092 3540 δηλώσαντες,
1135 3471 1223 3524 διὰ
1245 3472 1344 3542 τῆς
1375 3470 1572 3534 νυκτὸς
1599 3469 1970 3538 ἐξαγαγόντες

373 3557 530 3627 τινὰς
601 3561 1043 3633 ἐνωπλισμένους
1107 3562 1214 3625 ἕως
1287 3562 1570 3633 ὀνομάτων
1620 3562 1817 3632 τριῶν,
1875 3563 1968 3615 καὶ

375 3655 734 3726 κατέκρυψαν
761 3655 960 3717 αὐτοὺς
1005 3656 1066 3706 ἐν
1115 3653 1413 3723 δωματίοις
1447 3653 1592 3706 τισὶν
1623 3651 1731 3706 τῶν
1760 3651 1968 3720 Γάλλης

374 3746 580 3812 ἔξωθεν
605 3746 708 3814 τῆς
745 3747 954 3818 πόρτης
983 3745 1092 3799 τῶν
1125 3745 1298 3816 Βλαχε
1311 3746 1471 3816 ρνῶν,
1497 3742 1767 3808 ϐώσαντες
1789 3745 1969 3808 αὐτοῖς

376 3841 678 3909 σύσσημον,
700 3839 784 3892 ὅτι
826 3838 1241 3908 Διαλεγομένων
1269 3837 1427 3908 ἡμῶν
1477 3837 1615 3908 μετὰ
1641 3837 1739 3891 τοῦ
1784 3837 1967 3907 Κρού-

382 3945 513 3999 μου,
552 3929 779 3999 σημεῖόν
832 3946 886 3982 τι
942 3927 1139 3998 ἔχομεν
1179 3929 1429 3997 ποιῆσαι,
1461 3929 1606 4000 ὅπερ
1637 3928 1968 3999 θεασάμενοι

374 4024 656 4090 ἐξέλθατε,
689 4023 784 4078 καὶ
829 4023 1190 4078 ἀποκτείνατε
1231 4022 1418 4076 αὐτόν.
1455 4023 1570 4076 Καὶ
1599 4025 1665 4092 τῇ
1704 4021 1966 4092 ἐπαύριον

371 4116 546 4169 ὄντων
607 4114 720 4169 τῶν
775 4115 1103 4186 Βουλγάρων
1157 4115 1253 4168 ἐπὶ
1301 4114 1363 4169 τὸ
1423 4114 1591 4186 μέρος
1635 4115 1745 4167 τῶν
1771 4115 1966 4182 Ἀγίων

389 4207 745 4278 Ἀναργύρων
789 4206 992 4272 ἔξωθεν
1025 4207 1130 4277 τῆς
1170 4207 1402 4271 πόλεως,
1427 4205 1700 4276 κατῆλθεν
1727 4208 1755 4260 ό
1783 4204 1966 4274 K906-

378 4312 484 4369 μος
536 4302 632 4354 ἐπὶ
678 4301 780 4372 τὴν
832 4301 1108 4356 θάλασσαν
1161 4299 1305 4353 κατὰ
1351 4298 1450 4368 τὴν
1509 4298 1788 4367 συνταγὴν
1823 4297 1965 4367 μετὰ

372 4393 557 4449 ἄλλων
594 4390 763 4463 τριῶν
780 4391 871 4445 τὸν
894 4391 1186 4460 λογοθέτην
1213 4387 1406 4452 αὐτοῦ,
1433 4389 1525 4442 κειλ
1553 4388 1964 4440 Κωνσταντϊνον

373 4488 468 4540 τὸν
496 4485 792 4556 λεγόμενον
826 4484 943 4557 [τοῦ
974 4482 1266 4552 λογοθέτου
1288 4481 1391 4534 καὶ
1416 4481 1834 4534 Κωνσταντίνου
1864 4480 1959 4533 τοῦ

2069 3284 2367 3354 colloquio,
2402 3297 2523 3352 qme
2550 3282 2848 3352 expetiisti,
2881 3291 3080 3337 cuncta
3117 3283 3525 3352 praestabimus.
3555 3281 3650 3338 llis

2070 3377 2145 3432 ita
2177 3375 2520 3446 signiﬁcatis,
2554 3374 2834 3430 nonnullis
2860 3376 2925 3428 ad
2953 3375 3115 3428 trium
3144 3390 3438 3428 numerum
3471 3389 3652 3430 arma-

2071 3469 2143 3524 tis
2180 3478 2455 3538 nocluque
2483 3466 2718 3532 eductis,
2758 3468 2825 3520 ad
2876 3465 3209 3522 B-lacbernas
3247 3467 3302 3520 in
3349 3467 3654 3522 domuncu-

2068 3559 2136 3614 lis
2184 3557 2351 3614 Gallae
2404 3557 2821 3614 occultaverunt
2877 3572 2967 3620 se,
3005 3557 3336 3626 signumque
3398 3557 3646 3612 dedere:
3707 3589 3710 3594 -

2065 3652 2239 3710 Nobis
2284 3668 2408 3709 cum
2441 3653 2647 3708 Crumo
2678 3649 3116 3721 colloquentibus
3159 3649 3375 3718 signum
3425 3649 3648 3719 aliquod

2067 3746 2314 3810 edemus,
2340 3745 2486 3814 quod
2534 3742 2836 3812 conspicati
2875 3740 3021 3796 foras
3071 3741 3363 3808 erumpite,
3416 3751 3470 3795 et
3520 3755 3648 3795 eum

2071 3834 2378 3890 interficite.
2396 3835 2621 3890 Postero
2641 3835 2728 3888 die
2752 3832 3002 3903 Bulgaria
3025 3832 3093 3888 ad
3122 3840 3438 3888 sanctorum
3471 3832 3650 3886 Anar-

2067 3943 2321 3998 gyrornm
2360 3926 2532 3982 aedem
2563 3925 2838 3983 stantibus
2866 3933 3019 3980 extra
3050 3924 3290 3982 civitatis
3319 3933 3552 3996 portam,
3582 3941 3651 3982 ex

2068 4019 2327 4075 condicto
2361 4019 2601 4074 Crumus
2647 4033 2840 4074 versus
2882 4033 3032 4074 mare
3075 4018 3357 4088 proiectus
3409 4028 3493 4074 est
3525 4033 3648 4074 cum

2071 4111 2244 4168 tribus
2273 4109 2434 4175 aliis;
2463 4109 2740 4179 logotbeta
2763 4109 3016 4165 videlicet
3035 4107 3176 4178 ejus,
3202 4118 3256 4164 et
3280 4108 3648 4165 Constantino

2068 4203 2291 4268 Palzici,
2317 4203 2414 4274 qui
2453 4211 2580 4258 ante
2607 4203 2794 4271 plures
2825 4217 3003 4258 annos
3030 4202 3083 4256 in
3119 4201 3430 4270 Bulgariam
3486 4199 3647 4270 fuge-

2067 4304 2174 4359 rat,
2213 4295 2348 4359 ﬁlio,
2381 4294 2547 4349 alium
2587 4293 2756 4348 ﬁlium
2791 4301 3115 4363 praesentem
3149 4307 3216 4348 ex
3241 4292 3428 4347 Crumi
3458 4307 3650 4348 sorore

2068 4389 2322 4444 habente.
2361 4385 2612 4452 Quatuor
2653 4385 2744 4440 isti
2771 4385 2979 4454 reliquo
3013 4383 3254 4438 exercitu
3304 4381 3647 4438 discedentes

2066 4492 2120 4536 et
2155 4482 2391 4536 inermes
2437 4494 2559 4534 cum
2614 4478 2740 4533 aliis
2794 4477 2968 4532 tribus
3009 4476 3168 4546 juxta
3218 4473 3530 4531 condictum
3580 4474 3650 4529 ad

372 4544 699 4650 λεγομένου]
731 4544 847 4631 τοῦ.
867 4544 1144 4642 Πατζιίιοῦ
1183 4574 1452 4645 φυγόντος
1501 4574 1583 4636 εἰς
1617 4571 1958 4642 Βουλγαρίαν

2071 4589 2218 4627 mare
2248 4574 2609 4635 devenerunt,
2636 4569 2862 4624 insidias
2891 4544 3251 4636 sibi—paratas
3301 4566 3646 4636 ignorantes.

375 4670 488 4739 πρὸ
521 4668 735 4723 πολλῶν
765 4666 925 4733 ἐτῶν,
962 4665 1155 4737 ἔχοντα
1183 4661 1447 4736 [ἔχοντος]
1477 4661 1572 4716 καὶ
1589 4661 1680 4716 τὸν
1715 4663 1829 4715 υἱὸν
1863 4662 1963 4714 αὐι

2064 4664 2285 4736 Egressi
2315 4670 2443 4717 sunt
2472 4663 2680 4731 pariter
2712 4675 2780 4716 ex
2816 4659 2955 4715 urbe
2984 4659 3150 4714 lintre
3181 4658 3348 4722 vecti,
3380 4657 3476 4728 qui
3518 4672 3647 4713 cum

370 4763 471 4818 τοῦ
516 4762 648 4816 ὄντα
681 4762 739 4828 ἐξ
769 4759 1007 4831 ἀδελφῆς
1039 4757 1134 4812 τοῦ
1167 4757 1452 4828 Κρούμου.
1488 4747 1650 4810 Οὗτοι
1691 4755 1961 4826 τέσσαρες

2071 4759 2269 4814 Crumo
2305 4755 2638 4823 colloquium
2665 4752 2902 4807 habituri
2929 4760 3089 4806 erant
3128 4767 3144 4804 :
3179 4758 3236 4804 et
3262 4759 3482 4820 accepta
3522 4749 3649 4818 ﬁde,

373 4853 690 4920 ἐξελθόντες
716 4850 811 4905 τοῦ
837 4851 968 4905 λαοῦ
1003 4849 1180 4903 αὐτῶν
1205 4848 1397 4903 ἄοπλοι
1431 4843 1700 4916 κατῆλθον
1725 4845 1832 4910 ἕως
1860 4845 1962 4916 τῆς

2071 4867 2098 4907 e
2128 4850 2250 4906 navi
2275 4848 2613 4920 prodierunt.
2645 4844 2886 4900 Crumus
2921 4859 3065 4914 equo
3094 4843 3436 4900 descendens
3458 4841 3511 4897 in
3534 4851 3650 4898 ter-

372 4943 657 5013 θαλάσσης
689 4942 835 4996 κατὰ
885 4940 983 5013 τὴν
1040 4939 1316 5012 συνταγὴν
1377 4938 1515 5010 μετὰ
1546 4938 1722 4993 ἄλλων
1762 4937 1954 5010 τριῶν,

2071 4959 2178 4998 ram
2207 4941 2420 4997 desedit
2452 4957 2466 4995 :
2501 4937 2624 5008 eius
2682 4951 2825 5007 equo
2862 4937 2996 4993 sella
3043 4935 3323 5005 frenisque
3375 4935 3650 4990 instructo

375 5037 456 5109 μὴ
490 5035 857 5104 γινώσκοντες
885 5035 944 5088 δέ
981 5035 1041 5088 τὸ
1073 5033 1287 5106 ἐνεδρον
1319 5032 1522 5087 αὐτῶν.
1549 5032 1752 5086 Λοιπὸν
1779 5031 1834 5084 δὲ
1862 5032 1958 5085 καὶ

2071 5032 2409 5092 Constantini
2470 5029 2569 5086 lilii
2621 5043 2788 5084 manu
2840 5027 3081 5084 detento.
3139 5027 3278 5097 Ipsis
3330 5025 3649 5082 adinvicem

369 5132 424 5184 οἱ
462 5131 528 5183 ἐκ
553 5132 650 5199 τῆς
681 5129 892 5192 πόλεως
922 5127 1148 5197 ἐξῆλθον
1202 5125 1344 5198 μετὰ
1379 5125 1661 5197 χελανδίου
1695 5125 1958 5197 βουλόμε-

2071 5127 2489 5189 disserentibus,
2517 5138 2626 5179 non
2669 5137 2830 5178 nemo
2882 5122 3101 5192 signum
3153 5135 3219 5176 ex
3261 5119 3397 5174 urbe
3449 5118 3645 5172 dedit;

376 5239 456 5276 νοι
515 5219 841 5291 συλλαλῆσαι
879 5220 1017 5291 μετὰ
1064 5218 1155 5274 τοῦ
1208 5218 1494 5290 Κρούμου,
1553 5217 1651 5271 καὶ
1697 5215 1958 5280 λαϐόντες

2071 5221 2172 5278 iuit
2195 5222 2244 5278 is
2278 5219 2576 5282 Exabules,
2602 5218 2699 5288 qui
2724 5231 2893 5272 manu
2920 5225 3084 5284 caput
3115 5216 3352 5285 aperuit.
3391 5211 3649 5267 Animad-

1560 5354 1816 5414 FRANC.
1853 5358 2243 5417 COMBEFISII
2283 5357 2519 5414 NOTAE.

446 5446 524 5524 (8)
577 5445 773 5502 Vocem
807 5447 1435 5524 dyoupbvhproephebo,
1466 5450 1865 5524 atque_juvene
1892 5451 1946 5505 in

2071 5454 2197 5508 nodi
2222 5453 2510 5524 juvenum,
2536 5466 2600 5524 ac
2625 5447 2718 5520 qui
2758 5447 2972 5524 pulchri
3008 5453 3232 5524 essent.“
3266 5441 3516 5524 ερειδεῖς,
3555 5429 3648 5524 .a'if

371 5512 768 5573 auia'tnerente
795 5512 1018 5587 exponit
1041 5512 1325 5574 Possinius
1364 5512 1604 5575 inAmia
1637 5512 1945 5585 Comnena,
2053 5512 2898 5579 fuissestudiosissimum.'Non
2923 5517 3063 5571 male
3092 5515 3181 5570 hic
3201 5512 3443 5587 P.Goar,
3467 5512 3644 5566 virili;

370 5589 533 5659 ("llus
571 5588 816 5662 Αξίείείαά-
835 5585 884 5662 Al;
914 5589 942 5641 7
972 5603 1036 5662 tia
1081 5591 1191 5662 γὸξ
1228 5597 1426 5662 exstat.
1457 5589 1527 5644 At
1548 5605 1734 5662 vocem
1787 5592 1947 5662 ἐπιᾴο
2058 5603 2115 5649 at
2136 5594 2342 5658 malim,
2366 5592 2558 5662 grandi
2583 5589 2913 5662 robusteque.
2936 5587 3023 5662 lbi‘
3043 5601 3146 5639 non
3167 5585 3364 5654 placet,
3387 5596 3646 5662 agrestem

383 5654 801 5734 {obpoviternm
834 5659 1052 5734 invenio
1080 5657 1132 5712 in
1151 5657 1340 5714 'Leone
1366 5659 1735 5734 Grannnalico
1765 5676 1818 5729 p.
1839 5661 1945 5715 460
2044 5664 2290 5734 juvenem
2323 5654 2579 5734 ipotins.
2636 5654 2932 5734 robustum,
2965 5656 3208 5734 _for_lcm_,
3248 5654 3499 5734 grandem
3527 5671 3542 5720 ;
3577 5655 3646 5711 de

370 5733 441 5781 de
473 5725 673 5783 Basilio
693 5728 984 5803 Macedone
1004 5730 1229 5803 dictam,
1247 5745 1384 5803 eum
1404 5733 1662 5803 robustus
1686 5725 1942 5803 procero-

2071 5750 2166 5803 mo
2209 5725 2416 5797 statim,
2493 5729 2605 5803 οἷον
2662 5729 2896 5803 ἄγουρον
2931 5725 3033 5803 νῦν
3070 5725 3470 5803 ἀπελαϐόμην;
3513 5741 3620 5796 qua

371 5813 482 5872 que
521 5813 749 5868 corpore
775 5801 993 5872 juvepis
1025 5797 1068 5852 Τ
1075 5799 1429 5872 heophilitzis
1456 5795 1740 5872 comitatui
1791 5802 1940 5856 adle-
2053 5795 2154 5860 lem
2200 5821 2338 5862 nunc
2401 5795 2719 5858 masculum
2756 5795 3033 5854 comitatui
3073 5795 3295 5868 adlegi?

369 5868 496 5924 'Ctus
530 5879 634 5934 est,
667 5867 828 5939 quem
885 5867 1282 5928 Cottstantinus
1320 5872 1372 5926 in
1403 5867 1586 5929 Basilii
1625 5870 1744 5928 Vita
1796 5872 1943 5939 eius-
