4100 6416
345 370 483 436 1021
1560 373 1737 445 VITA
1776 383 1948 446 LEO!

2052 413 2057 438 .
2078 371 2404 448 ΑΒΜΕΝῘ.
3499 387 3640 453 1οῃ

341 499 540 547 σαντες
603 481 934 541 ἀπέστειλαν
982 487 1063 551 εἰς
1102 486 1464 560 Βουλγαρίαν,
1519 491 1617 546 καὶ
1669 489 1927 560 γυναικό·

2052 506 2254 546 merum
2295 492 2628 550 immensum
2656 493 2929 560 abductis,
2975 495 3154 553 ablata
3213 511 3434 569 quoque
3452 513 3637 552 eorum

341 575 514 629 παιδα
553 575 744 632 πολλά.
774 578 886 632 Καὶ
915 578 1104 633 λοιπὸν
1131 579 1377 650 ἀπῆλθον
1401 579 1595 643 καὶείς
1621 580 1682 634 τὸ
1714 580 1934 650 Ἐξαμι-

2052 585 2402 654 supellectile,
2453 587 2509 642 in
2561 579 2870 659 Bulgariam
2901 598 3052 644 trans
3080 588 3279 645 lstrum
3312 592 3512 646 ﬂumen
3543 591 3639 644 de-

335 664 448 731 λιν,
485 667 578 722 καὶ
609 669 884 739 κατῆλθον
917 669 1021 735 ἕως
1057 669 1285 725 Ἀϐύδου
1308 687 1323 705 ο
1355 671 1450 725 καὶ
1479 671 1809 742 ἀνέκαμψαν
1842 671 1938 725 ἐπὶ

2054 684 2434 743 portaverunt.

334 759 402 812 τὸ
437 758 654 828 Εῠριον,
685 763 782 815 καὶ
820 762 920 833 τὴν
951 764 1087 828 ἀνω,
1123 766 1218 818 zeal
1250 763 1430 818 πάντα
1459 763 1530 817 τὰ
1563 765 1780 835 κάστρα
1809 763 2194 834 κατέστρεψαν
2218 765 2330 821 ἀπὸ
2358 766 2559 838 μικροῦ
2592 751 2698 832 ἕως
2765 767 3032 838 μεγάλου,
3091 769 3197 834 ἕως
3254 770 3354 840 τῆς
3423 771 3641 839 Ἀδριαο

336 850 672 916 νουπόλεως.
748 856 862 909 Kal
931 857 1188 927 εὑρόντες
1225 857 1327 928 τὴν
1410 856 1856 926 Ἀδριανούπολιν
1927 857 2320 929 κρατουμένην
2372 859 2800 931 παρεκάθισαν·
2851 861 2950 916 zeal
3027 864 3360 930 ποιήσαντες
3419 864 3638 934 ἡμέρας

337 943 571 1008 πολλὰς,
609 948 706 1001 καὶ
758 947 928 1019 μηδὲν
987 949 1307 1019 ἰσχύσαντες
1339 949 1446 1003 ἀπὸ
1478 949 1575 1002 τοῦ
1609 947 2069 1020 παρακαθισμοῦ,
2114 951 2415 1022 στήσαντες
2492 951 2814 1022 μαγγανικά
2879 954 3183 1023 ἐπολέμουν
3249 956 3313 1008 τὸ
3378 957 3636 1023 κάπρον.

345 1038 462 1092 Kal
503 1042 568 1112 δὴ
611 1043 978 1108 στενωθέντες
1005 1086 1020 1111 ,
1062 1046 1137 1117 μὴ
1171 1045 1384 1116 ἔχοντες
1447 1045 1704 1116 βοήθειάν
1757 1044 1945 1108 ποθεν,
1987 1043 2084 1096 zeal
2143 1045 2585 1118 ἀποθνήσκοντες
2647 1046 2744 1101 τοῦ
2791 1047 2974 1119 λιμοῦ,
3012 1049 3338 1120 παρέδωκαν
3388 1047 3638 1110 ἑαυτούς.

345 1135 461 1188 Καὶ
488 1133 745 1198 λαϐόντες
775 1137 824 1188 οἱ
860 1136 1166 1206 Βούλγαροι
1199 1139 1301 1208 τὴν
1336 1138 1720 1210 αἰχμαλωσίαν
1764 1138 1944 1191 πᾶσαν
2021 1138 2102 1200 εἰς
2162 1139 2371 1207 πλῆθος
2417 1139 2588 1193 οὖσαν
2657 1139 3066 1210 ἀναρίθμητον,
3126 1141 3224 1196 zeal
3285 1142 3470 1196 πᾶσαν
3536 1141 3638 1212 τὴν

335 1230 662 1300 ἀποσκευὴν
706 1231 888 1284 αὐτῶν
909 1271 924 1295 ,
966 1231 1279 1304 μετῴκισαν
1329 1234 1531 1297 αὐτοὺς
1570 1234 1651 1298 εἰς
1680 1229 2019 1302 Βουλγαρξαν
2057 1231 2272 1285 ἐκεῖθεν
2306 1233 2400 1286 τοῦ
2427 1234 2643 1305 Ἴστρου
2671 1231 2946 1302 ποταμοῦ.

421 1325 528 1378 Kal
560 1323 768 1378 τούτων
808 1324 1120 1396 γενομένων
1173 1328 1202 1380 ὀ
1252 1328 1405 1383 Λέων
1434 1329 1538 1398 τῆς
1591 1328 1802 1392 πόλεως
1843 1329 1944 1380 οὐκ

339 1417 593 1486 ἐξῆλθεν,
648 1417 766 1470 ἀλλ’
817 1417 1042 1487 ἐκράτει
1095 1419 1194 1488 τῆς
1251 1415 1536 1489 βασιλείας
1576 1419 1941 1492 τυραννικῶς.

341 1510 459 1562 Kal
491 1508 676 1562 λοιπὸν
715 1508 1041 1578 φθασάντων
1074 1511 1184 1564 τῶν
1214 1511 1419 1583 ἑορτῶν
1450 1512 1678 1583 ἔστεψεν
1710 1513 1802 1565 τὸν
1830 1511 1946 1565 υἱὸν

339 1599 517 1654 αὐτοῦ
551 1600 747 1671 μικρὸν
785 1601 936 1664 ὂντα,
996 1601 1092 1655 καὶ
1123 1603 1598 1674 ἐπονομαζόμενον
1627 1601 1942 1675 Συμϐἀτην,

343 1695 621 1764 ἐψεύσατο
653 1693 852 1761 λέγων,
904 1696 985 1749 ὅτι
1045 1696 1455 1760 Κωνσταντίνος
1505 1696 1775 1750 καλεῖται.
1838 1696 1948 1750 Kal

343 1787 638 1856 σωρεύσεις
690 1789 782 1842 τδν
811 1789 1192 1859 περισωθέντα
1242 1789 1370 1844 λαὸν
1413 1793 1479 1844 ὲκ
1517 1789 1628 1843 τῶν
1670 1790 1948 1860 διαφόρων

343 1879 563 1931 πόλεων
593 1879 888 1948 ἐρόγευσεν
918 1878 1139 1944 αὐτοὺς,
1198 1880 1433 1951 ποιήσας
1463 1879 1663 1943 αὐτοὺς
1692 1880 1946 1950 εὐφημῆ-

345 1987 444 2024 σαι
507 1972 717 2024 Λέοντα
778 1971 874 2024 zeal
933 1972 1374 2036 Κωνσταντῖνον,
1437 1971 1779 2042 μιμούμενος
1820 1973 1944 2036 τοὺς

341 2061 544 2133 πρώην
573 2062 1006 2132 βασιλεύσαντας
1026 2063 1238 2118 Λέοντα
1257 2063 1352 2118 καὶ
1379 2065 1798 2118 Κωνσταντῖννν
1818 2064 1948 2129 τοὺς

356 2155 665 2226 Ἰσαύρους,
702 2149 778 2208 ὧν
805 2156 901 2210 καὶ
933 2155 1034 2226 τὴν
1062 2157 1276 2227 αἵρεσιν
1327 2157 1691 2223 ἀνενεώσατο,
1748 2157 1938 2229 βουλό·

344 2263 514 2318 μενος
537 2233 698 2318 ζῆσαι
725 2249 822 2326 ἔτη
852 2248 1048 2313 πολλὰ,
1085 2249 1162 2314 ώς
1209 2250 1304 2302 zeal
1335 2249 1510 2315 αὐτοὶ,
1546 2252 1640 2304 καὶ
1689 2251 1946 2320 γενέσθαι

341 2342 556 2412 στερίφη
567 2359 688 2411 μος·
727 2337 936 2406 οὗτινος
961 2341 1062 2412 τὴν
1089 2341 1287 2413 βουλὴν
1319 2341 1453 2406 Θεὸς
1477 2345 1821 2416 κατῄσχυνεν
1851 2346 1948 2399 κό-

339 2431 458 2500 ψας
491 2433 617 2495 τοὺς
651 2431 880 2503 χρόνους
905 2431 1074 2486 αὑτοῦ
1117 2433 1210 2487 zeal
1257 2432 1353 2487 τοῦ
1381 2434 1499 2488 υἱοῦ
1531 2435 1716 2490 αὑτοῦ.
1752 2437 1861 2491 Kal
1881 2436 1946 2509 δὴ

342 2522 536 2577 λοιπὸν
565 2523 851 2591 γεγονότος
883 2522 1062 2576 εὐδίου
1097 2522 1192 2578 τοῦ
1240 2525 1405 2596 ἀέρος
1454 2523 1533 2596 τῷ
1566 2525 1816 2597 χειμῶνι,
1853 2527 1946 2582 καὶ

342 2615 462 2669 τῶν
502 2615 761 2684 ποταμῶν
803 2615 879 2685 μὴ
935 2614 1171 2686 ἐχόντων
1207 2613 1354 2688 ὕδωρ
1415 2617 1572 2681 πολὺ,
1627 2617 1850 2688 ἐξῆλθον
1895 2619 1944 2672 οι

346 2707 687 2779 Βούλγαρεις
717 2707 1068 2781 ίΒούλγαροι]
1102 2707 1342 2779 χιλιάδες
1374 2711 1677 2781 τριάκοντα
1702 2711 1944 2780 ὁλοσίδηο

346 2820 462 2873 ροι,
516 2801 612 2854 καὶ
659 2800 909 2863 ἐλθόντες
962 2800 1067 2864 ἕως
1115 2802 1642 2872 Ἀρκαδιουπόλεως,
1717 2804 1814 2858 καὶ
1846 2821 1946 2856 πε-

349 2897 618 2962 ράσαντες
654 2893 752 2963 τὴν
790 2890 1044 2962 Ῥηγῖναν
1099 2893 1368 2962 (ποταμὸς
1397 2895 1455 2948 δὲ
1506 2894 1683 2958 οὕτως
1715 2896 1834 2950 ἐστὶ⁹
1860 2897 1946 2950 λε-

346 2986 626 3056 γόμενος),
665 2979 824 3056 εὗρον
856 2984 982 3040 λαὸν
1014 2985 1202 3052 πολὺν,
1254 2987 1348 3040 καὶ
1381 2988 1814 3059 ᾐχμαλώτευσαν
1847 2990 1945 3042 αύ-

342 3081 499 3141 τούς.
532 3081 642 3132 Kal
676 3080 782 3150 πρὸ
812 3079 907 3132 τοῦ
933 3079 1172 3151 περᾶσαι
1197 3080 1393 3145 αὐτοὺς
1415 3081 1515 3152 τὴν
1542 3083 1944 3153 αἰχμαλωσίαν,

345 3172 570 3241 ἐγένετο
628 3172 779 3236 ὑετὸς
832 3173 1001 3235 πολὺς
1032 3171 1248 3244 ἡμέρας
1296 3173 1461 3238 ὀκτὼ,
1498 3176 1592 3228 καὶ
1620 3175 1889 3244 όγκωθεὶς
1917 3178 1945 3230 ὁ

2123 1325 2249 1382 Haec
2278 1328 2409 1384 dum
2437 1337 2782 1400 gererentur,
2816 1327 2952 1382 urbe
2973 1342 3081 1382 non
3106 1342 3365 1396 egressus
3392 1338 3477 1383 est
3501 1326 3636 1394 Leo,

2047 1418 2142 1472 sed
2177 1417 2472 1489 imperium
2511 1418 2800 1490 tyrannice
2825 1417 3070 1472 tenebat.
3119 1416 3423 1471 Celebratis
3455 1427 3638 1471 autem

2047 1498 2225 1576 festis,
2254 1511 2429 1566 tilium
2469 1510 2653 1566 adhuc
2679 1510 2967 1581 pusillum,
3021 1509 3340 1582 Symbatem
3393 1509 3638 1574 nomine,

2047 1601 2586 1672 Constantinumqne
2617 1601 2802 1657 vocari
2845 1602 3132 1663 mentitus.
3165 1607 3454 1656 stemmate
3485 1601 3633 1654 redi-

2057 1694 2217 1749 mivit
2263 1712 2278 1750 :
2331 1695 2653 1764 residuique
2713 1694 2903 1765 populi
2953 1693 3304 1748 multitudine
3356 1707 3424 1746 ex
3473 1689 3644 1750 variis

2051 1784 2282 1840 urbibus
2318 1793 2648 1856 congregata
2699 1786 2920 1856 collegit
2961 1789 3289 1850 exercitum,
3335 1786 3643 1856 stipendio-

2049 1894 2158 1949 que
2182 1879 2312 1934 dato
2343 1877 2583 1935 Leonem
2607 1889 2660 1935 et
2683 1878 3114 1934 Constantinum
3147 1877 3344 1934 faustis
3368 1878 3643 1934 acclama-

2053 1970 2300 2026 tionibus
2324 1971 2584 2042 prosequi
2609 1969 2798 2042 jussit,
2830 1969 3000 2043 ωι
3030 1970 3390 2041 imperatores
3418 1977 3642 2040 sceptra

2053 2063 2265 2128 pridem
2292 2073 2643 2129 consecutos,
2675 2063 2911 2120 Leonem
2943 2073 2996 2120 et
3033 2063 3460 2119 Constantinum
3489 2062 3643 2118 lsan-

2049 2171 2146 2212 ros
2183 2156 2455 2221 imitatus,
2491 2173 2730 2228 quorum
2779 2158 3032 2214 haresim
3079 2158 3385 2221 renovavit,
3427 2157 3645 2228 sibique

2049 2248 2254 2305 multos
2280 2265 2457 2304 annos
2483 2265 2679 2306 eorum
2709 2251 2906 2316 instar,
2941 2258 2996 2304 et
3027 2257 3088 2303 ut
3115 2249 3281 2304 laude
3310 2248 3645 2318 conspicuus

2049 2341 2213 2407 foret,
2275 2352 2668 2414 comprecatus
2701 2361 2714 2397 :
2757 2342 2921 2413 cujus
2955 2341 3123 2408 Deus,
3161 2339 3468 2395 imminutis
3523 2340 3646 2410 ejus

2048 2433 2262 2504 ﬁliique
2293 2437 2479 2497 annis,
2514 2433 2814 2490 consilium
2857 2433 3136 2488 confudit.
3181 2431 3458 2487 Caeterum
3499 2432 3648 2487 aeris

2049 2523 2349 2579 serenitate
2393 2523 2632 2579 hiemem
2691 2529 2864 2577 totam
2923 2529 3250 2590 occupante,
3310 2515 3648 2574 subsidenti-

2048 2615 2264 2685 busque
2295 2613 2594 2669 ﬂuminum
2623 2612 2806 2684 aquis,
2837 2610 3063 2682 Bulgari
3099 2610 3273 2664 armis
3298 2625 3330 2664 a
3367 2609 3544 2678 capite
3573 2608 3644 2662 ad

2047 2706 2212 2775 pedes
2244 2706 2368 2760 tecti
2408 2703 2477 2760 ad
2514 2704 2801 2759 hominum
2834 2702 3058 2772 triginta
3097 2700 3266 2754 millia
3313 2708 3643 2768 eruperunt,

2047 2807 2102 2853 et
2135 2796 2543 2867 Arcadiopolim
2573 2810 2768 2866 usque,
2803 2793 3012 2866 Regina
3045 2790 3392 2862 pertransito
3421 2789 3648 2860 (ﬂuvius

2047 2904 2133 2948 est
2175 2892 2250 2945 ita
2282 2889 2510 2960 dictus),
2551 2894 2958 2959 pervenerunt,
3009 2884 3386 2955 populumque
3425 2897 3647 2938 omnem

2046 2984 2332 3054 copiosum
2359 2997 2491 3038 sane
2514 2980 2769 3036 fecerunt
2799 2977 3100 3048 captivum.
3129 2975 3290 3031 Prius
3307 2990 3444 3030 vero
3475 2991 3647 3045 quam

2047 3078 2298 3148 captivos
2341 3077 2680 3145 trajicerent,
2728 3075 2848 3130 dies
2897 3082 3025 3128 octo
3081 3072 3285 3128 decidit
3341 3073 3650 3127 immensus

2049 3172 2224 3226 imber
2255 3186 2365 3240 quo
2386 3169 2585 3224 ﬂuvius
2610 3168 2984 3222 intumescens
3008 3165 3177 3220 maris
3211 3165 3386 3219 instar
3403 3160 3639 3219 exunda-

347 3264 597 3334 ποταμὸς
620 3264 838 3332 ἐγένετο
869 3264 945 3328 ώς
970 3263 1237 3319 θάλασσα.
1275 3266 1385 3320 Kal
1423 3265 1498 3336 μὴ
1531 3266 1824 3338 δυνάμενοι
1853 3269 1946 3322 ἀν-

2053 3265 2148 3319 vit.
2189 3263 2407 3334 Bnlgari
2443 3279 2512 3317 ne
2565 3259 2993 3316 transfretarent
3045 3258 3321 3328 impediti,
3369 3255 3649 3312 Custodita

345 3359 650 3427 τιπεράσαι
685 3358 735 3412 οἱ
781 3356 1084 3427 Βούλγαροι
1139 3358 1360 3428 ἔμειναν
1407 3359 1620 3430 ἡμέρας
1649 3359 1948 3413 δεκαπέντε

347 3450 676 3520 κατέχοντες
703 3450 803 3520 τὴν
853 3449 1256 3520 αἰχμαλωσίαν.
1317 3451 1426 3503 Kal
1463 3451 1803 3520 μηνύσαντες
1855 3454 1948 3506 τὸν

349 3542 562 3596 Λέοντα
583 3538 679 3594 τοῦ
711 3539 1000 3609 βοηθῆσαι,
1031 3540 1092 3592 ού
1119 3538 1440 3608 προσέσχεν,
1459 3538 1579 3590 οὐδὲ
1605 3538 1701 3608 τῆς
1740 3539 1948 3602 πόλεως

347 3633 597 3705 ἐξῆλθεν,
615 3633 735 3687 οὐδὲ
759 3633 956 3697 ἄλλους
981 3631 1135 3693 τινὰς
1153 3631 1476 3685 ἀπέστειλεν
1507 3631 1641 3702 πρὸς
1671 3630 1942 3700 βοήθειαν.

349 3729 464 3782 Kal
487 3728 674 3781 λοιπὸν
713 3727 1009 3797 γενομένης
1035 3722 1240 3788 εὐδίας,
1268 3727 1362 3777 καὶ
1386 3723 1480 3778 τοῦ
1508 3724 1756 3790 ποταμοῦ
1785 3725 1948 3778 ἐλατο

347 3819 641 3886 τωθέντος,
673 3819 872 3882 αὐτοὺς
927 3819 1054 3881 τοὺς
1110 3815 1492 3888 αἰχμαλώτους
1526 3817 1950 3888 παρεσκεύασαν

350 3913 522 3982 κόψαι
576 3911 844 3981 ξυληνὸν,
911 3909 1007 3963 καὶ
1048 3910 1273 3979 ποιῆσαι
1335 3907 1605 3978 γέφυραν,
1647 3912 1742 3962 zeal
1774 3910 1948 3973 οὕτως

352 4007 636 4075 ἐπέρασαν
667 4002 806 4074 μετὰ
838 4005 936 4073 τῆς
965 4001 1556 4072 αἰχμαλωσίας,ὃντων
1575 4002 1712 4072 ὁμοῦ
1737 4003 1949 4074 ἀνδρῶν

353 4098 448 4151 zele
479 4094 758 4163 γυναικῶν
795 4094 887 4147 zeal
917 4092 1142 4146 παιδίων
1169 4091 1414 4163 χιλιαδες
1446 4095 1807 4166 πεντήκοντα.
1833 4096 1949 4150 Λα-

351 4191 544 4253 ϐόντες
574 4189 669 4242 καὶ
700 4187 880 4242 πάντα
907 4185 977 4238 τὰ
1000 4184 1318 4254 ὑπάρχοντα
1345 4185 1525 4238 αὐτῶν
1559 4185 1950 4257 Ἀρμενιάτικα

352 4276 946 4351 στραγλομαλωτάρια,
1013 4275 1110 4328 καὶ
1139 4275 1493 4346 νακοτάπητα
1520 4274 1794 4347 ἀνώτερα,
1856 4277 1949 4329 καὶ

354 4369 656 4442 ἱματισμὸν
679 4370 870 4436 πολὺν,
897 4368 993 4422 zeal
1015 4365 1376 4439 χαλκώματα,
1417 4368 1733 4440 ἐφόρτωσαν
1769 4369 1948 4424 πάντα

350 4469 434 4530 εἰς
460 4466 562 4528 τάς
603 4464 838 4536 ἁμάξας,
872 4462 966 4517 καὶ
995 4461 1255 4527 λαϐόντες
1281 4462 1462 4527 πάσας
1494 4463 1596 4527 τὰς
1624 4464 1826 4532 ἀγέλας
1849 4465 1950 4518 a6:-

349 4557 465 4610 τῶν
495 4556 627 4625 βόας
652 4557 746 4609 zeal
763 4553 1034 4626 πρόϐατα,
1057 4552 1310 4626 εἰσῆλθον
1335 4555 1415 4618 εἰς
1446 4553 1810 4625 Βουλγαρίαν.
1838 4555 1948 4609 Kal

344 4651 378 4704 ὁ
409 4649 615 4712 ἀδίκως
653 4647 983 4720 βασιλεύσας
1012 4646 1156 4701 κατὰ
1208 4646 1610 4718 παραχώρησιν
1656 4644 1792 4700 Θεοῦ
1823 4645 1949 4700 οὔτε

349 4743 522 4807 αὐτὸς
556 4741 779 4811 ἐξῆλθεν
805 4741 906 4811 τῆς
937 4740 1148 4804 πόλεως
1179 4739 1317 4811 πρὸς
1341 4739 1598 4812 βοήθειαν
1652 4739 1756 4810 τῆς
1785 4739 1953 4810 αἰχμ-

349 4835 618 4902 αλωσίας,
647 4833 772 4888 οὔτε
802 4833 998 4898 ἄλλους
1025 4833 1371 4888 ἀπέστειλεν.

426 4929 630 4983 Λοιπὸν
653 4923 745 4983 οὖν
778 4926 918 4999 μετὰ
946 4925 1122 4982 ταῦτα
1141 4926 1434 4998 ἀνηγγέλει
1463 4912 1633 4981 αὑτὸν
1651 4925 1951 5001 [ἀνηγγέλη

352 5021 508 5094 αὑτῷ
540 5021 666 5095 ὑπὸ]
687 5021 974 5092 λεγόντων,
1004 5021 1084 5075 ὅτι
1107 5021 1136 5074 ὁ
1164 5019 1419 5091 Κροῦμος
1440 5019 1804 5090 ἐστράτευσεν
1824 5019 1954 5073 λαὸν

354 5114 530 5169 πολὺν
566 5113 949 5183 συναθροίσας,
975 5111 1074 5166 zeal
1102 5112 1228 5176 τοὺς
1245 5112 1506 5183 Ἀϐάρεις
1534 5112 1632 5166 zeal
1652 5113 1832 5177 πάσας
1855 5113 1954 5175 τὰς

353 5206 707 5270 Σκλαϐινιας.
737 5207 882 5277 Πρὸς
907 5206 965 5260 δὲ
989 5205 1200 5270 τούτοις
1234 5205 1649 5279 παρασκευάζει
1675 5206 1952 5278 διαφόρων

351 5304 444 5355 ὲλε
453 5300 660 5356 πόλεων
681 5299 894 5371 ὄργανά
912 5315 972 5352 τε
989 5301 1086 5354 καὶ
1105 5300 1324 5371 μηχανή
1334 5317 1501 5370 ματα,
1521 5301 1616 5354 zeal
1631 5299 1946 5370 μαγγανικᾶ

353 5393 822 5464 παμμεγὼτατα,
842 5393 1126 5466 τριϐόλους
1147 5411 1207 5447 τε
1233 5394 1326 5447 καὶ
1347 5392 1729 5464 τετραϐόλους,
1746 5394 1839 5448 zeal
1864 5411 1943 5466 χε-

355 5486 556 5554 λώνας,
577 5487 668 5541 καὶ
683 5487 920 5559 ὑψηλοὺς
945 5487 1242 5558 κλίμακας,
1263 5487 1498 5558 σφαίρας
1513 5504 1573 5542 τε
1590 5489 1684 5542 καὶ
1698 5489 1950 5559 μοχλοὺς,

358 5581 459 5632 καὶ
501 5579 690 5650 ὁρυάς,
726 5579 918 5650 κριούς
966 5597 1027 5633 τε
1066 5581 1162 5634 zeal
1185 5579 1554 5652 βελοστάσεις,
1580 5580 1860 5652 πυροϐόλα
1892 5599 1952 5636 τε

355 5671 456 5724 zeal
475 5669 753 5736 λιθοϐόλα,
777 5670 874 5724 zeal
891 5671 1205 5743 σκορπίδια,
1226 5673 1304 5736 εἰς
1321 5671 1380 5725 τὸ
1398 5671 1659 5742 βαλέσθαι
1679 5671 1831 5745 βέλη,
1859 5675 1954 5729 zeal
1987 5715 1998 5726 .

357 5761 678 5832 σφενδόνας,
719 5762 900 5819 πάντα
949 5765 1324 5836 μηχανήματα
1367 5765 1512 5821 κατὰ
1543 5765 1648 5820 τῶν
1670 5766 1952 5831 ἐπάλξεων

354 5854 452 5909 τοῦ
482 5855 624 5911 ἑλεῖν
648 5855 745 5928 τὴν
775 5855 951 5926 πόλιν,
975 5856 1068 5912 ἐπὶ
1091 5856 1153 5911 τὸ
1174 5855 1390 5912 δυτικον
1421 5857 1588 5929 μέρος
1615 5858 1713 5930 τῆς
1743 5858 1951 5926 πόλεως

2053 3370 2275 3425 semper
2306 3355 2649 3424 captivitate,
2685 3353 2806 3408 dies
2851 3349 3168 3422 quindecim
3199 3347 3269 3404 ad
3300 3348 3451 3419 ripas
3481 3355 3649 3403 stete-

2052 3457 2206 3503 runt.
2239 3446 2352 3501 Leo
2383 3447 2578 3502 nuntio
2605 3446 2678 3500 ab
2711 3446 2793 3502 eis
2842 3453 3093 3514 accepto,
3142 3451 3202 3497 ut
3249 3457 3410 3512 opem
3458 3439 3649 3504 terret,

2051 3557 2161 3596 non
2215 3539 2471 3602 adVertit,
2514 3553 2690 3606 neque
2720 3537 2857 3592 urbe
2911 3549 3174 3606 egressus
3215 3543 3324 3598 est,
3366 3547 3468 3588 nec
3506 3532 3649 3586 alios

2050 3631 2276 3703 quosvis
2328 3631 2382 3685 in
2432 3630 2701 3685 auxilium
2768 3627 3046 3684 submisit.
3101 3626 3328 3681 Interim
3386 3623 3648 3679 redeunte

2051 3723 2196 3777 aeris
2231 3722 2660 3790 tranquillitate,
2692 3731 2747 3775 et
2782 3718 2950 3774 ﬂuvio
2985 3717 3364 3780 decrescente,
3420 3713 3642 3786 Bulgari

2051 3815 2234 3887 sylvas
2261 3813 2494 3876 caedere,
2529 3822 2867 3883 pontemque
2895 3819 3115 3866 struere
3135 3810 3388 3879 captivos
3418 3820 3648 3875 compu-

2053 3908 2233 3962 lerunt
2263 3923 2278 3961 :
2315 3917 2481 3977 atque
2536 3905 2609 3961 ita
2643 3920 2770 3960 eum
2819 3903 3058 3974 captivis
3104 3901 3366 3957 omnibus
3400 3900 3648 3956 virorum

2053 4000 2218 4055 simul
2243 4000 2535 4054 mulierum
2555 4005 2612 4052 et
2635 4011 2935 4067 puerorum
2965 3995 3212 4050 millibus
3239 3993 3648 4064 quinquaginta

2055 4094 2422 4148 transierunt.
2467 4092 2546 4146 llli
2598 4092 2943 4161 captivorum
2997 4087 3291 4143 facultates
3335 4099 3533 4141 omnes
3577 4083 3649 4138 ad

2053 4187 2328 4257 stragulas
2361 4200 2537 4255 usque
2563 4183 2875 4249 Armenias,
2901 4179 3246 4251 grandesque
3270 4183 3486 4244 tapetes
3541 4187 3646 4227 acn

2051 4282 2248 4351 pictos.
2279 4280 2500 4348 generis
2537 4276 2722 4331 omnis
2764 4273 3116 4335 vestimenta,
3172 4271 3649 4336 instrumentaque

2052 4373 2119 4426 ad
2181 4385 2344 4426 usum
2399 4385 2541 4424 ocrea
2607 4367 2869 4424 cntribns
2925 4362 3184 4434 imposita
3249 4363 3534 4430 boumque
3593 4370 3646 4415 et

2050 4466 2236 4521 ovium
2261 4480 2455 4536 greges
2492 4463 2758 4517 abductos
2788 4471 3213 4515 transvexerunt
3238 4474 3253 4510 :
3275 4468 3328 4511 et
3354 4455 3459 4511 hoc
3488 4463 3650 4524 pacto

2055 4558 2375 4628 Bulgariam
2408 4555 2644 4626 ingrcssi
2675 4564 2826 4618 sunt,
2865 4551 3114 4622 principe
3154 4551 3342 4620 inique
3366 4549 3435 4603 ad
3467 4549 3646 4617 impe-

2057 4652 2200 4706 rium
2235 4650 2330 4706 Dei
2366 4649 2638 4720 permissu
2660 4657 2938 4716 promoto,
2975 4645 3168 4715 pedem
3202 4660 3312 4698 non
3355 4641 3644 4706 elfereute,

2058 4759 2235 4814 neque
2277 4743 2348 4799 ad
2400 4742 2744 4813 captivorum
2794 4755 2953 4810 opem
3000 4740 3140 4794 alios
3186 4737 3372 4806 egredi
3426 4735 3651 4805 permit-

2061 4845 2149 4891 ten
2159 4846 2229 4890 te.

2126 4929 2224 4986 llis
2286 4929 2526 5000 peractis
2587 4941 2778 4982 rumor
2829 4924 2897 4980 ad
2958 4939 3086 4980 eum
3153 4922 3369 4978 delatus
3417 4921 3472 4976 in
3528 4919 3646 4975 lucc

2055 5028 2222 5079 verba
2259 5042 2272 5079 :
2309 5024 2548 5078 Crumus
2579 5020 2855 5090 ingentem
2901 5018 3204 5074 exercitum
3257 5013 3455 5084 coegit,
3500 5013 3646 5065 Aba-

2056 5129 2256 5186 resqne
2287 5126 2343 5168 et
2387 5129 2453 5168 ex
2502 5109 2798 5166 Sclaviniis
2845 5107 3062 5164 cunctis
3120 5105 3308 5174 copias
3359 5101 3579 5170 collegit
3628 5118 3642 5155 :

2058 5216 2333 5282 pra'parat
2378 5205 2603 5274 insuper
2643 5204 3008 5258 instrumenta
3058 5196 3455 5263 machinasque
3503 5207 3644 5245 cun-

2055 5281 2174 5360 etas
2231 5297 2614 5370 expugnandis
2677 5294 2909 5350 urbibus
2971 5291 3234 5352 idoneas,
3302 5295 3421 5340 arte
3497 5281 3641 5337 facta

2056 5395 2313 5467 grandia,
2368 5391 2638 5457 tribulos,
2685 5387 3016 5450 tctrabulos,
3078 5381 3414 5445 testudines,
3463 5376 3642 5434 scalas

2058 5489 2327 5550 excelsas,
2363 5484 2577 5557 globos,
2629 5490 2836 5543 vectes,
2865 5477 3048 5544 l'uncs,
3109 5475 3331 5537 arietes,
3392 5470 3642 5535 balistas,

2055 5582 2215 5652 ignea
2235 5579 2441 5650 iacula,
2467 5577 2753 5649 petrarias,
2779 5573 3123 5643 scorpiones,
3157 5570 3264 5624 tela
3289 5565 3640 5637 jaenlatoria,

2057 5675 2280 5738 fundas,
2337 5688 2448 5729 uno
2491 5672 2660 5728 verbo
2707 5668 2994 5725 machinas
3055 5679 3250 5722 omnes
3318 5659 3642 5716 invadendis

2059 5769 2326 5836 turribus,
2361 5775 2416 5823 et
2467 5764 2783 5822 civitatibus
2811 5760 3116 5833 capiendis,
3150 5767 3210 5812 ut
3238 5756 3308 5812 ad
3348 5753 3638 5811 occiduam

2060 5861 2213 5917 vobis
2239 5869 2447 5918 natlem
2487 5859 3025 5917 Blnchcrnzu'umnuc
3066 5867 3284 5908 murum
3324 5849 3510 5906 urbem
3554 5863 3641 5913 ag-
