  <div class='ocr_page' id='page_1' title='image "/cluster/home/n/w/nwhite01/storage/ocr_20150623/108/coo.31924054870120/517.png"; bbox 0 0 4100 6450; ppageno 0'>
   <div class='ocr_carea' id='block_1_1' title="bbox 557 399 700 468">
    <p class='ocr_par' dir='ltr' id='par_1_1' title="bbox 557 399 700 468">
     <span class='ocr_line' id='line_1_1' title="bbox 557 399 700 468; baseline -0.014 0"><span class='ocrx_word' id='word_1_1' title='bbox 557 399 700 468; x_wconf 74' lang='lat'><strong>1023</strong></span> 
     </span>
    </p>
   </div>
   <div class='ocr_carea' id='block_1_2' title="bbox 1824 394 2568 456">
    <p class='ocr_par' dir='ltr' id='par_1_2' title="bbox 1824 394 2568 456">
     <span class='ocr_line' id='line_1_2' title="bbox 1824 394 2568 456; baseline -0.001 0"><span class='ocrx_word' id='word_1_2' title='bbox 1824 395 2144 456; x_wconf 74' lang='lat' dir='ltr'><strong>INCERTI</strong></span> <span class='ocrx_word' id='word_1_3' title='bbox 2185 394 2568 455; x_wconf 80' lang='lat' dir='ltr'><strong>AUCTORIS</strong></span> 
     </span>
    </p>
   </div>
   <div class='ocr_carea' id='block_1_3' title="bbox 3683 391 3798 462">
    <p class='ocr_par' dir='ltr' id='par_1_3' title="bbox 3683 391 3798 462">
     <span class='ocr_line' id='line_1_3' title="bbox 3683 391 3798 462; baseline 0.061 -7"><span class='ocrx_word' id='word_1_4' title='bbox 3683 391 3798 462; x_wconf 60' lang='lat'><strong>10°25</strong></span> 
     </span>
    </p>
   </div>
   <div class='ocr_carea' id='block_1_4' title="bbox 553 499 2151 589">
    <p class='ocr_par' dir='ltr' id='par_1_4' title="bbox 553 503 2139 589">
     <span class='ocr_line' id='line_1_4' title="bbox 553 503 2139 589; baseline -0.009 -18"><span class='ocrx_word' id='word_1_5' title='bbox 553 514 857 589; x_wconf 75' lang='lat' dir='ltr'><strong>grediatur.</strong></span> <span class='ocrx_word' id='word_1_6' title='bbox 894 511 1194 568; x_wconf 79' lang='lat' dir='ltr'><strong>Tormenta</strong></span> <span class='ocrx_word' id='word_1_7' title='bbox 1233 507 1422 564; x_wconf 65' lang='lat' dir='ltr'><strong>istltazc</strong></span> <span class='ocrx_word' id='word_1_8' title='bbox 1459 512 1678 571; x_wconf 74' lang='lat' dir='ltr'><strong>cuncta,</strong></span> <span class='ocrx_word' id='word_1_9' title='bbox 1733 503 1802 558; x_wconf 88' lang='lat' dir='ltr'><strong>ad</strong></span> <span class='ocrx_word' id='word_1_10' title='bbox 1835 505 1990 559; x_wconf 83' lang='lat' dir='ltr'><strong>urbis</strong></span> <span class='ocrx_word' id='word_1_11' title='bbox 2016 518 2139 574; x_wconf 87' lang='lat' dir='ltr'><strong>par-</strong></span> 
     </span>
    </p>
   </div>
   <div class='ocr_carea' id='block_1_5' title="bbox 2252 499 3802 589">
    <p class='ocr_par' dir='ltr' id='par_1_5' title="bbox 2252 499 3802 578">
     <span class='ocr_line' id='line_1_5' title="bbox 2252 499 3802 578; baseline -0.004 -20"><span class='ocrx_word' id='word_1_12' title='bbox 2252 505 2386 558; x_wconf 73' lang='grc' dir='ltr'><strong>κατά</strong></span> <span class='ocrx_word' id='word_1_13' title='bbox 2411 503 2507 559; x_wconf 80' lang='grc' dir='ltr'>τοῦ</span> <span class='ocrx_word' id='word_1_14' title='bbox 2538 502 2754 574; x_wconf 83' lang='grc' dir='ltr'>τείχους</span> <span class='ocrx_word' id='word_1_15' title='bbox 2787 501 2895 557; x_wconf 90' lang='grc' dir='ltr'><strong>τῶν</strong></span> <span class='ocrx_word' id='word_1_16' title='bbox 2927 499 3265 574; x_wconf 71' lang='grc' dir='ltr'>Βλαχερνῶνζ</span> <span class='ocrx_word' id='word_1_17' title='bbox 3287 500 3471 556; x_wconf 76' lang='grc' dir='ltr'>Ταῦτα</span> <span class='ocrx_word' id='word_1_18' title='bbox 3506 503 3673 559; x_wconf 80' lang='grc' dir='ltr'>πάντα</span> <span class='ocrx_word' id='word_1_19' title='bbox 3694 507 3802 578; x_wconf 84' lang='grc' dir='ltr'>βού.</span> 
     </span>
    </p>
   </div>
   <div class='ocr_carea' id='block_1_6' title="bbox 560 597 2145 676">
    <p class='ocr_par' dir='ltr' id='par_1_6' title="bbox 560 597 2145 676">
     <span class='ocr_line' id='line_1_6' title="bbox 560 597 2145 676; baseline -0.007 -14"><span class='ocrx_word' id='word_1_20' title='bbox 560 619 692 670; x_wconf 87' lang='lat' dir='ltr'><strong>tem,</strong></span> <span class='ocrx_word' id='word_1_21' title='bbox 750 619 859 676; x_wconf 90' lang='lat' dir='ltr'><strong>qua</strong></span> <span class='ocrx_word' id='word_1_22' title='bbox 918 605 1086 658; x_wconf 87' lang='lat' dir='ltr'><strong>telum</strong></span> <span class='ocrx_word' id='word_1_23' title='bbox 1143 603 1196 656; x_wconf 92' lang='lat' dir='ltr'><strong>in</strong></span> <span class='ocrx_word' id='word_1_24' title='bbox 1245 615 1372 656; x_wconf 88' lang='lat' dir='ltr'><strong>eum</strong></span> <span class='ocrx_word' id='word_1_25' title='bbox 1424 599 1659 655; x_wconf 90' lang='lat' dir='ltr'><strong>missum</strong></span> <span class='ocrx_word' id='word_1_26' title='bbox 1710 605 1822 663; x_wconf 68' lang='lat' dir='ltr'><strong>est,</strong></span> <span class='ocrx_word' id='word_1_27' title='bbox 1870 597 2145 667; x_wconf 78' lang='lat' dir='ltr'><strong>applicare</strong></span> 
     </span>
    </p>
   </div>
   <div class='ocr_carea' id='block_1_7' title="bbox 558 691 2145 763">
    <p class='ocr_par' dir='ltr' id='par_1_7' title="bbox 558 691 2145 763">
     <span class='ocr_line' id='line_1_7' title="bbox 558 691 2145 763; baseline -0.004 -10"><span class='ocrx_word' id='word_1_28' title='bbox 558 699 874 763; x_wconf 73' lang='lat' dir='ltr'><strong>meditatur,</strong></span> <span class='ocrx_word' id='word_1_29' title='bbox 899 694 1278 751; x_wconf 75' lang='lat' dir='ltr'><strong>instrumentis</strong></span> <span class='ocrx_word' id='word_1_30' title='bbox 1296 694 1446 748; x_wconf 88' lang='lat' dir='ltr'><strong>hisce</strong></span> <span class='ocrx_word' id='word_1_31' title='bbox 1470 692 1714 762; x_wconf 56' lang='lat' dir='ltr'><strong>praefatis</strong></span> <span class='ocrx_word' id='word_1_32' title='bbox 1731 691 2079 761; x_wconf 85' lang='lat' dir='ltr'><strong>deportandis</strong></span> <span class='ocrx_word' id='word_1_33' title='bbox 2093 701 2145 746; x_wconf 82' lang='lat' dir='ltr'><strong>et</strong></span> 
     </span>
    </p>
   </div>
   <div class='ocr_carea' id='block_1_8' title="bbox 554 782 2144 853">
    <p class='ocr_par' dir='ltr' id='par_1_8' title="bbox 554 782 2144 853">
     <span class='ocr_line' id='line_1_8' title="bbox 554 782 2144 853; baseline -0.004 -9"><span class='ocrx_word' id='word_1_34' title='bbox 554 791 809 845; x_wconf 84' lang='lat' dir='ltr'><strong>curribus</strong></span> <span class='ocrx_word' id='word_1_35' title='bbox 841 786 1106 842; x_wconf 86' lang='lat' dir='ltr'><strong>vehendis</strong></span> <span class='ocrx_word' id='word_1_36' title='bbox 1138 787 1303 840; x_wconf 80' lang='lat' dir='ltr'><strong>boum</strong></span> <span class='ocrx_word' id='word_1_37' title='bbox 1338 783 1506 838; x_wconf 82' lang='lat' dir='ltr'><strong>millia</strong></span> <span class='ocrx_word' id='word_1_38' title='bbox 1536 784 1775 853; x_wconf 84' lang='lat' dir='ltr'><strong>plurima</strong></span> <span class='ocrx_word' id='word_1_39' title='bbox 1825 784 1878 836; x_wconf 92' lang='lat' dir='ltr'><strong>in</strong></span> <span class='ocrx_word' id='word_1_40' title='bbox 1912 782 2144 837; x_wconf 69' lang='lat' dir='ltr'><strong>stabulis</strong></span> 
     </span>
    </p>
   </div>
   <div class='ocr_carea' id='block_1_9' title="bbox 548 875 2146 950">
    <p class='ocr_par' dir='ltr' id='par_1_9' title="bbox 548 875 2146 950">
     <span class='ocr_line' id='line_1_9' title="bbox 548 875 2146 950; baseline -0.001 -18"><span class='ocrx_word' id='word_1_41' title='bbox 548 883 660 950; x_wconf 82' lang='lat' dir='ltr'><strong>jam</strong></span> <span class='ocrx_word' id='word_1_42' title='bbox 684 880 973 948; x_wconf 80' lang='lat' dir='ltr'><strong>disposuit,</strong></span> <span class='ocrx_word' id='word_1_43' title='bbox 988 893 1182 933; x_wconf 90' lang='lat' dir='ltr'><strong>currus</strong></span> <span class='ocrx_word' id='word_1_44' title='bbox 1205 887 1385 932; x_wconf 90' lang='lat' dir='ltr'><strong>autem</strong></span> <span class='ocrx_word' id='word_1_45' title='bbox 1411 877 1558 932; x_wconf 88' lang='lat' dir='ltr'><strong>ferro</strong></span> <span class='ocrx_word' id='word_1_46' title='bbox 1573 876 1786 931; x_wconf 86' lang='lat' dir='ltr'><strong>vinctos</strong></span> <span class='ocrx_word' id='word_1_47' title='bbox 1805 876 1880 930; x_wconf 74' lang='lat' dir='ltr'><strong>ad</strong></span> <span class='ocrx_word' id='word_1_48' title='bbox 1897 875 2146 946; x_wconf 79' lang='lat' dir='ltr'><strong>quinque</strong></span> 
     </span>
    </p>
   </div>
   <div class='ocr_carea' id='block_1_10' title="bbox 553 969 2148 1041">
    <p class='ocr_par' dir='ltr' id='par_1_10' title="bbox 553 969 2148 1041">
     <span class='ocr_line' id='line_1_10' title="bbox 553 969 2148 1041; baseline -0.003 -15"><span class='ocrx_word' id='word_1_49' title='bbox 553 974 721 1027; x_wconf 85' lang='lat' dir='ltr'><strong>millia</strong></span> <span class='ocrx_word' id='word_1_50' title='bbox 757 972 871 1026; x_wconf 87' lang='lat' dir='ltr'><strong>ﬁeri</strong></span> <span class='ocrx_word' id='word_1_51' title='bbox 893 972 1077 1041; x_wconf 80' lang='lat' dir='ltr'><strong>jussit.</strong></span> <span class='ocrx_word' id='word_1_52' title='bbox 1123 970 1261 1036; x_wconf 89' lang='lat' dir='ltr'><strong>Leo,</strong></span> <span class='ocrx_word' id='word_1_53' title='bbox 1299 971 1383 1024; x_wconf 86' lang='lat' dir='ltr'><strong>his</strong></span> <span class='ocrx_word' id='word_1_54' title='bbox 1413 969 1644 1034; x_wconf 85' lang='lat' dir='ltr'><strong>auditis,</strong></span> <span class='ocrx_word' id='word_1_55' title='bbox 1673 977 1726 1024; x_wconf 91' lang='lat' dir='ltr'><strong>et</strong></span> <span class='ocrx_word' id='word_1_56' title='bbox 1751 969 1940 1024; x_wconf 83' lang='lat' dir='ltr'><strong>missis</strong></span> <span class='ocrx_word' id='word_1_57' title='bbox 1962 969 2148 1038; x_wconf 75' lang='lat' dir='ltr'><strong>explo-</strong></span> 
     </span>
    </p>
   </div>
   <div class='ocr_carea' id='block_1_11' title="bbox 551 1061 2143 1133">
    <p class='ocr_par' dir='ltr' id='par_1_11' title="bbox 551 1061 2143 1133">
     <span class='ocr_line' id='line_1_11' title="bbox 551 1061 2143 1133; baseline -0.002 -16"><span class='ocrx_word' id='word_1_58' title='bbox 551 1064 848 1125; x_wconf 81' lang='lat' dir='ltr'><strong>ratoribus,</strong></span> <span class='ocrx_word' id='word_1_59' title='bbox 867 1063 1202 1131; x_wconf 88' lang='lat' dir='ltr'><strong>veritateque</strong></span> <span class='ocrx_word' id='word_1_60' title='bbox 1217 1072 1516 1131; x_wconf 88' lang='lat' dir='ltr'><strong>comperta,</strong></span> <span class='ocrx_word' id='word_1_61' title='bbox 1539 1062 1721 1133; x_wconf 81' lang='lat' dir='ltr'><strong>poptiii</strong></span> <span class='ocrx_word' id='word_1_62' title='bbox 1739 1061 2143 1116; x_wconf 88' lang='lat' dir='ltr'><strong>multitudinem</strong></span> 
     </span>
    </p>
   </div>
   <div class='ocr_carea' id='block_1_12' title="bbox 551 1143 2153 1224">
    <p class='ocr_par' dir='ltr' id='par_1_12' title="bbox 551 1143 2153 1224">
     <span class='ocr_line' id='line_1_12' title="bbox 551 1143 2153 1224; baseline 0 -20"><span class='ocrx_word' id='word_1_63' title='bbox 551 1156 879 1209; x_wconf 83' lang='lat' dir='ltr'><strong>immensam</strong></span> <span class='ocrx_word' id='word_1_64' title='bbox 913 1161 967 1207; x_wconf 88' lang='lat' dir='ltr'><strong>et</strong></span> <span class='ocrx_word' id='word_1_65' title='bbox 991 1153 1232 1208; x_wconf 91' lang='lat' dir='ltr'><strong>artilices</strong></span> <span class='ocrx_word' id='word_1_66' title='bbox 1250 1153 1622 1222; x_wconf 78' lang='lat' dir='ltr'><strong>congregavit,</strong></span> <span class='ocrx_word' id='word_1_67' title='bbox 1640 1143 2153 1224; x_wconf 57' lang='lat' dir='ltr'><strong>ﬁ35murumque‘</strong></span> 
     </span>
    </p>
   </div>
   <div class='ocr_carea' id='block_1_13' title="bbox 550 1244 2144 1316">
    <p class='ocr_par' dir='ltr' id='par_1_13' title="bbox 550 1244 2144 1316">
     <span class='ocr_line' id='line_1_13' title="bbox 550 1244 2144 1316; baseline 0 -18"><span class='ocrx_word' id='word_1_68' title='bbox 550 1245 719 1298; x_wconf 87' lang='lat' dir='ltr'><strong>alium</strong></span> <span class='ocrx_word' id='word_1_69' title='bbox 753 1255 953 1315; x_wconf 64' lang='lat' dir='ltr'><strong>praeter</strong></span> <span class='ocrx_word' id='word_1_70' title='bbox 1004 1260 1127 1298; x_wconf 89' lang='lat' dir='ltr'><strong>eum</strong></span> <span class='ocrx_word' id='word_1_71' title='bbox 1169 1246 1264 1316; x_wconf 90' lang='lat' dir='ltr'><strong>qui</strong></span> <span class='ocrx_word' id='word_1_72' title='bbox 1305 1245 1374 1299; x_wconf 87' lang='lat' dir='ltr'><strong>ad</strong></span> <span class='ocrx_word' id='word_1_73' title='bbox 1417 1245 1770 1309; x_wconf 86' lang='lat' dir='ltr'><strong>Blachernas,</strong></span> <span class='ocrx_word' id='word_1_74' title='bbox 1829 1244 1996 1313; x_wconf 68' lang='lat' dir='ltr'><strong>erepit</strong></span> <span class='ocrx_word' id='word_1_75' title='bbox 2046 1253 2144 1298; x_wconf 49' lang='lat' dir='ltr'><strong>ex.</strong></span> 
     </span>
    </p>
   </div>
   <div class='ocr_carea' id='block_1_14' title="bbox 549 1335 2144 1406">
    <p class='ocr_par' dir='ltr' id='par_1_14' title="bbox 549 1335 2144 1406">
     <span class='ocr_line' id='line_1_14' title="bbox 549 1335 2144 1406; baseline 0.001 -18"><span class='ocrx_word' id='word_1_76' title='bbox 549 1342 788 1399; x_wconf 84' lang='lat' dir='ltr'><strong>struere,</strong></span> <span class='ocrx_word' id='word_1_77' title='bbox 823 1335 1265 1405; x_wconf 88' lang='lat' dir='ltr'><strong>profundamque</strong></span> <span class='ocrx_word' id='word_1_78' title='bbox 1289 1345 1344 1391; x_wconf 87' lang='lat' dir='ltr'><strong>et</strong></span> <span class='ocrx_word' id='word_1_79' title='bbox 1371 1336 1608 1406; x_wconf 87' lang='lat' dir='ltr'><strong>amplam</strong></span> <span class='ocrx_word' id='word_1_80' title='bbox 1647 1335 1854 1392; x_wconf 88' lang='lat' dir='ltr'><strong>fossam</strong></span> <span class='ocrx_word' id='word_1_81' title='bbox 1896 1335 2144 1391; x_wconf 79' lang='lat' dir='ltr'><strong>excisam</strong></span> 
     </span>
    </p>
   </div>
   <div class='ocr_carea' id='block_1_15' title="bbox 551 1425 2147 1497">
    <p class='ocr_par' dir='ltr' id='par_1_15' title="bbox 551 1425 2147 1497">
     <span class='ocr_line' id='line_1_15' title="bbox 551 1425 2147 1497; baseline 0.002 -19"><span class='ocrx_word' id='word_1_82' title='bbox 551 1440 851 1494; x_wconf 89' lang='lat' dir='ltr'><strong>opponere.</strong></span> <span class='ocrx_word' id='word_1_83' title='bbox 893 1425 987 1480; x_wconf 79' lang='lat' dir='ltr'><strong>Vix</strong></span> <span class='ocrx_word' id='word_1_84' title='bbox 1025 1427 1176 1495; x_wconf 89' lang='lat' dir='ltr'><strong>operi</strong></span> <span class='ocrx_word' id='word_1_85' title='bbox 1223 1442 1387 1480; x_wconf 86' lang='lat' dir='ltr'><strong>manu</strong></span> <span class='ocrx_word' id='word_1_86' title='bbox 1427 1427 1672 1493; x_wconf 87' lang='lat' dir='ltr'><strong>admota,</strong></span> <span class='ocrx_word' id='word_1_87' title='bbox 1716 1427 1820 1482; x_wconf 91' lang='lat' dir='ltr'><strong>hoc</strong></span> <span class='ocrx_word' id='word_1_88' title='bbox 1845 1439 1948 1492; x_wconf 85' lang='lat' dir='ltr'><strong>est,</strong></span> <span class='ocrx_word' id='word_1_89' title='bbox 1981 1441 2147 1497; x_wconf 82' lang='lat' dir='ltr'><strong>Opere</strong></span> 
     </span>
    </p>
   </div>
   <div class='ocr_carea' id='block_1_16' title="bbox 553 1517 2144 1589">
    <p class='ocr_par' dir='ltr' id='par_1_16' title="bbox 553 1517 2144 1589">
     <span class='ocr_line' id='line_1_16' title="bbox 553 1517 2144 1589; baseline 0.003 -19"><span class='ocrx_word' id='word_1_90' title='bbox 553 1517 738 1572; x_wconf 86' lang='lat' dir='ltr'><strong>adhuc</strong></span> <span class='ocrx_word' id='word_1_91' title='bbox 767 1517 996 1582; x_wconf 76' lang='lat' dir='ltr'><strong>infecto,</strong></span> <span class='ocrx_word' id='word_1_92' title='bbox 1023 1527 1082 1572; x_wconf 92' lang='lat' dir='ltr'><strong>ut</strong></span> <span class='ocrx_word' id='word_1_93' title='bbox 1119 1517 1284 1584; x_wconf 89' lang='lat' dir='ltr'><strong>Deus,</strong></span> <span class='ocrx_word' id='word_1_94' title='bbox 1323 1520 1416 1588; x_wconf 87' lang='lat' dir='ltr'><strong>qui</strong></span> <span class='ocrx_word' id='word_1_95' title='bbox 1449 1519 1678 1574; x_wconf 89' lang='lat' dir='ltr'><strong>consilia</strong></span> <span class='ocrx_word' id='word_1_96' title='bbox 1705 1523 1946 1589; x_wconf 81' lang='lat' dir='ltr'><strong>gentium</strong></span> <span class='ocrx_word' id='word_1_97' title='bbox 1977 1517 2144 1574; x_wconf 75' lang='lat' dir='ltr'><strong>dissi—</strong></span> 
     </span>
    </p>
   </div>
   <div class='ocr_carea' id='block_1_17' title="bbox 553 1602 2146 1684">
    <p class='ocr_par' dir='ltr' id='par_1_17' title="bbox 553 1602 2146 1684">
     <span class='ocr_line' id='line_1_17' title="bbox 553 1602 2146 1684; baseline 0.001 -20"><span class='ocrx_word' id='word_1_98' title='bbox 553 1619 666 1680; x_wconf 89' lang='lat' dir='ltr'><strong>pat,</strong></span> <span class='ocrx_word' id='word_1_99' title='bbox 692 1602 747 1664; x_wconf 80' lang='lat' dir='ltr'><strong>et</strong></span> <span class='ocrx_word' id='word_1_100' title='bbox 774 1611 1100 1680; x_wconf 89' lang='lat' dir='ltr'><strong>populorum</strong></span> <span class='ocrx_word' id='word_1_101' title='bbox 1134 1621 1371 1666; x_wconf 86' lang='lat' dir='ltr'><strong>mentem</strong></span> <span class='ocrx_word' id='word_1_102' title='bbox 1397 1613 1675 1681; x_wconf 88' lang='lat' dir='ltr'><strong>reprobat,</strong></span> <span class='ocrx_word' id='word_1_103' title='bbox 1714 1612 1895 1667; x_wconf 83' lang='lat' dir='ltr'><strong>irritat</strong></span> <span class='ocrx_word' id='word_1_104' title='bbox 1923 1628 2146 1684; x_wconf 84' lang='lat' dir='ltr'><strong>quoque</strong></span> 
     </span>
    </p>
   </div>
   <div class='ocr_carea' id='block_1_18' title="bbox 551 1704 2146 1773">
    <p class='ocr_par' dir='ltr' id='par_1_18' title="bbox 551 1704 2146 1773">
     <span class='ocr_line' id='line_1_18' title="bbox 551 1704 2146 1773; baseline 0.003 -17"><span class='ocrx_word' id='word_1_105' title='bbox 551 1704 788 1758; x_wconf 88' lang='lat' dir='ltr'><strong>consilia</strong></span> <span class='ocrx_word' id='word_1_106' title='bbox 819 1704 1148 1773; x_wconf 87' lang='lat' dir='ltr'><strong>principum,</strong></span> <span class='ocrx_word' id='word_1_107' title='bbox 1180 1705 1274 1773; x_wconf 91' lang='lat' dir='ltr'><strong>qui</strong></span> <span class='ocrx_word' id='word_1_108' title='bbox 1306 1720 1416 1759; x_wconf 92' lang='lat' dir='ltr'><strong>non</strong></span> <span class='ocrx_word' id='word_1_109' title='bbox 1451 1705 1505 1759; x_wconf 90' lang='lat' dir='ltr'><strong>in</strong></span> <span class='ocrx_word' id='word_1_110' title='bbox 1534 1705 1807 1760; x_wconf 81' lang='lat' dir='ltr'><strong>machinis</strong></span> <span class='ocrx_word' id='word_1_111' title='bbox 1835 1708 1917 1760; x_wconf 90' lang='lat' dir='ltr'><strong>vel</strong></span> <span class='ocrx_word' id='word_1_112' title='bbox 1947 1707 2146 1761; x_wconf 86' lang='lat' dir='ltr'><strong>robore</strong></span> 
     </span>
    </p>
   </div>
   <div class='ocr_carea' id='block_1_19' title="bbox 551 1795 2138 1868">
    <p class='ocr_par' dir='ltr' id='par_1_19' title="bbox 551 1795 2138 1868">
     <span class='ocr_line' id='line_1_19' title="bbox 551 1795 2138 1868; baseline 0.001 -19"><span class='ocrx_word' id='word_1_113' title='bbox 551 1795 804 1849; x_wconf 86' lang='lat' dir='ltr'><strong>homines</strong></span> <span class='ocrx_word' id='word_1_114' title='bbox 833 1797 962 1865; x_wconf 87' lang='lat' dir='ltr'><strong>quid</strong></span> <span class='ocrx_word' id='word_1_115' title='bbox 998 1797 1218 1868; x_wconf 78' lang='lat' dir='ltr'><strong>aggredi</strong></span> <span class='ocrx_word' id='word_1_116' title='bbox 1254 1813 1416 1867; x_wconf 87' lang='lat' dir='ltr'><strong>posse</strong></span> <span class='ocrx_word' id='word_1_117' title='bbox 1451 1806 1879 1863; x_wconf 87' lang='lat' dir='ltr'><strong>commonstrat,</strong></span> <span class='ocrx_word' id='word_1_118' title='bbox 1919 1809 1978 1852; x_wconf 91' lang='lat' dir='ltr'><strong>ut</strong></span> <span class='ocrx_word' id='word_1_119' title='bbox 2005 1797 2138 1858; x_wconf 66' lang='lat' dir='ltr'><strong>hare,</strong></span> 
     </span>
    </p>
   </div>
   <div class='ocr_carea' id='block_1_20' title="bbox 2247 591 3806 667">
    <p class='ocr_par' dir='ltr' id='par_1_20' title="bbox 2247 591 3806 667">
     <span class='ocr_line' id='line_1_20' title="bbox 2247 591 3806 667; baseline -0.004 -18"><span class='ocrx_word' id='word_1_120' title='bbox 2247 596 2399 649; x_wconf 87' lang='grc' dir='ltr'>λεται</span> <span class='ocrx_word' id='word_1_121' title='bbox 2429 597 2804 667; x_wconf 73' lang='grc' dir='ltr'><strong>προσαγαγεῖν</strong></span> <span class='ocrx_word' id='word_1_122' title='bbox 2827 593 2896 648; x_wconf 82' lang='grc' dir='ltr'>τὰ</span> <span class='ocrx_word' id='word_1_123' title='bbox 2925 593 3300 665; x_wconf 81' lang='grc' dir='ltr'>μηχανήματα</span> <span class='ocrx_word' id='word_1_124' title='bbox 3325 591 3450 648; x_wconf 68' lang='grc' dir='ltr'>ἔνθα</span> <span class='ocrx_word' id='word_1_125' title='bbox 3493 594 3586 648; x_wconf 76' lang='grc' dir='ltr'>καὶ</span> <span class='ocrx_word' id='word_1_126' title='bbox 3615 598 3806 664; x_wconf 58' lang='grc' dir='ltr'>ἐτοξειλ</span> 
     </span>
    </p>
   </div>
   <div class='ocr_carea' id='block_1_21' title="bbox 2247 681 3805 758">
    <p class='ocr_par' dir='ltr' id='par_1_21' title="bbox 2247 681 3805 758">
     <span class='ocr_line' id='line_1_21' title="bbox 2247 681 3805 758; baseline 0.003 -17"><span class='ocrx_word' id='word_1_127' title='bbox 2247 687 2338 758; x_wconf 88' lang='grc' dir='ltr'><strong>θη,</strong></span> <span class='ocrx_word' id='word_1_128' title='bbox 2364 686 2668 752; x_wconf 76' lang='grc' dir='ltr'>σταυλίζων</span> <span class='ocrx_word' id='word_1_129' title='bbox 2700 686 2828 756; x_wconf 67' lang='grc' dir='ltr'>βόας</span> <span class='ocrx_word' id='word_1_130' title='bbox 2852 685 3096 756; x_wconf 70' lang='grc' dir='ltr'>χιλιάδας</span> <span class='ocrx_word' id='word_1_131' title='bbox 3123 683 3262 754; x_wconf 77' lang='grc' dir='ltr'>πρὸς</span> <span class='ocrx_word' id='word_1_132' title='bbox 3288 681 3349 736; x_wconf 82' lang='grc' dir='ltr'>τὸ</span> <span class='ocrx_word' id='word_1_133' title='bbox 3369 683 3624 754; x_wconf 61' lang='lat' dir='ltr'><strong>eamea:</strong></span> <span class='ocrx_word' id='word_1_134' title='bbox 3649 689 3805 746; x_wconf 84' lang='grc' dir='ltr'>πάντα</span> 
     </span>
    </p>
   </div>
   <div class='ocr_carea' id='block_1_22' title="bbox 2245 775 3808 850">
    <p class='ocr_par' dir='ltr' id='par_1_22' title="bbox 2245 775 3808 850">
     <span class='ocr_line' id='line_1_22' title="bbox 2245 775 3808 850; baseline -0.003 -19"><span class='ocrx_word' id='word_1_135' title='bbox 2245 778 2317 832; x_wconf 85' lang='grc' dir='ltr'>τὰ</span> <span class='ocrx_word' id='word_1_136' title='bbox 2347 779 2722 849; x_wconf 60' lang='grc' dir='ltr'>πωλεχθέντα</span> <span class='ocrx_word' id='word_1_137' title='bbox 2743 777 2953 847; x_wconf 76' lang='grc' dir='ltr'>ὄργανα</span> <span class='ocrx_word' id='word_1_138' title='bbox 2973 777 3192 830; x_wconf 77' lang='grc' dir='ltr'>τεθέντα</span> <span class='ocrx_word' id='word_1_139' title='bbox 3214 775 3306 828; x_wconf 66' lang='grc' dir='ltr'>ἐπὶ</span> <span class='ocrx_word' id='word_1_140' title='bbox 3322 775 3641 846; x_wconf 76' lang='grc' dir='ltr'>ἀμαξῶν,ἀς</span> <span class='ocrx_word' id='word_1_141' title='bbox 3663 797 3808 850; x_wconf 79' lang='grc' dir='ltr'>προσ.</span> 
     </span>
    </p>
   </div>
   <div class='ocr_carea' id='block_1_23' title="bbox 2247 866 3808 942">
    <p class='ocr_par' dir='ltr' id='par_1_23' title="bbox 2247 866 3808 942">
     <span class='ocr_line' id='line_1_23' title="bbox 2247 866 3808 942; baseline 0.002 -18"><span class='ocrx_word' id='word_1_142' title='bbox 2247 869 2437 936; x_wconf 82' lang='grc' dir='ltr'>ἐταξεν</span> <span class='ocrx_word' id='word_1_143' title='bbox 2479 868 2861 941; x_wconf 85' lang='grc' dir='ltr'>σιδηρενδέτας</span> <span class='ocrx_word' id='word_1_144' title='bbox 2909 866 3308 942; x_wconf 76' lang='grc' dir='ltr'><strong>[σιδηροδέτοις]</strong></span> <span class='ocrx_word' id='word_1_145' title='bbox 3356 868 3594 938; x_wconf 81' lang='grc' dir='ltr'><strong>χιλιάδας</strong></span> <span class='ocrx_word' id='word_1_146' title='bbox 3646 874 3808 932; x_wconf 79' lang='grc' dir='ltr'>πέντε.</span> 
     </span>
    </p>
   </div>
   <div class='ocr_carea' id='block_1_24' title="bbox 2247 960 3810 1032">
    <p class='ocr_par' dir='ltr' id='par_1_24' title="bbox 2247 960 3810 1032">
     <span class='ocr_line' id='line_1_24' title="bbox 2247 960 3810 1032; baseline 0.003 -16"><span class='ocrx_word' id='word_1_147' title='bbox 2247 963 2438 1018; x_wconf 81' lang='grc' dir='ltr'>Ταῦτα</span> <span class='ocrx_word' id='word_1_148' title='bbox 2497 963 2738 1028; x_wconf 77' lang='grc' dir='ltr'>ἀκούσας</span> <span class='ocrx_word' id='word_1_149' title='bbox 2763 961 2937 1028; x_wconf 77' lang='grc' dir='ltr'>Λέων,</span> <span class='ocrx_word' id='word_1_150' title='bbox 2967 961 3191 1032; x_wconf 79' lang='grc' dir='ltr'>πέμψας</span> <span class='ocrx_word' id='word_1_151' title='bbox 3220 977 3282 1014; x_wconf 86' lang='grc' dir='ltr'><strong>τε</strong></span> <span class='ocrx_word' id='word_1_152' title='bbox 3325 960 3810 1028; x_wconf 72' lang='grc' dir='ltr'>κατασκύπους,καὶ</span> 
     </span>
    </p>
   </div>
   <div class='ocr_carea' id='block_1_25' title="bbox 2251 1057 3810 1130">
    <p class='ocr_par' dir='ltr' id='par_1_25' title="bbox 2251 1057 3810 1130">
     <span class='ocr_line' id='line_1_25' title="bbox 2251 1057 3810 1130; baseline 0.001 -18"><span class='ocrx_word' id='word_1_153' title='bbox 2251 1057 2440 1128; x_wconf 86' lang='grc' dir='ltr'>μαθὼν</span> <span class='ocrx_word' id='word_1_154' title='bbox 2496 1061 2594 1129; x_wconf 78' lang='grc' dir='ltr'><strong>τὴν</strong></span> <span class='ocrx_word' id='word_1_155' title='bbox 2637 1057 2917 1130; x_wconf 87' lang='grc' dir='ltr'>ἀλήθειαν,</span> <span class='ocrx_word' id='word_1_156' title='bbox 2977 1057 3342 1127; x_wconf 73' lang='grc' dir='ltr'><strong>συναθροίσας</strong></span> <span class='ocrx_word' id='word_1_157' title='bbox 3385 1058 3511 1113; x_wconf 79' lang='grc' dir='ltr'>λαὸν</span> <span class='ocrx_word' id='word_1_158' title='bbox 3538 1058 3698 1112; x_wconf 64' lang='grc' dir='ltr'>πολὺν</span> <span class='ocrx_word' id='word_1_159' title='bbox 3729 1062 3810 1115; x_wconf 75' lang='grc' dir='ltr'>καὶ</span> 
     </span>
    </p>
   </div>
   <div class='ocr_carea' id='block_1_26' title="bbox 2247 1147 3812 1221">
    <p class='ocr_par' dir='ltr' id='par_1_26' title="bbox 2247 1147 3812 1221">
     <span class='ocr_line' id='line_1_26' title="bbox 2247 1147 3812 1221; baseline -0.001 -18"><span class='ocrx_word' id='word_1_160' title='bbox 2247 1150 2518 1221; x_wconf 79' lang='grc' dir='ltr'><strong>τεχνίτας,</strong></span> <span class='ocrx_word' id='word_1_161' title='bbox 2553 1151 2758 1220; x_wconf 72' lang='grc' dir='ltr'>ἤρξατο</span> <span class='ocrx_word' id='word_1_162' title='bbox 2793 1148 3002 1213; x_wconf 80' lang='grc' dir='ltr'>κτίζειν</span> <span class='ocrx_word' id='word_1_163' title='bbox 3035 1147 3223 1220; x_wconf 71' lang='grc' dir='ltr'>ἕτερον</span> <span class='ocrx_word' id='word_1_164' title='bbox 3251 1152 3428 1221; x_wconf 84' lang='grc' dir='ltr'>τεῖχος</span> <span class='ocrx_word' id='word_1_165' title='bbox 3481 1147 3674 1214; x_wconf 76' lang='grc' dir='ltr'>ἔξωθεν</span> <span class='ocrx_word' id='word_1_166' title='bbox 3716 1152 3812 1203; x_wconf 78' lang='grc' dir='ltr'>τεί·</span> 
     </span>
    </p>
   </div>
   <div class='ocr_carea' id='block_1_27' title="bbox 2247 1243 3811 1316">
    <p class='ocr_par' dir='ltr' id='par_1_27' title="bbox 2247 1243 3811 1316">
     <span class='ocr_line' id='line_1_27' title="bbox 2247 1243 3811 1316; baseline 0.001 -19"><span class='ocrx_word' id='word_1_167' title='bbox 2247 1262 2376 1316; x_wconf 83' lang='grc' dir='ltr'>χους</span> <span class='ocrx_word' id='word_1_168' title='bbox 2403 1245 2510 1298; x_wconf 88' lang='grc' dir='ltr'><strong>τῶν</strong></span> <span class='ocrx_word' id='word_1_169' title='bbox 2548 1243 2895 1316; x_wconf 80' lang='grc' dir='ltr'>Βλαχερνῶν,</span> <span class='ocrx_word' id='word_1_170' title='bbox 2953 1244 3128 1313; x_wconf 74' lang='grc' dir='ltr'>κόψας</span> <span class='ocrx_word' id='word_1_171' title='bbox 3161 1244 3258 1297; x_wconf 76' lang='grc' dir='ltr'><strong>καὶ</strong></span> <span class='ocrx_word' id='word_1_172' title='bbox 3305 1245 3402 1315; x_wconf 83' lang='grc' dir='ltr'><strong>τήν</strong></span> <span class='ocrx_word' id='word_1_173' title='bbox 3436 1243 3665 1298; x_wconf 76' lang='grc' dir='ltr'>σποῦδαν</span> <span class='ocrx_word' id='word_1_174' title='bbox 3694 1245 3811 1299; x_wconf 77' lang='grc' dir='ltr'>πλα-</span> 
     </span>
    </p>
   </div>
   <div class='ocr_carea' id='block_1_28' title="bbox 2245 1335 3809 1408">
    <p class='ocr_par' dir='ltr' id='par_1_28' title="bbox 2245 1335 3809 1408">
     <span class='ocr_line' id='line_1_28' title="bbox 2245 1335 3809 1408; baseline 0.001 -17"><span class='ocrx_word' id='word_1_175' title='bbox 2245 1339 2395 1392; x_wconf 68' lang='grc' dir='ltr'>τεῖαν</span> <span class='ocrx_word' id='word_1_176' title='bbox 2432 1337 2566 1408; x_wconf 86' lang='lat' dir='ltr'><strong>(l0).</strong></span> <span class='ocrx_word' id='word_1_177' title='bbox 2609 1338 2717 1390; x_wconf 78' lang='lat' dir='ltr'><strong>Kal.</strong></span> <span class='ocrx_word' id='word_1_178' title='bbox 2774 1335 3086 1408; x_wconf 81' lang='grc' dir='ltr'>ἀρξάμενος</span> <span class='ocrx_word' id='word_1_179' title='bbox 3137 1335 3347 1402; x_wconf 79' lang='grc' dir='ltr'>κτίζειν</span> <span class='ocrx_word' id='word_1_180' title='bbox 3382 1337 3551 1407; x_wconf 76' lang='grc' dir='ltr'>μῆπιϋ</span> <span class='ocrx_word' id='word_1_181' title='bbox 3588 1336 3809 1404; x_wconf 72' lang='grc' dir='ltr'>τελέσας,</span> 
     </span>
    </p>
   </div>
   <div class='ocr_carea' id='block_1_29' title="bbox 2248 1426 3813 1500">
    <p class='ocr_par' dir='ltr' id='par_1_29' title="bbox 2248 1426 3813 1500">
     <span class='ocr_line' id='line_1_29' title="bbox 2248 1426 3813 1500; baseline 0.002 -19"><span class='ocrx_word' id='word_1_182' title='bbox 2248 1428 2334 1482; x_wconf 81' lang='grc' dir='ltr'>ἵνα</span> <span class='ocrx_word' id='word_1_183' title='bbox 2359 1429 2506 1500; x_wconf 78' lang='grc' dir='ltr'>δείξῃ</span> <span class='ocrx_word' id='word_1_184' title='bbox 2536 1431 2563 1482; x_wconf 82' lang='grc' dir='ltr'>ὁ</span> <span class='ocrx_word' id='word_1_185' title='bbox 2590 1429 2720 1491; x_wconf 83' lang='grc' dir='ltr'>Θεὸς</span> <span class='ocrx_word' id='word_1_186' title='bbox 2748 1431 2777 1482; x_wconf 90' lang='lat'><strong>6</strong></span> <span class='ocrx_word' id='word_1_187' title='bbox 2813 1427 3168 1492; x_wconf 79' lang='grc' dir='ltr'>συσκεδάζων</span> <span class='ocrx_word' id='word_1_188' title='bbox 3195 1426 3394 1498; x_wconf 87' lang='grc' dir='ltr'>βουλάς</span> <span class='ocrx_word' id='word_1_189' title='bbox 3419 1427 3610 1495; x_wconf 83' lang='grc' dir='ltr'>ἐθνῶν,</span> <span class='ocrx_word' id='word_1_190' title='bbox 3632 1429 3813 1484; x_wconf 81' lang='grc' dir='ltr'>ἀθετῶν</span> 
     </span>
    </p>
   </div>
   <div class='ocr_carea' id='block_1_30' title="bbox 2245 1519 3812 1592">
    <p class='ocr_par' dir='ltr' id='par_1_30' title="bbox 2245 1519 3812 1592">
     <span class='ocr_line' id='line_1_30' title="bbox 2245 1519 3812 1592; baseline -0.001 -16"><span class='ocrx_word' id='word_1_191' title='bbox 2245 1521 2343 1576; x_wconf 69' lang='grc' dir='ltr'><strong>καὶ</strong></span> <span class='ocrx_word' id='word_1_192' title='bbox 2375 1521 2671 1592; x_wconf 81' lang='grc' dir='ltr'>λογισμοὺς</span> <span class='ocrx_word' id='word_1_193' title='bbox 2711 1519 2878 1587; x_wconf 85' lang='grc' dir='ltr'>λαῶν,</span> <span class='ocrx_word' id='word_1_194' title='bbox 2913 1519 3007 1574; x_wconf 70' lang='grc' dir='ltr'>καὶ</span> <span class='ocrx_word' id='word_1_195' title='bbox 3040 1519 3252 1573; x_wconf 79' lang='grc' dir='ltr'>ἀθετῶν</span> <span class='ocrx_word' id='word_1_196' title='bbox 3310 1519 3508 1590; x_wconf 82' lang='grc' dir='ltr'>βουλὰς</span> <span class='ocrx_word' id='word_1_197' title='bbox 3539 1521 3812 1591; x_wconf 74' lang='grc' dir='ltr'>ἀρχόντων,</span> 
     </span>
    </p>
   </div>
   <div class='ocr_carea' id='block_1_31' title="bbox 2245 1606 3814 1685">
    <p class='ocr_par' dir='ltr' id='par_1_31' title="bbox 2245 1606 3814 1685">
     <span class='ocr_line' id='line_1_31' title="bbox 2245 1606 3814 1685; baseline 0 -16"><span class='ocrx_word' id='word_1_198' title='bbox 2245 1617 2328 1670; x_wconf 78' lang='grc' dir='ltr'>ὅτι</span> <span class='ocrx_word' id='word_1_199' title='bbox 2355 1615 2456 1668; x_wconf 74' lang='grc' dir='ltr'><strong>οὐκ</strong></span> <span class='ocrx_word' id='word_1_200' title='bbox 2488 1616 2546 1667; x_wconf 85' lang='grc' dir='ltr'>ὲν</span> <span class='ocrx_word' id='word_1_201' title='bbox 2576 1617 2642 1684; x_wconf 79' lang='grc' dir='ltr'>τῇ</span> <span class='ocrx_word' id='word_1_202' title='bbox 2699 1613 2973 1685; x_wconf 77' lang='grc' dir='ltr'>μηχανίᾳ,</span> <span class='ocrx_word' id='word_1_203' title='bbox 2993 1614 3090 1667; x_wconf 76' lang='grc' dir='ltr'><strong>καὶ</strong></span> <span class='ocrx_word' id='word_1_204' title='bbox 3110 1615 3177 1684; x_wconf 78' lang='grc' dir='ltr'>τῇ</span> <span class='ocrx_word' id='word_1_205' title='bbox 3210 1613 3355 1684; x_wconf 85' lang='grc' dir='ltr'>ίσχύῖ</span> <span class='ocrx_word' id='word_1_206' title='bbox 3381 1612 3560 1666; x_wconf 77' lang='grc' dir='ltr'>αὐτῶν</span> <span class='ocrx_word' id='word_1_207' title='bbox 3588 1606 3814 1669; x_wconf 78' lang='grc' dir='ltr'>δύνανται</span> 
     </span>
    </p>
   </div>
   <div class='ocr_carea' id='block_1_32' title="bbox 2244 1703 3811 1776">
    <p class='ocr_par' dir='ltr' id='par_1_32' title="bbox 2244 1703 3811 1776">
     <span class='ocr_line' id='line_1_32' title="bbox 2244 1703 3811 1776; baseline 0.001 -18"><span class='ocrx_word' id='word_1_208' title='bbox 2244 1708 2292 1758; x_wconf 85' lang='grc' dir='ltr'><strong>οί</strong></span> <span class='ocrx_word' id='word_1_209' title='bbox 2327 1705 2607 1776; x_wconf 80' lang='grc' dir='ltr'>ἄνθρωποί</span> <span class='ocrx_word' id='word_1_210' title='bbox 2640 1722 2693 1758; x_wconf 93' lang='grc' dir='ltr'><strong>τι</strong></span> <span class='ocrx_word' id='word_1_211' title='bbox 2725 1705 2976 1775; x_wconf 80' lang='grc' dir='ltr'>ποιῆσαι,</span> <span class='ocrx_word' id='word_1_212' title='bbox 3029 1703 3184 1759; x_wconf 77' lang='grc' dir='ltr'>οὔπω</span> <span class='ocrx_word' id='word_1_213' title='bbox 3207 1704 3370 1776; x_wconf 80' lang='grc' dir='ltr'>ἔαρος</span> <span class='ocrx_word' id='word_1_214' title='bbox 3419 1704 3811 1772; x_wconf 72' lang='grc' dir='ltr'>καταλαῦόντος,</span> 
     </span>
    </p>
   </div>
   <div class='ocr_carea' id='block_1_33' title="bbox 2245 1796 3814 1868">
    <p class='ocr_par' dir='ltr' id='par_1_33' title="bbox 2245 1796 3814 1868">
     <span class='ocr_line' id='line_1_33' title="bbox 2245 1796 3814 1868; baseline 0.002 -20"><span class='ocrx_word' id='word_1_215' title='bbox 2245 1796 2320 1860; x_wconf 81' lang='grc' dir='ltr'>ὥς</span> <span class='ocrx_word' id='word_1_216' title='bbox 2350 1796 2515 1866; x_wconf 79' lang='grc' dir='ltr'>φασίν</span> <span class='ocrx_word' id='word_1_217' title='bbox 2551 1808 2695 1862; x_wconf 86' lang='grc' dir='ltr'>τινες</span> <span class='ocrx_word' id='word_1_218' title='bbox 2753 1796 3114 1860; x_wconf 81' lang='grc' dir='ltr'><strong>διασωθέντες</strong></span> <span class='ocrx_word' id='word_1_219' title='bbox 3167 1796 3271 1868; x_wconf 82' lang='grc' dir='ltr'>τῆς</span> <span class='ocrx_word' id='word_1_220' title='bbox 3310 1796 3686 1866; x_wconf 70' lang='grc' dir='ltr'>αἰχμαλωσίας</span> <span class='ocrx_word' id='word_1_221' title='bbox 3724 1798 3814 1851; x_wconf 70' lang='grc' dir='ltr'>ἀπὸ</span> 
     </span>
    </p>
   </div>
   <div class='ocr_carea' id='block_1_34' title="bbox 551 1877 2151 1972">
    <p class='ocr_par' dir='ltr' id='par_1_34' title="bbox 551 1887 2142 1959">
     <span class='ocr_line' id='line_1_34' title="bbox 551 1887 2142 1959; baseline 0.002 -19"><span class='ocrx_word' id='word_1_222' title='bbox 551 1888 803 1957; x_wconf 82' lang='lat' dir='ltr'><strong>inquam,</strong></span> <span class='ocrx_word' id='word_1_223' title='bbox 836 1889 1038 1943; x_wconf 88' lang='lat' dir='ltr'><strong>iterum</strong></span> <span class='ocrx_word' id='word_1_224' title='bbox 1074 1888 1412 1959; x_wconf 76' lang='lat' dir='ltr'><strong>patefaceret</strong></span> <span class='ocrx_word' id='word_1_225' title='bbox 1451 1887 1617 1954; x_wconf 84' lang='lat' dir='ltr'><strong>Deus,</strong></span> <span class='ocrx_word' id='word_1_226' title='bbox 1661 1891 1910 1945; x_wconf 89' lang='lat' dir='ltr'><strong>nondum</strong></span> <span class='ocrx_word' id='word_1_227' title='bbox 1955 1891 2142 1944; x_wconf 88' lang='lat' dir='ltr'><strong>immi-</strong></span> 
     </span>
    </p>
   </div>
   <div class='ocr_carea' id='block_1_35' title="bbox 2252 1877 3814 1972">
    <p class='ocr_par' dir='ltr' id='par_1_35' title="bbox 2253 1889 3814 1972">
     <span class='ocr_line' id='line_1_35' title="bbox 2253 1889 3814 1972; baseline 0.001 -29"><span class='ocrx_word' id='word_1_228' title='bbox 2253 1889 2616 1961; x_wconf 88' lang='grc' dir='ltr'>Βουλγαρίας,</span> <span class='ocrx_word' id='word_1_229' title='bbox 2646 1891 2778 1960; x_wconf 74' lang='grc' dir='ltr'>περὶ</span> <span class='ocrx_word' id='word_1_230' title='bbox 2810 1891 2876 1962; x_wconf 81' lang='grc' dir='ltr'>τῇ</span> <span class='ocrx_word' id='word_1_231' title='bbox 2906 1889 3118 1962; x_wconf 72' lang='grc' dir='ltr'>μεγάλῃ</span> <span class='ocrx_word' id='word_1_232' title='bbox 3169 1891 3398 1972; x_wconf 72' lang='grc' dir='ltr'>πέμπτῃ</span> <span class='ocrx_word' id='word_1_233' title='bbox 3433 1889 3552 1962; x_wconf 85' lang='grc' dir='ltr'>[τὴν</span> <span class='ocrx_word' id='word_1_234' title='bbox 3599 1890 3814 1959; x_wconf 76' lang='grc' dir='ltr'>μεγάλην</span> 
     </span>
    </p>
   </div>
   <div class='ocr_carea' id='block_1_36' title="bbox 547 1981 2142 2054">
    <p class='ocr_par' dir='ltr' id='par_1_36' title="bbox 547 1981 2142 2054">
     <span class='ocr_line' id='line_1_36' title="bbox 547 1981 2142 2054; baseline 0.001 -20"><span class='ocrx_word' id='word_1_235' title='bbox 547 1991 716 2035; x_wconf 90' lang='lat' dir='ltr'><strong>nente</strong></span> <span class='ocrx_word' id='word_1_236' title='bbox 745 1996 893 2047; x_wconf 88' lang='lat' dir='ltr'><strong>vere,</strong></span> <span class='ocrx_word' id='word_1_237' title='bbox 937 1991 999 2037; x_wconf 90' lang='lat' dir='ltr'><strong>ut</strong></span> <span class='ocrx_word' id='word_1_238' title='bbox 1031 1982 1344 2038; x_wconf 88' lang='lat' dir='ltr'><strong>retulerunt</strong></span> <span class='ocrx_word' id='word_1_239' title='bbox 1387 1983 1613 2054; x_wconf 87' lang='lat' dir='ltr'><strong>quidam</strong></span> <span class='ocrx_word' id='word_1_240' title='bbox 1661 1985 1982 2054; x_wconf 86' lang='lat' dir='ltr'><strong>captivitate</strong></span> <span class='ocrx_word' id='word_1_241' title='bbox 2013 1981 2142 2036; x_wconf 88' lang='lat' dir='ltr'><strong>Bul-</strong></span> 
     </span>
    </p>
   </div>
   <div class='ocr_carea' id='block_1_37' title="bbox 547 2072 2146 2146">
    <p class='ocr_par' dir='ltr' id='par_1_37' title="bbox 547 2072 2146 2146">
     <span class='ocr_line' id='line_1_37' title="bbox 547 2072 2146 2146; baseline 0.001 -20"><span class='ocrx_word' id='word_1_242' title='bbox 547 2072 732 2137; x_wconf 70' lang='lat' dir='ltr'><strong>garica</strong></span> <span class='ocrx_word' id='word_1_243' title='bbox 755 2073 1171 2138; x_wconf 86' lang='lat' dir='ltr'><strong>iiberati,-circa</strong></span> <span class='ocrx_word' id='word_1_244' title='bbox 1203 2073 1398 2130; x_wconf 84' lang='lat' dir='ltr'><strong>feriam</strong></span> <span class='ocrx_word' id='word_1_245' title='bbox 1429 2090 1682 2146; x_wconf 74' lang='lat' dir='ltr'><strong>tiiagnam</strong></span> <span class='ocrx_word' id='word_1_246' title='bbox 1710 2075 1985 2145; x_wconf 81' lang='lat' dir='ltr'><strong>quintam,</strong></span> <span class='ocrx_word' id='word_1_247' title='bbox 2018 2073 2146 2128; x_wconf 88' lang='lat' dir='ltr'><strong>Bul-</strong></span> 
     </span>
    </p>
   </div>
   <div class='ocr_carea' id='block_1_38' title="bbox 549 2164 2144 2236">
    <p class='ocr_par' dir='ltr' id='par_1_38' title="bbox 549 2164 2144 2236">
     <span class='ocr_line' id='line_1_38' title="bbox 549 2164 2144 2236; baseline 0.003 -19"><span class='ocrx_word' id='word_1_248' title='bbox 549 2164 720 2234; x_wconf 71' lang='lat' dir='ltr'><strong>garia:</strong></span> <span class='ocrx_word' id='word_1_249' title='bbox 764 2166 1022 2235; x_wconf 87' lang='lat' dir='ltr'><strong>princeps</strong></span> <span class='ocrx_word' id='word_1_250' title='bbox 1061 2165 1304 2222; x_wconf 86' lang='lat' dir='ltr'><strong>Crumus</strong></span> <span class='ocrx_word' id='word_1_251' title='bbox 1354 2167 1446 2221; x_wconf 91' lang='lat' dir='ltr'><strong>ille</strong></span> <span class='ocrx_word' id='word_1_252' title='bbox 1501 2167 1756 2231; x_wconf 89' lang='lat' dir='ltr'><strong>celebris,</strong></span> <span class='ocrx_word' id='word_1_253' title='bbox 1812 2167 1905 2236; x_wconf 90' lang='lat' dir='ltr'><strong>qui</strong></span> <span class='ocrx_word' id='word_1_254' title='bbox 1953 2167 2144 2221; x_wconf 89' lang='lat' dir='ltr'><strong>urbem</strong></span> 
     </span>
    </p>
   </div>
   <div class='ocr_carea' id='block_1_39' title="bbox 547 2259 2146 2330">
    <p class='ocr_par' dir='ltr' id='par_1_39' title="bbox 547 2259 2146 2330">
     <span class='ocr_line' id='line_1_39' title="bbox 547 2259 2146 2330; baseline 0.003 -20"><span class='ocrx_word' id='word_1_255' title='bbox 547 2272 826 2327; x_wconf 85' lang='lat' dir='ltr'><strong>occupare</strong></span> <span class='ocrx_word' id='word_1_256' title='bbox 847 2259 1185 2324; x_wconf 87' lang='lat' dir='ltr'><strong>destinabat,</strong></span> <span class='ocrx_word' id='word_1_257' title='bbox 1222 2259 1348 2314; x_wconf 81' lang='lat' dir='ltr'><strong>vitae</strong></span> <span class='ocrx_word' id='word_1_258' title='bbox 1377 2261 1542 2316; x_wconf 90' lang='lat' dir='ltr'><strong>linem</strong></span> <span class='ocrx_word' id='word_1_259' title='bbox 1601 2261 1905 2330; x_wconf 89' lang='lat' dir='ltr'><strong>persensit,</strong></span> <span class='ocrx_word' id='word_1_260' title='bbox 1949 2260 2146 2316; x_wconf 86' lang='lat' dir='ltr'><strong>invisi-</strong></span> 
     </span>
    </p>
   </div>
   <div class='ocr_carea' id='block_1_40' title="bbox 550 2351 2145 2424">
    <p class='ocr_par' dir='ltr' id='par_1_40' title="bbox 550 2351 2145 2424">
     <span class='ocr_line' id='line_1_40' title="bbox 550 2351 2145 2424; baseline 0.004 -20"><span class='ocrx_word' id='word_1_261' title='bbox 550 2351 649 2405; x_wconf 87' lang='lat' dir='ltr'><strong>bili</strong></span> <span class='ocrx_word' id='word_1_262' title='bbox 696 2353 902 2407; x_wconf 88' lang='lat' dir='ltr'><strong>virtute</strong></span> <span class='ocrx_word' id='word_1_263' title='bbox 946 2353 1258 2423; x_wconf 81' lang='lat' dir='ltr'><strong>jugulatus,</strong></span> <span class='ocrx_word' id='word_1_264' title='bbox 1308 2369 1417 2422; x_wconf 88' lang='lat' dir='ltr'><strong>qua</strong></span> <span class='ocrx_word' id='word_1_265' title='bbox 1460 2356 1794 2424; x_wconf 80' lang='lat' dir='ltr'><strong>sanguinum</strong></span> <span class='ocrx_word' id='word_1_266' title='bbox 1835 2355 1981 2409; x_wconf 82' lang='lat' dir='ltr'><strong>rivos</strong></span> <span class='ocrx_word' id='word_1_267' title='bbox 2028 2370 2145 2422; x_wconf 88' lang='lat' dir='ltr'><strong>ore,</strong></span> 
     </span>
    </p>
   </div>
   <div class='ocr_carea' id='block_1_41' title="bbox 551 2443 2149 2518">
    <p class='ocr_par' dir='ltr' id='par_1_41' title="bbox 551 2443 2149 2518">
     <span class='ocr_line' id='line_1_41' title="bbox 551 2443 2149 2518; baseline 0.004 -22"><span class='ocrx_word' id='word_1_268' title='bbox 551 2443 783 2500; x_wconf 83' lang='lat' dir='ltr'><strong>naribus</strong></span> <span class='ocrx_word' id='word_1_269' title='bbox 809 2452 864 2498; x_wconf 88' lang='lat' dir='ltr'><strong>et</strong></span> <span class='ocrx_word' id='word_1_270' title='bbox 891 2447 1123 2500; x_wconf 87' lang='lat' dir='ltr'><strong>auribus</strong></span> <span class='ocrx_word' id='word_1_271' title='bbox 1155 2447 1342 2502; x_wconf 88' lang='lat' dir='ltr'><strong>emisit</strong></span> <span class='ocrx_word' id='word_1_272' title='bbox 1371 2464 1386 2501; x_wconf 87' lang='lat'><strong><em>:</em></strong></span> <span class='ocrx_word' id='word_1_273' title='bbox 1421 2457 1588 2518; x_wconf 87' lang='lat' dir='ltr'><strong>atque</strong></span> <span class='ocrx_word' id='word_1_274' title='bbox 1619 2448 1694 2501; x_wconf 86' lang='lat' dir='ltr'><strong>ita</strong></span> <span class='ocrx_word' id='word_1_275' title='bbox 1739 2448 1794 2502; x_wconf 92' lang='lat' dir='ltr'><strong>in</strong></span> <span class='ocrx_word' id='word_1_276' title='bbox 1837 2448 1998 2502; x_wconf 89' lang='lat' dir='ltr'><strong>malis</strong></span> <span class='ocrx_word' id='word_1_277' title='bbox 2027 2449 2149 2503; x_wconf 86' lang='lat' dir='ltr'><strong>ani-</strong></span> 
     </span>
    </p>
   </div>
   <div class='ocr_carea' id='block_1_42' title="bbox 551 2537 2149 2612">
    <p class='ocr_par' dir='ltr' id='par_1_42' title="bbox 551 2537 2149 2612">
     <span class='ocr_line' id='line_1_42' title="bbox 551 2537 2149 2612; baseline 0.005 -23"><span class='ocrx_word' id='word_1_278' title='bbox 551 2551 699 2590; x_wconf 88' lang='lat' dir='ltr'><strong>mam</strong></span> <span class='ocrx_word' id='word_1_279' title='bbox 730 2539 1002 2605; x_wconf 75' lang='lat' dir='ltr'><strong>deposuit.</strong></span> <span class='ocrx_word' id='word_1_280' title='bbox 1036 2537 1133 2593; x_wconf 87' lang='lat' dir='ltr'><strong>His</strong></span> <span class='ocrx_word' id='word_1_281' title='bbox 1157 2539 1336 2594; x_wconf 89' lang='lat' dir='ltr'><strong>elatus</strong></span> <span class='ocrx_word' id='word_1_282' title='bbox 1366 2539 1478 2595; x_wconf 90' lang='lat' dir='ltr'><strong>Leo</strong></span> <span class='ocrx_word' id='word_1_283' title='bbox 1515 2542 1674 2610; x_wconf 88' lang='lat' dir='ltr'><strong>quasi</strong></span> <span class='ocrx_word' id='word_1_284' title='bbox 1698 2542 1839 2612; x_wconf 85' lang='lat' dir='ltr'><strong>ipse,</strong></span> <span class='ocrx_word' id='word_1_285' title='bbox 1865 2556 1974 2596; x_wconf 93' lang='lat' dir='ltr'><strong>non</strong></span> <span class='ocrx_word' id='word_1_286' title='bbox 1999 2541 2149 2597; x_wconf 90' lang='lat' dir='ltr'><strong>Deus</strong></span> 
     </span>
    </p>
   </div>
   <div class='ocr_carea' id='block_1_43' title="bbox 549 2631 2151 2706">
    <p class='ocr_par' dir='ltr' id='par_1_43' title="bbox 549 2631 2151 2706">
     <span class='ocr_line' id='line_1_43' title="bbox 549 2631 2151 2706; baseline 0.005 -22"><span class='ocrx_word' id='word_1_287' title='bbox 549 2631 987 2697; x_wconf 86' lang='lat' dir='ltr'><strong>compescuisset</strong></span> <span class='ocrx_word' id='word_1_288' title='bbox 1020 2632 1247 2698; x_wconf 93' lang='lat' dir='ltr'><strong>bellum,</strong></span> <span class='ocrx_word' id='word_1_289' title='bbox 1281 2634 1336 2686; x_wconf 92' lang='lat' dir='ltr'><strong>in</strong></span> <span class='ocrx_word' id='word_1_290' title='bbox 1380 2633 1543 2689; x_wconf 90' lang='lat' dir='ltr'><strong>urbes</strong></span> <span class='ocrx_word' id='word_1_291' title='bbox 1567 2650 1761 2690; x_wconf 83' lang='lat' dir='ltr'><strong>omnes</strong></span> <span class='ocrx_word' id='word_1_292' title='bbox 1788 2636 2151 2706; x_wconf 84' lang='lat' dir='ltr'><strong>regionesque</strong></span> 
     </span>
    </p>
   </div>
   <div class='ocr_carea' id='block_1_44' title="bbox 551 2723 2151 2796">
    <p class='ocr_par' dir='ltr' id='par_1_44' title="bbox 551 2723 2151 2796">
     <span class='ocr_line' id='line_1_44' title="bbox 551 2723 2151 2796; baseline 0.006 -21"><span class='ocrx_word' id='word_1_293' title='bbox 551 2723 740 2778; x_wconf 86' lang='lat' dir='ltr'><strong>missis</strong></span> <span class='ocrx_word' id='word_1_294' title='bbox 759 2724 935 2778; x_wconf 87' lang='lat' dir='ltr'><strong>sacris</strong></span> <span class='ocrx_word' id='word_1_295' title='bbox 963 2725 1238 2779; x_wconf 89' lang='lat' dir='ltr'><strong>nuntiavit</strong></span> <span class='ocrx_word' id='word_1_296' title='bbox 1263 2743 1276 2778; x_wconf 89' lang='lat'>:</span> <span class='ocrx_word' id='word_1_297' title='bbox 1301 2726 1568 2796; x_wconf 80' lang='lat' dir='ltr'><strong>Bulgaros</strong></span> <span class='ocrx_word' id='word_1_298' title='bbox 1600 2729 1722 2783; x_wconf 90' lang='lat' dir='ltr'><strong>urbi</strong></span> <span class='ocrx_word' id='word_1_299' title='bbox 1759 2729 1972 2785; x_wconf 87' lang='lat' dir='ltr'><strong>vicinos</strong></span> <span class='ocrx_word' id='word_1_300' title='bbox 1995 2745 2151 2785; x_wconf 90' lang='lat' dir='ltr'><strong>com-</strong></span> 
     </span>
    </p>
   </div>
   <div class='ocr_carea' id='block_1_45' title="bbox 549 2817 2148 2895">
    <p class='ocr_par' dir='ltr' id='par_1_45' title="bbox 549 2817 2148 2895">
     <span class='ocr_line' id='line_1_45' title="bbox 549 2817 2148 2895; baseline 0.004 -23"><span class='ocrx_word' id='word_1_301' title='bbox 549 2819 668 2886; x_wconf 79' lang='lat' dir='ltr'><strong>peri</strong></span> <span class='ocrx_word' id='word_1_302' title='bbox 701 2835 715 2871; x_wconf 88' lang='lat'>:</span> <span class='ocrx_word' id='word_1_303' title='bbox 745 2817 1102 2889; x_wconf 87' lang='lat' dir='ltr'><strong>solertiaque,</strong></span> <span class='ocrx_word' id='word_1_304' title='bbox 1125 2821 1325 2874; x_wconf 90' lang='lat' dir='ltr'><strong>robore</strong></span> <span class='ocrx_word' id='word_1_305' title='bbox 1359 2821 1642 2892; x_wconf 91' lang='lat' dir='ltr'><strong>ductuque</strong></span> <span class='ocrx_word' id='word_1_306' title='bbox 1686 2838 1812 2879; x_wconf 89' lang='lat' dir='ltr'><strong>meo</strong></span> <span class='ocrx_word' id='word_1_307' title='bbox 1848 2825 2148 2895; x_wconf 90' lang='lat' dir='ltr'><strong>principem</strong></span> 
     </span>
    </p>
   </div>
   <div class='ocr_carea' id='block_1_46' title="bbox 554 2912 2150 2989">
    <p class='ocr_par' dir='ltr' id='par_1_46' title="bbox 554 2912 2150 2989">
     <span class='ocr_line' id='line_1_46' title="bbox 554 2912 2150 2989; baseline 0.005 -25"><span class='ocrx_word' id='word_1_308' title='bbox 554 2925 750 2965; x_wconf 86' lang='lat' dir='ltr'><strong>eorum</strong></span> <span class='ocrx_word' id='word_1_309' title='bbox 781 2927 905 2966; x_wconf 91' lang='lat' dir='ltr'><strong>cum</strong></span> <span class='ocrx_word' id='word_1_310' title='bbox 944 2912 1052 2966; x_wconf 89' lang='lat' dir='ltr'><strong>telo</strong></span> <span class='ocrx_word' id='word_1_311' title='bbox 1083 2913 1476 2978; x_wconf 80' lang='lat' dir='ltr'><strong>roniodissem,</strong></span> <span class='ocrx_word' id='word_1_312' title='bbox 1509 2924 1743 2973; x_wconf 91' lang='lat' dir='ltr'><strong>cunctos</strong></span> <span class='ocrx_word' id='word_1_313' title='bbox 1784 2917 1992 2989; x_wconf 82' lang='lat' dir='ltr'><strong>fugavi.</strong></span> <span class='ocrx_word' id='word_1_314' title='bbox 2025 2915 2150 2972; x_wconf 87' lang='lat' dir='ltr'><strong>Vul-</strong></span> 
     </span>
    </p>
   </div>
   <div class='ocr_carea' id='block_1_47' title="bbox 555 3002 2150 3079">
    <p class='ocr_par' dir='ltr' id='par_1_47' title="bbox 555 3002 2150 3079">
     <span class='ocr_line' id='line_1_47' title="bbox 555 3002 2150 3079; baseline 0.007 -23"><span class='ocrx_word' id='word_1_315' title='bbox 555 3004 708 3058; x_wconf 88' lang='lat' dir='ltr'><strong>neris</strong></span> <span class='ocrx_word' id='word_1_316' title='bbox 741 3002 900 3060; x_wconf 89' lang='lat' dir='ltr'><strong>istius</strong></span> <span class='ocrx_word' id='word_1_317' title='bbox 937 3019 1108 3060; x_wconf 88' lang='lat' dir='ltr'><strong>causa</strong></span> <span class='ocrx_word' id='word_1_318' title='bbox 1154 3005 1416 3072; x_wconf 88' lang='lat' dir='ltr'><strong>moritur,</strong></span> <span class='ocrx_word' id='word_1_319' title='bbox 1453 3007 1655 3079; x_wconf 87' lang='lat' dir='ltr'><strong>inquit,</strong></span> <span class='ocrx_word' id='word_1_320' title='bbox 1713 3009 1892 3064; x_wconf 84' lang='lat' dir='ltr'><strong>hostis</strong></span> <span class='ocrx_word' id='word_1_321' title='bbox 1944 3019 2150 3067; x_wconf 80' lang='lat' dir='ltr'><strong>noster.</strong></span> 
     </span>
    </p>
   </div>
   <div class='ocr_carea' id='block_1_48' title="bbox 557 3093 2153 3173">
    <p class='ocr_par' dir='ltr' id='par_1_48' title="bbox 557 3093 2153 3173">
     <span class='ocr_line' id='line_1_48' title="bbox 557 3093 2153 3173; baseline 0.009 -30"><span class='ocrx_word' id='word_1_322' title='bbox 557 3093 934 3162; x_wconf 82' lang='lat' dir='ltr'><strong>Postmodum,</strong></span> <span class='ocrx_word' id='word_1_323' title='bbox 957 3094 1250 3152; x_wconf 89' lang='lat' dir='ltr'><strong>occasione</strong></span> <span class='ocrx_word' id='word_1_324' title='bbox 1280 3107 1461 3169; x_wconf 87' lang='lat' dir='ltr'><strong>capta,</strong></span> <span class='ocrx_word' id='word_1_325' title='bbox 1499 3098 1801 3156; x_wconf 87' lang='lat' dir='ltr'><strong>Ecclesiam</strong></span> <span class='ocrx_word' id='word_1_326' title='bbox 1831 3104 2153 3173; x_wconf 88' lang='lat' dir='ltr'><strong>depopulari</strong></span> 
     </span>
    </p>
   </div>
   <div class='ocr_carea' id='block_1_49' title="bbox 556 3187 750 3259">
    <p class='ocr_par' dir='ltr' id='par_1_49' title="bbox 556 3187 750 3259">
     <span class='ocr_line' id='line_1_49' title="bbox 556 3187 750 3259; baseline 0.01 -17"><span class='ocrx_word' id='word_1_327' title='bbox 556 3187 750 3259; x_wconf 82' lang='lat' dir='ltr'><strong>coepit.</strong></span> 
     </span>
    </p>
   </div>
   <div class='ocr_carea' id='block_1_50' title="bbox 634 3371 2154 3447">
    <p class='ocr_par' dir='ltr' id='par_1_50' title="bbox 634 3371 2154 3447">
     <span class='ocr_line' id='line_1_50' title="bbox 634 3371 2154 3447; baseline 0.005 -23"><span class='ocrx_word' id='word_1_328' title='bbox 634 3373 799 3424; x_wconf 81' lang='lat' dir='ltr'><strong>Anno</strong></span> <span class='ocrx_word' id='word_1_329' title='bbox 828 3371 1042 3441; x_wconf 89' lang='lat' dir='ltr'><strong>imperii</strong></span> <span class='ocrx_word' id='word_1_330' title='bbox 1080 3373 1350 3442; x_wconf 88' lang='lat' dir='ltr'><strong>secundo,</strong></span> <span class='ocrx_word' id='word_1_331' title='bbox 1381 3371 1476 3429; x_wconf 90' lang='lat' dir='ltr'><strong>Dei</strong></span> <span class='ocrx_word' id='word_1_332' title='bbox 1508 3373 1716 3446; x_wconf 90' lang='lat' dir='ltr'><strong>judicia</strong></span> <span class='ocrx_word' id='word_1_333' title='bbox 1765 3377 1987 3431; x_wconf 88' lang='lat' dir='ltr'><strong>curiose</strong></span> <span class='ocrx_word' id='word_1_334' title='bbox 2026 3392 2154 3447; x_wconf 88' lang='lat' dir='ltr'><strong>per-</strong></span> 
     </span>
    </p>
   </div>
   <div class='ocr_carea' id='block_1_51' title="bbox 559 3461 2158 3538">
    <p class='ocr_par' dir='ltr' id='par_1_51' title="bbox 559 3461 2158 3538">
     <span class='ocr_line' id='line_1_51' title="bbox 559 3461 2158 3538; baseline 0.004 -22"><span class='ocrx_word' id='word_1_335' title='bbox 559 3469 836 3517; x_wconf 85' lang='lat' dir='ltr'><strong>scrutatus</strong></span> <span class='ocrx_word' id='word_1_336' title='bbox 869 3461 981 3518; x_wconf 91' lang='lat' dir='ltr'><strong>Leo</strong></span> <span class='ocrx_word' id='word_1_337' title='bbox 1009 3479 1204 3520; x_wconf 87' lang='lat' dir='ltr'><strong>scnsus</strong></span> <span class='ocrx_word' id='word_1_338' title='bbox 1239 3465 1496 3535; x_wconf 86' lang='lat' dir='ltr'><strong>ejusdem</strong></span> <span class='ocrx_word' id='word_1_339' title='bbox 1533 3467 1887 3522; x_wconf 89' lang='lat' dir='ltr'><strong>consortibus</strong></span> <span class='ocrx_word' id='word_1_340' title='bbox 1923 3469 2158 3538; x_wconf 86' lang='lat' dir='ltr'><strong>quibus-</strong></span> 
     </span>
    </p>
   </div>
   <div class='ocr_carea' id='block_1_52' title="bbox 555 3555 2157 3629">
    <p class='ocr_par' dir='ltr' id='par_1_52' title="bbox 555 3555 2157 3629">
     <span class='ocr_line' id='line_1_52' title="bbox 555 3555 2157 3629; baseline 0.006 -21"><span class='ocrx_word' id='word_1_341' title='bbox 555 3555 683 3609; x_wconf 85' lang='lat' dir='ltr'><strong>dam</strong></span> <span class='ocrx_word' id='word_1_342' title='bbox 721 3555 855 3609; x_wconf 89' lang='lat' dir='ltr'><strong>dicit</strong></span> <span class='ocrx_word' id='word_1_343' title='bbox 885 3574 898 3610; x_wconf 90' lang='lat'><strong>:</strong></span> <span class='ocrx_word' id='word_1_344' title='bbox 927 3555 1099 3628; x_wconf 81' lang='lat' dir='ltr'><strong>Cujus</strong></span> <span class='ocrx_word' id='word_1_345' title='bbox 1129 3573 1304 3613; x_wconf 89' lang='lat' dir='ltr'><strong>causa</strong></span> <span class='ocrx_word' id='word_1_346' title='bbox 1346 3559 1646 3629; x_wconf 78' lang='lat' dir='ltr'><strong>gentilibus</strong></span> <span class='ocrx_word' id='word_1_347' title='bbox 1686 3559 1977 3616; x_wconf 89' lang='lat' dir='ltr'><strong>inferiores</strong></span> <span class='ocrx_word' id='word_1_348' title='bbox 2028 3577 2157 3616; x_wconf 84' lang='lat' dir='ltr'><strong>cva-</strong></span> 
     </span>
    </p>
   </div>
   <div class='ocr_carea' id='block_1_53' title="bbox 558 3648 2158 3724">
    <p class='ocr_par' dir='ltr' id='par_1_53' title="bbox 558 3648 2158 3724">
     <span class='ocr_line' id='line_1_53' title="bbox 558 3648 2158 3724; baseline 0.004 -22"><span class='ocrx_word' id='word_1_349' title='bbox 558 3648 700 3703; x_wconf 88' lang='lat' dir='ltr'><strong>dunt</strong></span> <span class='ocrx_word' id='word_1_350' title='bbox 752 3649 1099 3705; x_wconf 77' lang='lat' dir='ltr'><strong>Christiani?</strong></span> <span class='ocrx_word' id='word_1_351' title='bbox 1148 3650 1304 3718; x_wconf 83' lang='lat' dir='ltr'><strong>Quod</strong></span> <span class='ocrx_word' id='word_1_352' title='bbox 1361 3651 1661 3708; x_wconf 86' lang='lat' dir='ltr'><strong>adorentur</strong></span> <span class='ocrx_word' id='word_1_353' title='bbox 1721 3653 2010 3724; x_wconf 75' lang='lat' dir='ltr'><strong>imagines,</strong></span> <span class='ocrx_word' id='word_1_354' title='bbox 2059 3670 2158 3710; x_wconf 87' lang='lat' dir='ltr'><strong>nec</strong></span> 
     </span>
    </p>
   </div>
   <div class='ocr_carea' id='block_1_54' title="bbox 559 3742 2158 3818">
    <p class='ocr_par' dir='ltr' id='par_1_54' title="bbox 559 3742 2158 3818">
     <span class='ocr_line' id='line_1_54' title="bbox 559 3742 2158 3818; baseline 0.005 -22"><span class='ocrx_word' id='word_1_355' title='bbox 559 3742 789 3797; x_wconf 87' lang='lat' dir='ltr'><strong>alterius</strong></span> <span class='ocrx_word' id='word_1_356' title='bbox 815 3757 967 3813; x_wconf 81' lang='lat' dir='ltr'><strong>ergo,</strong></span> <span class='ocrx_word' id='word_1_357' title='bbox 1001 3751 1064 3799; x_wconf 90' lang='lat' dir='ltr'><strong>ut</strong></span> <span class='ocrx_word' id='word_1_358' title='bbox 1096 3745 1236 3799; x_wconf 91' lang='lat' dir='ltr'><strong>mihi</strong></span> <span class='ocrx_word' id='word_1_359' title='bbox 1278 3746 1502 3815; x_wconf 89' lang='lat' dir='ltr'><strong>quidem</strong></span> <span class='ocrx_word' id='word_1_360' title='bbox 1532 3747 1748 3802; x_wconf 83' lang='lat' dir='ltr'><strong>videtur</strong></span> <span class='ocrx_word' id='word_1_361' title='bbox 1786 3767 1800 3803; x_wconf 89' lang='lat'><strong>:</strong></span> <span class='ocrx_word' id='word_1_362' title='bbox 1835 3764 2008 3818; x_wconf 85' lang='lat' dir='ltr'><strong>quare</strong></span> <span class='ocrx_word' id='word_1_363' title='bbox 2038 3749 2158 3804; x_wconf 79' lang='lat' dir='ltr'><strong>illus</strong></span> 
     </span>
    </p>
   </div>
   <div class='ocr_carea' id='block_1_55' title="bbox 560 3831 2158 3908">
    <p class='ocr_par' dir='ltr' id='par_1_55' title="bbox 560 3831 2158 3908">
     <span class='ocr_line' id='line_1_55' title="bbox 560 3831 2158 3908; baseline 0.006 -24"><span class='ocrx_word' id='word_1_364' title='bbox 560 3831 855 3886; x_wconf 87' lang='lat' dir='ltr'><strong>deturbare</strong></span> <span class='ocrx_word' id='word_1_365' title='bbox 877 3833 1223 3890; x_wconf 84' lang='lat' dir='ltr'><strong>estanimus.</strong></span> <span class='ocrx_word' id='word_1_366' title='bbox 1264 3835 1455 3891; x_wconf 78' lang='lat' dir='ltr'><strong>Videte</strong></span> <span class='ocrx_word' id='word_1_367' title='bbox 1489 3838 1718 3908; x_wconf 87' lang='lat' dir='ltr'><strong>quippe,</strong></span> <span class='ocrx_word' id='word_1_368' title='bbox 1753 3839 1958 3904; x_wconf 87' lang='lat' dir='ltr'><strong>aiebat,</strong></span> <span class='ocrx_word' id='word_1_369' title='bbox 1991 3848 2158 3907; x_wconf 87' lang='lat' dir='ltr'><strong>quot-</strong></span> 
     </span>
    </p>
   </div>
   <div class='ocr_carea' id='block_1_56' title="bbox 562 3923 2157 3997">
    <p class='ocr_par' dir='ltr' id='par_1_56' title="bbox 562 3923 2157 3997">
     <span class='ocr_line' id='line_1_56' title="bbox 562 3923 2157 3997; baseline 0.006 -21"><span class='ocrx_word' id='word_1_370' title='bbox 562 3932 701 3992; x_wconf 89' lang='lat' dir='ltr'><strong>quot</strong></span> <span class='ocrx_word' id='word_1_371' title='bbox 727 3923 1089 3992; x_wconf 84' lang='lat' dir='ltr'><strong>imperatores</strong></span> <span class='ocrx_word' id='word_1_372' title='bbox 1111 3938 1480 3997; x_wconf 87' lang='lat' dir='ltr'><strong>susceperunt</strong></span> <span class='ocrx_word' id='word_1_373' title='bbox 1504 3937 1559 3984; x_wconf 89' lang='lat' dir='ltr'><strong>et</strong></span> <span class='ocrx_word' id='word_1_374' title='bbox 1600 3931 1976 3985; x_wconf 87' lang='lat' dir='ltr'><strong>adoraveru-nt</strong></span> <span class='ocrx_word' id='word_1_375' title='bbox 2013 3932 2157 3995; x_wconf 87' lang='lat' dir='ltr'><strong>illas,</strong></span> 
     </span>
    </p>
   </div>
   <div class='ocr_carea' id='block_1_57' title="bbox 564 4017 2162 4097">
    <p class='ocr_par' dir='ltr' id='par_1_57' title="bbox 564 4017 2162 4097">
     <span class='ocr_line' id='line_1_57' title="bbox 564 4017 2162 4097; baseline 0.009 -28"><span class='ocrx_word' id='word_1_376' title='bbox 564 4017 846 4084; x_wconf 87' lang='lat' dir='ltr'><strong>perierunt</strong></span> <span class='ocrx_word' id='word_1_377' title='bbox 880 4035 894 4072; x_wconf 90' lang='lat'><strong>:</strong></span> <span class='ocrx_word' id='word_1_378' title='bbox 930 4017 983 4072; x_wconf 94' lang='lat' dir='ltr'><strong>hi</strong></span> <span class='ocrx_word' id='word_1_379' title='bbox 1025 4020 1249 4090; x_wconf 89' lang='lat' dir='ltr'><strong>quidem</strong></span> <span class='ocrx_word' id='word_1_380' title='bbox 1295 4022 1436 4078; x_wconf 87' lang='lat' dir='ltr'><strong>solio</strong></span> <span class='ocrx_word' id='word_1_381' title='bbox 1477 4023 1700 4094; x_wconf 89' lang='lat' dir='ltr'><strong>dejecti,</strong></span> <span class='ocrx_word' id='word_1_382' title='bbox 1736 4025 1828 4080; x_wconf 90' lang='lat' dir='ltr'><strong>alii</strong></span> <span class='ocrx_word' id='word_1_383' title='bbox 1862 4027 2009 4082; x_wconf 91' lang='lat' dir='ltr'><strong>bello</strong></span> <span class='ocrx_word' id='word_1_384' title='bbox 2040 4043 2162 4097; x_wconf 86' lang='lat' dir='ltr'><strong>pro-</strong></span> 
     </span>
    </p>
   </div>
   <div class='ocr_carea' id='block_1_58' title="bbox 563 4107 2164 4183">
    <p class='ocr_par' dir='ltr' id='par_1_58' title="bbox 563 4107 2164 4183">
     <span class='ocr_line' id='line_1_58' title="bbox 563 4107 2164 4183; baseline 0.01 -23"><span class='ocrx_word' id='word_1_385' title='bbox 563 4107 734 4180; x_wconf 78' lang='lat' dir='ltr'><strong>ﬂigati</strong></span> <span class='ocrx_word' id='word_1_386' title='bbox 763 4125 778 4162; x_wconf 91' lang='lat'><strong>:</strong></span> <span class='ocrx_word' id='word_1_387' title='bbox 809 4109 903 4179; x_wconf 89' lang='lat' dir='ltr'><strong>qui</strong></span> <span class='ocrx_word' id='word_1_388' title='bbox 948 4125 1058 4165; x_wconf 88' lang='lat' dir='ltr'><strong>non</strong></span> <span class='ocrx_word' id='word_1_389' title='bbox 1097 4112 1472 4169; x_wconf 88' lang='lat' dir='ltr'><strong>adoravcrunt</strong></span> <span class='ocrx_word' id='word_1_390' title='bbox 1505 4116 1632 4183; x_wconf 88' lang='lat' dir='ltr'><strong>soli,</strong></span> <span class='ocrx_word' id='word_1_391' title='bbox 1678 4123 1856 4172; x_wconf 89' lang='lat' dir='ltr'><strong>morte</strong></span> <span class='ocrx_word' id='word_1_392' title='bbox 1889 4119 2045 4174; x_wconf 80' lang='lat' dir='ltr'><strong>suavi</strong></span> <span class='ocrx_word' id='word_1_393' title='bbox 2080 4137 2164 4175; x_wconf 88' lang='lat' dir='ltr'><strong>re-</strong></span> 
     </span>
    </p>
   </div>
   <div class='ocr_carea' id='block_1_59' title="bbox 564 4201 2160 4275">
    <p class='ocr_par' dir='ltr' id='par_1_59' title="bbox 564 4201 2160 4275">
     <span class='ocr_line' id='line_1_59' title="bbox 564 4201 2160 4275; baseline 0.006 -19"><span class='ocrx_word' id='word_1_394' title='bbox 564 4209 718 4257; x_wconf 85' lang='lat' dir='ltr'><strong>tento</strong></span> <span class='ocrx_word' id='word_1_395' title='bbox 744 4201 978 4273; x_wconf 90' lang='lat' dir='ltr'><strong>imperio</strong></span> <span class='ocrx_word' id='word_1_396' title='bbox 1025 4206 1131 4260; x_wconf 88' lang='lat' dir='ltr'><strong>vita</strong></span> <span class='ocrx_word' id='word_1_397' title='bbox 1169 4205 1345 4262; x_wconf 86' lang='lat' dir='ltr'><strong>functi</strong></span> <span class='ocrx_word' id='word_1_398' title='bbox 1396 4219 1550 4275; x_wconf 85' lang='lat' dir='ltr'><strong>sunt,</strong></span> <span class='ocrx_word' id='word_1_399' title='bbox 1593 4220 1647 4265; x_wconf 88' lang='lat' dir='ltr'><strong>et.</strong></span> <span class='ocrx_word' id='word_1_400' title='bbox 1689 4226 1814 4266; x_wconf 91' lang='lat' dir='ltr'><strong>cum</strong></span> <span class='ocrx_word' id='word_1_401' title='bbox 1867 4211 2078 4267; x_wconf 89' lang='lat' dir='ltr'><strong>honore</strong></span> <span class='ocrx_word' id='word_1_402' title='bbox 2110 4212 2160 4266; x_wconf 89' lang='lat' dir='ltr'><strong>in</strong></span> 
     </span>
    </p>
   </div>
   <div class='ocr_carea' id='block_1_60' title="bbox 2246 1981 3818 2055">
    <p class='ocr_par' dir='ltr' id='par_1_60' title="bbox 2246 1981 3818 2055">
     <span class='ocr_line' id='line_1_60' title="bbox 2246 1981 3818 2055; baseline 0.001 -21"><span class='ocrx_word' id='word_1_403' title='bbox 2246 1981 2529 2054; x_wconf 84' lang='grc' dir='ltr'><strong>πέμπτην]</strong></span> <span class='ocrx_word' id='word_1_404' title='bbox 2557 1981 2652 2036; x_wconf 80' lang='grc' dir='ltr'>τοῦ</span> <span class='ocrx_word' id='word_1_405' title='bbox 2690 1983 2884 2054; x_wconf 85' lang='grc' dir='ltr'>Πάσχα</span> <span class='ocrx_word' id='word_1_406' title='bbox 2905 2024 2921 2050; x_wconf 97' lang='grc'><strong>,</strong></span> <span class='ocrx_word' id='word_1_407' title='bbox 2955 1983 2986 2036; x_wconf 91' lang='lat'><strong>6</strong></span> <span class='ocrx_word' id='word_1_408' title='bbox 3017 1983 3561 2054; x_wconf 79' lang='grc' dir='ltr'>πρωτοσουλγαρίας,</span> <span class='ocrx_word' id='word_1_409' title='bbox 3595 1984 3622 2036; x_wconf 90' lang='lat'><strong>6</strong></span> <span class='ocrx_word' id='word_1_410' title='bbox 3666 1983 3818 2055; x_wconf 76' lang='grc' dir='ltr'><strong>Κροῦο</strong></span> 
     </span>
    </p>
   </div>
   <div class='ocr_carea' id='block_1_61' title="bbox 2249 2073 3816 2149">
    <p class='ocr_par' dir='ltr' id='par_1_61' title="bbox 2249 2073 3816 2149">
     <span class='ocr_line' id='line_1_61' title="bbox 2249 2073 3816 2149; baseline 0.002 -22"><span class='ocrx_word' id='word_1_411' title='bbox 2249 2091 2351 2146; x_wconf 89' lang='grc' dir='ltr'><strong>μος</strong></span> <span class='ocrx_word' id='word_1_412' title='bbox 2387 2077 2416 2128; x_wconf 98' lang='lat'><strong>6</strong></span> <span class='ocrx_word' id='word_1_413' title='bbox 2464 2073 2808 2146; x_wconf 78' lang='grc' dir='ltr'>περίφημος,</span> <span class='ocrx_word' id='word_1_414' title='bbox 2850 2077 2879 2129; x_wconf 91' lang='lat'><strong>6</strong></span> <span class='ocrx_word' id='word_1_415' title='bbox 2904 2075 3009 2148; x_wconf 74' lang='grc' dir='ltr'><strong>τήν</strong></span> <span class='ocrx_word' id='word_1_416' title='bbox 3041 2077 3200 2131; x_wconf 87' lang='grc' dir='ltr'>πόλιν</span> <span class='ocrx_word' id='word_1_417' title='bbox 3254 2075 3402 2130; x_wconf 70' lang='grc' dir='ltr'>ἑλεῖν</span> <span class='ocrx_word' id='word_1_418' title='bbox 3459 2076 3816 2149; x_wconf 80' lang='grc' dir='ltr'>βουλευόμενος</span> 
     </span>
    </p>
   </div>
   <div class='ocr_carea' id='block_1_62' title="bbox 2247 2167 3817 2242">
    <p class='ocr_par' dir='ltr' id='par_1_62' title="bbox 2247 2167 3817 2242">
     <span class='ocr_line' id='line_1_62' title="bbox 2247 2167 3817 2242; baseline 0.001 -20"><span class='ocrx_word' id='word_1_419' title='bbox 2247 2167 2394 2222; x_wconf 81' lang='grc' dir='ltr'>τέλει</span> <span class='ocrx_word' id='word_1_420' title='bbox 2441 2167 2536 2222; x_wconf 78' lang='grc' dir='ltr'>τοῦ</span> <span class='ocrx_word' id='word_1_421' title='bbox 2569 2167 2690 2238; x_wconf 86' lang='grc' dir='ltr'>βίου</span> <span class='ocrx_word' id='word_1_422' title='bbox 2730 2169 3006 2241; x_wconf 77' lang='grc' dir='ltr'>ἐχρήσατο</span> <span class='ocrx_word' id='word_1_423' title='bbox 3055 2169 3308 2242; x_wconf 81' lang='grc' dir='ltr'>ἀοράτως</span> <span class='ocrx_word' id='word_1_424' title='bbox 3350 2169 3722 2239; x_wconf 77' lang='grc' dir='ltr'>σφαγιασθεὶς,</span> <span class='ocrx_word' id='word_1_425' title='bbox 3769 2171 3817 2235; x_wconf 73' lang='grc' dir='ltr'>ὃς</span> 
     </span>
    </p>
   </div>
   <div class='ocr_carea' id='block_1_63' title="bbox 2249 2257 3814 2329">
    <p class='ocr_par' dir='ltr' id='par_1_63' title="bbox 2249 2257 3814 2329">
     <span class='ocr_line' id='line_1_63' title="bbox 2249 2257 3814 2329; baseline 0 -17"><span class='ocrx_word' id='word_1_426' title='bbox 2249 2259 2345 2312; x_wconf 71' lang='grc' dir='ltr'><strong>καὶ</strong></span> <span class='ocrx_word' id='word_1_427' title='bbox 2369 2257 2644 2328; x_wconf 73' lang='grc' dir='ltr'>ἐξήγαγεν</span> <span class='ocrx_word' id='word_1_428' title='bbox 2674 2257 2925 2328; x_wconf 83' lang='grc' dir='ltr'>αἱμάτων</span> <span class='ocrx_word' id='word_1_429' title='bbox 2944 2260 3169 2329; x_wconf 80' lang='grc' dir='ltr'>ὀχετοὺς</span> <span class='ocrx_word' id='word_1_430' title='bbox 3205 2258 3295 2312; x_wconf 83' lang='grc' dir='ltr'><strong>διά</strong></span> <span class='ocrx_word' id='word_1_431' title='bbox 3331 2277 3393 2312; x_wconf 86' lang='grc' dir='ltr'><strong>τε</strong></span> <span class='ocrx_word' id='word_1_432' title='bbox 3426 2257 3522 2314; x_wconf 81' lang='grc' dir='ltr'>τοῦ</span> <span class='ocrx_word' id='word_1_433' title='bbox 3556 2260 3814 2328; x_wconf 74' lang='grc' dir='ltr'>στόματος,</span> 
     </span>
    </p>
   </div>
   <div class='ocr_carea' id='block_1_64' title="bbox 2249 2350 3817 2422">
    <p class='ocr_par' dir='ltr' id='par_1_64' title="bbox 2249 2350 3817 2422">
     <span class='ocr_line' id='line_1_64' title="bbox 2249 2350 3817 2422; baseline 0 -16"><span class='ocrx_word' id='word_1_434' title='bbox 2249 2355 2343 2406; x_wconf 74' lang='grc' dir='ltr'>καὶ</span> <span class='ocrx_word' id='word_1_435' title='bbox 2374 2351 2486 2405; x_wconf 87' lang='grc' dir='ltr'><strong>τῶν</strong></span> <span class='ocrx_word' id='word_1_436' title='bbox 2536 2350 2702 2422; x_wconf 82' lang='grc' dir='ltr'>ῥινῶν</span> <span class='ocrx_word' id='word_1_437' title='bbox 2754 2353 2854 2406; x_wconf 65' lang='grc' dir='ltr'><strong>καὶ⁹</strong></span> <span class='ocrx_word' id='word_1_438' title='bbox 2898 2351 3006 2405; x_wconf 86' lang='grc' dir='ltr'><strong>τῶν</strong></span> <span class='ocrx_word' id='word_1_439' title='bbox 3058 2351 3216 2406; x_wconf 82' lang='grc' dir='ltr'>ὤτων</span> <span class='ocrx_word' id='word_1_440' title='bbox 3247 2351 3451 2407; x_wconf 80' lang='grc' dir='ltr'>αὐτοῦ.</span> <span class='ocrx_word' id='word_1_441' title='bbox 3513 2352 3622 2406; x_wconf 81' lang='grc' dir='ltr'>Καὶ</span> <span class='ocrx_word' id='word_1_442' title='bbox 3670 2351 3817 2418; x_wconf 73' lang='grc' dir='ltr'>οὕτως</span> 
     </span>
    </p>
   </div>
   <div class='ocr_carea' id='block_1_65' title="bbox 2250 2443 3818 2516">
    <p class='ocr_par' dir='ltr' id='par_1_65' title="bbox 2250 2443 3818 2516">
     <span class='ocr_line' id='line_1_65' title="bbox 2250 2443 3818 2516; baseline -0.001 -16"><span class='ocrx_word' id='word_1_443' title='bbox 2250 2445 2554 2516; x_wconf 75' lang='grc' dir='ltr'>ἀνέρρηξεν</span> <span class='ocrx_word' id='word_1_444' title='bbox 2574 2445 2674 2516; x_wconf 81' lang='grc' dir='ltr'>τὴν</span> <span class='ocrx_word' id='word_1_445' title='bbox 2697 2443 2880 2516; x_wconf 79' lang='grc' dir='ltr'>ψυχὴν</span> <span class='ocrx_word' id='word_1_446' title='bbox 2905 2444 3070 2500; x_wconf 79' lang='grc' dir='ltr'>αὑτοῦ</span> <span class='ocrx_word' id='word_1_447' title='bbox 3099 2446 3156 2498; x_wconf 85' lang='grc' dir='ltr'><strong>ἐν</strong></span> <span class='ocrx_word' id='word_1_448' title='bbox 3183 2447 3397 2508; x_wconf 81' lang='grc' dir='ltr'>κακοῖς.</span> <span class='ocrx_word' id='word_1_449' title='bbox 3434 2445 3714 2516; x_wconf 66' lang='grc' dir='ltr'>Ἐπαρθεὶς</span> <span class='ocrx_word' id='word_1_450' title='bbox 3730 2446 3818 2499; x_wconf 88' lang='grc' dir='ltr'>τοί-</span> 
     </span>
    </p>
   </div>
   <div class='ocr_carea' id='block_1_66' title="bbox 2250 2537 3816 2610">
    <p class='ocr_par' dir='ltr' id='par_1_66' title="bbox 2250 2537 3816 2610">
     <span class='ocr_line' id='line_1_66' title="bbox 2250 2537 3816 2610; baseline -0.001 -19"><span class='ocrx_word' id='word_1_451' title='bbox 2250 2556 2345 2592; x_wconf 86' lang='grc' dir='ltr'>νυν</span> <span class='ocrx_word' id='word_1_452' title='bbox 2379 2537 2457 2608; x_wconf 87' lang='grc' dir='ltr'>τῷ</span> <span class='ocrx_word' id='word_1_453' title='bbox 2489 2539 2802 2610; x_wconf 79' lang='grc' dir='ltr'>φρονήματι</span> <span class='ocrx_word' id='word_1_454' title='bbox 2855 2538 2883 2590; x_wconf 89' lang='lat'><strong>6</strong></span> <span class='ocrx_word' id='word_1_455' title='bbox 2912 2537 3086 2603; x_wconf 83' lang='grc' dir='ltr'>Λέων,</span> <span class='ocrx_word' id='word_1_456' title='bbox 3121 2537 3198 2602; x_wconf 82' lang='grc' dir='ltr'>ὡς</span> <span class='ocrx_word' id='word_1_457' title='bbox 3227 2538 3310 2592; x_wconf 80' lang='grc' dir='ltr'>ὅτι</span> <span class='ocrx_word' id='word_1_458' title='bbox 3357 2537 3523 2602; x_wconf 80' lang='grc' dir='ltr'>αὐτὸς</span> <span class='ocrx_word' id='word_1_459' title='bbox 3553 2537 3816 2592; x_wconf 75' lang='grc' dir='ltr'>κατέϐαλεν</span> 
     </span>
    </p>
   </div>
   <div class='ocr_carea' id='block_1_67' title="bbox 2249 2630 3817 2702">
    <p class='ocr_par' dir='ltr' id='par_1_67' title="bbox 2249 2630 3817 2702">
     <span class='ocr_line' id='line_1_67' title="bbox 2249 2630 3817 2702; baseline -0.001 -17"><span class='ocrx_word' id='word_1_460' title='bbox 2249 2632 2342 2685; x_wconf 78' lang='grc' dir='ltr'>τὸν</span> <span class='ocrx_word' id='word_1_461' title='bbox 2367 2631 2626 2702; x_wconf 88' lang='grc' dir='ltr'>πόλεμον,</span> <span class='ocrx_word' id='word_1_462' title='bbox 2662 2632 2756 2684; x_wconf 75' lang='grc' dir='ltr'>καὶ</span> <span class='ocrx_word' id='word_1_463' title='bbox 2791 2631 2890 2701; x_wconf 86' lang='grc' dir='ltr'><strong>οὐχ</strong></span> <span class='ocrx_word' id='word_1_464' title='bbox 2920 2633 2947 2684; x_wconf 90' lang='lat'><strong>6</strong></span> <span class='ocrx_word' id='word_1_465' title='bbox 2967 2631 3122 2695; x_wconf 77' lang='grc' dir='ltr'>Θεὸς,</span> <span class='ocrx_word' id='word_1_466' title='bbox 3157 2630 3410 2702; x_wconf 71' lang='grc' dir='ltr'>ἔπεμψεν</span> <span class='ocrx_word' id='word_1_467' title='bbox 3442 2632 3522 2696; x_wconf 87' lang='grc' dir='ltr'><strong>είς</strong></span> <span class='ocrx_word' id='word_1_468' title='bbox 3547 2632 3713 2688; x_wconf 79' lang='grc' dir='ltr'>πάσας</span> <span class='ocrx_word' id='word_1_469' title='bbox 3737 2630 3817 2694; x_wconf 71' lang='grc' dir='ltr'><strong>τάς</strong></span> 
     </span>
    </p>
   </div>
   <div class='ocr_carea' id='block_1_68' title="bbox 2252 2717 3816 2796">
    <p class='ocr_par' dir='ltr' id='par_1_68' title="bbox 2252 2717 3816 2796">
     <span class='ocr_line' id='line_1_68' title="bbox 2252 2717 3816 2796; baseline -0.003 -16"><span class='ocrx_word' id='word_1_470' title='bbox 2252 2726 2440 2788; x_wconf 77' lang='grc' dir='ltr'>πόλεις</span> <span class='ocrx_word' id='word_1_471' title='bbox 2475 2725 2572 2778; x_wconf 72' lang='grc' dir='ltr'><strong>καὶ</strong></span> <span class='ocrx_word' id='word_1_472' title='bbox 2628 2723 2816 2796; x_wconf 85' lang='grc' dir='ltr'>χώρας</span> <span class='ocrx_word' id='word_1_473' title='bbox 2861 2724 3100 2796; x_wconf 86' lang='grc' dir='ltr'>σάκρας,</span> <span class='ocrx_word' id='word_1_474' title='bbox 3156 2725 3531 2793; x_wconf 82' lang='grc' dir='ltr'>ἀναγγέλλων,</span> <span class='ocrx_word' id='word_1_475' title='bbox 3565 2725 3642 2778; x_wconf 85' lang='grc' dir='ltr'><strong>ὅτι</strong></span> <span class='ocrx_word' id='word_1_476' title='bbox 3673 2717 3816 2791; x_wconf 73' lang='grc' dir='ltr'>Εὗρον</span> 
     </span>
    </p>
   </div>
   <div class='ocr_carea' id='block_1_69' title="bbox 2251 2813 3816 2888">
    <p class='ocr_par' dir='ltr' id='par_1_69' title="bbox 2251 2813 3816 2888">
     <span class='ocr_line' id='line_1_69' title="bbox 2251 2813 3816 2888; baseline -0.001 -18"><span class='ocrx_word' id='word_1_477' title='bbox 2251 2819 2381 2881; x_wconf 78' lang='grc' dir='ltr'>τοὺς</span> <span class='ocrx_word' id='word_1_478' title='bbox 2411 2815 2760 2888; x_wconf 85' lang='grc' dir='ltr'>Βουλγάρους</span> <span class='ocrx_word' id='word_1_479' title='bbox 2803 2817 2970 2885; x_wconf 82' lang='grc' dir='ltr'>ἐγγὺς</span> <span class='ocrx_word' id='word_1_480' title='bbox 3029 2813 3192 2879; x_wconf 75' lang='grc' dir='ltr'>δντας</span> <span class='ocrx_word' id='word_1_481' title='bbox 3234 2818 3338 2888; x_wconf 85' lang='grc' dir='ltr'>τῆς</span> <span class='ocrx_word' id='word_1_482' title='bbox 3376 2816 3605 2880; x_wconf 81' lang='grc' dir='ltr'>πόλεως,</span> <span class='ocrx_word' id='word_1_483' title='bbox 3640 2815 3816 2870; x_wconf 75' lang='grc' dir='ltr'>καὶδιᾶ</span> 
     </span>
    </p>
   </div>
   <div class='ocr_carea' id='block_1_70' title="bbox 2253 2907 3816 2982">
    <p class='ocr_par' dir='ltr' id='par_1_70' title="bbox 2253 2907 3816 2982">
     <span class='ocr_line' id='line_1_70' title="bbox 2253 2907 3816 2982; baseline -0.003 -18"><span class='ocrx_word' id='word_1_484' title='bbox 2253 2911 2351 2980; x_wconf 81' lang='grc' dir='ltr'><strong>τῆς</strong></span> <span class='ocrx_word' id='word_1_485' title='bbox 2384 2911 2724 2982; x_wconf 86' lang='grc' dir='ltr'>φρονήσεως,</span> <span class='ocrx_word' id='word_1_486' title='bbox 2778 2909 2872 2963; x_wconf 79' lang='grc' dir='ltr'><strong>καὶ</strong></span> <span class='ocrx_word' id='word_1_487' title='bbox 2927 2907 3202 2978; x_wconf 84' lang='grc' dir='ltr'>ἀνδρείας,</span> <span class='ocrx_word' id='word_1_488' title='bbox 3255 2909 3355 2962; x_wconf 73' lang='grc' dir='ltr'><strong>καὶ</strong></span> <span class='ocrx_word' id='word_1_489' title='bbox 3411 2908 3700 2978; x_wconf 82' lang='grc' dir='ltr'>ἐπαγωγῆς</span> <span class='ocrx_word' id='word_1_490' title='bbox 3731 2920 3816 2977; x_wconf 78' lang='grc' dir='ltr'><strong>μου</strong></span> 
     </span>
    </p>
   </div>
   <div class='ocr_carea' id='block_1_71' title="bbox 2252 3001 3818 3076">
    <p class='ocr_par' dir='ltr' id='par_1_71' title="bbox 2252 3001 3818 3076">
     <span class='ocr_line' id='line_1_71' title="bbox 2252 3001 3818 3076; baseline -0.004 -18"><span class='ocrx_word' id='word_1_491' title='bbox 2252 3003 2514 3070; x_wconf 79' lang='grc' dir='ltr'>τοξεύσας</span> <span class='ocrx_word' id='word_1_492' title='bbox 2537 3004 2628 3057; x_wconf 85' lang='grc' dir='ltr'><strong>τὸν</strong></span> <span class='ocrx_word' id='word_1_493' title='bbox 2655 3004 2876 3076; x_wconf 87' lang='grc' dir='ltr'>πρῶτον</span> <span class='ocrx_word' id='word_1_494' title='bbox 2909 3001 3114 3068; x_wconf 81' lang='grc' dir='ltr'>αὐτῶν,</span> <span class='ocrx_word' id='word_1_495' title='bbox 3152 3003 3364 3066; x_wconf 84' lang='grc' dir='ltr'>πάντας</span> <span class='ocrx_word' id='word_1_496' title='bbox 3393 3002 3662 3074; x_wconf 82' lang='grc' dir='ltr'>ἀπήλασα.</span> <span class='ocrx_word' id='word_1_497' title='bbox 3709 3001 3818 3053; x_wconf 82' lang='grc' dir='ltr'>Ὀσο</span> 
     </span>
    </p>
   </div>
   <div class='ocr_carea' id='block_1_72' title="bbox 2254 3091 3817 3167">
    <p class='ocr_par' dir='ltr' id='par_1_72' title="bbox 2254 3091 3817 3167">
     <span class='ocr_line' id='line_1_72' title="bbox 2254 3091 3817 3167; baseline -0.003 -17"><span class='ocrx_word' id='word_1_498' title='bbox 2254 3115 2339 3161; x_wconf 79' lang='grc' dir='ltr'><strong>τις</strong></span> <span class='ocrx_word' id='word_1_499' title='bbox 2371 3099 2465 3150; x_wconf 76' lang='grc' dir='ltr'>καὶ</span> <span class='ocrx_word' id='word_1_500' title='bbox 2503 3097 2590 3151; x_wconf 80' lang='grc' dir='ltr'>διὰ</span> <span class='ocrx_word' id='word_1_501' title='bbox 2623 3096 2724 3166; x_wconf 86' lang='grc' dir='ltr'>τὴν</span> <span class='ocrx_word' id='word_1_502' title='bbox 2760 3097 3038 3167; x_wconf 81' lang='grc' dir='ltr'>πρόφασιν</span> <span class='ocrx_word' id='word_1_503' title='bbox 3069 3097 3277 3164; x_wconf 84' lang='grc' dir='ltr'>ταύτην</span> <span class='ocrx_word' id='word_1_504' title='bbox 3310 3094 3674 3166; x_wconf 76' lang='grc' dir='ltr'>ἀποθνήσκει,</span> <span class='ocrx_word' id='word_1_505' title='bbox 3713 3091 3817 3163; x_wconf 75' lang='grc' dir='ltr'>ἔφη,</span> 
     </span>
    </p>
   </div>
   <div class='ocr_carea' id='block_1_73' title="bbox 2256 3179 3822 3258">
    <p class='ocr_par' dir='ltr' id='par_1_73' title="bbox 2256 3179 3822 3258">
     <span class='ocr_line' id='line_1_73' title="bbox 2256 3179 3822 3258; baseline -0.004 -17"><span class='ocrx_word' id='word_1_506' title='bbox 2256 3189 2284 3242; x_wconf 81' lang='grc' dir='ltr'>ὁ</span> <span class='ocrx_word' id='word_1_507' title='bbox 2310 3187 2502 3258; x_wconf 83' lang='grc' dir='ltr'>ἐχθρὸς</span> <span class='ocrx_word' id='word_1_508' title='bbox 2531 3187 2711 3258; x_wconf 79' lang='grc' dir='ltr'>ἡμῶν.</span> <span class='ocrx_word' id='word_1_509' title='bbox 2744 3188 2858 3239; x_wconf 76' lang='grc' dir='ltr'><strong>Καὶ</strong></span> <span class='ocrx_word' id='word_1_510' title='bbox 2887 3185 3076 3239; x_wconf 80' lang='grc' dir='ltr'>λοιπὸν</span> <span class='ocrx_word' id='word_1_511' title='bbox 3113 3184 3254 3255; x_wconf 83' lang='grc' dir='ltr'>μετά</span> <span class='ocrx_word' id='word_1_512' title='bbox 3275 3183 3442 3238; x_wconf 82' lang='grc' dir='ltr'>τοῦτο</span> <span class='ocrx_word' id='word_1_513' title='bbox 3469 3179 3643 3238; x_wconf 77' lang='grc' dir='ltr'>λαϐὼν</span> <span class='ocrx_word' id='word_1_514' title='bbox 3664 3182 3822 3235; x_wconf 67' lang='grc' dir='ltr'>εὐκαιε</span> 
     </span>
    </p>
   </div>
   <div class='ocr_carea' id='block_1_74' title="bbox 2259 3276 3410 3351">
    <p class='ocr_par' dir='ltr' id='par_1_74' title="bbox 2259 3276 3410 3351">
     <span class='ocr_line' id='line_1_74' title="bbox 2259 3276 3410 3351; baseline -0.002 -17"><span class='ocrx_word' id='word_1_515' title='bbox 2259 3281 2380 3351; x_wconf 88' lang='grc' dir='ltr'>ρίαν</span> <span class='ocrx_word' id='word_1_516' title='bbox 2419 3279 2625 3351; x_wconf 81' lang='grc' dir='ltr'>ήρξατο</span> <span class='ocrx_word' id='word_1_517' title='bbox 2657 3279 2885 3348; x_wconf 79' lang='grc' dir='ltr'>πορθεῖν</span> <span class='ocrx_word' id='word_1_518' title='bbox 2913 3277 3014 3348; x_wconf 77' lang='grc' dir='ltr'>τὴν</span> <span class='ocrx_word' id='word_1_519' title='bbox 3052 3276 3410 3347; x_wconf 82' lang='grc' dir='ltr'>Ἐκκλησίαν.</span> 
     </span>
    </p>
   </div>
   <div class='ocr_carea' id='block_1_75' title="bbox 2328 3366 3824 3443">
    <p class='ocr_par' dir='ltr' id='par_1_75' title="bbox 2328 3366 3824 3443">
     <span class='ocr_line' id='line_1_75' title="bbox 2328 3366 3824 3443; baseline -0.005 -17"><span class='ocrx_word' id='word_1_520' title='bbox 2328 3373 2580 3443; x_wconf 78' lang='grc' dir='ltr'>Δευτέρῳ</span> <span class='ocrx_word' id='word_1_521' title='bbox 2615 3369 2726 3424; x_wconf 82' lang='grc' dir='ltr'>ἐτει</span> <span class='ocrx_word' id='word_1_522' title='bbox 2750 3371 2849 3438; x_wconf 79' lang='grc' dir='ltr'>τῆς</span> <span class='ocrx_word' id='word_1_523' title='bbox 2882 3369 3162 3439; x_wconf 82' lang='grc' dir='ltr'>βασιλείας</span> <span class='ocrx_word' id='word_1_524' title='bbox 3221 3369 3392 3424; x_wconf 81' lang='grc' dir='ltr'>αὐτοῦ</span> <span class='ocrx_word' id='word_1_525' title='bbox 3425 3366 3824 3441; x_wconf 69' lang='grc' dir='ltr'>περιεργαζόμε-</span> 
     </span>
    </p>
   </div>
   <div class='ocr_carea' id='block_1_76' title="bbox 2257 3458 3825 3533">
    <p class='ocr_par' dir='ltr' id='par_1_76' title="bbox 2257 3458 3825 3533">
     <span class='ocr_line' id='line_1_76' title="bbox 2257 3458 3825 3533; baseline -0.006 -13"><span class='ocrx_word' id='word_1_526' title='bbox 2257 3483 2348 3526; x_wconf 90' lang='grc' dir='ltr'><strong>νος</strong></span> <span class='ocrx_word' id='word_1_527' title='bbox 2379 3465 2518 3519; x_wconf 80' lang='grc' dir='ltr'>κατὰ</span> <span class='ocrx_word' id='word_1_528' title='bbox 2545 3461 2656 3517; x_wconf 87' lang='grc' dir='ltr'><strong>τῶν</strong></span> <span class='ocrx_word' id='word_1_529' title='bbox 2682 3462 2778 3516; x_wconf 80' lang='grc' dir='ltr'>τοῦ</span> <span class='ocrx_word' id='word_1_530' title='bbox 2834 3460 2972 3515; x_wconf 78' lang='grc' dir='ltr'>Θεοῦ</span> <span class='ocrx_word' id='word_1_531' title='bbox 3011 3460 3324 3533; x_wconf 80' lang='grc' dir='ltr'>κριμάτων,</span> <span class='ocrx_word' id='word_1_532' title='bbox 3382 3462 3479 3515; x_wconf 76' lang='grc' dir='ltr'>καὶ</span> <span class='ocrx_word' id='word_1_533' title='bbox 3519 3461 3686 3529; x_wconf 87' lang='grc' dir='ltr'>λέγων</span> <span class='ocrx_word' id='word_1_534' title='bbox 3712 3458 3825 3529; x_wconf 77' lang='grc' dir='ltr'>πρὸς</span> 
     </span>
    </p>
   </div>
   <div class='ocr_carea' id='block_1_77' title="bbox 2257 3547 3826 3628">
    <p class='ocr_par' dir='ltr' id='par_1_77' title="bbox 2257 3547 3826 3628">
     <span class='ocr_line' id='line_1_77' title="bbox 2257 3547 3826 3628; baseline -0.005 -18"><span class='ocrx_word' id='word_1_535' title='bbox 2257 3576 2413 3621; x_wconf 86' lang='grc' dir='ltr'>τινας</span> <span class='ocrx_word' id='word_1_536' title='bbox 2445 3558 2758 3628; x_wconf 75' lang='grc' dir='ltr'>ὁμόφρονας</span> <span class='ocrx_word' id='word_1_537' title='bbox 2791 3555 2980 3619; x_wconf 79' lang='grc' dir='ltr'>αὑτοῦ,</span> <span class='ocrx_word' id='word_1_538' title='bbox 3007 3553 3266 3615; x_wconf 83' lang='grc' dir='ltr'>ὅτιΤίνος</span> <span class='ocrx_word' id='word_1_539' title='bbox 3299 3553 3511 3621; x_wconf 74' lang='grc' dir='ltr'>ἕνεκεν,</span> <span class='ocrx_word' id='word_1_540' title='bbox 3553 3552 3701 3624; x_wconf 75' lang='grc' dir='ltr'>φησὶ,</span> <span class='ocrx_word' id='word_1_541' title='bbox 3725 3547 3826 3604; x_wconf 83' lang='grc' dir='ltr'>ταῦ·</span> 
     </span>
    </p>
   </div>
   <div class='ocr_carea' id='block_1_78' title="bbox 2258 3643 3826 3720">
    <p class='ocr_par' dir='ltr' id='par_1_78' title="bbox 2258 3643 3826 3720">
     <span class='ocr_line' id='line_1_78' title="bbox 2258 3643 3826 3720; baseline -0.01 -14"><span class='ocrx_word' id='word_1_542' title='bbox 2258 3653 2328 3706; x_wconf 88' lang='grc' dir='ltr'><strong>τά</strong></span> <span class='ocrx_word' id='word_1_543' title='bbox 2352 3668 2469 3714; x_wconf 84' lang='grc' dir='ltr'><strong>πως</strong></span> <span class='ocrx_word' id='word_1_544' title='bbox 2504 3649 2722 3720; x_wconf 74' lang='grc' dir='ltr'>ἔχουσιν</span> <span class='ocrx_word' id='word_1_545' title='bbox 2756 3647 2869 3719; x_wconf 82' lang='grc' dir='ltr'><strong>(Η)</strong></span> <span class='ocrx_word' id='word_1_546' title='bbox 2899 3649 2949 3700; x_wconf 82' lang='lat' dir='ltr'><strong>oi</strong></span> <span class='ocrx_word' id='word_1_547' title='bbox 2974 3645 3296 3718; x_wconf 77' lang='grc' dir='ltr'>Χριστιανοὶ</span> <span class='ocrx_word' id='word_1_548' title='bbox 3329 3643 3826 3716; x_wconf 85' lang='grc' dir='ltr'>κατακυριευόμενοι</span> 
     </span>
    </p>
   </div>
   <div class='ocr_carea' id='block_1_79' title="bbox 2262 3731 3828 3811">
    <p class='ocr_par' dir='ltr' id='par_1_79' title="bbox 2262 3731 3828 3811">
     <span class='ocr_line' id='line_1_79' title="bbox 2262 3731 3828 3811; baseline -0.009 -12"><span class='ocrx_word' id='word_1_549' title='bbox 2262 3745 2369 3800; x_wconf 71' lang='grc' dir='ltr'>ὑπὸ</span> <span class='ocrx_word' id='word_1_550' title='bbox 2391 3743 2500 3797; x_wconf 88' lang='grc' dir='ltr'><strong>τῶν</strong></span> <span class='ocrx_word' id='word_1_551' title='bbox 2522 3742 2695 3796; x_wconf 87' lang='grc' dir='ltr'>ἐθνῶν</span> <span class='ocrx_word' id='word_1_552' title='bbox 2718 3760 2732 3806; x_wconf 91' lang='grc'><strong>;</strong></span> <span class='ocrx_word' id='word_1_553' title='bbox 2769 3739 2925 3811; x_wconf 75' lang='grc' dir='ltr'>Ἐμοὶ</span> <span class='ocrx_word' id='word_1_554' title='bbox 2950 3738 3202 3808; x_wconf 74' lang='grc' dir='ltr'>δοκεῐδιὰ</span> <span class='ocrx_word' id='word_1_555' title='bbox 3224 3738 3286 3791; x_wconf 81' lang='grc' dir='ltr'><strong>τὸ</strong></span> <span class='ocrx_word' id='word_1_556' title='bbox 3317 3735 3731 3810; x_wconf 82' lang='grc' dir='ltr'>προσκυνεῖσθαι</span> <span class='ocrx_word' id='word_1_557' title='bbox 3747 3731 3828 3794; x_wconf 84' lang='grc' dir='ltr'>τὰς</span> 
     </span>
    </p>
   </div>
   <div class='ocr_carea' id='block_1_80' title="bbox 2261 3830 3828 3901">
    <p class='ocr_par' dir='ltr' id='par_1_80' title="bbox 2261 3830 3828 3901">
     <span class='ocr_line' id='line_1_80' title="bbox 2261 3830 3828 3901; baseline -0.009 -11"><span class='ocrx_word' id='word_1_558' title='bbox 2261 3837 2503 3901; x_wconf 77' lang='grc' dir='ltr'>εἰκόνας,</span> <span class='ocrx_word' id='word_1_559' title='bbox 2539 3837 2635 3889; x_wconf 78' lang='grc' dir='ltr'>καὶ</span> <span class='ocrx_word' id='word_1_560' title='bbox 2677 3833 2809 3888; x_wconf 81' lang='grc' dir='ltr'>ἄλλο</span> <span class='ocrx_word' id='word_1_561' title='bbox 2841 3832 3028 3886; x_wconf 79' lang='grc' dir='ltr'>οὐδέν·</span> <span class='ocrx_word' id='word_1_562' title='bbox 3071 3831 3168 3885; x_wconf 72' lang='grc' dir='ltr'><strong>καὶ</strong></span> <span class='ocrx_word' id='word_1_563' title='bbox 3196 3830 3462 3901; x_wconf 89' lang='grc' dir='ltr'>βούλομαι</span> <span class='ocrx_word' id='word_1_564' title='bbox 3485 3830 3651 3892; x_wconf 83' lang='grc' dir='ltr'>αὐτὰς</span> <span class='ocrx_word' id='word_1_565' title='bbox 3687 3841 3828 3880; x_wconf 67' lang='lat' dir='ltr'><strong>xan-</strong></span> 
     </span>
    </p>
   </div>
   <div class='ocr_carea' id='block_1_81' title="bbox 2265 3917 3830 4000">
    <p class='ocr_par' dir='ltr' id='par_1_81' title="bbox 2265 3917 3830 4000">
     <span class='ocr_line' id='line_1_81' title="bbox 2265 3917 3830 4000; baseline -0.01 -18"><span class='ocrx_word' id='word_1_566' title='bbox 2265 3928 2516 4000; x_wconf 82' lang='grc' dir='ltr'>στρέψαι.</span> <span class='ocrx_word' id='word_1_567' title='bbox 2549 3924 2786 3979; x_wconf 80' lang='grc' dir='ltr'>Βλέπετε</span> <span class='ocrx_word' id='word_1_568' title='bbox 2818 3923 2950 3995; x_wconf 81' lang='grc' dir='ltr'>γὰρ,</span> <span class='ocrx_word' id='word_1_569' title='bbox 2988 3924 3175 3994; x_wconf 71' lang='grc' dir='ltr'>φησὶν,</span> <span class='ocrx_word' id='word_1_570' title='bbox 3199 3923 3313 3976; x_wconf 73' lang='grc' dir='ltr'>ὅσοι</span> <span class='ocrx_word' id='word_1_571' title='bbox 3346 3922 3587 3994; x_wconf 79' lang='grc' dir='ltr'>βασιλεῖς</span> <span class='ocrx_word' id='word_1_572' title='bbox 3613 3917 3830 3982; x_wconf 76' lang='grc' dir='ltr'>ἐδέξαντο</span> 
     </span>
    </p>
   </div>
   <div class='ocr_carea' id='block_1_82' title="bbox 2263 4008 3828 4091">
    <p class='ocr_par' dir='ltr' id='par_1_82' title="bbox 2263 4008 3828 4091">
     <span class='ocr_line' id='line_1_82' title="bbox 2263 4008 3828 4091; baseline -0.011 -16"><span class='ocrx_word' id='word_1_573' title='bbox 2263 4021 2362 4075; x_wconf 73' lang='grc' dir='ltr'><strong>καὶ</strong></span> <span class='ocrx_word' id='word_1_574' title='bbox 2409 4018 2833 4091; x_wconf 81' lang='grc' dir='ltr'>προσεκύνησαν</span> <span class='ocrx_word' id='word_1_575' title='bbox 2894 4016 3086 4081; x_wconf 79' lang='grc' dir='ltr'>αὑτάς,</span> <span class='ocrx_word' id='word_1_576' title='bbox 3117 4014 3415 4082; x_wconf 81' lang='grc' dir='ltr'>ἀπέθανον,</span> <span class='ocrx_word' id='word_1_577' title='bbox 3445 4015 3494 4068; x_wconf 78' lang='grc' dir='ltr'>οἱ</span> <span class='ocrx_word' id='word_1_578' title='bbox 3536 4013 3633 4084; x_wconf 83' lang='grc' dir='ltr'><strong>μὲν</strong></span> <span class='ocrx_word' id='word_1_579' title='bbox 3667 4008 3828 4063; x_wconf 72' lang='grc' dir='ltr'>ἐκδιω-</span> 
     </span>
    </p>
   </div>
   <div class='ocr_carea' id='block_1_83' title="bbox 2263 4097 3829 4184">
    <p class='ocr_par' dir='ltr' id='par_1_83' title="bbox 2263 4097 3829 4184">
     <span class='ocr_line' id='line_1_83' title="bbox 2263 4097 3829 4184; baseline -0.008 -19"><span class='ocrx_word' id='word_1_580' title='bbox 2263 4113 2513 4184; x_wconf 83' lang='grc' dir='ltr'>χθέντες,</span> <span class='ocrx_word' id='word_1_581' title='bbox 2545 4113 2593 4164; x_wconf 85' lang='grc' dir='ltr'><strong>οί</strong></span> <span class='ocrx_word' id='word_1_582' title='bbox 2614 4109 2671 4164; x_wconf 76' lang='grc' dir='ltr'>δὲ</span> <span class='ocrx_word' id='word_1_583' title='bbox 2703 4109 2762 4164; x_wconf 87' lang='grc' dir='ltr'><strong>ἐν</strong></span> <span class='ocrx_word' id='word_1_584' title='bbox 2804 4108 3034 4179; x_wconf 82' lang='grc' dir='ltr'>πολέμῳ</span> <span class='ocrx_word' id='word_1_585' title='bbox 3085 4107 3372 4170; x_wconf 84' lang='grc' dir='ltr'>πεσόντες.</span> <span class='ocrx_word' id='word_1_586' title='bbox 3420 4105 3588 4160; x_wconf 87' lang='grc' dir='ltr'>Μόνοι</span> <span class='ocrx_word' id='word_1_587' title='bbox 3615 4103 3669 4156; x_wconf 84' lang='grc' dir='ltr'>δὲ</span> <span class='ocrx_word' id='word_1_588' title='bbox 3701 4101 3747 4154; x_wconf 81' lang='lat' dir='ltr'><strong>ol</strong></span> <span class='ocrx_word' id='word_1_589' title='bbox 3770 4097 3829 4168; x_wconf 79' lang='grc' dir='ltr'><strong>μή</strong></span> 
     </span>
    </p>
   </div>
   <div class='ocr_carea' id='block_1_84' title="bbox 2267 4191 3831 4276">
    <p class='ocr_par' dir='ltr' id='par_1_84' title="bbox 2267 4191 3831 4276">
     <span class='ocr_line' id='line_1_84' title="bbox 2267 4191 3831 4276; baseline -0.009 -18"><span class='ocrx_word' id='word_1_590' title='bbox 2267 4203 2756 4276; x_wconf 81' lang='grc' dir='ltr'>προσκυνήσαντες</span> <span class='ocrx_word' id='word_1_591' title='bbox 2794 4201 2966 4264; x_wconf 73' lang='grc' dir='ltr'>αὑτὰς</span> <span class='ocrx_word' id='word_1_592' title='bbox 3000 4199 3117 4270; x_wconf 77' lang='grc' dir='ltr'>ἰδίῳ</span> <span class='ocrx_word' id='word_1_593' title='bbox 3151 4198 3372 4269; x_wconf 87' lang='grc' dir='ltr'>θανάτῳ</span> <span class='ocrx_word' id='word_1_594' title='bbox 3391 4197 3624 4258; x_wconf 70' lang='grc' dir='ltr'>ἕκαστος</span> <span class='ocrx_word' id='word_1_595' title='bbox 3652 4195 3727 4256; x_wconf 86' lang='grc' dir='ltr'>εἰς</span> <span class='ocrx_word' id='word_1_596' title='bbox 3749 4191 3831 4259; x_wconf 80' lang='grc' dir='ltr'>τὴν</span> 
     </span>
    </p>
   </div>
   <div class='ocr_carea' id='block_1_85' title="bbox 565 4290 2151 4373">
    <p class='ocr_par' dir='ltr' id='par_1_85' title="bbox 565 4296 2151 4372">
     <span class='ocr_line' id='line_1_85' title="bbox 565 4296 2151 4372; baseline 0.007 -22"><span class='ocrx_word' id='word_1_597' title='bbox 565 4296 962 4365; x_wconf 85' lang='lat' dir='ltr'><strong>imperatorum</strong></span> <span class='ocrx_word' id='word_1_598' title='bbox 991 4300 1262 4368; x_wconf 87' lang='lat' dir='ltr'><strong>sepulcris</strong></span> <span class='ocrx_word' id='word_1_599' title='bbox 1294 4302 1360 4356; x_wconf 87' lang='lat' dir='ltr'><strong>ad</strong></span> <span class='ocrx_word' id='word_1_600' title='bbox 1395 4301 1696 4372; x_wconf 81' lang='lat' dir='ltr'><strong>Apostoios</strong></span> <span class='ocrx_word' id='word_1_601' title='bbox 1745 4305 1898 4361; x_wconf 84' lang='lat' dir='ltr'><strong>elati.</strong></span> <span class='ocrx_word' id='word_1_602' title='bbox 1934 4308 2064 4360; x_wconf 82' lang='lat' dir='ltr'><strong>Eam</strong></span> <span class='ocrx_word' id='word_1_603' title='bbox 2096 4309 2151 4361; x_wconf 92' lang='lat' dir='ltr'><strong>ol</strong></span> 
     </span>
    </p>
   </div>
   <div class='ocr_carea' id='block_1_86' title="bbox 2252 4290 3832 4373">
    <p class='ocr_par' dir='ltr' id='par_1_86' title="bbox 2269 4290 3832 4373">
     <span class='ocr_line' id='line_1_86' title="bbox 2269 4290 3832 4373; baseline -0.006 -19"><span class='ocrx_word' id='word_1_604' title='bbox 2269 4301 2552 4373; x_wconf 85' lang='grc' dir='ltr'>βασιλείαν</span> <span class='ocrx_word' id='word_1_605' title='bbox 2584 4297 2751 4354; x_wconf 80' lang='grc' dir='ltr'>αὐτοῦ</span> <span class='ocrx_word' id='word_1_606' title='bbox 2806 4295 3191 4365; x_wconf 85' lang='grc' dir='ltr'>ἐτελεύτησεν,</span> <span class='ocrx_word' id='word_1_607' title='bbox 3226 4293 3319 4348; x_wconf 74' lang='grc' dir='ltr'>καὶ</span> <span class='ocrx_word' id='word_1_608' title='bbox 3365 4294 3505 4364; x_wconf 86' lang='grc' dir='ltr'><strong>μετά</strong></span> <span class='ocrx_word' id='word_1_609' title='bbox 3535 4290 3688 4361; x_wconf 87' lang='grc' dir='ltr'>δόξης</span> <span class='ocrx_word' id='word_1_610' title='bbox 3722 4301 3832 4356; x_wconf 78' lang='grc' dir='ltr'>προ·</span> 
     </span>
    </p>
   </div>
   <div class='ocr_carea' id='block_1_87' title="bbox 565 4377 2151 4468">
    <p class='ocr_par' dir='ltr' id='par_1_87' title="bbox 565 4385 2151 4468">
     <span class='ocr_line' id='line_1_87' title="bbox 565 4385 2151 4468; baseline 0.008 -27"><span class='ocrx_word' id='word_1_611' title='bbox 565 4402 682 4441; x_wconf 86' lang='lat' dir='ltr'><strong>rem</strong></span> <span class='ocrx_word' id='word_1_612' title='bbox 717 4385 964 4443; x_wconf 90' lang='lat' dir='ltr'><strong>imitator</strong></span> <span class='ocrx_word' id='word_1_613' title='bbox 990 4403 1180 4445; x_wconf 88' lang='lat' dir='ltr'><strong>eorum</strong></span> <span class='ocrx_word' id='word_1_614' title='bbox 1236 4393 1506 4463; x_wconf 84' lang='lat' dir='ltr'><strong>imagines</strong></span> <span class='ocrx_word' id='word_1_615' title='bbox 1536 4395 1744 4461; x_wconf 90' lang='lat' dir='ltr'><strong>tollam,</strong></span> <span class='ocrx_word' id='word_1_616' title='bbox 1778 4409 1836 4452; x_wconf 93' lang='lat' dir='ltr'><strong>ut</strong></span> <span class='ocrx_word' id='word_1_617' title='bbox 1873 4413 1976 4468; x_wconf 75' lang='lat' dir='ltr'><strong>ego</strong></span> <span class='ocrx_word' id='word_1_618' title='bbox 2006 4407 2058 4454; x_wconf 91' lang='lat' dir='ltr'><strong>et</strong></span> <span class='ocrx_word' id='word_1_619' title='bbox 2106 4400 2151 4454; x_wconf 26' lang='lat' dir='ltr'><strong>iii</strong></span> 
     </span>
    </p>
   </div>
   <div class='ocr_carea' id='block_1_88' title="bbox 2252 4377 3832 4468">
    <p class='ocr_par' dir='ltr' id='par_1_88' title="bbox 2268 4377 3832 4463">
     <span class='ocr_line' id='line_1_88' title="bbox 2268 4377 3832 4463; baseline -0.012 -16"><span class='ocrx_word' id='word_1_620' title='bbox 2268 4393 2555 4463; x_wconf 74' lang='grc' dir='ltr'>κομισθεὶς</span> <span class='ocrx_word' id='word_1_621' title='bbox 2576 4394 2657 4455; x_wconf 82' lang='grc' dir='ltr'><strong>είς</strong></span> <span class='ocrx_word' id='word_1_622' title='bbox 2683 4390 2753 4445; x_wconf 82' lang='grc' dir='ltr'>τὰ</span> <span class='ocrx_word' id='word_1_623' title='bbox 2780 4389 2889 4444; x_wconf 81' lang='grc' dir='ltr'><strong>τῶν</strong></span> <span class='ocrx_word' id='word_1_624' title='bbox 2922 4386 3192 4460; x_wconf 80' lang='grc' dir='ltr'>βασιλέων</span> <span class='ocrx_word' id='word_1_625' title='bbox 3236 4386 3580 4458; x_wconf 86' lang='grc' dir='ltr'>κοιμητήρια</span> <span class='ocrx_word' id='word_1_626' title='bbox 3605 4381 3764 4447; x_wconf 77' lang='grc' dir='ltr'>ἐτάφη</span> <span class='ocrx_word' id='word_1_627' title='bbox 3787 4377 3832 4427; x_wconf 77' lang='grc' dir='ltr'><strong>ἐν</strong></span> 
     </span>
    </p>
   </div>
   <div class='ocr_carea' id='block_1_89' title="bbox 565 4469 2151 4564">
    <p class='ocr_par' dir='ltr' id='par_1_89' title="bbox 565 4482 2146 4555">
     <span class='ocr_line' id='line_1_89' title="bbox 565 4482 2146 4555; baseline 0.004 -19"><span class='ocrx_word' id='word_1_628' title='bbox 565 4482 672 4538; x_wconf 83' lang='lat' dir='ltr'><strong>l-us</strong></span> <span class='ocrx_word' id='word_1_629' title='bbox 708 4497 864 4538; x_wconf 89' lang='lat' dir='ltr'><strong>meus</strong></span> <span class='ocrx_word' id='word_1_630' title='bbox 894 4483 948 4537; x_wconf 92' lang='lat' dir='ltr'><strong>in</strong></span> <span class='ocrx_word' id='word_1_631' title='bbox 1009 4483 1214 4539; x_wconf 90' lang='lat' dir='ltr'><strong>multos</strong></span> <span class='ocrx_word' id='word_1_632' title='bbox 1258 4500 1436 4540; x_wconf 90' lang='lat' dir='ltr'><strong>annos</strong></span> <span class='ocrx_word' id='word_1_633' title='bbox 1491 4486 1768 4555; x_wconf 87' lang='lat' dir='ltr'><strong>vivamus,</strong></span> <span class='ocrx_word' id='word_1_634' title='bbox 1815 4498 1870 4543; x_wconf 90' lang='lat' dir='ltr'><strong>et</strong></span> <span class='ocrx_word' id='word_1_635' title='bbox 1917 4500 2146 4544; x_wconf 68' lang='lat' dir='ltr'><strong>nostrum</strong></span> 
     </span>
    </p>
   </div>
   <div class='ocr_carea' id='block_1_90' title="bbox 2252 4469 3831 4564">
    <p class='ocr_par' dir='ltr' id='par_1_90' title="bbox 2268 4469 3831 4564">
     <span class='ocr_line' id='line_1_90' title="bbox 2268 4469 3831 4564; baseline -0.013 -23"><span class='ocrx_word' id='word_1_636' title='bbox 2268 4487 2382 4550; x_wconf 84' lang='grc' dir='ltr'>τοῖς</span> <span class='ocrx_word' id='word_1_637' title='bbox 2429 4483 2796 4548; x_wconf 80' lang='grc' dir='ltr'>Ἀποστὸλοις.</span> <span class='ocrx_word' id='word_1_638' title='bbox 2839 4480 3044 4536; x_wconf 78' lang='grc' dir='ltr'>Λοιπὸν</span> <span class='ocrx_word' id='word_1_639' title='bbox 3077 4479 3171 4535; x_wconf 74' lang='grc' dir='ltr'><strong>οὖν</strong></span> <span class='ocrx_word' id='word_1_640' title='bbox 3201 4478 3452 4542; x_wconf 78' lang='grc' dir='ltr'>ἐκείνους</span> <span class='ocrx_word' id='word_1_641' title='bbox 3485 4473 3642 4543; x_wconf 85' lang='grc' dir='ltr'>κάγὼ</span> <span class='ocrx_word' id='word_1_642' title='bbox 3670 4469 3831 4564; x_wconf 31' lang='lat' dir='ltr'><strong>petii—.07</strong></span> 
     </span>
    </p>
   </div>
   <div class='ocr_carea' id='block_1_91' title="bbox 565 4559 2151 4654">
    <p class='ocr_par' dir='ltr' id='par_1_91' title="bbox 565 4577 2151 4654">
     <span class='ocr_line' id='line_1_91' title="bbox 565 4577 2151 4654; baseline 0.005 -23"><span class='ocrx_word' id='word_1_643' title='bbox 565 4585 674 4632; x_wconf 87' lang='lat' dir='ltr'><strong>stet</strong></span> <span class='ocrx_word' id='word_1_644' title='bbox 704 4577 995 4650; x_wconf 89' lang='lat' dir='ltr'><strong>imperium</strong></span> <span class='ocrx_word' id='word_1_645' title='bbox 1020 4579 1088 4634; x_wconf 89' lang='lat' dir='ltr'><strong>ad</strong></span> <span class='ocrx_word' id='word_1_646' title='bbox 1132 4590 1387 4651; x_wconf 89' lang='lat' dir='ltr'><strong>quartam</strong></span> <span class='ocrx_word' id='word_1_647' title='bbox 1442 4589 1497 4637; x_wconf 89' lang='lat' dir='ltr'><strong>et</strong></span> <span class='ocrx_word' id='word_1_648' title='bbox 1542 4582 1795 4653; x_wconf 89' lang='lat' dir='ltr'><strong>quintam</strong></span> <span class='ocrx_word' id='word_1_649' title='bbox 1847 4584 2151 4654; x_wconf 76' lang='lat' dir='ltr'><strong>generatio-</strong></span> 
     </span>
    </p>
   </div>
   <div class='ocr_carea' id='block_1_92' title="bbox 2252 4559 3834 4654">
    <p class='ocr_par' dir='ltr' id='par_1_92' title="bbox 2274 4559 3834 4654">
     <span class='ocr_line' id='line_1_92' title="bbox 2274 4559 3834 4654; baseline -0.013 -19"><span class='ocrx_word' id='word_1_650' title='bbox 2274 4599 2372 4654; x_wconf 89' lang='grc' dir='ltr'><strong>μαι</strong></span> <span class='ocrx_word' id='word_1_651' title='bbox 2417 4577 2787 4652; x_wconf 80' lang='grc' dir='ltr'>μιμήσασθαι,</span> <span class='ocrx_word' id='word_1_652' title='bbox 2817 4576 2914 4631; x_wconf 76' lang='grc' dir='ltr'><strong>καὶ</strong></span> <span class='ocrx_word' id='word_1_653' title='bbox 2952 4573 3332 4645; x_wconf 77' lang='grc' dir='ltr'>καταστρέψαι</span> <span class='ocrx_word' id='word_1_654' title='bbox 3361 4571 3464 4634; x_wconf 81' lang='grc' dir='ltr'>τὰς</span> <span class='ocrx_word' id='word_1_655' title='bbox 3501 4568 3728 4629; x_wconf 81' lang='grc' dir='ltr'>εἰκόνας,</span> <span class='ocrx_word' id='word_1_656' title='bbox 3763 4559 3834 4613; x_wconf 67' lang='grc' dir='ltr'>ἵνα</span> 
     </span>
    </p>
   </div>
   <div class='ocr_carea' id='block_1_93' title="bbox 567 4661 2151 4754">
    <p class='ocr_par' dir='ltr' id='par_1_93' title="bbox 567 4671 2151 4745">
     <span class='ocr_line' id='line_1_93' title="bbox 567 4671 2151 4745; baseline 0.005 -20"><span class='ocrx_word' id='word_1_657' title='bbox 567 4685 694 4725; x_wconf 89' lang='lat' dir='ltr'><strong>nem</strong></span> <span class='ocrx_word' id='word_1_658' title='bbox 729 4689 746 4725; x_wconf 90' lang='lat'><strong>:</strong></span> <span class='ocrx_word' id='word_1_659' title='bbox 789 4671 846 4726; x_wconf 88' lang='lat' dir='ltr'><strong>in</strong></span> <span class='ocrx_word' id='word_1_660' title='bbox 877 4686 988 4742; x_wconf 92' lang='lat' dir='ltr'><strong>quo</strong></span> <span class='ocrx_word' id='word_1_661' title='bbox 1019 4673 1276 4743; x_wconf 89' lang='lat' dir='ltr'><strong>equidem</strong></span> <span class='ocrx_word' id='word_1_662' title='bbox 1311 4675 1566 4731; x_wconf 89' lang='lat' dir='ltr'><strong>misellus</strong></span> <span class='ocrx_word' id='word_1_663' title='bbox 1596 4676 1862 4733; x_wconf 89' lang='lat' dir='ltr'><strong>mentitus</strong></span> <span class='ocrx_word' id='word_1_664' title='bbox 1900 4688 2005 4745; x_wconf 91' lang='lat' dir='ltr'><strong>est,</strong></span> <span class='ocrx_word' id='word_1_665' title='bbox 2055 4678 2151 4733; x_wconf 84' lang='lat' dir='ltr'><strong>hoc</strong></span> 
     </span>
    </p>
   </div>
   <div class='ocr_carea' id='block_1_94' title="bbox 2252 4661 3834 4754">
    <p class='ocr_par' dir='ltr' id='par_1_94' title="bbox 2275 4661 3834 4754">
     <span class='ocr_line' id='line_1_94' title="bbox 2275 4661 3834 4754; baseline -0.008 -26"><span class='ocrx_word' id='word_1_666' title='bbox 2275 4677 2445 4729; x_wconf 77' lang='grc' dir='ltr'>πολὺν</span> <span class='ocrx_word' id='word_1_667' title='bbox 2478 4674 2632 4745; x_wconf 78' lang='grc' dir='ltr'>ζήσω</span> <span class='ocrx_word' id='word_1_668' title='bbox 2657 4672 2853 4744; x_wconf 84' lang='grc' dir='ltr'>χρόνον</span> <span class='ocrx_word' id='word_1_669' title='bbox 2886 4669 3044 4750; x_wconf 78' lang='grc' dir='ltr'><strong>κάγὼ</strong></span> <span class='ocrx_word' id='word_1_670' title='bbox 3078 4669 3175 4724; x_wconf 70' lang='grc' dir='ltr'>καὶ</span> <span class='ocrx_word' id='word_1_671' title='bbox 3212 4671 3241 4722; x_wconf 91' lang='lat'><strong>6</strong></span> <span class='ocrx_word' id='word_1_672' title='bbox 3273 4668 3388 4729; x_wconf 78' lang='grc' dir='ltr'>υἱός</span> <span class='ocrx_word' id='word_1_673' title='bbox 3441 4679 3566 4738; x_wconf 88' lang='grc' dir='ltr'>μου,</span> <span class='ocrx_word' id='word_1_674' title='bbox 3603 4661 3694 4754; x_wconf 66' lang='grc' dir='ltr'>καὶ</span> <span class='ocrx_word' id='word_1_675' title='bbox 3718 4670 3834 4754; x_wconf 59' lang='grc' dir='ltr'>κρα-</span> 
     </span>
    </p>
   </div>
   <div class='ocr_carea' id='block_1_95' title="bbox 565 4751 2151 4848">
    <p class='ocr_par' dir='ltr' id='par_1_95' title="bbox 565 4760 2151 4841">
     <span class='ocr_line' id='line_1_95' title="bbox 565 4760 2151 4841; baseline 0.005 -25"><span class='ocrx_word' id='word_1_676' title='bbox 565 4760 781 4817; x_wconf 84' lang='lat' dir='ltr'><strong>scelere</strong></span> <span class='ocrx_word' id='word_1_677' title='bbox 823 4762 1030 4818; x_wconf 75' lang='lat' dir='ltr'><strong>frustra</strong></span> <span class='ocrx_word' id='word_1_678' title='bbox 1082 4765 1348 4832; x_wconf 87' lang='lat' dir='ltr'><strong>admisso,</strong></span> <span class='ocrx_word' id='word_1_679' title='bbox 1401 4775 1462 4822; x_wconf 90' lang='lat' dir='ltr'><strong>ut</strong></span> <span class='ocrx_word' id='word_1_680' title='bbox 1499 4768 1847 4840; x_wconf 74' lang='lat' dir='ltr'><strong>syngraphen</strong></span> <span class='ocrx_word' id='word_1_681' title='bbox 1881 4771 2151 4841; x_wconf 90' lang='lat' dir='ltr'><strong>propriam</strong></span> 
     </span>
    </p>
   </div>
   <div class='ocr_carea' id='block_1_96' title="bbox 2252 4751 3834 4848">
    <p class='ocr_par' dir='ltr' id='par_1_96' title="bbox 2271 4751 3834 4848">
     <span class='ocr_line' id='line_1_96' title="bbox 2271 4751 3834 4848; baseline -0.009 -29"><span class='ocrx_word' id='word_1_682' title='bbox 2271 4767 2427 4838; x_wconf 83' lang='grc' dir='ltr'>τήσει</span> <span class='ocrx_word' id='word_1_683' title='bbox 2463 4767 2498 4835; x_wconf 88' lang='grc' dir='ltr'><strong>ή</strong></span> <span class='ocrx_word' id='word_1_684' title='bbox 2522 4763 2771 4836; x_wconf 85' lang='grc' dir='ltr'>βασιλεία</span> <span class='ocrx_word' id='word_1_685' title='bbox 2811 4761 2970 4834; x_wconf 81' lang='grc' dir='ltr'>ἡμῶν</span> <span class='ocrx_word' id='word_1_686' title='bbox 3004 4760 3112 4824; x_wconf 78' lang='grc' dir='ltr'>ἓως</span> <span class='ocrx_word' id='word_1_687' title='bbox 3147 4758 3416 4833; x_wconf 82' lang='grc' dir='ltr'>τετάρτης</span> <span class='ocrx_word' id='word_1_688' title='bbox 3470 4755 3567 4811; x_wconf 82' lang='grc' dir='ltr'>καὶ</span> <span class='ocrx_word' id='word_1_689' title='bbox 3594 4751 3834 4848; x_wconf 57' lang='grc' dir='ltr'><strong>⁸νιιέμτὲἰὶτις</strong></span> 
     </span>
    </p>
   </div>
   <div class='ocr_carea' id='block_1_97' title="bbox 569 4845 2151 4933">
    <p class='ocr_par' dir='ltr' id='par_1_97' title="bbox 569 4852 2151 4933">
     <span class='ocr_line' id='line_1_97' title="bbox 569 4852 2151 4933; baseline 0.009 -28"><span class='ocrx_word' id='word_1_690' title='bbox 569 4852 660 4907; x_wconf 89' lang='lat' dir='ltr'><strong>cui</strong></span> <span class='ocrx_word' id='word_1_691' title='bbox 693 4869 910 4909; x_wconf 79' lang='lat' dir='ltr'><strong>crucem</strong></span> <span class='ocrx_word' id='word_1_692' title='bbox 961 4871 1088 4910; x_wconf 93' lang='lat' dir='ltr'><strong>cum</strong></span> <span class='ocrx_word' id='word_1_693' title='bbox 1147 4859 1445 4915; x_wconf 87' lang='lat' dir='ltr'><strong>comitibus</strong></span> <span class='ocrx_word' id='word_1_694' title='bbox 1500 4859 1706 4928; x_wconf 73' lang='lat' dir='ltr'><strong>allixit,</strong></span> <span class='ocrx_word' id='word_1_695' title='bbox 1767 4862 2076 4933; x_wconf 79' lang='lat' dir='ltr'><strong>despiceret</strong></span> <span class='ocrx_word' id='word_1_696' title='bbox 2111 4875 2151 4919; x_wconf 80' lang='lat' dir='ltr'><strong>ct</strong></span> 
     </span>
    </p>
   </div>
   <div class='ocr_carea' id='block_1_98' title="bbox 2252 4845 3834 4933">
    <p class='ocr_par' dir='ltr' id='par_1_98' title="bbox 2272 4845 3834 4933">
     <span class='ocr_line' id='line_1_98' title="bbox 2272 4845 3834 4933; baseline -0.009 -21"><span class='ocrx_word' id='word_1_697' title='bbox 2272 4858 2470 4928; x_wconf 84' lang='grc' dir='ltr'>γενεᾶς</span> <span class='ocrx_word' id='word_1_698' title='bbox 2485 4874 2496 4886; x_wconf 87' lang='grc'><strong>·</strong></span> <span class='ocrx_word' id='word_1_699' title='bbox 2529 4857 2669 4928; x_wconf 85' lang='grc' dir='ltr'>ὅπερ</span> <span class='ocrx_word' id='word_1_700' title='bbox 2695 4853 2990 4925; x_wconf 82' lang='grc' dir='ltr'>διεψεύσθη</span> <span class='ocrx_word' id='word_1_701' title='bbox 3013 4851 3268 4916; x_wconf 81' lang='grc' dir='ltr'>δείλαιος,</span> <span class='ocrx_word' id='word_1_702' title='bbox 3287 4849 3569 4920; x_wconf 83' lang='grc' dir='ltr'>ἀνομήσας</span> <span class='ocrx_word' id='word_1_703' title='bbox 3587 4845 3834 4933; x_wconf 58' lang='grc' dir='ltr'>διακενῆςι</span> 
     </span>
    </p>
   </div>
   <div class='ocr_carea' id='block_1_99' title="bbox 570 4925 2151 5026">
    <p class='ocr_par' dir='ltr' id='par_1_99' title="bbox 570 4946 2151 5026">
     <span class='ocr_line' id='line_1_99' title="bbox 570 4946 2151 5026; baseline 0.009 -29"><span class='ocrx_word' id='word_1_704' title='bbox 570 4946 942 5015; x_wconf 87' lang='lat' dir='ltr'><strong>proculcaret.</strong></span> <span class='ocrx_word' id='word_1_705' title='bbox 1000 4947 1212 5006; x_wconf 80' lang='lat' dir='ltr'><strong>Exinde</strong></span> <span class='ocrx_word' id='word_1_706' title='bbox 1258 4951 1304 5006; x_wconf 90' lang='lat' dir='ltr'><strong>si</strong></span> <span class='ocrx_word' id='word_1_707' title='bbox 1344 4967 1510 5024; x_wconf 89' lang='lat' dir='ltr'><strong>quem</strong></span> <span class='ocrx_word' id='word_1_708' title='bbox 1555 4954 1702 5008; x_wconf 86' lang='lat' dir='ltr'><strong>votis</strong></span> <span class='ocrx_word' id='word_1_709' title='bbox 1754 4956 2151 5026; x_wconf 67' lang='lat' dir='ltr'><strong>conspiranten‘</strong></span> 
     </span>
    </p>
   </div>
   <div class='ocr_carea' id='block_1_100' title="bbox 2252 4925 3838 5026">
    <p class='ocr_par' dir='ltr' id='par_1_100' title="bbox 2273 4925 3838 5026">
     <span class='ocr_line' id='line_1_100' title="bbox 2273 4925 3838 5026; baseline -0.015 -22"><span class='ocrx_word' id='word_1_710' title='bbox 2273 4925 2368 5004; x_wconf 71' lang='grc' dir='ltr'><strong>καὶ</strong></span> <span class='ocrx_word' id='word_1_711' title='bbox 2403 4925 2798 5020; x_wconf 77' lang='grc' dir='ltr'>ἐπιλαθόμενος</span> <span class='ocrx_word' id='word_1_712' title='bbox 2847 4946 2908 5000; x_wconf 74' lang='grc' dir='ltr'>τὸ</span> <span class='ocrx_word' id='word_1_713' title='bbox 2969 4945 3276 5017; x_wconf 78' lang='grc' dir='ltr'>ίδιόχειρον,</span> <span class='ocrx_word' id='word_1_714' title='bbox 3343 4946 3436 4996; x_wconf 73' lang='grc' dir='ltr'><strong>καὶ</strong></span> <span class='ocrx_word' id='word_1_715' title='bbox 3469 4939 3718 5009; x_wconf 85' lang='grc' dir='ltr'>ἐποίησεν</span> <span class='ocrx_word' id='word_1_716' title='bbox 3757 4925 3838 5026; x_wconf 68' lang='grc' dir='ltr'><strong>καὶ</strong></span> 
     </span>
    </p>
   </div>
   <div class='ocr_carea' id='block_1_101' title="bbox 569 5024 2151 5117">
    <p class='ocr_par' dir='ltr' id='par_1_101' title="bbox 569 5040 2146 5116">
     <span class='ocr_line' id='line_1_101' title="bbox 569 5040 2146 5116; baseline 0.008 -24"><span class='ocrx_word' id='word_1_717' title='bbox 569 5040 858 5107; x_wconf 83' lang='lat' dir='ltr'><strong>reperiret,</strong></span> <span class='ocrx_word' id='word_1_718' title='bbox 882 5043 1050 5112; x_wconf 72' lang='lat' dir='ltr'><strong>erepit</strong></span> <span class='ocrx_word' id='word_1_719' title='bbox 1075 5045 1366 5114; x_wconf 79' lang='lat' dir='ltr'><strong>exquirere</strong></span> <span class='ocrx_word' id='word_1_720' title='bbox 1400 5065 1414 5101; x_wconf 92' lang='lat'><strong>:</strong></span> <span class='ocrx_word' id='word_1_721' title='bbox 1450 5055 1504 5103; x_wconf 90' lang='lat' dir='ltr'><strong>et</strong></span> <span class='ocrx_word' id='word_1_722' title='bbox 1535 5048 1743 5116; x_wconf 87' lang='lat' dir='ltr'><strong>reperit</strong></span> <span class='ocrx_word' id='word_1_723' title='bbox 1791 5063 1923 5104; x_wconf 86' lang='lat' dir='ltr'><strong>sane</strong></span> <span class='ocrx_word' id='word_1_724' title='bbox 1950 5063 2146 5105; x_wconf 80' lang='lat' dir='ltr'><strong>sensus</strong></span> 
     </span>
    </p>
   </div>
   <div class='ocr_carea' id='block_1_102' title="bbox 2252 5024 3837 5117">
    <p class='ocr_par' dir='ltr' id='par_1_102' title="bbox 2267 5024 3837 5117">
     <span class='ocr_line' id='line_1_102' title="bbox 2267 5024 3837 5117; baseline -0.012 -22"><span class='ocrx_word' id='word_1_725' title='bbox 2267 5042 2360 5096; x_wconf 79' lang='grc' dir='ltr'><strong>τὸν</strong></span> <span class='ocrx_word' id='word_1_726' title='bbox 2389 5040 2645 5111; x_wconf 72' lang='grc' dir='ltr'>σταυρὸν,</span> <span class='ocrx_word' id='word_1_727' title='bbox 2671 5039 2733 5093; x_wconf 75' lang='grc' dir='ltr'><strong>δν</strong></span> <span class='ocrx_word' id='word_1_728' title='bbox 2765 5038 2968 5110; x_wconf 79' lang='grc' dir='ltr'>ἔπηξεν</span> <span class='ocrx_word' id='word_1_729' title='bbox 2991 5038 3130 5110; x_wconf 85' lang='grc' dir='ltr'>μετὰ</span> <span class='ocrx_word' id='word_1_730' title='bbox 3163 5037 3273 5091; x_wconf 90' lang='grc' dir='ltr'><strong>τῶν</strong></span> <span class='ocrx_word' id='word_1_731' title='bbox 3297 5037 3393 5090; x_wconf 77' lang='grc' dir='ltr'><strong>σὺν</strong></span> <span class='ocrx_word' id='word_1_732' title='bbox 3427 5031 3599 5102; x_wconf 84' lang='grc' dir='ltr'>αὐτῷ.</span> <span class='ocrx_word' id='word_1_733' title='bbox 3633 5026 3732 5080; x_wconf 73' lang='grc' dir='ltr'>Καὶ</span> 
     </span>
    </p>
   </div>
   <div class='ocr_carea' id='block_1_103' title="bbox 572 5111 2151 5217">
    <p class='ocr_par' dir='ltr' id='par_1_103' title="bbox 572 5131 2151 5210">
     <span class='ocr_line' id='line_1_103' title="bbox 572 5131 2151 5210; baseline 0.007 -25"><span class='ocrx_word' id='word_1_734' title='bbox 572 5131 683 5186; x_wconf 87' lang='lat' dir='ltr'><strong>imo</strong></span> <span class='ocrx_word' id='word_1_735' title='bbox 751 5131 1089 5204; x_wconf 62' lang='lat' dir='ltr'><strong>insipientia:</strong></span> <span class='ocrx_word' id='word_1_736' title='bbox 1156 5137 1447 5206; x_wconf 88' lang='lat' dir='ltr'><strong>ejusdem,</strong></span> <span class='ocrx_word' id='word_1_737' title='bbox 1515 5140 1840 5210; x_wconf 84' lang='lat' dir='ltr'><strong>participem</strong></span> <span class='ocrx_word' id='word_1_738' title='bbox 1908 5140 2151 5196; x_wconf 85' lang='lat' dir='ltr'><strong>lectorcn</strong></span> 
     </span>
    </p>
   </div>
   <div class='ocr_carea' id='block_1_104' title="bbox 2252 5111 3840 5217">
    <p class='ocr_par' dir='ltr' id='par_1_104' title="bbox 2273 5111 3840 5217">
     <span class='ocr_line' id='line_1_104' title="bbox 2273 5111 3840 5217; baseline -0.011 -28"><span class='ocrx_word' id='word_1_739' title='bbox 2273 5137 2404 5202; x_wconf 82' lang='grc' dir='ltr'>ξατο</span> <span class='ocrx_word' id='word_1_740' title='bbox 2436 5136 2576 5205; x_wconf 68' lang='grc' dir='ltr'>μετὰ</span> <span class='ocrx_word' id='word_1_741' title='bbox 2605 5132 2782 5185; x_wconf 81' lang='grc' dir='ltr'>ταῦτα</span> <span class='ocrx_word' id='word_1_742' title='bbox 2827 5130 3014 5203; x_wconf 81' lang='grc' dir='ltr'>ζητεῖν</span> <span class='ocrx_word' id='word_1_743' title='bbox 3044 5131 3098 5185; x_wconf 85' lang='grc' dir='ltr'><strong>εῐ</strong></span> <span class='ocrx_word' id='word_1_744' title='bbox 3123 5147 3246 5185; x_wconf 86' lang='grc' dir='ltr'>τινα</span> <span class='ocrx_word' id='word_1_745' title='bbox 3298 5127 3450 5217; x_wconf 78' lang='grc' dir='ltr'>εὖροι</span> <span class='ocrx_word' id='word_1_746' title='bbox 3505 5111 3840 5217; x_wconf 58' lang='grc' dir='ltr'>συναγωνιςό“</span> 
     </span>
    </p>
   </div>
   <div class='ocr_carea' id='block_1_105' title="bbox 572 5215 2151 5310">
    <p class='ocr_par' dir='ltr' id='par_1_105' title="bbox 572 5225 2151 5295">
     <span class='ocr_line' id='line_1_105' title="bbox 572 5225 2151 5295; baseline 0.005 -17"><span class='ocrx_word' id='word_1_747' title='bbox 572 5225 890 5295; x_wconf 80' lang='lat' dir='ltr'><strong>quemdam,</strong></span> <span class='ocrx_word' id='word_1_748' title='bbox 929 5225 1200 5283; x_wconf 81' lang='lat' dir='ltr'><strong>Joannem</strong></span> <span class='ocrx_word' id='word_1_749' title='bbox 1227 5229 1462 5294; x_wconf 89' lang='lat' dir='ltr'><strong>dictum,</strong></span> <span class='ocrx_word' id='word_1_750' title='bbox 1513 5230 1792 5288; x_wconf 83' lang='lat' dir='ltr'><strong>Pancratii</strong></span> <span class='ocrx_word' id='word_1_751' title='bbox 1835 5231 2063 5287; x_wconf 67' lang='lat' dir='ltr'><strong>Sciastze</strong></span> <span class='ocrx_word' id='word_1_752' title='bbox 2105 5233 2151 5286; x_wconf 89' lang='lat' dir='ltr'><strong>li-</strong></span> 
     </span>
    </p>
   </div>
   <div class='ocr_carea' id='block_1_106' title="bbox 2252 5215 3838 5310">
    <p class='ocr_par' dir='ltr' id='par_1_106' title="bbox 2275 5215 3838 5310">
     <span class='ocr_line' id='line_1_106' title="bbox 2275 5215 3838 5310; baseline -0.007 -25"><span class='ocrx_word' id='word_1_753' title='bbox 2275 5247 2437 5304; x_wconf 83' lang='grc' dir='ltr'>μενον</span> <span class='ocrx_word' id='word_1_754' title='bbox 2477 5227 2555 5300; x_wconf 80' lang='grc' dir='ltr'>τῷ</span> <span class='ocrx_word' id='word_1_755' title='bbox 2603 5228 2797 5299; x_wconf 80' lang='grc' dir='ltr'>σκοπῷ</span> <span class='ocrx_word' id='word_1_756' title='bbox 2842 5227 3034 5282; x_wconf 81' lang='grc' dir='ltr'>αὐτοῦ.</span> <span class='ocrx_word' id='word_1_757' title='bbox 3093 5225 3204 5280; x_wconf 71' lang='grc' dir='ltr'><strong>Καὶ</strong></span> <span class='ocrx_word' id='word_1_758' title='bbox 3259 5223 3321 5296; x_wconf 87' lang='grc' dir='ltr'>δὴ</span> <span class='ocrx_word' id='word_1_759' title='bbox 3357 5215 3519 5291; x_wconf 73' lang='grc' dir='ltr'>εὗρεν</span> <span class='ocrx_word' id='word_1_760' title='bbox 3548 5219 3725 5288; x_wconf 82' lang='grc' dir='ltr'>ὅμοιον</span> <span class='ocrx_word' id='word_1_761' title='bbox 3753 5215 3838 5310; x_wconf 61' lang='grc' dir='ltr'><strong>τῆξ</strong></span> 
     </span>
    </p>
   </div>
   <div class='ocr_carea' id='block_1_107' title="bbox 574 5309 2151 5392">
    <p class='ocr_par' dir='ltr' id='par_1_107' title="bbox 574 5317 2151 5390">
     <span class='ocr_line' id='line_1_107' title="bbox 574 5317 2151 5390; baseline 0.005 -20"><span class='ocrx_word' id='word_1_762' title='bbox 574 5317 732 5386; x_wconf 89' lang='lat' dir='ltr'><strong>lium,</strong></span> <span class='ocrx_word' id='word_1_763' title='bbox 759 5320 854 5390; x_wconf 90' lang='lat' dir='ltr'><strong>qui</strong></span> <span class='ocrx_word' id='word_1_764' title='bbox 889 5335 920 5374; x_wconf 92' lang='lat' dir='ltr'><strong>a</strong></span> <span class='ocrx_word' id='word_1_765' title='bbox 965 5336 1137 5390; x_wconf 85' lang='lat' dir='ltr'><strong>puero</strong></span> <span class='ocrx_word' id='word_1_766' title='bbox 1168 5321 1474 5379; x_wconf 68' lang='lat' dir='ltr'><strong>daemonem</strong></span> <span class='ocrx_word' id='word_1_767' title='bbox 1525 5323 1928 5380; x_wconf 86' lang='lat' dir='ltr'><strong>inhabitantem</strong></span> <span class='ocrx_word' id='word_1_768' title='bbox 1963 5322 2151 5378; x_wconf 78' lang='lat' dir='ltr'><strong>habue</strong></span> 
     </span>
    </p>
   </div>
   <div class='ocr_carea' id='block_1_108' title="bbox 2252 5309 3837 5392">
    <p class='ocr_par' dir='ltr' id='par_1_108' title="bbox 2270 5309 3837 5392">
     <span class='ocr_line' id='line_1_108' title="bbox 2270 5309 3837 5392; baseline -0.012 -16"><span class='ocrx_word' id='word_1_769' title='bbox 2270 5321 2437 5377; x_wconf 81' lang='grc' dir='ltr'>αὑτοῦ</span> <span class='ocrx_word' id='word_1_770' title='bbox 2461 5322 2801 5392; x_wconf 79' lang='grc' dir='ltr'>φρονήσεως,</span> <span class='ocrx_word' id='word_1_771' title='bbox 2849 5321 2970 5390; x_wconf 77' lang='grc' dir='ltr'>ήτοι</span> <span class='ocrx_word' id='word_1_772' title='bbox 2995 5316 3336 5390; x_wconf 75' lang='grc' dir='ltr'>ἀφροσύνης,</span> <span class='ocrx_word' id='word_1_773' title='bbox 3361 5309 3708 5381; x_wconf 85' lang='grc' dir='ltr'>ἀναγνώστην</span> <span class='ocrx_word' id='word_1_774' title='bbox 3735 5309 3837 5353; x_wconf 74' lang='grc' dir='ltr'>τινα</span> 
     </span>
    </p>
   </div>
   <div class='ocr_carea' id='block_1_109' title="bbox 576 5396 2151 5485">
    <p class='ocr_par' dir='ltr' id='par_1_109' title="bbox 576 5413 2151 5485">
     <span class='ocr_line' id='line_1_109' title="bbox 576 5413 2151 5485; baseline 0.005 -23"><span class='ocrx_word' id='word_1_775' title='bbox 576 5418 680 5478; x_wconf 84' lang='lat' dir='ltr'><strong>rat,</strong></span> <span class='ocrx_word' id='word_1_776' title='bbox 741 5413 1134 5484; x_wconf 88' lang='lat' dir='ltr'><strong>incompositis</strong></span> <span class='ocrx_word' id='word_1_777' title='bbox 1197 5413 1443 5469; x_wconf 87' lang='lat' dir='ltr'><strong>motibus</strong></span> <span class='ocrx_word' id='word_1_778' title='bbox 1511 5414 1788 5484; x_wconf 79' lang='lat' dir='ltr'><strong>agitatus,</strong></span> <span class='ocrx_word' id='word_1_779' title='bbox 1851 5415 2151 5485; x_wconf 69' lang='lat' dir='ltr'><strong>mentisque</strong></span> 
     </span>
    </p>
   </div>
   <div class='ocr_carea' id='block_1_110' title="bbox 2252 5396 3839 5485">
    <p class='ocr_par' dir='ltr' id='par_1_110' title="bbox 2284 5396 3839 5485">
     <span class='ocr_line' id='line_1_110' title="bbox 2284 5396 3839 5485; baseline -0.013 -17"><span class='ocrx_word' id='word_1_780' title='bbox 2284 5414 2541 5485; x_wconf 77' lang='grc' dir='ltr'>Ἰωάννην</span> <span class='ocrx_word' id='word_1_781' title='bbox 2569 5413 2869 5485; x_wconf 83' lang='grc' dir='ltr'>λεγόμενον</span> <span class='ocrx_word' id='word_1_782' title='bbox 2893 5453 2907 5478; x_wconf 93' lang='grc'><strong>,</strong></span> <span class='ocrx_word' id='word_1_783' title='bbox 2956 5413 3074 5466; x_wconf 74' lang='grc' dir='ltr'>υἱὸν</span> <span class='ocrx_word' id='word_1_784' title='bbox 3103 5408 3459 5482; x_wconf 84' lang='grc' dir='ltr'>Παγκρατίου</span> <span class='ocrx_word' id='word_1_785' title='bbox 3507 5400 3650 5464; x_wconf 77' lang='grc' dir='ltr'>τινὸς</span> <span class='ocrx_word' id='word_1_786' title='bbox 3700 5396 3839 5449; x_wconf 81' lang='grc' dir='ltr'>Σκια-</span> 
     </span>
    </p>
   </div>
   <div class='ocr_carea' id='block_1_111' title="bbox 1750 5573 2708 5634">
    <p class='ocr_par' dir='ltr' id='par_1_111' title="bbox 1750 5573 2708 5634">
     <span class='ocr_line' id='line_1_111' title="bbox 1750 5573 2708 5634; baseline -0.001 -2"><span class='ocrx_word' id='word_1_787' title='bbox 1750 5575 2002 5633; x_wconf 73' lang='grc' dir='ltr'><strong>ΡΒΑΝΟ.</strong></span> <span class='ocrx_word' id='word_1_788' title='bbox 2041 5575 2433 5634; x_wconf 76' lang='lat' dir='ltr'><strong>COMBEFISII</strong></span> <span class='ocrx_word' id='word_1_789' title='bbox 2468 5573 2708 5632; x_wconf 64' lang='lat' dir='ltr'><strong>NOTE.</strong></span> 
     </span>
    </p>
   </div>
   <div class='ocr_carea' id='block_1_112' title="bbox 2283 5705 3830 5788">
    <p class='ocr_par' dir='ltr' id='par_1_112' title="bbox 2283 5705 3830 5788">
     <span class='ocr_line' id='line_1_112' title="bbox 2283 5705 3830 5788; baseline -0.007 -20"><span class='ocrx_word' id='word_1_790' title='bbox 2283 5714 2391 5770; x_wconf 90' lang='lat' dir='ltr'><strong>illis</strong></span> <span class='ocrx_word' id='word_1_791' title='bbox 2415 5711 2896 5788; x_wconf 57' lang='lat' dir='ltr'><strong>quiinlsﬁrumus</strong></span> <span class='ocrx_word' id='word_1_792' title='bbox 2932 5720 3111 5770; x_wconf 87' lang='lat' dir='ltr'><strong>castra</strong></span> <span class='ocrx_word' id='word_1_793' title='bbox 3149 5705 3830 5788; x_wconf 36' lang='lat' dir='ltr'><strong>circttnisrpiverat._“hu”</strong></span> 
     </span>
    </p>
   </div>
   <div class='ocr_carea' id='block_1_113' title="bbox 2362 5767 3826 5856">
    <p class='ocr_par' dir='ltr' id='par_1_113' title="bbox 2362 5767 3826 5856">
     <span class='ocr_line' id='line_1_113' title="bbox 2362 5767 3826 5856; baseline -0.016 -17"><span class='ocrx_word' id='word_1_794' title='bbox 2362 5767 2716 5856; x_wconf 26' lang='grc' dir='ltr'>(νΙίγΤαῦτα</span> <span class='ocrx_word' id='word_1_795' title='bbox 2757 5767 3062 5856; x_wconf 74' lang='grc' dir='ltr'>πάσχουσιν</span> <span class='ocrx_word' id='word_1_796' title='bbox 3115 5786 3184 5838; x_wconf 74' lang='grc' dir='ltr'>οἱ.</span> <span class='ocrx_word' id='word_1_797' title='bbox 3225 5767 3564 5849; x_wconf 46' lang='lat' dir='ltr'><strong>Quare-Itan:</strong></span> <span class='ocrx_word' id='word_1_798' title='bbox 3619 5767 3826 5825; x_wconf 62' lang='lat' dir='ltr'><strong>eveniunt</strong></span> 
     </span>
    </p>
   </div>
   <div class='ocr_carea' id='block_1_114' title="bbox 2290 5855 2902 5924">
    <p class='ocr_par' dir='ltr' id='par_1_114' title="bbox 2290 5855 2902 5924">
     <span class='ocr_line' id='line_1_114' title="bbox 2290 5855 2902 5924; baseline -0.005 -11"><span class='ocrx_word' id='word_1_799' title='bbox 2290 5855 2638 5924; x_wconf 73' lang='lat' dir='ltr'><strong>Christianis,</strong></span> <span class='ocrx_word' id='word_1_800' title='bbox 2681 5864 2760 5921; x_wconf 81' lang='lat' dir='ltr'><strong>ut,</strong></span> <span class='ocrx_word' id='word_1_801' title='bbox 2795 5864 2902 5912; x_wconf 86' lang='lat' dir='ltr'><strong>etc.</strong></span> 
     </span>
    </p>
   </div>
   <div class='ocr_carea' id='block_1_115' title="bbox 661 5705 2170 5784">
    <p class='ocr_par' dir='ltr' id='par_1_115' title="bbox 661 5705 2170 5784">
     <span class='ocr_line' id='line_1_115' title="bbox 661 5705 2170 5784; baseline 0.004 -21"><span class='ocrx_word' id='word_1_802' title='bbox 661 5707 770 5784; x_wconf 69' lang='grc' dir='ltr'>(ιο)</span> <span class='ocrx_word' id='word_1_803' title='bbox 805 5705 1018 5764; x_wconf 82' lang='lat' dir='ltr'><strong>Vallum</strong></span> <span class='ocrx_word' id='word_1_804' title='bbox 1051 5711 1222 5768; x_wconf 80' lang='lat' dir='ltr'><strong>latum</strong></span> <span class='ocrx_word' id='word_1_805' title='bbox 1253 5715 1487 5768; x_wconf 74' lang='lat' dir='ltr'><strong>excisum</strong></span> <span class='ocrx_word' id='word_1_806' title='bbox 1510 5728 1792 5783; x_wconf 74' lang='lat' dir='ltr'><strong>opponens.</strong></span> <span class='ocrx_word' id='word_1_807' title='bbox 1828 5713 1920 5768; x_wconf 84' lang='lat' dir='ltr'><strong>Sic</strong></span> <span class='ocrx_word' id='word_1_808' title='bbox 1957 5729 2010 5784; x_wconf 86' lang='lat' dir='ltr'><strong>p.</strong></span> <span class='ocrx_word' id='word_1_809' title='bbox 2041 5715 2170 5769; x_wconf 77' lang='lat' dir='ltr'><strong>M6.</strong></span> 
     </span>
    </p>
   </div>
   <div class='ocr_carea' id='block_1_116' title="bbox 585 5775 2175 5854">
    <p class='ocr_par' dir='ltr' id='par_1_116' title="bbox 585 5775 2175 5854">
     <span class='ocr_line' id='line_1_116' title="bbox 585 5775 2175 5854; baseline 0.007 -26"><span class='ocrx_word' id='word_1_810' title='bbox 585 5775 930 5854; x_wconf 69' lang='lat' dir='ltr'><strong>Nicephorus</strong></span> <span class='ocrx_word' id='word_1_811' title='bbox 966 5785 1263 5854; x_wconf 83' lang='lat' dir='ltr'><strong>ambustus</strong></span> <span class='ocrx_word' id='word_1_812' title='bbox 1289 5786 1493 5839; x_wconf 84' lang='lat' dir='ltr'><strong>dicitur</strong></span> <span class='ocrx_word' id='word_1_813' title='bbox 1527 5775 1587 5838; x_wconf 55' lang='lat' dir='ltr'><strong>i&#39;n&#39;</strong></span> <span class='ocrx_word' id='word_1_814' title='bbox 1612 5775 1890 5854; x_wconf 80' lang='lat' dir='ltr'><strong>Bulgaria,</strong></span> <span class='ocrx_word' id='word_1_815' title='bbox 1945 5775 2022 5852; x_wconf 74' lang='grc' dir='ltr'><strong>τῷ</strong></span> <span class='ocrx_word' id='word_1_816' title='bbox 2073 5787 2175 5853; x_wconf 77' lang='grc' dir='ltr'><strong>τῆς</strong></span> 
     </span>
    </p>
   </div>
   <div class='ocr_carea' id='block_1_117' title="bbox 596 5846 2176 5927">
    <p class='ocr_par' dir='ltr' id='par_1_117' title="bbox 596 5846 2176 5927">
     <span class='ocr_line' id='line_1_117' title="bbox 596 5846 2176 5927; baseline 0.008 -29"><span class='ocrx_word' id='word_1_817' title='bbox 596 5846 789 5910; x_wconf 70' lang='grc' dir='ltr'>ευύλας</span> <span class='ocrx_word' id='word_1_818' title='bbox 812 5850 962 5918; x_wconf 64' lang='grc' dir='ltr'>πυρὶ,</span> <span class='ocrx_word' id='word_1_819' title='bbox 1005 5852 1122 5919; x_wconf 69' lang='grc' dir='ltr'>ίθνε</span> <span class='ocrx_word' id='word_1_820' title='bbox 1155 5853 1306 5918; x_wconf 77' lang='lat' dir='ltr'><strong>valli,</strong></span> <span class='ocrx_word' id='word_1_821' title='bbox 1332 5854 1509 5924; x_wconf 85' lang='lat' dir='ltr'><strong>inquit</strong></span> <span class='ocrx_word' id='word_1_822' title='bbox 1541 5846 1752 5922; x_wconf 48' lang='lat' dir='ltr'><strong>Anastou,</strong></span> <span class='ocrx_word' id='word_1_823' title='bbox 1791 5846 2176 5927; x_wconf 48' lang='lat' dir='ltr'><strong>nctnpe&#39;liguis</strong></span> 
     </span>
    </p>
   </div>
  </div>
