4100 6422
381 385 524 451 1020

1576 385 1758 447 VITA
1796 381 2076 445 LEONIS
2105 382 2427 447 ARMENI.

3523 379 3660 444 1030

376 517 482 556 στα
503 499 560 553 δὲ
593 499 690 554 καὶ
730 498 807 571 μὴ
847 497 1226 570 πειθομένους.
1283 500 1392 554 Καί
1429 518 1616 570 φασιν·
1653 501 1714 556 '0
1750 504 1970 574 ’Ἄρειος

2079 508 2260 556 tamen
2327 500 2509 570 colligi
2564 500 2742 572 coegit
2789 517 2802 554 :
2843 512 2989 555 nunc
3056 514 3184 555 vero
3233 514 3358 556 cum
3411 502 3657 556 omnium

378 590 688 662 μονώτατος
712 592 952 663 λαλήσας
978 593 1235 663 ἐποίησεν
1259 592 1478 646 σύνοδον
1519 595 1969 666 συγκροτηθῆναι

373 683 443 736 δι’
477 684 676 736 αὐτόν’
732 687 827 736 καὶ
865 685 1086 737 πάντων
1121 685 1636 754 σκανδαλιζομένων
1681 686 1813 754 περὶ
1866 687 1970 756 τῆς

375 771 633 836 πίστεως,
669 771 818 834 τίνος
849 773 1036 826 ἕνεκεν
1059 774 1217 844 ὑμεῖς
1249 774 1310 826 οὐ
1338 773 1596 844 βούλεσθε
1621 775 1972 846 διαλεχθῆναι

374 865 475 918 καὶ
499 864 920 936 πληροφορῆσαι
963 866 1194 932 πάντας,
1221 867 1304 920 ὅτι
1327 867 1503 930 καλῶς
1536 869 1971 939 προσκυνοῦνται

376 956 434 1008 αἱ
470 955 709 1021 είκόνες;
764 956 874 1010 Καὶ
902 955 1293 1024 ὲξουδενώσας,
1327 960 1425 1012 καὶ
1453 959 1973 1030 ὲπαπειλησάμενος

375 1047 576 1110 αὐτοὺς
607 1047 902 1112 ἀπέλυσεν,
931 1049 1123 1119 μείνας
1148 1052 1532 1121 κατασυρίζων
1557 1053 1654 1123 τῆς
1683 1051 1853 1123 ὀρθῆς
1885 1053 1973 1105 πί-

376 1155 576 1204 στεως,
603 1140 830 1208 ποιῆσαι
866 1139 1192 1211 βουλόμενος
1220 1143 1361 1210 ὅπερ
1395 1143 1612 1214 ἤθελεν.
1644 1144 1709 1200 Οἱ
1749 1145 1808 1198 δὲ
1835 1146 1972 1198 ἀπο·

376 1229 631 1293 λυθέντες
653 1231 962 1302 συνείχοντο
985 1231 1135 1306 λύπῃ
1161 1235 1255 1287 καὶ
1279 1233 1505 1306 ἀθυμίᾳ,
1537 1236 1972 1303 ἀπαγγείλαντες

373 1324 456 1393 τῷ
487 1324 808 1396 πατριάρχῃ
859 1327 1045 1384 πᾶσαν
1077 1325 1175 1396 τὴν
1219 1325 1414 1398 βουλὴν
1446 1327 1613 1381 αὑτοῦ
1662 1331 1762 1399 τὴν
1802 1347 1970 1400 πονη-

379 1418 500 1486 ράν.
540 1417 650 1470 Καὶ
693 1417 882 1480 λοιπὸν
939 1417 1304 1490 συναχθέντες
1350 1418 1553 1482 πάντες
1601 1421 1650 1473 oi
1699 1420 1972 1492 όρθόδοξοι

374 1508 632 1579 κληρικοί
659 1525 718 1572 τε
780 1511 876 1564 καὶ
907 1511 1160 1582 μοναχοὶ,
1188 1511 1286 1575 καὶ
1311 1511 1516 1578 λαζίκοὶ,
1547 1513 1813 1584 ἐποίησαν
1836 1530 1974 1570 παν-

372 1601 569 1671 νυχίδα
596 1601 868 1665 όλονυκτὶ,
909 1604 1366 1674 παρακαλοῦντες
1415 1602 1508 1660 τὸν
1538 1604 1673 1659 Θεὸν
1723 1606 1811 1662 ἵνα
1853 1607 1972 1667 δια-

377 1690 616 1762 σκεδάσῃ
643 1691 742 1764 τὴν
771 1690 971 1763 βουλὴν
1003 1693 1196 1747 αὑτοῦ.
1227 1693 1333 1748 Τοῦ
1364 1695 1422 1759 δὲ
1449 1697 1790 1767 πατριάρχου
1811 1696 1974 1755 τοῦτο

373 1767 708 1852 πράξαντος,
759 1783 899 1866 ὅπερ
929 1783 1119 1853 μαθὼν
1154 1786 1184 1838 ό
1238 1784 1537 1858 ἀλητήριος
1571 1785 1722 1856 δηλοῖ
1755 1787 1848 1842 τὸν
1873 1787 1972 1860 ἁρ-

371 1875 600 1944 χιερέα·
663 1872 730 1927 Τί
763 1873 926 1938 τοῦτο
955 1876 1221 1946 ἐποίησας
1247 1892 1262 1941 ;
1293 1875 1466 1938 Αὐτὸς
1503 1875 1560 1935 δὲ
1588 1870 1774 1930 εἶπεν·
1807 1879 1974 1933 Οὐδὲν

375 1964 551 2027 κακὸν
581 1966 961 2037 ἐποιήσαμενο
1005 1967 1099 2020 τὸν
1148 1965 1283 2020 Θεὸν
1309 1966 1702 2037 -ῑκετεύσαμεν,
1747 1967 1834 2021 ἵνα
1875 1969 1974 2042 τὴν

389 2057 723 2130 Ἐκκλησίαν
775 2058 1076 2112 ἀσάλευτον
1125 2057 1362 2132 φυλάξῃ,
1414 2060 1464 2113 εί
1495 2057 1792 2130 εὐάρεστον
1823 2060 1975 2132 αὐτῷ

375 2150 550 2204 ἐστιν.
581 2147 768 2203 Ταῦτα
814 2149 872 2204 δὲ
903 2150 1148 2215 ἀκούσας
1203 2149 1368 2206 πλέον
1397 2151 1654 2222 ἐμαίνετο
1697 2151 1841 2206 κατὰ
1873 2152 1976 2223 τῆς

376 2240 662 2310 ἀληθείας.
697 2239 856 2311 Εἶχεν
883 2241 940 2296 δὲ
986 2242 1078 2296 καί
1107 2259 1263 2306 τινας
1292 2243 1512 2307 ἀσεϐεῖς
1552 2242 1752 2314 ἄνδρας
1783 2259 1976 2316 συνερο

376 2333 612 2402 γοῦντας
676 2335 846 2404 αὐτῷ,
905 2335 974 2388 δι’
1031 2330 1106 2390 ὧν
1162 2335 1419 2398 καὶτοὺς
1472 2335 1656 2399 δόλους
1714 2336 1976 2402 κρυπτῶς

377 2421 715 2482 ὲὲέκταινεν.
731 2429 842 2482 Καὶ
869 2428 1364 2499 παρασκευάζειδϋ
1388 2428 1587 2492 αὐτοὺς
1609 2428 1734 2491 τοὺς
1753 2429 1973 2493 ἀσεϐεῖς

380 2519 724 2592 στρατιώτας
755 2520 850 2574 τοῦ
880 2520 1100 2575 λιθάσαι
1123 2521 1223 2594 τὴν
1249 2522 1436 2575 εἰκόνα
1479 2521 1575 2574 τοῦ
1604 2521 1844 2591 Χριστοῦ
1875 2524 1975 2589 τὴν

379 2607 549 2666 οὖσαν
585 2613 643 2664 ὲν
669 2613 735 2682 τῇ
763 2598 1200 2682 Χαλκεπωνύμῳ
1237 2611 1383 2684 πύλῃ
1414 2609 1507 2663 τοῦ
1537 2608 1825 2662 παλατίου.
1862 2607 1975 2660 Καὶ

375 2701 568 2754 λοιπὸν
588 2702 824 2772 ἤρξαντο
859 2702 1077 2773 βάλλειν
1109 2702 1252 2756 κατά
1279 2703 1378 2774 τῆς
1401 2702 1608 2764 εἰκόνος
1650 2699 1853 2764 λίθους,
1881 2699 1975 2750 καὶ

382 2793 552 2864 πηλὰ,
587 2795 840 2862 λέγοντες
895 2797 1118 2867 ῥήματα
1148 2795 1328 2864 πάσης
1357 2793 1674 2865 ἀφροσύνης
1709 2792 1803 2846 καὶ
1846 2791 1977 2844 ἀσε-

375 2883 539 2947 ϐείας
571 2885 766 2954 μεστὰ,
800 2884 934 2957 ᾅδην
989 2884 1395 2947 ἀποκαλοῦντες
1425 2883 1520 2937 καὶ
1565 2881 1832 2946 διάϐολον,
1880 2877 1976 2932 καὶ

381 2974 521 3030 ἄλλα
548 2978 689 3042 τινὰ,
723 2976 760 3030 ἃ.
792 2977 867 3046 μὴ
903 2975 1061 3047 θέμις
1089 2979 1171 3039 εἰς
1198 2974 1363 3044 μέσον
1387 2975 1638 3043 ἀγαγεῖν.
1669 2971 1777 3026 Καί
1808 2987 1976 3042 φησιν

381 3071 412 3122 ὁ
444 3068 704 3139 τύραννος
739 3071 874 3140 πρὸς
908 3070 1002 3124 τὸν
1029 3068 1159 3121 λαόν
1183 3084 1199 3100 ⁶
1228 3064 1333 3131 Ἀς
1391 3066 1798 3136 καταϐάσωμεν
1826 3064 1976 3117 ἐκεῖ·

383 3159 483 3215 θεν
512 3159 611 3238 τῂν
644 3163 853 3226 εἰκόνα,
898 3161 986 3223 ἵνα
1024 3160 1100 3233 μὴ
1133 3162 1161 3215 ό
1201 3159 1434 3233 στρατὸς
1463 3155 1709 3230 ἀτιμάζῃ
1765 3155 1971 3226 αὑτήν

388 3253 732 3326 μιμούμενος
769 3256 827 3309 ὲν
862 3255 1042 3327 τούτῳ
1067 3256 1274 3319 Λέοντα
1300 3255 1395 3309 τὸν
1429 3254 1707 3324 Ἰσαυρον,
1742 3248 1820 3312 ὡς
1847 3247 1975 3320 βου·

385 3328 613 3415 λόμενος
640 3345 768 3409 τοὺς
788 3345 1014 3415 χρόνους
1035 3345 1202 3403 αὐτοῦ
1239 3345 1575 3417 βασιλεῦσαι.
1623 3340 1842 3415 Ἐπειδὴ
1869 3339 1979 3410 γὰρ

383 3439 700 3510 ἐγέγραπτο
735 3437 923 3491 ἐπάνω
943 3439 1039 3510 τῆς
1072 3439 1305 3503 εἰκόνος,
1337 3440 1420 3492 ὅτι
1459 3440 1574 3491 Ἦν
1592 3433 1834 3490 καθεῖλε
1863 3431 1979 3490 πά-

383 3533 491 3585 λαι
520 3511 709 3598 ’Λέων
743 3535 775 3586 ό
828 3531 1178 3599 δεσπόζων,
1231 3532 1494 3588 ἐνταῦθα
1543 3525 1980 3594 ἀνεστήλωσεν

384 3619 634 3690 Εἰρήνη.
674 3614 844 3686 Οὗτος
874 3621 985 3693 γὰρ
1023 3623 1052 3676 ό
1086 3622 1242 3679 Λέων
1271 3621 1444 3692 αὐτὴν
1466 3617 1708 3683 καθεῖλε,
1733 3615 1858 3668 ἐπεὶ
1882 3613 1978 3681 ἀφ’

379 3707 512 3782 οῦὴ
563 3713 716 3776 πόλις
748 3713 998 3784 ἐκτίσθη,
1036 3713 1177 3784 αὐτὴ
1208 3714 1242 3784 ὴ
1300 3711 1464 3766 εἰκὼν
1512 3705 1602 3783 ἦν.
1655 3707 1767 3761 Καὶ
1815 3704 1977 3758 τοῦτο

385 3805 622 3874 πο;ήσας
657 3802 858 3857 ἔδωκεν
890 3804 1207 3877 παρρησίαν
1243 3806 1368 3868 τοὺς
1393 3802 1558 3876 [τοῖς]
1597 3801 1692 3854 τοῦ
1721 3797 1974 3854 διαϐόλου

2075 593 2245 652 animi
2285 593 2431 654 circa
2469 592 2628 648 ﬁdem
2654 592 3029 659 olfrndantur,
3055 593 3215 663 cujus
3239 608 3406 649 causa
3435 608 3534 648 vos
3557 595 3664 647 dis-

2076 683 2432 738 sertationem
2475 684 2776 738 habendam
2816 683 3155 749 detrectatis,
3207 692 3261 737 et
3295 698 3454 753 inquo
3508 683 3659 736 cultu

2073 774 2331 832 colendas
2371 775 2639 844 imagines
2677 774 2858 844 palam
2883 789 3071 830 coram
3097 775 3357 829 omnibus
3380 775 3661 830 declarare

2073 865 2348 924 rcnuitis?
2385 863 2518 920 Eam
2551 865 2622 920 ob
2655 881 2767 919 rem
2797 865 2905 920 illis
2954 865 3306 934 contemptis,
3340 866 3498 934 plura
3551 863 3661 918 Leo

2074 960 2336 1025 minatus,
2370 959 2659 1014 discedere
2707 959 3012 1028 imperavit,
3045 967 3098 1013 et
3129 960 3397 1015 adversus
3452 967 3658 1012 rectam

2075 1050 2236 1105 ﬁdem
2269 1050 2562 1106 exsibilare
2589 1065 2964 1120 perseverans.
3001 1066 3123 1121 quae
3145 1052 3330 1106 animo
3372 1050 3661 1120 concepis-

2075 1150 2181 1204 set,
2228 1143 2458 1211 exsequi
2525 1141 2873 1197 moliebatur.
2929 1141 3012 1198 Illi
3067 1143 3278 1199 dimissi
3329 1157 3568 1198 maerore
3607 1151 3659 1197 ct

2077 1232 2298 1296 tristitia
2321 1232 2744 1296 detinebantur,
2774 1249 3008 1304 nequam
3038 1234 3161 1304 ejus
3182 1250 3346 1297 omne
3363 1235 3656 1290 consilium

2083 1325 2411 1394 patriarchae
2465 1325 2875 1382 renuntiantes.
2937 1327 3297 1389 Postmodum
3362 1327 3658 1381 orthodoxi

2074 1416 2261 1471 cuncti
2293 1416 2501 1482 clerici,
2532 1417 2788 1473 monachi
2812 1427 2868 1475 et
2899 1417 3026 1473 laici
3078 1419 3294 1489 vigilias
3341 1434 3438 1488 per
3486 1428 3656 1473 totam

2075 1517 2294 1562 noctem
2333 1508 2666 1576 habuerunt,
2719 1517 2778 1564 ut
2810 1508 2957 1565 Deus
2976 1524 3169 1572 comm
3215 1510 3508 1566 consilium
3543 1509 3661 1566 dis-

2075 1600 2302 1670 siparet,
2357 1601 2738 1672 deprecantes.
2801 1602 2931 1660 llarc
2982 1604 3054 1658 ita
3102 1605 3215 1674 geri
3273 1619 3301 1659 a
3350 1604 3662 1676 patriarcha

2074 1690 2295 1748 discens
2332 1693 2522 1748 infelix
2555 1695 2875 1765 imperator,
2915 1695 3196 1767 signiﬁcat
3227 1695 3475 1766 pontiﬁci
3519 1714 3534 1750 :
3567 1693 3664 1751 Ut-

2076 1782 2209 1852 quid
2243 1784 2346 1839 hoc
2375 1785 2537 1854 agis?
2566 1783 2884 1854 Respondet
2912 1786 3002 1840 ille
3029 1803 3045 1840 :
3074 1784 3221 1839 Nihil
3252 1785 3378 1839 mali
3401 1782 3659 1844 fecimus.

2007 1855 2052 1914 Β
2077 1871 2247 1928 Deum
2274 1883 2484 1930 tantum
2504 1877 2840 1948 rogavimus.
2872 1886 2932 1931 ut
2962 1876 3263 1933 Ecclesiam
3289 1892 3470 1940 suam,
3500 1879 3664 1932 modo

2077 1965 2178 2036 ipsi
2210 1967 2445 2036 placeat,
2487 1969 2940 2037 imperturbatam
2974 1979 3288 2028 conservet.
3320 1969 3418 2025 llis
3455 1969 3661 2024 auditis

2075 2060 2344 2116 adversus
2395 2062 2684 2117 veritatem
2741 2063 2918 2133 magis
2973 2078 3037 2120 ac
3089 2067 3266 2134 magis
3325 2064 3658 2120 iusauiebat.

2075 2152 2319 2216 Aderant
2349 2169 2516 2223 porro
2547 2154 2800 2210 homines
2836 2156 3014 2224 impii,
3053 2172 3289 2227 quorum
3325 2172 3491 2226 opera
3517 2156 3660 2212 clam

2075 2245 2232 2300 dolos
2261 2247 2502 2312 texebat,
2533 2247 2630 2316 qui
2660 2248 2858 2317 emptis
2894 2247 3176 2314 favebant,
3208 2257 3263 2303 et
3312 2263 3504 2303 eorum
3560 2263 3664 2316 ope

2077 2339 2280 2392 milites
2305 2339 2671 2410 irreligiosos,
2702 2340 2796 2410 qui
2820 2339 3025 2396 Christi
3056 2341 3349 2413 imaginem
3378 2342 3445 2395 ad
3477 2340 3663 2410 palatii

2076 2441 2311 2500 portam,
2347 2433 2432 2486 cui
2465 2433 2716 2497 Chalces,
2759 2433 2872 2487 sive
2905 2431 3087 2489 Αἰτεῖτε
3125 2450 3345 2498 nomen,
3393 2434 3666 2502 lapidibus

2079 2523 2396 2587 tunderem,
2420 2534 2580 2594 parat
2601 2535 2656 2585 et
2691 2526 2939 2596 impellit.
2977 2527 3278 2596 Cceperunt
3309 2529 3494 2594 itaque
3525 2525 3667 2594 lapi-

2075 2614 2172 2670 des
2203 2621 2254 2667 et
2306 2615 2479 2668 lutum
2535 2617 2588 2669 in
2644 2619 2936 2688 imaginem
2983 2620 3219 2683 mittere,
3277 2618 3440 2671 verba
3499 2618 3664 2671 totius

2077 2705 2321 2759 Stultitia!
2352 2706 2758 2777 impietatisque
2779 2711 2934 2778 plena
2968 2708 3330 2779 proferentcs,
3363 2720 3416 2762 et
3470 2724 3662 2762 orcum

2077 2795 2486 2865 diabolumque,
2522 2807 2574 2850 et
2601 2797 2705 2850 alia
2741 2800 2921 2866 plura,
2971 2814 3092 2868 qua:
3132 2800 3184 2852 in
3247 2799 3484 2851 medium
3540 2812 3637 2867 pro

2075 2887 2274 2941 ducere
2295 2887 2448 2946 nefas
2474 2898 2578 2948 est,
2603 2890 3044 2958 pronuntiantes.
3087 2889 3379 2960 Tyrannus
3402 2890 3664 2959 populum

2077 2977 2369 3044 allocutus,
2389 2981 2498 3032 ait:
2534 2979 2830 3049 Imaginem
2866 2981 2992 3036 inde
3026 2982 3392 3050 deponamus,
3433 2996 3499 3035 ne
3525 2979 3668 3037 forte

2078 3068 2277 3124 milites
2308 3083 2430 3125 eam
2465 3070 2868 3135 dehonestent;
2905 3071 2961 3125 in
2995 3071 3099 3125 huc
3131 3069 3370 3126 Leonem
3406 3071 3657 3126 lsaurum

2079 3159 2348 3227 imitatus,
2381 3172 2436 3218 et
2483 3164 2721 3233 aequales
2773 3164 2988 3233 imperii
3038 3163 3162 3232 ejus
3215 3180 3390 3219 annos
3439 3162 3672 3220 studens

2079 3254 2373 3324 consequi.
2420 3255 2502 3310 Ad
2551 3264 2717 3325 caput
2745 3257 2890 3311 enim
2936 3256 3188 3326 imaginis
3224 3256 3505 3326 legebatur
3531 3256 3671 3313 scri-

2083 3351 2236 3413 ptum
2267 3364 2279 3398 :
2315 3345 2489 3410 Quam
2519 3346 2764 3417 deposuit
2808 3350 3074 3418 quondam
3138 3346 3246 3401 Leo
3307 3350 3668 3418 principatum

2081 3441 2377 3499 assecutus,
2403 3435 2506 3494 huc
2534 3439 2766 3494 restituit
2801 3436 2976 3492 Irene.
3013 3438 3163 3492 Illam
3191 3441 3394 3509 quippe
3431 3441 3542 3495 Leo
3567 3441 3666 3495 de-

2082 3536 2359 3594 posuerat,
2389 3537 2443 3582 ct
2474 3530 2544 3584 ab
2575 3531 2694 3599 ipso
2728 3529 2878 3586 urbis
2913 3532 3136 3586 conditu
3171 3532 3242 3587 ibi
3275 3533 3457 3604 imago
3485 3533 3668 3588 fuerat

2081 3616 2341 3684 reposita.
2382 3616 2493 3674 Huc
2521 3629 2744 3689 peracto
2783 3622 2984 3676 diaboli
3015 3624 3344 3688 auxiliariis,
3398 3625 3665 3692 Antonio,

2084 3705 2333 3776 inquam,
2369 3720 2424 3764 et
2449 3710 2673 3774 Juauni,
2728 3723 2784 3768 et
2817 3714 3122 3768 facinorum
3175 3716 3364 3782 sociis,
3401 3717 3666 3787 quidquid

2082 3803 2428 3867 perpetrandi
2466 3802 2783 3867 facultatem
2815 3807 3082 3876 permisit.

387 3901 687 3969 συνεργοὺς
718 3899 1075 3973 [συνεργοῖς],
1105 3900 1250 3969 λέγω
1279 3899 1341 3973 δὴ
1384 3898 1668 3962 ’Λντώνιον
1693 3888 2051 3969 [Ἄντων-ἱρή,
2109 3895 2203 3946 καὶ
2239 3895 2491 3971 Ἰωάννην
2513 3897 2820 3978 [Ἰωάννῃ],
2849 3902 3092 3965 καὶτοὺς
3123 3900 3280 3974 [τοῖς]
3314 3901 3435 3974 μετ’
3465 3902 3670 3959 αὐτῶν.

454 3996 566 4055 Καὶ
620 3995 807 4059 λοιπὸν
841 3997 1047 4052 τούτων
1097 3997 1408 4068 γενομένων
1440 3999 1738 4068 συνήγοντο
1771 3993 1974 4052 πάντες

381 4091 431 4142 οἱ
489 4089 797 4157 ἐπίσκοποι,
845 4091 940 4144 καὶ
973 4092 1022 4143 οἱ
1081 4092 1310 4162 μοναχοὶ
1347 4093 1427 4154 είς
1455 4091 1516 4145 τὸ
1561 4091 1973 4161 πατριαρχείον,

382 4181 485 4233 καὶ⁸
532 4181 902 4249 ἀνεγίνωσκον
955 4182 1132 4248 πάσας
1173 4183 1272 4248 τὰς
1297 4183 1525 4257 χρήσεις
1548 4183 1657 4236 τῶν
1690 4183 1972 4254 Πατέρων,

384 4271 568 4340 ἇσπερ
599 4274 647 4333 οἱ
687 4272 921 4326 ἐναντίοι
955 4273 1278 4344 κακούργω;
1311 4274 1405 4326 καὶ
1458 4271 1690 4343 ἀμαθῶς
1738 4271 1977 4342 προέφες-

391 4377 508 4434 ρον,
531 4362 930 4433 spy-ovatione;
955 4364 1125 4428 αὐτὰς
1159 4364 1250 4417 τοῦ
1272 4365 1640 4436 πατριάρχου,
1663 4361 1758 4416 καὶ
1785 4362 1976 4431 λέγον-

384 4470 480 4515 τος
516 4455 653 4523 πρὸς
685 4454 926 4520 πάντας·
953 4456 1047 4525 Μὴ
1077 4455 1230 4526 ἔχετέ
1255 4473 1335 4518 τις
1362 4455 1658 4527 λεγόμενόν
1692 4471 1744 4507 τι
1773 4456 1830 4507 έν
1857 4452 1979 4507 τού-

384 4546 794 4615 τοις,ἀδελφοί;
828 4549 940 4602 Καὶ
969 4546 1298 4624 ἀνέκραξαν·
1334 4549 1542 4612 Πάντες
1567 4549 1747 4618 ἴσμεν,
1771 4547 1865 4600 καὶ
1886 4561 1984 4598 πε·-

2152 3987 2250 4046 llis
2299 3991 2372 4048 ita
2425 3996 2616 4064 gestis,
2678 3997 2922 4067 episcopi
2977 4008 3032 4052 et
3079 3996 3334 4052 monachi
3381 3998 3564 4051 cuncti
3615 3997 3671 4052 in

2079 4083 2474 4154 patriarchiuin
2507 4070 2927 4155 conveniebant,
2977 4097 3030 4144 et
3079 4089 3222 4143 dicta
3280 4085 3505 4143 Patrum
3550 4103 3674 4142 om-

2082 4177 2170 4230 nia
2200 4177 2570 4248 perlegehant,
2596 4193 2719 4248 quae
2748 4179 3046 4236 adversarii
3076 4179 3347 4235 malitiose
3375 4189 3430 4234 et
3483 4179 3675 4233 incru-

2081 4268 2192 4325 dite
2260 4271 2781 4339 interpretabantur.
2863 4270 3186 4326 l’atriarcha
3253 4285 3386 4326 vero
3442 4286 3671 4327 sensum

2080 4377 2269 4422 eorum
2332 4365 2612 4426 reddente,
2685 4373 2741 4418 et
2803 4365 2869 4420 ad
2935 4379 3129 4420 omnes
3169 4380 3483 4421 sermonem
3532 4366 3671 4420 diri-

2079 4463 2240 4524 gente
2276 4454 2460 4535 :‘Num
2492 4455 2708 4509 habetis
2739 4453 2907 4526 5.39
2935 4457 3141 4526 aliquid
3165 4457 3310 4527 quod
3342 4458 3526 4513 verbis
3547 4457 3671 4515 istis

2078 4547 2436 4617 exprimatur,
2460 4547 2684 4603 fratres?
2700 4548 3092 4604 Exclamavere
3123 4551 3306 4605 cuncti
3339 4567 3351 4604 :
3376 4547 3667 4620 Novimus,

387 4638 819 4710 πληερορήμεθα,
844 4642 927 4694 ὅτι
963 4641 1171 4714 ἀληθής
1203 4645 1317 4705 ἐστι
1350 4643 1384 4712 ἡ
1427 4642 1611 4703 πίστις
1651 4640 1842 4713 ἡμῶν·
1883 4640 1975 4695 καὶ

2084 4641 2297 4698 etcerti
2328 4657 2524 4699 sumus
2568 4658 2754 4700 veram
2799 4658 2921 4699 esse
2965 4642 3124 4698 ﬁdem
3157 4653 3440 4712 nostram;
3484 4645 3538 4698 in
3570 4645 3671 4700 hac

387 4730 596 4795 πάντες
624 4734 704 4796 είς
733 4734 893 4795 τοῦτο
945 4737 1387 4807 ἀποθνήσκομεν.
1414 4735 1526 4791 Καὶ
1564 4735 1590 4787 ὁ
1629 4738 1980 4805 πατριάρχης

385 4823 529 4895 πρὸς
558 4824 754 4888 αὐτούς
776 4842 790 4856 ·
823 4827 1025 4882 Λοιπὸν
1055 4825 1171 4891 οὖν,
1204 4829 1444 4897 ἀδελφοὶ,
1491 4829 1548 4882 ὲν
1590 4828 1814 4900 ὁμονοίᾳ
1851 4828 1980 4882 ἐσό-

388 4915 535 4988 μεθα
563 4917 657 4970 καὶ
686 4919 1026 4990 συνημμένοι
1058 4920 1116 4972 ἐν
1139 4921 1240 4992 μιᾷ
1259 4920 1406 4991 ψυχῇ
1432 4922 1489 4975 ὲν
1509 4919 1681 4992 ταύτῃ
1700 4901 1981 4991 τῇρμολο-

386 5010 486 5080 γῐᾳ
505 5009 846 5081 ἁδιαιρέτως,
867 5011 962 5064 καὶ
996 5012 1070 5083 μὴ
1084 5011 1319 5084 εὕρωσιν
1350 5029 1470 5066 τινα
1501 5011 1558 5079 ἐξ
1584 5013 1744 5082 ἡμῶν
1763 5013 1982 5081 ἀποχω-

390 5101 542 5171 ρῐσαι
565 5102 615 5154 oi
660 5102 756 5172 τῆς
809 5104 1056 5167 ἐναντίας
1085 5104 1298 5174 μοίρας,
1333 5107 1425 5159 καὶ
1452 5106 1513 5161 οὐ
1555 5105 1630 5176 μὴ
1663 5104 1981 5176 ἰσχύσωσιν.

393 5195 622 5259 Πλείους
669 5197 779 5267 γὰρ
832 5199 1014 5252 αὐτῶν
1059 5199 1227 5268 ὲσμεν
1275 5197 1459 5269 χάριτι
1515 5197 1778 5270 Χριστοῦ.
1806 5199 1870 5253 Oi
1923 5197 1982 5252 δὲ

396 5289 556 5352 πάλιν
580 5290 885 5362 ἀνέκραξαν
915 5290 1231 5350 διαϐεϐαιού
1241 5307 1390 5360 μενοι
1412 5291 1516 5354 ἓως
1551 5291 1784 5347 Θανάτου
1849 5294 1981 5347 ἀντ-

388 5385 638 5455 έχεσθαι,
664 5389 758 5442 καὶ
791 5389 1136 5460 ὑπερμαχεῖν
1149 5389 1289 5460 ὑπὲρ
1318 5389 1414 5460 τῆς
1456 5389 1787 5460 Ἐκκλησίας
1818 5391 1980 5461 ποιή-

388 5493 584 5541 σαντες
615 5479 906 5551 σταυροὺς,
930 5479 1028 5533 καὶ
1055 5479 1310 5550 ἔγγραφα
1341 5480 1422 5542 είς
1447 5479 1738 5550 ἀλλήλους,
1768 5481 1865 5533 τοῦ
1903 5480 1978 5551 μὴ

346 5591 350 5596 ·
386 5569 742 5638 χωρίζεσθαι.
774 5571 962 5625 Ταῦτα
1000 5572 1254 5642 ἐπράχθη
1285 5572 1392 5642 πρὸ
1420 5569 1532 5625 τῶν
1561 5573 1787 5644 ἑορτῶν.
1827 5574 1974 5630 00a.-

387 5661 603 5724 σάντων
634 5662 693 5717 δὲ
724 5661 832 5716 τῶν
864 5664 1068 5734 ἑορτῶν
1105 5665 1219 5738 (ιὸ)
1250 5664 1404 5737 δηλοῖ
1432 5665 1460 5720 ὁ
1505 5667 1850 5738 πατριάρχης
1881 5666 1974 5720 τὸν

2085 4735 2358 4790 morimur
2413 4748 2628 4789 omnes.
2680 4734 2760 4791 Ad
2808 4733 2930 4789 illos
2979 4735 3295 4804 patriarcha
3336 4736 3670 4805 :Superest,

2080 4827 2302 4895 fratres,
2339 4838 2400 4883 ut
2431 4828 2734 4883 concordes
2759 4843 3200 4898 perseveremus,
3231 4835 3289 4883 et
3311 4828 3513 4882 animis
3541 4841 3675 4883 con-

2075 4920 2253 4990 junCti
2279 4918 2456 4974 hacin
2484 4916 2834 4973 confessione
2856 4919 3066 4989 absque
3089 4916 3360 4974 dissensu
3388 4933 3673 4974 remanea-

2080 5027 2209 5067 mus
2236 5026 2248 5061 :
2287 5019 2346 5066 ut
2381 5011 2624 5067 adversa:
2656 5011 2827 5082 partis
2853 5009 3105 5066 homines
3134 5012 3345 5067 nullum
3374 5013 3670 5081 reperiant,

2084 5118 2245 5173 quem
2291 5093 2624 5172 separent'a
2665 5102 2849 5164 nobis,
2911 5117 3013 5157 nec
3063 5101 3119 5158 id
3171 5102 3397 5170 exsequi
3431 5101 3669 5155 valeant.

2084 5193 2272 5250 Gratia
2302 5193 2448 5248 enim
2479 5192 2688 5248 Christi
2722 5193 2910 5263 plures
2946 5193 3057 5247 illis
3101 5207 3317 5247 sumus.
3365 5189 3441 5244 Illi
3473 5205 3670 5242 rursus

2083 5303 2212 5344 cum
2245 5288 2488 5341 clamore
2513 5285 2872 5350 ﬁrmaverunt
2909 5286 2975 5339 ad
3018 5291 3251 5339 mortem
3294 5296 3472 5352 usque
3497 5281 3671 5335 obsti-

2085 5392 2262 5446 turos,
2316 5389 2372 5436 et
2407 5395 2505 5448 pro
2557 5379 2800 5442 Ecclesia
2856 5379 3240 5441 dimicaturos,
3293 5375 3672 5446 appositisque

2085 5473 2346 5533 crucibus
2379 5472 2448 5528 ad
2474 5471 2938 5541 subscriptiones,
2980 5468 3203 5540 scriptis
3233 5467 3337 5524 sibi
3378 5473 3571 5520 mutuo
3605 5465 3671 5519 ﬁ-

2084 5571 2208 5626 dem
2263 5569 2462 5632 fecere,
2500 5579 2784 5635 nunquam
2828 5564 2897 5618 ab
2946 5562 3184 5618 invicem
3216 5577 3277 5618 se
3310 5558 3672 5632 separandos.

2084 5661 2212 5729 Haec
2245 5673 2370 5717 ante
2411 5660 2548 5716 festa
2598 5665 2818 5731 peracta
2854 5665 3005 5731 sunt.
3043 5653 3461 5712 lmmincntibus
3511 5667 3677 5726 pom)

1555 5776 1807 5832 FRANC.
1850 5770 2249 5843 COMBEFIS-ll
2279 5774 2510 5831 ΝΟΤΆΕ.

456 5865 574 5939 (ιδ)
609 5866 796 5931 Amica
833 5869 1043 5926 auctori
1081 5885 1203 5937 vox,
1239 5885 1344 5942 qua
1387 5870 1592 5941 ubique
1635 5870 1838 5952 Christi
1870 5873 2117 5939 Natalem
2150 5869 2443 5939 signiﬁca!-
