4100 6458
320 426 466 495 1033

1512 423 1693 487 VITA
1724 420 2005 483 LEONIS
2046 420 2368 481 ARMENI.

3463 417 3598 479 1034

314 543 502 600 πάντα
530 538 790 612 εὐμαρῶς
847 536 1075 608 ποιῆσαι
1124 533 1260 607 ἔχει,
1313 534 1458 605 ειπερ
1491 534 1759 605 βούλεται.
1796 532 1904 585 Kal

2036 540 2221 586 untate
2247 529 2463 586 facilius
2487 538 2880 584 exsecuturum
2908 524 3176 595 c0gitans.
3205 524 3472 581 Caeterum
3499 526 3596 582 Dei

316 633 510 690 λοιπὸν
551 630 751 704 ἀθρόον
799 632 866 684 ὲκ
908 630 1004 683 τοῦ
1048 626 1481 700 παραδοξοποιοῦ
1523 626 1657 680 Θεοῦ
1712 625 1910 697 μικρὸν

315 723 618 797 διεφορήθη
661 721 796 791 (‘20).
827 721 1006 793 Ὅπερ
1067 720 1254 792 μαθὼν
1293 722 1322 773 ό
1362 719 1690 789 Χαμαιλέων
1732 735 1912 789 παρα-

320 817 585 881 σκευάζει
616 813 795 884 λάθρα
818 812 909 866 διά
939 829 1103 865 τινων
1133 812 1260 874 τοὺς
1287 809 1628 881 στρατιώτας
1667 808 1912 863 ἀνελθεῖν

316 911 407 973 είς
419 907 483 962 τδ
498 908 908 978 πατριαρχεῐον,
934 904 1033 957 καὶ
1054 904 1227 975 συρτὰ
1247 902 1360 974 (21)
1389 903 1700 957 καταϐᾶσαι
1727 901 1910 956 αὐτόν.

316 996 436 1057 Ἦν
451 1002 509 1056 δὲ.
530 1002 563 1072 ή
586 997 951 1070 παρείσὸασις
965 996 1074 1049 τῶν
1095 994 1401 1064 Νηστειῶν.
1422 995 1533 1050 Καὶ
1556 994 1915 1064 συναχθέντες

319 1090 655 1164 παμπληθεῖ
711 1088 904 1160 ὥσπερ
958 1089 1009 1140 οἱ
1080 1086 1329 1139 Ἰουδαῖοι
1381 1086 1475 1137 ἐπὶ
1534 1083 1631 1138 τοῦ
1673 1080 1913 1153 Χριστοῦ

326 1186 474 1259 μετὰ
533 1182 818 1256 μαχαιρῶν
855 1181 951 1235 καὶ
985 1181 1180 1246 ξύλων,
1234 1179 1501 1249 ἐγέμισαν
1538 1179 1607 1231 τὰ
1646 1177 1916 1248 προαύλια

321 1279 428 1350 τῆς
455 1276 775 1346 ἐκκλησίας,
800 1273 1100 1345 κράζοντες
1122 1272 1217 1325 καὶ
1246 1270 1480 1341 βοῶντες
1505 1270 1761 1333 ἀτάκτως
1779 1287 1795 1302 ’
1822 1271 1916 1323 καὶ

321 1371 518 1425 λοιπὸν
547 1370 784 1441 ήρξαντο
805 1367 1180 1421 ἀνασκάπτειν
1207 1365 1303 1418 καὶ
1340 1363 1765 1432 ἀναθεματίζειν
1790 1364 1917 1426 τοὺς

326 1465 391 1517 ἐν
439 1461 561 1533 όσίᾳ
620 1463 688 1532 τῇ
743 1461 933 1530 μνήμῃ
982 1456 1301 1529 Γερμανὸν,
1342 1458 1440 1509 καὶ
1477 1456 1774 1526 Ταράσιον,
1822 1454 1919 1507 καὶ

324 1553 649 1623 Νικηφόρον
665 1567 679 1582 ⁸
698 1550 843 1619 ἅπερ
868 1547 1111 1612 ἀκούσας
1131 1549 1159 1601 6
1184 1543 1918 1617 πατριάρχηςηύχαρίστησε

323 1646 412 1719 τῷ
441 1644 561 1714 Θεῷ
587 1642 726 1713 μετά
754 1640 1030 1711 δακρύων,
1076 1640 1158 1693 ὅτι
1201 1637 1407 1709 ἠξιώθη
1455 1638 1595 1708 ὑπὲρ
1636 1636 1919 1698 εὐσεϐείας

326 1739 507 1794 ταῦτα
541 1737 794 1791 ἀκοῦσαι.
831 1736 939 1788 Kal
964 1733 1029 1805 δὴ
1064 1734 1327 1805 ὥρμησεν
1365 1735 1393 1786 6
1423 1731 1548 1794 λαὸς
1576 1729 1918 1801 ὁμοθυμαδὸν

330 1830 545 1902 πρὸςτὺ
573 1828 816 1883 ἀνελθεῖν
832 1829 917 1890 εἰς
939 1826 1001 1880 τὸ
1028 1827 1437 1897 πατριαρχεῐον.
1474 1822 1586 1876 Καί
1614 1840 1698 1885 τις
1718 1821 1919 1891 Θωμᾶς

2020 640 2184 679 manu
2236 622 2630 677 miraculorum
2678 619 2951 675 eﬁ‘ectrice
2978 618 3233 673 nonnihil
3277 618 3599 675 sublevatus

2018 726 2103 771 est
2146 715 2493 784 patriarcha;
2544 713 2689 783 quod
2742 728 2869 767 cum
2929 712 3183 769 rescisset
3230 711 3598 775 Chamaeleon,

2019 803 2381 875 quorumdam
2423 819 2523 872 ope
2568 802 2767 856 milites
2807 804 2859 855 in
2907 801 3301 872 patrial-citium
3333 802 3473 855 clam
3504 815 3601 870 pe-

2021 905 2241 951 netrare
2268 894 2567 963 disposuit,
2608 902 2662 947 et
2711 893 2940 948 silenter
2972 909 3098 948 eum
3139 893 3432 947 abducere.
3469 890 3607 947 Eral

2021 1004 2186 1059 porro
2211 985 2551 1058 Jejuniorum
2584 986 2823 1039 initium.
2857 984 3115 1042 Conferta
3140 986 3326 1055 itaque
3357 984 3605 1038 multitu-

2023 1078 2151 1133 dine
2197 1078 2396 1142 coacti,
2432 1077 2581 1131 velut
2628 1074 2803 1131 Judaei
2846 1076 2899 1129 in
2945 1074 3224 1130 Christum
3274 1074 3604 1139 insilientes,

2023 1186 2150 1226 cum
2206 1171 2402 1241 gladiis
2438 1179 2492 1225 et
2521 1169 2685 1240 lignis
2725 1168 2976 1223 ecclesias
3004 1169 3201 1223 atrium
3237 1167 3604 1238 repleverunt,

2025 1265 2348 1328 clamantes,
2369 1271 2424 1317 et
2467 1262 2806 1317 tumultuose
2849 1259 3213 1315 vociferantes
3245 1277 3260 1315 :
3288 1268 3605 1328 cmperunt—

2025 1373 2131 1428 que
2156 1354 2458 1421 exsecrari,
2487 1361 2542 1410 et
2575 1353 2710 1408 diris
2731 1351 3000 1407 devovere
3030 1361 3218 1406 sancta
3250 1352 3304 1406 iu
3337 1351 3607 1407 memoria

2024 1445 2317 1502 defunctos
2349 1443 2683 1500 Germanum
2705 1483 2721 1508 ,
2774 1440 3063 1496 Tarasium
3100 1448 3155 1495 et
3203 1438 3603 1510 NiCephorum:

2025 1554 2147 1609 qua:
2170 1538 2390 1608 quidem
2426 1536 2657 1592 audiens
2701 1534 3013 1606 patriarcha
3044 1533 3153 1588 Deo
3195 1547 3319 1588 cum
3352 1532 3609 1604 lacrymis

2027 1631 2229 1703 gratias
2246 1632 2378 1702 egit,
2397 1630 2542 1701 quod
2561 1630 2782 1701 pietatis
2807 1629 3161 1686 defendendae
3186 1644 3353 1686 causa
3374 1629 3492 1685 haec
3511 1643 3611 1683 au-

2027 1723 2145 1778 dire
2175 1731 2499 1779 mereretur.
2553 1723 2856 1779 Confestim
2901 1723 3238 1792 conspiranti
3269 1724 3472 1793 impetu
3507 1737 3613 1793 po-

2027 1814 2189 1884 pulus
2213 1814 2424 1880 insiliit,
2454 1822 2517 1869 ut
2540 1814 2593 1868 in
2620 1814 3018 1893 patriarchium
3043 1815 3443 1884 ingrederetur.
3484 1813 3608 1869 Mox

334 1901 632 1993 πατρίκιος
662 1918 1089 1974 ἀποδισυπόιτων
1119 1916 1250 1990 [ἀπὸ
1283 1917 1365 1979 δὶς
1411 1913 1657 1986 ὑπάτων]
1694 1915 1924 1984 γενόμε-

2032 1906 2272 1962 Thomas
2319 1906 2546 1977 quidam
2576 1905 2868 1975 patricius,
2905 1907 2992 1962 bis
3030 1907 3317 1972 exconsul,
3346 1906 3439 1976 qui
3475 1915 3609 1962 tunc

331 2032 446 2081 νος,
476 2013 534 2076 ὃς
552 2013 674 2066 τότε
701 2012 801 2082 τὴν
823 2010 1122 2081 ἐκκλησίαν
1163 2007 1473 2080 παρέλαϐεν
1504 2006 1624 2078 [ὡς]
1674 2005 1781 2058 ὑπὸ
1824 2004 1920 2058 τοῦ

336 2106 628 2177 βασιλέως,
681 2103 992 2173 ἀσφαλίσας
1020 2101 1119 2165 τὰς
1179 2100 1358 2162 πύλας
1385 2099 1484 2152 τοῦ
1523 2099 1921 2169 πατριαρχείου

334 2195 640 2261 amatus“
690 2194 911 2258 αὐτοὺς,
959 2191 1036 2255 ὡς
1085 2190 1248 2261 δῆθεν
1283 2189 1379 2243 τοῦ
1428 2189 1695 2260 βασιλέως
1751 2189 1923 2259 χωρὶς

331 2283 512 2337 ταῦτα
541 2281 850 2344 ποιοῦντας.
903 2281 1016 2334 Καὶ
1064 2280 1250 2334 λοιπὸν
1288 2282 1316 2332 6
1358 2278 1758 2350 προειρημένος
1783 2277 1921 2350 ἀνὴρ

331 2369 591 2427 ἀπελθὼν
614 2377 750 2443 πρὸς
773 2372 867 2424 τὸν
889 2370 1290 2442 Χαμαιλέοντα,
1322 2367 1476 2423 εἶπεν
1510 2369 1661 2439 αὐτῷ
1686 2368 1778 2423 τοῦ
1790 2366 1922 2422 λαοῦ

332 2461 690 2533 τὴνάτακτον
719 2462 918 2533 ῥύμην.
963 2462 1021 2515 '0
1046 2461 1104 2515 δὲ
1136 2461 1226 2515 ἀεὶ
1245 2460 1486 2529 ψεύστης
1515 2459 1611 2525 ὣν,
1647 2461 1924 2532 ἠρνήσατο

334 2552 562 2618 ειδέναι,
593 2551 729 2622 μηδὲ
756 2549 1096 2605 ἀπεστάλθαι
1123 2549 1256 2621 παρ’
1294 2548 1483 2604 αὐτοῦ.
1518 2550 1702 2616 Ἀλλὰ,
1735 2549 1921 2621 φησὶν,

337 2645 590 2714 ἀνάγκην
624 2642 841 2714 ἔχουσιν
894 2644 988 2697 καὶ
1039 2642 1202 2696 πόνον
1252 2644 1302 2697 0i
1337 2642 1480 2707 λαοὶ,
1513 2642 1607 2694 καὶ
1642 2640 1733 2694 διὰ
1766 2641 1925 2695 τοῦτο

334 2735 516 2799 οὕτως
541 2735 831 2804 ἐποίησαν.
864 2734 974 2787 Καὶ
994 2733 1189 2802 λέγειό
1220 2733 1443 2802 Θωμᾶς,
1473 2731 1556 2786 ὅτι
1587 2731 1652 2786 Ei
1679 2732 1926 2796 κελεύεις

338 2827 529 2893 αὐτὸν,
566 2828 838 2891 δέσποτα,
897 2826 1151 2894 ὲξεῶσαι,
1196 2826 1258 2879 ού
1311 2825 1526 2880 πολλῶν
1573 2827 1691 2879 ἔστι
1741 2825 1922 2896 χρεία.

336 2918 449 2972 Δύο
482 2919 724 2989 ὀνόματα
744 2917 1085 2981 ἀπόστειλον,
1110 2916 1205 2970 καὶ
1227 2917 1355 2980 τοὺς
1386 2915 1610 2986 ἔχοντας
1635 2917 1799 2971 αὐτὸν
1825 2916 1924 2987 βα-

341 3012 581 3066 στάσαιο
625 3012 686 3064 οὐ
721 3010 832 3082 γὰρ
883 3008 1107 3063 δύναται
1174 3010 1557 3080 περιπατῆσαι
1598 3009 1691 3077 ἀφ’
1727 3009 1925 3062 ἑαυτοῦ

336 3104 408 3157 ὲκ
431 3101 537 3170 τῆς
561 3102 742 3163 νόσου,
771 3101 867 3153 xal
906 3099 1080 3164 οὕτως
1110 3099 1395 3170 ἐξέρχεται
1418 3116 1431 3130 ο
1455 3098 1487 3152 ὃ
1508 3098 1573 3170 δὴ
1607 3100 1702 3155 καὶ
1734 3101 1928 3172 ἐποίη-

339 3209 459 3246 σεν.
496 3191 576 3269 Τῇ
602 3193 760 3244 νυκτὶ
788 3189 942 3263 [γὰρ]
974 3189 1303 3254 ἀποστείλας
1325 3190 1481 3255 τινὰς
1512 3189 1744 3256 ἐξέωσεν
1761 3192 1926 3245 αὐτὸν

337 3283 444 3352 τῆς
477 3261 803 3354 ἐκκλησίας,
851 3261 949 3336 καί
994 3283 1404 3351 καταγαγόντες
1442 3285 1508 3335 ὲκ
1531 3282 1623 3336 τοῦ
1655 3299 1931 3354 πατριαρ-
1957 3261 2001 3317 C

338 3373 494 3445 χείου
526 3374 663 3443 μετά
704 3374 875 3443 φόρου
921 3370 1197 3444 ιφορείον]
1236 3371 1288 3425 0i
1325 3372 1751 3437 ἀποσταλέντες,
1775 3372 1934 3444 ἐστη-

341 3481 444 3518 σαν
466 3464 632 3535 μέσον
662 3465 761 3534 τῆς
780 3464 988 3533 ἀγορᾶς
1016 3461 1112 3515 τοῦ
1150 3461 1387 3532 Μηλίου,
1444 3462 1595 3526 ὅπως
1639 3463 1785 3526 τινὲς
1823 3463 1932 3516 τῶν

340 3556 697 3630 στρατιωτῶν
750 3553 1147 3609 ἀποκτείνωσιν
1195 3554 1381 3608 αὐτόν.
1431 3555 1544 3608 Kal
1578 3555 1767 3622 ἐπειδὴ
1799 3553 1935 3624 βρά-

334 3652 449 3706 διον
475 3646 568 3722 ἦν,
600 3650 696 3705 καὶ
736 3647 939 3711 πάντες
972 3646 1127 3718 ὕπνῳ
1162 3646 1554 3717 κατεφέροντο,
1597 3646 1777 3710 οὐδεὶς
1812 3650 1935 3701 ἐσαι

337 3744 533 3815 λεύθη.
549 3743 659 3797 Kal
684 3742 1008 3809 ποιήσαντες
1025 3740 1158 3793 ὡσεὶ
1181 3739 1381 3811 μιῶριν
1399 3737 1496 3811 [ὡς
1517 3737 1802 3810 ὴμιῶριν],
1835 3739 1935 3792 καὶ

342 3833 515 3904 μηδὲν
569 3829 870 3893 ἀνύσαντες
917 3829 1048 3899 περὶ
1095 3824 1158 3882 οὗ
1222 3827 1528 3890 ἐϐούλοντο,
1580 3822 1722 3898 ἦραν
1770 3827 1933 3881 αὑτὸν

336 3923 577 3989 ἐκεῖθεν,
611 3922 706 3977 καὶ
733 3920 1049 3991 κατήγαγον
1072 3919 1154 3982 εἰς
1183 3917 1481 3989 ἀκρόπολιν
1502 3932 1517 3947 °
1549 3921 1644 3972 καὶ
1680 3917 1934 3987 βαλόντες

336 4016 397 4070 ἄν
420 4013 660 4084 ἀκατίῳ,
706 4010 939 4083 ἔρριψαν
974 4010 1151 4081 πέραν
1184 4011 1264 4073 είς
1303 4009 1668 4080 Χρυσόπολιν.
1723 4009 1834 4062 Kal
1873 4009 1934 4062 τὸ

339 4103 492 4179 πρωῒ
523 4105 760 4174 ποιήσας
804 4100 1078 4155 σελέντιον
1114 4094 1150 4153 6
1187 4100 1303 4165 υίὸς
1333 4101 1431 4170 τῆς
1463 4100 1762 4166 ἀπωλείας,
1781 4097 1935 4153 εἶπεν

337 4199 484 4270 πρὸς
515 4197 609 4249 τὸν
647 4195 777 4250 λαόν
801 4211 816 4226 ’
869 4194 1087 4259 Οἴδατε,
1136 4193 1380 4263 ἀδελφοὶ,
1412 4194 1496 4247 ὅτι
1519 4195 1549 4246 6
1583 4192 1935 4264 πατριάρχης

337 4289 629 4362 παρώσας
655 4286 754 4356 τῆς
782 4284 1081 4356 ἐκκλησίας
1109 4285 1458 4356 ἀνεχώρησεν
1479 4301 1492 4316 ο
1515 4285 1649 4338 διότι
1673 4286 1934 4355 ἐλέγομεν

338 4380 496 4451 αὐτῷ
525 4379 657 4451 περὶ
688 4378 797 4432 τῶν
842 4378 1090 4443 εἰκόνων,
1119 4378 1200 4431 ὅτι
1244 4376 1431 4441 κακῶς
1472 4376 1932 4445 προσκυνοῦνται,

341 4474 436 4527 καὶ
486 4474 569 4526 ὅτι
623 4471 711 4525 διά
757 4468 915 4523 τοῦτο
946 4469 1016 4522 τὰ
1053 4468 1182 4539 ἔθνη
1229 4467 1520 4539 κυριεύουν
1549 4468 1727 4539 ἡμῶν.
1760 4467 1934 4532 Αὐτὸς

337 4567 402 4623 δὲ
433 4565 512 4636 μὴ
545 4563 685 4634 ἔχων
716 4561 937 4630 εὔλογόν
965 4579 1018 4614 τι
1044 4560 1512 4639 ἀπολογήσασθαι,
1536 4560 1814 4632 ὀργισθεὶς
1839 4561 1933 4615 καὶ
1962 4603 2009 4658 D

340 4657 622 4729 ἀτιμάσας
686 4655 837 4726 ἡμᾶς
877 4652 1246 4724 ἀνεχώρησεν.
1302 4654 1415 4708 Καὶ
1460 4653 1647 4708 λοιπὸν
1685 4655 1932 4726 ἀνάγκην

338 4749 543 4822 ἔχομεν
576 4747 763 4819 ἕτερον
795 4746 1145 4817 πατριάρχην
1182 4747 1427 4819 ποιῆσαι.
1462 4748 1574 4801 Kal
1601 4747 1772 4802 ταῦτα
1802 4748 1932 4818 ψευ-

342 4843 581 4913 σάμενος
614 4839 834 4894 ἔπεισεν
873 4838 966 4892 τὸν
1004 4837 1159 4905 λαὸν,
1209 4838 1294 4892 ὅτι
1333 4841 1712 4912 παρῃτήσατο,
1743 4842 1837 4893 καὶ
1865 4839 1931 4911 δὴ

342 4932 678 5007 βουλομένου
738 4929 906 4985 αὐτοῦ
957 4931 1184 5001 ποιῆσαι
1223 4930 1477 5000 Ἰωάννην
1523 4929 1618 4984 τοῦ
1665 4931 1930 5001 Παγκρα-

339 5028 488 5091 τίου,
520 5025 641 5081 καθ’
667 5025 698 5079 6
748 5024 842 5080 καὶ
875 5024 1244 5096 προσυνέθετο
1287 5024 1437 5096 αύτῷ
1464 5025 1600 5097 ('22),
1632 5025 1932 5097 διεκωλύθη

343 5114 503 5188 παρὰ
551 5113 661 5168 τῶν
717 5113 1027 5182 πατρικίων
1071 5113 1362 5182 λεγόντων,
1417 5115 1500 5168 ὅτι
1526 5114 1664 5178 Νέος
1689 5116 1806 5169 ἐστὶ
1841 5115 1936 5169 καὶ

343 5206 588 5279 ἀφανής,
612 5206 710 5261 καὶ
756 5205 820 5259 οὐ
860 5205 945 5261 δεῖ
992 5206 1138 5276 ἡμᾶς
1179 5205 1444 5278 γέροντας
1487 5211 1813 5278 προσκυνεῖν
1842 5208 1936 5263 xal

344 5299 721 5370 προσπίπτειν
801 5294 1120 5368 ιμπροσθεν
1186 5297 1357 5353 αὑτοῦ
1383 5316 1398 5330 -
1442 5298 1580 5353 ἀλλά
1620 5299 1822 5370 μᾶλλον
1871 5300 1939 5352 ὲκ

342 5393 473 5458 τοὺς
496 5385 757 5460 εὐγενοῦς
806 5388 940 5464 [τῶν
966 5388 1256 5463 εὐγενῶν],
1318 5391 1414 5446 καὶ
1445 5393 1709 5463 ἐμφανεῖς
1736 5392 1936 5466 [ἐμφα-

2030 1998 2180 2053 velnt
2204 1996 2556 2068 imperatoris
2590 1997 2748 2065 jussu
2781 1997 3071 2051 ecclesiam
3098 1998 3378 2052 tutandam
3415 2012 3605 2053 susce-

2029 2099 2204 2160 perat,
2228 2090 2399 2159 portis
2424 2087 2741 2159 patriarebii
2771 2087 3031 2153 occlusis,
3062 2103 3157 2144 eos
3187 2092 3437 2154 removit,
3457 2090 3611 2145 velut

2030 2180 2205 2236 inscio
2235 2181 2568 2250 imperatore
2592 2179 2905 2235 istiusmodi
2928 2177 3175 2234 facinora
3203 2181 3447 2236 molitos.
3474 2179 3610 2236 Pro-

2030 2273 2178 2328 tinus
2226 2271 2294 2327 ad
2350 2272 2809 2327 Chameleontem
2861 2270 3121 2342 praefatus
3177 2273 3259 2327 vir
3307 2272 3610 2342 profectus,

2031 2365 2404 2422 inordinatum
2443 2364 2625 2434 populi
2695 2373 2907 2419 motum
2958 2363 3323 2419 denuntiavit.
3367 2363 3466 2420 Ille
3510 2380 3611 2436 pro

2031 2458 2196 2514 solito
2222 2458 2478 2524 mendax,
2506 2473 2608 2512 nec
2635 2457 2937 2527 quidquam
2964 2461 3128 2521 seire,
3163 2457 3246 2512 vel
3278 2472 3609 2528 quemquam

2031 2565 2063 2605 a
2090 2565 2151 2605 se
2188 2550 2417 2606 missum
2464 2564 2688 2619 negare.
2738 2548 2986 2616 Verum,
3032 2549 3231 2618 inquit,
3284 2551 3612 2606 necessitate

2032 2643 2370 2712 compulsus,
2422 2650 2478 2697 et
2533 2641 2702 2695 animi
2753 2656 2990 2696 mmrore
3040 2649 3218 2695 tactus
3270 2641 3504 2710 populus
3555 2642 3611 2696 iu

2034 2734 2350 2803 hujusmodi
2374 2733 2578 2789 factum
2611 2734 2880 2804 prorupit.
2909 2732 3193 2788 Subinfert
3223 2731 3465 2789 Thomas
3498 2752 3512 2787 :
3551 2732 3611 2788 Si

2031 2842 2156 2882 eum
2173 2827 2403 2898 iusseris
2429 2826 2646 2897 expelli,
2671 2826 2911 2890 domine,
2938 2841 3047 2880 non
3077 2841 3217 2896 opus
3236 2826 3443 2881 multis.
3463 2825 3613 2882 Tan-

2034 2929 2146 2974 tum
2179 2920 2432 2975 homines
2465 2920 2606 2975 duos
2663 2920 2841 2986 mitte,
2898 2920 3149 2990 aliosque
3186 2921 3278 2991 qui
3327 2920 3557 2977 eﬂ‘erant
3592 2938 3612 2979 ι

2034 3026 2144 3066 non
2178 3013 2323 3067 enim
2361 3011 2779 3082 ingravescente
2812 3012 3122 3067 valetudine
3142 3028 3173 3067 a
3200 3027 3259 3068 se
3281 3022 3460 3083 potest
3489 3028 3616 3083 pro-

2034 3102 2230 3158 cedere
2262 3117 2276 3156 :
2315 3111 2477 3171 atque
2508 3102 2581 3156 ita
2607 3103 2872 3158 discedet.
2913 3102 2971 3157 Id
3009 3103 3084 3158 ita
3115 3100 3263 3169 fecit,
3319 3101 3617 3159 submissis

2036 3201 2217 3257 nocte,
2260 3194 2354 3263 qui
2397 3193 2768 3263 patriarcham
2799 3193 3063 3264 ejicerent
3113 3195 3372 3250 ecclesia.
3430 3194 3617 3261 Quare

2035 3285 2129 3354 qui
2164 3284 2319 3340 missi
2354 3283 2575 3339 fuerant
2614 3285 2809 3341 lectica
2861 3286 3228 3356 patriarcham
3261 3287 3616 3354 abducentes,

2034 3376 2215 3432 medio
2243 3376 2380 3430 Milii
2415 3374 2574 3447 M1
2606 3376 2726 3431 foro
2769 3386 3059 3443 steterunt,
3093 3386 3155 3432 ut
3196 3394 3323 3433 eum
3373 3379 3612 3434 militum

2033 3468 2254 3539 quidam
2279 3467 2615 3522 occiderent.
2653 3466 2785 3522 Erat
2823 3483 2990 3539 porro
3012 3468 3284 3539 profunda
3304 3485 3434 3534 nox,
3463 3486 3615 3524 som-

2034 3575 2216 3630 noque
2248 3561 2466 3616 cunctis
2513 3560 2792 3630 depressis
2822 3599 2837 3624 ,
2879 3560 3065 3616 nullus
3114 3560 3358 3630 seipsum
3421 3558 3623 3615 movit.

2033 3650 2166 3708 Post
2208 3653 2443 3706 mediam
2482 3652 2697 3717 horam,
2725 3652 2781 3706 in
2815 3652 2987 3716 nullo,
3029 3666 3266 3723 quorum
3301 3661 3420 3706 erat
3448 3652 3615 3708 moli-

2033 3757 2182 3806 men,
2223 3742 2593 3812 proficientes,
2641 3742 2882 3798 tulerunt
2926 3756 3054 3797 eum
3096 3742 3221 3797 inde
3249 3750 3304 3798 et
3335 3745 3388 3798 in
3427 3758 3613 3798 arcem

2034 3832 2414 3900 abduxerunt;
2471 3832 2748 3903 lintreque
2778 3832 3097 3902 impositum
3139 3842 3292 3887 trans
3324 3832 3524 3888 fretum
3548 3835 3617 3888 ad

2034 3923 2420 3995 Chrysopolim
2446 3924 2749 3993 proiecere.
2771 3922 2928 3979 Mane
2955 3924 3193 3979 comitiis
3217 3923 3437 3987 habitis.
3472 3925 3618 3982 ﬁlius

2035 4012 2363 4084 perditionis
2388 4014 2455 4069 ad
2489 4014 2754 4085 populum
2782 4029 3093 4070 sermonem
3127 4015 3316 4069 habuit
3341 4031 3355 4067 :
3385 4014 3618 4081 Videtis,

2035 4086 2256 4172 fratres,
2292 4116 2354 4161 ut
2384 4107 2697 4178 patriarcha
2727 4107 2961 4181 ecclesia
2990 4108 3250 4162 derelicta
3276 4108 3616 4174 discesserit,

2035 4197 2182 4266 quod
2218 4212 2344 4251 cum
2384 4211 2452 4251 eo
2480 4196 2550 4252 de
2581 4197 2918 4268 imaginibus
2950 4195 3219 4252 fuerimus
3251 4198 3528 4264 collocuti,
3561 4210 3620 4254 et

2035 4288 2463 4358 exposuerimus
2486 4297 2711 4358 propter
2734 4303 2830 4344 eas
2861 4303 2893 4344 a
2925 4290 3181 4358 gentibus
3211 4304 3312 4344 nos
3347 4289 3530 4361 aﬂligi.
3568 4290 3619 4346 Is

2036 4395 2198 4443 vero,
2246 4381 2499 4450 responsi
2533 4379 2764 4450 congrui
2812 4380 3035 4450 penitus
3077 4380 3319 4451 ignarus,
3361 4382 3441 4437 ira
3472 4395 3617 4452 prae-

2036 4486 2186 4542 ceps,
2210 4482 2266 4526 et
2296 4471 2456 4527 nobis
2486 4471 2773 4543 neglectis,
2800 4472 2955 4527 abiit.
2989 4472 3171 4526 Alium
3196 4472 3366 4542 igitur
3388 4474 3621 4544 patriar-

2036 4565 2198 4620 cham
2240 4563 2456 4619 institui
2495 4577 2724 4619 necesse
2761 4572 2867 4619 est.
2897 4564 2978 4618 Ita
3014 4563 3304 4630 mentitus,
3342 4567 3621 4634 persuasit

2039 4658 2242 4728 populo
2288 4656 2577 4712 abdicasse
2627 4671 2687 4712 se
2745 4656 3060 4726 dignitate:
3114 4654 3382 4712 Joannem
3416 4657 3622 4730 quippe

2038 4748 2314 4805 Pancratii
2353 4747 2548 4814 filium,
2596 4748 2741 4818 quod
2782 4748 2887 4803 sibi
2936 4748 3298 4815 adhaesisset,
3329 4750 3398 4805 ad
3428 4750 3621 4805 istius-

2041 4842 2187 4896 modi
2235 4842 2556 4911 dignitatem
2606 4855 2933 4910 promovere
2973 4840 3246 4896 studebat.
3299 4843 3345 4894 A
3377 4841 3623 4912 patriciis

2038 4945 2219 4989 tamen
2249 4934 2304 4988 in
2334 4934 2482 4989 hunc
2511 4948 2720 4988 morem
2767 4933 3122 4989 monentibus
3154 4933 3463 5002 prohibitus
3495 4943 3620 4990 est:

2040 5024 2266 5082 iuvenis
2291 5036 2395 5094 est,
2435 5026 2778 5096 inquiebant,
2823 5034 2878 5080 et
2916 5025 3216 5095 ignobilis:
3258 5039 3436 5095 neque
3465 5024 3622 5080 decet

2041 5134 2144 5174 nos
2188 5133 2347 5174 senes
2395 5133 2521 5173 eum
2554 5117 2829 5182 venerari,
2875 5125 2941 5170 et-
2975 5130 3163 5170 coram
3188 5130 3254 5169 eo
3291 5114 3618 5184 procidere;

2042 5209 2174 5278 quin
2205 5208 2390 5278 potius
2439 5222 2508 5262 ex
2556 5206 2811 5276 ingenuis
2860 5217 2915 5261 et
2967 5206 3168 5261 illustri
3219 5204 3428 5261 familia
3474 5205 3624 5262 natis

2045 5306 2315 5368 aatateque
2351 5296 2627 5369 provectis
2663 5297 2972 5368 patriarcha
3023 5303 3428 5367 promoventur.
3482 5294 3620 5351 Eam

2043 5391 2117 5446 ob
2139 5404 2252 5444 rem
2284 5386 2624 5444 TlteodOtum
2646 5386 2925 5444 Michaelis
2953 5383 3171 5457 patricii
3194 5382 3623 5441 MelissiniCon-

1538 5482 1794 5540 FBANC.
1827 5480 2219 5547 COMBDFISII
2251 5478 2489 5536 NOTAE.

280 5650 289 5655 _
383 5654 387 5655 ν
420 5576 537 5655 (20)
561 5574 1052 5655 Dilﬂaiojutmore,
1083 5584 1178 5630 aut
1227 5575 1513 5632 sudoribus
1540 5577 1778 5633 resoluto
1812 5584 1934 5631 tan-

356 5645 529 5710 tis'aer'
550 5645 845 5707 concaluit.
1234 5659 1245 5673 -

418 5700 670 5795 ξέίγτό,
709 5704 927 5797 appr-ii,
961 5728 1071 5769 non
1096 5713 1323 5797 .silenter
1354 5726 1561 5797 putem,
1596 5719 1697 5797 _utl
1744 5717 1937 5797 reddi-

352 5789 465 5850 tum
496 5789 525 5845 ι
549 5802 661 5844 non
690 5789 833 5841 enim
860 5789 933 5838 ita
961 5789 1228 5856 pergitur,
1258 5790 1406 5856 quod
1434 5789 1793 5843 tumultuaria
1829 5789 1934 5843 mi-

350 5865 507 5921 litum
536 5871 704 5921 tnanu
725 5855 1131 5924 exsequendum
1154 5859 1447 5912 mandatur
1480 5877 1494 5912 :
1529 5861 1627 5915 sed
1658 5861 1933 5924 trahenda,

707 5952 979 6014 ΡΑτιιοι..
1022 5951 1138 6014 Gn.
1185 5952 1398 6018 CVIII.

2041 5583 2340 5657 ενοιιπιιιε
2369 5573 2423 5629 vi
2471 5567 3622 5657 verum!“.exrerersetzmevem-

2040 5639 2170 5701 licet
2231 5639 2328 5715 per
2385 5639 2766 5714 aegritudinem
2820 5639 2997 5711 ipsum
3035 5639 3291 5694 incedere
3329 5639 3620 5701 valentem.

2111 5714 2226 5787 (22)
2279 5710 2371 5794 Uti
2436 5712 2796 5794 eliampn'us
2824 5727 2945 5794 c_um_
2981 5725 3043 5766 eo
3087 5722 3274 5794 pactus
3321 5720 3622 5794 erumpunt

2041 5780 2237 5855 nempe
2263 5785 2501 5855 primum
2532 5780 2910 5855 instauranda
2932 5780 3157 5855 haeresis
3192 5780 3458 5838 adversus
3485 5780 3624 5839 ima-

2044 5851 2198 5927 gines
2227 5851 2533 5924 adiutorem
2565 5852 2814 5909 adhibuit
2848 5867 2973 5924 pag.
2999 5851 3125 5907 435.

3192 5944 3268 6010 33
