4100 6464
523 427 663 500 1039

1763 420 2042 489 LEONIS
2097 424 2581 492 GRAMMATICI

3662 430 3794 497 1010

521 543 792 614 assumpti
837 541 905 598 ad
940 542 1130 597 urbem
1161 537 1403 604 rediens,
1432 555 1461 594 a
1506 538 1821 595 Biar-herilis
1863 542 1929 594 ad
1978 556 2103 611 por-

2210 544 2318 599 άπό
2356 544 2678 617 Βλαχερνῶν
2715 543 2820 608 ἕως
2854 544 2956 613 τῆς
3003 545 3228 616 Χρυσῆς
3276 544 3620 615 καλουμένης
3659 547 3793 616 πόρ-

521 651 629 693 tum
657 637 903 709 Chrysen
939 637 1145 691 dictam
1179 645 1330 689 extra
1368 647 1556 689 muros
1578 640 1902 704 potestatem
1928 644 2102 691 osten-

517 738 640 786 tans
663 727 1163 805 circu‘mv'olitabat,
1190 734 1245 781 et
1278 724 1514 781 nefanda
1547 725 1818 781 sacriﬁcia
1845 727 1910 781 ad
1935 725 2102 797 Chry-

515 838 606 879 ses
656 830 828 893 portae
878 828 1032 891 prata
1078 818 1387 890 peragebat.
1442 814 1565 871 Mox
1606 831 1793 886 pacem
1843 817 2101 886 componi

512 914 583 968 ab
629 913 957 983 imperatore
1014 910 1263 980 expetiit,
1316 917 1412 964 aut
1460 909 1531 963 ad
1580 908 1825 981 Chryseu
1882 918 2097 980 portam

511 1006 725 1062 hastam
760 1005 943 1074 ﬁgere.
979 1002 1317 1072 lmperatore
1357 1008 1658 1067 renuente,
1694 1001 1848 1056 urbis
1911 1017 2102 1057 muros

508 1108 563 1152 et
616 1094 962 1167 imperatoris
984 1095 1260 1151 exercitus
1308 1093 1555 1149 ordinem
1605 1093 1855 1159 miratus,
1887 1095 1941 1148 in
1977 1104 2100 1149 ten-

513 1190 708 1245 torium
746 1203 1030 1257 regressus
1059 1188 1125 1241 ad
1156 1188 1308 1257 pacis
1331 1186 1699 1243 conditionem
1733 1186 1914 1242 verbis
1944 1186 2104 1242 lalla-

510 1284 666 1339 cibus
678 1282 845 1356 “6
860 1282 1112 1338 deﬂectit.
1131 1279 1431 1351 Imperator
1448 1283 1741 1337 occasione
1758 1291 2004 1352 accepta,
2023 1281 2107 1335 in-

506 1374 664 1435 sidiis
697 1390 729 1429 e
763 1373 945 1429 medio
977 1373 1170 1428 tollere
1202 1372 1450 1436 molitus,
1475 1371 1855 1427 ministrorum
1884 1373 2101 1444 ignavia

508 1466 804 1527 consilium
861 1466 1123 1537 perlicere
1186 1464 1498 1535 prohibitus
1554 1472 1660 1528 est,
1720 1464 1831 1519 illis
1883 1464 2102 1534 quidem

508 1564 677 1621 ictum
710 1557 1102 1634 inﬂigentibus,
1164 1572 1350 1612 verum
1382 1558 1671 1612 mortalem
1712 1571 1822 1611 non
1865 1556 2106 1611 inferen-

508 1658 658 1712 tibus
689 1657 927 1726 plagam.
966 1653 1048 1709 Ob
1079 1651 1131 1705 id
1154 1649 1435 1704 insaniens
1465 1648 1553 1701 illa
1598 1647 1893 1718 pernicies,
1923 1647 2106 1704 missis

507 1749 808 1822 equitibus,
834 1747 1099 1817 palatium
1124 1741 1189 1799 ad
1229 1749 1483 1796 sanctum
1511 1738 1841 1793 Mamantem
1864 1747 2103 1793 erectum

2209 654 2331 707 της,
2372 638 2820 708 ἐπιδεικνύμενος
2848 635 2946 708 τὴν
2977 637 3173 691 ἑαυτοῦ
3196 636 3447 707 δύναμιν,
3477 636 3794 700 ἐπιτελέσας
3842 678 3850 687 .

2214 732 2422 801 μιαράς
2452 730 2646 794 θυσίας
2686 732 2748 784 ὲν
2778 729 2857 801 τῷ
2908 730 3134 802 λιϐαδίῳ
3167 730 3269 801 τῆς
3301 730 3522 800 Χρυσῆς
3563 728 3795 798 πόρτης.

2222 820 2494 894 ᾛτήσατο
2532 822 2589 876 δὲ
2618 822 2710 876 τὸν
2739 821 2965 892 βασιλέα
2998 823 3219 876 σπεῖσαι
3243 822 3491 893 εἰρήνην,
3521 819 3555 890 ἦ
3584 819 3646 872 τδ
3670 819 3797 891 δόρυ
3834 827 3848 854 ⁸

2211 913 2377 967 αύτοῦ
2416 913 2586 984 πῆξαι
2613 915 2671 969 ἐν
2702 917 2768 986 τῇ
2809 916 3001 988 Χρυσῇ
3040 915 3237 987 πόρτῃ.
3282 914 3392 968 Τοῦ
3438 915 3495 968 δὲ
3527 913 3797 984 βασιλέως

2213 1005 2288 1077 μὴ
2322 1007 2763 1077 καταδεξαμένου
2803 1006 2982 1070 τοῦτο,
3015 1006 3359 1077 ὑπέστρεψεν
3388 1009 3470 1071 είς
3514 1005 3614 1078 τὴν
3664 1004 3799 1059 ίδίαν

2212 1095 2444 1167 σκηνὴν,
2472 1095 2765 1166 θαυμάσας
2814 1097 2882 1150 τὰ
2929 1097 3033 1167 τῆς
3086 1098 3299 1161 πόλεως
3343 1097 3523 1168 τείχη,
3560 1097 3656 1150 καὶ
3698 1096 3799 1167 τὴν

2211 1183 2475 1239 εὔτακτον
2503 1186 2599 1240 τοῦ
2633 1185 2901 1256 βασιλέως
2953 1187 3285 1258 παράταξιν.
3345 1187 3471 1240 Ἐπὶ
3525 1185 3797 1254 σύμϐασιν

2210 1276 2305 1331 οὖν
2353 1278 2577 1348 είρήνης
2623 1281 2885 1349 τρέπεται
2916 1279 3312 1349 πειραστικοὺς
3362 1277 3559 1347 λόγους
3610 1276 3797 1331 ποιού-

2214 1385 2398 1437 μενος.
2443 1368 2507 1424 '0
2538 1370 2595 1423 δὲ
2650 1369 2907 1438 βασιλεὺς
2936 1371 3193 1441 ἀφορμῆς
3243 1369 3601 1441 δραξάμενος,
3647 1370 3796 1421 ἔπει-

2213 1459 2355 1530 ράθη
2393 1461 2557 1516 αὐτὸν
2600 1461 2855 1534 λοχῆσαι,
2890 1460 3006 1515 ἀλλ’
3051 1462 3132 1526 είς
3181 1461 3353 1533 πέρας
3388 1463 3614 1530 ἀγαγεῖν
3642 1460 3797 1514 τοῦτο

2211 1551 2461 1622 ἐκωλύθη
2536 1555 2604 1625 τῇ
2664 1552 2774 1606 τῶν
2837 1552 3305 1625 ὑπουργησάντων
3378 1553 3589 1625 ἀφυῖᾳ,
3663 1553 3797 1622 πληο

2217 1641 2424 1707 ξάντων
2462 1644 2561 1715 μὲν
2610 1643 2824 1713 τοῦτον,
2885 1645 3107 1715 καιρίαν
3148 1645 3205 1699 δὲ
3250 1644 3325 1715 μὴ
3361 1643 3798 1716 ὲπαγ[αγ]όντων

2214 1734 2456 1805 πληγήν.
2496 1734 2619 1788 Ἐπὶ
2654 1734 2831 1806 τούτῳ
2863 1736 3055 1807 μανεὶς
3097 1735 3126 1788 ό
3156 1734 3436 1805 ἀλάστωρ,
3474 1734 3801 1797 ἀποστείλας

507 1840 836 1901 combussit,
877 1845 932 1892 et
974 1849 1118 1890 aereo
1162 1829 1311 1889 Circi
1359 1830 1534 1887 leone.
1568 1841 1677 1880 una
1720 1840 1844 1880 cum
1887 1840 2017 1880 urso
2053 1832 2103 1878 et

2215 1826 2417 1891 ἵππους
2476 1828 2535 1879 ὲν
2583 1826 2664 1897 τῷ
2725 1826 2892 1897 Ἀγίῳ
2922 1827 3182 1898 Μάμαντι
3215 1826 3277 1880 τὸ
3305 1827 3484 1880 ἐκεῖσε
3540 1825 3803 1880 παλάτιον

507 1934 683 2006 hydra
727 1932 989 1996 dracone,
1034 1925 1514 1994 marmoribusque
1548 1918 1897 1992 perpulchris
1938 1917 2103 1972 curri-

2217 1917 2488 1989 ἐνέπρησε
2508 1935 2523 1949 ⁸
2556 1920 2651 1971 καὶ
2681 1918 2774 1972 τὸν
2810 1916 3049 1989 χαλκοῦν
3076 1918 3269 1971 λέοντα
3298 1916 3395 1970 τοῦ
3440 1916 3666 1970 ἱππικοῦ
3701 1917 3801 1970 σὺν

506 2027 612 2082 ltus
654 2023 946 2094 impositis,
980 2015 1398 2088 Adrianopolim
1445 2015 1778 2070 obsessurus
1826 2023 2103 2080 regressus

2210 2011 2278 2080 τῇ
2312 2010 2502 2083 ἄρκτῳ
2529 2011 2607 2080 (l)
2644 2012 2741 2065 xui.
2765 2010 2842 2081 τῷ
2872 2011 3132 2082 δράκοντι
3164 2008 3261 2063 τοῦ
3302 2009 3487 2079 ὑδρίου
3526 2011 3620 2064 καὶ
3652 2027 3800 2081 μαρ-

508 2127 617 2172 est.
671 2118 745 2172 Ea
801 2123 985 2183 capta,
1039 2109 1402 2166 Macedonum
1451 2104 1718 2160 nobilium
1757 2100 2103 2173 quampluri-

2213 2101 2412 2172 μάροις
2430 2100 2743 2164 καλλίστοις
2765 2101 2823 2153 ἐν
2851 2100 3091 2170 ἀμάξαις
3119 2099 3408 2171 φορτώσας
3437 2099 3798 2171 ὑπέστρεψεν,

508 2224 654 2276 mos,
688 2224 812 2264 cum
844 2207 1114 2261 immensa
1162 2201 1348 2273 populi
1400 2196 1754 2253 multitudine
1793 2206 1948 2266 trans
1997 2192 2103 2247 Da»

2208 2192 2576 2263 περικαθξσας
2611 2193 2711 2263 τὴν
2749 2191 3222 2263 Ἀδριανούπολιν·
3255 2191 3352 2246 καὶ
3401 2190 3604 2257 ταύτην
3634 2190 3797 2257 ἑλὼν,

510 2304 741 2360 nubium
800 2300 1115 2369 deportatos
1150 2294 1217 2349 ad
1258 2292 1384 2364 ejus
1421 2292 1671 2363 regiones
1707 2286 1956 2342 habitare
1988 2285 2103 2356 jus—

2208 2283 2439 2347 πολλοὺς
2470 2284 2530 2337 δὲ
2558 2282 2666 2338 τῶν
2693 2283 2936 2354 εὐγενῶν
2964 2284 3293 2338 Μακεδόνων
3320 2283 3459 2354 μετὰ
3484 2282 3615 2337 λαοῦ
3641 2283 3799 2336 πλεὶο

508 2398 607 2453 sit.

581 2591 702 2645 “Leo
760 2596 885 2659 post
958 2583 1171 2654 imperii
1210 2584 1414 2637 'annos
1486 2579 1628 2634 duos
1694 2578 1748 2633 in
1807 2575 2103 2631 amentiam

506 2697 730 2748 versus,
759 2678 1005 2734 divinum
1037 2674 1402 2746 Nicephorum
1432 2687 1462 2727 a
1494 2687 1605 2742 quo
1635 2684 1896 2726 coronam
1921 2682 2107 2724 susce—

513 2778 617 2847 pit,
665 2774 775 2844 egit
819 2771 872 2825 in
921 2768 1213 2825 exsilium:
1266 2763 1610 2821 Theodotum
1647 2777 1779 2817 vero
1829 2755 2105 2816 hominem

515 2871 768 2941 ignarum
804 2872 860 2919 et
893 2877 1061 2933 supra
1107 2860 1287 2931 pisces
1332 2871 1464 2912 voce
1502 2863 1804 2919 carentem,
1843 2851 1961 2922 ejus
1990 2853 2109 2908 vice

512 2957 894 3033 patriarcbam
937 2952 1234 3017 ordinavit,
1280 2947 1831 3021 persecutionemque
1870 2943 2107 3001 induciis

2205 2393 2338 2431 στου
2393 2376 2756 2447 διαπεράσας,
2807 2377 3230 2446 κατεσκήνωσεν
3284 2376 3344 2429 ὲν
3390 2375 3469 2446 τῷ
3518 2373 3800 2446 Δανονϐίῳ

2211 2485 2351 2521 ποτα
2360 2466 2445 2539 μῷ
2453 2508 2465 2522 .

2293 2582 2349 2634 ’0
2378 2582 2436 2635 δὲ
2461 2582 2617 2636 Λέων
2637 2582 2778 2653 μετά
2806 2582 2899 2636 δύο
2931 2582 3158 2654 χρόνους
3185 2582 3284 2651 τῆς
3317 2581 3487 2636 αὑτοῦ
3518 2582 3795 2651 βασιλείας

2210 2675 2427 2745 μανεὶς,
2471 2676 2566 2729 καὶ
2601 2676 2694 2730 τὸν
2738 2676 3016 2748 στέψαντα
3070 2676 3234 2730 αὐτὸν
3289 2678 3434 2728 θεῖον
3480 2675 3795 2746 Νικηφόρον

2208 2764 2481 2835 ὲξορίσας.
2506 2766 2763 2821 Θεόδοτον
2781 2767 3130 2838 πατριάρχην
3154 2767 3577 2837 ἀντιχειροτονεῖ
3600 2766 3795 2836 άλογον

2207 2855 2397 2929 ἄνδρα,
2430 2860 2526 2912 καὶ
2572 2858 2770 2929 ίχούων
2804 2859 3170 2930 ἀφωνότερον,
3202 2860 3299 2912 καὶ
3326 2859 3565 2929 διωγμὸν
3592 2860 3795 2914 ἄσπον-

2205 2951 2296 3004 δον
2333 2950 2489 3006 κατά
2517 2955 2615 3022 τῆς
2651 2951 2979 3025 Ἐκκλησίας
3006 2952 3363 3025 ἀνέῤῥίπισεν
3381 2970 3396 2984 ·
3420 2955 3506 3022 ἐφ’
3530 2950 3591 3009 οὗ
3617 2955 3791 3029 ἐφάνη

514 3069 629 3109 non
669 3044 1177 3118 interrumpendam
1225 3044 1489 3098 adversus
1524 3038 1823 3094 Ecelesiam
1875 3037 2103 3092 suscita-

2207 3042 2387 3114 ἀστὴρ
2436 3046 2683 3116 κομήτης
2712 3046 2771 3098 ἐν
2830 3045 3073 3116 σχήματι
3125 3043 3220 3099 δύο
3248 3045 3518 3117 λαμπρῶν
3552 3046 3794 3116 σεληνῶν

512 3146 615 3201 vit.
672 3143 814 3215 Ejus
864 3149 1110 3209 tempore
1164 3141 1405 3190 cometes
1467 3131 1522 3186 in
1572 3129 1807 3200 duplicis
1856 3128 2000 3183 luna:
2053 3136 2103 3183 et

2208 3133 2515 3203 ἑνουμένων
2541 3173 2556 3199 ,
2614 3134 2711 3188 καὶ
2770 3134 2933 3189 πάλιν
2977 3135 3376 3206 διαιρουμένων
3419 3139 3500 3202 εἰς
3558 3138 3797 3208 διάφορα

515 3236 686 3293 unius
716 3249 842 3289 cum
874 3231 980 3286 alia
999 3229 1222 3299 junctae,
1256 3238 1588 3293 rursumque
1618 3222 1826 3285 divisae,
1852 3231 1906 3275 ct
1925 3219 2103 3276 varias

2209 3227 2489 3297 σχήματα,
2523 3227 2600 3292 ὡς
2634 3230 2715 3292 είς
2747 3229 3028 3301 ἀκεφάλου
3065 3231 3357 3285 διάπλασιν
3393 3230 3579 3304 ἀνδρὸς
3607 3250 3795 3287 τυπω-

513 3279 1272 3388 ῖοῖιῖιξιζέὖὶιᾷἔιῖιῖξξρἔίο
1312 3279 1593 3385 apparuit,
1628 3311 1787 3382 quasi
1813 3279 2100 3365 hominem

2207 3279 2390 3388 θῆὀὲιι.
2414 3279 2561 3374 ἆξαι
2579 3279 3452 3394 ’μιρἷεοῖζᾶἆῐξέισῇξιζρζὲέροῖξ
3467 3279 3579 3378 ἶοᾶ
3617 3279 3793 3394 at;

512 3418 693 3489 capite
717 3421 996 3472 carentem
1036 3414 1473 3481 reprazsentaret.
1501 3404 1711 3460 Exinde
1740 3415 1898 3459 terra:
1920 3414 2103 3459 motus

2207 3408 2479 3485 [αύχμοὶ],
2520 3413 2615 3466 καὶ
2647 3413 2954 3484 φλογώσεις
2984 3415 3276 3485 γεγόνασιν
3300 3416 3396 3470 ἐπὶ
3423 3415 3534 3470 τῶν
3562 3417 3793 3489 ἡμερῶν

512 3508 828 3576 horribiles,
864 3505 1167 3567 siccitates,
1194 3510 1249 3556 et
1278 3499 1507 3555 ardores
1543 3495 1874 3551 intolerandi
1907 3495 2102 3551 diebus

512 3597 1011 3675 imperatoriS‘Deo
1049 3594 1230 3651 infesti
1261 3591 1441 3647 exorti
1486 3598 1634 3647 sunt.
1686 3588 1936 3643 imitatus
1966 3603 2103 3659 prae-

511 3707 658 3751 terea
699 3690 1033 3749 detestanda:
1081 3688 1246 3759 hujus
1282 3688 1556 3740 haereseos
1611 3681 1828 3747 ducem,
1856 3681 2100 3751 ejusdem

501 3787 754 3844 'nominis
836 3796 1165 3851 morumque
1224 3775 1527 3846 exemplar,
1599 3774 1854 3830 haeresim
1924 3772 2100 3844 ipsam

508 3877 758 3950 proﬁteri
779 3875 965 3945 etrapit,
999 3872 1356 3942 ejusdemque
1385 3865 1663 3937 sacrilegii
1693 3864 1934 3921 consciis
1965 3880 2104 3921 con-

511 3968 755 4040 quisitis,
806 3964 1070 4020 Joannem
1142 3959 1348 4015 dictum
1412 3954 1871 4020 Grammaticum,
1930 3952 2104 4023 magis

387 4100 407 4125 .
513 4071 698 4117 autem
747 4055 982 4112 Jannem
1030 4052 1221 4116 alium,
1255 4050 1339 4104 vel
1362 4047 1643 4103 Simonem
1675 4045 2103 4102 divinationibus

510 4170 578 4210 ex
635 4149 799 4220 pelvi,
854 4144 1158 4219 praestigiis
1212 4149 1267 4197 et
1325 4140 1608 4213 spurcitiis
1656 4138 2101 4206 celeberrimum,

510 4245 765 4314 aliosque
784 4255 986 4299 sensus
1013 4235 1258 4306 ejusdem
1292 4240 1580 4288 consortes
1609 4231 1836 4286 invenit.
1874 4232 1955 4285 Ad
1987 4231 2105 4286 haec

508 4336 824 4408 Nicephoro
854 4330 1015 4386 laude
1043 4326 1211 4399 digno
1243 4322 1591 4396 patriarchae,
1620 4330 1683 4377 et
1703 4322 1797 4392 qui
1825 4336 1957 4377 cum
1984 4322 2103 4391 ipso
2137 4335 2141 4339 '

508 4437 669 4486 erant
722 4422 997 4496 episcopis
1043 4433 1226 4476 coram
1275 4423 1469 4473 senatu
1523 4414 1755 4481 vocatis,
1813 4413 1928 4468 ait:
1969 4410 2105 4467 Nul-

509 4522 730 4577 latenus
788 4531 891 4572 vos
950 4513 1082 4569 latet
1137 4509 1429 4568 emersisse
1488 4507 1782 4579 quosdam,
1835 4505 2103 4576 imagines

2203 3501 2296 3555 τοῦ
2325 3503 2676 3573 θεοστυγοῦς.
2716 3505 3158 3578 Ἐκμιμούμενος
3186 3507 3371 3561 τοίνυν
3415 3508 3506 3563 τὸν
3540 3510 3641 3580 τῆς
3682 3527 3792 3578 μυ-

2206 3595 2382 3665 σαρᾶς
2429 3595 2635 3668 ταύτης
2683 3598 2952 3671 αἱρέσεως
3001 3599 3249 3672 ἀρχηγὸν
3299 3599 3594 3672 ὁμώνυμον
3621 3602 3792 3655 abso?)

2205 3685 2299 3738 καὶ
2331 3685 2657 3756 όμότροπον,
2694 3686 2899 3759 ἤρξατο
2929 3690 3030 3761 τῆς
3071 3689 3368 3762 αἱρέσεως·
3402 3686 3521 3745 εἶτα
3566 3690 3792 3761 συμμύ-

2206 3791 2340 3839 στας
2396 3778 2735 3849 ἐπιζητήσας
2783 3773 2943 3851 εὗρεν
3010 3780 3303 3852 Ἰωάννην,
3357 3781 3451 3834 τὸν
3494 3781 3793 3852 λεγόμενον

2204 3866 2625 3938 Γραμματικὺν,
2659 3870 2865 3942 μᾶλλον
2903 3872 2961 3926 δὲ
3012 3872 3271 3943 Ἰωάννην
3311 3872 3584 3947 [Ἰαννῆν]
3627 3874 3793 3929 ἄλλον

2204 3957 2239 4027 ἦ
2265 3959 2505 4030 Σίμωνα,
2540 3962 2632 4015 ὲπί
2674 3978 2737 4015 τε
2786 3962 3295 4036 λεκανομαντείαις,
3330 3965 3428 4019 καὶ
3475 3965 3787 4036 γοητείαις.

2205 4049 2304 4103 καὶ
2333 4053 2755 4125 αἰσχρουργίαις
2791 4055 3238 4127 διαϐεϐοημένον,
3274 4056 3366 4111 καὶ
3397 4057 3619 4130 ἑτέρους
3638 4059 3793 4122 τινὰς

2203 4140 2516 4213 ὁμόφρονας
2545 4143 2734 4201 αὑτοῦ.
2782 4145 3181 4218 Προσκαλεῖται
3227 4146 3319 4202 οὖν
3346 4148 3663 4220 Νικηφόρον
3698 4150 3790 4203 τὸν

2204 4230 2451 4303 ἀοίδιμον
2480 4236 2849 4308 πατ-ριάρχην,
2877 4239 2973 4292 καὶ
2998 4240 3126 4303 τοὺς
3149 4241 3248 4293 σὺν
3270 4239 3420 4310 αὐτῷ
3449 4242 3789 4306 ἐπισκόπους

2203 4324 2436 4379 ἐνώπιον
2465 4328 2564 4397 τῆς
2596 4330 2926 4402 συγκλήτου,
2979 4331 3075 4386 καί
3103 4348 3295 4400 φησιν’
3322 4331 3464 4386 Ἰστε
3499 4333 3689 4402 σαφῶς
3712 4333 3790 4396 ὡς

2204 4417 2514 4490 ἀνέστησάν
2559 4438 2705 4487 τινες
2748 4422 3022 4492 λέγοντες,
3070 4426 3145 4495 μὴ
3192 4424 3305 4478 δεῖν
3357 4425 3788 4497 προσκυνεῖσθαι

2204 4507 2304 4573 τὰς
2360 4511 2599 4577 εἰκόνας.
2636 4512 2814 4578 Εὐθὺς
2860 4515 2918 4569 δὲ
2947 4515 2977 4567 ό
3039 4517 3183 4588 ἱερὸς
3217 4515 3493 4586 Εὐθύμιος
3539 4516 3789 4589 Σάρδεων

506 4628 620 4667 non
666 4607 976 4665 adorandas
1027 4612 1358 4660 asserentes.
1405 4598 1714 4670 Derepente
1764 4612 1895 4652 vero
1942 4610 2098 4652 sacer

2207 4605 2729 4678 παρρησιασάμενος
2766 4610 2831 4662 ἐκ
2859 4609 2958 4679 τῆς
2991 4594 3144 4674 θείας
3179 4610 3404 4681 Γραφῆς
3451 4610 3787 4682 ἐπετίμησεν

509 4699 838 4773 Eathymius
890 4695 1145 4752 Sardium
1199 4694 1493 4764 episcopus
1543 4706 1668 4747 cum
1706 4689 1910 4745 ﬁducia
1970 4702 2096 4758 per-

509 4808 676 4851 orans
725 4807 793 4847 ex
837 4789 1037 4846 divinis
1062 4785 1362 4858 Scripturis
1416 4791 1693 4839 errantem
1748 4780 2092 4852 objurgavit:

512 4894 639 4958 post
686 4899 851 4955 quem
917 4879 1241 4936 Theodorus
1306 4876 1527 4932 fervens
1596 4874 1916 4929 orthodoxae
1969 4871 2095 4928 ﬁdei

509 4971 789 5036 defensor,
819 4979 874 5026 et
902 4967 1081 5024 Studii
1116 4965 1466 5039 praepositus,
1500 4963 1608 5019 ait:
1633 4963 1733 5031 Ne,
1768 4962 2088 5034 imperator,

2201 4699 2294 4749 τὸν
2323 4696 2642 4770 ἀλητήριον,
2678 4699 2798 4770 μεθ’
2824 4701 2884 4755 ὃν
2914 4702 3008 4756 καὶ
3056 4703 3333 4774 Θεόδωρος
3379 4705 3409 4756 ό
3451 4702 3657 4775 θερμὸς
3688 4704 3789 4773 τῆς

2201 4784 2514 4857 όρθοδοξίας
2555 4791 2841 4862 πρόμαχος
2873 4793 2982 4847 τῶν
3018 4794 3270 4848 Στουδίου
3310 4793 3613 4866 ἡγούμενος
3644 4794 3785 4866 ἔφη·

2201 4877 2294 4948 Μὴ
2349 4881 2727 4950 παρασάλευε,
2784 4883 3040 4953 βασιλεῦ,
3094 4884 3434 4939 κατάστασιν
3486 4885 3790 4957 ἐκκλησια-

2204 4970 2397 5040 στικήν
2420 4988 2433 5000 ·
2484 4971 2570 5026 σοὶ
2621 4974 2722 5042 μὲν
2760 4974 2871 5046 γὰρ
2899 4977 2931 5046 ἡ
2961 4977 3060 5047 τῆς
3118 4975 3395 5040 πολιτείας
3426 4977 3787 5041 κατάστασις,

507 5062 771 5120 Ecclesiae
809 5068 1013 5117 statum
1049 5059 1331 5122 immutes,
1367 5056 1468 5111 tibi
1516 5070 1700 5111 rerum
1741 5054 2087 5126 politicarum

2207 5063 2293 5114 καὶ
2317 5063 2351 5132 ἡ
2377 5062 2472 5116 τοῦ
2506 5066 2875 5136 στρατοπέδου
2907 5067 3235 5122 ἐπιστασία*
3264 5068 3473 5122 τούτων
3504 5068 3789 5140 φρόντιζε,

508 5164 688 5212 status
725 5162 780 5209 et
808 5151 1086 5208 exercitus
1134 5147 1402 5205 incumbit
1432 5162 1587 5203 cura.
1629 5145 1836 5202 Horum
1880 5154 2088 5216 satage:

2207 5153 2293 5206 καὶ
2319 5153 2418 5224 τὴν
2462 5154 2792 5228 Ἐκκλησίαν
2827 5157 2989 5212 ἔασον
3041 5158 3224 5228 μένειν
3269 5160 3327 5214 ὲν
3370 5158 3672 5231 όρθοδοξὶᾳ.
3723 5158 3788 5211 '0

506 5246 812 5303 Ecelesiam
842 5257 973 5299 vero
1014 5243 1070 5297 in
1124 5241 1231 5297 ﬁde
1264 5239 1570 5295 orthodoxa
1625 5253 1913 5310 superesse
1963 5252 2090 5308 per-

2207 5244 2254 5298 Βὲ
2282 5246 2548 5317 τύραννος
2584 5247 2792 5305 τούτων
2828 5251 3091 5317 ἀκούσας,
3147 5252 3456 5324 ὑπερζέσας
3492 5252 3569 5321 τῷ
3605 5251 3786 5323 θυμῷ.

508 5339 684 5394 mitte.
736 5337 1027 5409 Tyrannus
1082 5335 1169 5392 his
1211 5333 1412 5391 auditis
1443 5333 1630 5389 furore
1664 5347 1948 5399 accensus,
1981 5332 2096 5387 leo-

2207 5340 2300 5393 καὶ
2347 5340 2617 5395 λεόντειον
2646 5342 2675 5395 ό
2706 5341 2965 5414 -πιθήκιος
3006 5341 3232 5415 βρύξας,
3272 5344 3366 5396 καὶ
3404 5344 3613 5406 πάντας
3663 5341 3790 5413 μεθ’

507 5445 641 5487 num
678 5445 854 5496 more,
905 5444 1030 5486 cum
1083 5427 1275 5483 simius
1318 5432 1464 5481 esset
1521 5423 1821 5480 infremens
1867 5432 2096 5479 cunctos

2207 5430 2418 5503 ὕϐρεως
2470 5432 2774 5500 ἀπελάσας,
2807 5435 2904 5487 καὶ
2945 5434 3037 5487 τὸν
3096 5435 3274 5504 μέγαν
3321 5433 3637 5505 Νικηφόρον
3685 5434 3787 5503 τῆς

506 5519 1032 5592 evomitisinjuriis
1072 5518 1255 5590 ejeeit.
1294 5530 1669 5588 magnumque
1720 5512 2093 5586 Nicephorum

2207 5520 2412 5586 πόλεως
2436 5521 2700 5589 ἐξεώσας,
2736 5524 2834 5578 καὶ
2858 5524 3206 5596 περιορίσας,
3235 5523 3499 5589 ὡσαύτως
3528 5525 3622 5579 καὶ
3645 5525 3787 5577 Θεό-

1636 5670 1892 5731 ΕΒΔΜΖ.
1926 5670 2322 5732 COHBEFISII
2350 5674 2581 5734 ΝΟΤᾸΕ.

576 5789 798 5864 μμ]οο
813 5792 981 5864 verbo
994 5801 1185 5864 auctor
1206 5804 1536 5864 anonymus,
1552 5790 1620 5845 τὰ
1637 5787 1908 5864 ζῴδια-τοῦ
1929 5791 2094 5864 ἱππο-

576 5794 662 5860 μ)
679 5794 798 5846 Uno
813 5794 981 5847 verbo
994 5801 1185 5848 auctor
1206 5804 1536 5864 anonymus,
1552 5794 1620 5845 τὰ
1637 5794 1803 5863 ςὼδια
1816 5794 1908 5844 τοῦ
1929 5794 2094 5844 ἱππο-

514 5859 766 5929 δρομίαν,
798 5860 1127 5914 Αηὶηιιιηιιηι
1159 5871 1368 5932 statuas
1388 5870 1658 5916 exstantes
1686 5863 1738 5913 in
1771 5858 1925 5915 Circo
1949 5861 2090 5932 Δρά-

2210 5809 2361 5847 κοντι
2394 5810 2489 5847 του
2523 5795 2731 5865 ὑδρίου,
2750 5796 3041 5851 draconem
3067 5796 3310 5867 intelligo
3339 5796 3403 5851 ad
3428 5794 3576 5852 Circi
3608 5810 3783 5857 mare,

2207 5880 2296 5921 seu
2321 5879 2590 5932 aquarum
2626 5866 2807 5921 sinum
2839 5881 2903 5922 ac
2932 5866 3156 5923 fontem.

2199 5880 2296 5921 seu
2321 5879 2590 5934 aquarum
2626 5866 2807 5921 sinum
2839 5881 2903 5938 ac
2932 5866 3156 5923 fontem.
