4100 6424
353 380 484 450 tut
1647 377 2319 443 CHRONOGRAPHIA.
3481 378 3621 446 1052

347 495 519 568 δωρον
547 493 658 548 τῶν
702 492 953 547 Στουδίου
984 491 1260 564 ὲξορίσας,
1303 490 1561 545 Θεόδοτον
1593 489 1687 543 τὸν
1721 490 1933 543 Κασσι-

2062 490 2256 546 :ivitate
2285 490 2530 560 pulsum,
2563 502 2618 547 et
2651 491 3000 548 Theodorum
3030 488 3235 561 pariter
3275 488 3453 545 Studii
3481 507 3615 561 prie:

348 586 512 657 τερᾶν
543 584 622 654 τῷ
654 581 1034 654 πατριαρχείῳ
1062 581 1536 653 ἀπεκατέστησεν.
1564 579 1792 633 Ἔκτοτε
1831 575 1926 633 οὖν

2067 581 2288 648 ositum,
2327 581 2382 636 in
2430 583 2691 640 exsilium
2743 584 2895 654 egit:
2932 581 3278 639 Theodotum
3312 598 3447 638 vero
3484 583 3618 640 Cas-

350 678 439 730 τδν
467 674 638 746 θυμὸν
662 674 867 728 καὶτὸν
890 674 1040 727 δόλον
1062 676 1161 743 τῆς
1187 673 1364 744 ψυχῆς
1395 672 1563 727 αὐτοῦ
1593 671 1790 743 ἐκχέας
1811 674 1928 735 τοῖς

2062 671 2253 726 iterant
2288 672 2661 741 patriarcham
2698 674 2946 731 ordinari
2976 674 3253 746 praecepit.
3280 674 3364 730 Ab
3386 689 3452 730 eo
3478 683 3620 729 lem-

353 767 702 839 συμμῦσταις
731 766 899 821 αὑτοῦ
931 765 1221 835 ἀσελγέσιν
1252 766 1446 821 ἑαυτὸν
1467 766 1892 821 κατεπίστευσεν
1910 782 1922 795 ·

2062 777 2163 817 ore
2211 762 2381 819 animi
2418 765 2658 837 furorem
2693 766 2991 838 dolumque
3020 767 3361 837 profundens
3386 766 3620 836 impuris

349 858 544 923 οἵτινες
573 859 700 911 ἐπεὶ
737 857 888 928 αὐτῷ
922 856 1451 929 προσῳκειώθησαν,
1484 858 1613 927 τρία
1645 855 1929 928 ὑπέθηκαν

2062 852 2301 922 acrilegii
2325 851 2489 926 447
2513 855 2595 910 sui
2627 857 2865 912 consciis
2897 872 2958 912 se
2999 857 3180 927 ipsum
3203 857 3517 925 commisit;
3544 855 3622 912 illi

348 950 499 1021 αὐτῷ
527 950 596 1004 τὰ
636 949 1021 1022 ὑπεσχημένα,
1066 949 1162 1002 καὶ
1215 947 1365 1018 αὐτῷ
1411 948 1785 1019 στεργόμεναο
1828 947 1928 1017 τῆς

2062 943 2333 999 amiliares
2398 945 2622 1011 redditi,
2682 947 2786 1002 tria
2853 948 2985 1002 olim
3060 948 3164 1019 ipsi
3221 949 3517 1018 promissa,
3567 961 3622 1003 et

346 1042 632 1112 ὀρθοδόξου
667 1043 907 1106 πίστεως
958 1040 1116 1114 ἡμῶν
1168 1039 1268 1112 τὴν
1309 1041 1561 1111 ἄρνησιν,
1610 1040 1720 1093 τῶν
1769 1039 1930 1094 θείων

2065 1035 2206 1091 idem
2272 1036 2517 1106 jucunda
2591 1048 3033 1108 suggesserunt:
3105 1038 3430 1094 orthodoxa:
3492 1037 3619 1094 ﬁdei

348 1134 574 1188 εἰκόνων
632 1132 734 1206 τὴν
802 1134 1166 1205 καθαίρεσιν,
1225 1132 1337 1187 τῶν
1404 1133 1778 1189 εὐσεϐούντων
1831 1133 1931 1204 τὴν

2062 1135 2235 1181 nostra:
2263 1128 2708 1196 abnegationem,
2756 1145 3036 1186 sacrarum
3067 1130 3370 1201 imaginum
3402 1131 3623 1202 deposi-

348 1226 549 1293 δίωξιν.
586 1226 829 1290 Ταύταις
867 1226 963 1280 οὖν
1007 1228 1126 1290 ταῖς
1170 1224 1409 1289 ἀπάταις
1456 1225 1717 1297 προσθεὶς
1754 1225 1784 1277 ό
1828 1242 1933 1294 μα-

2062 1216 2266 1280 ionem,
2312 1225 2368 1272 et
2418 1219 2633 1288 piorum
2667 1221 3134 1289 persecutionem.
3188 1220 3287 1278 His
3334 1222 3622 1279 fraudibus

346 1319 647 1388 ταιόφρων,
697 1317 1112 1388 ἀναπτερωθεὶς
1157 1318 1186 1370 ό
1220 1316 1454 1380 δείλαιος
1497 1319 1562 1388 τῇ
1597 1315 1932 1389 ταλαιπώρῳ

2062 1316 2281 1363 ittentus
2326 1324 2519 1367 vecors
2541 1347 2558 1374 ,
2611 1311 2825 1381 hocque
2863 1312 3070 1369 infelici
3099 1314 3362 1384 impulsu,
3395 1314 3624 1385 ignavus

347 1410 517 1480 ὁρμῇ,
555 1408 750 1480 πρῶτα
785 1408 885 1479 μὲν
918 1407 1175 1481 καθαιρεῖ
1201 1409 1384 1463 πᾶσαν
1418 1408 1572 1480 ἱερὰν
1602 1408 1708 1478 τῆς
1734 1408 1935 1478 ὲκκληο

2062 1393 2185 1469 icet,
2227 1402 2461 1457 multum
2506 1403 2687 1459 elatus
2715 1412 2770 1459 et
2807 1405 3108 1468 animatus,
3133 1406 3372 1473 primum
3400 1406 3625 1477 quidem

350 1501 475 1563 σίας
513 1499 931 1572 άναστήλωσιν·
984 1499 1282 1554 κάντεῦθεν
1323 1500 1451 1560 τοὺς
1508 1500 1935 1571 εὑρισκομένους

2066 1508 2248 1549 acram
2280 1509 2499 1550 omnem
2527 1510 2595 1552 ex
2639 1495 2891 1552 ecclesiis
2919 1496 3147 1567 deponit
3165 1497 3393 1567 ﬁguram
3420 1514 3436 1553 :
3471 1498 3628 1552 exin-

348 1592 573 1663 ἔχοντας
584 1593 797 1656 εἰκόνας
826 1593 1065 1665 Χριστοῦ
1088 1594 1122 1665 ἦ
1144 1610 1289 1655 τινος
1319 1593 1502 1661 ἁγίου,
1533 1593 1736 1658 δειναῖς
1756 1612 1936 1665 τιμωο

2062 1587 2104 1643 le
2165 1585 2395 1651 Christi,
2444 1588 2531 1644 vel
2584 1587 2763 1644 sancti
2809 1587 3047 1657 alicujus
3097 1589 3368 1659 imagines
3426 1588 3630 1643 habere

352 1683 501 1754 ρίαις
536 1686 632 1738 καὶ
686 1683 906 1755 θανάτῳ
950 1684 1328 1750 κατεδίκαζεν,
1364 1684 1461 1739 καὶ
1507 1683 1737 1749 πολλοὺς
1785 1686 1934 1740 ἐνδό-

2062 1692 2281 1754 epertos
2324 1683 2480 1739 duris
2514 1682 2802 1753 suppliciis
2846 1691 2902 1738 et
2949 1692 3128 1737 morte
3173 1681 3494 1747 damnabat,
3552 1680 3627 1734 ita

350 1775 478 1841 ξους
509 1776 606 1830 καὶ
651 1779 978 1848 περιφανεῖς
1022 1776 1377 1847 πεφόνευκεν.
1411 1777 1634 1848 Μιχαὴλ
1664 1777 1722 1831 δὲ
1764 1779 1794 1832 ό
1837 1778 1936 1839 τὴν

2062 1784 2102 1831 ιι
2153 1775 2370 1832 nobiles
2402 1776 2673 1847 plurimos
2702 1785 2759 1832 et
2799 1776 3044 1832 illustres
3082 1775 3235 1831 viros
3263 1773 3622 1829 interfecerit.

330 1867 445 1921 ’τοῦ
480 1867 812 1934 ὲξκουϐίτων
849 1869 1132 1940 τάγματος
1177 1869 1354 1940 ἀρχὴν
1396 1868 1623 1937 διέπων,
1673 1869 1930 1943 διεϐλήθη

2062 1868 2210 1924 ’orro
2258 1867 2485 1924 Michael
2528 1869 2913 1924 excubitorum
2962 1867 3211 1924 cohortis
3250 1881 3449 1937 gerens
3479 1865 3629 1933 prin-

330 1961 430 2031 ίτῷ
460 1961 695 2032 βασιλεῖ,
724 1960 960 2026 ὼς.κατ’
996 1960 1164 2015 αὑτοῦ
1206 1960 1617 2032 βουλευόμενος,
1649 1961 1709 2018 ὃν
1739 1964 1930 2037 εἰρκτῇ

2062 1959 2302 2030 :ipatum,
2332 1962 2477 2030 apud
2507 1960 2897 2031 imperatorem
2930 1958 3263 2015 calumniam
3294 1971 3494 2027 passus
3518 1965 3627 2019 est,

348 2055 545 2118 πέδαις
575 2049 724 2125 εἶχεν
755 2054 1114 2127 τηρούμενον.
1146 2055 1257 2124 Τῆς
1283 2053 1343 2109 δὲ
1369 2055 1648 2122 γενεθλίου
1693 2057 1788 2110 τοῦ
1818 2058 1934 2109 Σω-

2062 2050 2194 2122 μισεί
2233 2050 2501 2107 adversus
2551 2066 2681 2106 eum
2743 2051 3149 2122 conspirasset:
3204 2063 3367 2120 quem
3422 2047 3630 2103 idcirco

347 2149 521 2218 τῆρος
571 2148 731 2218 ήμῶν
777 2147 1045 2219 ἐνστάσης
1076 2146 1268 2200 τοῦτον
1326 2147 1604 2219 ἠϐουλήθη
1651 2152 1717 2220 τῇ
1778 2150 1936 2204 νυκτὶ¹

2062 2142 2397 2213 :ompedibus
2452 2142 2701 2199 vinctum
2735 2144 2790 2198 in
2830 2159 3054 2200 carcere
3082 2152 3424 2199 asservatum
3471 2148 3631 2195 tene-

350 2241 587 2295 ἀνελεῖν.
623 2239 908 2306 κωλυθεὶς
936 2239 992 2293 δὲ
1036 2239 1314 2312 παρὰ’τῆς
1347 2240 1481 2304 ἰδίας
1511 2243 1768 2310 γυναικὸς
1788 2283 1805 2309 ,
1846 2243 1937 2298 διὰ

2062 2246 2153 2293 tat.
2185 2236 2429 2292 Instante
2459 2237 2627 2308 igitur
2681 2236 2996 2293 Servatoris
3046 2236 3219 2292 nostri
3273 2233 3502 2290 natalitii
3553 2230 3632 2287 fe-

353 2332 453 2402 τὴν
480 2332 696 2403 ἑορτὴν,
718 2329 906 2385 εἴασεν
934 2331 1117 2386 αὐτόν.
1158 2332 1215 2386 ’0
1237 2331 1293 2384 δὲ
1318 2332 1538 2405 Μιχαὴλ
1563 2336 1622 2387 ἐν
1647 2337 1714 2403 τῇ
1739 2336 1932 2407 εἰρκτῇ

2062 2338 2122 2385 to
2154 2337 2323 2384 noctu
2364 2330 2545 2384 voluit
2578 2344 2611 2385 e
2639 2331 2818 2386 medio
2851 2330 3088 2386 tollere:
3123 2344 3315 2385 verum
3346 2344 3378 2383 a
3408 2325 3629 2398 propria

356 2423 453 2490 ὢν,
488 2424 653 2478 τοῦτο
686 2423 896 2495 μαθὼν,
930 2426 1066 2478 πᾶσι
1096 2425 1210 2487 τοῖς
1253 2427 1370 2495 μετ’
1399 2424 1563 2479 αὑτοῦ
1611 2426 1938 2498 συμϐούλοις

2062 2435 2215 2478 txore
2261 2421 2577 2490 prohibitus
2605 2431 2663 2477 et
2716 2421 2844 2478 festi
2875 2423 3184 2479 reverentia
3208 2429 3416 2485 motus,
3448 2419 3633 2475 vivere

351 2519 650 2590 ἐμήνυσεν,
690 2518 767 2581 ὡς
818 2519 882 2573 Εἰ
933 2519 1009 2590 μὴ
1065 2519 1412 2590 σπουδάσητε
1459 2520 1661 2585 ἐξελεῖν
1710 2540 1780 2592 με
1834 2523 1936 2593 τῆς

2062 2515 2314 2570 termisit.
2360 2512 2594 2569 Michael
2639 2530 2865 2570 carcere
2910 2516 3184 2583 detentus,
3235 2514 3341 2570 hoc
3386 2511 3629 2581 cognito,

349 2612 618 2681 φρουρᾶς,
653 2610 863 2674 πάντας
904 2611 1051 2680 ὑμᾶς
1079 2612 1422 2683 καταμηνύω
1449 2612 1528 2681 τῷ
1561 2614 1793 2684 βασιλεῖ.
1826 2611 1935 2691 Ἦν

2062 2606 2309 2663 >mnibus
2362 2608 2578 2664 consilii
2651 2608 3015 2678 participibus
3064 2614 3277 2663 secreto
3325 2603 3631 2661 indicavit:

347 2699 408 2753 δὲ
436 2700 556 2768 μετ’
592 2699 774 2754 αὐτῶν
796 2702 891 2754 καὶ
922 2703 951 2755 ό
976 2702 1071 2756 τοῦ
1106 2703 1370 2757 παλατίου
1420 2705 1636 2768 παπίας
1667 2706 1938 2779 συγγενὴς

2062 2696 2162 2754 Ἱίεὶ
2185 2698 2437 2755 custodia
2459 2698 2703 2755 eximere
2733 2713 2821 2754 me
2842 2698 3131 2763 studeatis,
3151 2711 3341 2753 omnes
3358 2709 3458 2750 vos
3486 2691 3631 2763 apud

348 2791 429 2845 ὢν
456 2793 552 2846 τοῦ
579 2793 822 2864 Μιχαὴλ.
852 2788 1014 2848 Οὗτοι
1040 2798 1104 2866 τῇ
1138 2796 1298 2849 νυκτὶ
1324 2796 1697 2863 ὁπλισθέντες,
1726 2799 1939 2855 ἔνδοθεν

2062 2799 2429 2860 mperatorem
2467 2788 2733 2846 deferam.
2783 2791 2913 2845 Erat
2962 2804 3088 2845 cum
3159 2788 3294 2859 ipsis
3335 2795 3392 2841 et
3441 2785 3630 2856 palatii

349 2885 424 2939 τὰ
461 2884 588 2955 ξίφη
635 2886 950 2957 φοροῦντες,
989 2887 1084 2940 τοῦ
1134 2888 1347 2942 παπίου
1400 2888 1738 2957 άνοίξαντος,
1775 2894 1852 2958 ὡς
1888 2894 1939 2948 οἰ

2062 2879 2272 2951 tappias
2302 2879 2584 2935 Michaelis
2626 2879 2826 2935 allinis.
2859 2878 2966 2949 Ipsi
3015 2878 3182 2949 igitur
3227 2886 3393 2932 noctu
3435 2871 3632 2929 armati
3726 2940 3731 2949 ἡ

354 2978 524 3048 ἱερεῖς
557 2978 695 3047 μετὰ
729 2979 1009 3049 φελωνίων
1040 2979 1312 3050 εἰσῆλθον,
1354 2980 1454 3036 τοῦ
1495 2982 1553 3036 δὲ
1584 2982 1853 3055 βασιλέως
1880 2988 1941 3043 ἐν

2062 2970 2145 3025 illi)
2187 2969 2433 3055 vestibus
2475 2969 2688 3041 gladios
2725 2967 2986 3034 ferentes,
3054 2968 3252 3039 pappia
3285 2976 3477 3037 portas
3503 2980 3633 3034 ape-

350 3072 424 3140 τῇ
459 3070 727 3142 ἐκκλησίᾳ
769 3070 1125 3138 εἰσελθόντος,
1154 3072 1588 3144 εἰσπηδήσαντες
1631 3056 1727 3131 καὶ
1750 3077 1941 3134 τοῦτον

2062 3065 2248 3130 riente,
2281 3076 2349 3119 ac
2393 3062 2441 3118 si
2469 3062 2785 3119 sacerdotes
2820 3061 3004 3119 forent
3038 3062 3243 3129 casulis
3288 3061 3497 3125 vestiti,
3548 3061 3653 3117 inn

352 3162 758 3233 χειρωσάμενοι
792 3163 1027 3234 μεληδὸν
1050 3164 1386 3235 κατέκοψαν,
1417 3167 1815 3240 ἀπορρήξαντα
1845 3171 1945 3244 τὴν

2062 3156 2220 3228 ςτεεεί
2275 3163 2425 3213 sunt.
2472 3155 2810 3226 imperatore
2845 3155 2903 3211 in
2952 3155 3241 3212 ecclesiam
3289 3154 3635 3222 adveniente;

355 3253 578 3308 ἀνόσιον
621 3254 789 3308 αὐτοῦ
836 3254 1014 3326 ψυχὴν
1048 3258 1108 3311 ὲν
1159 3256 1239 3327 τῷ
1268 3257 1540 3327 παλατίῳ,
1571 3262 1632 3313 ὲν
1680 3254 1725 3330 ᾧ
1769 3264 1947 3329 οὐδεὶς

2062 3247 2368 3315 exisiliunt;
2417 3261 2656 3318 eumque
2694 3247 3154 3319 comprehensum
3207 3248 3554 3303 membratim
3584 3258 3649 3302 et

352 3345 470 3400 τῶν
510 3344 615 3414 πρὸ
662 3345 731 3398 αὐ
747 3345 833 3400 τοῦ
869 3346 1345 3417 βεϐασιλευκότων
1384 3348 1649 3420 ἀνῄρητο.
1697 3353 1845 3426 Αὐτῇ
1888 3355 1946 3409 δὲ

2062 3339 2108 3394 in
2159 3339 2331 3395 frusta
2370 3348 2583 3406 secant,
2628 3340 3008 3412 projicientem
3040 3340 3365 3411 sacrilegam
3395 3341 3643 3394 animam

355 3440 430 3509 τῇ
465 3437 585 3510 ὥρᾳ
617 3439 677 3492 ἐν
703 3441 769 3511 τῇ
816 3440 1009 3512 εἱρκτῇ
1042 3439 1374 3506 ἀπελθόντες
1424 3442 1684 3512 ἐξάγουσι
1713 3446 1807 3500 τὸν
1839 3449 1946 3501 Μι-

2062 3429 2110 3484 in
2170 3429 2374 3500 palatio
2438 3430 2499 3485 in
2559 3444 2670 3500 quo
2726 3431 3189 3501 praedecessorum
3246 3430 3639 3499 imperatorum

355 3527 524 3599 χαὴλ,
554 3529 651 3582 καὶ
683 3529 1002 3597 εἰσάγουσιν
1042 3530 1101 3583 ὲν
1146 3531 1212 3600 τῇ
1245 3530 1407 3602 ἑορτῇ
1452 3532 1576 3586 ἀντὶ
1605 3533 1944 3607 θεσμοφόρου

2062 3522 2235 3577 nullus
2284 3521 2501 3577 occisus
2546 3521 2727 3577 fuerat
2758 3522 2930 3591 prius.
2960 3520 3231 3577 Caeterum
3280 3520 3472 3576 eadem
3501 3519 3636 3574 hora

358 3619 729 3689 στεφηφόρον,
751 3618 828 3684 ὡς
850 3619 1203 3692 πληρωθῆναι
1227 3620 1315 3675 ἐπ’
1337 3620 1503 3675 αὑτοῦ
1530 3622 1590 3677 τὸ
1609 3623 1702 3678 τοῦ
1725 3625 1944 3695 ψαλμοῦ

2062 3614 2121 3669 ad
2174 3628 2449 3669 carcerem
2499 3615 2775 3671 irruentes
2812 3613 3131 3671 Michaelem
3161 3614 3437 3677 educunt,
3467 3621 3524 3667 et
3564 3613 3636 3668 ad

356 3711 546 3780 λόγιον
565 3726 581 3742 ⁶
646 3712 717 3768 Τὸ
782 3712 1051 3782 ἑσπέρας
1101 3713 1542 3780 αὐλισθήσεται
1601 3719 1909 3787 κλαυθμὸς
1927 3760 1943 3786 ,

2062 3705 2421 3761 celebritatem
2471 3704 2765 3771 inducunt,
2801 3714 2858 3761 et
2901 3720 3000 3776 pro
3036 3705 3397 3775 compedibus
3422 3704 3640 3760 .devin-

356 3805 467 3860 καί
496 3807 587 3872 εἰς
634 3807 700 3859 τὸ
726 3806 878 3875 πρωῒ
912 3807 1300 3875 ἀγαλλίασις.
1336 3809 1492 3862 Μετὰ
1518 3808 1577 3862 δὲ
1616 3809 1791 3864 ταῦτα
1842 3814 1942 3884 ρα-

2062 3810 2140 3854 nto
2196 3798 2355 3854 taenia
2399 3798 2668 3869 imperiali
2722 3797 2964 3855 cinctum
3028 3796 3347 3852 declarant:
3394 3797 3533 3851 adeo
3578 3805 3642 3851 ut

358 3897 507 3961 κίοις
528 3896 769 3950 εὐτελέσι
801 3896 1188 3968 περιϐαλόντες
1220 3897 1281 3951 τὸ
1306 3897 1401 3951 τοῦ
1435 3898 1732 3971 άλητηρίου
1761 3901 1946 3970 σῶμα,

2062 3890 2109 3945 in
2147 3904 2214 3945 eo
2245 3889 2376 3945 illud
2405 3889 2599 3959 psalmi
2641 3888 2847 3945 dictum
2886 3888 3236 3959 impleretur:
3268 3887 3351 3941 Ad
3372 3902 3641 3956 vesperam

357 3990 447 4053 εἰς
485 3990 714 4043 ἀκάτιον
760 3989 1092 4060 ἐμϐαλόντες
1130 3989 1199 4042 τὰ
1242 3992 1546 4063 παμμίαρα
1602 3992 1767 4046 αὐτοῦ
1811 3994 1946 4067 μέλη

2062 3979 2471 4035 commorabitur
2526 3979 2705 4049 ﬂetus,
2757 3986 2807 4032 et
2846 3978 2915 4031 ad
2963 3977 3289 4035 matutinum
3346 3977 3541 4031 lwtitia
3597 3976 3638 4030 ¹.

359 4081 512 4137 κατά
556 4083 657 4155 τὴν
701 4081 1050 4154 καλουμένην
1088 4083 1322 4155 Πρώτην
1372 4083 1537 4156 νῆσον
1593 4085 1946 4157 ἐκφέρουσιν,

2062 4070 2186 4129 Post
2235 4072 2351 4127 haec
2415 4070 2653 4128 exitialis
2724 4070 2874 4126 illius
2945 4070 3179 4125 cadaver
3254 4069 3454 4125 vilibus
3507 4083 3643 4138 pan-

358 4172 498 4226 ἔνθα
527 4174 622 4229 καὶ
646 4174 774 4237 τοὺς
806 4173 1001 4238 παῖδας
1031 4175 1427 4246 ἀποκείραντες
1460 4177 1693 4248 μονάσαι
1717 4180 1953 4251 πεποιή-

2062 4164 2147 4219 nis
2209 4163 2517 4219 involutum
2578 4163 2729 4218 liutri
2778 4163 3130 4233 impositum,
3197 4161 3643 4230 essecrandaque

359 4281 439 4321 κα
447 4281 551 4320 σιν.
1452 4274 1468 4291 ⁸

2062 4257 2213 4313 illius
2275 4256 2524 4312 membra
2581 4256 2650 4310 ad
2702 4255 2938 4311 insulam
2995 4253 3195 4309 Proteu
3252 4252 3456 4309 dictam
3511 4251 3644 4307 effe.

2062 4356 2226 4406 runt:
2263 4350 2354 4406 ubi
2383 4349 2528 4404 ﬁlios
2567 4347 3027 4417 ejustondentes,
3081 4344 3444 4402 monasticunt
3491 4343 3645 4399 habi-

2063 4449 2177 4497 tum
2207 4440 2485 4510 suscipere
2514 4448 2828 4511 coegerunt.

1003 4557 1308 4616 MIXAHA.
1981 4514 2034 4574 θ
2680 4551 3043 4608 MICHAEL.

426 4645 660 4718 ,Μιχαὴλ
707 4646 736 4700 ό
786 4648 1118 4719 Ἀμορραῖος
1155 4647 1516 4721 [Ἃμωραῖος]
1543 4645 1621 4721 (Ξ)
1655 4648 1946 4704 ἐϐασίλευ-

2131 4646 2301 4720 448
2331 4645 2558 4702 Michael
2599 4644 2886 4701 Amoraeus
2921 4644 3082 4700 annis
3108 4649 3233 4699 octo
3264 4655 3320 4700 et
3360 4641 3646 4698 mensibus

359 4754 464 4792 σεν
487 4739 582 4809 ἔτη
610 4744 679 4810 η’,
717 4739 890 4811 μῆνας
912 4739 1090 4795 ἐννέα.
1128 4740 1226 4804 Ὃς
1257 4740 1455 4810 μικρόν
1487 4755 1541 4794 τι
1568 4739 1671 4810 τῆς
1693 4758 1944 4812 προκατ-

2065 4754 2259 4796 novem
2289 4735 2595 4809 imperavit.
2624 4733 2724 4792 llic
2753 4734 3004 4791 nonnihil
3043 4734 3112 4792 de
3127 4734 3362 4802 malitia,
3389 4748 3515 4806 quae
3532 4733 3650 4788 ani-

350 4829 606 4902 εχούσης
636 4831 804 4885 αὑτὸν
834 4833 1038 4896 κακίας
1097 4831 1363 4897 ὑπενδοὺς
1388 4832 1487 4904 (5),
1547 4833 1672 4887 ὅσον
1716 4834 1843 4898 τοὺς
1892 4835 1951 4887 ὲν

2064 4849 2208 4890 main
2226 4833 2348 4904 ejus
2364 4831 2571 4903 pridem
2592 4838 2908 4900 occuparat,
2928 4829 3234 4899 remittens,
3270 4838 3539 4903 quantum
3555 4826 3651 4883 via

498 4974 644 5033 Psal.
679 4991 829 5044 xm,
862 4974 920 5030 6.
1062 5007 1083 5025 .

1549 5063 1801 5122 FBANC.
1830 5064 2217 5123 COMBEFISII
2253 5066 2484 5125 NOTAE.

444 5183 525 5257 (2)
564 5182 681 5239 Non
720 5192 898 5256 placet
941 5199 1191 5257 ea__vox,
1249 5185 1525 5257 necquod
1582 5183 1956 5257 emendatum.
2061 5185 2659 5257 quisquescctaretur,
2702 5200 2803 5241 nec
2844 5184 2936 5257 alii
2985 5183 3110 5257 aliis
3153 5180 3643 5257 obloquerentur;

365 5246 571 5313 Melius
610 5246 958 5310 coniinuator
1004 5253 1126 5326 Vat.
1161 5246 1267 5326 etc.
1300 5257 1327 5307 ὁ
1365 5246 1424 5321 ἐξ
1477 5254 1762 5326 Ἀμορίου,
1797 5255 1961 5326 Αιιιο-
2058 5246 2233 5321 eaque
2267 5255 2469 5310 silentii
2503 5246 2821 5311 conditione
2844 5254 3188 5326 Nicephorus
3212 5246 3395 5306 sedem
3438 5246 3641 5326 recipe-

366 5329 458 5381 rio
491 5326 767 5391 oriundus,
799 5325 1148 5380 Amoriensis.
1180 5323 1337 5389 Quod
1367 5317 1555 5379 statim
1602 5317 1850 5394 sequitur
1886 5325 1954 5380 de
2058 5317 2160 5391 ret:
2206 5340 2393 5380 verum
2413 5326 2530 5381 haec
2561 5329 2829 5394 tantisper
2850 5317 3239 5394 exspectanda,
3282 5328 3342 5373 ut
3365 5326 3422 5394 e_t
3452 5317 3647 5394 lauda-

368 5397 613 5468 remissa
663 5386 934 5468 tantisper
988 5386 1249 5468 Micltaele
1273 5386 1953 5468 _illlpqralpl‘ehéxcilalﬂﬁ
2056 5386 2155 5451 tus'
2177 5396 2551 5468 continuatur,
2591 5397 2685 5466 qui
2720 5386 2837 5468 ipse
2862 5386 3214 5466 prosequitur
3246 5403 3370 5461 quas
3393 5387 3506 5443 Leo
3533 5386 3642 5443 vels

366 5466 562 5539 Leone
590 5460 993 5539 persecutione,
1025 5466 1238 5539 egregie
1273 5460 1519 5539 Igna‘tius
1542 5465 1596 5519 in
1622 5460 1744 5518 Vita
1776 5462 1950 5518 S.Ni-
2056 5476 2116 5520 ut
2136 5466 2455 5539 Asolumacu
2489 5460 2663 5539 notat.

369 5530 1337 5606 cephoriexponit.qui‘et'nai‘atam
1362 5537 1481 5591 viro
1511 5545 1703 5606 sancto
1724 5548 1946 5606 Operam
2125 5536 2201 5605 (5)
2240 5535 2381 5593 Male
2406 5536 2737 5592 exscribenti
2790 5535 3023 5606 adjecta;
3049 5547 3153 5588 vox
3189 5530 3376 5606 αὐτόν,
3420 5542 3491 5584 ex
3535 5541 3645 5596 qua

369 5603 784 5662 m’Michael'em
807 5603 1065 5662 Ecclesia:
1093 5605 1390 5677 addiceret,
1411 5605 1639 5677 pulchre
1657 5605 1951 5677 describit;
2062 5603 2198 5677 nihil
2225 5608 2515 5663 commode
2536 5607 2830 5663 redditum.
2860 5603 3145 5677 Tantisper
3166 5603 3440 5658 remittens
3478 5613 3641 5652 vexa-

366 5679 707 5748 drterrendo
744 5676 1132 5748 nimirum‘ab
1182 5676 1376 5748 haeresi
1412 5673 1721 5748 decessoris
1770 5689 1956 5748 esem-
2065 5676 2258 5748 tionem
2321 5693 2438 5748 qua:
2500 5677 2596 5731 sub
2652 5679 2924 5748 decessore
2990 5673 3332 5748 obtinuerat;
3378 5679 3645 5742 quantum

369 5747 495 5818 plo,
538 5747 630 5818 qui
660 5747 730 5802 ita
791 5748 992 5818 misere
1028 5745 1101 5818 in
1136 5747 1376 5818 templo
1407 5747 1572 5801 vitam
1624 5744 1956 5818 abrupissct.
2068 5747 2266 5803 scilicet
2299 5744 2380 5802 snt
2413 5757 2551 5812 erat,
2582 5758 2639 5802 ut
2669 5747 2763 5817 qui
2797 5747 2854 5800 in
2878 5744 3189 5817 ergastulis,
3221 5752 3327 5799 etc.

376 5816 680 5882 Quaesitum
714 5818 839 5874 item
859 5816 1105 5871 Michacli
1124 5816 1466 5887 ἀδιαφορίαν,
1488 5824 1539 5871 et
1566 5816 1783 5887 utquod
1803 5816 1957 5870 vellet
