4100 6420
302 367 443 435 10ιὸ

903 490 1168 545 ΟΕΟΦΙΑ
1180 493 1291 545 ΟΣ.

372 593 634 665 Θεόφιλος
663 594 1017 652 ἰσασίλευσεν
1046 599 1141 671 ἔτη
1170 598 1257 671 ιβ’.
1300 601 1369 655 Ἥ
1399 601 1456 656 δὲ
1502 602 1689 676 μήτηρ
1719 603 1888 658 αὐτοῦ

298 687 625 760 Εὐφροσύνη
670 690 1043 745 ἀποστείλασα
1076 693 1135 746 ἐν
1166 695 1302 747 πᾶσι
1331 695 1446 758 τοῖς
1482 694 1540 747 θέ
1551 712 1720 765 μασιν
1752 697 1883 768 ήγαο

295 794 399 847 γεν
427 779 596 851 κόρας
625 782 929 852 εὐπρεπεῖς
962 786 1100 856 πρὸς
1134 786 1195 840 τὸ
1226 787 1673 861 νυμφοστολῆσαι
1695 788 1890 858 Θεόφι-

295 869 455 941 φιλον
479 870 573 925 τὸν
600 872 717 927 υίδν
752 874 924 944 αὐτῆς
942 916 956 941 ,
992 876 1284 946 ἀγαγοῦσα
1314 879 1487 945 αὐτάς
1516 883 1575 935 ὲν
1609 880 1686 952 τῷ
1714 882 1889 937 παλα-

292 964 401 1034 τίῳ
431 965 513 1028 είς
538 964 631 1019 τὶν
662 965 961 1038 λεγόμενον
976 970 1347 1042 Μαργαρίτην
1373 972 1671 1044 τρίκλινον,
1689 973 1887 1029 δέδωκε

292 1057 546 1125 Θεοφίλῳ
568 1058 808 1129 χρυσοῦν
833 1060 1003 1130 μῆλον
1034 1060 1290 1129 εἰποῦσα,
1318 1064 1399 1117 ὅτι
1432 1062 1528 1128 Et;
1552 1066 1618 1137 ἢν
1648 1065 1889 1138 ἀρεσθῇς

293 1148 483 1211 tullio;
511 1149 671 1205 τοῦτο
703 1153 863 1223 αὐτῇ.
897 1148 1009 1207 Ἦν
1039 1153 1097 1208 δέ
1127 1172 1213 1219 τις
1250 1156 1309 1223 ἐξ
1337 1157 1583 1226 εὐγενῶν
1607 1159 1664 1211 ὲν
1696 1157 1890 1222 αὑταῖς

295 1240 438 1312 κόρη
495 1242 722 1312 ὀνόματι
780 1243 993 1299 Ἰκασία
1045 1246 1361 1319 ὡραιοτάτη
1421 1249 1587 1317 πάνυ,
1639 1250 1705 1321 ἢν
1765 1250 1888 1304 ίδὼν

293 1333 557 1402 Θεόφιλος
589 1334 995 1406 ὑπεραγασθεὶς
1022 1337 1194 1409 αὐτὴν
1229 1339 1323 1394 τοῦ
1361 1340 1616 1409 κάλλους,
1661 1342 1787 1413 ἔφη,
1813 1342 1888 1408 ὡς

293 1425 406 1493 ἄρα
430 1426 519 1479 διά
552 1427 811 1495 γυναικός
837 1429 1009 1501 ἐρῤύη
1037 1430 1106 1485 τὰ
1141 1430 1344 1501 φαῦλα.
1385 1433 1450 1487 Ἦ
1478 1433 1534 1487 δὲ
1569 1435 1686 1504 μετ’
1707 1434 1889 1500 αἰδοῦς

295 1534 419 1582 πως
441 1519 683 1589 ἀντέφη·
727 1520 887 1575 Ἀλλά
923 1522 1012 1575 διὰ
1042 1525 1305 1592 γυναικὸς
1339 1524 1584 1597 πηγάξει
1611 1526 1680 1581 τά
1706 1528 1889 1598 κρείτ-

292 1627 451 1666 τονα.
502 1611 561 1666 '0
598 1611 655 1666 δὲ
702 1612 958 1685 τῷλόγῳ
1005 1617 1106 1688 τὴν
1154 1617 1387 1689 καρδίαν
1421 1618 1655 1690 πληγεὶς
1682 1620 1889 1692 ταύτην

296 1704 402 1771 μὲν
426 1702 636 1769 εἴασεν,
661 1704 917 1778 Θεοδώρᾳ
940 1707 997 1760 δὲ
1022 1708 1083 1761 τὸ
1117 1708 1289 1779 μῆλον
1320 1708 1621 1775 ἐπέδωκεν,
1657 1709 1793 1784 οὔσῃ
1823 1712 1888 1767 ἐκ

1620 373 2296 443 CHRONOGRAPHIA.

1916 490 1969 550 Α

3443 383 3576 450 rem

2569 491 3081 552 THEOPHILUS.

2066 607 2404 680 Theophilus
2433 624 2610 668 annos
2643 604 2934 668 duodecim
2977 610 3285 684 imperavit.
3325 606 3581 685 Euphroo

1994 713 2133 770 syna
2188 715 2322 755 vero
2368 709 2545 756 mater
2571 701 2694 774 ejus
2727 703 2953 760 mittens
2980 704 3035 759 in
3066 719 3259 760 omnes
3304 706 3586 777 regiones,

1993 792 2275 864 elegantes
2308 792 2486 849 forma
2524 795 2754 865 puellas,
2790 806 2850 852 ut
2895 812 3082 852 earum
3114 796 3356 867 aliquam
3393 796 3578 855 Theo-

1991 884 2145 954 philo
2177 885 2292 940 lilio
2322 901 2425 942 suo
2456 887 2839 959 desponsaret,
2867 889 3126 961 collegit:
3159 890 3369 950 coactis
3395 891 3581 963 itaque

1992 976 2209 1031 cunctis
2244 976 2298 1030 in
2331 976 2594 1047 palatium
2627 977 2697 1033 ad
2731 978 3050 1045 triclinium,
3085 978 3173 1035 cui
3208 996 3407 1036 nomen
3441 980 3581 1037 Mar-

1991 1067 2216 1138 garites,
2252 1070 2455 1123 malum
2488 1085 2715 1125 aureum
2741 1070 3046 1142 Theophila
3076 1073 3319 1138 tradidit,
3343 1074 3533 1130 dicens
3563 1089 3578 1128 :

1992 1158 2148 1214 Deira
2175 1159 2309 1225 illud
2336 1163 2384 1216 ei
2409 1177 2531 1232 quae
2560 1162 2831 1232 placuerit
2861 1165 3057 1233 magis.
3086 1164 3213 1219 Erat
3244 1182 3411 1236 porro
3439 1168 3582 1221 inter

1993 1251 2117 1308 illas
2149 1252 2333 1324 puella
2371 1254 2594 1309 nomine
2627 1250 2797 1309 Irasia
2830 1254 3254 1321 formosissima,
3286 1274 3395 1329 qua
3442 1259 3578 1326 visa,

1991 1344 2351 1415 TheOphilus,
2391 1346 2512 1418 ejus
2564 1345 2874 1403 delectatus
2918 1347 3344 1417 pulchritudine,
3397 1349 3578 1404 dixit:

1990 1431 2096 1490 Per
2140 1434 2426 1490 mulierem
2483 1450 2649 1507 quam
2683 1436 2853 1489 multa
2891 1446 3189 1490 manarunt
3220 1435 3455 1491 damna!
3487 1438 3582 1492 llla

1990 1523 2202 1596 pudore
2253 1525 2474 1598 perfusa
2496 1568 2512 1592 ,
2554 1528 2840 1599 respondit
2871 1547 2886 1584 :
2920 1527 3126 1585 Verum
3164 1545 3261 1600 per
3297 1530 3583 1585 mulierem

1991 1615 2308 1670 scaturiunt
2338 1615 2587 1671 meliora.
2609 1615 2691 1672 Ob
2712 1632 3039 1688 responsum
3074 1617 3237 1672 corde
3266 1632 3600 1689 percussus,

1990 1724 2111 1764 eam
2147 1709 2368 1780 quidem
2400 1710 2639 1780 dimisit;
2661 1711 3010 1767 Theodoram
3029 1726 3159 1768 vero
3173 1710 3602 1784 Paphlagonum

295 1793 697 1863 Παφλαγόνων.
735 1796 934 1865 Στέφει
975 1798 1033 1851 δὲ
1080 1798 1368 1869 Θεοδὼραν
1401 1800 1461 1853 ἐν
1489 1800 1765 1873 εύκτηρίῳ
1793 1802 1886 1856 τοῦ

2000 1803 2158 1859 terris
2191 1813 2369 1858 ortam
2429 1803 2574 1859 malo
2629 1803 2877 1860 dona-vit.
2914 1804 3159 1859 Coronat
3186 1815 3368 1860 autem
3406 1804 3587 1859 Theo.

295 1885 460 1951 ἁγίου
499 1885 803 1954 Στεφάνου,
854 1888 1109 1958 στεφθεῖς
1145 1890 1240 1943 καὶ
1268 1891 1433 1955 αὐτὸς
1464 1891 1583 1962 ἅμα
1611 1894 1748 1965 αὐτῇ
1787 1891 1891 1947 ὑπὸ

305 1978 602 2031 Ἀντωνίου
636 1980 980 2051 πατριάρχου
1004 1983 1068 2052 τῇ
1093 1982 1226 2054 ἁγίᾳ
1244 1983 1592 2055 Πεντηκόστη
1622 1985 1893 2057 προῆλθεν

298 2072 359 2123 ἂν
382 2073 449 2143 τῇ
475 2071 607 2143 ἁγίᾳ
644 2070 957 2147 Ἐκκλησία
998 2077 1065 2145 τῇ
1118 2075 1368 2149 Μεγάλῃ,
1395 2076 1893 2150 φιλοτιμησάμενος

303 2166 412 2234 χρή
422 2178 557 2233 μασι
574 2164 793 2229 πολλοῖς
804 2167 896 2220 τὸν
913 2185 1060 2240 πατρ
1070 2167 1286 2241 ιάρχην,
1303 2168 1416 2239 ἅμα
1431 2167 1625 2240 τῷξκλή
1635 2188 1712 2242 ρῳ
1727 2188 1784 2224 τε
1798 2171 1892 2226 καὶ

297 2259 370 2326 τῇ
401 2258 707 2330 συγκλήτῳ.
735 2259 903 2331 Καὶή
942 2260 1041 2332 μὲν
1074 2261 1342 2333 εἰρημένη
1383 2262 1592 2316 ἰκασία
1619 2263 1721 2333 τῆς
1790 2263 1890 2334 βα-

307 2347 512 2412 σιλείας
564 2349 917 2422 ἀποτυχοῦσα
979 2352 1150 2423 μονὴν
1202 2353 1640 2422 κατεσκεύασεν,
1697 2356 1779 2419 είς
1824 2355 1894 2428 ἣν

300 2443 748 2515 ἀποκειραμένη,
780 2443 1051 2507 ἀσκοῦσα,
1082 2445 1177 2501 καὶ
1218 2446 1611 2517 φιλοσοφοῦσα,
1645 2450 1741 2502 καὶ
1773 2448 1893 2521 Θεῷ

296 2533 454 2604 μόνῳ
486 2531 638 2600 ζῶσα
660 2535 967 2589 διετέλεσεν
997 2536 1161 2607 μέχρι
1191 2537 1380 2601 τέλους
1413 2539 1558 2606 ζωῆς
1597 2538 1794 2608 αὐτῆςο
1856 2541 1890 2612 ἢ

295 2625 396 2676 καὶ
426 2626 844 2697 συγγράμματα
873 2627 1046 2698 αὐτῆς
1098 2628 1333 2682 πλεῖστα
1371 2629 1784 2684 καταλέλοιπεν.
1827 2628 1894 2684 Ἦ

289 2722 349 2773 δὲ
384 2720 486 2775 τοῦ
536 2721 818 2792 βασιλέως
860 2725 1046 2794 μήτηρ
1083 2724 1412 2796 Εύφροσύνη
1456 2725 1726 2790 ἑκουσίως
1758 2744 1894 2781 κατ-

292 2814 539 2868 ελθοῦσα
563 2814 659 2869 τοῦ
692 2816 956 2872 παλατίου
984 2819 1045 2870 ὲν
1064 2820 1131 2889 τῇ
1159 2821 1294 2891 μονῇ
1329 2811 1579 2893 αὐτῆς,ᾔ
1606 2818 1896 2889 ἐπώνυμον

291 2907 367 2959 τὰ
391 2907 671 2977 Γαστρία,
712 2907 1009 2981 ἡσύχαζεν.
1051 2911 1312 2982 Ἐποίησε
1343 2911 1399 2965 δὲ
1434 2911 1665 2967 ἱππικὸν
1699 2912 1896 2983 Θεόφιο

292 2999 424 3064 λος,
481 3001 577 3054 καὶ
627 3003 931 3074 προσέταξε
966 3003 1046 3073 τῷ
1075 3004 1502 3076 Χαμοδράκοντι
1558 3005 1752 3059 Λέοντι
1813 3004 1894 3078 τῷ

296 3094 795 3169 πρωτοϐεστιαρίῳ
845 3096 1015 3151 αὐτοῦ
1044 3098 1278 3166 ἀγαγεῖν
1304 3096 1365 3163 τδ
1400 3098 1807 3169 πολυκάνδηλον
1832 3098 1894 3152 τ’)

1994 1895 2184 1951 doram
2217 1894 2271 1950 in
2299 1894 2474 1951 sancti
2503 1894 2765 1967 Stephani
2796 1896 3062 1963 oratorio,
3091 1896 3206 1967 ipse
3240 1898 3483 1954 vicissim
3517 1899 3588 1953 ab

1992 1986 2234 2041 Antonio
2288 1985 2610 2057 patriarcha
2662 1986 3003 2057 nuptialibus
3038 1988 3260 2044 corollis
3294 1989 3585 2046 decoratus

1994 2086 2193 2134 sancto
2223 2075 2575 2133 Peutecostes
2605 2078 2693 2133 die
2724 2079 2789 2132 ad
2832 2088 3083 2133 sanctam
3119 2078 3365 2149 Magnam
3407 2081 3585 2136 eccle-

1993 2172 2134 2227 siam
2189 2172 2511 2228 muneribus
2561 2171 2816 2242 plurimis
2870 2171 3243 2242 patriarcham
3299 2189 3406 2228 una
3458 2189 3583 2229 cum

1996 2263 2147 2319 clero
2196 2271 2252 2320 et
2300 2273 2493 2320 senatu
2555 2262 2937 2319 cumulaturus
3007 2263 3294 2334 processit.
3355 2262 3585 2321 Praelata

1994 2368 2161 2426 porro
2214 2356 2387 2411 lcasia
2439 2353 2652 2424 imperii
2696 2370 2793 2425 spe
2850 2353 3117 2410 frustrata
3178 2354 3582 2411 monasterium

1994 2446 2308 2513 aediﬁcavit,
2352 2447 2405 2501 in
2459 2462 2569 2517 quo
2595 2448 2823 2502 detonsa
2880 2446 3049 2516 vitam
3098 2448 3582 2520 contemplativam

1997 2548 2055 2596 ct
2087 2539 2522 2612 philosopbieam
2558 2554 2845 2605 exercens,
2874 2538 3095 2610 Deoque
3123 2540 3226 2596 soli
3269 2542 3477 2608 vivens,
3517 2542 3585 2596 ad

1995 2631 2125 2686 vita:
2173 2646 2287 2687 suae
2328 2631 2516 2697 linem,
2549 2629 2710 2685 editis
2770 2630 3086 2699 relictisque
3135 2631 3342 2701 scripto
3381 2632 3589 2705 ingenii

1995 2720 2372 2779 monumentis
2402 2722 2689 2791 pluribus,
2725 2720 3121 2790 perseverarit.
3155 2720 3425 2776 Caeterum
3472 2719 3586 2775 Eu-

1995 2813 2272 2886 phrosyna
2290 2812 2640 2883 imperatoris
2666 2820 2862 2877 mater,
2888 2811 3095 2883 palatio
3118 2823 3313 2883 sponte
3344 2812 3583 2881 deserto,

1998 2904 2051 2959 in
2109 2905 2450 2961 monasterio
2502 2904 2592 2962 cui
2627 2918 2932 2977 cognomen
2976 2903 3215 2971 Gastria,
3266 2905 3437 2960 vitam
3476 2906 3589 2978 egit

2000 2996 2267 3067 quietam.
2307 2995 2662 3054 Circensibus
2706 3012 2839 3053 vero
2878 2997 3023 3054 ludis
3054 2998 3363 3065 celebratis,
3418 2996 3588 3055 Leoni

2003 3090 2453 3146 Cbamodraeoni
2505 3091 2928 3162 protovestiario
2980 3106 3081 3148 suo
3112 3092 3368 3162 praecepit
3413 3088 3592 3148 Theo-

298 3189 361 3238 ὲν
396 3189 462 3258 τῇ
492 3188 674 3258 σφαγῇ
699 3186 794 3241 τοῦ
840 3188 1133 3260 ’Ᾱρμενίου
1170 3188 1400 3252 Λέοντος
1433 3187 1577 3259 ξίφει
1613 3189 1894 3249 διακοπέν.

2003 3181 2190 3253 philus
2217 3182 2548 3237 multiﬁdum
2603 3181 2856 3255 proferre
2905 3183 3315 3251 candelabrum,
3355 3185 3500 3255 quod
3533 3185 3590 3240 in

296 3279 414 3333 Τοῦ
448 3280 678 3335 ἱππικοῦ
709 3281 767 3335 δὲ
796 3282 1148 3344 τελεσθέντος
1193 3282 1640 3355 προσεκαλέσατο
1676 3282 1755 3357 (6)
1785 3285 1892 3338 πᾶ-

300 3384 411 3421 σαν
437 3368 537 3439 τὴν
572 3369 880 3440 σύγκλητον
913 3371 972 3423 ὲν
998 3370 1077 3442 τῷ
1106 3369 1389 3444 λεγομένῳ
1421 3372 1766 3444 Καθίσματι,
1800 3374 1896 3431 καὶ

297 3461 363 3512 τὸ
413 3461 817 3533 πολυκάνδηλον
865 3461 1183 3531 ἐξαγαγὼν,
1236 3463 1331 3516 καὶ
1362 3463 1656 3531 ὑποδείξας
1687 3467 1893 3532 αὐτοῖς,

298 3554 444 3623 ἔφη’
489 3554 548 3608 '0
573 3556 654 3617 είς
680 3555 809 3609 ναὸν
847 3555 1058 3627 Κυρίου
1106 3555 1516 3627 εἰσερχόμενος,
1550 3556 1645 3610 καὶ
1675 3558 1896 3629 χριστὸν

306 3645 521 3717 Κυρίου
549 3645 815 3715 φονεύων,
834 3646 978 3710 τίνος
1000 3648 1149 3701 ἐστὶν
1175 3647 1359 3718 ἔνοχος
1380 3664 1395 3713 ;
1414 3648 1480 3701 Ἦ
1511 3649 1569 3701 δὲ
1592 3648 1898 3721 σύγκλητος

299 3737 695 3808 ἀποκριθεῖσα,
750 3737 891 3811 ἔφη’
927 3738 1156 3811 Ἔνοχος
1206 3738 1443 3794 Θανάτου
1489 3741 1658 3807 ἐστίν,
1713 3738 1759 3795 ὦ
1807 3741 1897 3795 δέ-

301 3844 506 3882 σποτα.
543 3827 655 3882 Καὶ
687 3829 852 3893 εὐθὺς
877 3829 1166 3885 ἐκέλευσεν
1197 3830 1327 3895 τοὺς
1370 3833 1470 3886 σὺν
1492 3831 1571 3903 τῷ
1601 3833 1768 3903 πατρὶ
1795 3833 1896 3888 αῦ-

299 3920 405 3973 τοῦ
436 3921 659 3993 Μιχαὴλ
683 3921 775 3975 τὸν
803 3921 1013 3977 Λέοντα
1030 3924 1318 3988 ἀνελόντας
1342 3924 1434 3978 τὸν
1452 3922 1699 3996 ὕπαρχον
1727 3943 1903 3980 κατα-

303 4015 485 4080 σχεῖν,
522 4014 744 4078 καὶτὰς
773 4013 1016 4082 κεφαλὰς
1061 4015 1243 4070 αὐτῶν
1277 4016 1335 4069 ὲν
1364 4017 1431 4088 τῇ
1464 4017 1731 4092 σφενδόνῃ
1763 4019 1901 4072 ἀπο⁹

302 4108 504 4176 τεμεῖν
534 4106 706 4160 πολλά
748 4105 1233 4179 προϐαλλομένους
1260 4108 1355 4161 καὶ
1387 4108 1682 4179 λέγονταςο,
1713 4111 1899 4166 ἄδικον

305 4197 452 4252 εἶναι
476 4197 578 4270 τὴν
606 4200 868 4270 τοιαύτην
896 4198 1107 4269 κρίσιν.
1143 4200 1255 4254 Καὶ
1285 4200 1397 4272 γὰρ
1428 4202 1478 4254 εί
1513 4200 1587 4274 μὴ
1619 4201 1694 4272 τῷ
1727 4203 1902 4276 πατρὶ

309 4290 833 4362 συνηγωνισάμεθα,
866 4290 1119 4361 βασιλεὺς
1150 4293 1254 4345 οὐκ
1292 4292 1359 4345 ἂν
1391 4292 1556 4357 αὐτὸς
1580 4293 1676 4348 νῦν
1700 4288 1897 4365 ἦρξας.

311 4383 425 4438 Καὶ
449 4381 625 4446 οὕτως
658 4381 748 4435 ἐπ’
788 4381 976 4452 ὕψεσιν
1001 4383 1221 4437 πάντων
1245 4382 1345 4445 τὰς
1369 4384 1616 4453 κεφαλὰς
1645 4385 1898 4457 ἀπετμήο

2004 3276 2153 3331 αι’άε
2186 3274 2386 3333 Leonis
2412 3276 2659 3331 Armenii
2708 3275 2892 3347 gladio
2923 3277 3324 3332 comminutum
3386 3274 3589 3334 fuerat.

2003 3366 2175 3425 Ludis
2205 3369 2466 3439 peractis,
2503 3369 2557 3423 in
2589 3369 2769 3424 locum
2828 3367 3055 3424 nomine
3108 3368 3303 3423 Sedem
3340 3379 3589 3424 senatum

2003 3476 2221 3522 omnem
2244 3460 2595 3527 convocavit,
2628 3469 2683 3515 et
2726 3459 3055 3531 productum
3089 3458 3478 3515 candelabrum
3509 3459 3591 3514 eis

2005 3559 2190 3601 coram
2226 3547 2540 3612 ostendens,
2571 3546 2710 3600 dixit
2741 3565 2759 3601 :
2796 3546 2899 3612 Qui
2942 3548 3203 3618 templum
3259 3546 3476 3603 Domini
3504 3547 3592 3601 in-

2005 3651 2228 3708 gressus
2262 3637 2529 3693 christum
2561 3636 2777 3692 Domini
2810 3638 3094 3706 interﬁcit,
3129 3639 3292 3710 cujus
3337 3638 3595 3695 criminis

2004 3745 2135 3787 reus
2165 3737 2250 3786 est
2277 3730 2301 3785 ?
2330 3729 2682 3799 Respondens
2711 3737 2936 3787 senatus
2965 3732 3043 3786 ait
3077 3751 3091 3787 :
3123 3733 3265 3787 Reus
3316 3740 3401 3788 est
3444 3744 3595 3787 mor.

2010 3826 2104 3896 tis,
2139 3826 2382 3883 domine.
2417 3825 2727 3898 Statimque
2760 3826 2927 3897 jussit
2959 3826 3277 3897 praefectum
3330 3842 3447 3895 eos,
3498 3830 3594 3900 qui

2007 3932 2117 3973 una
2151 3932 2277 3972 cum
2320 3923 2474 3988 patre
2500 3930 2601 3972 suo
2656 3915 2921 3971 Michaele
2975 3916 3214 3973 Leonem
3253 3916 3590 3985 occiderant,

2007 4010 2437 4081 apprehendere,
2469 4018 2524 4065 et
2558 4009 2724 4065 multa
2761 4009 2892 4065 licet
2920 4009 3392 4079 praetendentibus
3417 4019 3472 4067 et
3489 4010 3593 4067 ob-

2004 4104 2350 4176 jicientibus,
2406 4103 2765 4173 iniquamque
2820 4103 3181 4158 causantibus
3238 4101 3590 4170 sententiam,

2008 4194 2219 4251 Etenim
2253 4195 2355 4250 nisi
2389 4194 2528 4266 patri
2559 4204 2655 4249 tuo
2690 4209 2846 4265 opem
2894 4193 3232 4261 tulissemus,
3266 4193 3432 4248 modo
3477 4207 3604 4248 non

2010 4287 2333 4360 imperares,
2360 4288 2426 4342 ad
2478 4282 2724 4342 Fundam
2778 4286 2953 4357 capita
3008 4285 3301 4356 amputari.
3340 4285 3399 4341 In
3446 4285 3596 4343 hunc

2012 4379 2235 4460 modum
2275 4377 2380 4434 sub
2409 4377 2658 4434 omnium
2682 4375 2848 4449 550
2894 4384 3194 4448 conspectu
3229 4377 3407 4448 capita
3462 4384 3596 4433 sunt

310 4474 512 4547 θησαν,
559 4476 917 4547 προσχήματι
953 4475 1052 4546 μὲν
1080 4472 1154 4537 ὡς
1182 4475 1262 4537 είς
1289 4474 1418 4529 ναὸν
1458 4477 1669 4547 Κυρίου
1718 4477 1895 4532 τετολ-

2008 4469 2117 4526 illis
2147 4471 2397 4540 praecisa,
2417 4478 2681 4542 praetextu
2717 4467 3129 4539 quidem,quod
3157 4468 3211 4522 in
3246 4467 3449 4539 templo
3483 4462 3592 4523 Do-

315 4569 559 4639 μηκότες
592 4566 925 4637 ποιήσασθαι
959 4566 1060 4633 τὴν
1096 4565 1415 4637 ἀναίρεσιν·
1448 4570 1515 4639 τῇ
1555 4569 1786 4642 ἀληθείᾳ
1823 4569 1901 4635 ὡς

309 4665 407 4716 τὸν
436 4659 872 4733 συναιρεσιὼτην
896 4659 1067 4714 αὑτοῦ
1098 4659 1193 4713 καὶ
1220 4659 1502 4731 ὁμόφρονα
1533 4659 1613 4725 είς
1641 4660 1900 4717 ἀσέϐειαν

313 4754 766 4819 ἀποκτείναντες.
810 4752 1007 4824 Εἴχετο
1029 4751 1138 4824 γὰρ
1170 4752 1199 4806 ό
1235 4751 1538 4823 ἀλητήριος
1557 4753 1658 4825 τῆς
1688 4753 1899 4809 ἐκείνου

315 4845 649 4915 θεοστυγοῦς
705 4844 994 4918 αἱρέσεως,
1030 4843 1139 4897 τῶν
1176 4843 1351 4912 ἁγίων
1384 4843 1609 4897 εἰκόνων
1659 4844 1761 4909 τάς
1800 4847 1901 4916 μὲν

314 4936 637 5001 κατασπῶν,
667 4938 766 5002 τὰς
792 4937 850 4991 δὲ
880 4937 1214 5008 ἀνορύττων.
1236 4934 1429 5008 Τούτῳ
1458 4933 1707 5008 Θεοφίλῳ
1730 4955 1899 5008 προσ-

314 5033 520 5100 έφυγεν
556 5031 828 5100 Θεόφοϐος
862 5030 1082 5101 Πέρσης
1108 5029 1227 5101 ἅμα
1255 5028 1333 5100 τῷ
1354 5027 1525 5100 πατρὶ
1555 5029 1721 5083 αὐτοῦ
1763 5031 1901 5101 μετά

315 5124 546 5196 Περσῶν
573 5123 830 5195 χιλιάδων
881 5122 964 5177 ιδ’.
1017 5121 1128 5186 Oi);
1179 5121 1456 5192 διένειμεν
1489 5113 1645 5185 οὗτος
1697 5122 1755 5175 ὲν
1785 5123 1903 5187 τοῖς

316 5219 521 5289 θέμασι
567 5212 1025 5287 κατασκηνώσας,
1077 5214 1173 5269 καὶ
1219 5216 1301 5279 είς
1332 5210 1580 5285 τούρμας
1621 5215 1905 5269 ἀποκατα-

2008 4561 2145 4618 mini
2204 4562 2394 4618 eadem
2441 4569 2761 4632 perpetrare
2821 4560 2940 4616 ausi
2995 4559 3233 4627 fuerant,
3299 4569 3355 4615 at
3398 4573 3593 4618 revera

2008 4656 2155 4729 quod
2183 4655 2430 4727 ejusdem
2456 4670 2644 4711 secum
2684 4653 2962 4724 opinionis
2990 4662 3044 4709 et
3076 4654 3192 4724 pari
3223 4653 3418 4709 haeresi
3452 4653 3596 4709 inl‘e-

2007 4758 2155 4807 ctum
2180 4748 2554 4805 sustulissent.
2584 4746 2843 4816 Ejusdem
2867 4747 3067 4818 quippe
3090 4747 3201 4803 Deo
3235 4746 3462 4807 infensae
3479 4747 3593 4803 ba:-

2009 4856 2196 4897 reseos
2219 4839 2338 4894 labe
2360 4838 2633 4909 piaculum
2661 4837 2793 4894 illud
2814 4838 3123 4905 tenebatur,
3156 4839 3250 4908 qui
3272 4848 3589 4895 sanctarum

2008 4932 2310 5003 imaginum
2357 4930 2493 4985 alias
2518 4929 2854 4992 detraheret.
2884 4930 3021 4986 alias
3068 4928 3457 5001 disrumperet.
3506 4931 3594 4987 Ad

2012 5022 2531 5092 huncTheephilum
2558 5020 2826 5091 profugus
2840 5022 2987 5076 venit
3004 5021 3375 5092 Theophobus
3400 5022 3591 5089 Persa,

2012 5135 2119 5177 una
2142 5134 2265 5173 cum
2284 5127 2440 5186 patre
2468 5130 2571 5170 suo
2592 5123 2647 5169 et
2676 5114 2969 5171 Persarum
3006 5116 3246 5171 millibus
3269 5114 3599 5185 quatuordtk

2012 5214 2142 5278 cim,
2167 5211 2367 5284 quibus
2398 5223 2493 5280 per
2529 5218 2738 5263 turmas
2768 5209 2980 5274 divisis,
3006 5209 3062 5263 in
3091 5209 3322 5264 diversis
3353 5207 3591 5281 regioni-

1481 5351 1732 5408 FRANC.
1759 5347 2151 5411 COMBEFISII
2186 5341 2421 5401 ΝΟΤἉΕ.

393 5479 474 5550 (6)
502 5478 701 5550 {stlch
737 5474 929 5550 eadem
991 5477 1624 5550 pluribuscontlnuator
1675 5477 1802 5534 Vat.
1842 5485 1899 5534 et

318 5546 490 5607 exeo
511 5549 673 5604 Cedr.
706 5548 799 5617 qui
849 5546 1001 5601 banc
1041 5546 1332 5617 Theophili
1387 5550 1729 5605 severitatem
1787 5563 1899 5602 non

319 5633 436 5676 tam
477 5616 865 5688 justitia’zelo
911 5616 1218 5682 ascribunt,
1247 5634 1408 5687 quam
1443 5628 1503 5675 ut
1552 5619 1644 5674 ille
1694 5618 1799 5674 sibi
1830 5618 1903 5674 ab

318 5687 545 5747 insidiis
576 5699 816 5746 caveret.
863 5687 1221 5758 subditosque
1251 5703 1281 5743 a
1330 5689 1565 5745 violenta
1612 5689 1668 5743 in
1698 5688 1903 5756 princi-

322 5776 450 5830 pem
489 5775 653 5815 manu
714 5760 1043 5830 deterreret.
1093 5756 1317 5830 Leonis
1345 5758 1701 5815 Grammatiei
1737 5758 1898 5830 ratio,

323 5827 388 5886 ut
423 5830 659 5889 voluerit
715 5828 905 5886 ulcisci
964 5827 1264 5900 principem
1307 5829 1699 5888 lconoclastam
1724 5828 1902 5886 eidem

2010 5476 2126 5545 ipse
2165 5467 2581 5545 addictissimus
2618 5462 2837 5545 haeresi,
2869 5460 3112 5545 jejunifr
3167 5466 3445 5545 estactum
3488 5474 3592 5545 nec

2008 5528 2175 5615 prater
2202 5541 2351 5615 illius
2401 5538 2471 5615 ab
2524 5551 2594 5615 ea_
2642 5528 3245 5615 abhorreret._Su_mm_i
3296 5528 3590 5612 Theophili

2010 5600 2211 5685 rigoris
2233 5611 2360 5681 jure
2397 5604 2634 5686 dicendo
2663 5603 2915 5687 exempla
2934 5600 3140 5686 .all‘ert,
3160 5600 3597 5684 plurimumque

2010 5684 2197 5740 laudat
2247 5687 2439 5735 auctor
2471 5686 2738 5730 orationis
2791 5671 3074 5729 Domtnrca
3124 5669 3593 5742 τηςίόρθοδοξιας

2009 5684 2197 5740 laudat
2247 5687 2439 5735 auctor
2471 5684 2738 5730 orationis
2791 5684 3074 5729 uominrca
3124 5688 3226 5741 της
3277 5684 3590 5742 opum“

2011 5754 2171 5811 nobis
2198 5751 2343 5807 edita
2363 5751 2516 5802 Auct.
2536 5755 2666 5803 tom.
2702 5744 2771 5814 ll,
2803 5758 2833 5800 e
2855 5744 3056 5815 quibus
3087 5742 3175 5799 hic
3208 5741 3397 5813 aliqua
3418 5741 3589 5800 refert

2011 5824 2122 5882 Leo
2157 5831 2211 5880 et
2240 5817 2516 5892 suggillat.
