4100 6448
563 353 700 422 1047

1787 346 2065 407 LEONIS
2102 343 2588 406 GRAMMATICI

3614 344 3813 414 ,1048

560 468 666 526 bus
695 466 996 538 assignavit
1027 464 1412 527 habitationes,
1444 462 1536 531 qui
1569 478 1742 532 usque
1764 461 1923 517 hodie
1945 459 2128 517 Persa-

2247 462 2474 531 στήσας,
2496 459 2547 513 ol
2584 459 2747 531 μέχρι
2770 459 2868 514 τοῦ
2890 460 2986 516 νῦν
3016 460 3269 530 λέγονται
3299 461 3535 534 τοῦρμαι
3565 464 3812 536 Περσῶν.

562 576 682 618 rum
730 570 923 618 turmae
963 558 1351 631 appellantur:
1397 556 1579 626 ipsum
1628 555 1670 609 Τ
1678 554 2020 625 heophobum
2070 568 2136 607 ex

560 650 864 707 Theodore
880 651 1138 720 Augustae
1156 648 1364 703 sororis
1397 646 1603 717 nuptiis
1618 645 1847 701 levirum
1866 645 1967 715 ipsi
1988 644 2135 699 fecit.

560 742 896 813 TheOphilus
951 753 1133 798 autem
1165 756 1290 796 cum
1346 739 1732 793 artefactorum
1762 746 1958 792 ornatu
1992 737 2139 791 dele-

561 845 824 902 ctaretur,
879 850 974 906 per
1007 832 1419 889 aurifabrorum
1454 832 1754 902 principem
1791 828 1947 884 valde
1993 829 2137 885 eelec

558 930 711 985 hrem
750 938 803 983 et
838 927 1072 998 peritum
1129 934 1185 981 et
1239 923 1462 979 AntOnii
1520 923 1844 993 patriarchae
1896 921 2134 988 aliincm,

552 1019 722 1091 jussit
750 1017 976 1074 conﬂari
1008 1015 1450 1087 pentapyrgium,
1483 1025 1538 1069 et
1574 1014 1934 1071 instrumenta
1963 1016 2138 1069 maxi-

552 1126 644 1166 ma
679 1112 787 1166 duo
814 1126 879 1165 ex
912 1124 1049 1165 auro
1087 1108 1286 1175 solido,
1343 1106 1616 1177 lapidibus
1672 1106 1903 1161 diversis
1929 1115 1984 1161 et
2012 1122 2135 1178 ery—

552 1202 728 1258 stallis
757 1202 1039 1272 insignita,
1062 1201 1429 1271 arboremque
1476 1214 1724 1263 auream,
1782 1200 1869 1255 cui
1901 1199 2135 1255 insiden-

540 1304 635 1352 tes
680 1295 987 1366 passerculi
1033 1295 1264 1350 secretis
1307 1292 1582 1348 machinis
1637 1294 1879 1369 musicos
1943 1301 2136 1349 cantus

549 1389 904 1443 exercebant.
965 1386 1264 1458 Reparavit
1289 1385 1452 1441 etiam
1481 1386 1860 1457 imperatorias
1880 1397 2056 1441 vestes
2083 1394 2137 1440 et

551 1480 776 1535 omnino
806 1481 1112 1545 renovavit,
1149 1480 1442 1549 aureisque
1464 1480 1788 1535 staminibus
1819 1478 2130 1545 contexuit;

551 1572 831 1641 publicum
858 1573 1022 1628 etiam
1057 1572 1146 1640 ius
1173 1581 1227 1627 et
1258 1572 1493 1643 rigorem
1520 1572 1812 1628 observare
1844 1570 2130 1639 simulans,

550 1660 710 1716 ﬁdem
746 1663 1116 1734 pietatemque
1141 1678 1257 1734 prae
1301 1662 1753 1719 antecessoribus
1791 1664 2134 1734 imperatori-

550 1753 655 1810 bus
682 1753 844 1810 laesit.

622 1845 930 1901 Accedente
960 1846 1027 1903 ad
1054 1847 1237 1918 ipsum
1275 1848 1501 1904 muliere
1539 1847 1700 1904 vidua
1753 1847 1820 1904 ad
1872 1847 2133 1904 Blaeher-

550 1952 670 2003 uas,
702 1947 757 1992 et
778 1936 1036 2008 injuriam
1065 1939 1134 1995 ab
1190 1937 1448 2011 Augustae
1473 1939 1645 1995 fratre
1695 1939 1929 1996 Pctrona
1968 1957 2135 1997 excu-

547 2031 761 2086 biarum
794 2032 1092 2104 drungario
1125 2047 1186 2089 se
1214 2033 1328 2104 pati
1359 2042 1734 2104 conquerente
1756 2033 1942 2091 :Adeo
1962 2036 2132 2105 enim,

547 2121 753 2187 aiebat,
787 2132 1083 2180 structurae
1113 2140 1303 2181 muros
1328 2126 1510 2197 erigit,
1538 2134 1593 2181 et
1623 2126 1852 2183 aedilicia
1886 2128 2131 2197 innovat,

545 2224 609 2271 ut
644 2231 766 2270 mea
797 2215 1018 2286 penitus
1046 2218 1328 2286 obscuret,
1364 2227 1418 2273 et
1447 2217 1596 2288 quod
1619 2215 1800 2273 viduis
1838 2236 1938 2291 pro
1969 2221 2134 2278 solito

543 2308 878 2378 contemptis
911 2308 1134 2376 accidit,
1159 2309 1351 2366 reddat
1396 2308 1615 2380 penitus
1662 2309 1878 2366 inutilia
1899 2353 1912 2368 .
1943 2353 1957 2369 .
1992 2351 2007 2367 .
2036 2357 2051 2371 .
2076 2356 2091 2372 .
2114 2355 2129 2370 .

544 2397 628 2454 llli
657 2398 1024 2464 discedentes,
1041 2407 1096 2455 et
1125 2398 1383 2470 injuriam
1427 2399 1543 2455 fieri
1577 2401 1902 2471 conspicati,
1927 2413 1982 2459 et
2006 2418 2134 2459 vera

542 2504 686 2556 esse,
718 2505 843 2560 quae
869 2505 900 2546 a
932 2489 1180 2546 muliere'
1217 2489 1611 2559 obiicerentur,
1656 2493 1921 2550 certiores
1979 2496 2130 2562 facti,

542 2583 836 2640 redeuntes
901 2583 1227 2654 imperatori
1289 2585 1791 2641 renuntiaverunt:
1829 2586 1898 2641 ab
1944 2587 2134 2658 eisque

540 2675 829 2731 convictus
863 2674 1169 2744 Petronas',
1229 2675 1520 2747 mediaque
1555 2677 1640 2732 via
1696 2689 1917 2745 exutus,
1966 2678 2134 2736 dorso

540 2767 767 2825 verbera
789 2768 1001 2839 excepit
1032 2768 1465 2839 quamplurima.
1486 2767 1792 2827 Confestim
1822 2786 1954 2827 vero
1979 2788 2131 2843 quae-

538 2871 660 2917 stor
691 2868 746 2916 et
774 2870 1093 2931 exceptores
1130 2862 1285 2917 abire
1320 2861 1498 2932 iussi,
1530 2863 1783 2920 Petrona:
1817 2864 2018 2922 domus
2061 2865 2129 2921 ad

539 2952 898 3008 fundamenta
947 2964 1403 3026 exaequaverunt,
1432 2965 1487 3011 et
1515 2956 1732 3014 mulieri
1787 2959 2134 3015 tradiderunt

538 3045 920 3116 possidendas.
958 3044 1075 3117 lpse
1099 3044 1350 3101 Alexiutn
1381 3045 1733 3113 Armenium,
1760 3058 2130 3119 cognomento

2241 551 2419 604 Δύτδν
2451 549 2510 603 δὲ
2542 549 2633 603 τὸν
2671 550 2943 620 Θεόφοϐον
2990 552 3072 616 είς
3118 551 3355 623 ἀδελφὴν
3386 551 3665 625 Θεοδὼρας
3705 554 3815 609 Δύ-

2241 642 2480 712 γούστης
2531 640 2785 714 γαμϐρὸν
2815 645 3138 710 ἐποιήσατο.
3172 646 3507 717 Φιλόκοσμος
3533 648 3590 701 δὲ
3613 646 3690 701 ὣν
3710 650 3783 703 αὐ

2240 735 2334 798 τὸς
2379 735 2642 805 Θεόφιλος
2699 738 3073 791 κατεσκεύασε
3119 737 3207 792 διὰ
3248 738 3342 792 τοῦ
3406 739 3666 810 ἄρχοντος
3716 741 3812 796 τοῦ

2241 827 2567 902 χρυσοχείου
2601 828 2937 898 λογιωτάτου
2994 831 3137 885 πάνυ
3169 829 3322 897 ὄντος
3369 831 3465 885 καὶ
3517 834 3816 901 συγγενοῦς

2253 920 2537 975 Ἀντωνίου
2570 922 2934 993 πατριάρχου,
2968 921 3029 975 τό
3057 939 3115 975 τε
3148 921 3583 995 Πενταπύργιον,
3613 924 3707 978 καὶ
3743 923 3817 977 τά

2238 1012 2332 1067 δύο
2365 1012 2600 1085 μέγιστα
2632 1013 2844 1084 δργανα
2881 1011 3176 1084 ὁλόχρυσα.
3206 1014 3486 1086 διαφόροις
3527 1014 3693 1079 λίθοις
3720 1018 3817 1070 καὶ

2240 1105 2439 1170 ὗελίοις
2472 1103 2744 1168 καλλύνας
2791 1104 2954 1167 αὐτὰ,
3009 1105 3226 1176 δένδρον
3265 1122 3325 1159 τε
3385 1106 3620 1177 χρυσοῦν
3666 1109 3724 1162 ἐν
3764 1100 3815 1176 ᾧ

2241 1197 2522 1270 στρουθίον
2555 1197 2886 1268 ὲφεζόμενον
2914 1196 3196 1270 [στρουθία
3223 1197 3551 1271 ἐφεζόμενοι]
3581 1198 3670 1254 διά
3702 1218 3814 1273 μη-

2237 1291 2410 1362 χανῆς
2438 1306 2585 1353 τινος
2612 1290 2891 1361 μουσικῶς
2918 1289 3229 1345 ἐκελάδουν.
3276 1291 3732 1365 Ἐκαινούργησεν
3756 1293 3817 1348 δὲ

2239 1385 2466 1446 καὶτὰς
2514 1381 2804 1452 βασιλικὰς
2845 1381 3038 1447 στολὰς
3083 1381 3423 1450 ἀνανεώσας,
3464 1383 3560 1437 καὶ
3619 1401 3818 1457 χρυσο-

2240 1475 2512 1546 ῢφάντους
2560 1478 3030 1548 κατακοσμήσεις·
3068 1475 3415 1549 δικαιοσύνην
3447 1477 3502 1531 δὲ
3543 1479 3815 1550 κοσμικὴν

2237 1571 2734 1640 προσποιούμενος,
2794 1571 2822 1621 6
2855 1568 2953 1638 τὴν
2982 1569 3167 1623 πίστιν
3220 1570 3318 1623 καὶ
3369 1569 3471 1639 τὴν
3527 1570 3811 1625 εὐσέϐειαν

2239 1663 2401 1717 πλέον
2431 1661 2574 1733 ὑπὲρ
2611 1664 2740 1726 τοὺς
2768 1661 2961 1735 πρώην
2991 1662 3420 1734 βασιλεύσαντας
3450 1664 3740 1733 ἀδικήσας.

2311 1841 2724 1917 Προσελθούσης
2780 1843 2929 1916 αὐτῷ
2985 1846 3243 1913 γυναικὸς
3283 1846 3458 1917 χήρας
3491 1849 3548 1901 ἐν
3577 1846 3815 1921 Βλαχέρ-

2235 1956 2378 2005 ναις,
2407 1939 2501 1992 καὶ
2542 1935 2821 2009 βοησάσης
2846 1937 2922 2002 ὡς
2953 1938 3196 1993 ἀδικοῖτο
3239 1939 3390 2011 παρά
3414 1939 3509 1993 τοῦ
3561 1940 3664 2011 τῆς
3701 1940 3814 1995 Δύο

2233 2030 2474 2099 γούστης
2501 2027 2732 2098 ἀδελφοῦ
2781 2030 3047 2099 Πετρωνᾶ
3096 2028 3459 2100 δρουγγαρίου
3484 2032 3583 2099 τῆς
3625 2028 3812 2099 βίγλας

2235 2121 2411 2187 δντος¹
2454 2119 2611 2190 Ὑψοῐ
2639 2121 2748 2192 γὰρ
2777 2120 2846 2174 τά
2872 2119 3070 2175 ἑαυτοῦ
3093 2120 3395 2193 οἰκήματα,
3439 2120 3669 2186 καὶτοῖς
3692 2121 3810 2175 κτί-

2238 2234 2409 2287 σμασι
2455 2217 2777 2287 κακουργετ,
2832 2214 2902 2268 τὰ
2949 2215 3060 2286 ὲμά
3100 2214 3159 2269 δὲ
3191 2214 3450 2280 σκοτίζει,
3512 2215 3608 2269 καὶ
3637 2216 3717 2280 είς
3746 2213 3812 2271 τὸ

2238 2310 2409 2381 μηδὲν
2451 2304 2593 2364 εἶναι
2643 2309 2826 2373 ποιεῖ,
2881 2308 2956 2372 ὡς
3011 2306 3108 2363 ἅτε
3172 2308 3349 2379 χήρας
3393 2324 3810 2381 καταπεφρονη-

2240 2403 2410 2473 μένης
2450 2398 2646 2473 (7).....
2683 2401 2749 2454 Ol.
2794 2400 3123 2465 ἀπελθόντες
3178 2401 3273 2454 καὶ
3328 2399 3656 2473 θεασάμενοι
3711 2400 3811 2474 τήν

2233 2499 2491 2567 τοιαύτην
2524 2495 2766 2558 ἀδικίαν,
2800 2494 2895 2548 καὶ
2926 2492 3323 2564 βεϐαιωθέντες
3352 2494 3427 2560 ὡς
3467 2492 3643 2564 ἀληθῆ
3671 2495 3809 2548 εἰσιν

2233 2589 2303 2642 τὰ
2353 2587 2506 2659 παρά
2566 2585 2667 2656 τῆς
2728 2586 2988 2654 γυναικὸς
3045 2583 3301 2656 ρηθέντα,
3369 2583 3809 2654 ὑποστρέψαντες

2233 2680 2566 2753 ἀνήγγειλαν
2583 2677 2662 2748 τῷ
2692 2677 2927 2749 βασιλεῖ.
2955 2678 3068 2732 Καὶ
3087 2676 3525 2749 ἐλεγχθεὶςεπαρ
3550 2675 3730 2730 αὐτῶν
3759 2672 3808 2749 [ὁ

2233 2771 2551 2846 Πετρωνᾶς]
2591 2771 2839 2835 ὲκδυθεὶς
2883 2772 2944 2824 ὲν
2973 2772 3040 2841 τῇ
3074 2768 3217 2841 μέσῃ
3253 2768 3357 2839 τῆς
3389 2767 3513 2822 ὀδοῦ
3548 2767 3808 2822 τύπτεται

2232 2867 2303 2922 τὰ
2336 2866 2486 2921 νῶτα
2510 2864 2778 2935 σφοδρῶς.
2814 2861 3146 2934 Ὥρίσθησαν
3170 2861 3227 2915 δὲ
3248 2861 3277 2914 δ
3308 2878 3369 2915 τε
3398 2859 3694 2931 κοιαίστωρ
3715 2857 3810 2914 καὶ

2231 2960 2284 3015 οί
2331 2959 2692 3031 ἀντιγραφεῖς
2720 2955 3001 3019 ἀπελθεῖν,
3033 2954 3130 3010 καὶ
3166 2951 3331 3026 μέχρι
3362 2952 3626 3022 θεμελίων
3650 2949 3809 3007 ἐκδα-

2234 3052 2390 3125 φίσαι
2414 3051 2486 3107 τά
2517 3050 2681 3105 αὐτοῦ
2709 3050 3010 3121 οἰκήματα,
3036 3048 3133 3101 καὶ
3171 3049 3238 3118 τῇ
3278 3045 3502 3115 γυναικὶ
3536 3041 3807 3115 παραδοῦ-

539 3136 825 3205 llluselem,
852 3135 1050 3193 fortem
1079 3144 1134 3193 et
1178 3138 1475 3195 robustum
1524 3138 1728 3202 virum,
1762 3138 1961 3193 tradita
1992 3139 2125 3194 dile-

2230 3161 2343 3200 ναι.
2391 3139 2560 3208 Οὗτος
2600 3142 2857 3214 ,Ἀλέξιον
2911 3140 3004 3194 τὸν
3057 3138 3369 3212 ’Δρμένιον,
3425 3129 3471 3206 ᾧ
3523 3137 3808 3206 ἐπώνυμον

540 3235 631 3282 eta
661 3227 769 3283 sibi
797 3228 906 3282 lilia
952 3227 1119 3283 Maria
1163 3243 1426 3299 generum
1475 3229 1692 3296 ascivit,
1724 3230 2129 3301 patriciumque

538 3320 896 3387 renuntiavit,
924 3331 979 3376 et
1035 3322 1252 3377 modico
1303 3330 1432 3391 post
1493 3321 1862 3393 magistrum:
1926 3321 1981 3377 in
2041 3339 2125 3379 su-

540 3414 847 3485 spicionem
873 3430 1002 3471 vero
1025 3414 1220 3471 deinde
1238 3414 1558 3481 adductum,
1583 3415 1739 3486 quasi
1764 3426 2130 3486 aucuparetur

536 3505 854 3578 imperium,
913 3506 1232 3578 magistrum
1298 3505 1507 3560 militiae
1596 3514 1651 3560 et
1732 3506 1929 3563 ducem
1986 3506 2128 3561 Sici-

537 3599 625 3654 ιίτε
670 3598 986 3654 institutum
1044 3613 1159 3654 ase
1222 3598 1512 3669 ablegavit.
1550 3596 1741 3665 Qualia
1790 3600 1958 3670 igitur
1988 3599 2129 3654 livor

538 3688 816 3759 parturire
852 3690 1024 3757 solet,
1067 3687 1241 3744 Siculi
1269 3690 1492 3759 quidam
1523 3692 1789 3748 abeuntes
1817 3708 1940 3747 eum
1982 3693 2124 3762 apud

537 3779 925 3849 imperatorem
962 3780 1481 3847 ealumniahantur,
1516 3782 1675 3851 quasi
1710 3797 1833 3852 qua:
1857 3783 2126 3838 Christia-

536 3886 736 3928 norum
773 3880 924 3938 sunt,
966 3871 1222 3940 proderet
1254 3871 1548 3942 Agarenis,
1584 3882 1639 3927 et
1667 3874 1928 3928 adversus
1959 3874 2128 3945 impc-

536 3965 680 4018 rium
705 3964 1086 4017 meditaretur.
1132 3959 1354 4016 Interim
1405 3960 1575 4015 Maria
1604 3962 1803 4017 dilecta
1833 3964 2127 4034 imperato-

542 4053 621 4108 ris
664 4051 776 4107 lilia
826 4051 940 4108 fato
988 4049 1150 4123 451
1218 4050 1436 4116 functa,
1495 4067 1689 4107 urnam
1728 4055 1849 4124 ejus
1901 4066 2127 4126 argento

540 4144 849 4209 exornavit,
881 4142 1357 4213 immunitatisque
1386 4141 1730 4214 privilegium
1779 4159 1847 4198 ex
1896 4145 2127 4201 crimine

539 4238 607 4294 ad
639 4235 778 4292 illud
817 4233 1272 4305 confugientibus
1326 4233 1578 4289 contulit.
1639 4235 1936 4305 Argentum
1992 4237 2125 4293 illud

534 4344 601 4388 ex
633 4325 887 4402 sepulcro
942 4330 1240 4400 imperator
1289 4326 1400 4383 Leo
1460 4327 1807 4396 postmodum
1877 4330 2122 4386 sustulit.

534 4420 808 4494 Tempore
853 4417 1051 4476 deinde
1093 4433 1207 4491 quo
1254 4418 1481 4473 Alexius
1528 4417 1862 4473 calumniam
1924 4435 2121 4490 passus

532 4504 638 4576 est,
690 4510 1042 4566 Theodorum
1089 4510 1567 4580 archiepiscopum
1623 4511 1950 4578 cognomine
1994 4510 2118 4567 Cri-

536 4605 752 4661 thinum
784 4602 839 4658 in
866 4603 1005 4658 urbe
1039 4600 1179 4658 forte
1211 4610 1486 4671 repertum
1521 4602 2117 4674 advocavitTheophi-

535 4695 645 4760 lus,
664 4697 996 4766 propriaque
1031 4710 1193 4750 cruce
1230 4684 1456 4749 amuleti
1491 4680 1598 4761 ritu
1631 4711 1661 4750 e
1685 4697 1825 4752 collo
1849 4697 2119 4768 pendente

533 4786 644 4857 ipsi
707 4786 932 4851 tradita,
992 4785 1144 4841 misit
1195 4786 1250 4840 in
1308 4785 1552 4841 Siciliam
1582 4789 1910 4846 securitatis
1954 4792 2114 4846 fidem

532 4875 726 4931 Alexio
769 4876 1047 4943 daturum,
1081 4883 1136 4929 et
1179 4891 1305 4931 mox
1352 4877 1417 4931 ad
1454 4892 1513 4932 se
1557 4878 1946 4936 adducturum.
1986 4881 2117 4938 Pro-

531 4966 711 5025 fectus
738 4966 849 5035 ille,
883 4982 986 5038 pro
1015 4968 1198 5023 innata
1232 4968 1335 5023 sibi
1368 4969 1657 5039 prudentia
1709 4971 1958 5027 Alexium
1993 4991 2118 5030 ver-

531 5059 622 5119 bis
662 5074 996 5131 persuasum
1040 5059 1265 5115 adduxit
1299 5061 1364 5114 ad
1424 5062 1805 5132 imperatorem
1842 5067 2119 5138 :impera-

2231 3237 2502 3302 Μουσελὲ,
2536 3235 2790 3306 ἀνδρεῖον
2819 3233 2952 3287 δντα
2984 3232 3083 3287 καὶ
3112 3230 3395 3303 ῥωμαλέον
3429 3228 3808 3299 είσεποιήσατο

2229 3329 2483 3402 γαμϐρὸν
2512 3330 2594 3392 είς
2642 3325 2862 3396 Μαρίαν
2907 3323 3275 3395 ἠγαπημένην
3306 3320 3458 3392 αὐτῷ
3508 3319 3803 3390 θυγατέρα,

2232 3423 2466 3494 ποιήσας
2509 3418 2674 3474 αὐτὸν
2726 3416 3042 3487 πατρίκιον.
3104 3416 3226 3484 μετ’
3285 3413 3468 3482 ὀλίγον
3524 3411 3581 3465 δὲ
3641 3410 3807 3481 μαγι-

2232 3531 2394 3585 στρον
2422 3509 2523 3586 (8).
2557 3505 2691 3565 Εἶτα
2735 3508 3008 3580 ὑπόληψιν
3053 3524 3176 3561 τινα
3206 3506 3292 3560 ἐπ’
3316 3504 3465 3575 αὐτῷ
3512 3502 3677 3575 σχὼν,
3730 3501 3807 3565 ὣς

2229 3606 2557 3677 ὀρεγόμενον
2596 3602 2703 3672 τῆς
2747 3601 3047 3673 βασιλείας,
3107 3598 3199 3653 καὶ
3260 3596 3662 3670 στρατηλάτην,
3713 3593 3806 3647 καὶ

2228 3695 2397 3750 δοῦκα
2432 3691 2680 3755 Σικελίας
2709 3690 3044 3761 ἐξέπεμψεν.
3081 3684 3184 3743 Οἷα
3217 3687 3273 3741 δὲ
3315 3686 3410 3742 τοῦ
3442 3685 3638 3755 φθόνου
3679 3681 3803 3737 oat-

2230 3805 2436 3853 νοντος,
2473 3785 2689 3839 Σικελοί
2724 3801 2871 3849 τινες
2921 3782 3241 3846 ἀνελθόντες
3296 3779 3574 3835 διέϐαλλον
3619 3767 3804 3831 τοῦτον

2228 3880 2308 3951 τῷ
2336 3879 2566 3949 βασιλεῖ.
2599 3877 2674 3941 ὡς
2710 3877 2781 3931 τὰ
2829 3875 2927 3946 μὲν
2956 3873 3304 3945 Χριστιανῶν
3331 3875 3444 3936 τοῖς
3486 3869 3805 3943 Ἀγαρηνοῖς

2230 3970 2582 4042 προδίδωσιν,
2628 3967 2774 4022 κατὰ
2819 3968 2874 4021 δὲ
2906 3967 3006 4037 τῆς
3052 3966 3331 4038 βασιλείας
3367 3964 3587 4036 μελετᾷ.
3631 3960 3723 4015 Ἐν
3749 3959 3803 4013 δὲ

2228 4066 2308 4138 τῷ
2337 4064 2542 4135 μεταξὺ
2569 4061 2898 4132 τεθνηκυίας
2938 4060 3158 4131 Μαρίας
3189 4056 3576 4127 πεποθημένης
3600 4053 3675 4123 τῷ
3709 4052 3805 4125 βα-

2231 4154 2371 4209 σιλεῖ
2396 4151 2688 4222 θυγατρὸς,
2734 4150 2832 4222 τὴν
2871 4150 2971 4220 μὲν
2997 4149 3244 4221 λάρνακα
3271 4145 3473 4216 ταύτης
3498 4142 3713 4218 [αὐτῆς]
3746 4141 3803 4208 ἐξ

2229 4244 2475 4317 ἀργύρου
2533 4242 2865 4312 ἐκόσμησεν,
2940 4241 3037 4295 καὶ
3091 4241 3258 4310 τόμον
3327 4235 3639 4307 ἐλευθερίας
3692 4235 3803 4296 τοῖς

2229 4336 2669 4408 προσφεύγουσιν
2713 4334 2800 4387 ἐπ’
2848 4330 3158 4402 ὲγκλήματί
3195 4347 3305 4383 τινι
3332 4329 3578 4383 τέθεικεν
3619 4328 3802 4398 (ὅνπερ

2226 4433 2470 4503 ἄργυρον
2504 4428 2644 4499 μετὰ
2672 4426 2847 4481 ταῦτα
2895 4425 3049 4479 Λέων
3090 4425 3119 4477 6
3165 4422 3422 4494 βασιλεὺς
3468 4420 3707 4474 ἀνείλετο
3739 4420 3803 4472 ἐκ

2143 4491 2198 4551 D
2222 4491 2326 4579 τοῦ.
2348 4491 2568 4593 τάφού),
2599 4519 2877 4589 Θεόδωρον
2899 4517 2957 4570 δὲ
2989 4491 3422 4586 ἀρχιεπίσκοπον
3448 4512 3539 4567 τὸν
3571 4512 3803 4582 λεγόμε-

2220 4631 2313 4670 νον
2345 4612 2607 4685 Κρίθινον
2632 4608 2692 4664 ὲν
2716 4607 2793 4678 τῷ
2819 4604 2998 4678 καιρῷ
3035 4604 3135 4674 τῆς
3167 4601 3421 4671 διαϐολῆς
3468 4599 3706 4664 Ἀλεξίου
3744 4599 3801 4651 ἐν

2218 4709 2287 4779 τῇ
2321 4706 2475 4759 πόλει
2507 4703 2638 4758 ὄντα
2672 4698 3218 4774 προσκαλεσάμενος,
3268 4696 3364 4751 καὶ
3403 4694 3527 4758 δοὺς
3577 4693 3639 4746 τὸ
3672 4690 3802 4745 ίδιον

2220 4800 2494 4871 φυλακτδν
2522 4794 2840 4850 ἀπέστειλεν
2874 4795 2954 4856 είς
2986 4790 3239 4845 Σικελίαν
3259 4788 3440 4842 δοῦναι
3459 4787 3620 4855 λόγον
3656 4785 3799 4838 ἀπα-

2224 4888 2374 4950 θείας
2412 4884 2658 4954 Ἀλεξίῳ,
2720 4884 2817 4937 καὶ
2848 4883 3080 4951 ἀγαγεῖν
3107 4881 3245 4952 πρὸς
3270 4877 3456 4933 αὐτόν.
3500 4879 3558 4931 ὐ
3595 4876 3654 4932 δὲ
3692 4877 3797 4929 ἀπο

2222 4978 2418 5042 ελθὼν,
2450 4977 2546 5031 καὶ⁹
2568 4979 2633 5048 τῇ
2660 4973 2940 5046 προσούσῃ
2971 4972 3121 5043 αὐτῷ
3162 4973 3377 5025 συνέσει
3410 4969 3603 5032 πείσας
3646 4965 3797 5020 Ἀλέ-

2223 5072 2337 5140 ξιον
2374 5072 2581 5141 ἤγαγεν
2627 5069 2768 5139 πρὸς
2805 5066 2899 5121 τὸν
2952 5064 3199 5136 βασιλέα,
3244 5062 3303 5117 δν
3357 5063 3386 5116 6
3439 5059 3693 5133 βασιλεὺς
3720 5057 3798 5122 ὡς

531 5161 623 5209 tor
646 5152 798 5208 velut
842 5152 1100 5209 rebellem
1162 5152 1482 5209 verberibus
1540 5166 1831 5227 exceptum
1872 5162 2022 5217 misit
2059 5165 2117 5219 in

2230 5167 2497 5239 ὶντάρτην
2526 5164 2726 5233 τύψας,
2775 5161 2932 5215 ἔθετο
2980 5163 3038 5214 ὲν
3081 5157 3465 5231 δεσμωτηρίῳ,
3516 5153 3794 5227 δημεύσας

529 5244 900 5315 ergastulum,
941 5252 996 5302 et
1051 5259 1243 5301 omnes
1320 5245 1439 5316 ejus
1526 5246 1818 5307 facultates
1890 5254 2109 5323 publico

2230 5258 2388 5315 αὐτοῦ
2419 5259 2603 5311 πᾶσαν
2624 5257 2725 5328 τὴν
2748 5253 3086 5323 περιουσίαν.
3109 5252 3221 5306 Καὶ
3242 5249 3337 5306 τοῦ
3366 5247 3632 5321 βασιλέως
3652 5244 3793 5302 κατά

1690 5361 1946 5423 FRANC.
1976 5368 2366 5427 COMBEFlSll
2400 5368 2637 5426 NOTAE.
3826 5386 3839 5450 Ξ

715 5486 939 5560 gesnnt
963 5483 1252 5560 nonnulla.
1286 5551 1307 5560 _
1761 5555 1772 5560 _

2230 5505 2443 5560 γιστρον
2484 5488 2579 5542 καὶ
2618 5486 3003 5560 Καίσαραητδ
3027 5484 3255 5556 ἔσχατον
3284 5483 3639 5560 ἀνηγόρευσε·
3675 5481 3786 5538 Ρα-

628 5550 685 5630 _8)
726 5551 897 5630 Paulo
926 5554 1040 5606 lure
1087 5554 1253 5630 latius
1274 5551 1396 5630 loco
1431 5567 1596 5630 quam
1625 5555 1982 5630 continuator
2014 5564 2108 5630 aut
2227 5550 2373 5613 irict’i
2405 5577 2468 5614 ac
2495 5550 2832 5630 proconsulis
2857 5550 3124 5630 dignitate
3159 5550 3415 5630 ornauit,
3439 5550 3536 5622 pro
3580 5556 3787 5625 impen-

533 5617 845 5700 Cedt‘.,'_qui
871 5630 1051 5700 tamen
1064 5624 1199 5700 ‘alia‘
1222 5624 1428 5677 addunt
1449 5617 1596 5700 'scitu
1628 5625 1808 5700 digna
1838 5640 1855 5700 ς
1888 5627 1966 5700 Ἱίῇ
1997 5629 2110 5700 τῶν
2215 5631 2347 5685 cieri
2378 5630 2471 5683 illo
2495 5617 2691 5684 ἀιτιοι-δ
2716 5644 2819 5700 quo
2845 5617 3015 5700 ﬁliam
3038 5617 3450 5700 prosequebatur
3473 5641 3493 5681 :
3529 5617 3787 5683 tum-ure

534 5692 842 5769 πατρικίων
864 5693 964 5769 καὶ
990 5691 1319 5769 ἀνθυπάτων
1332 5695 1581 5769 ’τιμήσας
1616 5691 1745 5769 ἀςίᾲ
1776 5694 1864 5747 διὰ
1892 5691 2107 5769 τδπρδς

2233 5701 2555 5769 nagiurum,
2598 5716 2662 5754 ac
2693 5691 2905 5754 demum
2932 5691 3212 5754 Creaarem'
3234 5698 3451 5753 creavit.

535 5760 634 5828 τήν
658 5759 952 5829 θυγατέρα
983 5762 1175 5815 τούτου
1201 5759 1605 5832 ,φιλόστοργον
1663 5759 1854 5817 ἔπειτα
1903 5767 1960 5821 δὲ
2000 5759 2104 5838 μά-
