4100 6422
369 343 511 410 1049

1679 356 2354 422 CHRONOGRAPHIA.

3489 371 3632 437 1050

364 463 428 516 τὸ
482 459 603 525 Ιθος
645 460 726 526 τις
755 461 1068 536 Βλαχέρνας
1100 463 1450 529 ἀπελθόντος,
1490 467 1778 538 προλαϐὼν
1810 470 1942 542 ἔστη

2075 474 2278 531 ιιιειὶιίι.
2311 477 2703 548 Imperatorem
2734 481 2932 537 deinde
2981 483 3047 538 ad
3078 482 3407 540 Blachernas
3441 487 3631 557 prote-

367 552 679 627 ιμπροσθεν
708 554 803 608 τοῦ
833 554 1220 629 θυσιαστηρίου
1249 561 1276 612 6
1310 560 1743 631 ἁρχιεπίσκοπος
1791 565 1945 634 ἱερα-

365 647 527 718 τικὴν
576 647 769 719 στολὴν
809 650 1208 719 ἠμφιεσμένος,
1269 653 1364 706 καὶ
1423 653 1517 706 τοῦ
1573 653 1839 722 βασιλέως
1881 659 1948 726 τῇ

367 738 552 810 σωλέᾳ
584 737 988 810 πλησιάσαντος
1017 740 1134 812 ἅμα
1156 743 1264 794 τῶν
1295 745 1393 814 τῆς
1431 746 1761 817 συγκλήτου,
1790 751 1942 818 φωνῇ

369 831 588 904 μεγάλῃ
635 832 918 902 ἐφώνησεν
971 837 998 886 ὁ
1047 835 1515 905 ἀρχιεπίσκοπος·
1552 839 1794 892 ’Έντεινε
1853 838 1953 891 καὶ

364 923 681 990 κατευοδοῦ,
710 926 805 978 καὶ
836 925 1107 996 βασίλευε.
1143 927 1374 982 Ἕνεκεν
1400 930 1546 996 τίνος
1566 973 1581 996 ,
1613 925 1657 984 ὦ
1691 931 1949 1002 βασιλεῦ;

365 1016 659 1079 Αἰδεσθεὶς
722 1013 817 1070 οὖν
876 1019 903 1070 6
959 1017 1216 1088 βασιλεὺς
1245 1024 1314 1092 τῇ
1347 1023 1637 1093 συγκλήτῳ
1671 1022 1751 1093 (9)
1802 1023 1906 1094 ἔφη
1937 1040 1952 1055 ο

370 1109 599 1160 Ἕνεκεν
630 1108 890 1178 ἀληθείας
925 1110 1019 1162 καὶ
1069 1111 1378 1181 πραότητος
1431 1114 1525 1167 καὶ
1577 1113 1953 1184 δικαιοσύνης.

379 1199 440 1252 Ὀ
466 1199 541 1252 δέ·
577 1201 684 1252 Καὶ
716 1199 846 1253 ποία
889 1201 1207 1273 δικαιοσύνη
1241 1204 1297 1255 ἐν
1331 1203 1448 1270 σοί;
1481 1206 1564 1258 ὅτι
1599 1205 1723 1268 δοὺς
1763 1205 1958 1258 ἐνυπό-

367 1308 583 1360 γράφον
616 1290 774 1360 λόγον
819 1293 1038 1363 Ἀλεξίῳ
1062 1293 1128 1346 δι’
1154 1295 1287 1364 ἐμοῦ
1313 1295 1412 1347 οὐκ
1441 1294 1714 1363 ἐφύλαξας
1745 1295 1954 1348 τοῦτον.

378 1389 441 1439 Ὀ
497 1387 554 1440 δὲ
603 1387 878 1457 βασιλεὺς,
911 1389 988 1452 ὡς
1021 1389 1330 1459 ἐλεγχθεὶς,
1384 1391 1543 1462 θυμῷ
1587 1409 1648 1444 τε
1679 1392 1774 1445 καὶ
1817 1391 1955 1463 ὀργῇ

365 1477 736 1548 ἀκατασχέτῳ
799 1479 1086 1548 κινηθεὶς,
1147 1479 1340 1534 τοῦτον
1409 1480 1505 1535 τοῦ
1562 1481 1956 1552 θυσιαστηρίου

368 1570 568 1640 βιαίως
601 1571 898 1641 ἐξήγαγεν,
927 1572 1024 1625 καὶ
1055 1572 1270 1643 πληγὰς
1307 1574 1457 1644 αὐτῷ
1481 1575 1541 1627 οὐ
1573 1575 1801 1646 μετρίας
1840 1577 1960 1628 ὲπι-

378 1665 522 1731 θεὶς,
549 1663 812 1736 ἐξώρισεν
831 1682 845 1695 °
871 1666 932 1718 ού
955 1666 1044 1719 διὰ
1066 1667 1127 1719 τὸ
1161 1667 1488 1738 ἐλεγχθῆναι
1511 1668 1615 1720 ὑπὸ
1635 1669 1828 1722 τούτου
1857 1669 1956 1739 μό-

366 1772 485 1820 νον,
507 1756 646 1810 ἀλλὰ
669 1756 759 1810 διὰ
779 1757 839 1810 τὸ
870 1759 1212 1830 καταμαθεῖν
1231 1761 1393 1813 αὑτὸν
1418 1761 1518 1824 τὰς
1548 1761 1712 1828 ἁγίας
1741 1762 1958 1825 εἰκόνας

2053 581 2202 623 ctum
2262 570 2598 638 praeveniens
2624 573 3068 644 archiepiscopus
3097 577 3422 632 sacerdotali
3487 584 3638 632 veste

2053 661 2278 717 indutus
2327 663 2482 717 stetit
2525 679 2709 719 coram
2743 666 2945 721 altari:
2975 678 3028 722 et
3089 669 3407 738 imperatori
3437 668 3502 722 ad
3550 683 3640 722 so-

2055 756 2193 812 leam
2229 757 2340 826 jam
2371 759 2649 814 accedenti
2671 769 2726 815 et
2763 761 2944 815 vicino
2989 777 3096 816 una
3150 777 3273 816 cum
3298 762 3430 816 viris
3475 777 3641 816 sena-

2057 850 2177 903 torii
2204 851 2436 917 ordinis,
2469 852 2610 906 elata
2639 868 2774 908 voce
2789 855 3235 924 archiepiscopus
3253 855 3585 908 exclamavit
3623 871 3637 907 :

2056 937 2299 1004 Intende,
2335 954 2598 1008 prospere
2624 942 2882 1010 procede,
2908 953 2962 997 et
3005 958 3192 1015 regna.
3219 943 3392 1012 Cujus
3440 944 3639 1013 gratia,

2055 1047 2088 1084 ο
2121 1032 2412 1101 imperator
2437 1034 2459 1086 ’ἒ
2491 1031 2826 1089 Vcrecundia
2856 1036 3100 1091 suffusus
3148 1037 3450 1106 imperator
3478 1052 3640 1090 senae

2060 1127 2136 1181 tui
2169 1128 2307 1180 dixit
2333 1145 2346 1180 :
2377 1126 2659 1193 Veritatis,
2703 1132 3142 1186 mansuetudinis
3164 1141 3218 1186 et
3246 1133 3479 1200 justitim
3519 1146 3643 1201 gra-

2058 1218 2154 1272 tia.
2199 1218 2336 1272 Tum
2366 1218 2455 1272 ille
2495 1218 2804 1284 :Quarnam
2838 1223 3054 1290 justitia
3111 1231 3201 1276 tua
3248 1232 3351 1290 est,
3394 1224 3487 1292 ‘qui
3522 1239 3648 1276 ver~

2061 1308 2189 1363 bum
2227 1309 2632 1380 subscriptione
2675 1320 2768 1366 tua
2818 1314 3127 1378 ﬁrmatum,
3163 1315 3356 1370 Alexio
3414 1333 3514 1387 per
3555 1332 3646 1372 me

2061 1402 2285 1468 misissi,
2325 1417 2426 1457 nec
2448 1412 2631 1458 tamen
2671 1404 3021 1460 observasti?
3050 1407 3370 1476 Imperator.
3413 1411 3491 1463 ira
3532 1425 3647 1464 mo-

2061 1494 2189 1548 dum
2221 1493 2499 1548 nesciente
2525 1503 2857 1560 commotus,
2885 1497 3155 1552 violenter
3203 1498 3349 1554 httnc
3381 1500 3647 1554 altaribus

2062 1585 2322 1653 abripuit,
2357 1587 2788 1656 verberibusque
2825 1603 2932 1642 non
2991 1591 3183 1658 paucis
3213 1592 3560 1660 vapulantem
3593 1592 3647 1645 in

2063 1674 2315 1729 exsilium
2347 1675 2576 1743 expulit,
2613 1691 2720 1729 non
2772 1678 2952 1731 solum
2989 1679 3116 1748 quia
3164 1693 3452 1751 correptus
3507 1693 3652 1737 esset

2065 1767 2134 1821 ab
2173 1768 2285 1834 illo,
2323 1768 2418 1822 sed
2473 1768 2602 1836 quia
2633 1769 2918 1824 didicisset
2951 1787 3075 1825 eum
3137 1789 3326 1828 sacras
3381 1775 3650 1844 imagines

364 1848 562 1919 τιμᾷν,
599 1848 695 1901 καὶ
730 1849 1011 1916 σέϐεσθαι,
1038 1852 1130 1905 καὶ
1158 1851 1256 1923 τὴν
1280 1851 1445 1905 αὐτοῦ
1475 1853 1800 1906 δυσσέϐειαν
1822 1870 1959 1924 κρυ-

2075 1859 2310 1912 venerari
2345 1869 2398 1913 et
2445 1859 2645 1925 colere,
2675 1868 2729 1914 et
2761 1862 3052 1936 prepriam’
3096 1863 3430 1932 impietatem
3471 1865 3538 1920 ab
3585 1881 3651 1920 co

369 1940 552 2009 φαίως
578 1941 915 1998 διαϐάλλειν.
969 1944 1105 1998 Μετ’
1163 1945 1223 1998 ού
1277 1946 1412 1998 πολὺ
1445 1945 1502 1999 δὲ
1541 1947 1598 1999 ἐν
1632 1949 1698 2017 τῇ
1728 1947 1960 2018 Μεγάλῃ

381 2031 687 2104 Ἐκκλησία
723 2035 1195 2106 παραγενομένου,
1213 2037 1306 2090 καὶ
1323 2036 1417 2088 τοῦ
1437 2038 1780 2108 πατριάρχου
1798 2038 1960 2091 αὐτὸν

368 2127 744 2191 ὀνειδίσαντος
775 2127 866 2182 διὰ
893 2129 982 2182 τὸν
1010 2129 1334 2194 ἐπίσκοπον,
1371 2129 1581 2198 ἤγαγεν
1611 2125 1772 2192 αὖθις
1798 2129 1961 2182 αὑτὸν

377 2221 517 2290 μετὰ
547 2221 952 2292 παρακλήσεως
981 2221 1092 2292 (10)
1117 2237 1129 2250 ·
1168 2221 1261 2274 τοῦ
1306 2222 1364 2274 δὲ
1407 2221 1626 2288 ἀνάξιον
1659 2221 1824 2274 αὑτὸν
1861 2221 1964 2291 τῆς

380 2311 686 2384 ἱερωσύνης
718 2312 1004 2383 κρίναντος
1030 2313 1096 2365 δι’
1124 2313 1160 2367 ἃ.
1196 2312 1488 2379 πέπονθεν,
1521 2313 1550 2364 6
1591 2311 1846 2382 βασιλεὺς
1883 2312 1966 2364 οξ-

379 2407 609 2473 κονόμον
641 2403 743 2473 τῆς
794 2404 1055 2474 Μεγάλης
1104 2405 1436 2476 Ἐκκλησίας
1490 2403 1820 2474 πεποίηκεν,
1865 2402 1962 2456 καὶ

375 2493 472 2546 τὸν
509 2492 752 2559 Ἀλέξιον
807 2494 902 2546 τοῦ
952 2494 1330 2566 δεσμωτηρίου
1377 2494 1679 2564 πεποίηκεν
1727 2492 1966 2559 ἐξελθεῖν

370 2585 737 2650 ἀποδεδωκὼς
766 2585 917 2657 αὑτῷ
945 2586 1126 2639 πᾶσαν
1156 2585 1321 2641 αὑτοῦ
1348 2585 1448 2655 τὴν
1477 2585 1801 2651 ὑπόστασιν,
1825 2585 1966 2656 ἔχων

370 2677 542 2731 αὑτὸν
566 2679 622 2731 ἐν
649 2679 808 2748 τιμῇ.

443 2762 556 2822 Ἦν
584 2770 639 2822 δὲ
657 2771 916 2842 Μάνουὴλ
961 2771 1396 2841 ὀνομαστότατος
1439 2773 1786 2849 στρατιώτης
1818 2773 1956 2828 πάν-

370 2878 489 2914 των
530 2860 638 2913 τῶν
688 2863 744 2932 ἐν
797 2863 864 2934 τῇ
902 2861 1165 2934 Ἀνατολῇ
1207 2865 1537 2934 τιμωμένων
1572 2866 1726 2936 παρὰ
1750 2865 1846 2919 τοῦ
1877 2859 2005 2935 βα·’

374 2953 595 3018 σιλέως.
657 2947 833 3018 Οὗτος
882 2954 1112 3026 Μύρωνι
1157 2954 1453 3025 συμϐαλὼν
1489 2956 1683 3026 λόγους
1710 2956 1864 3020 τινάς
1891 2958 1972 3010 λο-

377 3046 585 3117 γοθέτῃ
617 3063 676 3100 τε
705 3046 818 3100 δντι
848 3045 942 3099 τοῦ
975 3046 1176 3117 δρόμου
1195 3048 1290 3100 καὶ
1320 3047 1569 3118 πενθερῷ
1593 3048 1686 3102 τοῦ
1712 3049 1972 3120 Πετρωνᾶ

2062 1952 2200 2006 clam
2257 1952 2637 2007 condemnari.
2679 1951 2797 2006 Non
2847 1954 3023 2007 multo
3088 1966 3208 2024 post
3267 1957 3334 2010 ad
3396 1957 3648 2026 Magnam

2063 2044 2350 2098 ecclesiam
2407 2043 2687 2098 accedenti
2741 2045 3067 2100 intentatum
3101 2046 3314 2104 facinus
3347 2050 3400 2103 in
3435 2051 3650 2120 episco-

2064 2151 2193 2204 pum
2247 2135 2558 2203 patriarcha
2604 2135 2992 2204 exprobrante,
3035 2137 3124 2192 ille
3165 2153 3389 2206 precum
3443 2140 3653 2195 instan-

2067 2229 2196 2282 tiam
2222 2228 2492 2281 reveritus
2528 2227 2721 2280 exsilio
2754 2229 3071 2284 revocavit:
3107 2245 3171 2285 eo
3191 2245 3320 2285 vero
3351 2233 3659 2288 sacerdotio

2068 2317 2352 2387 indignum
2381 2316 2762 2385 sejudicante,
2792 2328 3014 2387 propter
3039 2334 3100 2374 ea
3137 2336 3261 2390 quae
3309 2337 3504 2391 passus
3550 2333 3656 2386 est,

2068 2409 2368 2478 imperator
2431 2423 2782 2463 meonomum
2837 2408 3048 2477 Magnae
3100 2413 3346 2468 ecclesiae
3397 2414 3657 2479 instituit,

2067 2509 2122 2555 et
2152 2501 2400 2555 Alexium
2435 2501 2715 2570 ergastulo
2740 2502 2962 2556 liberari
2992 2503 3214 2572 jussum
3263 2521 3455 2561 rursus
3495 2521 3658 2560 exce-

2068 2592 2168 2662 pit,
2202 2590 2666 2662 facultatibusque
2717 2592 2988 2648 restitutis
3031 2595 3308 2660 omnibus,
3344 2597 3397 2649 in
3451 2596 3660 2652 honore

2071 2685 2287 2740 habuit.
3151 2675 3155 2677 ’

2142 2777 2274 2832 Erat
2296 2786 2476 2832 autem
2502 2777 2720 2834 Manuel
2747 2779 2901 2834 miles
2919 2779 3193 2844 omnium,
3227 2781 3318 2847 qui
3346 2781 3399 2834 in
3434 2780 3660 2835 Oriente

2072 2871 2141 2926 ab
2170 2871 2500 2942 imperatore
2531 2871 2586 2926 in
2633 2873 2808 2940 pretio
2870 2873 3215 2927 habebantur
3275 2873 3658 2928 nominatissio

2072 2978 2217 3018 mus.
2273 2961 2394 3032 Ipse
2427 2963 2723 3032 aliquando
2752 2977 2877 3019 cum
2916 2965 3167 3034 Myrone,
3217 2975 3414 3020 cursus
3449 2964 3661 3034 publici

2075 3053 2349 3124 Iogotheta
2378 3063 2434 3107 et
2463 3052 2710 3108 Petrona:
2731 3068 2946 3117 socero,
2974 3054 3304 3119 collocutus,
3336 3055 3512 3124 ipsius
3548 3055 3658 3126 My-

380 3137 648 3208 διεϐλήθη
674 3138 752 3210 τῷ
773 3138 1241 3210 βασιλεῖὺποϐολῇ
1273 3138 1368 3192 τοῦ
1415 3139 1704 3210 Μύρωνος,
1763 3141 1839 3200 ὼς
1871 3141 1971 3209 τῆς

2080 3144 2232 3200 ronis
2279 3143 2634 3214 suggestione
2684 3144 2829 3213 apud
2887 3144 3278 3214 imperatorem
3329 3145 3662 3200 calumniam

379 3229 670 3299 βασιλείας
693 3228 973 3299 ὀρέγεται,
1013 3229 1107 3281 καὶ
1137 3229 1434 3299 ἐμελετᾶτο
1476 3228 1664 3291 δεινῶς
1713 3228 1837 3282 κατ’
1877 3229 1976 3283 αὑ-

383 3323 508 3377 τοῦ.
555 3322 706 3375 Λέων
763 3321 819 3375 δὲ
863 3323 892 3374 ό
944 3321 1446 3393 πρωτοϐεστιάριος
1502 3321 1644 3392 ὑπὲρ
1715 3321 1978 3392 Μανουὴλ

389 3415 824 3486 προϊστάμενος,
862 3415 957 3468 καὶ
986 3413 1289 3484 φροντίζων
1321 3413 1696 3466 διεϐεϐαιοῦτο
1720 3413 1797 3484 τῷ
1823 3413 1977 3484 βασιο

382 3509 492 3572 λεί,
515 3508 589 3570 ὡς
608 3508 779 3577 ψευδῆ
817 3509 926 3561 είσι
956 3507 1024 3561 τὰ
1049 3509 1168 3562 κατ’
1198 3509 1365 3561 αὑτοῦ
1407 3508 1702 3577 λεγόμενα,
1737 3505 1978 3577 ἃμαθὼν

385 3597 674 3669 Μανουὴλ,
706 3599 803 3653 καὶ
831 3598 927 3668 τὴν
958 3598 1126 3668 ὀργὴν
1156 3598 1250 3651 τοῦ
1291 3597 1576 3668 βασιλέως,
1599 3596 1694 3650 καὶ
1724 3597 1823 3660 τὰς
1855 3597 1975 3650 δ.α-

384 3692 557 3756 6ολὰς
589 3692 886 3754 ἐκκλίνων,
919 3691 1095 3762 λάθρα
1124 3694 1225 3762 τῆς
1258 3691 1467 3755 πόλεως
1512 3690 1750 3755 ἐξελθὼν
1814 3689 1983 3760 μέχρι

386 3782 600 3846 πυλῶν,
627 3783 722 3835 καὶ
742 3783 856 3844 τοῖς
879 3780 1161 3850 δημοσίοις
1187 3780 1461 3850 ὀχήμασιν
1491 3779 1709 3846 ἐπιϐὰς,
1732 3779 1982 3848 ἀπῆλθεν

387 3875 572 3948 φυγάς
613 3873 900 3944 μέχριτῶν
931 3872 1264 3943 κλεισουρῶν
1293 3872 1520 3944 Συρίας,
1546 3873 1642 3935 τὰς
1659 3873 1766 3926 τῶν
1791 3872 1980 3925 ἵππων

390 3966 590 4038 ἰγνύας
648 3965 935 4018 ἐκκόπτων
968 3981 982 3995 ⁸
1069 3964 1309 4035 ἐδήλωσέ
1363 3981 1424 4018 τε
1473 3967 1587 4027 τοῖς
1661 3964 1985 4035 Ἀγαρηνοῖς

388 4059 608 4113 ταῦτα’
662 4057 770 4109 Τοῦ
813 4054 1078 4126 βασιλέως
1114 4055 1284 4126 ὀργὴν
1345 4054 1623 4125 ἐκφεύγω,
1675 4056 1772 4108 καλ⁸
1807 4055 1855 4107 εί
1911 4053 1985 4126 μὴ

391 4151 859 4218 ιιαταναγκάσετε
917 4147 1019 4216 τὴν
1081 4147 1322 4217 ἐμαυτοῦ
1375 4147 1560 4201 πίστιν
1617 4148 1984 4214 καταλιπεῖν,

394 4245 740 4316 προσφεύγω
773 4244 924 4312 ὑμῖν.
962 4243 1025 4296 El
1056 4241 1151 4295 οὖν
1171 4241 1317 4295 οὓτω
1347 4241 1716 4314 προσδέχεσθέ
1771 4259 1862 4311 με,
1891 4241 1985 4294 λό-

392 4356 494 4407 γον
516 4336 787 4400 ἀπαθείας
824 4353 914 4407 μοι
947 4335 1337 4390 ἁποστείλατε.
1364 4337 1428 4388 Οἱ
1461 4337 1517 4388 δὲ
1554 4335 1714 4388 τοῦτο
1742 4335 1989 4405 μεγάλην

393 4432 564 4505 χάριν
601 4430 909 4500 δεξάμενοι,
937 4428 1096 4496 λόγον
1115 4427 1556 4493 ἀποστείλαντες,
1591 4427 1988 4499 προσεδέξαντο

2079 3249 2276 3305 passus
2301 3242 2404 3298 est,
2433 3233 2582 3288 velut
2607 3232 2888 3288 alI‘ectaret
2931 3234 3246 3305 imperium,
3294 3245 3350 3290 et
3399 3238 3668 3292 adversus

2077 3342 2202 3381 eum
2240 3325 2447 3395 aliquid
2498 3326 2876 3380 meditaretur.
2928 3329 2987 3380 In
3037 3328 3330 3382 adversum
3396 3328 3667 3384 Manuelis

2077 3417 2334 3474 defensor
2374 3418 2564 3473 aderat
2610 3417 2722 3473 Leo
2775 3421 3250 3489 protovestiarius,
3307 3421 3485 3490 deque
3533 3422 3660 3492 ejus

2080 3512 2259 3566 salute
2322 3510 2598 3565 sollicitus
2651 3511 2965 3579 imperatori
3018 3512 3324 3566 aﬂirmahat
3366 3511 3502 3566 falsa
3546 3526 3668 3580 qua:

2081 3604 2183 3674 ipsi
2212 3604 2605 3674 objicerentur.
2647 3603 2855 3668 Quibus
2884 3604 3175 3672 perceptis,
3227 3604 3442 3658 Manuel
3494 3603 3669 3672 impe-

2081 3697 2285 3752 ratoris
2337 3697 2476 3750 iram
2530 3705 2585 3751 et
2637 3693 2936 3750 intentatas
2995 3696 3280 3751 declinans
3341 3695 3669 3757 calumnias,

2082 3789 2223 3842 clam
2256 3787 2411 3843 urbis
2440 3788 2616 3857 portis
2660 3787 2922 3855 excessit,
2986 3795 3043 3842 et
3106 3788 3365 3843 curribus
3430 3786 3672 3857 publicis

2083 3875 2247 3949 452
2268 3876 2608 3942 conscensis,
2629 3878 2696 3932 ad
2723 3877 2988 3934 Clusuras
3007 3893 3182 3949 usque
3207 3878 3379 3950 Syriae
3411 3877 3675 3946 fugitivus

2084 3969 2257 4034 abiit;
2289 3967 2380 4022 ubi
2419 3968 2619 4023 excisis
2646 3983 2917 4038 equorum
2953 3970 3249 4039 peplitibus
3269 4010 3284 4036 ,
3315 3970 3432 4024 haec
3459 3971 3666 4040 Agave-

2087 4060 2174 4115 nis
2205 4058 2576 4116 manifestavit
2611 4077 2625 4114 :
2679 4059 2821 4115 Iram
2868 4061 3216 4130 imperatoris
3250 4062 3466 4116 declino
3497 4081 3509 4114 :
3537 4069 3592 4115 et
3622 4059 3672 4115 si

2090 4168 2202 4208 non
2234 4153 2530 4222 coegeritis
2556 4167 2733 4206 meam
2769 4168 2855 4206 tne
2885 4152 3142 4208 deserere
3168 4154 3351 4215 tidem,
3388 4153 3443 4204 in
3480 4159 3665 4219 partes

2089 4252 2302 4298 vestras
2332 4252 2591 4310 transeo;
2627 4243 2673 4297 si
2702 4243 2782 4298 sic
2816 4243 3094 4312 excipitis,
3132 4242 3445 4298 securitatis
3472 4240 3675 4294 indicia

2092 4335 2294 4389 mittite
2347 4333 2506 4388 mihi.
2571 4331 2677 4396 Illi,
2735 4333 2928 4387 nuntio
2993 4333 3252 4398 recreati,
3308 4331 3674 4386 immanitatis

2095 4427 2268 4480 misso
2295 4425 2502 4489 libello,
2542 4425 2692 4478 velut
2726 4423 3105 4479 Romanorum
3139 4426 3525 4494 imperatorem
3575 4423 3676 4478 ad-

393 4525 476 4586 ὠς
535 4523 762 4594 βασιλέα
815 4522 1124 4592 Ῥωμαίων.
1176 4523 1235 4576 '0
1284 4521 1341 4574 δὲ
1411 4519 1666 4590 βασιλεὺς
1727 4517 1971 4590 Μανουὴλ

2093 4519 2314 4573 misere.
2366 4517 2665 4586 Imperator
2693 4533 2847 4584 vero,
2896 4517 2961 4570 ad
3025 4519 3311 4588 Agarenos
3367 4515 3676 4571 Manuelem

396 4617 751 4688 προσρυέντα
785 4618 897 4678 τοῖς
940 4616 1264 4686 Ἀγαρηνοῖς
1298 4613 1508 4684 μαθὼν,
1535 4615 1591 4666 ἐν
1611 4613 1781 4685 πολλῇ
1805 4613 1982 4682 θλίψει

396 4709 498 4763 καὶ
542 4708 754 4778 ἀγωνία
813 4707 1081 4776 γέγονεν·
1147 4708 1242 4760 καὶ
1301 4706 1494 4777 βουλὴν
1547 4707 1784 4758 ἐποιεῖτο
1847 4707 1983 4776 μετὰ

411 4799 667 4853 Ἰωάννου
723 4799 1020 4868 συγκὲλλου
1055 4800 1187 4870 ’περὶ¹
1228 4798 1446 4851 τούτου.
1511 4797 1568 4850 '0
1598 4797 1654 4851 δὲ
1702 4794 1888 4852 εἶπεν
1920 4797 1985 4852 EE

405 4895 708 4966 προθύμως
765 4894 945 4963 βούλει
989 4894 1082 4946 τὸν
1132 4893 1393 4964 Μανουὴλ
1427 4892 1565 4964 πρὸς
1602 4893 1660 4946 σέ
1713 4893 1912 4958 ἐλθεῖν,
1943 4888 1988 4948 ὧ

407 4987 658 5058 βασιλεῦ,
679 4987 845 5050 αὐτὸς
872 4985 986 5054 ἐγὼ
1017 4972 1238 5055 ἕτοιμος
1293 4983 1454 5038 τοῦτο
1508 4985 1707 5049 ποιεῖν,
1737 4986 1992 5056 χρήματα

403 5077 605 5145 λαϐὼν,
633 5078 725 5132 καὶ
750 5079 888 5148 πρὸς
930 5076 1026 5131 τὸν
1072 5075 1402 5149 άμερυμνῆν
1447 5074 1688 5142 σταλεὶς,
1723 5075 1800 5139 ὡς
1828 5075 1991 5144 δῆθεν

2092 4611 2356 4668 defecisse
2389 4610 2635 4676 audiens,
2669 4611 2840 4665 multo
2873 4626 3110 4665 maerore
3135 4618 3190 4664 et
3219 4608 3388 4663 animi
3419 4608 3678 4679 angustia

2093 4711 2376 4773 correptus
2405 4710 2508 4766 est,
2539 4711 2741 4756 etcum
2767 4701 2976 4757 Joanne
3042 4701 3283 4773 syncello
3305 4702 3372 4756 de
3397 4701 3505 4756 hoc
3533 4712 3673 4755 con-

2095 4799 2405 4854 siliabatur.
2436 4796 2532 4851 Ille
2562 4811 2693 4850 vero
2723 4795 2861 4850 dixit
2887 4812 2900 4850 :
2935 4794 2990 4849 Si
3019 4810 3086 4850 ex
3116 4795 3306 4849 animo
3364 4793 3674 4849 Manuelem

2095 4892 2162 4948 ad
2196 4901 2248 4946 te
2273 4887 2482 4960 regredi
2512 4888 2687 4958 cupis,
2721 4887 2964 4957 acceptis
2990 4887 3262 4956 pecuniis,
3291 4885 3357 4940 ad
3391 4886 3683 4940 Amerum-

2095 5000 2221 5040 nem
2251 4983 2480 5048 missus,
2512 4980 2670 5051 quasi
2701 4980 2756 5034 in
2793 4994 3015 5034 carcere
3047 4980 3294 5033 detentos
3332 4975 3681 5040 visitaturus,

2094 5077 2378 5148 negotium
2407 5077 2514 5130 hoc
2544 5073 2818 5130 coniicere
2846 5081 3070 5144 paratus
3097 5086 3242 5138 sum,
3268 5078 3321 5124 et
3351 5067 3421 5123 ab
3450 5066 3686 5137 imperio

1567 5227 1818 5286 FRANC.
1847 5232 2241 5292 COMBEF’ISII
2282 5229 2526 5288 ΝΟΤᾸΕ.

479 5373 558 5447 (9)
583 5371 772 5447 Malim
822 5368 925 5447 τήν
953 5367 1274 5438 σύγκλητον.
1313 5365 1538 5422 Senatus
1569 5367 1859 5436 praesentia
1886 5386 1992 5441 pu-

408 5440 549 5501 dare,
577 5443 835 5513 suﬂ'usus,
872 5440 970 5494 ait.

480 5515 595 5587 (I0)
642 5509 814 5587 Illud,
869 5510 1008 5587 μετὰ
1058 5509 1486 5587 παρακλήσεως..
1507 5523 1774 5587 exponam
1843 5525 1986 5587 ego,

408 5579 778 5648 obsecrando;
809 5579 956 5635 velut
1008 5580 1219 5635 scilicet
1264 5594 1364 5648 pro
1415 5579 1613 5648 injuria
1640 5579 1983 5649 excusando,

409 5656 578 5726 cujus
603 5654 694 5708 ille
723 5650 986 5726 memoria
1008 5649 1503 5726 _Anoluerit_sede_m
1528 5649 1770 5726 recipere
1806 5665 1870 5726 ac
1900 5652 1985 5726 di-

411 5719 714 5796 gnitatem,
776 5721 1078 5796 Theophila
1149 5720 1365 5775 interim
1441 5719 1660 5788 Majoris
1696 5721 1987 5796 “ecclesia:

414 5789 693 5853 ἄτοποιηί
747 5789 981 5850 oﬂicittin
1050 5791 1362 5860 imponente
1411 5808 1422 5843 :
1479 5807 1599 5858 qum
1653 5789 1827 5845 othcia
1879 5809 1984 5848 non

2094 5371 2328 5445 minoris
2358 5377 2517 5445 erant
2566 5367 2796 5434 Grazcis,
2849 5381 3013 5445 quam
3049 5378 3264 5445 summa
3330 5359 3678 5445 ipsansaccr.

2094 5443 2243 5497 dotia
2277 5456 2341 5495 ac
2375 5443 2724 5510 episcopatus
2747 5429 2791 5506 ;’
2821 5429 2899 5491 ιιίὶ
2928 5436 3067 5513 fere
3089 5435 3294 5491 nostris
3341 5429 3687 5513 cardinalitia

2092 5513 2331 5583 dignitas
2378 5505 2852 5583 atqueipa‘rpura.
2919 5505 3239 5583 Glorientur
3293 5505 3459 5583 _enim_
3494 5505 3689 5583 etiam-

2093 5571 2226 5637 nuvm
2257 5571 2712 5653 clerici'Majoris
2732 5578 2990 5653 ecclesiae
3016 5575 3169 5653 velut
3186 5584 3254 5653 et
3293 5573 3394 5653 ipsi
3428 5571 3690 5653 de_latere

2095 5654 2182 5709 sui
2214 5652 2473 5707 antistitis
2499 5667 2513 5716 ;
2544 5641 2704 5720 q'uem
2732 5649 2853 5704 ideo
2877 5646 3124 5720 proxime
3146 5641 3399 5720 aﬂ‘ectari
3431 5641 3688 5709 debeant,

2098 5739 2159 5778 ac.
2192 5717 2619 5794 provincialibus
2647 5720 2780 5792 ipsis
2804 5717 3078 5789 episcopis
3115 5718 3330 5785 prwire.
