4100 6448
540 359 680 425 1055

1764 361 2044 424 LEONIS
2062 359 2573 422 GRAMMATICI

3673 361 3808 429 1056

539 473 750 528 invitus
780 472 828 527 ei
853 471 1160 543 adjunctus
1190 482 1298 540 est,
1322 481 1376 528 et
1404 473 1492 528 vix
1523 472 1649 530 inde
1675 483 1919 544 ereptus,
1946 475 2119 547 Dory-

2236 475 2530 542 ῑιασωθεὶς,
2601 474 2863 530 κάκεῖθεν
2925 473 3257 548 ὑπεστράφη
3311 475 3368 529 ἐν
3415 476 3490 547 τῷ
3534 477 3814 553 Δορυλαίῳ

538 567 698 622 linum
730 581 852 622 cum
884 566 1093 637 pudore
1119 575 1172 621 et
1202 567 1534 622 detrimento
1558 581 1617 622 se
1647 569 1873 638 recepit.
1906 569 2122 626 Manuel

539 675 670 714 vero
724 661 779 714 in
828 659 947 712 acie
991 659 1334 724 vulneratus,
1362 668 1418 714 et
1443 659 1610 732 454
1639 661 1964 731 aegritudine
1999 679 2124 719 cor-

539 763 747 824 reptus,
789 753 1066 824 praeclaris
1115 751 1463 807 facinoribus
1520 752 1575 806 in
1631 751 1917 823 Agarenos
1958 755 2122 812 editis

538 855 793 902 mortuus
827 854 929 900 est.
958 845 1173 914 Corpus
1203 845 1323 914 ejus
1353 853 1701 913 asportatum
1737 846 1790 900 in
1844 857 2125 904 monaste-

538 939 622 993 rio
648 938 716 992 ab
744 954 809 992 eo
838 945 1179 1002 constructo,
1215 935 1304 990 cui
1340 935 1611 991 Manuelis
1643 934 1850 991 factum
1892 954 2122 1004 nomen,

535 1031 768 1100 Asparis
792 1019 1048 1084 ciSternaa
1097 1027 1304 1091 vicino,
1356 1027 1670 1097 depositum
1702 1038 1784 1084 est
1809 1045 1824 1096 ;
1854 1039 1907 1085 et
1931 1047 2123 1088 rursus

535 1119 718 1176 Persae
751 1121 1031 1176 auxiliarii
1088 1120 1234 1190 apud
1297 1121 1686 1190 imperatorem
1733 1125 2000 1179 accusati.
2046 1124 2124 1180 Eo

535 1224 781 1284 tempore
815 1213 960 1268 (ilius
1005 1213 1327 1282 imperatori
1375 1228 1442 1268 ex
1470 1211 1762 1270 Theodora
1807 1228 2122 1287 susceptus,

533 1322 699 1378 quem
727 1307 946 1362 vocavit
974 1305 1321 1361 Michaelem.
1376 1305 1702 1377 Imperatori
1733 1323 1863 1363 vero
1899 1309 1967 1363 ad
2003 1308 2126 1364 Bla-

535 1401 772 1456 cbernas
796 1400 1043 1470 profecto
1061 1402 1307 1456 occurrit
1329 1416 1438 1454 non
1463 1415 1648 1468 nemo,
1676 1401 1769 1472 qui
1791 1401 1863 1454 ait
1891 1420 1905 1456 :
1938 1401 2124 1473 Equus

537 1493 627 1548 cui
662 1494 955 1563 imperium
995 1502 1150 1548 tuum
1195 1493 1399 1549 insidet
1447 1511 1605 1550 meus
1637 1504 1742 1551 est.
1791 1495 1946 1566 Equo
1992 1507 2125 1555 tunc

536 1584 852 1651 exsiliente,
896 1593 951 1639 et
996 1584 1354 1654 imperatoris
1410 1601 1580 1642 manu
1629 1587 1875 1656 detento,
1920 1591 2124 1646 stabuli

538 1678 794 1733 comitem
832 1679 1191 1748 interrogavit
1215 1680 1518 1749 imperator
1551 1701 1563 1734 :
1595 1681 1770 1754 Cujus
1793 1694 1877 1740 est
1898 1688 2124 1756 equus?

538 1769 846 1840 Respondit
887 1789 900 1826 :
939 1768 1151 1842 Opsicii
1198 1787 1388 1828 comes
1413 1785 1522 1829 tuae
1553 1789 1677 1829 eum
1713 1777 1984 1847 majestati
2021 1781 2125 1834 mi-

537 1863 630 1920 sit.
655 1862 908 1933 Cumque
941 1863 1143 1934 Opsicii
1177 1879 1363 1921 comes
1396 1866 1451 1920 in
1490 1866 1629 1922 urbe
1663 1877 1794 1925 tunc
1823 1881 2032 1941 ageret,
2061 1887 2126 1928 eo

539 1958 594 2010 in
634 1957 940 2012 crastinum
989 1957 1247 2024 adducto,
1279 1974 1391 2014 una
1423 1974 1550 2014 cum
1578 1975 1644 2016 eo
1691 1962 1784 2031 qui
1825 1966 2129 2033 proceden-

539 2058 646 2102 tem
679 2063 804 2104 eum
839 2049 1327 2121 [interpellaverat,
1374 2051 1454 2104 ait
1506 2052 1814 2122 imperator
1856 2070 1871 2107 :
1923 2054 2126 2111 Verum

537 2143 822 2212 eloquere,
865 2142 1027 2214 cujus
1056 2151 1140 2199 est
1168 2143 1385 2214 equus?
1418 2143 1513 2200 Ille
1562 2147 1912 2216 respondens
1942 2149 2082 2204 dixit
2111 2168 2125 2205 :

539 2233 695 2288 Meus
723 2241 884 2290 erat:
917 2233 1249 2304 mittensque
1294 2233 1428 2299 dux,
1481 2234 1533 2289 vi
1581 2250 1732 2300 eum,
1788 2253 1968 2307 neque
1997 2239 2129 2294 dato

538 2324 743 2395 pretio,
769 2337 950 2394 neque
981 2323 1353 2379 aestimatione
1387 2323 1555 2390 facta,
1588 2326 1721 2380 mihi
1756 2327 1988 2396 eripuit.
2039 2329 2130 2384 In-

537 2416 843 2488 terrogavit
863 2416 1121 2473 comitem
1151 2416 1453 2486 imperator
1498 2435 1511 2471 :
1549 2415 1693 2471 Num
1720 2434 1808 2474 res
1832 2420 1908 2475 ita
1939 2435 1999 2476 se
2032 2423 2131 2476 ha-

538 2509 634 2564 bet
663 2509 927 2577 edissere,
971 2518 1025 2564 et
1056 2523 1231 2580 quare
1259 2523 1371 2565 non
1404 2509 1588 2565 soluto
1620 2513 1782 2581 pretii
1805 2528 1972 2584 equo,
2001 2530 2129 2570 eum

537 2602 610 2658 ad
635 2617 723 2657 me
744 2602 949 2659 misisti
970 2602 993 2655 ‘l
1016 2601 1328 2674 Respondit
1345 2602 1468 2658 ille:
1495 2601 1637 2670 Quia
1667 2606 1981 2662 scholarius
2010 2607 2130 2664 fleri

537 2695 831 2765 expetebat
857 2681 1004 2765 :‘ego
1033 2710 1166 2750 vero
1185 2711 1314 2750 num
1341 2711 1649 2767 generosus
1672 2696 1813 2753 foret
1844 2699 2126 2769 ignorans,

539 2787 881 2842 numismata
920 2796 1142 2842 centum
1177 2788 1428 2843 exhibui.
1457 2787 1550 2844 Ille
1580 2804 1710 2845 vero
1741 2806 1850 2846 non
1892 2793 2128 2862 accepit.

539 2877 624 2933 Re
650 2878 962 2934 examinata
1002 2888 1056 2934 et
1100 2880 1276 2949 probe
1303 2889 1565 2951 percepta
1594 2890 1655 2936 ut
1681 2898 1781 2953 per
1812 2884 1920 2939 vim
1965 2887 2132 2941 nimi-

539 2983 664 3022 rum
690 2983 870 3040 equns
903 2968 1120 3026 ablatus
1140 2969 1358 3034 fuisset,
1395 2971 1694 3041 imperator
1714 2973 1895 3044 dignis
1933 2976 2132 3032 verbe-

541 3059 697 3117 ribus
715 3063 918 3117 ducem
946 3062 1267 3118 emendavit
1299 3079 1314 3118 :
1353 3063 1565 3118 homini
1615 3079 1747 3120 vero
1785 3066 1854 3120 ad
1877 3082 1936 3122 se
1967 3083 2130 3124 acce-

2231 568 2348 637 μετ⁹
2382 567 2647 639 αἰσχύνης
2678 567 2774 621 καὶ
2812 569 2984 639 ἥττης
3009 567 3232 640 πολλῆς.
3272 569 3332 621 '0
3385 568 3442 622 δέ
3477 571 3732 640 Μανουὴλ
3754 575 3812 626 ὲν

2225 661 2304 732 τῷ
2348 663 2572 732 πολέμῳ
2625 661 2880 735 τρωθεὶς,
2912 663 3166 733 νοσήσας,
3229 660 3582 734 ἐτελεύτησεν
3616 665 3816 728 πολλάς
3899 705 3903 709 -

2225 753 2599 824 ἀνδραγαθίας
2656 753 2798 807 κατὰ
2850 753 2962 807 τῶν
3023 753 3349 826 ’Δγαρηνῶν
3409 757 3818 827 ἐνστησάμενος

2228 845 2656 918 [ἐνδειξάμενος]
2697 862 2710 876 ·
2761 848 2823 900 τὺ
2874 846 2932 900 δὲ
2995 845 3156 916 σῶμα
3212 845 3379 900 αὑτοῦ
3443 848 3819 919 ἀποκομισθὲν

2226 940 2382 1010 ἐτέθη
2418 943 2475 993 ἐν
2506 942 2570 1011 τῇ
2598 941 2691 993 ὑπ’
2717 939 2884 993 αὑτοῦ
2942 939 3228 1014 κτισθείσῃ
3281 942 3441 1010 μονῇ,
3466 944 3533 1012 τῇ
3579 943 3672 994 τοῦ
3702 943 3826 996 Μα-

2226 1032 2409 1102 νουὴλ,
2467 1031 2735 1101 σύνεγγυς
2786 1034 2851 1102 τῇ
2906 1032 3168 1104 κιστέρνῃ
3224 1032 3318 1086 τοῦ
3356 1033 3657 1103 Ἀσπαρος.
3704 1035 3824 1088 Καὶ

2226 1123 2391 1186 εὐθὺς
2415 1123 2666 1177 διαϐολαὶ
2694 1124 2834 1194 πρὸς
2859 1123 2952 1176 τὸν
2988 1122 3218 1192 βασιλέα
3249 1123 3393 1177 κατὰ
3419 1125 3810 1198 ΠερσῶνυἹ).

2227 1214 2361 1268 Τότε
2403 1214 2468 1285 δὴ
2503 1214 2716 1283 γίνεται
2749 1215 2830 1285 τῷ
2868 1213 3081 1284 βασιλεῖ
3132 1217 3263 1279 παῖς
3312 1217 3377 1269 ἐκ
3410 1216 3716 1288 Θεοδώρας,
3756 1219 3826 1272 ὃν

2225 1307 2590 1376 ἐπωνόμασεν
2641 1305 2888 1377 Μιχαήλ.
2941 1306 3352 1377 Ἀπερχόμενος
3413 1309 3526 1362 δὲό
3559 1309 3822 1378 βασιλεὺς

2226 1398 2286 1451 ἐν
2317 1397 2652 1469 Βλαχέρναις
2709 1398 3025 1469 ὑπήντησεν
3076 1397 3226 1469 αὐτῷ
3257 1415 3362 1465 τις,
3398 1401 3496 1453 καὶ
3522 1400 3691 1467 λέγει,
3733 1404 3826 1456 ὅτι

2228 1489 2425 1552 Ἵππος
2447 1482 2492 1556 ᾧ
2524 1490 2810 1559 ἐποχεῖται
2841 1487 2962 1560 (18)
2997 1488 3030 1559 ὴ
3063 1488 3314 1559 βασιλεία
3347 1506 3462 1555 σου,
3487 1491 3619 1562 ἐμός
3649 1493 3823 1548 ἐστιν.

2228 1580 2336 1634 Τοῦ
2364 1581 2421 1633 δὲ
2461 1579 2635 1634 ἵππου
2689 1580 3032 1651 σ-κιρτῶντος
3061 1580 3154 1632 καὶ
3178 1579 3276 1632 τοῦ
3327 1581 3600 1651 βασιλέως
3630 1582 3826 1637 τοῦτον

2229 1675 2620 1744 κατασχόντος,
2643 1673 2737 1727 τὸν
2768 1673 2986 1745 κόμητα
3017 1674 3252 1728 σταύλου
3285 1675 3648 1745 ἐπηρώτησεν
3671 1680 3700 1731 6
3723 1677 3826 1746 βα-

2229 1765 2409 1830 σιλεύς
2433 1782 2448 1796 ο
2481 1765 2638 1829 Τίνος
2668 1765 2818 1818 ἐστὶν
2853 1766 2881 1818 6
2919 1765 3126 1831 ῐππο;;
3157 1765 3215 1818 'U
3233 1765 3290 1819 δὲ
3334 1765 3438 1836 ἔφη
3459 1786 3473 1799 ·
3524 1767 3580 1820 '0
3638 1768 3826 1838 κόμης

2231 1858 2324 1912 τοῦ
2354 1857 2605 1928 Ὀψικίου
2637 1856 2961 1910 ἀπέστειλεν
2999 1857 3164 1912 αὑτὸν
3189 1860 3255 1929 τῇ
3291 1857 3543 1931 βασιλείᾳ
3571 1877 3686 1914 σου.
3713 1861 3824 1914 Τοῦ

2229 1951 2285 2004 δὲ
2307 1951 2547 2022 κόμητος
2577 1951 2673 2004 τοῦ
2701 1949 2948 2019 Ὀψικίου
2975 1951 3034 2002 ἐν
3057 1952 3123 2021 τῇ
3157 1950 3312 2003 πόλει
3345 1950 3520 2016 ὄντος,
3539 1954 3603 2022 τῇ
3633 1950 3826 2022 αῠριον

2229 2043 2454 2112 ἀγαγὼν
2532 2043 2698 2096 αὑτὸν
2739 2045 2767 2096 ό
2836 2043 3118 2113 βασιλεὺς,
3170 2043 3266 2098 καὶ
3301 2043 3393 2096 τὸν
3451 2043 3826 2115 προσελθόντα

2231 2136 2402 2207 αύτῷ,
2433 2135 2538 2207 ἔφη
2574 2154 2589 2170 ⁸
2615 2136 2753 2189 Εἰπὲ
2775 2137 2877 2206 τὴν
2934 2137 3198 2206 ἀλήθειαν
3232 2154 3245 2167 ·
3289 2137 3440 2200 τίνος
3494 2138 3642 2189 ἐστὶν
3669 2139 3697 2190 6
3732 2137 3824 2189 ἵπσ

2231 2249 2364 2296 πος;
2404 2231 2464 2284 Ὀ
2517 2231 2574 2283 δὲ
2619 2229 2946 2299 ἀποκριθεὶς
3013 2227 3199 2294 εἷπεν,
3257 2232 3340 2284 ὅτι
3383 2231 3548 2301 Ἐμὸς
3585 2227 3673 2302 ἦν,
3726 2232 3825 2285 καὶ

2231 2322 2564 2386 ἀποστείλας
2581 2324 2608 2376 6
2626 2323 2934 2393 στρατηγὸς
2949 2322 3193 2377 ἀνείλετο
3210 2323 3371 2376 αὐτὸν
3394 2323 3452 2389 ἐξ
3481 2323 3614 2392 ἐμοῦ
3632 2323 3824 2392 βιαίως

2233 2420 2372 2487 μήτε
2403 2415 2628 2486 τίμημά
2660 2433 2752 2484 μοι
2783 2417 2927 2480 δοὺς,
2963 2417 3102 2486 μήτε
3136 2415 3354 2487 ἀξίωμα
3401 2417 3652 2486 ποιήσας.
3684 2411 3823 2470 Birt:

2230 2508 2290 2562 δὲ
2323 2508 2460 2578 πρὸς
2484 2507 2576 2561 τὸν
2600 2508 2824 2579 κόμητα
2856 2509 2883 2560 6
2903 2507 3160 2578 βασιλεύς
3183 2524 3194 2539 ·
3221 2507 3380 2572 Εἰπὲ,
3421 2507 3470 2559 εἰ
3503 2506 3820 2577 οὖτωςέχει·

2231 2601 2328 2655 καὶ
2360 2601 2449 2654 διὰ
2472 2600 2526 2654 τί
2547 2601 2622 2672 μὴ
2651 2601 2939 2670 ἀποκόψας
2967 2600 3100 2675 περὶ
3128 2600 3223 2654 τοῦ
3265 2603 3460 2668 ἵππου,
3494 2601 3822 2664 ἀπέστειλάς

2235 2713 2328 2766 μοι
2363 2694 2564 2760 αὑτόν;
2608 2694 2667 2748 '0
2694 2694 2753 2749 δὲ
2793 2695 2935 2764 ἔφη’
2981 2697 3077 2748 Οτι
3098 2695 3352 2766 ἐπεζήτει
3384 2695 3636 2763 γενέσθαι
3694 2711 3822 2765 σχο-

2233 2788 2440 2858 λάριος.
2478 2787 2624 2856 Ἐγὼ
2650 2788 2816 2858 δὲ,μὴ
2848 2787 3005 2852 εἰδὼς
3037 2789 3086 2841 εί
3113 2788 3358 2859 ἀνδρεῖός
3391 2790 3536 2853 ἐστι,
3561 2790 3820 2858 παρεῖχον

2233 2879 2386 2950 αὐτῷ
2418 2880 2617 2934 ἑκατὸν
2657 2879 3010 2950 νομίσματα·
3073 2881 3102 2932 6
3151 2878 3208 2931 δὲ
3273 2878 3374 2931 οὐκ
3423 2878 3614 2931 ἔλαϐεν
3658 2880 3818 2936 αὑτά.

2235 2973 2349 3026 Καὶ
2383 2972 2786 3044 ὲρευνήσαντος
2813 2972 2908 3024 τοῦ
2934 2969 3225 3042 βασιλέως,
3255 2970 3350 3025 καὶ
3379 2969 3821 3042 πληροφορηθέν-

2233 3081 2327 3128 τος
2344 3064 2420 3126 ὡς
2466 3063 2659 3134 βιαίως
2682 3064 2847 3116 αὐτὸν
2877 3062 3150 3132 ἀφείλετο,
3195 3061 3286 3116 τὸν
3319 3062 3419 3132 μὲν
3450 3063 3821 3133 στρατηλάτην

541 3153 696 3209 denti
725 3168 934 3222 equum
975 3152 1239 3208 restituit.
1290 3151 1390 3209 Ille
1419 3154 1672 3226 recipere
1705 3155 2040 3226 detrectans,
2077 3159 2130 3214 in

2238 3159 2350 3219 τοῖς
2407 3157 2748 3228 προσήκουσι
2810 3155 3176 3227 μαγγλαΰίοις
3210 3157 3606 3227 ἐσωφρόνισεν
3648 3156 3725 3226 τῷ
3765 3157 3821 3210 δέ

541 3244 666 3315 ejus
701 3244 937 3314 pretium
970 3244 1142 3302 libras
1168 3245 1308 3301 duas
1363 3249 1600 3318 accepit.
1633 3247 1750 3304 Dux
1803 3265 1935 3306 vero
1971 3252 2134 3308 indo-

543 3336 653 3392 lem
687 3335 808 3408 ejus
861 3342 1099 3407 probare
1153 3337 1369 3407 jussus,
1421 3348 1476 3394 et
1533 3340 1579 3396 si
1627 3356 1931 3410 generosus
1995 3344 2138 3401 foret

543 3429 886 3486 scholarium
916 3438 1154 3486 crearet.
1204 3429 1305 3487 Hic
1347 3431 1403 3486 in
1454 3431 1660 3488 bellum
1715 3434 2016 3503 profectus,
2079 3439 2132 3493 in

542 3521 803 3579 conflictu
839 3524 988 3578 velut
1017 3523 1255 3579 imbellis
1285 3532 1342 3580 et
1391 3523 1622 3581 timidus
1662 3525 1808 3582 inter
1862 3528 2135 3600 fugientes

542 3628 814 3687 repertus,
843 3616 1064 3672 occisus
1101 3624 1209 3672 est.

616 3783 936 3856 Imperatori
965 3803 1096 3842 vero
1122 3788 1189 3843 ad
1223 3788 1379 3862 Bryae
1405 3790 1674 3860 palatium
1699 3808 1824 3850 cum
1868 3798 2134 3853 comitatu

547 3878 869 3948 procedenti
904 3880 1218 3937 nuntiatum
1248 3892 1333 3937 est
1358 3883 1428 3939 ab
1461 3883 1822 3942 Orientalium
1857 3887 1998 3944 duce
2036 3887 2138 3946 Sa-

548 3983 879 4024 racenorum
929 3971 1407 4042 protosymbulum
1445 3989 1571 4029 cum
1623 3979 1870 4032 exercitu
1922 3981 2138 4050 praeda-

547 4059 789 4114 bundum
827 4058 1009 4113 venire
1033 4068 1092 4113 ut
1121 4060 1408 4114 Amorium
1448 4071 1690 4131 caperet.
1734 4063 1829 4119 Ille
1870 4077 2136 4122 consueta

547 4151 815 4206 exercitui
843 4151 1279 4222 proceribusque
1305 4152 1595 4222 largitione
1635 4153 1799 4221 facta,
1826 4157 1978 4213 brevi
2005 4167 2140 4214 tem—

548 4257 683 4314 pore
709 4258 904 4299 versus
935 4243 1346 4314 Cappadociam
1401 4247 1708 4302 contendit.
1769 4249 2138 4307 Amerumnes

547 4337 769 4392 selectis
803 4337 1040 4392 militum
1075 4349 1200 4393 octo
1229 4339 1494 4406 millibus,
1539 4339 1741 4396 Sudem
1769 4343 1911 4398 inter
1933 4344 2138 4415 Agare-

550 4443 652 4483 nos
683 4430 883 4485 virtute
937 4431 1341 4502 prudentiaque
1387 4432 1893 4490 nominatissimum
1937 4437 2135 4493 ducem

2242 3248 2596 3317 προσελθόντι
2644 3247 2796 3319 αύτῷ
2851 3249 3204 3320 ἀπέστρεψεν
3281 3249 3372 3302 τὸν
3435 3248 3622 3304 ἵππον.
3666 3247 3724 3303 Ὅ
3765 3249 3821 3303 δὲ

2239 3340 2432 3395 τοῦτον
2455 3341 2556 3394 οὐκ
2585 3340 2866 3412 ἠϐουλήθη
2887 3357 2902 3372 ο
2938 3341 3133 3396 ἔλαϐεν
3165 3341 3223 3394 δέ
3264 3341 3406 3413 ὑπὲρ
3443 3341 3608 3395 αὐτοῦ
3638 3341 3822 3413 λίτρας

2239 3431 2352 3486 δύο.
2397 3431 2746 3503 Ὀρισθέντος
2775 3431 2833 3486 δὲ
2861 3433 2958 3487 τοῦ
2984 3432 3296 3505 στρατηγοῦ
3317 3433 3611 3503 δοκιμάσαι
3642 3435 3820 3500 αὐτὸν,

2239 3523 2333 3576 καὶ
2351 3521 2399 3574 εί
2428 3521 2674 3592 ἀνδρεῖός
2701 3522 2817 3577 ἐστι
2852 3524 3076 3595 ποιῆσαι
3137 3523 3302 3579 αὑτὸν
3356 3524 3662 3595 σχολάριον.
3719 3525 3820 3578 Τοῦ

2239 3615 2297 3669 δὲ
2327 3617 2407 3678 είς
2439 3616 2681 3687 πόλεμον
2711 3615 3065 3683 ἀπελθόντος,
3100 3618 3158 3670 ἐν
3195 3619 3262 3688 τῇ
3301 3616 3543 3689 συμϐολῇ
3569 3618 3643 3682 ὡς
3655 3618 3822 3684 δειλὸς

2241 3709 2299 3762 ἐν
2315 3710 2428 3772 τοῖς
2463 3708 2760 3778 φεύγουσιν
2783 3708 3034 3780 εὑρεθεὶς
3063 3709 3416 3781 κατεσφάγη.

2261 3798 2266 3804 ’
2313 3801 2607 3870 Γεγονότος
2651 3801 2709 3854 δὲ
2750 3800 2846 3855 τοῦ
2905 3801 3173 3872 βασιλέως
3230 3804 3309 3867 είς
3341 3803 3642 3874 πρόκενσον
3663 3805 3721 3858 ἐν
3749 3803 3825 3876 τῷ

2243 3893 2416 3965 Βρύᾳ,
2447 3889 2613 3964 ἦλθεν
2635 3893 2788 3965 αύτῷ
2825 3895 3054 3965 μήνυμα
3089 3896 3241 3966 παρὰ
3271 3895 3363 3949 τοῦ
3393 3897 3702 3966 στρατηγοῦ
3723 3897 3826 3948 τῶν

2254 3983 2636 4050 Ἀνατολικῶν,
2668 3983 2743 4046 ὡς
2795 3986 2823 4037 6
2881 3984 3379 4056 πρωτοσύμϐουλος
3426 3983 3539 4056 (19)
3594 3983 3825 4051 ἐξελθὼν
3878 3973 3886 3982 ’

2246 4077 2386 4146 μετά
2405 4076 2645 4150 πλήθους
2669 4076 3032 4147 ἐκπορθήσων
3087 4061 3391 4148 ἀπέρχεται
3443 4077 3504 4128 τὸ
3535 4077 3592 4128 Ἀ
3605 4077 3824 4147 μώριον.

2254 4171 2312 4223 '0
2330 4170 2385 4223 δὲ
2417 4169 2484 4224 τά
2513 4173 2880 4239 νενομισμένα
2910 4167 2990 4239 τῷ
3023 4185 3081 4221 τε
3110 4167 3326 4239 στρατῷ
3353 4167 3577 4230 καὶτοῖς
3601 4166 3825 4236 ἄρχουσι

2241 4263 2498 4334 ποιήσας,
2555 4261 2836 4333 συντόμως
2921 4261 3083 4332 μέχρι
3134 4259 3538 4322 Καππαδοκίας
3580 4259 3825 4329 ἐξήλατο.

2255 4355 2314 4408 '0
2355 4355 2412 4408 δὲ
2469 4354 2502 4407 ἀ
2513 4371 2577 4424 με
2587 4371 2681 4425 ρου
2691 4353 2831 4425 μνῆς
2853 4352 3208 4424 ἀποχωρίσας
3235 4352 3379 4406 ὀκτὼ
3405 4351 3650 4422 χιλιάδας
3676 4351 3827 4415 λαοῦ,

2247 4445 2340 4498 καὶ
2372 4444 2466 4497 τὸν
2497 4443 2708 4514 Σουδὲμ
2735 4442 3179 4514 ὀνομαστότατον
3225 4443 3283 4494 ἐν
3332 4441 3446 4503 τοῖς
3507 4438 3832 4508 ’Δγαρηνοίς

548 4523 863 4588 instituens,
891 4523 1158 4579 adversus
1185 4524 1580 4594 imperatorem
1612 4529 1897 4584 submisit.
1955 4530 2130 4585 Mani-

2245 4536 2375 4590 ὄντα
2408 4536 2501 4589 ἐπί
2539 4552 2596 4588 τε
2625 4534 2852 4606 ἀνδρείᾳ
2868 4534 2962 4587 καὶ
2984 4534 3245 4605 φρονήσει
3267 4533 3390 4595 δοὺς
3425 4531 3608 4594 αὐτοῖς
3657 4548 3823 4599 κεφα-

549 4617 654 4673 bus
683 4619 973 4681 consertis,
1003 4617 1322 4689 proﬂigatus
1368 4619 1670 4690 imperator
1703 4621 1863 4693 fugit,
1911 4633 1967 4680 et
2011 4642 2138 4682 cum

551 4709 822 4765 dedecore
852 4711 1017 4764 rediit
1053 4729 1067 4765 :
1104 4712 1307 4782 vixque
1333 4713 1564 4768 salutem
1592 4725 1790 4772 nactus
1815 4726 1921 4772 est.
1965 4720 2136 4776 Ame-

553 4818 780 4859 rumnes
809 4818 941 4859 vero
968 4805 1172 4860 virtute
1203 4806 1377 4861 multa
1414 4807 1672 4878 stipatus,
1707 4809 1861 4874 abiit,
1887 4820 1943 4866 et
1969 4811 2140 4867 Amo-

550 4895 695 4950 rium
727 4895 963 4964 obsedit,
1015 4897 1294 4968 variisque
1343 4899 1742 4956 certaminibus
1782 4900 1945 4957 editis
1994 4904 2140 4960 obti-

551 5003 684 5044 nere
732 5003 844 5043 non
900 4989 1100 5059 potuit,
1147 4987 1364 5046 fortiter
1408 5001 1463 5046 et
1491 5008 1759 5063 generose
1804 4995 2021 5053 civibus
2078 4998 2136 5058 'm

551 5082 846 5139 adversum
901 5084 1304 5154 praeliantibus.
1363 5085 1684 5157 Philosophi
1737 5103 1868 5143 vero
1935 5089 2140 5147 Leonis

550 5175 856 5246 discipulus
891 5176 1113 5248 quidam
1158 5177 1212 5231 in
1269 5185 1454 5233 castro
1503 5178 1760 5236 habitans
1811 5179 2137 5238 Amerumni

550 5271 810 5328 recedere
841 5272 1060 5341 volenti,
1097 5270 1386 5343 cujusdam
1415 5287 1537 5343 ope,
1571 5289 1668 5329 ceu
1701 5274 2015 5344 astrologiae
2039 5292 2139 5346 pe-

2240 4633 2363 4702 λὴν,
2397 4628 2721 4683 ἀπέστειλεν
2765 4626 2912 4680 κατά
2946 4625 3043 4679 τοῦ
3078 4624 3382 4696 βασιλέωςο
3448 4623 3832 4694 συμϐαλόντων

2240 4726 2300 4779 δέ
2337 4723 2602 4795 πόλεμον,
2639 4719 2900 4792 ἡττηθεὶς
2927 4720 2955 4771 6
2985 4718 3247 4789 βασιλεὺς
3272 4716 3496 4785 ἔφυγεν,
3562 4717 3656 4769 καὶ
3717 4716 3833 4785 μετ’

2239 4814 2501 4886 αἰσχύνης
2537 4810 2900 4883 ὑπέστρεψεν,
2943 4809 3097 4878 μόλις
3125 4806 3449 4870 διασωθείς’
3489 4807 3515 4859 ό
3569 4806 3626 4860 δὲ
3683 4807 3821 4876 dips-

2246 4907 2488 4980 ρουμνῆς
2517 4902 2772 4959 ἀπελθὼν
2807 4903 2951 4974 μετά
2992 4901 3283 4971 δυνάμεως
3336 4897 3559 4970 πολλῆς,
3610 4915 3832 4970 περιχαο

2249 4998 2511 5074 ρακώσας
2542 4997 2605 5050 τὸ
2629 4994 2929 5068 Ἀμὼριον,
2979 4994 3075 5048 καὶ
3103 4993 3381 5063 πολέμους
3411 4990 3640 5054 πολλοὺς
3668 4993 3831 5062 ποιή-

2249 5110 2370 5157 σας,
2429 5091 2531 5144 οὑκ
2572 5090 2793 5160 ἴσχυσεν
2827 5087 2960 5140 αὐτὸ
3008 5085 3374 5157 ἐκπορθῆσαι,
3413 5081 3678 5152 γενναίως
3739 5081 3835 5132 καὶ

2250 5183 2532 5255 σταθερῶς
2565 5181 2987 5252 ἀγωνιζομένων
3031 5178 3142 5232 τῶν
3207 5177 3443 5232 ἔνδοθεν.
3481 5173 3745 5244 Μαθητής
3777 5173 3835 5226 δέ

2245 5296 2330 5342 τις
2361 5278 2587 5341 Λέοντος
2618 5273 2715 5329 τοῦ
2746 5273 3044 5344 φιλοσόφου
3072 5267 3140 5342 ἦν
3170 5272 3229 5324 ἐν
3263 5269 3341 5339 τῷ
3361 5268 3584 5338 κάστρῳ
3606 5265 3700 5319 καὶ
3713 5263 3836 5334 βου-

1733 5369 1986 5427 FRANC.
2019 5370 2414 5430 COMBEFISII
2453 5369 2698 5428 NOTAE.

624 5465 738 5538 (ιτ)
799 5465 907 5534 Qui
960 5464 1230 5538 nimirum
1263 5465 1462 5538 ipsum
1505 5465 1779 5538 Arabibus
1828 5465 2134 5538 voluissent

551 5533 802 5607 prodere,
830 5533 902 5592 ac
928 5537 1032 5592 sibi
1067 5533 1467 5606 Theophobum
1503 5536 1686 5592 conati
1722 5546 1909 5591 essent
1953 5537 2134 5605 praeli-

555 5622 716 5674 cere;
749 5608 828 5663 uti
860 5607 1049 5663 multis
1080 5609 1458 5663 continuator.

629 5677 745 5750 (18)
777 5677 1075 5750 Hancequi
1110 5678 1276 5732 ablati
1302 5677 1591 5733 historiam
1615 5677 1776 5747 longe
1806 5676 1965 5732 aliter
1999 5693 2136 5750 con-

559 5745 806 5802 tinuator
839 5762 906 5801 ac
924 5745 1210 5804 Cedrenus
1253 5757 1479 5802 narrant
1515 5768 1528 5805 :
1557 5745 1863 5816 eorumque
1892 5762 2018 5803 vero
2060 5748 2137 5802 si-

561 5815 742 5873 mitior
792 5818 1052 5872 narratio.
1111 5819 1414 5874 Manuclem
1473 5820 1523 5872 in
1591 5815 1878 5875 Persarum
1915 5820 2135 5890 expedi-

2243 5469 2394 5524 tione
2480 5468 2752 5523 adversus
2779 5462 3108 5536 __Amorium
3182 5459 3367 5536 adhuc
3428 5454 3834 5536 superstitem,

2244 5549 2478 5610 postque
2538 5541 2719 5609 ipsum
2773 5534 3202 5610 fl‘lteophilum,_
3231 5529 3692 5610 iidem-faciunt;
3726 5529 3831 5585 nisi

2244 5600 2348 5666 iste
2377 5600 2745 5676 alium-atque
2767 5600 2959 5674 junior
2987 5603 3204 5658 Manuel
3241 5600 3478 5656 exsistit.

2317 5681 2430 5752 (19)
2467 5679 2567 5752 llic
2597 5692 2818 5748 quoque
2862 5680 3004 5752 i_pse_
3027 5686 3402 5752 amerumnes,
3432 5681 3832 5752 supremusque

2248 5741 2486 5808 Arabum
2535 5741 2671 5816 dui,
2714 5741 2778 5804 ac
2807 5741 2959 5803 velut
2992 5746 3315 5814 imperator,
3351 5742 3431 5798 sic
3466 5741 3791 5811 appellatur.
