4100 6454
357 371 500 438 105⁸1

353 483 615 556 ληθέντος
687 482 1047 556 ὑποχωρῆσαι
1111 487 1206 541 τοῦ

349 577 629 645 ἐμήνυσεν
660 576 688 627 6
721 575 887 641 αὐτὸς
910 578 1266 649 ἀστρονόμος,
1299 579 1380 631 ὅτι
1410 578 1470 632 Ei
1511 575 1939 647 προσκαρτερή-

353 686 471 731 σεις
497 667 575 738 τῷ
600 668 824 740 κάστρῳ
851 670 945 723 δύο
974 671 1209 743 ἡμέρας,
1251 670 1617 742 ἑκπορθὴσεις
1671 670 1844 739 ἡμᾶς.
1879 669 1945 721 Ὃ

355 758 456 812 καὶ
500 759 745 828 γέγονεν.
766 761 1046 834 Προεδόθη
1084 764 1196 836 γὰρ
1223 764 1329 818 ὑπό
1375 781 1438 817 τε
1486 765 1582 817 τοῦ
1647 763 1944 835 λεγομένου

350 850 604 922 Βοῖδίτζη
634 853 731 907 καὶ
768 853 864 908 τοῦ
887 855 1290 925 Μανικοφάγου
1323 854 1460 926 (2.3).
1515 854 1945 926 Κατεσχέθησαν

346 942 409 997 δὲ
468 943 578 997 τῶν
637 945 957 1015 ὀνομαστῶν
1031 947 1227 1018 ἄνδρες
1295 948 1397 1001 οὐκ
1455 948 1707 1017 ἀγεννεῖς
1776 946 1945 1000 ἀπελ-

349 1034 540 1098 θόντες
565 1037 624 1089 ἐν
654 1037 827 1107 Συρίᾳ
855 1038 1221 1108 αἰχμάλωτοι,
1269 1039 1535 1109 Θεόφιλος
1568 1043 1597 1095 6
1629 1042 1941 1111 πατρίκιος,

350 1127 453 1180 καὶ
484 1130 807 1198 στρατηγοὶ,
836 1130 864 1182 ὃ
891 1148 951 1183 τε
982 1131 1346 1202 Μελισσηνδς,
1391 1134 1486 1185 καὶ
1516 1134 1544 1185 6
1567 1134 1773 1197 Ἀέτιος
1805 1133 1942 1205 (21),

348 1220 448 1271 καὶ
467 1218 742 1291 Θεόδωρος
763 1223 1281 1294 πρωτοσπαθάριος,
1305 1225 1333 1276 6
1358 1224 1663 1295 Κρατερὸς,
1682 1226 1776 1278 καὶ
1794 1225 1944 1280 Κάλ-

349 1310 538 1374 λιστος
565 1312 951 1383 τουρμάρχης,
979 1314 1077 1367 καὶ
1104 1315 1378 1385 Κύριλλος
1402 1316 1519 1388 (22)
1556 1317 1942 1388 δρουγγάριος,

350 1399 451 1453 καὶ
478 1400 751 1472 Βασσόης,
774 1404 868 1455 καί
891 1422 1039 1468 τινες
1076 1403 1339 1477 ἄρχοντες
1368 1407 1479 1460 τῶν
1507 1407 1804 1476 ταγμάτων
1831 1424 1844 1438 ’
1893 1407 1945 1462 οἳ

347 1491 506 1561 παρά
534 1492 628 1545 τοῦ
660 1495 1169 1565 πρωτοσυμϐούλου
1203 1497 1648 1566 ἀναγκασθέντες
1699 1499 1947 1571 ἀρνήσα-

359 1582 491 1637 σθαι
516 1585 618 1652 τὴν
645 1585 829 1641 αὐτῶν
855 1587 1058 1650 πίστιν.
1111 1589 1209 1643 καὶ
1265 1589 1461 1644 τούτου
1500 1592 1574 1661 μὴ
1625 1591 1944 1657 πεισθέντος

350 1671 497 1741 ξίφει
524 1674 622 1736 τάς
658 1676 872 1730 ἑαυτῶν
903 1677 1149 1746 κεφαλὰς
1181 1679 1605 1751 ἀπετμήθησαν,
1634 1682 1757 1734 ἀντὶ
1775 1698 1946 1753 προσ·

347 1764 549 1837 καίρου
582 1766 728 1837 ζωῆς
761 1768 861 1839 τὴν
922 1768 1144 1823 αἰώνιον
1194 1771 1602 1842 ἀγαπήσαντες.
1648 1771 1707 1826 '0
1732 1772 1791 1826 δὲ
1845 1772 1944 1844 τὴν

1590 430 1593 431 ν
1662 376 1761 436 CH
1765 374 2235 436 RONOGRAPH
2246 374 2357 435 IAz’

1290 489 1500 557 ἀμερου
1509 485 1636 555 μνῆ,
1671 484 1759 537 διά
1795 500 1939 548 τινος

2045 486 2185 541 ritus
2212 484 2542 557 signiticavit
2575 504 2586 539 :
2618 484 2675 540 Si
2704 484 2826 540 dies
2864 493 3074 541 tantum
3094 484 3236 542 duos
3264 485 3334 541 ad
3380 498 3626 545 castrum

3501 376 3636 440 1958

2051 579 2351 635 stationem
2379 577 2662 643 habueris,
2695 577 2977 635 obtinebis
3014 593 3157 645 nos;
3183 578 3332 649 quod
3360 587 3415 634 et
3448 582 3630 636 conti-

2048 671 2148 742 git.
2207 672 2250 723 A
2286 669 2539 726 Boiditze
2596 672 2799 743 quippe
2858 680 3077 739 vocato,
3127 680 3183 726 et
3234 670 3638 744 Manicophago

2048 763 2329 835 proditum
2361 774 2465 820 est.
2497 764 2652 834 Capti
2683 772 2814 820 sunt
2845 766 3012 820 etiam
3036 766 3285 821 virorum
3319 764 3638 819 nominato-

2045 871 2171 911 rum
2206 865 2260 911 et
2284 871 2394 911 non
2422 856 2745 927 ignobilium
2768 856 3010 926 plurimi,
3035 864 3090 910 et
3130 855 3185 910 in
3229 855 3444 927 Syriam
3473 853 3639 928 555

2045 948 2272 1003 abducti
2307 947 2530 1017 captivi,
2564 946 2905 1017 Theophilus
2946 947 3215 1017 patricius
3235 958 3290 1002 et
3317 948 3486 1003 duces
3519 947 3637 1013 isti,

2045 1037 2395 1106 Melissenus,
2427 1040 2635 1104 Aetius,
2661 1038 2987 1096 Theodorus
3009 1041 3514 1111 protospatharius,
3542 1039 3637 1110 qui

2046 1143 2102 1188 et
2138 1133 2423 1198 Craterus,
2454 1132 2717 1190 Callistus
2758 1134 3101 1200 turmarcha,
3135 1130 3374 1205 Cyrillus
3395 1134 3639 1203 drunga-

2048 1223 2188 1289 rius,
2223 1234 2274 1277 et
2305 1222 2561 1286 Bassues,
2598 1233 2653 1278 et
2678 1224 2905 1293 quidam
2944 1224 3228 1294 agminum
3260 1239 3515 1294 proceres
3541 1222 3638 1295 qui

2046 1331 2075 1370 a
2108 1315 2528 1386 protosymbulo
2558 1315 2849 1369 tormentis
2890 1314 3094 1377 adacti,
3147 1323 3210 1369 ut
3259 1315 3420 1371 ﬁdem
3469 1331 3639 1386 nega-

2045 1419 2194 1472 rent,
2244 1408 2351 1479 ipsi
2379 1422 2587 1463 morem
2647 1422 2755 1461 non
2789 1415 3062 1477 gerentes.
3125 1407 3308 1478 gladio
3363 1408 3639 1477 capitibus

2045 1500 2262 1573 praecisi
2295 1510 2448 1567 sunt,
2478 1500 2608 1556 vita:
2633 1501 2957 1571 temporalis
2988 1502 3107 1554 vice
3136 1510 3398 1555 aeternam
3427 1516 3629 1556 conse-

2045 1592 2182 1647 cuti.
2232 1591 2547 1662 Discipulus
2577 1599 2760 1646 autem
2798 1590 2999 1645 Leonis
3042 1589 3365 1660 Philosophi
3405 1590 3639 1645 salutem

2047 1686 2456 1742 honestissimae
2484 1693 2699 1753 turpem
2733 1682 3061 1756 praeferens,
3095 1698 3222 1739 cum
3248 1682 3316 1737 ad
3343 1683 3640 1737 Amerum-

2046 1794 2172 1834 nem
2198 1779 2531 1838 transiisset,
2561 1778 2632 1833 ab
2661 1791 2729 1831 eo
2750 1776 2819 1831 de
2843 1775 3079 1831 scientia
3108 1790 3208 1830 sua
3236 1774 3635 1847 interroga-tus,

350 1860 593 1931 αἰσχρὰν
626 1863 906 1935 σωτηρίαν
940 1863 1040 1933 τῆς
1094 1864 1390 1933 καλλίστης
1447 1865 1939 1953 ἅνταλλαξάμενος,

2052 1870 2254 1926 Leonis
2289 1870 2620 1940 discipulum
2657 1884 2779 1924 esse
2810 1866 3094 1938 professus
3120 1876 3225 1923 est.
3258 1868 3630 1925 Amerumnes

348 1954 379 2004 6
411 1953 511 2007 τοῦ
554 1954 853 2022 Φιλοσόφου
911 1954 1144 2022 Λέοντος
1199 1956 1452 2028 μαθητὴς
1507 1959 1804 2029 προσρυεὶς
1866 1957 1947 2029 τῷ

354 2044 711 2115 ἀμερουμνῇ,
775 2046 1027 2116 ὲρωτήθη
1054 2046 1185 2113 παρ’
1215 2046 1383 2101 αὑτοῦ
1434 2048 1564 2118 περὶ
1588 2047 1689 2118 τῆς
1718 2048 1948 2118 ἐπιστή-

348 2153 464 2207 μης
491 2136 682 2191 αὑτοῦ.
747 2137 806 2191 '0
835 2136 892 2190 δὲ
916 2133 1069 2192 εἶπεν
1092 2137 1342 2210 μαθητὴν
1390 2133 1532 2193 εἶναι
1578 2140 1674 2194 τοῦ
1732 2140 1951 2195 Φιλοσό-

346 2243 454 2296 φου
477 2228 725 2293 Λέοντος.
754 2220 923 2292 Οὗτός
944 2245 1003 2281 τε
1028 2229 1177 2293 ὅστις
1202 2230 1230 2282 ὁ
1259 2228 1434 2292 Λέων,
1465 2230 1562 2283 καὶ
1594 2232 1782 2284 ὁποῖον
1850 2230 1947 2284 αὑ-

348 2318 443 2372 τὸν
466 2319 737 2393 ἐπεθύμει
775 2320 928 2375 ἰδεῖν.
956 2319 1068 2374 Καὶ
1093 2320 1157 2392 δή
1187 2337 1311 2375 τινα
1334 2319 1488 2394 [τινι]
1519 2321 1627 2375 τῶν
1655 2323 1943 2392 αἰχμαλώ-

351 2428 460 2464 των
521 2410 649 2475 δοὺς
710 2412 1027 2483 γράμματα
1080 2410 1220 2482 πρὸς
1265 2411 1476 2466 Λέοντα
1531 2412 1623 2466 τὸν
1647 2413 1944 2484 Φιλόσοφον

343 2501 673 2555 ἀπέστειλεν
749 2504 808 2556 ὲν
870 2501 1491 2565 Κωνσταντινουπόλει,
1570 2503 1943 2576 ὑποσχόμενος

344 2591 529 2663 αὐτῷ,
554 2595 637 2647 ὅτι
664 2595 712 2647 εί
735 2593 945 2660 ἐξέλθοι
972 2595 1071 2651 ἀπ’
1095 2594 1235 2669 [ἐπ’]
1262 2596 1496 2661 ἐκεῖνον,
1514 2594 1677 2649 αὐτὸν
1693 2592 1833 2651 εἶναι
1882 2598 1943 2651 ὲν

341 2686 505 2755 τιμῇ,
553 2684 616 2739 '0
647 2685 703 2739 δὲ
736 2686 891 2740 Λέων
919 2686 988 2742 τά
1011 2688 1315 2758 γράμματα
1367 2686 1680 2753 ἀπολαϐὼν,
1713 2690 1810 2742 καὶ
1841 2707 1939 2759 φο-

342 2775 540 2845 ϐηθεὶς
574 2777 649 2849 μή
687 2794 806 2842 πως
834 2778 1171 2851 διαγνωσθῇ,
1196 2780 1479 2849 ἀνήγαγεν
1524 2778 1669 2834 αὺτά
1693 2778 1941 2852 Θεοφίλῳ

2048 1961 2173 2031 quis
2200 1968 2255 2014 et
2282 1960 2461 2030 qualis
2487 1967 2637 2016 esset
2663 1959 2766 2014 iste
2791 1956 2903 2012 Leo
2931 1958 3162 2028 probare
3179 1958 3433 2027 cupiens,
3466 1956 3640 2028 capti-

2047 2070 2242 2109 vorum
2275 2068 2385 2109 non
2414 2052 2623 2107 nemini
2655 2051 2804 2106 datis
2830 2050 3052 2115 litteris,
3087 2048 3154 2104 ad
3185 2048 3423 2105 Leonem
3449 2047 3642 2106 Philo-

2047 2144 2283 2214 sophum
2313 2141 2852 2211 Constantinopolim
2884 2139 3056 2204 misit,
3083 2139 3385 2210 pollicitus,
3414 2139 3461 2194 si
3488 2139 3639 2195 veni-

2049 2234 2155 2298 ret,
2190 2235 2245 2290 in
2274 2234 2485 2290 honore
2527 2233 2799 2289 futurum.
2860 2231 3118 2301 Acceptis
3158 2231 3377 2296 litteris,
3426 2230 3639 2286 veritus

2049 2326 2161 2383 Leo
2189 2342 2258 2382 ne
2283 2326 2726 2396 dignosceretur,
2751 2322 3057 2393 Theophilo
3083 2321 3404 2392 imperatori
3432 2329 3638 2376 cuncta

2050 2416 2270 2471 detulit.
2323 2415 2683 2485 Theophilus,
2712 2414 2834 2483 eius
2882 2413 3067 2483 agnita
3097 2412 3345 2478 scientia,
3380 2419 3639 2467 vocatum

2052 2507 2292 2563 detinuit
2326 2507 2380 2562 in
2444 2506 2758 2577 Magnaura:
2808 2504 3035 2575 palatio,
3087 2502 3323 2558 docendi
3378 2500 3640 2558 facultate

2051 2600 2449 2671 discipulisque
2479 2608 2536 2655 et
2559 2598 2777 2654 cunctis
2812 2595 3143 2651 necessariis
3167 2595 3234 2650 ad
3268 2594 3637 2651 ministerium

2049 2693 2336 2759 exhibitis,
2372 2692 2465 2764 qui
2489 2691 2749 2760 deinceps
2789 2687 3141 2758 metropolita
3174 2685 3639 2743 Thessalonicen-

2049 2783 2127 2839 sis
2154 2784 2386 2839 exstitit.

340 2867 424 2938 τῷ
449 2868 678 2939 βασιλεῖ·
725 2870 782 2924 ὐ
833 2870 891 2924 δδ
948 2873 1111 2940 γνοὺς
1157 2870 1231 2925 τά
1270 2872 1372 2942 τῆς
1434 2871 1602 2925 αὑτοῦ
1660 2872 1997 2943 ἐπιστήμης,
2042 2876 2491 2947 προσλαϐόμενος
2544 2872 2710 2928 αὐτὸν
2767 2866 2915 2943 εἶχεν
2971 2872 3032 2925 ὲν
3085 2869 3168 2941 τῷ
3197 2868 3468 2939 Ιπαλατίῳ
3529 2871 3635 2941 τῆς

341 2960 705 3033 Μαγναύρας.
743 2964 1022 3034 παραδοὺς
1050 2962 1201 3034 αὐτῷ
1224 2962 1499 3018 διδάσκειν
1527 2965 1625 3018 καὶ
1659 2963 1934 3035 μαθητὰς,
1977 2968 2235 3040 παρέχων
2263 2968 2415 3039 αὐτῷ
2438 2969 2507 3022 τὰ
2570 2966 2708 3038 πρὸς
2771 2963 3082 3036 ὑπηρεσίαν

344 3054 753 3126 μητροπολίτης
778 3057 836 3108 ὲν
872 3055 1245 3126 Θεσσαλονίκῃ
1274 3054 1522 3123 γέγονεν.

3164 2963 3402 3030 ἅπαντα,
3442 2961 3502 3027 ὃς
3541 2964 3640 3018 καὶ

464 3149 506 3202 0
536 3147 593 3201 δὲ
616 3147 776 3210 αὐτὸς
800 3146 1056 3218 βασιλεὺς
1088 3148 1179 3201 τὸν
1216 3151 1508 3218 τρίκογχον
1537 3149 1596 3201 ὲν
1634 3148 1714 3220 τῷ
1756 3149 1928 3204 παλα-

2108 3148 2255 3204 idem
2288 3147 2588 3217 imperator
2618 3144 2965 3200 triconchum
2998 3143 3054 3197 in
3105 3140 3332 3211 palatio,
3384 3149 3439 3195 et
3485 3140 3637 3210 quod

341 3242 471 3311 τίῳ,
503 3240 599 3293 κα)⁵
634 3238 696 3293 τὸ
748 3238 1042 3309 λεγόμενον
1103 3239 1308 3310 Σίγμα,
1365 3240 1461 3294 καὶ
1491 3240 1591 3303 τάς
1621 3240 1941 3313 ἀναϐάθρας

342 3333 479 3387 ἔνθα
501 3334 549 3386 οἱ
582 3332 748 3401 δῆμοι
788 3331 1059 3397 ἵστανται,
1093 3332 1321 3402 στήσας,
1365 3332 1461 3386 καὶ
1491 3331 1689 3402 φιάλην
1712 3333 1770 3386 ὲν
1798 3326 1832 3406 ᾖ
1856 3332 1943 3401 γί-

341 3441 499 3478 νεται
533 3423 593 3476 τὸ
631 3420 1055 3492 Σαξιμοδέξιμον
1091 3420 1205 3491 (25)
1249 3420 1570 3491 λεγόμενον,
1615 3420 1724 3474 τῶν
1756 3422 1941 3476 ἵππων

341 3515 676 3587 ἀμφοτέρων
734 3513 842 3567 τῶν
896 3514 1080 3585 μερῶν
1122 3513 1490 3585 διερχομένων
1550 3513 1691 3584 μετά
1719 3513 1940 3585 χρυσῶν

344 3609 727 3680 σαγισμάτων.
797 3606 934 3660 Ὑπὸ
990 3605 1048 3659 δὲ
1095 3607 1189 3660 τὸν
1240 3605 1542 3676 τρίκογχον
1574 3605 1821 3659 κάτωθεν
1853 3604 1942 3658 διὰ

344 3699 601 3771 μηχανῆς
631 3697 888 3769 ἐποίησεν
919 3697 979 3751 τὸ
1010 3696 1308 3767 λεγόμενον
1344 3696 1664 3767 μυστήριον,
1720 3697 1779 3749 ὲν
1811 3687 1857 3764 ᾧ
1881 3696 1939 3749 ὲν

339 3795 410 3864 τῇ
439 3793 539 3863 μιᾷ
557 3791 750 3863 γωνίᾳ,
769 3790 798 3845 ὃ
815 3790 913 3844 ὲάν
937 3788 1067 3861 εἴπῃ
1089 3805 1195 3854 τις,
1224 3787 1545 3854 ἐξακούεται
1570 3790 1627 3841 ὲν
1653 3790 1722 3858 τῇ
1750 3788 1934 3859 ἑτέρᾳ.

339 3883 554 3938 Μαθὼν
583 3882 641 3936 δὲ
674 3881 837 3946 αὐτὸς
868 3880 1128 3950 Θεόφιλος
1156 3879 1239 3933 ὃτι
1269 3878 1555 3949 Θεοφάνης
1586 3879 1817 3950 ποιητὴς
1841 3879 1937 3933 καὶ

342 3975 618 4045 Θεόδωρος
651 3975 679 4027 ὁ
704 3973 935 4043 ἀδελφὸς
972 3971 1162 4037 αὑτοῦ,
1190 3970 1313 4025 καθ’
1339 3971 1570 4036 ἑαυτοὺς
1613 3971 1819 4036 ζῶντες
1836 3971 1939 4042 τὴν

340 4066 599 4122 ἁσέΰειαν
638 4063 806 4119 αὑτοῦ
836 4062 1192 4135 κωμῳδοῦσιν
1223 4063 1318 4118 καὶ
1350 4062 1726 4133 διελέγχουσιν
1745 4101 1760 4127 ,
1803 4063 1939 4116 ἀπο-

341 4157 562 4222 στείλας
596 4157 713 4228 μετ’
735 4158 903 4227 ὀργῆς
930 4157 1137 4228 ἤγαγεν
1163 4156 1360 4219 αὐτοὺς
1388 4154 1527 4220 πρὸς
1559 4153 1746 4217 αὐτὸν,
1766 4151 1938 4219 είπὼν

339 4252 504 4305 τάδε·
541 4251 712 4304 Πόθεν
751 4249 916 4316 me;
959 4250 1020 4302 Οἱ
1054 4248 1113 4302 δὲ
1147 4243 1302 4301 εἷπον
1325 4263 1340 4277 ·
1391 4247 1600 4313 Πόθεν;
1636 4247 1701 4299 ὲκ
1729 4246 1937 4301 Παλαιοπ

343 4343 554 4414 στένῃς.
594 4342 652 4397 '0
680 4341 737 4396 δὲ
771 4342 1068 4413 ἀλητήριος
1094 4357 1108 4370 σ
1140 4340 1253 4393 Καὶ
1288 4339 1377 4393 διὰ
1433 4339 1486 4393 τί
1518 4339 1618 4410 τὴν
1646 4338 1750 4409 γῆν
1783 4337 1937 4408 ὑμῶν

339 4434 601 4503 ἀφέντες,
624 4428 721 4488 καὶ
762 4435 843 4498 είς
871 4433 971 4504 τὴν
999 4433 1278 4504 ἡμετέραν
1338 4431 1589 4495 ἐλθόντες
1620 4431 1681 4484 οὐ
1707 4433 1935 4502 πειθαρ-

2045 3240 2249 3297 dicitur
2273 3238 2480 3311 Sigma,
2515 3238 2851 3309 gradusque,
2893 3237 3097 3308 quibus
3145 3235 3415 3292 factiones
3456 3237 3641 3291 consi-

2045 3341 2220 3399 stunt,
2258 3342 2311 3387 et
2333 3330 2543 3387 fontem
2577 3331 2883 3397 aediﬁcavit,
2929 3344 3040 3399 quo
3069 3328 3349 3398 peragitur
3374 3327 3630 3382 Saximo-

2043 3425 2324 3480 deximum
2397 3422 2631 3488 dictum,
2676 3422 2968 3490 utriusque
3018 3419 3193 3491 partis
3239 3418 3398 3489 equis
3449 3417 3636 3474 aureis

2041 3515 2302 3588 stragulis
2326 3515 2637 3579 instructis,
2685 3522 2740 3569 et
2785 3512 3315 3583 pertranseuntibus.
3375 3508 3492 3564 Sub
3533 3509 3637 3563 tri-

2042 3607 2256 3662 concho
2282 3620 2414 3660 vero
2449 3620 2515 3660 ex
2549 3603 2806 3658 machina
2852 3610 3124 3657 secretum
3159 3600 3257 3671 (ita
3284 3598 3501 3666 vocant)
3534 3613 3635 3665 po-

2040 3699 2172 3765 suit,
2216 3699 2272 3753 in
2312 3699 2473 3768 cuius
2507 3697 2709 3766 angulo
2739 3695 2939 3767 quovis
2976 3692 3246 3765 quidquid
3283 3691 3481 3746 dixerit
3534 3691 3638 3744 ali-

2039 3786 2184 3857 quis,
2217 3786 2272 3839 in
2303 3785 2482 3840 altero
2511 3783 2824 3839 exauditur.
2889 3781 3232 3850 Theolihilus
3279 3787 3462 3834 autem
3505 3793 3633 3833 cum

2038 3880 2320 3936 didicisset
2353 3877 2744 3947 Theophanem
2775 3885 2994 3946 poetam
3029 3882 3085 3928 et
3114 3872 3465 3928 Theodorum
3507 3870 3632 3940 ejus

2041 3972 2266 4028 fratrem
2321 3972 2499 4041 ipsius
2559 3968 2899 4040 impietatem
2960 3964 3260 4036 suggillare
3282 3970 3337 4017 et
3381 3977 3634 4032 arguere,

2040 4063 2261 4118 mittens
2282 4076 2404 4115 cum
2430 4060 2620 4115 furore
2647 4072 2743 4114 eos
2765 4057 2831 4113 ad
2853 4071 2914 4112 se.
2934 4052 3230 4109 accersivit
3261 4052 3485 4107 dicens:
3519 4049 3636 4104 Un-

2038 4154 2238 4211 denam
2265 4153 2451 4209 estis?
2508 4151 2767 4206 Dixerunt
2825 4149 2924 4203 illi.
2975 4145 3177 4202 Unde?
3220 4158 3287 4200 ex
3319 4142 3631 4198 Palaestina.

2039 4248 2317 4303 Scelestus
2346 4254 2529 4301 autem
2563 4261 2579 4302 :
2636 4242 2813 4310 Quam
2848 4242 2919 4296 ob
2964 4254 3189 4295 causam
3231 4237 3404 4308 patria
3451 4243 3632 4290 vestra

2037 4340 2277 4405 deserta,
2321 4339 2374 4392 in
2404 4337 2669 4392 ditionem
2734 4343 2982 4389 nostram
3025 4329 3308 4386 venientes
3340 4342 3448 4381 non
3498 4327 3631 4381 obc-

2036 4433 2166 4488 ditis
2208 4431 2437 4501 imperio
2502 4425 2739 4484 nostro?
2790 4424 2904 4479 Illis
2960 4422 3097 4477 nihil
3152 4418 3630 4490 respondentibus,

340 4501 492 4598 χεῖτε
527 4528 592 4597 τῇ
620 4525 869 4598 βασιλείᾳ
1133 4501 1255 4579 Τῶν
1289 4523 1347 4577 δὲ
1398 4522 1567 4595 μηδὲν
1594 4501 1927 4594 ἀποκριθέν-

2045 4522 2198 4591 iussit
2227 4535 2416 4576 eorum
2452 4518 2621 4574 facies
2645 4517 2782 4572 dure
2819 4513 3055 4585 percuti.
3082 4512 3343 4580 Deinceps
3370 4523 3500 4565 vero
3526 4509 3634 4563 eis.

334 4635 473 4685 των,
509 4617 811 4689 ἐπέτρεψεν
842 4616 1103 4672 παίεσθαι
1135 4615 1233 4680 τὰς
1263 4614 1417 4685 ὄψεις
1455 4613 1636 4668 αὐτῶν
1659 4613 1924 4684 σφοδρῶς.

338 4703 483 4769 Εἶτα
509 4709 648 4778 μετά
680 4709 841 4763 τοῦτο
872 4707 1245 4780 βουνευρήσας
1293 4707 1494 4770 αὐτοὺς
1542 4707 1737 4777 μέχρις
1766 4705 1932 4759 αὐτοῦ

336 4800 440 4853 τοῦ
468 4800 705 4855 θανάτου
733 4800 875 4872 μετά
902 4799 1102 4871 θυμοῦ,
1133 4798 1321 4871 [μετὰ]
1370 4798 1633 4870 τραχείας
1690 4796 1792 4867 τῆς
1822 4814 1935 4866 φω-

338 4893 443 4963 νῆς
480 4893 619 4965 πρὸς
660 4892 754 4946 τὸν
799 4892 1049 4964 ὕπαρχον
1105 4891 1247 4962 ἔφη’
1283 4885 1454 4961 τΛρον
1511 4888 1711 4952 αὐτοὺς
1745 4891 1825 4951 εἰς
1877 4888 1935 4941 τὸ

2038 4616 2162 4671 dem
2213 4612 2282 4667 ad
2313 4620 2545 4667 mortem
2586 4610 2757 4666 ferme
2809 4607 2991 4662 nervis
3043 4604 3265 4660 bubulis
3296 4619 3396 4674 per
3425 4617 3633 4673 corpus

2040 4706 2222 4767 caesis.
2285 4721 2410 4760 cum
2467 4703 2655 4759 furore
2692 4712 2748 4757 et
2800 4715 2995 4770 aspera
3034 4712 3169 4753 voce
3222 4697 3366 4751 dixit
3392 4696 3458 4752 ad
3494 4711 3633 4766 prac-

2044 4797 2242 4853 fectnm
2281 4814 2294 4849 :
2354 4793 2509 4849 Tolle
2528 4793 2665 4848 istos
2703 4790 2759 4844 in
2787 4788 3127 4860 prwtorinm,
3158 4796 3212 4840 et
3237 4800 3434 4840 versus
3469 4784 3636 4838 hosce

2046 4886 2221 4941 vultui
2277 4900 2468 4941 eorum
2504 4880 2766 4944 inscribe,
2802 4879 2905 4933 hoc
2932 4877 3159 4943 addens,
3188 4873 3430 4929 Tametsi
3461 4873 3632 4928 incle-

1579 4996 1833 5063 FliANC.
1855 5002 2244 5063 COMBEFISII
2287 5001 2524 5058 ΝΟῚῈ.

438 5105 534 5176 20)
578 5106 736 5161 Hanc
781 5104 1148 5176 proditionem
1186 5102 1435 5176 Boiditza
1485 5112 1736 5176 auctore,
1782 5111 1838 5176 et
1867 5110 1931 5176 ut
2028 5099 2321 5170 Κύριλλος.
2370 5096 2546 5176 Hujus
2603 5092 2966 5176 Cpnsﬂntini
2993 5090 3623 5176 “constantiamLa-tqne

341 5177 488 5259 nihil
517 5172 833 5259 astrologia;
875 5175 931 5229 in
977 5190 1042 5231 ea
1091 5174 1609 5259 interveneritzsed
1643 5172 1758 5227 sola
1795 5172 1932 5259 indi:

2031 5160 2698 5240 cperamiconti'rmando
2756 5163 3064 5234 Theophilo
3114 5160 3345 5233 pulchre
3397 5165 3629 5211 enarrat

340 5248 494 5319 catio
527 5247 701 5319 partis
736 5241 896 5301 illius
946 5259 1228 5319 murorum
1290 5258 1421 5319 qna_
1457 5243 1635 5319 facilis
1684 5251 1832 5298 esset
1861 5243 1928 5319 ad
2032 5241 2537 5319 laudatus‘auctor.

341 5312 544 5374 urbem
574 5331 853 5383 accessus,
907 5316 1105 5385 sagitta
1159 5312 1569 5385 cnmfepi_stola
1598 5327 1629 5367 e
1659 5327 1819 5385 muro
1873 5312 1931 5385 in

343 5389 594 5444 hostium
632 5396 815 5442 castra
838 5380 847 5383 ’
869 5380 1096 5452 emissa,
1149 5380 1386 5440 solidius
1412 5381 1710 5438 Vaticanus
1741 5380 1932 5437 Conti-

342 5468 567 5541 nuator,
598 5457 874 5541 quamvel
910 5454 1041 5522 Leo,
1085 5454 1170 5511 vel
1200 5453 1484 5511 Cedrenus
1516 5452 1612 5525 qui
1639 5467 1753 5509 rem
1784 5467 1924 5524 pau-

341 5535 808 5653 cisrrstringit.

424 5601 442 5670 (
492 5601 540 5669 ι)
573 5598 714 5654 Sunt
764 5598 816 5652 hi
860 5605 1053 5652 turmae
1082 5596 1152 5670 62
1184 5592 1929 5670 martyrum__prmcipui__li_e—

342 5663 742 5740 roes,quorum
781 5678 1061 5724 certamen
1092 5663 1461 5740 Colitinu‘ator
1492 5665 1614 5719 Vat.
1645 5663 1927 5740 describit.

2109 5309 2224 5382 (23)
2265 5307 2508 5382 Exponit
2525 5304 2894 5382 Continuator
2932 5302 3065 5382 quid
3096 5299 3243 5382 istud
3279 5297 3335 5380 in
3378 5294 3628 5382 eo'fonte

2039 5364 2225 5437 esset;
2272 5364 2419 5433 Ἡδὲ
2447 5378 2513 5448 δὴ
2541 5377 2711 5448 φιάλη
2738 5375 2883 5448 κατά
2908 5364 3002 5448 τδν
3024 5370 3218 5448 καιρδν
3253 5367 3363 5448 τῶν
3391 5364 3628 5434 δεξίμων

2040 5436 2351 5505 πιστακίων
2400 5436 2513 5502 καί
2536 5436 2886 5518 ἀμυγδάλων,
2917 5442 3055 5518 ἀλλά
3114 5436 3222 5518 μὴν
3241 5508 3257 5518 ι
3276 5436 3375 5518 καὶ
3421 5451 3624 5518 διορνα-

2037 5522 2179 5592 ρίᾼων
2224 5505 2635 5592 πεπληρωμένη
2666 5505 2914 5592 Ξιονδίτου
2949 5515 3013 5592 ἐκ
3044 5505 3361 5592 στροόελίου
3417 5505 3624 5592 ἐκδιδο-

2081 5590 2224 5654 ένου,
2248 5577 2649 5657 πᾶσινξκῖρνοζ
2679 5586 2774 5638 καὶ
2834 5586 3065 5657 παρεῖχε
3085 5577 3320 5657 apply?»
3367 5579 3480 5640 τοῖς
3506 5577 3623 5657 δσοι

2068 5662 2102 5713 ι’
2136 5644 2379 5729 ἐφέσεως
2407 5644 2554 5729 εἶχον
2582 5655 2693 5729 τῶν
2719 5644 3036 5729 ἑστηκοτων
3258 5644 3466 5729 Yfrtttn
3504 5644 3625 5729 hinc

423 5718 755 5811 ξὲέῘ-ἀειῖιῖ,
787 5718 1159 5811 ‘ih‘éﬁ'yiﬁué;
1182 5718 1315 5791 etc:
1349 5718 1787 5811 Κωνσταντῖνος,
1826 5718 1929 5789 nec
2142 5718 2575 5811 fuse-exposita,
2609 5718 3148 5796 aliaque'Tthphili
3190 5719 3418 5778 aedilicia
3452 5718 3626 5774 tribus

342 5806 699 5869 aliud'habet
729 5809 855 5866 cod.
891 5806 1024 5880 Reg.
1055 5822 1120 5863 ex
1154 5821 1261 5877 quo
1291 5820 1399 5861 non
1426 5806 1564 5860 bene
1602 5819 1924 5876 expressum

2035 5801 2126 5857 hic
2156 5800 2319 5856 lineis
2349 5798 2611 5854 indicata.
