4100 6428
519 351 658 418 1063

1761 351 2041 412 LEONIS
2075 347 2562 411 GRAMMATICI

3655 353 3790 416 1061

519 467 718 524 ratori.
800 469 894 525 Ille
947 470 1072 540 equi
1136 469 1204 524 ad
1276 469 1568 524 Circenses
1639 467 1797 523 ludos
1852 465 2088 520 mittendi

2205 468 2444 530 όδόντας,
2494 466 2554 534 ἐξ
2579 457 2654 520 ὧν
2689 463 2796 520 τῶν
2846 465 2983 520 ἐτῶν
3015 467 3048 537 ὴ
3081 467 3314 538 ποσότης
3341 466 3784 536 διαγινώσκεταιο

515 562 775 632 cupidus,
806 561 995 618 dentes
1030 561 1236 631 quibus
1295 575 1564 630 equorum
1603 569 1734 614 tetas
1763 559 2104 630 dignoscitur

511 663 854 708 etaunorum
889 669 1174 706 numerum
1211 653 1499 722 explorare
1531 651 1881 706 moliebatur.
1946 651 2102 720 Equo

512 759 641 799 vero
675 744 970 799 ferociente
1011 753 1065 798 et
1106 745 1429 798 calcitrante
1462 746 1764 814 augebatur
1804 745 2103 814 imperator

511 838 761 909 generosi
795 837 1030 892 sessoris
1065 852 1282 906 expers,
1315 837 1408 907 qui
1432 851 1634 905 equum
1668 837 1916 892 redderet
1946 852 2103 891 man-

510 938 754 983 suetum.
806 928 985 981 Anxio
1037 927 1221 998 itaque
1254 927 1574 997 imperatori
1632 927 1788 982 adest
1817 929 2103 999 proximus

509 1017 919 1087 TheOphilitzes
959 1036 974 1072 :
1038 1017 1138 1073 Est
1179 1019 1338 1084 mihi,
1375 1020 1574 1089 inquit,
1622 1019 1986 1089 peritissimus
2015 1019 2104 1090 ju-

513 1111 669 1165 venis
699 1121 752 1165 et
783 1126 1104 1181 generosus,
1151 1113 1309 1181 equis
1350 1113 1687 1184 subigendis,
1727 1113 1946 1184 qualem
1999 1115 2104 1168 im-

508 1205 717 1272 perium
762 1215 912 1256 tuum
949 1205 1176 1274 expetit,
1216 1206 1464 1270 idoneus,
1497 1205 1584 1260 cui
1617 1221 1811 1260 nomen
1847 1206 2101 1262 Basilius.

505 1293 842 1365 lmperatore
861 1297 1123 1352 advocari
1175 1299 1422 1368 jubente,
1452 1316 1516 1354 ex
1567 1301 1923 1358 cubiculariis
1962 1318 2103 1358 unus

507 1389 572 1442 ad
605 1388 864 1442 Ferream
887 1400 1097 1458 portam
1128 1391 1334 1444 missus
1355 1401 1456 1454 est,
1485 1392 1576 1458 qui
1616 1393 1873 1446 Basilium
1908 1392 2101 1447 inven-

506 1488 625 1534 tum
647 1496 770 1535 cum
801 1479 1153 1536 festinatione
1177 1483 1244 1536 ad
1298 1484 1682 1553 imperatorem
1712 1485 1956 1540 adduxit.
2007 1488 2102 1541 Ille

505 1585 708 1640 equum
741 1583 924 1626 tenere
948 1573 1164 1641 jussus,
1205 1589 1371 1628 manu
1409 1577 1625 1645 quidem
1661 1577 1874 1632 frenum
1902 1594 2100 1648 appre-

509 1664 714 1728 hendit,
740 1665 912 1718 altera
938 1679 1072 1720 vero
1103 1681 1289 1720 aurem
1315 1667 1560 1736 capiens,
1597 1668 1664 1722 ad
1700 1669 1818 1724 ovis
1845 1685 2103 1725 mansue-

507 1756 753 1809 tudinem
785 1755 966 1825 adegit
994 1773 1007 1810 :
1040 1771 1148 1826 quo
1193 1758 1496 1813 delectatus
1529 1768 1586 1814 et
1619 1761 1837 1830 gavisus
1873 1761 2106 1830 impera-

2209 559 2318 612 Τοῦ
2381 559 2438 613 δέ
2500 559 2669 612 ἵππου
2728 558 3137 630 θρασυνομένου
3193 562 3285 613 καὶ
3340 557 3788 633 σκιρτῶντος,ἦν

2207 652 2508 723 ἀχθόμενος
2531 651 2617 704 διὰ
2638 650 2799 704 τοῦτο
2820 651 2848 703 6
2883 650 3159 721 βασιλεὺς,
3177 651 3252 713 ὼς
3285 651 3511 722 μηδενὸς
3542 654 3787 725 εὐπορῶν

2206 745 2590 815 γενναιότητος
2641 745 2733 797 τὸν
2802 744 2969 797 ῐππον
3023 741 3494 814 ἐξημερώσαντος.
3559 746 3648 810 Ὦς
3697 743 3788 801 οὖν

2205 837 2422 908 ἧχθετο,
2448 835 2642 907 παρὼν
2670 837 2697 888 6
2721 834 3078 905 Θεοφιλίτζης
3103 852 3116 864 ο
3159 835 3282 888 Ὀτι
3304 835 3360 888 δὲ
3393 837 3504 905 ἔχω
3527 838 3787 909 νεώτερον

2205 929 2604 1000 ἐμπειρότατον
2631 969 2645 993 ,
2688 929 2784 981 καὶ
2838 927 3085 997 ἀνδρεῖον
3125 929 3204 992 είς
3248 929 3375 992 τοὺς
3414 929 3616 994 ἵππους
3676 927 3786 986 οἷον

2207 1020 2463 1090 ἐπιζητεῖ
2486 1021 2520 1090 ἡ
2554 1019 2802 1086 βασιλεία
2831 1035 2947 1082 σου,
2975 1018 3216 1089 τοῦνομα
3247 1020 3548 1076 Βασίλειον.
3594 1023 3702 1076 Τοῦ
3729 1024 3786 1078 δὲ

2209 1110 2474 1181 βασιλέως
2502 1109 2679 1163 ἐλθεῖν
2714 1109 2852 1180 πρὸς
2880 1110 3045 1163 αὑτὸν
3078 1111 3456 1176 κελεύσαντος,
3507 1113 3784 1184 ἀπεστάλη

2206 1203 2531 1272 κοιτωνίτης
2591 1203 2650 1254 ἐν
2695 1204 2760 1272 τῇ
2817 1202 3021 1272 Σιδηρᾷ
3055 1201 3220 1273 πύλη,
3263 1204 3473 1259 καὶτὸν
3506 1205 3785 1260 Βασίλειον

2206 1291 2404 1366 εὑρὼν,
2440 1291 2578 1360 μετὰ
2610 1291 2846 1362 σπουδῆς
2870 1291 3080 1362 1ἢγαγεν
3114 1293 3251 1360 πρὸς
3273 1294 3366 1347 τὸν
3392 1293 3637 1364 βασιλέα.
3677 1297 3788 1350 Καὶ

2207 1385 2524 1445 κελευσθεὶς
2574 1383 2666 1437 τὸν
2717 1385 2882 1436 ῖππον
2917 1384 3190 1453 κρατῆσαι
3215 1399 3230 1414 ⁸
3281 1388 3348 1456 τῇ
3384 1387 3482 1456 μὲν
3513 1389 3612 1456 μιᾷ
3645 1391 3787 1460 χειρὶ

2205 1479 2296 1532 τὸν
2321 1477 2539 1549 χαλινὸν
2569 1477 2874 1546 κρατήσας.
2903 1479 2967 1546 τῇ
3002 1476 3057 1528 δὲ
3093 1477 3257 1548 ἑτέρᾳ
3293 1477 3388 1529 τοῦ
3419 1478 3556 1541 ὠτὸς
3583 1478 3786 1550 δραξὰ-

2209 1589 2371 1643 μενος
2394 1573 2473 1634 εἰς
2497 1570 2812 1640 ἡμερότητα
2842 1570 3118 1640 προϐάτου
3153 1569 3451 1640 μετέϐαλεν
3477 1588 3492 1602 ο
3573 1566 3618 1640 ᾧ
3653 1574 3784 1642 ἀρε-

2208 1665 2358 1728 σθεὶς
2384 1665 2478 1718 καὶ
2502 1662 2860 1734 θεραπευθεὶς
2885 1666 2912 1716 ὁ
2939 1663 3191 1734 βασιλεὺς
3219 1665 3538 1735 παρέδωκεν
3565 1665 3640 1737 τῷ
3663 1655 3786 1720 ’Ᾱν-

2205 1758 2337 1830 δρέᾳ
2372 1757 2721 1828 ἐταιριάρχῃ,
2772 1754 2868 1807 τοῦ
2922 1751 3062 1809 εἶναι
3113 1757 3193 1820 είς
3247 1757 3345 1826 τὴν
3375 1757 3639 1828 ἑταιρίαν,
3689 1759 3786 1811 καὶ

507 1854 593 1899 tor
623 1843 884 1899 Basilium
920 1845 1151 1901 Androm
1177 1847 1574 1915 hetaariarchze,
1606 1859 1666 1903 ut
1692 1850 1977 1904 comitatui
2015 1851 2088 1904 al-

2200 1844 2474 1898 δουλεύειν
2502 1846 2560 1896 ἐν
2591 1846 2706 1907 τοῖς
2735 1844 2923 1908 ἵπποις
2973 1843 3162 1898 αὑτοῦ.
3207 1845 3534 1914 Ἀναγκαῖον
3559 1847 3614 1900 δὲ
3641 1849 3785 1918 ἡγη-

501 1936 776 2006 legeretur
801 1948 854 1992 et
880 1939 1038 2008 equis
1060 1940 1423 2008 subserviret,
1449 1943 1876 1998 commendavit.
1899 1943 1974 1999 De
1997 1943 2100 2000 Ba-

499 2027 626 2082 silio
661 2045 788 2084 vero
822 2046 943 2098 quae
972 2029 1135 2086 fuerit
1186 2033 1308 2102 ejus
1339 2035 1620 2099 educatio,
1664 2045 1718 2091 et
1755 2037 1899 2092 unde
1934 2035 2100 2093 fuerit

497 2129 676 2186 ortus,
700 2136 960 2178 enarrare
999 2127 1412 2180 neccessarium
1447 2127 1602 2182 duxi.

569 2211 620 2266 ls
653 2210 1030 2268 Macedoniam
1079 2215 1272 2270 habuit
1300 2217 1536 2286 patriam
1569 2219 1624 2272 in
1662 2219 2099 2290 Adrianopoleos

499 2304 679 2372 pagis,
707 2305 811 2358 sub
863 2303 1150 2362 Michaelis
1185 2307 1469 2378 Rangabe,
1525 2309 1718 2381 Ignatii
1773 2313 2099 2382 patriarchae

499 2398 772 2464 parentis,
820 2398 1071 2467 imperio.
1109 2400 1242 2466 Ejus
1279 2408 1523 2470 tempore
1561 2403 1794 2459 Crumus
1831 2404 2099 2475 Bulgaria:

498 2487 758 2558 princeps
788 2489 1054 2546 adversus
1082 2490 1427 2548 Christianos
1483 2508 1634 2548 arma
1673 2497 1866 2561 movit,
1909 2507 1963 2551 et
1993 2497 2096 2551 Mi-

495 2578 688 2633 chaele
730 2581 782 2633 in
817 2579 1000 2651 fugam
1047 2597 1230 2646 verso,
1263 2583 1545 2653 Leonique
1571 2587 1834 2642 Armenio
1861 2587 2096 2644 subinde

498 2669 839 2738 tyrannidem
870 2672 1190 2742 arripiente,
1226 2682 1282 2727 et
1310 2673 1630 2745 imperante,
1656 2682 1935 2746 protectus
1963 2678 2098 2734 Cru'

493 2774 622 2816 mus
657 2763 847 2817 urbem
871 2763 1108 2818 obsedit.
1165 2768 1210 2816 A
1250 2764 1432 2820 Leone
1473 2776 1656 2822 autem
1688 2769 1951 2824 Armenio
1987 2770 2098 2826 telo

493 2854 723 2922 petitus,
762 2862 818 2909 et
855 2854 908 2907 in
938 2853 1252 2925 Bulgariam
1300 2871 1650 2922 reversurus,
1691 2860 1843 2914 misit
1891 2861 1986 2930 qui
2022 2861 2092 2916 ad

496 2945 673 2999 sancti
729 2945 1020 3002 Mamantis
1051 2947 1167 3001 loca
1203 2947 1416 3017 praedas
1465 2961 1707 3021 agerent,
1739 2960 1794 3006 et
1836 2953 2095 3008 animalia

494 3051 636 3092 aerea
684 3038 887 3094 ibidem
933 3041 1110 3111 posita
1159 3051 1436 3110 raperent.
1492 3043 1624 3098 Inde
1680 3044 2091 3116 Adrianopolim

2205 1935 2389 2006 σάμην
2413 1933 2778 2004 διηγήσασθαι
2801 1933 2929 2004 περὶ
2959 1933 3054 1987 τοῦ
3084 1932 3247 1988 αὑτοῦ
3273 1932 3576 2001 Βασιλείου,
3599 1936 3697 2007 τήν
3724 1953 3782 1989 τε

2201 2028 2541 2102 ἀνατροφὴν,
2571 2027 2664 2080 καὶ
2695 2026 2819 2080 ὅθεν
2854 2026 3022 2081 ἐστίν.

2283 2210 2343 2263 '0
2373 2207 2534 2271 αὐτὸς
2561 2208 2818 2278 γεννᾶται
2857 2207 2916 2260 ἐν
2967 2206 3278 2278 Μακεδονία
3305 2208 3362 2260 ἐν
3414 2211 3528 2273 τοῖς
3561 2209 3783 2282 χωρίοις

2213 2299 2709 2373 Ἀδριανουπόλεως
2754 2298 2851 2352 ἐπὶ
2901 2301 3000 2370 τῆς
3059 2297 3342 2369 βασιλείας
3403 2301 3622 2371 Μιχαὴλ
3683 2302 3779 2355 τοῦ

2214 2394 2488 2464 Ῥαγκάϐε
2521 2393 2728 2464 πατρὸς
2791 2391 3056 2460 Ἰγνατίου
3101 2393 3195 2446 τοῦ
3245 2393 3608 2465 πατριάρχου.
3653 2394 3782 2448 Ἐπὶ

2196 2487 2390 2542 τούτου
2443 2484 2667 2556 ἐξῆλθεν
2714 2485 2743 2536 6
2770 2484 3030 2556 Κρούμος
3061 2484 3246 2555 ἄρχων
3269 2484 3608 2554 Βουλγαρὶας
3637 2487 3778 2540 κατὰ

2196 2580 2309 2634 τῶν
2359 2575 2737 2649 Χριστιανῶν·
2804 2575 2900 2629 καὶ
2953 2576 3188 2648 τραπεὶς
3234 2576 3474 2648 Μιχαὴλ,
3509 2578 3603 2631 καὶ
3626 2579 3777 2632 Λέων

2208 2671 2481 2742 ’Δρμένης
2511 2669 2859 2739 τυραννήσας
2888 2669 3072 2730 αὐτὸν,
3112 2667 3207 2721 καλ⁸
3231 2667 3579 2739 βασιλεύσας,
3609 2670 3775 2724 ἐλθὼν

2198 2761 2460 2834 Κροῦμος
2509 2759 2956 2832 πε-ριεκύκλωσεν
3008 2760 3109 2832 τὴν
3141 2761 3333 2814 πόλιν·
3365 2761 3679 2834 λογχευθεὶς
3717 2764 3774 2818 δέ

2198 2854 2304 2908 ὑπὸ
2364 2854 2598 2916 Λέοντος
2652 2852 2747 2906 τοῦ
2799 2853 3063 2924 Ἀρμένη,
3100 2853 3196 2907 καὶ
3237 2854 3592 2927 ὑποστρέφων
3627 2857 3685 2908 ἐν
3710 2861 3774 2926 τῇ

2196 2945 2508 3018 Βουλγαρίᾳ
2532 2945 2781 3016 ἐπεμψεν
2809 2946 2890 3009 είς
2914 2945 3005 2998 τὸν
3034 2946 3225 3015 Ἀγιον
3267 2949 3542 3017 Μάμαντα
3583 2947 3777 3016 ἀφελόο

2199 3055 2362 3108 μενος
2404 3039 2473 3092 τὰ
2525 3039 2705 3090 ἐκεῖσε
2759 3038 2941 3108 χαλκᾶ
2980 3037 3145 3102 ζῶδα.
3196 3039 3472 3093 ’Δπελθὼν
3502 3041 3559 3095 δὲ
3594 3043 3687 3096 καὶ
3715 3044 3778 3095 ἐν

493 3131 778 3187 declinans
806 3147 1084 3187 armorum
1115 3134 1166 3187 vi
1199 3134 1365 3203 cepit,
1391 3144 1447 3189 et
1479 3137 1724 3192 virorum
1756 3138 1924 3192 millia
1954 3139 2088 3194 duo«

2209 3131 2649 3202 Ἀδριανουπόλει
2702 3131 3015 3203 παρέλαϐεν
3078 3132 3270 3203 αὐτὴν,
3307 3134 3402 3188 καὶ
3447 3134 3777 3204 μετέστησεν

494 3223 675 3277 decim
708 3223 915 3294 absque
962 3224 1286 3280 mulieribus
1317 3229 1641 3283 transtulit:
1672 3245 1768 3286 eos
1808 3231 1874 3285 ad
1907 3229 2092 3285 Danu-

491 3313 642 3368 bium
687 3313 852 3383 jussit
901 3315 1168 3371 habitare.
1229 3315 1502 3389 Tempore
1547 3320 1742 3376 deinde
1800 3320 2092 3393 Theophili

492 3406 865 3477 imperatoris,
918 3414 1039 3462 erat
1103 3408 1369 3480 magister
1407 3411 1618 3466 militia:
1667 3411 1931 3485 Cordyles
1987 3430 2091 3469 no-

491 3499 737 3553 minatus
776 3499 831 3553 in
889 3498 1233 3556 Macedonia.
1288 3499 1338 3557 ls
1365 3502 1604 3558 habebat
1637 3503 1807 3560 lilium
1855 3505 2090 3561 Bardam

493 3590 717 3645 nomine
752 3599 806 3646 et
832 3591 977 3646 virili
1031 3600 1189 3647 astate
1223 3605 1564 3662 provectum,
1616 3612 1779 3666 quem
1813 3598 1931 3652 vice
1987 3613 2090 3654 sua

488 3679 881 3737 Macedonibus
919 3691 1073 3738 trans
1100 3682 1334 3739 Danubii
1369 3685 1612 3753 fluminis
1652 3687 1803 3758 ripas
1833 3688 2092 3743 habitan-

489 3774 638 3828 tibus
681 3774 959 3828 dominari
1007 3775 1252 3846 reliquit.
1305 3775 1422 3848 lpse
1456 3779 1698 3848 quodam
1760 3780 1985 3836 invento
2035 3792 2091 3836 et

488 3877 608 3921 arte
641 3867 708 3920 ad
740 3865 1106 3937 Theophilum
1137 3871 1393 3934 accessit,
1425 3887 1589 3940 quem
1638 3873 1885 3943 gaudens
1924 3889 2088 3929 exce-

490 3959 570 4028 pit
597 3968 648 4012 et
675 3972 741 4012 eo
763 3959 909 4028 quod
938 3960 1227 4029 expetebat
1273 3963 1511 4031 cognito,
1545 3971 1605 4017 ut
1645 3966 1862 4036 navigia
1893 3982 2088 4024 conse-

489 4058 834 4118 querentur,
910 4059 964 4104 et
1040 4051 1093 4104 in
1163 4051 1356 4106 urbem
1427 4054 1706 4122 redirent,
1787 4059 2084 4114 mandavit.

489 4142 625 4196 Erat
679 4156 846 4212 porro
896 4139 1170 4198 Baldimer
1232 4144 1500 4214 Bulgaria:
1565 4149 1842 4220 princeps,
1894 4151 2085 4208 Crumi

488 4247 700 4304 nepos,
759 4245 815 4290 et
887 4242 1044 4305 pater
1119 4235 1417 4294 Simeonis.
1512 4239 1870 4312 Captivorum
1953 4262 2084 4302 vero

490 4333 683 4381 turma:
748 4327 814 4381 de
868 4327 1042 4382 reditu
1099 4326 1154 4382 in
1205 4326 1546 4385 Romaniam1
1577 4348 1702 4388 cum
1735 4337 1998 4394 uxoribus
2033 4350 2087 4394 et

483 4415 650 4488 5,59
683 4416 809 4473 filiis
852 4417 1095 4474 inierunt
1123 4420 1441 4488 consilium,
1468 4434 1522 4477 et
1548 4424 1811 4482 Michaele
1840 4427 2076 4500 Bulgaro

2193 3224 2404 3296 ἀνδρῶν
2427 3224 2672 3294 χιλιάδας
2692 3223 2897 3281 δώδεκα
2920 3225 3090 3297 χωρὶς
3112 3227 3410 3295 γυναικῶν,
3434 3225 3528 3279 καὶ
3555 3225 3777 3289 τούτους

2194 3319 2518 3389 κατῴκησεν
2550 3318 2710 3389 μέχρι
2763 3317 2858 3370 τοῦ
2893 3319 3209 3375 Λανουϐίου.
3268 3319 3357 3371 Ἐν
3386 3318 3444 3372 δέ
3474 3321 3594 3382 ταῖς
3635 3319 3773 3389 ἡμέ-

2198 3428 2320 3483 ραις
2353 3410 2615 3480 Θεοφίλου
2639 3411 2734 3463 τοῦ
2762 3410 3029 3480 βασιλέως
3050 3406 3118 3483 ἦν
3157 3411 3534 3483 στρατηλάτης
3568 3411 3626 3464 ἐν
3655 3412 3776 3464 Μαι

2193 3501 2410 3572 κεδονία
2431 3503 2459 3555 ό
2487 3501 2770 3573 Κορδύλης
2807 3503 3353 3573 προσαγορευόμενος
3373 3520 3387 3535 ο
3420 3499 3564 3572 εἶχεν
3595 3503 3652 3556 δὲ
3680 3504 3775 3557 καὶ

2193 3597 2312 3651 υίὸν
2336 3595 2552 3666 Βάρδαν
2573 3596 2801 3665 ὀνόματι
2827 3595 3174 3666 ἠνδρωμένον
3199 3595 3365 3659 πάνυ,
3399 3596 3456 3647 ὃν
3484 3595 3773 3650 κατέλιπεν

2192 3690 2308 3744 ἀντ’
2338 3689 2504 3743 αὑτοῦ
2541 3690 2729 3759 ἄρχειν
2753 3688 2862 3740 τῶν
2911 3687 3236 3742 Μακεδόνων
3268 3688 3375 3741 τῶν
3401 3687 3567 3741 ὄντων
3595 3688 3775 3759 πέραν

2191 3779 2286 3834 τοῦ
2314 3779 2561 3850 ποταμοῦ
2591 3780 2684 3832 τοῦ
2715 3779 3032 3832 Λανουϐίου.
3060 3779 3231 3842 Αὐτὸς
3258 3779 3315 3832 δὲ
3350 3779 3490 3847 μετὰ
3524 3779 3772 3849 μηχανῆς

2192 3887 2336 3934 τινος
2388 3870 2637 3940 εἰσῆλθεν
2692 3872 2771 3934 εἰς
2815 3869 3098 3940 Θεόφιλον,
3130 3869 3189 3922 ὃν
3215 3869 3507 3938 δεξάμενος
3541 3871 3769 3939 χαίρων,

2190 3963 2287 4016 καὶ
2320 3963 2481 4030 γνοὶμς
2531 3961 2559 4014 6
2604 3961 2770 4027 θέλει,
2823 3960 3145 4015 ἀπέστειλεν
3196 3961 3355 4014 πλοῖα
3405 3961 3771 4014 ἀναλαϐέσθαι

2191 4054 2413 4117 αὐτοὺς,
2446 4053 2537 4106 καὶ
2575 4053 2752 4106 ἐλθεῖν
2779 4056 2835 4108 ἐν
2866 4057 2930 4125 τῇ
2965 4053 3140 4107 πόλει.
3183 4049 3292 4106 Ἦν
3317 4053 3373 4106 δέ
3402 4054 3584 4124 ἄρχων
3607 4052 3772 4107 Βουλ-

2189 4147 2389 4218 γαρίας
2424 4146 2719 4216 Βαλδίμερ,
2745 4146 2967 4214 ἔγγονος
3003 4144 3285 4216 Κρούμου,
3327 4145 3508 4216 πατὴρ
3543 4145 3771 4214 Συμεῶ⁹

2189 4257 2298 4304 νος.
2345 4237 2642 4308 Ἐποίησαν
2688 4238 2744 4290 δὲ
2779 4236 2974 4308 βουλὴν
3035 4239 3063 4291 6
3111 4237 3242 4297 λαὸς
3286 4241 3382 4291 σὺν
3431 4238 3643 4306 γυναιξὶ
3675 4239 3770 4290 καὶ

2187 4332 2399 4394 τέκνοις
2431 4331 2668 4396 ἐξελθεῖν
2723 4331 2781 4382 ἐν
2826 4329 3129 4400 Ῥωμανία.
3204 4328 3545 4392 Ἐξελθόντος
3580 4329 3636 4383 δέ
3660 4331 3770 4382 Μι-

2187 4423 2327 4496 χαὴλ
2364 4422 2676 4494 Βουλγάρου
2709 4423 2766 4474 ἐν
2795 4419 3186 4491 Θεὸσαλονίκῃ,
3224 4420 3458 4490 ἤρξαντο
3505 4420 3770 4493 διαπερᾷν

485 4520 679 4561 versus
730 4504 1185 4563 Thessalonicam
1240 4509 1510 4579 profecto,
1551 4528 1678 4568 cum
1727 4515 2080 4574 facultatibus

2193 4521 2284 4572 σὺν
2346 4520 2464 4580 ταῖς
2527 4515 2894 4569 ύποστάσεσιν
2951 4512 3154 4568 αὐτῶν.
3226 4512 3433 4568 Μαθὼν
3469 4514 3524 4566 δὲ
3575 4516 3602 4567 ό
3662 4515 3768 4568 Κό-

485 4600 606 4657 suis
641 4600 896 4671 trajicere
921 4611 1231 4672 coeperunt.
1264 4602 1422 4669 Quod
1453 4620 1577 4660 cum
1627 4609 1887 4664 rescisset
1939 4612 2080 4666 Cru-

483 4708 631 4756 mus,
688 4694 740 4746 in
768 4693 1054 4748 adversam
1092 4693 1340 4750 fluminis
1385 4697 1559 4768 ripam
1601 4702 1839 4766 transiit,
1872 4703 2074 4758 bellum

484 4785 761 4841 illaturus.
815 4785 1141 4843 Macedones
1203 4803 1262 4844 re
1323 4789 1609 4859 desperata
1671 4791 1965 4850 Tzanlzem
2022 4809 2079 4853 et

481 4876 773 4948 Cordylem
821 4876 925 4932 sibi
972 4879 1139 4934 duces
1183 4878 1508 4950 prteflciunt,
1537 4889 1594 4936 et
1623 4893 1879 4940 conserto
1937 4901 2079 4958 prae—

2192 4628 2300 4682 μης
2333 4609 2446 4682 (29)
2480 4607 2787 4681 [Κροῦμος]
2820 4607 3000 4672 τοῦτο,
3043 4607 3416 4678 ἁντεπὲρασεν
3446 4607 3768 4676 πολεμήσων

2185 4705 2405 4768 αὐτούς.
2446 4703 2801 4770 Ἀπογνόντες
2823 4701 2916 4754 οὖν
2947 4701 2996 4753 oi
3023 4699 3332 4761 Μακεδόνες
3371 4699 3634 4770 ἐποίησαν
3672 4717 3768 4752 κερ

2187 4797 2364 4868 φαλὴν
2394 4798 2485 4849 τόν
2513 4813 2572 4849 τε
2596 4793 2900 4863 Τζάντζην,
2922 4794 3019 4848 καὶ
3048 4793 3140 4847 τὸν
3165 4791 3445 4863 Κορδύλην
3468 4809 3480 4821 ·
3507 4792 3599 4846 καὶ
3626 4808 3766 4861 συμο

2191 4892 2448 4954 ϐαλόντες
2510 4888 2745 4957 πόλεμον
2801 4887 3130 4941 ἀπέκτειναν
3186 4884 3436 4951 πολλοὺς,
3503 4883 3655 4948 τινὰς
3706 4883 3764 4938 δὲ

1643 4995 1892 5055 FRANC.
1926 5001 2317 5064 COMBEFISII
2340 5003 2576 5060 NOTAE.

553 5082 984 5158 (29)_Emendat
1026 5085 1088 5138 P.
1139 5084 1283 5158 Goar
1312 5086 1588 5158 Κροῦμος,
1633 5103 1739 5144 non
1798 5091 1970 5158 bene;
2013 5096 2060 5153 is

481 5153 651 5208 enim'
674 5153 787 5222 jam
830 5154 1064 5216 obierat,
1099 5156 1290 5223 primis
1322 5153 1434 5210 fere
1470 5153 1679 5213 Leonis
1706 5162 1926 5217 Armeni
1959 5153 2060 5221 an-

479 5225 588 5289 nis,
617 5237 682 5278 ac
713 5223 844 5278 dum
901 5225 1177 5298 ingentem
1225 5225 1372 5298 illam
1416 5230 1815 5298 expeditionem
1867 5235 2059 5291 urbem

479 5294 986 5370 eversurus_p_ar_at,
1033 5294 1276 5370 utilieg.
1318 5294 1638 5370 Anonymus
1669 5315 1833 5363 supra
1861 5319 1876 5354 :
1909 5315 2059 5360 erat-

481 5377 588 5433 que
614 5363 728 5434 jam
745 5363 1049 5441 _Bald_imer_
1065 5363 1249 5441 illius:
1268 5382 1435 5436 nepos
1473 5363 1848 5441 :Bulgarorum
1902 5375 2055 5441 prin-

481 5445 652 5506 ceps._
656 5445 715 5506 ut
745 5434 856 5490 Leo
889 5435 1005 5505 ipse
1030 5436 1144 5506 jam
1185 5434 1420 5494 dixerat.
1460 5434 1631 5506 Quem
1673 5441 1762 5496 hic
1812 5434 2058 5499 Michae-

480 5502 587 5558 lem
620 5502 926 5580 B_nl_garuni
971 5502 1316 5580 vocat,_num
1367 5502 1504 5576 ipse'
1537 5512 1629 5571 sit,
1681 5527 1842 5579 quem
1898 5515 2064 5580 paulo

479 5582 606 5628 ante
639 5572 998 5632 Baldimerem
1033 5572 1440 5648 appellaverat?
1471 5580 1584 5648 Ego
1607 5572 1852 5648 sic-puto
1899 5572 2068 5639 occu-

482 5650 762 5720 patoeu'm
808 5661 1057 5720 vocasse.
1091 5649 1199 5720 etsi
1248 5659 1303 5704 et
1347 5649 1478 5704 illud
1527 5661 1716 5720 postea
1759 5667 1956 5708 tionten
2012 5655 2066 5708 in

483 5712 755 5791 baptismo
786 5718 999 5791 accepit
1025 5733 1055 5770 a
1087 5716 1350 5791 Michaele
1390 5712 2071 5791 impositum,uti,babetur

482 5794 538 5848 p.
571 5782 680 5836 403
714 5799 728 5835 :
762 5800 873 5856 quo
899 5782 1062 5842 etiam
1097 5787 1216 5843 loco
1242 5799 1295 5843 et
1339 5782 1484 5844 ante'
1510 5782 1846 5859 baptismum
1876 5794 2066 5849 eadem

2167 5099 2529 5174 occupatione
2574 5095 2803 5151 Michael
2840 5092 3532 5174 nuncupatusﬂinvenitur.
3565 5090 3763 5174 cedre.

2170 5185 2276 5226 nus
2303 5163 2490 5224 Crumi
2525 5181 2927 5229 successorem,
2961 5165 3153 5234 utique
3182 5163 3509 5234 Baldimeris
3544 5173 3754 5229 patrem

2167 5239 2356 5294 Crumi
2382 5238 2596 5308 nepotis
2623 5236 2990 5308 Crytagonem
3013 5231 3359 5308 vocatlQuid
3388 5235 3431 5288 si
3457 5231 3568 5286 Leo
3597 5249 3758 5308 quem

2165 5320 2214 5364 et
2250 5305 2638 5368 Baldimcrem.
2686 5305 2742 5362 et
2794 5305 3117 5362 Michaelem
3158 5305 3396 5368 dixerat,
3456 5317 3520 5358 ex
3584 5306 3758 5373 patris

2166 5379 2332 5434 etiam
2369 5379 2592 5433 nomine
2622 5377 2702 5432 sic
2733 5375 3091 5444 nuncupavit.
3123 5374 3455 5443 scripsitque
3493 5375 3758 5445 Κρυπτά-

2167 5465 2351 5521 γορος,
2417 5464 2481 5521 es
2544 5464 2656 5517 quo
2703 5446 2993 5521 imperitus
3035 5445 3295 5521 librarius
3359 5444 3758 5521 suum’xépq;

2167 5514 2525 5588 expresserit,
2565 5514 2622 5572 ut
2672 5527 2755 5572 est
2784 5514 2976 5571 facilis
3007 5531 3160 5570 error
3195 5517 3248 5570 in
3284 5514 3598 5588 nominibus
3631 5529 3754 5583 prn-

2167 5585 2346 5654 priis?
2396 5588 2760 5658 Bulgarorum
2828 5588 3126 5664 principem
3195 5601 3260 5639 ac
3315 5585 3599 5664 dominum
3661 5599 3753 5638 co-

2173 5661 2359 5715 mitem
2397 5656 2729 5730 appellatum
2787 5673 2874 5713 me
2913 5659 3146 5730 legisse_,
3187 5671 3295 5711 non
3338 5656 3595 5718 memini;
3656 5668 3750 5710 nec

2176 5730 2332 5788 aliter
2367 5726 2650 5786 emendem
2690 5744 2856 5799 quam
2898 5726 3150 5798 exposui.
