4100 6448
503 394 638 462 Ῑθῖι

1727 391 2004 453 [Εοῖδέιὸ
2044 393 2534 462 GRAMMATICI

3639 391 3776 456 1072

493 508 727 563 Michael
780 505 1013 559 Bardam
1063 501 1396 557 avunculum
1439 511 1729 570 promovet
1763 503 2037 557 Caesarem
2076 519 2088 554 :

2203 504 2262 556 τά
2311 503 2505 557 δυτικὰ
2562 500 2797 572 θέματα,
2858 497 3281 572 τελευτήσαντος
3337 499 3502 553 αὑτοῦ
3575 504 3754 554 ἐκεῖσε

457 623 468 640 κ
489 603 586 672 qui
614 617 774 657 curru
810 617 905 668 per
945 599 1179 652 mediam
1209 598 1398 650 urbem
1424 607 1634 661 vectus,
1677 611 1906 652 munera
1937 613 2092 668 spar-

494 695 568 749 sit
599 695 652 747 in
694 690 983 763 populum.
1436 699 1443 704 '

568 882 837 953 Egressus
885 876 1066 932 autem
1100 876 1503 932 Saracenorum
1556 876 1784 932 Ameras
1830 875 2090 947 Sinopcm

494 991 668 1044 usque
699 971 1007 1034 descendit,
1040 967 1344 1022 Romanam
1398 981 1620 1022 omnem
1679 967 1956 1037 regionem
1996 984 2091 1022 va-

497 1079 672 1122 stans.
701 1063 930 1117 Michael
963 1076 1092 1116 vero
1129 1077 1236 1115 una
1273 1075 1399 1115 cum
1433 1057 1606 1114 Barda
1650 1059 1868 1113 Caesare
1904 1059 2094 1114 adver-

493 1177 588 1215 sus
614 1157 937 1212 Michaelem
967 1155 1198 1208 alterum
1233 1153 1503 1224 Bulgaria:
1519 1153 1819 1222 principem
1850 1151 2094 1207 instruc-

495 1265 608 1308 tum
638 1252 945 1306 exercitum
993 1257 1138 1302 terra
1174 1249 1424 1316 murique
1470 1256 1675 1312 movet,
1707 1247 1850 1315 quod
1895 1243 2095 1318 Bulga-

494 1358 682 1398 rorum
703 1351 918 1412 gentem
948 1339 1090 1393 fame
1111 1339 1346 1392 defiet-re
1373 1337 1674 1392 didicisset.
1697 1337 1914 1408 Bulgari
1936 1339 2093 1407 quasi

497 1435 733 1490 tonitrui
761 1432 947 1488 sonitu
973 1431 1224 1500 percussi
1255 1430 1420 1485 soluti
1450 1440 1579 1484 sunt
1616 1430 1836 1494 animis,
1876 1439 1929 1485 et
1969 1439 2097 1486 ante

477 1538 770 1584 certamen
799 1524 1229 1594 conﬂictumquc
1257 1538 1478 1577 omnem
1513 1523 1580 1578 de
1621 1523 1854 1579 victoria
1894 1525 2094 1592 despc-

493 1631 706 1686 rantes,
739 1617 1088 1673 Christianos
1146 1630 1204 1672 se
1237 1614 1478 1680 futuros,
1537 1625 1591 1670 et
1635 1616 1956 1686 imperatori
1985 1615 2097 1671 Ro-

496 1711 1174 1780 manisqucobsequentes
1192 1709 1587 1778 promiserunt.
1616 1707 1916 1780 Imperator
1940 1711 2094 1780 prin-

492 1803 670 1870 cipem
749 1816 939 1854 eorum
1007 1814 1153 1868 aqua
1223 1800 1458 1852 tinctum
1533 1815 1690 1854 sacra
1759 1803 2089 1872 suscipiens,

2196 599 2332 651 Μετ’
2362 597 2542 665 ὀλίγον
2565 593 2621 647 δὲ
2650 597 2717 666 τῇ
2754 594 2991 665 τετάρτῃ
3048 594 3144 663 τῆς
3175 595 3612 666 Διακαινησίμου
3645 611 3779 666 προ-

2196 688 2451 743 ϐάλλεται
2510 686 2733 758 Μιχαὴλ
2787 684 3000 756 Βάρδαν
3031 685 3175 737 θεῖον
3218 684 3382 738 αὑτοῦ
3421 684 3702 756 Καίσαρα,
3724 685 3780 747 ὃς

2195 783 2286 835 ἐπὶ
2342 781 2590 852 ἅρματος
2652 778 2945 850 ἑποχηθεὶς
2991 777 3194 830 ἔδωκεν
3223 776 3488 831 ὑπατείαν
3517 779 3585 847 τῇ
3618 778 3775 848 μέσῃ.

2279 872 2537 945 Ἐξῆλθεν
2565 872 2621 925 δὲ
2656 874 2750 925 καὶ
2781 872 2809 924 ὁ
2846 872 3016 942 Ἀμὲρ
3061 870 3156 924 καὶ
3181 869 3452 941 κατῆλθεν
3498 872 3660 941 μέχρι
3691 868 3779 920 Σι-

2196 969 2403 1039 νώπης,
2436 969 2766 1042 ληϊσάμενος
2814 969 2995 1022 πάντα
3039 969 3106 1020 τὰ
3141 967 3250 1020 τῶν
3298 966 3605 1036 Ῥωμαίων.
3663 965 3784 1019 Ἐκ-

2199 1059 2535 1133 στρ-ατεὺσας
2559 1059 2616 1112 δὲ
2643 1057 2865 1128 Μιχαὴλ
2891 1057 3007 1125 ἆμα
3059 1055 3242 1126 Βάρδα
3280 1055 3525 1126 Καίσαρι
3570 1052 3784 1123 κίνησιν

2197 1153 2344 1205 ποιεῖ
2373 1152 2514 1204 κατᾶ
2553 1149 2774 1219 Μιχαὴλ
2803 1148 3070 1220 ἄρχοντος
3117 1147 3457 1219 Βουλγαρίας
3483 1146 3570 1200 διά
3593 1161 3650 1198 τε
3680 1143 3784 1215 γῆς

2197 1247 2292 1300 καὶ
2317 1245 2614 1315 θαλάσσης,
2646 1241 2832 1312 μαθὼν
2868 1241 2927 1294 τὸ
2953 1241 3062 1295 τῶν
3102 1240 3429 1312 Βουλγάρων
3459 1239 3610 1303 έθνος
3642 1237 3785 1308 λιμῷ

2197 1335 2484 1408 τήκεσθαι.
2515 1337 2577 1388 υἱ
2612 1335 2670 1386 δὲ
2713 1332 3012 1405 Βούλγαροι
3037 1332 3197 1386 τοῦτο
3243 1332 3527 1402 μαθόντες,
3565 1329 3640 1393 ὡς
3669 1329 3786 1400 ἤχῳ

2199 1429 2430 1502 βροντῆς
2464 1427 2877 1496 ὑπεκλὺθησαν,
2905 1426 2998 1479 καὶ
3033 1426 3140 1494 πρὸ
3173 1425 3282 1478 τῶν
3312 1424 3539 1492 ἀγώνων
3562 1422 3655 1477 καὶ
3685 1423 3784 1491 τῆς

2201 1524 2382 1595 μάχης
2410 1522 2540 1594 περὶ
2593 1521 2691 1592 τῆς
2728 1521 2887 1590 νίκης
2936 1518 3287 1587 ἀπέγνωσαν,
3337 1518 3431 1569 καὶ
3469 1515 3789 1587 Χριστιανοὶ

2196 1616 2474 1687 γενέσθαι,
2542 1616 2638 1668 καὶ
2687 1613 3092 1667 ὑποτάττεσθαι
3143 1609 3219 1683 τῷ
3249 1610 3460 1682 βασιλεῖ
3501 1610 3594 1663 καὶ
3637 1608 3788 1662 Ῥω·-

2200 1710 2379 1781 μαῐοις
2410 1710 2707 1780 ᾐτήσαντο.
2759 1706 2818 1759 Ὀ
2850 1705 2908 1759 δὲ
2945 1705 3196 1775 βασιλεὺς
3237 1703 3329 1756 τὸν
3362 1702 3596 1773 ἄρχοντα
3626 1699 3790 1760 αὑτὸν

2199 1803 2468 1876 βαπτίσας
2497 1802 2591 1855 καὶ
2622 1799 2939 1870 δεξάμενος,
2974 1795 3322 1850 ἐπιτέθεικεν
3340 1793 3490 1862 αὑτῷ
3513 1794 3573 1846 τὸ
3595 1792 3789 1862 δνομα.

497 1893 775 1963 proprium
813 1893 860 1947 ei
894 1907 1092 1945 nomen
1127 1891 1348 1955 indidit,
1380 1900 1433 1945 ct
1463 1907 1719 1961 proceres
1755 1895 1874 1964 ejus
1899 1909 2092 1949 omnes

2203 1898 2339 1959 Τοὺς
2378 1895 2434 1947 δὲ
2490 1893 2854 1966 μεγεστάνους
2899 1889 3067 1944 αὑτοῦ
3098 1890 3154 1944 ἐν
3183 1893 3251 1960 τῇ
3296 1889 3451 1941 πόλει
3481 1887 3791 1955 εἰσαγαγὼν

497 1988 549 2040 in
563 1985 1028 2051 urbem-inductos
1047 1984 1373 2055 baptismate
1389 1985 1609 2039 lustrari
1635 1987 1867 2042 curavit.
1886 1987 2097 2042 Exinde

496 2091 628 2147 pace
674 2075 942 2146 profunda
986 2077 1314 2144 composita,
1373 2076 1606 2132 Amcras
1665 2079 1717 2132 in
1767 2079 2093 2134 Romaniam

495 2164 664 2220 movit
691 2181 706 2219 :
735 2163 1024 2234 eidemque
1083 2164 1374 2218 orientalis
1420 2165 1633 2219 militiae
1683 2167 1952 2238 magister
1989 2168 2092 2222 Pe-

495 2270 684 2313 trOnas
716 2269 770 2312 et
796 2256 1043 2312 Nazarus
1068 2257 1513 2311 Buccelariorum
1555 2257 1689 2326 dux,
1741 2261 1970 2316 structis
2003 2277 2098 2331 per

494 2353 640 2404 viam
680 2349 898 2405 insidiis
933 2350 1002 2405 ad
1052 2350 1421 2404 Lalaeaoncm
1456 2351 1707 2406 redeunti
1746 2367 2046 2412 occurrunt
2079 2373 2090 2408 :

495 2445 882 2512 consertisque
923 2442 1180 2496 manibus
1213 2443 1467 2497 Ameram
1522 2445 1576 2497 in
1614 2443 1796 2515 fugam
1853 2458 2094 2516 vertunt,

493 2544 549 2587 et
575 2534 807 2588 salutem
843 2534 1074 2602 pedibus
1114 2548 1360 2602 quaerere
1389 2543 1612 2604 cogunt.
1644 2535 1922 2590 Comitum
1956 2554 2094 2593 nun—

496 2626 683 2680 nullus
715 2622 1012 2693 fugientem
1082 2624 1412 2693 insequitur,
1463 2633 1516 2679 et
1573 2634 1736 2695 caput
1799 2627 1919 2696 ejus
1977 2643 2097 2683 ain-

496 2728 746 2789 putatum
793 2718 1020 2780 tollens,
1058 2718 1126 2771 ad
1159 2716 1452 2772 Petronam
1511 2719 1717 2773 militiae
1769 2721 2094 2792 magistrum

488 2813 716 2867 detulit.
778 2811 1034 2880 Regressi
1084 2811 1251 2880 igitur
1279 2815 1448 2866 duces
1483 2826 1608 2866 cum
1645 2813 1888 2868 victoriae
1923 2815 2096 2871 titulis

492 2910 564 2962 de
595 2908 725 2974 ipsis
765 2907 818 2958 in
845 2905 1006 2961 Circo
1039 2905 1449 2974 triumpharunt
1487 2922 1500 2958 :
1545 2915 1599 2959 et
1634 2921 1698 2960 ex
1735 2915 1866 2961 tunc
1895 2924 2093 2980 magna

491 2996 872 3065 tranquillitas
900 2995 1040 3048 facta
1067 3005 1152 3050 est
1175 3009 1270 3064 per
1301 2993 1603 3059 Orientem,
1636 3005 1858 3066 propter
1883 3001 2098 3055 Amerae

498 3089 806 3143 interitum.
846 3087 910 3139 Et
941 3089 1179 3141 aliorum
1214 3089 1436 3157 quidem
1492 3089 1710 3144 labores
1740 3103 1794 3145 et
1831 3091 2099 3148 adversus

2200 1989 2498 2042 ἐϐάπτισεν
2520 1987 2750 2052 πάντας,
2769 1984 2955 2038 ἔκτοτε
2974 1982 3276 2054 γενομένης
3301 1983 3528 2051 εἰρήνης
3547 1970 3791 2051 βαθείας.

2197 2082 2302 2137 Τὸν
2347 2070 2516 2152 apt?
2539 2078 2702 2133 πάλιν
2728 2075 3018 2145 ἐξελθόντα
3033 2073 3177 2128 κατὰ
3215 2071 3547 2143 Ῥωμανίας,
3594 2088 3795 2143 στρατο

2197 2176 2405 2248 ηλάτης
2426 2173 2501 2228 ὢν
2527 2173 2628 2242 τῆς
2659 2170 2953 2240 Ἀνατολῆς
3003 2168 3318 2242 Πετρωνᾶς,
3352 2167 3448 2220 καὶ
3467 2165 3660 2231 Νάσαρ
3686 2169 3794 2218 τῶν

2199 2269 2618 2336 Βουκελλαρίων
2663 2266 3000 2336 λοχήσαντες
3027 2264 3128 2336 τὴν
3149 2263 3268 2317 ὁδὸν
3311 2260 3410 2330 τῆς
3443 2256 3795 2329 ὑποστροφῆς

2199 2362 2364 2416 αὖτοῦ
2417 2361 2757 2414 συναντῶσιν
2807 2358 2959 2428 αὑτῷ
3017 2361 3097 2422 είς
3149 2357 3240 2409 τὸν
3287 2350 3655 2413 Λαλακάωνα,
3702 2351 3795 2402 καὶ

2200 2456 2480 2527 συμϐολῆς
2543 2453 2846 2525 γενομένης
2896 2451 3194 2524 τρέπουσιν
3238 2449 3444 2519 Ἀμέρο
3497 2446 3592 2499 καὶ⁵
3643 2446 3790 2514 φυγῇ

2198 2549 2547 2621 χρησάμενος
2577 2544 2908 2600 καταδιώκει
2946 2543 3096 2615 αὑτῷ
3138 2539 3351 2615 [αὑτὸν]
3378 2557 3460 2602 τις
3489 2538 3596 2592 τῶν
3621 2535 3793 2606 κομή-

2195 2658 2332 2693 των·
2367 2641 2460 2694 καὶ
2502 2637 2696 2692 τούτου
2732 2637 2832 2708 τὴν
2863 2635 3109 2706 κεφαλὴν
3142 2635 3279 2706 ἄρας
3298 2633 3506 2703 ἤγαγεν
3537 2627 3793 2700 [Ιετρωνᾷ

2200 2729 2574 2804 στρατηλάτῃ.
2602 2729 2952 2792 Είσελθόντες
2983 2727 3039 2781 δὲ
3072 2728 3121 2780 οἱ
3156 2722 3458 2797 στρατηγοὶ
3499 2719 3635 2791 μετὰ
3669 2722 3790 2772 ἐπι-

2199 2822 2389 2877 νικίων
2423 2821 2835 2894 ὲθριάμϐευσαν
2861 2819 3004 2874 αὑτὰ
3026 2821 3084 2873 ἐν
3110 2817 3188 2888 τῷ
3213 2815 3444 2885 ἱππικῷ.
3480 2815 3588 2867 Καὶ
3608 2812 3791 2867 ἔκτοτε

2199 2915 2417 2984 ἐγένετο
2457 2915 2669 2987 γαλήνη
2724 2914 2940 2986 μεγάλη
2999 2916 3058 2967 ἐν
3119 2915 3182 2984 τῇ
3250 2909 3510 2981 Ἀνατολῇ
3549 2907 3636 2962 διὰ
3693 2906 3792 2974 τήν

2198 3007 2293 3061 τοῦ
2342 3007 2512 3080 Ἀμὲρ
2547 3009 2784 3077 σφαγήν.
2820 3004 2930 3061 Καὶ
2986 3005 3163 3060 ἄλλων
3193 3003 3292 3075 μὲν
3320 3004 3369 3056 οἱ
3389 3002 3559 3065 πόνοι,
3595 2999 3691 3054 καὶ
3724 3000 3794 3052 τὰ

2202 3101 2343 3154 κατὰ
2371 3100 2481 3154 τῶν
2515 3100 2795 3171 πολεμίων
2843 3099 3384 3171 ἁνδραγαθήματα...
3407 3097 3468 3150 ’11
3498 3095 3555 3149 δὲ
3583 3093 3674 3148 τοῦ
3699 3092 3792 3166 βα·

498 3183 686 3236 hostes
719 3182 936 3249 egregia
974 3178 1294 3235 facinora...
1320 3181 1626 3252 imperator
1651 3197 1749 3252 pro
1776 3198 1874 3238 sua
1907 3184 1961 3238 in
1995 3183 2094 3240 Ba-

2206 3192 2399 3256 σιλέως
2457 3193 2650 3262 ἀγάπη
2691 3193 2827 3264 πρὸς
2879 3192 2970 3245 τὸν
3016 3191 3299 3244 Βασίλειον
3347 3189 3656 3260 ἐξεκέχυτο,
3702 3188 3794 3241 καὶ

497 3273 681 3328 silium
718 3271 1039 3342 impcnsiori
1077 3272 1456 3328 benevolentia
1517 3275 1666 3344 parvi
1725 3274 1982 3345 faciebat,
2041 3286 2096 3333 et

495 3382 621 3421 eum
654 3365 858 3430 solum,
897 3382 924 3418 a
984 3380 1094 3436 quo
1126 3368 1418 3421 commoda
1473 3370 1746 3438 reciperet
1803 3369 2093 3441 obsequia,

499 3459 808 3529 reputabat.
859 3457 1091 3514 Michael
1121 3456 1284 3530 463
1328 3475 1595 3529 equorum
1639 3461 1916 3516 stabulum
1958 3480 2099 3518 mar-

496 3552 748 3608 moribus
812 3555 1140 3607 adornatum
1187 3563 1244 3608 et
1295 3567 1566 3621 aquarum
1619 3554 1777 3624 copia
1828 3555 2096 3628 irriguum

496 3645 780 3709 instruxit,
810 3642 1099 3714 eﬂ‘ecitqne
1145 3646 1263 3699 visu
1290 3647 1783 3715 jucundissimum.
1850 3647 2095 3721 Eo'pcr-

495 3733 644 3790 lecto
675 3735 872 3789 Petrus
927 3737 1176 3805 quidam,
1209 3755 1375 3808 quem
1437 3738 1760 3808 Magistrum
1798 3741 2096 3811 Pauperem

500 3828 793 3891 vocabant,
821 3829 904 3881 vir
932 3843 1100 3899 sagax
1131 3838 1185 3882 et
1233 3830 1480 3886 dicteriis
1530 3841 1807 3898 assuetus,
1865 3835 1920 3888 in
1963 3837 2100 3891 urbe

499 3919 845 3974 morabatur.
880 3918 1118 3975 Michael
1138 3919 1314 3976 eidem
1345 3922 1414 3978 ad
1437 3938 1496 3979 se
1513 3923 1784 3981 advocato
1816 3929 2102 3983 instructae

500 4012 703 4065 domus
723 4008 969 4080 ineptum
993 4022 1246 4067 ornatum
1270 4013 1787 4084 demonstrabat,ab
1802 4019 2098 4076 eolaudem

502 4098 749 4170 recipere
774 4102 1029 4171 cuplens,
1058 4116 1124 4157 ac
1152 4111 1473 4172 perpetuam
1505 4108 1751 4163 nominis
1777 4111 2098 4165 memoriam

501 4209 572 4248 ex
625 4195 946 4264 hujasmndi
995 4196 1186 4266 operi-3
1229 4205 1508 4253 structura
1569 4209 1981 4269 reportaturum
2043 4220 2104 4260 se

498 4289 737 4355 iactans.
795 4288 894 4344 Ille
935 4289 1254 4360 imperatori
1308 4290 1808 4349 a—it:Ju31inianus
1848 4292 2100 4367 Magnam

503 4375 796 4432 ecclesiam
819 4393 964 4434 auro.
988 4389 1220 4449 argemo
1250 4381 1732 4452 marmoribuaque
1761 4384 2100 4453 pretiosissi-

503 4467 608 4522 mis
631 4471 947 4524 decor-alam
977 4470 1246 4536 condidit,
1278 4474 1512 4543 ejusque
1553 4476 1818 4530 memoria
1861 4477 2098 4534 extincta

2206 3284 2394 3337 τοῦτον
2423 3283 2584 3354 μόνον
2612 3284 2864 3355 ενόμιζεν
2893 3277 3036 3336 εἶναι
3063 3283 3156 3336 τὸν
3206 3281 3583 3351 θεραπεύοντα
3611 3282 3794 3335 αὐτόν.

2211 3379 2437 3432 Ἔκτισε
2462 3379 2520 3431 δὲ
2547 3378 2770 3449 Μιχαὴλ
2791 3377 3022 3430 σταῦλον
3052 3378 3163 3438 τοῖς
3187 3375 3376 3438 ἵπποις
3395 3373 3560 3428 αὑτοῦ
3587 3375 3764 3443 κοσμή

2209 3489 2310 3534 σας
2341 3469 2660 3541 μαρμάροις
2685 3470 2780 3523 καὶ
2815 3469 3025 3524 ὑδάτων
3051 3469 3342 3541 ἐπιρροαῖς
3378 3470 3797 3530 κατασκευάσας

2206 3562 2561 3636 ὡραιὼτατον
2589 3565 2753 3616 πάνυ.
2781 3563 2891 3617 Καὶ
2916 3561 3107 3615 τούτου
3144 3561 3490 3625 τελεσθέντος
3518 3556 3584 3630 ἦν
3623 3579 3703 3623 τις
3738 3563 3797 3611 ἐν

2209 3659 2273 3728 τῇ
2308 3656 2462 3710 πόλει
2488 3656 2717 3728 ὀνόματι
2751 3655 2959 3726 Πέτρος
3017 3654 3195 3724 λόγιος
3246 3653 3340 3706 καὶ
3382 3651 3708 3716 σκωπτικος,
3737 3653 3798 3705 ὃν

2182 3750 2305 3802 ικαὶ
2339 3750 2834 3820 πτωχομάγιστρον
2893 3747 3147 3800 ἐκάλουν.
3187 3746 3390 3799 Τοῦτον
3421 3745 3799 3817 προσκαλεσά·

2213 3855 2376 3909 μενος
2397 3839 2620 3912 Μιχαὴλ
2647 3842 2705 3892 ὲν
2737 3837 2816 3905 τῷ
2841 3836 3058 3908 σταύλῳ
3119 3836 3477 3890 ὑπεδείκνυεν
3520 3835 3668 3905 αὐτῷ
3703 3835 3799 3902 τὴν

2211 3929 2406 3999 ἄλογον
2435 3930 2530 3984 τοῦ
2563 3930 3106 3992 κατασκευασθέντος
3135 3928 3287 3985 οἴκου
3333 3930 3694 4002 εὐπρέπειαν,
3723 3931 3798 3992 ὡς

2213 4022 2542 4096 βουλόμενος
2598 4022 2957 4094 ἐπαινεθῆναι
3030 4022 3164 4094 παρ’
3223 4022 3424 4076 αὑτοῦ·
3482 4019 3654 4076 εἰπὼν
3707 4024 3801 4075 καὶ

2210 4117 2395 4183 τοῦτο,
2430 4115 2506 4183 ὡς
2553 4119 2641 4170 ἀεὶ
2707 4115 3149 4188 μνημονεύεσθαι
3200 4116 3410 4188 μέλλων
3451 4116 3540 4170 διὰ
3567 4117 3666 4188 τὴν
3706 4117 3801 4170 τοῦ

2211 4209 2378 4282 ἔργου
2432 4211 2628 4264 τούτου
2677 4212 3050 4283 κατασκευήν.
3100 4211 3158 4266 '0
3197 4212 3252 4265 δὲ
3312 4211 3416 4281 ἔφη
3456 4211 3532 4282 τῷ
3561 4210 3798 4282 βασιλεῖ·

2222 4301 2598 4366 ἰουστινιανδς
2618 4303 2836 4358 ἔκτισεν
2853 4303 2954 4375 τήν
2974 4305 3235 4375 Μεγάλην
3251 4304 3580 4374 Ἐκκλησίαν
3595 4305 3803 4374 κοσμή-

2211 4410 2312 4457 σας
2344 4393 2555 4465 χρυσῷ,
2609 4395 2706 4449 καὶ
2753 4395 3015 4467 ἀργύρῳ,
3070 4397 3162 4451 καὶ
3221 4399 3538 4468 μαρμάροις
3584 4394 3803 4449 πολυτί-

2214 4503 2356 4557 μοις·
2408 4488 2505 4540 καὶ
2541 4488 2730 4561 μνήμη
2778 4487 2943 4542 αὑτοῦ
2969 4489 3064 4542 νῦν
3095 4491 3195 4543 οὑκ
3219 4489 3358 4544 ἔστι.
3398 4490 3511 4544 Καὶ
3536 4490 3619 4553 σὺ,
3647 4487 3804 4559 βασι·

499 4571 633 4618 est:
676 4572 741 4618 tu
773 4578 926 4628 vero,
977 4564 1300 4634 imperator,
1361 4566 1598 4620 stercori
1647 4567 1772 4623 loco
1829 4569 2098 4626 destinato

2209 4578 2327 4644 λεῦ,
2375 4581 2737 4654 κοπροθέσιον
2789 4583 3026 4653 ποιήσας
3070 4584 3164 4637 καὶ
3207 4584 3421 4651 ἀλόγων
3471 4584 3800 4648 ἀνάπαυσιν,

497 4666 889 4721 equorumque
920 4653 1202 4709 domicilio
1233 4665 1581 4721 constructo,
1615 4657 1885 4713 celebrem
1919 4671 2106 4730 poste-

509 4745 658 4799 ritati
705 4754 764 4800 te
815 4745 1073 4801 futurum
1117 4748 1372 4805 εδειθὶσῖ
1400 4749 1497 4804 Ille
1545 4750 1803 4806 laudibus
1845 4767 1985 4822 quas
2043 4768 2110 4808 ex

497 4836 624 4904 ejus
655 4850 752 4893 ore
790 4840 1100 4894 venabatur
1131 4839 1458 4908 (instratus,
1483 4857 1753 4899 accensus
1779 4845 1884 4910 ira,
1921 4848 2113 4902 verbe-

502 4937 681 4984 ratum
711 4938 771 4984 et
801 4945 899 4998 per
916 4931 1025 4984 v'un
1053 4941 1288 4985 tractum
1312 4930 1617 5002 Pauperem
1635 4934 1954 5003 Magistrum
1978 4953 2114 4992 con-

501 5034 696 5090 spectu
743 5023 978 5090 expulit.
1041 5021 1287 5078 [tumore
1321 5039 1452 5083 vero
1506 5041 1608 5096 per
1661 5028 1854 5082 urbem
1916 5046 2109 5101 sparso

500 5118 742 5174 Πατάξω
794 5117 1074 5174 Οαξδατθω
1130 5134 1254 5174 eum
1314 5133 1457 5177 nuru
1511 5125 1735 5196 propria
1785 5138 2104 5198 corruptam

503 5222 690 5268 tenere
736 5211 1224 5277 consuetudinem,
1271 5215 1578 5286 eodemque
1634 5217 1705 5272 ad
1739 5219 2106 5287 patriarcham

499 5301 702 5364 delato,
748 5301 1016 5371 Iguatius,
1067 5311 1123 5356 ut
1179 5304 1282 5358 hoc
1345 5307 1552 5360 scelere
1608 5309 1934 5376 abstineret,
1996 5309 2106 5365 Ire-

499 5397 759 5462 quentius
785 5396 1098 5461 admonuit,
1137 5413 1204 5451 ne
1241 5397 1496 5466 plurimis
1531 5400 1926 5455 olIendiculum
1967 5418 2106 5472 prae-

503 5484 675 5551 beret,
721 5490 814 5557 qui
849 5492 1148 5545 virtutiset
1183 5493 1366 5546 omnis
1421 5496 1799 5563 temperantia:
1853 5497 2107 5565 exemplo

501 5591 622 5631 esse
660 5578 946 5636 debuerat.
1009 5582 1102 5637 Ille
1157 5592 1338 5638 autem
1375 5585 1706 5655 patriarchae
1750 5599 1956 5640 morem
1991 5596 2102 5644 non

2209 4670 2391 4740 λέγεις
2446 4673 2891 4744 μνημονεύεσθαι
2955 4674 3042 4727 διὰ
3069 4674 3301 4742 τούτους
3339 4673 3396 4726 '0
3430 4673 3485 4727 δὲ
3516 4672 3803 4742 ἀποτυχὼν

2210 4763 2320 4818 τῶν
2374 4764 2432 4831 ἐξ
2474 4764 2640 4818 αὑτοῦ
2685 4765 2951 4828 ἐπαίνων,
2995 4765 3094 4820 καὶ
3127 4766 3430 4836 ὀργισθεὶς,
3465 4765 3806 4836 τυπτόμενον

2212 4856 2309 4908 καὶ
2337 4858 2639 4927 συρόμενον
2663 4858 2934 4930 ἐξήγαγεν
2959 4857 3050 4912 τὸν
3075 4858 3588 4931 πτωχομάγιστρον.
3607 4859 3804 4929 Φήμης

2215 4949 2271 5003 δὲ
2311 4950 2637 5022 διαοεοῦσης
2670 4954 2798 5024 περὶ
2851 4954 3034 5026 Βάρδα
3081 4957 3382 5026 Καίσαρος,
3408 4955 3488 5008 ὅτι
3521 4957 3584 5024 τῇ
3613 4952 3804 5025 νύμφῃ

2218 5042 2386 5096 αὑτοῦ
2415 5044 2818 5120 σμμφθείρεται
2858 5046 2994 5118 (54),
3039 5046 3200 5100 τοῦτο
3255 5049 3499 5110 ἀκούσας
3542 5047 3805 5114 Ἰγνάτιος

2208 5133 2235 5186 ὀ
2279 5134 2630 5207 πατριάρχης
2677 5136 2942 5202 πολλάκις
2977 5139 3289 5212 παρῄνεσεν
3340 5139 3503 5192 αὑτὸν
3560 5137 3804 5209 ἀποσχέ-

2211 5227 2335 5280 σθαι
2377 5227 2471 5280 τοῦ
2528 5229 2776 5283 τοιούτου
2811 5233 3144 5303 μιάσματος,
3203 5233 3297 5287 καὶ
3340 5233 3415 5303 μὴ
3467 5233 3801 5304 προσκομμα

2207 5315 2354 5374 εἶναι
2386 5322 2622 5390 πολλῶν,
2656 5324 2750 5377 τὸν
2782 5326 2983 5396 ἀρετῆς
3031 5326 3340 5396 ὑπόδειγμα
3389 5328 3483 5379 καὶ
3527 5324 3803 5395 σώφρονος

2212 5413 2329 5482 βίου
2361 5413 2503 5468 εἶναι
2534 5416 2845 5485 ὀφείλοντα.
2891 5418 2949 5470 '0
2974 5417 3029 5470 δὲ
3068 5419 3142 5487 μὴ
3174 5418 3494 5487 πειθόμενος
3524 5419 3696 5487 ἐνεῖχε
3725 5416 3803 5485 τῷ

2208 5508 2550 5580 πατριάρχῃ·
2596 5510 2691 5564 καὶ
2744 5510 2805 5582 δή
2861 5527 2991 5564 ποτε
3031 5509 3318 5581 μέλλοντος
3349 5508 3662 5583 [μέλλοντα]
3687 5527 3801 5563 κοι-

2211 5603 2403 5658 νωνεῐν
2428 5604 2516 5655 τὸν
2545 5603 2761 5673 Βάρδαν
2817 5605 2846 5656 ὁ
2886 5604 3239 5675 πατριάρχης
3288 5602 3568 5667 ἀπώσατο,
3609 5604 3685 5667 ὼς
3724 5600 3799 5672 μὴ

1665 5698 1921 5754 ΕΒΑΝΟ.
1958 5701 2354 5768 COMBEFISII
2395 5715 2628 5771 NOTAE.

749 5786 954 5877 l‘lempe
1006 5793 1338 5873 repudiata,
1392 5803 1452 5849 ut
1507 5795 1675 5853 habet
1723 5789 2095 5852 Continuator

2203 5814 2279 5873 ειη
2312 5807 2524 5877 ἀλόγως
2567 5809 2663 5862 καὶ
2689 5809 2969 5876 ἀναιτίως,
3010 5812 3161 5866 nulla
3207 5811 3432 5875 ratione,
3507 5818 3601 5862 aut
3668 5809 3796 5875 legi-

502 5855 636 5907 tium
657 5855 858 5922 eausa,
890 5855 1356 5932 uxore-propria.
