4100 6458
348 451 485 521 1073

1607 424 2307 524 ἀειιιοΝοοιιΑΡΗιΑ.

3476 455 3611 547 ωτι

345 572 663 644 πειθόμενον
687 570 907 625 κανόσιν
931 572 961 643 ἢ
988 572 1398 643 παραινέσεων.
1433 572 1526 636 Ὃς
1550 572 1644 645 ['0
1674 571 1756 645 se}
1779 574 1917 644 ὀργῇ

2036 574 2213 645 gessit.
2268 574 2347 629 Ad
2413 570 2858 629 communionem
2924 572 3093 643 igitur
3156 575 3387 630 Bardam
3459 589 3614 633 certo

346 668 569 740 πληγεὶς
612 663 711 734 τὴν
741 662 939 735 ψυχὴν,
961 665 1054 716 τὸν
1098 663 1436 735 παραινέτην
1467 664 1543 728 ὡς
1574 665 1776 735 ἄνομόν
1800 681 1922 718 τινα

344 758 437 813 καὶ
503 754 715 826 φθορέα
765 755 865 826 τῆς
908 754 1234 828 Ἐκκλησίας
1272 756 1524 822 ἐξέωσεν.
1555 757 1647 810 κοιλ⁸
1669 757 1923 827 βασάνοις

343 848 588 921 ἀπείροις
642 851 739 904 καὶ
797 848 1097 921 ἀνημέροις
1157 850 1446 917 ὑπέϐαλεν,
1504 849 1644 904 ὥστε
1695 852 1923 922 ποιῆσαι

234 958 237 959 ⁷
342 940 674 1016 παραίτησιν
702 942 837 1010 (55).
868 942 975 995 Τοῦ
1005 942 1062 997 δὲ
1092 944 1169 1014 μὴ
1217 943 1536 1008 πεισθέντος
1578 942 1784 997 Φὼτιον
1812 961 1922 997 πα-

340 1036 605 1107 τριάρχην
676 1036 791 1087 ἀντ’
852 1033 1019 1089 αὐτοῦ
1084 1036 1384 1106 χειροτονεῖ
1455 1034 1923 1107 πρωτασηκρῆτιν

340 1127 467 1182 δντα
500 1127 624 1181 κατ’
643 1127 822 1181 ὲκεῖνο
843 1126 1065 1199 καιροῦ,
1099 1127 1194 1180 καὶ
1217 1126 1550 1195 λογιώτατον
1583 1126 1749 1183 πάνυ.

2023 675 2271 734 tempore
2325 665 2695 729 accedentem,
2761 665 2955 742 repulit
2989 666 3323 736 patriarcha,
3370 684 3468 724 ceu
3521 672 3614 738 qui

2023 754 2330 812 canonibus
2370 763 2423 810 et
2483 755 2706 811 monitis
2760 771 2869 810 non
2928 755 3353 826 obtemperaret.
3388 759 3611 814 llicirze

2024 847 2182 918 plaga
2226 863 2521 918 percussus
2574 848 2840 908 animum.
2898 848 3218 903 monitorem
3251 851 3401 905 velut
3444 852 3618 907 scele-

2025 951 2204 995 ratum
2244 950 2298 996 et
2327 957 2540 996 morum
2570 951 2953 1012 corruptorem
2985 942 3226 999 Ecclesia
3275 943 3461 1012 ejecit,
3494 944 3618 1000 inii-

2026 1032 2266 1103 nitisque
2291 1023 2681 1088 vexationibus
2701 1047 2754 1089 et
2790 1036 3085 1091 tormentis
3139 1033 3457 1091 crudelibus
3485 1037 3619 1092 sub-

2024 1124 2179 1196 jecit,
2210 1127 2349 1182 adeo
2400 1135 2460 1181 ut
2486 1127 2749 1198 dignitate
2783 1142 2840 1182 se
2879 1128 3178 1184 abdicaret.
3233 1127 3442 1200 lgnatio
3476 1129 3617 1187 resi-

341 1230 534 1284 olente,
571 1221 693 1274 loco
738 1219 913 1289 ipsius
960 1214 1218 1273 Photium
1254 1217 1678 1274 secretariorum
1711 1218 1928 1282 ducem,
1970 1215 2149 1272 virum
2177 1217 2297 1287 eius
2318 1219 2583 1288 temporis
2612 1219 3045 1276 eruditissimum
3088 1221 3456 1292 patriareham
3527 1237 3615 1278 ur-

337 1313 516 1370 dinari
540 1321 718 1367 curat.

418 1403 480 1458 '0
509 1403 566 1459 δὲ
602 1400 857 1474 βασιλεὺς
882 1401 1318 1471 ἐπεστράτευσεν
1363 1399 1510 1455 κατὰ
1536 1400 1646 1455 τῶν
1689 1401 1924 1472 ’Δγαρη-

338 1497 445 1551 νῶν
490 1494 809 1550 καταλιπὼν
834 1497 891 1548 ἐν
918 1497 984 1565 τῇ
1015 1493 1192 1559 πόλει,
1221 1492 1399 1568 ταύτῃ
1435 1491 1693 1567 [ταύτηνῖ
1724 1493 1925 1563 φυλάτ-

336 1606 452 1643 τειν
495 1587 763 1658 Ὠορύφαν
796 1584 1046 1657 ὕπαρχον
1084 1585 1236 1640 ὄντα.
1272 1586 1462 1651 Ὅστις
1502 1585 1656 1641 οὔπω
1693 1586 1787 1640 τοῦ
1829 1585 1925 1657 βα-

338 1680 534 1743 σιλέως
563 1678 717 1754 [αάά.
775 1679 994 1750 μακρὰν
1025 1676 1303 1752 ἀπόντος],
1354 1680 1477 1733 οὐδὲ
1510 1679 1569 1745 ἐξ
1587 1675 1661 1736 ὧν
1694 1679 1926 1750 ἐμελέτα

337 1769 491 1847 [αάά.
526 1771 643 1845 καὶ]
674 1771 816 1867 κατὰ
847 1770 971 1867 νοῖξν
1004 1768 1149 1867 εἶχεν
1169 1771 1322 1867 [αάιί.
1353 1772 1463 1867 οὐδ’
1495 1771 1695 1867 δτιοῡν]
1722 1789 1921 1867 κατερ-
1956 1808 2001 1867 Β

335 1864 677 1935 γασαμένου,
724 1860 827 1935 τὴν
878 1862 989 1918 τῶν
1044 1864 1222 1917 ἀθέων
1287 1863 1424 1928 Ῥὼς
1486 1864 1598 1937 (36)
1648 1864 1922 1936 ἐμήνυσεν

336 1956 524 2028 ἄφιξιν
546 1956 955 2027 γεγενημένους
978 1954 1341 2029 [γενομένων]
1369 1955 1470 2029 ήδη
1504 1955 1646 2010 κατὰ
1665 1956 1754 2010 τὸν
1770 1955 1927 2011 Μαῦ-

340 2065 435 2120 ρον
473 2048 739 2117 ποταμόν.
766 2048 875 2101 Καὶ
901 2049 929 2101 6
963 2046 1062 2118 μὲν
1089 2046 1343 2118 βασιλεὺς
1399 2048 1495 2101 καὶ
1527 2047 1626 2117 τῆς
1659 2042 1927 2120 ἐχομένης

336 2140 613 2212 ιπεσχὲθη
642 2141 788 2207 ὁδοῦ,
816 2140 911 2194 καὶ
962 2139 1031 2194 δι’
1057 2141 1123 2213 ῆν
1167 2140 1372 2211 ταύτην
1532 2136 1760 2212 ταύτην]
1819 2144 1925 2208 ἀφ-

338 2234 498 2303 ῆκεν,
530 2231 648 2285 οὐδὲ
683 2230 804 2303 [καὶ
836 2230 1011 2304 οὐδὲν]
1038 2220 1317 2301 βασιλικὸν
1341 2232 1436 2285 καὶ
1466 2233 1711 2300 γενναῖον
1736 2230 1921 2304 είργά-

345 2343 499 2380 σατο.
527 2327 589 2378 Οἱ
619 2325 677 2379 δὲ
717 2323 852 2388 Ῥὼς
875 2324 1186 2395 φθάσαντες
1234 2322 1384 2377 ἔνδον
1426 2321 1519 2376 τοῦ
1564 2321 1735 2393 Ἰεροῦ
1762 2322 1928 2377 πολὺν

349 2419 674 2489 εἰργάσαντο
724 2416 925 2489 φθόρον
993 2415 1364 2487 Χριστιανῶν,
1414 2416 1508 2468 καὶ
1559 2413 1733 2468 ἀθῶον
1792 2408 1931 2485 αἷμα

341 2511 579 2582 ὶξέχεον.
617 2510 896 2582 Ύπῆρχον
922 2511 978 2565 δὲ
999 2510 1159 2564 πλοῖα
1190 2509 1474 2576 διακόσια,
1493 2508 1530 2564 ἃ
1562 2506 1930 2579 περιεκύκλω·

337 2622 443 2658 σαν
473 2604 573 2677 τὴν
600 2604 776 2667 πόλιν,
796 2606 890 2657 καὶ
916 2605 1083 2661 πολὺν
1108 2603 1274 2673 φόϐον
1300 2605 1414 2666 τοῖς
1445 2601 1657 2656 ἔνδοθεν
1683 2603 1930 2673 ἐνεποίη-

335 2714 465 2752 σαν.
506 2697 568 2752 Ὀ
592 2697 649 2752 δὲ
680 2697 937 2768 βασιλεὺς
977 2694 1331 2756 καταλαϐὼν.
1371 2695 1526 2766 μόλις
1557 2693 1779 2765 ἴσχυσεν
1811 2694 1931 2748 δια-

333 2787 606 2858 περᾶσαι,
638 2788 732 2842 καλ
763 2787 828 2859 δὴ
851 2789 947 2841 σὺν
1004 2786 1081 2858 τῷ
1129 2788 1441 2856 πατριάρχῃ
1475 2784 1668 2856 Φωτίῳ
1715 2787 1795 2847 είς
1842 2785 1932 2838 τὸν

332 2880 396 2933 ὲν
434 2878 771 2950 Βλαχὲρναις
803 2878 931 2931 ναὸν
980 2877 1081 2949 τῆς
1127 2876 1221 2931 τοῦ
1253 2876 1391 2930 Θεοῦ
1422 2875 1650 2946 Μητρὸς
1698 2875 1935 2947 παρεγέ-

332 2988 497 3026 νοντο
524 2986 538 3000 ·
562 2970 726 3025 κάκεῖ
745 2970 807 3025 τὸ
834 2972 989 3024 Θεῖον
1028 2969 1382 3037 ὲξιλεοῦνται.
1453 2965 1586 3024 Εἶτα
1633 2967 1751 3040 μεθ’
1800 2969 1935 3040 ὑμνο

332 3064 512 3137 ῳδίας
531 3066 591 3119 τὸ
613 3064 769 3133 ἆγιον
793 3064 1157 3134 ἐξαγαγόντες
1181 3064 1283 3134 τῆς
1302 3062 1570 3117 Θεοτόκου
1590 3061 1928 3133 ὠμοφόριον,

335 3158 410 3227 τῇ
446 3155 696 3231 θαλάσσῃ
723 3156 881 3228 ἄκρῳ
912 3156 1272 3229 προσέϐαλον.
1306 3155 1419 3210 Καὶ
1448 3154 1711 3227 νηνεμίας
1741 3150 1930 3225 οὔσης,
1958 3171 2003 3233 C

334 3247 509 3311 εὐθὺς
538 3248 757 3319 ἀνέμων
787 3248 1050 3321 ἐπιφορὰ,
1090 3250 1182 3304 καὶ
1233 3247 1649 3325 τῆςιθαλάσσης
1685 3244 1930 3317 ἠρεμού-

338 3356 468 3411 σης,
504 3341 769 3412 κυμάτων
799 3341 1205 3405 ἐπαναστάσεις
1229 3337 1625 3411 ἀλλεπάλληλοι
1656 3339 1929 3407 ἐγεγόνει-

338 3451 471 3500 σαν,
524 3436 618 3487 καὶ
676 3432 747 3488 τὰ
795 3435 904 3487 τῶν
948 3434 1129 3488 ἀθέων
1176 3432 1314 3497 Ῥὼς
1346 3433 1509 3489 πλοῖα
1553 3431 1928 3500 κατεάγησαν,

336 3524 545 3593 ὀλίγων
604 3526 1000 3596 ὲκπεφυγότων
1059 3525 1150 3577 τὸν
1209 3524 1474 3579 κίνδυνον.
1525 3522 1709 3593 Βάρδα
1748 3521 1803 3574 δὲ
1838 3517 1932 3573 τοῦ

335 3615 627 3686 Καίσαρος
654 3617 712 3669 ὲν
731 3619 797 3688 τῇ
831 3614 1155 3686 προελεύσει
1182 3614 1531 3686 διερχομένου
1557 3614 1695 3684 μετὰ
1722 3629 1930 3683 σκαρα-

337 3708 586 3776 μαγγίου
615 3706 783 3774 ὀξέως
817 3707 896 3770 είς
924 3707 984 3761 τὸ
1003 3705 1323 3778 ὡρολόγιον,
1350 3705 1719 3776 καθεζόμενος
1753 3705 1933 3757 ἐκεῖσε

335 3798 624 3868 Δαμιανδς
656 3796 951 3869 πατρίκιος
1006 3797 1101 3851 καὶ
1140 3795 1645 3868 παρακοιμὼμενος
1697 3795 1797 3849 οὐκ
1836 3799 1933 3850 ἐπ-

336 3889 550 3963 εγέρθη
567 3889 801 3959 τιμῆσαι
822 3890 1012 3953 αὐτόν,
1027 3888 1228 3943 Τοῦτον
1249 3888 1372 3942 ἰδὼν
1389 3890 1417 3944 6
1438 3891 1656 3960 Καῖσαρ
1678 3886 1935 3959 ἐθυμώθη

333 3983 469 4038 λίαν
489 4000 500 4012 ·
537 3982 630 4037 καὶ
653 3981 992 4047 εἰσελθόντος
1051 3982 1218 4036 αὐτοῦ
1251 3984 1331 4047 είς
1360 3982 1421 4036 τὸ
1463 3981 1935 4055 χρυσοτρίκλινον,

335 4076 442 4128 καὶ
474 4073 943 4143 ωγκαθεσθέντος
972 4073 1050 4146 τῷ
1083 4074 1317 4146 βασιλεῖ,
1355 4077 1447 4129 καὶ
1475 4074 1808 4148 δακρύοντος
1832 4074 1940 4128 ἀπὸ

332 4166 517 4237 ὀργῆς
562 4167 656 4222 καὶ
715 4166 914 4238 θυμοῦ,
943 4167 1235 4240 ἠρώτησεν
1262 4167 1363 4241 τὴν
1404 4168 1585 4222 αἰτίαν
1609 4170 1637 4223 6
1661 4166 1939 4239 βασιλεύς.

350 4261 414 4316 ’0
445 4259 501 4315 δὲ
538 4259 667 4332 ἔφη,
698 4260 781 4314 ὅτι
810 4260 889 4332 Τῇ
921 4258 1172 4314 κελεύσει
1194 4259 1296 4330 τῆς
1327 4260 1608 4331 βασιλείας
1639 4277 1735 4313 σου
1768 4259 1941 4329 ἡξιώ-

337 4352 451 4422 θην
509 4352 678 4424 τιμῆς
743 4352 1024 4425 μεγάληςο
1082 4352 1355 4423 Δαμιανδς
1391 4352 1449 4406 δὲ
1499 4354 1577 4416 είς
1608 4352 1703 4407 σὺν
1739 4351 1942 4415 ὄνειδος

338 4446 445 4500 καὶ
497 4445 596 4517 τῆς
655 4448 755 4516 σῆς
798 4444 1104 4515 βασιλείας,
1153 4446 1255 4499 οὐκ
1294 4446 1570 4516 ὲπεγέρθη
1599 4463 1690 4516 μοι
1713 4446 1808 4499 ἐπὶ
1845 4444 1945 4515 τῆς

2098 1396 2270 1453 Porro
2301 1398 2601 1469 imperator
2623 1396 2862 1467 Ooripha
2893 1398 3167 1468 praefecto,
3199 1412 3256 1458 ut
3282 1419 3402 1459 eam
3434 1415 3623 1462 custo-

2029 1491 2193 1559 diret,
2233 1491 2288 1546 in
2331 1489 2466 1547 urbe
2500 1491 2712 1559 relicto,
2761 1492 3025 1549 adversus
3063 1495 3344 1564 Agarenos
3398 1500 3627 1568 expedi--

2030 1580 2235 1639 tionem
2269 1582 2536 1654 suscepit.
2563 1582 2831 1654 Ooriphas
2860 1584 3174 1656 imperatori
3197 1588 3441 1644 nondum
3464 1590 3626 1660 longe

2030 1676 2231 1748 posito,
2262 1690 2441 1745 neque
2469 1689 2660 1730 eorum
2690 1692 2812 1744 quae
2840 1677 3208 1747 meditabatur
3265 1688 3319 1735 et
3350 1679 3406 1737 in
3443 1692 3627 1738 mente

2031 1767 2289 1834 habebat,
2325 1767 2626 1839 quidquam
2655 1779 2939 1837 exsecuti),
2970 1771 3266 1843 impiorum
3310 1773 3618 1845 [iussorum

2029 1861 2096 1916 ad
2128 1856 2356 1933 Nigrum
2391 1859 2615 1915 (luvium
2649 1859 3018 1933 proiectorum
3060 1864 3355 1921 adventum
3381 1867 3621 1923 nuntiat.

2030 1950 2348 2022 Imperator,
2412 1962 2644 2022 arreptae
2698 1953 2797 2009 via:
2856 1955 3153 2025 pcenitcus,
3219 1958 3622 2027 expeditionem

2032 2043 2282 2107 remittit,
2332 2044 2469 2100 nihil
2521 2046 2731 2116 regium
2779 2046 2863 2102 vel
2914 2063 3245 2115 generosum
3298 2059 3617 2107 exsecutus.

2032 2134 2194 2191 Russi
2223 2134 2447 2191 Hierum
2470 2152 2645 2207 usque
2668 2147 3017 2207 penetrantes
3039 2141 3332 2210 plurimam
3355 2142 3620 2201 Christia‘

2032 2222 2229 2281 norum
2272 2227 2476 2284 caedem
2533 2227 2825 2284 ediderunt
2879 2239 2935 2285 et
2978 2230 3266 2286 innoxium
3302 2233 3619 2290 eﬂ‘uderunt

2032 2319 2380 2391 sanguinem.
2443 2319 2615 2376 Erant
2678 2321 2785 2378 illis
2844 2323 3058 2395 navigia
3125 2325 3381 2390 ducenta,
3423 2328 3627 2398 quibus

2033 2417 2225 2471 urbem
2265 2416 2771 2484 circumdederunt,
2813 2424 2868 2473 et
2903 2418 3113 2475 civibus
3146 2428 3412 2476 terrorem
3443 2421 3630 2479 incus-

2033 2517 2226 2565 serunt
2254 2510 2550 2580 ingentem.
2595 2510 2795 2567 Urbem
2831 2527 3025 2568 versus
3074 2514 3352 2583 appelleus
3381 2514 3624 2585 impera-

2036 2605 2141 2664 tor,
2165 2598 2252 2652 vix
2283 2599 2458 2670 putuit
2481 2600 2818 2670 pertransire
2847 2614 2901 2657 et
2930 2603 3161 2672 ingredi,
3195 2613 3251 2660 et
3277 2605 3474 2661 exinde
3502 2622 3624 2661 eum

2034 2689 2346 2759 patriarcha
2373 2689 2571 2747 Photio
2590 2693 2657 2747 ad
2680 2704 2885 2749 sanctae
2916 2694 3007 2751 Dei
3034 2697 3332 2755 Genitricis
3358 2702 3622 2770 templum

2034 2780 2436 2840 Blachernensc
2464 2787 2719 2850 accessit,
2750 2787 2842 2841 ubi
2877 2787 3123 2844 divinent
3150 2789 3363 2846 Numen
3403 2793 3624 2863 placare

2036 2869 2394 2926 contendunt.
2441 2869 2647 2926 Deinde
2685 2888 2810 2926 cum
2870 2874 3200 2946 hymnorum
3244 2879 3501 2935 cantibus
3527 2895 3618 2935 sa-

2037 2977 2182 3016 cram
2215 2963 2460 3033 Deiparm
2491 2974 2698 3020 vestem
2726 2963 3036 3034 ell'crentes,
3067 2978 3311 3025 extremo
3346 2972 3515 3027 maris
3538 2971 3629 3027 lit-

2036 3056 2141 3108 tori
2172 3069 2290 3109 eam
2325 3052 2494 3128 464
2522 3057 2920 3114 admoverunt:
2968 3076 3276 3132 magnaque
3312 3065 3466 3133 prius
3498 3065 3626 3120 data

2038 3145 2180 3200 aeris
2215 3148 2631 3218 tranquillitate,
2695 3148 2982 3206 confestim
3041 3163 3330 3208 ventorum
3386 3156 3628 3226 impetus

2037 3238 2334 3294 vehemens
2361 3240 2655 3307 excitatus,
2702 3250 2757 3296 et
2808 3243 2863 3297 in
2910 3244 3048 3299 mari
3091 3245 3247 3316 prius
3272 3249 3630 3316 pacatissimo

1994 3328 1999 3333 ”
2034 3328 2302 3386 ﬂuctuum
2360 3333 2600 3390 insultus
2633 3335 2700 3391 ad
2736 3336 2971 3392 invicem
3007 3337 3136 3393 facti
3186 3348 3315 3395 sunt
3357 3342 3626 3411 ingentes.

2035 3423 2172 3479 adeo
2197 3424 2570 3495 utimpiorum
2603 3424 2908 3484 [iussorum
2955 3432 3168 3500 navigia
3216 3431 3632 3504 confringeren-

2035 3522 2146 3581 tur,
2173 3517 2364 3587 paucis
2388 3533 2575 3573 eorum
2601 3520 2845 3590 periculo
2868 3522 3090 3592 ereptis.
3121 3523 3324 3601 ‘Bardaz
3347 3540 3478 3579 vero
3506 3524 3624 3580 Ca:-

2037 3608 2151 3665 sari
2181 3610 2381 3666 celebri
2404 3627 2665 3682 processu
2696 3613 2894 3679 delato,
2923 3622 2976 3670 et
3005 3615 3230 3671 violacei
3270 3616 3471 3671 coloris
3504 3632 3630 3673 sca—

2037 3703 2325 3774 ramangio
2357 3702 2570 3771 induto,
2606 3704 2908 3762 Damianus
2942 3707 3209 3778 patricius
3254 3717 3308 3762 et
3342 3709 3631 3766 accubitor

2038 3795 2107 3851 ad
2161 3796 2504 3868 horologium
2550 3798 2751 3854 sedens
2798 3799 3063 3855 honorem
3118 3802 3470 3859 exhibiturus
3519 3821 3629 3857 non

2039 3890 2362 3945 assurrexit.
2414 3890 2494 3946 Eo
2534 3891 2652 3947 viso
2686 3891 2873 3948 Caesar
2904 3893 2982 3949 ira
3019 3895 3340 3959 excanduit,
3398 3897 3633 3951 deaura-

2046 3994 2276 4053 tumque
2324 3983 2623 4039 triclinium
2680 3985 2988 4056 ingressus,
3037 3997 3091 4043 et
3140 3988 3207 4043 ad
3240 3989 3630 4060 imperatorem

2041 4076 2357 4140 considens,
2393 4092 2459 4131 ex
2487 4091 2728 4133 mterore
2765 4086 2820 4134 et
2853 4074 3044 4137 furore
3074 4080 3337 4153 lacrymis
3373 4081 3633 4151 perfusus

2044 4178 2146 4225 est.
2206 4168 2447 4226 Causam
2500 4171 2821 4242 imperatori
2864 4174 3082 4243 roganti
3131 4173 3270 4231 dixit
3324 4174 3416 4229 ille
3448 4191 3463 4229 :
3495 4172 3631 4229 Mihi

2044 4263 2263 4334 imperii
2297 4264 2374 4319 tui
2400 4264 2563 4335 jussu
2592 4265 2859 4338 dignitate
2890 4282 3087 4340 magna
3119 4275 3379 4337 provecto
3412 4265 3634 4321 Damia.

2047 4372 2174 4423 nus,
2198 4355 2252 4410 in
2290 4357 2367 4410 tui
2410 4372 2476 4413 ac
2504 4357 2720 4427 imperii
2744 4357 2821 4412 tui
2853 4367 3253 4429 contemptum.
3303 4369 3494 4414 senatu
3539 4373 3635 4413 co-

2049 4447 2356 4518 mitatuque
2386 4455 2660 4519 praesente
2715 4464 2825 4504 non
2862 4450 3193 4505 assurrexit.
3240 4447 3418 4505 Iratus
3461 4451 3635 4521 impe-

341 4538 985 4612 συγκλήτου.Θυμωθελς
1013 4539 1069 4593 δὲ
1094 4541 1123 4593 6
1150 4537 1427 4610 βασιλεὺς,
1452 4538 1799 4610 Μαξιμιανόν
1822 4554 1935 4591 τινα

2052 4548 2201 4596 rator
2237 4539 2629 4596 Maximianum
2658 4542 2938 4610 quondam
2974 4542 3375 4599 cubicularium
3414 4538 3636 4597 Damia-

337 4631 672 4704 κοιτωνίτην
731 4632 1015 4702 παρευθὺς
1082 4632 1418 4704 προστάσσει
1468 4626 1598 4702 ἆραι
1642 4628 1939 4699 Δαμιανδν,

340 4729 443 4783 καὶ
462 4728 520 4781 ὲν
550 4727 627 4799 τῷ
656 4728 908 4798 ἐμπορίῳ
941 4726 1037 4782 τοῦ
1067 4728 1252 4797 Ἀγίου
1272 4728 1572 4794 Μὰμαντος
1602 4726 1936 4794 ἀπαγαγεῖν·

340 4823 446 4876 καὶ
467 4820 657 4876 τοῦτον
688 4823 985 4892 ἀποκεῖραι
1022 4821 1265 4893 πρῶτον,
1294 4821 1389 4875 καὶ
1428 4815 1569 4875 εἶναι
1601 4820 1660 4874 ὲν
1691 4818 1935 4889 φρουρᾷ⁶

343 4912 547 4983 καὶτῇ
589 4914 731 4986 αὐτῇ
784 4913 972 4987 ἡμέρᾳ
1029 4911 1396 4984 προϐάλλεται
1455 4911 1939 4984 πρωτοστράτωρα

343 5004 639 5062 Βασίλειον
671 5007 1196 5078 παρακοιμὼμενον.
1243 5005 1685 5078 Ἐζηλοτύπησεν
1716 5003 1774 5058 δὲ
1806 5003 1943 5056 Καῖ-

347 5113 467 5169 σαρ
496 5094 658 5151 τοῦτο
684 5097 952 5163 ἀκούσας,
1006 5099 1104 5153 καὶ
1144 5097 1330 5152 ἔκτοτε
1388 5096 1576 5167 ἐζήτει
1620 5095 1944 5149 ἀποκτεῖναι

346 5186 660 5246 Βασίλειον.
712 5189 1011 5262 Ἐχώρισεν
1058 5189 1211 5264 (add.
1256 5190 1336 5263 δὲ]
1378 5189 1664 5244 Βασίλειον
1719 5186 1943 5259 Μιχαὴλ

344 5280 455 5348 τῆς
473 5280 610 5346 ιδίας
635 5283 900 5351 γυναικὸς
938 5282 1175 5353 Μαρίας,
1200 5279 1450 5345 δεδωκὼς
1476 5281 1626 5351 αὐτῷ
1675 5281 1942 5349 γυναῖκαν

346 5368 626 5426 Εὖδοκίαν
666 5372 770 5447 τὴν
823 5374 1142 5445 Ἰγγιρίναν,
1167 5373 1547 5445 διορισάμενος
1570 5371 1721 5443 αὐτῷ
1747 5371 1944 5443 κυρίαν

2049 4648 2179 4687 num
2213 4634 2425 4696 tollere,
2464 4641 2520 4689 et
2556 4635 2624 4690 ad
2659 4633 2846 4689 Sancti
2884 4634 3180 4691 Mamantis
3204 4637 3514 4705 emporium
3539 4636 3638 4691 al:-

2048 4722 2272 4778 ductum
2315 4723 2636 4792 detondere,
2683 4732 2740 4780 et
2790 4725 2846 4780 in
2900 4726 3208 4783 custodiam
3254 4728 3470 4784 mittere
3501 4744 3636 4782 con-

2047 4813 2229 4871 festim
2256 4816 2412 4886 jubet
2440 4835 2454 4872 :
2488 4816 2793 4888 eodemque
2825 4819 2913 4873 die
2959 4817 3220 4875 Basilium
3261 4829 3635 4889 pretostratu-

2046 4924 2161 4965 rem
2199 4910 2253 4965 in
2285 4910 2653 4966 aceubitorem
2686 4911 2890 4967 evehit.
2948 4910 3065 4968 Hoc
3113 4912 3302 4969 audito
3331 4913 3518 4971 Caesar
3546 4914 3635 4968 in-

2048 5003 2206 5069 vidit,
2253 5014 2308 5060 et
2337 5003 2407 5059 ab
2437 5018 2504 5060 eo
2535 5016 2815 5060 momento
2845 5004 3110 5062 Basilium
3148 5006 3401 5061 occidere
3462 5006 3637 5059 medi-

2046 5097 2289 5152 tabatur.
2330 5096 2570 5152 Michael
2601 5105 2786 5152 autem
2815 5096 3083 5154 Basilium
3119 5115 3244 5155 cum
3268 5112 3441 5155 uxore
3465 5095 3633 5151 Maria

2048 5186 2346 5243 divortium
2370 5187 2512 5243 inire
2533 5189 2732 5261 coegit,
2764 5188 2894 5246 data
2924 5191 2975 5245 ei
3010 5190 3251 5248 Eudocia
3285 5190 3561 5261 lngeriua,
3579 5200 3638 5246 et

2050 5279 2332 5336 dominam
2382 5292 2813 5354 germanamque
2879 5284 3167 5354 coniugem
3200 5282 3402 5338 habere
3445 5281 3631 5353 jussit.

2053 5371 2182 5427 Erat
2209 5373 2409 5444 quippe
2443 5373 2795 5446 imperatoris
2824 5375 3020 5446 pellex,
3072 5384 3127 5431 et
3169 5375 3236 5432 ab
3286 5390 3353 5432 eo
3398 5389 3501 5431 ceu
3542 5390 3635 5430 ve-

1495 5563 1746 5621 FRANC.
1776 5563 2170 5621 COMBEFISII
2212 5564 2448 5624 NOTlE.

431 5734 550 5805 (35)
580 5732 698 5800 Quo
733 5750 787 5789 se
822 5734 914 5790 ille
952 5749 1167 5789 munere
1200 5731 1529 5805 abdicaret:
1572 5731 1718 5805 quod
1751 5742 1936 5805 tamen

354 5802 593 5862 mnum
630 5814 964 5861 eonsewtus
1002 5815 1117 5869 est,
1163 5803 1445 5859 obnitente
1483 5802 1714 5873 lgntntio,
1758 5802 1941 5873 donec

344 5891 461 5943 per
492 5875 753 5947 iniuriam
797 5873 1101 5947 depositus,
1134 5876 1301 5947 v‘gue
1322 5872 1586 5947 cgpulsus
1614 5884 1717 5929 est.
1752 5872 1940 5930 Multis

357 5942 690 6016 tragmdiam
746 5942 1100 6018 prosequitur
1160 5942 1280 6002 van.
1339 5942 1724 6012 continuatur,
1772 5953 1833 6001 ut
1882 5952 1938 6000 et

2039 5728 2622 5803 Nicctas,_attctorque
2657 5725 3024 5803 Vlt:e_Nicolai
3064 5725 3323 5783 Studitm.

2115 5801 2232 5874 (56)
2262 5801 2460 5883 Narrat
2492 5798 2747 5883 laudatus
2787 5798 3384 5883 Contiiittatqr,'-exque
3415 5800 3635 5883 eumce-

2043 5864 2271 5998 dtrénu's,
2304 5873 2457 5929 brerl
2494 5879 2618 5945 post
2650 5869 2839 5928 missis
2869 5868 3065 5941 legatis
3098 5864 3427 5926 factos'esse
3467 5864 3634 5925 Chri-

2043 5958 2277 6001 sranos.
