4100 6432
570 469 707 534 1075

1808 465 2085 528 LEONIS
2119 466 2611 529 GRAMMATICI

3687 481 3823 546 1076

563 592 784 638 unstate
837 590 1102 652 pra-stans
1161 581 1381 637 dilecta.
1426 579 1601 635 Priori
1647 595 1775 635 vero
1814 579 1937 649 eius
1983 582 2132 637 uxori

2249 583 2420 655 αὐτὴν
2442 583 2587 656 ἔχειν
2603 585 2736 655 (37).
2759 579 2865 639 Ἦν
2883 585 2989 659 γὰρ
3002 588 3141 661 αὕτη
3156 590 3251 644 τοῦ
3271 591 3535 662 βασιλέως
3550 598 3822 673 παλλακηο

565 675 748 731 Mariae
780 685 931 730 certo
966 675 1084 729 auri
1122 672 1364 744 pondere
1391 683 1446 728 et
1486 674 1609 729 aliis
1650 673 1980 744 quibusdam
2030 675 2146 729 col-

569 768 713 830 latis,
749 765 804 821 in
828 765 1206 823 Macedoniam
1238 765 1304 821 ad
1333 776 1586 836 parentes
1615 766 1847 821 remisit.
1882 762 2143 821 Theclam

564 874 697 917 vero
726 860 1002 931 propriam
1035 872 1283 915 sororem
1317 857 1421 913 sibi
1452 857 1673 924 ascivit,
1711 866 1773 912 ut
1804 873 1927 912 eam
1965 859 2146 928 priva-

565 953 660 1005 tim
706 952 952 1006 haberet.
1014 951 1099 1005 Ab
1148 965 1216 1007 eo
1272 959 1518 1019 tempore
1569 951 1637 1004 ah
1699 949 1931 1005 invicem
1981 950 2145 1005 dissi-

561 1046 772 1109 dentes,
814 1049 869 1096 et
899 1043 1189 1098 sinistrum
1235 1041 1440 1109 aliquid
1486 1042 1554 1096 de
1586 1057 1645 1097 se
1683 1041 1916 1096 invicem
1965 1040 2146 1110 suspi-

558 1141 767 1198 eantes,
796 1133 979 1189 Cmsar
1029 1143 1084 1189 et
1126 1132 1387 1198 Basilius,
1418 1133 1696 1202 quomodo
1738 1135 1874 1189 alter
1904 1133 2144 1187 alterum

560 1226 837 1296 perderet,
871 1225 1193 1295 quaerebant
1222 1244 1235 1280 :
1296 1224 1556 1296 privatim
1595 1238 1726 1278 vero
1759 1222 1997 1280 Basilius
2024 1223 2144 1279 Cae-

557 1330 739 1372 sarem
790 1316 950 1386 quasi
986 1316 1282 1371 adversum
1314 1331 1376 1372 se
1423 1315 1829 1371 machinantem
1869 1316 2145 1373 convicia-

557 1409 740 1465 batur.
798 1407 1039 1465 Basilius
1074 1408 1465 1479 imperatorem
1495 1409 1600 1465 sibi
1632 1410 1931 1465 conciliare
1963 1408 2140 1464 medi-

558 1506 729 1565 tatus,
787 1515 912 1555 cum
962 1499 1248 1572 Symbatio
1295 1499 1532 1571 patricio
1589 1510 1644 1555 et
1682 1516 1880 1557 cursus
1935 1500 2141 1571 publici

559 1592 835 1662 logotheta
882 1591 1230 1663 Czesarisque
1269 1608 1475 1663 genere
1524 1593 1820 1649 amicitiam
1872 1593 2037 1647 iniit:
2085 1602 2141 1648 et

558 1685 703 1742 datis
743 1686 1075 1755 iuramentis
1126 1700 1459 1741 consensum
1499 1693 1824 1757 perpetuum
1866 1693 1921 1741 et
1958 1685 2141 1741 fmdus

556 1775 875 1833 inviolabile
900 1777 967 1833 ad
1004 1777 1238 1833 invicem
1267 1778 1553 1834 habituros
1576 1778 1968 1848 promiserunt.
2003 1777 2139 1834 Cer-

552 1869 749 1925 tiorem
802 1878 986 1924 autem
1035 1870 1270 1926 reddidit
1325 1870 1560 1927 Basilius
1606 1869 1971 1942 Symbatium,
2011 1870 2140 1924 hor-

2249 677 2345 732 καὶ
2367 680 2508 732 πάνυ
2535 679 2727 750 ἠγάπα
2753 680 2946 751 αὐτὴν,
2977 683 3054 746 ὡς
3084 685 3335 756 εὐπρεπῆ
3357 704 3371 718 ο
3398 692 3464 759 τῇ
3490 688 3547 742 δὲ
3582 693 3823 766 προτέρᾳ

2246 769 2413 824 αὐτοῦ
2469 773 2688 840 γυναικὶ
2739 774 2930 847 Μαρίᾳ
2973 776 3095 841 δοὺς
3139 780 3363 849 χρυσίον
3393 779 3488 834 καὶ
3516 781 3651 836 ἄλλα
3678 787 3822 848 τινὰ,

2246 862 2570 917 ἀπέστειλεν
2602 865 2658 918 ὲν
2688 866 3001 939 Μακεδονίᾳ
3016 869 3097 934 εἰς
3134 872 3202 924 τὰ
3228 871 3355 927 [δια.
3389 872 3598 928 Θέκλαν
3633 874 3690 929 δὲ
3722 878 3824 948 τὴν

2249 952 2390 1006 ἰδίαν
2445 953 2686 1026 ἀδελφὴν
2728 958 3115 1028 προσήρμοσεν
3141 958 3237 1014 τοῦ
3275 961 3421 1032 ἔχειν
3449 963 3619 1032 αὐτὴν
3656 966 3820 1031 ιδίως.

2248 1044 2476 1098 "Extare
2504 1045 2562 1097 δὲ
2603 1046 2975 1102 ὑπεϐλέποντο
3009 1049 3297 1119 ἀλλήλους,
3331 1052 3359 1105 ὃ
3388 1045 3459 1107 τέ
3479 1057 3711 1125 Καῖσαρ,
3727 1059 3824 1113 καὶ

2243 1137 2271 1189 6
2298 1136 2599 1202 Βασίλειος,
2625 1136 2914 1208 ζητοῦντες
2938 1139 3053 1205 πῶς
3079 1141 3268 1214 ἕτερος
3294 1145 3387 1197 τὸν
3418 1146 3608 1217 ἕτερον
3636 1150 3821 1224 ἀνέλῃ.

2256 1230 2426 1296 ’ἰδίως
2485 1232 2541 1288 δὲ
2590 1234 2852 1306 ἐλοιδόρει
2905 1238 2935 1290 6
2983 1238 3262 1302 Βασίλειος
3309 1240 3401 1294 τὸν
3440 1243 3716 1316 Καίσαρα,
3745 1247 3824 1310 ὡς

2244 1324 2365 1379 κατ’
2415 1325 2582 1379 αὐτοῦ
2647 1328 2979 1398 μελετῶντα.
3019 1329 3079 1383 Ὀ
3141 1330 3199 1389 δὲ
3257 1331 3538 1398 Βασίλειος
3575 1337 3824 1391 σπεύδων

2245 1415 2662 1488 πληρψορῆσαι
2697 1418 2789 1473 τὸν
2828 1418 3080 1488 βασιλέα,
3115 1423 3501 1493 συμφιλιοῦται
3533 1426 3822 1500 Συμσατίῳ

2243 1507 2523 1578 πατρικιῳ
2546 1510 2640 1562 καὶ
2672 1509 2935 1585 λογοθέτῃ
2959 1513 3055 1567 τοῦ
3086 1514 3291 1586 δρόμου
3330 1517 3562 1588 γαμϐρῷ
3588 1517 3645 1573 δὲ
3687 1520 3825 1575 Kal-

2243 1613 2431 1667 σαρος,
2449 1599 2543 1654 καὶ
2579 1598 2647 1653 δι’
2680 1601 2860 1673 ὅρκων
2888 1605 3295 1662 ἑόεὸαιώσαντο
3332 1608 3590 1678 ἀλλήλους
3618 1613 3676 1664 ἐν
3695 1613 3827 1679 δμο-

2241 1691 2360 1764 νοεᾳ
2384 1692 2480 1747 καὶ
2507 1693 2746 1765 διηνεκεῖ
2763 1698 2953 1773 ἀγάπῃ
2980 1695 3144 1755 εἶναι.
3173 1700 3621 1775 Ἑπληροφόρησε
3648 1705 3705 1759 δὲ
3727 1706 3824 1760 καὶ

2239 1780 2549 1850 Συμϐἀτιον
2609 1785 2889 1851 Βασίλειος
2928 1788 2997 1842 δι’
3044 1791 3223 1861 ὅρκων
3276 1792 3545 1864 φρικτῶν,
3597 1794 3673 1861 ὡς
3716 1796 3823 1851 Τοῦ

2242 1874 2507 1945 βασιλέως
2531 1877 2753 1951 ἀγάπην
2811 1880 3013 1953 πολλὴν
3059 1883 3278 1954 ἔχοντος
3326 1885 3464 1957 πρὸς
3511 1885 3597 1949 σὲ,
3647 1887 3824 1959 κάμοῦ

555 1960 740 2016 rendis
786 1958 1114 2031 iuramentis
1155 1975 1451 2017 asserens:
1500 1958 1577 2015 Te
1625 1937 1927 2030 plurimum
1962 1958 2132 2030 diligit

2242 1937 2636 2033 σπουδάζοντος
2650 1937 2719 2023 τέ
2749 1970 2891 2041 ὑπὲρ
2917 1937 3034 2041 σοῦ,
3070 1937 3274 2046 galeri;

553 2051 871 2122 imperator,
903 2066 1101 2123 meque
1136 2068 1237 2123 pro
1266 2061 1319 2108 te
1353 2067 1569 2123 semper
1601 2051 1841 2107 sollicito
1863 2051 2136 2107 Caesarem

550 2152 606 2201 te
643 2159 834 2201 creare
890 2145 1115 2216 eugitat,
1174 2143 1269 2199 sed
1308 2143 1483 2199 soceri
1539 2142 1615 2198 tui
1666 2142 1899 2205 ratione,
1950 2140 2139 2211 timuit

554 2242 661 2296 hoc
713 2239 967 2309 exsequi.
1037 2236 1155 2304 Ille,
1223 2237 1408 2293 Basilii
1470 2235 1800 2307 iuramentis
1852 2235 2134 2304 deceptus,

552 2328 745 2384 Barda
795 2328 1003 2385 Caesari
1061 2343 1257 2385 socero
1299 2327 1523 2401 proprio
1565 2328 1919 2385 adversarius
1957 2325 2136 2383 factus

552 2429 677 2475 est:
731 2429 787 2475 et
830 2420 898 2475 ad
934 2420 1322 2491 imperatorem
1355 2422 1623 2476 accedens
1664 2418 1996 2489 iuramentis
2033 2420 2134 2473 ad-

551 2515 741 2571 hibitis
771 2515 947 2571 suasit
980 2532 995 2569 :
1047 2515 1232 2570 Cmsar
1261 2513 1569 2570 interficere
1607 2520 1660 2569 te
1687 2514 2046 2570 consiliator:
2079 2522 2137 2570 et

549 2608 949 2679 coniurationis
999 2606 1253 2664 ordinem
1302 2607 1540 2677 aperuit.
1604 2609 1912 2678 Imperator
1974 2622 2129 2678 ergo,

547 2703 812 2777 Symbatii
848 2703 1178 2773 iuramentis
1217 2702 1440 2768 ductus,
1483 2702 1783 2774 Basiliique
1813 2702 2132 2759 testimonio

550 2796 930 2861 conﬁrmatus,
968 2806 1214 2853 secretas
1246 2797 1300 2852 iu
1330 2796 1602 2852 Caesarem
1633 2797 1961 2852 moliebatur
1999 2799 2133 2852 insi-

548 2890 692 2946 dias.
747 2888 987 2946 Basilius
1036 2898 1236 2945 cuncta
1294 2897 1485 2944 contra
1528 2888 1798 2944 Caesarem
1847 2889 2015 2959 probe
2047 2889 2132 2943 in-

550 2989 761 3037 structa
793 2995 1156 3051 cognoscens,
1205 2995 1375 3050 seque
1404 2979 1567 3052 465
1594 2979 1739 3049 quod
1765 2990 2043 3050 paraverat
2074 2980 2126 3035 in

550 3073 685 3128 urbe
716 3087 826 3128 non
856 3086 1020 3142 posse
1046 3072 1296 3136 exsequi,
1342 3071 1612 3127 adversus
1646 3070 1865 3125 Cretam
1893 3071 2125 3127 classem

547 3175 601 3219 et
631 3165 933 3221 exercitum
976 3177 1201 3219 movere
1224 3163 1418 3218 suadet
1443 3163 1784 3233 imperatori.
1836 3162 1972 3217 Dum
2012 3165 2128 3220 hanc

2241 2072 2301 2109 σε
2338 2057 2617 2129 Καίσαρα,
2674 2059 2814 2114 ἀλλὰ
2859 2062 2951 2117 διὰ
3006 2064 3100 2120 τὸν
3143 2065 3405 2140 πενθερόν
3449 2083 3543 2121 σου
3572 2068 3826 2124 ἀδυνατεῖ

2238 2145 2399 2203 τοῦτο
2441 2149 2688 2220 ποιῆσαι.
2739 2151 2796 2205 '0
2850 2151 2908 2207 δὲ
2966 2153 3275 2225 ἀπατηθεὶς
3325 2160 3438 2221 τοῖς
3501 2159 3683 2229 ὅρκοις
3726 2157 3823 2213 τοῦ

2239 2238 2547 2307 Βασιλείου,
2608 2243 2802 2312 γέγονε
2850 2246 2992 2301 κατὰ
3029 2246 3124 2301 τοῦ
3169 2248 3450 2321 Καίσαρος
3500 2250 3821 2322 Βάρδα.τοῦ

2241 2330 2375 2386 ἰδίου
2436 2333 2723 2405 πενθεροῦ.
2767 2336 2876 2389 Καὶ
2906 2336 3166 2393 εἰσελθὼν
3217 2341 3299 2402 εις
3330 2338 3425 2394 τδν
3477 2339 3701 2411 βασιλέα
3735 2340 3824 2408 ἑξ-

2235 2424 2492 2495 ωμὸσατο
2523 2427 2948 2500 πληροφορήσας
2999 2430 3183 2495 αὑτὸν,
3238 2434 3314 2495 ὼς
3362 2430 3422 2486 Ὀ
3455 2434 3666 2505 Καῖσαρ
3696 2432 3823 2503 βούο

2235 2515 2389 2571 λεται
2415 2536 2474 2572 σε
2523 2518 2754 2586 ἀνελεῖν,
2795 2520 3028 2587 ἐξειπὼν
3078 2523 3173 2577 καὶ
3201 2524 3268 2579 τὰ
3288 2524 3389 2597 τῆς
3422 2524 3638 2597 βουλῆς.
3678 2526 3739 2582 '0
3760 2526 3817 2581 δὲ

2237 2608 2497 2682 βασιλεὺς
2552 2613 2668 2675 τοῖς
2713 2613 2899 2685 ὅρκοις
2932 2614 3028 2668 τοῦ
3067 2615 3379 2685 Συμϐατίου
3426 2618 3688 2682 πεισθεὶς,
3723 2620 3817 2673 καὶ

2234 2706 2346 2768 τοῖς
2379 2702 2559 2773 λόγοις
2574 2702 2669 2758 τοῦ
2702 2703 2983 2760 Βασιλείου
3005 2707 3347 2778 βεϐαιωθεὶς,
3370 2707 3650 2779 ένδομύχει
3674 2712 3816 2765 κατὰ

2234 2794 2328 2850 τοῦ
2354 2797 2655 2867 Καίσαρος.
2706 2797 2877 2862 Εἰδὼς
2905 2798 2963 2852 δὲ
3014 2797 3294 2865 Βασίλειος
3331 2801 3414 2854 ὅτι
3436 2802 3610 2856 πάντα
3635 2803 3814 2866 καλῶς

2235 2889 2377 2945 κατὰ
2424 2890 2519 2944 τοῦ
2566 2891 2847 2962 Καίσαρος
2899 2892 3325 2954 συνεσκεύαστο.
3368 2896 3425 2948 ὲν
3453 2897 3520 2965 τῇ
3554 2894 3703 2948 πόλει
3738 2895 3814 2965 μὴ

2231 2979 2531 3051 δυνάμενος
2551 2980 2707 3035 τοῦτο
2739 2984 2984 3053 ποιῆσαι,
3006 2982 3184 3037 πείθει
3214 2983 3307 3037 τὸν
3334 2984 3558 3054 βασιλέα
3593 2988 3813 3055 κινῆσαι

2235 3074 2423 3129 στόλον
2471 3075 2566 3129 καὶ
2606 3076 2836 3147 στρατὸν
2871 3078 3012 3132 κατὰ
3058 3077 3161 3147 τῆς
3213 3078 3461 3150 Κρήτης.
3510 3078 3715 3135 Τούτου
3753 3081 3813 3135 δὲ

2232 3167 2722 3239 γενομένου,Δέων
2749 3171 2777 3223 ὁ
2799 3168 3090 3238 Φιλόσοφος
3127 3169 3342 3241 Βάρδαν
3372 3169 3627 3240 Καίσαρα
3668 3188 3810 3241 παρ-

545 3266 860 3329 agerentur,
912 3254 1023 3313 Leo
1090 3255 1526 3325 Philososophus
1579 3254 1810 3313 Bardam
1854 3255 2125 3312 Czrsarem

2236 3258 2351 3331 ῄνει
2391 3258 2843 3323 ὑποστέλλεσθαι,
2883 3263 2978 3314 καὶ
3028 3263 3315 3332 συντηρεῖν
3348 3262 3537 3315 ἑαυτὸν
3572 3261 3677 3315 ἀπὸ
3704 3262 3810 3315 Βασ-

543 3357 756 3413 ιηοιιοι,
805 3358 865 3405 ut
921 3363 979 3403 se
1033 3348 1385 3410 subduceret,
1438 3355 1493 3402 et
1543 3362 1573 3402 a
1626 3345 1827 3401 Basilio
1885 3357 2121 3401 caveret.

541 3441 728 3498 Caesar
784 3441 839 3495 in
906 3440 1200 3496 adversum
1262 3439 1581 3509 imperaturi
1643 3438 2010 3494 attestahatnr
2069 3448 2128 3494 ut

544 3548 705 3603 parce
731 3530 937 3588 Basilio
977 3540 1240 3587 uteretur.
1282 3530 1735 3586 Annuntiatiouis
1769 3542 1951 3586 autem
1985 3531 2126 3586 festo

540 3626 609 3680 ad
648 3626 963 3689 ecclesiam,
1017 3639 1142 3694 qua;
1173 3631 1259 3680 est
1308 3625 1363 3678 in
1413 3621 1833 3693 Chalcepratiis,
1862 3639 2121 3694 processu

542 3716 710 3780 facto,
745 3725 973 3786 peracto
1025 3716 1301 3786 ingressu,
1351 3725 1406 3771 et
1440 3714 1737 3786 Evangelio
1770 3716 1931 3778 lecto.
1982 3715 2126 3771 Pho-

541 3809 654 3865 tius
687 3807 1004 3878 patriarcha
1035 3816 1090 3862 et
1124 3808 1425 3878 imperator
1447 3822 1572 3861 cum
1592 3806 1808 3863 Caesare
1832 3817 1887 3863 et
1920 3806 2124 3864 Basilio

539 3900 859 3956 accubitorc
888 3898 957 3953 ad
988 3899 1383 3955 catechumena
1404 3886 1883 3965 conscenderunt,
1935 3911 1991 3957 et
2024 3918 2123 3973 pa-

541 3993 784 4048 triarcha
834 3992 1141 4062 pretiosum
1192 4005 1396 4058 corpus
1446 3999 1502 4047 et
1543 3993 1868 4063 sanguinem
1904 3991 2124 4048 Domini

538 4084 715 4141 nostri
749 4082 878 4141 Iesu
905 4083 1109 4141 Christi
1141 4084 1398 4139 manibus
1436 4092 1680 4149 tenente,
1713 4086 1988 4140 calamum
2039 4086 2124 4141 in-

539 4180 816 4250 tiugeutes
866 4180 1166 4249 imperator
1198 4186 1250 4233 et
1300 4176 1539 4234 Basilius
1578 4178 1904 4233 venerandis
1944 4177 2125 4234 cruci-

541 4273 645 4327 bus
687 4269 977 4342 appositis,
1031 4268 1477 4340 subscripserunt
1526 4269 1865 4359 iui-amento,
1917 4270 2123 4328 Caesari

2231 3352 2451 3407 σιλείου.
2490 3350 2547 3406 'U
2580 3352 2635 3406 δὲ
2667 3353 2884 3423 Καῖσαρ
2912 3354 3002 3408 τὸν
3041 3353 3266 3424 βασιλέα
3289 3354 3450 3409 πάλιν
3471 3355 3809 3423 ἐπεφωνεῖτο

2229 3442 2510 3514 φείδεσθαι
2530 3442 2625 3497 τοῦ
2654 3441 2959 3497 Βασιλείου.
2984 3442 3292 3513 Γενομένης
3322 3441 3378 3495 δὲ
3417 3442 3519 3513 τῆς
3554 3440 3810 3513 προελεύ-

2229 3555 2367 3603 σεως
2399 3538 2479 3601 εἰς
2523 3535 2594 3589 τὰ
2645 3536 3044 3607 Χαλκοπρὰτια
3071 3534 3164 3589 τοῦ
3199 3534 3622 3605 Εὑαγγελισμοῦ
3648 3573 3663 3598 ,
3715 3533 3809 3588 καὶ

2226 3629 2328 3700 τῆς
2376 3628 2583 3683 εἰσόδου
2623 3627 2947 3698 γενομένης,
3010 3627 3102 3681 καὶ
3155 3626 3250 3680 τοῦ
3296 3626 3628 3695 Εὕαγγελίου
3653 3625 3807 3678 τελε-

2226 3720 2467 3785 σθέντος,
2504 3719 2733 3790 ἀνῆλθεν
2760 3720 2787 3772 ὅ
2821 3735 2879 3772 τε
2914 3717 3260 3788 πατριάρχης
3308 3718 3510 3779 Φώτιος
3538 3717 3631 3769 καὶ
3657 3718 3684 3768 ὁ
3709 3714 3807 3786 βα-

2227 3812 2406 3876 σιλεὺς
2435 3813 2531 3866 σὺν
2569 3812 2647 3881 τῷ
2698 3811 2943 3880 Καίσαρι
2998 3810 3094 3864 καὶ
3141 3808 3409 3881 Βασιλεεῳ
3457 3825 3809 3879 παρακοιμω-

2229 3901 2375 3971 μένῳ
2420 3899 2479 3953 ὲν
2534 3903 2648 3963 τοῖς
2702 3899 3159 3970 κατηχουμένοις,
3195 3897 3290 3952 τοῦ
3336 3901 3673 3969 πατριὲορχου
3713 3897 3808 3951 ἐπὶ

2226 3991 2416 4061 χεῖρας
2439 3988 2655 4059 ἔχοντος
2683 3990 2742 4042 τὸ
2774 3989 2956 4057 τίμιον
2989 3989 3150 4060 σῶμα
3173 3990 3264 4042 καὶ
3308 3984 3449 4059 αἷμα
3483 3988 3575 4042 τοῦ
3601 3989 3804 4060 Κυρίου

2226 4080 2384 4151 ἡμῶν
2447 4079 2622 4146 Ἰησοῦ
2675 4078 2934 4151 Χριστοῦ.
2990 4081 3103 4135 Καὶ
3154 4079 3429 4151 βάψαντες
3478 4082 3506 4134 ὅ
3541 4098 3601 4134 τε
3649 4081 3803 4151 βασι-

2225 4173 2349 4237 λεὺς
2378 4172 2515 4244 (58),
2545 4174 2640 4227 καὶ
2668 4175 2695 4227 6
2727 4172 3031 4236 Βασίλειος,
3063 4174 3191 4239 τοὺς
3219 4174 3432 4244 τιμίους
3481 4173 3801 4245 ὑπέγραψαν

2227 4265 2517 4334 σταυροὺς,
2568 4266 2717 4334 ὅρκῳ
2760 4264 3106 4335 βεϐαιοῦντες
3147 4264 3237 4320 τὸν
3289 4266 3543 4335 Καίσαρα
3586 4265 3804 4337 ἀφόϐως

538 4361 876 4418 amrmantes
905 4378 1030 4418 eum
1067 4377 1186 4417 cum
1222 4362 1356 4433 ipsis
1389 4354 1782 4433 profectionem
1814 4365 1932 4419 siue
1972 4364 2122 4434 peri-

2236 4354 2459 4420 ὲξελθεῖν
2492 4357 2609 4425 μετ’
2657 4356 2840 4409 αὐτῶν
2886 4357 2943 4408 ὲν
2992 4355 3069 4426 τῷ
3102 4354 3372 4423 ταξειδίῳ.
3417 4357 3670 4427 Φανερῶς
3694 4358 3800 4428 γὰρ

537 4454 663 4510 culo
723 4468 886 4526 posse
948 4468 1277 4524 capessere:
1340 4453 1451 4509 Leo
1497 4455 1696 4526 quippe
1754 4453 2123 4525 PhilosOpbus

2236 4445 2376 4499 Λέων
2406 4445 2749 4515 ὀΦιλόσοφος
2797 4449 3164 4517 παρηγγυᾶτο
3213 4447 3291 4516 τῷ
3330 4448 3512 4519 Βάρδα
3552 4448 3629 4521 μὴ
3655 4449 3799 4516 ὲξελυ

536 4547 769 4602 Bardam
828 4547 1120 4604 manifeste
1177 4548 1579 4612 obtestabatur,
1635 4563 1707 4601 ne
1755 4547 2122 4619 expeditionis

2236 4537 2338 4591 θεῖν
2371 4538 2467 4591 σὺν
2528 4539 2733 4601 αὐτοῖς.
2774 4538 3165 4612 Ἐξερχόμενον
3216 4540 3325 4610 γὰρ
3357 4539 3543 4608 ἔλεγεν
3575 4541 3648 4612 μὴ
3678 4542 3803 4595 ὑπο-

535 4653 720 4694 comes
754 4638 973 4694 abiret:
1023 4654 1310 4710 egressum
1353 4640 1499 4693 enim
1544 4639 1716 4693 semel
1752 4654 1862 4693 non
1914 4639 2123 4695 reditu-

2236 4629 2557 4700 στραφῆναι.
2601 4630 2735 4683 Ἀπὸ
2765 4631 2819 4684 δὲ
2865 4631 2964 4700 τῆς
2993 4631 3191 4702 ἑορτῆς
3242 4630 3336 4685 τοῦ
3385 4632 3542 4701 ἁγίου
3592 4634 3798 4702 Πάσχα,

536 4745 659 4785 rum
704 4730 1059 4797 praedicebat.
1103 4730 1274 4787 Sacro
1302 4746 1430 4786 vero
1458 4729 1741 4786 Paschalis
1782 4729 1944 4794 festo,
1990 4744 2115 4786 cum

2236 4722 2445 4792 ὶπάρας
2483 4724 2509 4776 6
2532 4722 2785 4794 βασιλεὺς
2821 4723 2960 4793 μετὰ
2981 4723 3180 4777 πολλοῦ
3211 4724 3468 4793 στρατοῦ,
3504 4725 3799 4780 κατέλαϐεν

534 4821 781 4878 exercitu
828 4825 1057 4893 copioso
1107 4824 1326 4878 solvens
1360 4823 1679 4893 imperator,
1729 4824 1793 4877 ad
1837 4821 2120 4877 Thracen-

2236 4819 2281 4870 ὲν
2311 4816 2387 4886 τῷ
2419 4815 2618 4887 θέματι
2664 4816 2774 4869 τῶν
2822 4816 3175 4887 Θρᾳκησίων.
3220 4817 3709 4889 ’Δπληκευσάντων
3742 4819 3797 4873 δὲ

535 4915 677 4970 sium
729 4915 912 4970 thema
954 4929 1015 4969 se
1055 4916 1327 4971 contulit:
1368 4914 1548 4970 classe
1586 4925 1768 4970 autem
1814 4916 1879 4970 ad
1913 4915 2115 4978 locum,

2236 4907 2400 4961 ιὺτῶν
2423 4910 2502 4973 εἰς
2534 4910 2784 4977 Κήπους,
2819 4907 3099 4973 Βασίλειος
3146 4911 3644 4981 παρακοιμώμενος
3677 4913 3799 4983 βου-

533 5007 623 5062 cui
654 5005 810 5062 Horti
872 5021 1102 5071 nomen,
1154 5008 1487 5076 appellcnte.
1551 5005 1788 5062 Basilius
1835 5008 2119 5063 accubitor

2236 5001 2320 5072 ιὴν
2357 5003 2596 5054 ἐποιεῖτο
2639 5001 2850 5053 ἀνελεῖν
2891 5000 3164 5073 Καίσαρα.
3226 5002 3506 5073 Ὑπῆρχον
3537 5004 3592 5057 δὲ
3634 5007 3690 5057 ἐν
3730 5007 3795 5075 τῇ

532 5098 806 5155 Caesarem
852 5098 1103 5155 occidere
1153 5099 1562 5154 meditabatur:
1610 5097 1837 5153 aderant
1882 5100 2114 5153 consilio

2236 5093 2389 5166 Ξουλῇ
2416 5093 2696 5164 Μαριανδς
2721 5095 2749 5147 6
2770 5092 2997 5163 ἀδελφὸς
3020 5094 3212 5160 αὑτοῦ,
3240 5096 3334 5149 καὶ
3360 5095 3567 5166 Πέτρος
3594 5099 3621 5151 6
3643 5097 3802 5151 Βούλ-

534 5190 816 5249 Mariauus
863 5191 984 5263 eius
1042 5190 1233 5256 frater,
1281 5189 1475 5247 Petrus
1532 5189 1823 5262 Bulgarus,
1874 5190 2115 5246 Joannes

2236 5204 2413 5259 γαρος,
2441 5187 2535 5240 καὶ
2569 5187 2822 5258 Ἰωάννης
2854 5189 2882 5240 6
2913 5185 3173 5253 Χαλδίας,
3200 5188 3296 5241 καὶ
3341 5188 3748 5254 Κωνσταντῖνος
3770 5192 3800 5245 6

1669 5308 1923 5365 FRANC.
1967 5305 2355 5365 (IOMBEFISII
2395 5308 2630 5365 NOTAE.

608 5407 721 5479 (37)
756 5405 849 5461 Illi
890 5405 1139 5460 honorem
1164 5421 1276 5479 eeo
1310 5401 1816 5479 dominaahoberet;
1855 5417 1974 5455 eam
2013 5401 2116 5479 _u_l_i-
2223 5401 2605 5479 bancvidetnr
2637 5401 2925 5479 historiam
2958 5402 3202 5479 tetigisse
3226 5419 3244 5479 ξ
3267 5399 3387 5456 Vat.
3406 5401 3789 5479 Qontinuatur,

534 5470 801 5540 servaret,
836 5491 936 5530 nec
982 5485 1093 5529 tam
1132 5475 1235 5529 sibi
1279 5489 1505 5528 uxorem
1546 5473 1773 5527 haberet
1811 5487 1975 5539 quam
2013 5470 2110 5524 Mi-
2222 5470 2408 5524 Basilii
2445 5475 2586 5526 forte
2621 5472 2947 5541 reverentia,
2976 5474 3199 5537 pressit.
3231 5472 3283 5525 in
3312 5472 3542 5541 gratiam
3576 5473 3790 5539 nepotis

535 5546 708 5601 chaeli
758 5546 1120 5614 spurcissimo
1156 5544 1524 5614 concubinam
1576 5551 1854 5597 servaret:
1890 5557 1957 5595 ex
2005 5556 2116 5612 quo
2221 5540 3352 5614 illiusConstantini.'Evraﬁstelipdicitur
3372 5557 3492 5614 esse
3515 5541 3790 5614 princeps,

535 5616 700 5670 etiam
754 5610 877 5681 pag.
910 5615 1017 5670 668
1059 5614 1266 5669 dicitur
1306 5612 1544 5667 Leonem
1599 5614 1933 5680 suscepisse.
2024 5610 2038 5612 “
2102 5680 2107 5681 ί
2222 5627 2343 5665 eum
2396 5622 2549 5666 extra
2592 5612 2782 5665 urbem
2836 5613 2917 5664 vel
2950 5612 3117 5665 animi
3166 5626 3354 5675 causa,
3404 5610 3483 5681 vel
3517 5611 3787 5675 exercitii,

606 5685 720 5754 (58)
754 5679 984 5742 Vivilico
1018 5699 1212 5753 nempe
1241 5684 1413 5739 calice
1455 5682 1539 5737 usi
1572 5679 1874 5754 atramenti
1900 5685 2020 5737 loco
2046 5680 2114 5737 ad
2222 5683 2535 5754 siveietiam
2569 5682 2750 5737 bellici
2777 5689 3077 5754 apparatus
3121 5692 3380 5754 moratur.
3412 5679 3789 5735 I’roduccmus

538 5750 822 5809 horrorem
854 5769 918 5808 ac
950 5750 1270 5824 religionem
1302 5761 1649 5824 sacramento
1684 5753 2113 5824 conciliandam,
2221 5752 2386 5824 Pselli
2429 5752 2694 5824 epistolas
2742 5750 2888 5824 tumo
2927 5752 3116 5824 altero
3146 5750 3210 5824 ad
3259 5752 3641 5821 imperatores,
3691 5759 3791 5804 aut

540 5838 706 5894 quam
738 5833 922 5894 tamen
939 5820 1082 5878 fmdé
1109 5829 1267 5876 erant
1296 5823 1594 5894 violaturi:
1632 5823 1970 5894 quinneque
2004 5823 2114 5894 alio
2221 5822 2345 5889 eius
2402 5820 2634 5894 co‘tnites
2676 5822 2733 5875 ὲν
2765 5820 3039 5894 ταξειδίῳ.
3080 5822 3299 5894 Διιιιίιλιιιτι
3344 5820 3547 5894 nempe
3597 5834 3786 5878 eorum

543 5891 726 5963 animo
782 5889 1271 5963 jurabant,_quam
1323 5899 1382 5945 ut
1415 5889 1702 5961 deceptum
1748 5889 2113 5963 jnreiurapdo
2223 5900 2531 5963 temporum
2560 5892 2868 5949 illustretur
2898 5889 3151 5947 his—toria.

544 5957 820 6015 hominem
854 5958 988 6015 urbe
1026 5957 1342 6026 educerent,
1386 5973 1448 6016 ac
1481 5957 1766 6019 necarent.
1794 5957 1954 6019 Solus
1989 5960 2098 6018 Leo
