4100 6430
616 382 753 450 1099

1843 392 2118 452 LEOle
2150 393 2194 453 G
2207 393 2635 456 RAMMATICI

3752 401 3875 468 1100

597 506 705 561 sed
757 515 811 560 et
841 505 1081 560 tonitrua
1113 514 1511 576 ventorumque
1541 508 1779 575 impetus
1815 504 1978 577 477
2005 514 2058 560 et
2087 503 2187 560 ful-

2299 507 2441 562 ὥστε
2469 509 2640 564 νύκτα
2672 509 2926 580 γενέσθαι
2956 509 3108 591 ῶρας
3137 513 3196 580 ἒξ
3220 513 3314 568 καὶ
3337 515 3463 579 τοὺς
3491 516 3734 586 ἀστέρας
3759 520 3875 587 φαί-

609 614 743 670 gnra
785 596 926 653 facta
983 608 1110 653 sunt
1141 607 1249 652 tam
1283 598 1526 664 horrida,
1581 609 1640 652 ut
1674 597 1728 652 in
1770 598 1874 654 fori
1931 598 2194 668 gradibus

608 700 811 758 septeni
854 692 1102 746 homines
1133 691 1255 760 igne
1315 693 1629 762 consumpti
1687 692 1820 747 sint.
1857 690 2030 763 Capta
2063 693 2195 748 urbs

611 779 812 836 Samus
833 783 902 836 ab
927 782 1214 852 Agarenis,
1242 783 1480 839 abducto
1503 785 1663 839 etiam
1690 795 1924 855 praetore
1946 784 2185 855 captivo.

589 873 716 927 ‘Leo
743 883 921 928 autem
959 872 1221 928 Zautzam
1250 875 1594 944 imperatoris
1634 873 1814 931 Patris
1845 875 2006 930 titulo
2036 891 2197 930 exor-

579 967 779 1029 navit,
822 966 982 1036 cujus
1039 967 1207 1022 ﬁliam
1267 967 1412 1023 Zoen
1465 968 1579 1038 jam
1623 969 1936 1036 adamabat,
1993 969 2194 1025 marito

603 1057 723 1129 ejus
758 1057 1052 1114 Theodoro
1082 1057 1394 1114 Guzuniata
1423 1075 1634 1114 veneno
1668 1061 1905 1132 quodam
1953 1061 2192 1117 sublato.

579 1148 820 1205 'Mortuo
851 1162 1035 1207 autem
1073 1151 1356 1223 Stephano
1396 1154 1730 1223 patriarcha,
1769 1155 1822 1209 in
1855 1155 1976 1226 ejus
2010 1155 2194 1210 locum

581 1243 878 1300 "Antonius
896 1255 1262 1316 cognomento
1295 1245 1529 1302 Cauleas
1556 1247 1864 1302 ordinatur.

2303 601 2493 656 νεσθαι
2515 620 2527 634 ⁸
2555 603 2693 657 ἀλλὰ
2725 605 2822 657 καὶ
2854 603 3098 675 βρονταὶ,
3136 608 3230 660 καὶ
3271 608 3472 678 συνοχὴ
3505 608 3747 678 ἀνέμων,
3789 613 3878 664 καὶ

2303 695 2585 766 ἀστραπαὶ
2633 697 2946 764 γεγόνασιν,
2979 695 3120 750 ὥστε
3151 698 3355 769 καῆναι
3402 701 3462 752 ὲν
3513 701 3628 763 τοῖς
3675 701 3877 755 ἀναϐα-

2303 787 2462 858 θμοϊς
2496 786 2590 841 τοῦ
2618 789 2786 860 φόρου
2818 788 3142 859 ἀνθρώπους
3172 789 3334 844 ἑπτά.
3376 791 3486 846 Καὶ
3517 791 3880 866 ὲπολιορκήθη

2303 879 2408 933 ὑπὸ
2439 877 2548 934 τῶν
2583 881 2907 954 Ἀγαρηνῶν
2939 885 2970 952 ἡ
3007 883 3191 954 Σάμος
3216 883 3278 937 τὸ
3306 885 3567 956 κάστρον,
3601 884 3880 955 αἰχμαλω-

2297 969 2576 1036 τισθέντος
2619 971 2712 1025 τοῦ
2764 973 3072 1043 στρατηγοῦ
3112 974 3204 1028 τοῦ
3237 975 3530 1030 Πασπαλᾶ.
3565 976 3883 1047 Προεχειρί-

2302 1081 2433 1118 σατο
2476 1065 2534 1118 δὲ
2596 1065 2747 1120 Λέων
2778 1067 2806 1119 6
2837 1067 3094 1136 βασιλεὺς
3129 1068 3408 1134 Ζαοῦτζαν
3449 1069 3884 1144 βασιλεοπάτορα

2302 1157 2700 1230 συμφιλιωθεὶς
2730 1159 2833 1231 ἤδη
2860 1161 2981 1234 Ζωῇ
3023 1165 3090 1231 τῇ
3120 1162 3283 1216 αὑτοῦ
3315 1163 3570 1234 θυγατρὶ,
3609 1165 3886 1236 φαρμάκῳ

2303 1251 2412 1304 τινὶ
2448 1251 2877 1321 τελευτήσαντος
2911 1255 3006 1308 τοῦ
3032 1255 3224 1326 ἀνδρὸς
3255 1257 3426 1328 αὐτῆς
3467 1255 3750 1329 Θεοδώρου
3789 1258 3884 1310 τοῦ

583 1333 1000 1408 ³Γουζουνιάτου
1064 1339 1202 1413 (6ί).
1243 1341 1521 1411 Στεφάνου
1581 1342 1638 1396 δὲ
1690 1344 2032 1416 πατριάρχου
2082 1343 2191 1399 τῶν
2229 1346 2358 1417 τῇδε
2422 1349 2796 1418 μεταστάντος
2834 1353 3230 1421 χειροτονεῖται
3310 1351 3426 1404 ἀντ’
3474 1350 3638 1405 αὑτοῦ
3687 1349 3884 1405 ’Δντὼο

603 1452 737 1501 νιος,
767 1437 795 1487 6
829 1435 1430 1508 λεγόμενο;’Καυλέας.

675 1527 722 1583 Α
753 1526 894 1583 duce
919 1543 1048 1582 vero
1067 1527 1402 1584 Macedonia:
1423 1527 1572 1584 venit
1622 1529 1850 1585 nuntius
1883 1529 2194 1586 Simeonem

587 1621 874 1691 ‘Bnlgariae
906 1620 1210 1690 principem
1238 1619 1505 1675 adversus
1532 1618 1860 1676 Romaniam
1903 1623 2198 1693 perfectio-

605 1730 727 1766 nem
761 1712 1034 1769 meditari.
1066 1713 1242 1768 Causa
1280 1727 1409 1767 vero
1451 1727 1576 1782 quae
1617 1713 1934 1769 Simeonem
1997 1716 2194 1780 movit,

2363 1522 2538 1580 Ἦλθε
2565 1526 2622 1580 δὲ
2651 1525 2881 1596 ἀγγελία
2943 1526 3100 1596 παρὰ
3130 1523 3226 1578 τοῦ
3281 1521 3592 1596 στρατηγοῦ
3633 1521 3884 1577 Μακεδο-

2295 1621 2435 1687 νίας,
2465 1622 2540 1683 ὡς
2560 1620 2588 1672 6
2622 1620 2811 1691 ἄρχων
2843 1619 3185 1689 Βουλγαρὶας
3216 1617 3446 1687 Συμεὼν
3503 1617 3754 1688 βούλεται
3794 1620 3884 1672 ιχ.

2297 1710 2631 1782 στρατεῦσαι
2682 1708 2826 1763 κατὰ
2866 1709 3201 1780 Ῥωμανίας.
3274 1709 3338 1762 Ἠ
3388 1709 3446 1761 δὲ
3495 1709 3645 1762 αίτία
3691 1709 3760 1763 δι’
3821 1711 3884 1781 ἢν

501 1795 506 1802 ’
583 1806 718 1860 haec
742 1809 861 1860 erat
891 1821 902 1857 :
940 1805 1176 1862 Zaulzas
1206 1805 1554 1876 imperatoris
1581 1816 1734 1878 pater
1763 1822 1980 1863 servum
2011 1809 2187 1864 habuil

2295 1802 2565 1874 ὠργίζετο
2598 1801 2825 1874 Συμεὼν
2873 1798 2940 1874 ἦν
2998 1800 3172 1872 αὕτη·
3237 1801 3516 1867 Ζαοῦτζας
3571 1803 3600 1856 6
3639 1801 3884 1872 βασι).εο-

587 1897 917 1952 ‘eunuchum
952 1897 1177 1954 nomine
1217 1897 1510 1955 Musicum.
1545 1898 1645 1955 llic
1682 1897 1969 1957 Stauracio
1999 1913 2052 1956 et
2094 1901 2187 1958 Co-

2297 1896 2493 1966 πάτωρ
2542 1891 2687 1967 εἶχεν
2749 1894 3006 1966 εὐνοῦχον
3064 1894 3251 1948 δοῦλον
3306 1894 3532 1965 ὀνόματι
3585 1895 3883 1951 Μουσικόν.

601 2005 736 2045 5mm
788 1990 1169 2060 prmdivitibus
1234 1992 1640 2047 mercatoribus
1676 1991 1882 2050 Graecis
1933 1995 2187 2050 amicitia

2299 1981 2472 2054 Οὗτος
2497 1987 3123 2060 ὲφιλιὼθηΣταυρακίῳ
3156 1988 3250 2041 καὶ
3277 1989 3498 2059 Κοσμᾷ,
3545 1987 3883 2052 Ἑλλαδικοῖς

593 2082 822 2153 junctus
856 2090 976 2139 est:
1013 2083 1108 2154 qui
1153 2082 1378 2154 quidem
1419 2085 1565 2156 turpi
1606 2084 1760 2141 lucro
1787 2087 1980 2142 intenti
2012 2097 2196 2143 aucto-

598 2175 762 2230 ritate
804 2173 1027 2242 Musici,
1059 2177 1208 2248 quod
1241 2187 1360 2232 erat
1393 2177 1448 2233 in
1479 2179 1618 2234 urbe
1655 2178 2015 2250 Bulgarorum
2041 2195 2192 2236 com-

597 2269 889 2335 mercium,
921 2269 1378 2327 Thessalonicam
1412 2273 1834 2338 transtulerunt,
1866 2283 1922 2330 et
1951 2277 2194 2345 vectiga-

596 2361 744 2418 libus
780 2362 1049 2434 impositis
1079 2364 1317 2435 pessime
1344 2364 1616 2433 Bulgaros
1659 2376 2051 2423 exercuerunt.
2097 2365 2193 2422 llis

599 2455 848 2509 Simeoni
879 2473 907 2509 a
941 2455 1192 2528 Bulgaris
1222 2457 1572 2527 significatis,
1604 2459 1793 2514 eadem
1829 2459 1943 2514 haec
1968 2459 2189 2515 Simeon

597 2544 1121 2618 Leoniimperatori
1149 2547 1283 2603 fecit
1319 2549 1632 2606 manifesta.
1662 2550 1984 2620 Imperator,
2020 2567 2048 2605 a
2091 2568 2191 2622 pa-

594 2645 683 2694 tre
729 2639 1082 2710 imperatorio
1129 2639 1339 2697 Musico
1382 2642 1549 2698 nimis
1591 2641 1787 2698 affecto
1834 2642 2188 2713 praepeditus,

597 2744 795 2790 cuncta
825 2734 1000 2790 nihilo
1026 2735 1206 2807 magis
1233 2735 1550 2792 aestimavit.
1594 2736 1810 2792 Furens
1855 2739 2026 2806 igitur
2057 2735 2188 2791 Bul-

599 2812 768 2897 garus
807 2826 1076 2882 adversus
1130 2828 1415 2884 Romanos
1449 2829 1752 2885 exercitum
1785 2829 2024 2884 instruit.
2052 2827 2188 2896 Qui-

595 2917 707 2972 bus
765 2917 1014 2984 auditis,
1071 2919 1241 2974 mittit
1307 2920 1609 2990 imperator
1661 2921 1927 2976 Crinitem
1983 2921 2191 2977 militia!

597 3009 925 3080 magistrum
977 3025 1102 3065 cum
1141 3011 1309 3068 armis
1351 3027 1415 3067 ac
1449 3013 1637 3068 multis
1687 3014 1838 3068 urbis
1867 3014 2189 3085 proceribus

597 3100 866 3157 adversus
899 3100 1200 3174 Bulgaros:
1249 3114 1613 3176 consertaque
1666 3121 1849 3177 pugna
1905 3107 1958 3160 in
2010 3103 2188 3162 Mace-

599 3191 788 3260 donia,
816 3202 1107 3249 vertuntur
1145 3193 1200 3249 in
1237 3193 1420 3266 fugam
1450 3196 1709 3263 Romani,
1740 3197 1860 3268 ipso
1885 3196 2116 3262 Crinite,
2134 3206 2188 3254 et

2299 2083 2650 2155 φιλοχρύσοις
2680 2083 2776 2136 καὶ
2801 2084 3150 2154 πραγματεῖς
3179 2079 3644 2154 [πραγματεῦσι],
3687 2082 3880 2146 οἵτινες

2297 2177 2434 2248 πρὸς
2457 2176 2911 2248 αἰσχροκέρδειαν
2940 2175 3279 2246 ἀφορῶντες,
3317 2175 3566 2246 μεσιτείᾳ
3585 2178 3683 2228 καὶ
3715 2175 3872 2229 δυνά-

2299 2286 2388 2341 μει
2429 2268 2526 2322 τοῦ
2565 2268 2849 2324 Μουσικοῦ
2910 2268 3200 2340 διέστησαν
3226 2271 3326 2340 τὴν
3352 2271 3410 2322 ὲν
3443 2271 3509 2340 τῇ
3548 2268 3708 2322 πόλει
3747 2285 3872 2341 πρα-

2294 2361 2565 2430 γματείαν
2597 2360 2706 2415 τῶν
2767 2361 3092 2431 Βουλγάρων
3137 2364 3196 2416 ὲν
3233 2362 3628 2435 Θεσσαλονίκῃ,
3685 2363 3869 2426 κακῶς

2293 2454 2421 2516 τοὺς
2442 2453 2790 2524 Βουλγάρους
2814 2453 3155 2517 διοικοῦντες
3183 2455 3241 2508 ἐν
3273 2455 3351 2522 τῷ
3379 2455 3880 2528 κουμερκεὺειν.υί

2293 2543 2350 2598 δὲ
2379 2545 2682 2616 Βούλγαροι
2714 2545 2810 2600 τοῦ
2836 2545 2961 2618 [τῷ]
2989 2543 3241 2617 ’Συμεὼν
3275 2545 3388 2616 (65)
3421 2545 3595 2600 ταῦτα
3621 2549 3883 2619 ἀνήγγει-

2291 2637 2392 2692 λαν
2415 2653 2429 2668 ο
2466 2641 2494 2691 6
2523 2637 2580 2691 δὲ
2610 2637 2750 2706 δῆλα
2783 2639 3087 2708 πεποίηκεν
3127 2639 3204 2710 τῷ
3239 2639 3458 2711 βασιλεῖ
3489 2640 3703 2694 Λέοντι.
3740 2640 3802 2694 Ὀ
3825 2639 3881 2694 δὲ

2295 2729 2550 2800 βασιλεὺς
2583 2729 2690 2784 ὑπὸ
2718 2727 3308 2801 τοῦβασιλεοπάτορος
3330 2731 3676 2802 κωλυόμενος
3707 2749 3881 2802 προσ-

2293 2822 2598 2887 παθοῦντος
2662 2823 2949 2894 Μουσικῷ,
3007 2823 3190 2878 πάντα
3250 2823 3327 2889 ὡς
3386 2823 3556 2896 λῆρον
3621 2825 3877 2896 ἤκουσεν.

2291 2915 2500 2978 Movet;
2523 2912 2616 2968 οὖν
2647 2916 2674 2967 6
2697 2915 3012 2985 Βούλγαρος
3047 2915 3406 2988 ἑκστρατεύει
3434 2915 3580 2970 κατὰ
3601 2916 3711 2969 τῶν
3751 2917 3878 2970 Ῥω-

2295 3007 2491 3079 μαίων.
2518 3008 2630 3062 Καὶ
2657 3006 2850 3079 μαθὼν
2879 3007 3056 3061 ταῦτα
3083 3009 3112 3061 6
3143 3007 3402 3078 βασιλεὺς
3431 3005 3757 3061 ἀποστέλλει
3787 3007 3878 3060 τὸν

2291 3100 2558 3173 Κρινίτην
2590 3101 2972 3172 στρατηλάτην
3007 3100 3152 3154 κατὰ
3203 3099 3312 3153 τῶν
3369 3099 3694 3172 Βουλγάρων
3736 3098 3878 3169 μετά

2291 3190 2473 3244 ὃπλων
2513 3191 2609 3245 καὶ
2645 3192 2926 3262 ἀρχόντων
2961 3190 3176 3246 πολλῶν
3208 3191 3310 3262 τῆς
3339 3191 3571 3257 πόλεως,
3605 3189 3701 3244 καὶ
3739 3206 3880 3261 συμ-

598 3284 817 3342 Cortice
861 3286 1149 3354 Armenio,
1182 3288 1506 3360 caeterisque
1547 3291 1804 3346 omnibus
1848 3291 2071 3348 occisis.
2107 3291 2187 3348 Ex

2294 3286 2454 3358 ϐολῆς
2509 3285 2810 3356 γενομένης
2863 3287 2922 3340 ὲν
2959 3286 3276 3360 Μακεδονίᾳ
3313 3285 3450 3358 (66),
3477 3286 3781 3358 τρέπονται
3828 3285 3875 3339 οἱ

598 3378 867 3435 Chazaris
889 3379 984 3450 qui
1014 3380 1315 3436 auxiliares
1344 3380 1512 3437 Leoni
1543 3384 1904 3453 advenerant,
1939 3400 2191 3453 compre-

599 3471 784 3538 hensi,
829 3473 1169 3545 naribusque
1206 3475 1444 3546 praecisi,
1483 3476 1536 3531 in
1579 3485 1952 3545 contemptum
1985 3476 2191 3532 Roma-

598 3582 798 3622 norum
850 3566 918 3623 ad
975 3567 1168 3624 urbem
1219 3584 1250 3624 a
1291 3568 1548 3624 Simeone
1579 3570 1797 3626 remissi
1853 3580 2004 3626 sunt.
2040 3571 2190 3637 Quos

601 3659 902 3730 imperator
928 3661 1286 3731 conspicatus
1309 3670 1363 3716 et
1393 3677 1660 3720 accensus
1702 3662 1805 3726 ira,
1845 3664 1998 3719 misit
2031 3661 2192 3720 Nice-

599 3760 736 3816 tam,
759 3761 1124 3823 cognomento
1147 3751 1392 3808 Sclerum
1421 3753 1486 3808 ad
1511 3752 1746 3810 Danubii
1777 3754 2021 3811 ﬂuminis
2042 3755 2189 3827 ripas

600 3857 729 3898 cum
755 3843 1032 3898 celocibus
1055 3860 1285 3900 munera
1304 3844 1501 3902 Turcis
1523 3845 1929 3911 oblaturum,et
1945 3845 2012 3900 ad
2034 3860 2187 3900 arma

602 3942 798 3988 contra
852 3931 1172 3990 Simeonem
1231 3935 1940 3990 cxcitaturum.ProI‘ectus
1996 3935 2087 3990 ille
2134 3945 2190 3990 et

599 4026 913 4082 collocutus
940 4026 1106 4081 etiam
1137 4042 1262 4082 cum
1295 4027 1572 4097 capitibus
1601 4027 1819 4097 Arpade
1851 4039 1904 4083 et
1947 4026 2187 4094 Cusane,

600 4118 656 4172 in
693 4117 818 4173 belli
873 4118 1199 4174 societatem
1259 4118 1736 4176 consentientibus
1768 4119 1901 4186 illis,
1949 4121 2189 4190 acceptis

599 4208 909 4272 obsidibus,
938 4207 1006 4262 ad
1049 4208 1435 4278 imperatorem
1468 4207 1650 4264 rediit.
1697 4207 1791 4264 llle
1824 4224 2045 4265 rursum
2082 4211 2190 4264 Eu-

599 4300 864 4356 stathium
921 4300 1218 4370 patricium
1269 4309 1323 4356 et
1375 4301 1573 4358 classis
1605 4301 1965 4374 drungarium
2022 4304 2186 4367 mari,

2308 3379 2569 3452 Ῥωμαῖοι
2597 3379 2900 3450 σφαγέντος
2934 3379 3030 3434 τοῦ
3062 3380 3348 3451 Κρινίτου,
3381 3378 3477 3432 καὶ
3505 3375 3599 3431 τοῦ
3635 3375 3876 3447 Ἀρμένη

2291 3472 2387 3526 τοῦ
2420 3473 2694 3544 Κορτίκη,
2733 3472 2830 3528 καὶ
2857 3472 2966 3526 τῶν
3013 3471 3222 3526 λοιπῶν
3249 3470 3493 3527 πάντων.
3538 3470 3636 3525 Ἐκ
3673 3468 3733 3521 δὲ
3769 3467 3878 3520 τῶν

2291 3563 2568 3636 Χαζάρων
2626 3565 2677 3618 οἶ
2731 3560 2873 3635 ἦσαν
2926 3564 3007 3629 είς
3057 3563 3158 3635 τὴν
3197 3563 3447 3634 ἑταιρίαν
3500 3561 3596 3616 τοῦ
3647 3560 3878 3624 Λέοντος

2292 3656 2684 3727 κρατηθέντες,
2726 3657 2942 3720 καὶτὰς
2976 3658 3133 3728 ῥῖνας
3171 3655 3352 3710 αὐτῶν
3386 3655 3649 3718 κατιέντες
3682 3654 3767 3718 είς
3790 3653 3876 3707 αἱ·

2294 3747 2499 3818 σχύνην
2544 3749 2835 3820 Ῥωμαίων
2885 3750 2943 3802 ἐν
3003 3751 3070 3820 τῇ
3117 3749 3276 3801 πόλει
3305 3748 3456 3817 παρὰ
3506 3745 3736 3818 Συμεὼν
3771 3746 3879 3799 ἀπ-

2291 3840 2605 3911 εστάλησαν
2625 3858 2639 3872 ο
2673 3839 2767 3904 οὓς
2802 3839 2929 3893 ἰδὼν
2958 3841 2987 3894 6
3021 3838 3298 3911 βασιλεὺς,
3337 3839 3433 3892 καὶ
3458 3838 3738 3910 θυμωθεὶς
3769 3839 3878 3892 ἀπ-

2291 3931 2532 3986 έστειλεν
2574 3933 2848 4005 Νικήταν,
2878 3933 2970 3986 τὸν
3001 3933 3392 4004 ἐπιλεγόμενον
3439 3931 3706 4002 Σκληρὸν,
3739 3930 3880 4002 μετὰ

2289 4025 2584 4098 δρομώνων
2608 4027 2665 4078 ἐν
2689 4025 2766 4097 τῷ
2791 4025 3025 4096 ποταμῷ
3057 4025 3152 4080 τοῦ
3189 4025 3490 4079 ’Λανουϐίου
3525 4023 3708 4077 δοῦναι
3727 4023 3880 4095 δῶρα

2289 4121 2402 4183 τοῖς
2432 4118 2722 4190 Τούρκοις,
2754 4119 2849 4173 καὶ
2875 4119 3014 4190 πρὸς
3065 4119 3305 4190 πόλεμον
3326 4119 3570 4187 κινῆσαι
3603 4116 3742 4188 μετὰ
3781 4117 3881 4168 Συ-

2293 4210 2460 4281 μεών.
2500 4211 2558 4264 Ὁ
2591 4211 2646 4264 δὲ
2668 4209 2940 4277 ἀπελθὼν,
2975 4210 3068 4264 καὶ
3103 4207 3383 4279 συντυχὼν
3418 4208 3516 4262 καὶ
3546 4209 3670 4271 ταῖς
3707 4222 3882 4274 κεφαο

2291 4302 2414 4368 λαῖς
2455 4301 2709 4374 Ἀρπάδῃ
2761 4304 2857 4357 καὶ⁴
2913 4303 3177 4375 Κουσάνῃ
3218 4302 3316 4356 καὶ
3347 4301 3692 4371 συνθεμένων
3719 4297 3880 4352 πολε-

597 4403 743 4448 terra
783 4407 912 4450 vero
946 4392 1321 4464 Nicephorum
1376 4394 1674 4459 patricium
1739 4407 1792 4450 et
1840 4393 2102 4462 Phocam,
2132 4403 2187 4451 et

2294 4397 2486 4467 μῆσαι,
2510 4398 2757 4468 ὁμήρους
2790 4397 2973 4451 λαϐὼν
2994 4393 3128 4468 ἦλθε
3159 4397 3298 4468 πρὸς
3321 4395 3414 4450 τὸν
3445 4394 3692 4466 βασιλέα.
3719 4394 3786 4446 ὐ
3824 4391 3880 4446 ὁὶ

595 4484 874 4556 legionum
899 4485 1260 4541 domesticum
1290 4484 1525 4556 delegat,
1551 4487 1645 4558 qui
1675 4485 1985 4557 Bulgariam
2011 4503 2187 4559 usque

2294 4487 2548 4558 βασιλεὺς
2573 4489 2738 4544 πάλιν
2773 4489 2862 4545 διὰ
2893 4489 2993 4560 τῆς
3025 4489 3305 4559 θαλάσσης
3326 4486 3647 4542 ἀπέστειλεν
3670 4483 3883 4540 E6616-

595 4585 1045 4645 penetraverunt.
1079 4577 1237 4632 Pacis
1282 4579 1636 4646 postmodum
1680 4577 1914 4650 cupidus
1947 4579 2185 4651 impera-

2294 4580 2406 4635 θιον
2442 4582 2735 4654 πατρίκιον
2783 4582 2879 4636 καὶ
2908 4582 3274 4654 δρουγγάριον
3302 4581 3413 4635 τῶν
3461 4579 3730 4652 πλοΐμων,
3777 4579 3875 4632 Νιο

595 4675 705 4732 tor,
737 4665 1224 4724 Constantinacem
1277 4678 1606 4738 quaestorem
1641 4669 1709 4724 de
1747 4685 1881 4740 pace
1929 4686 2053 4726 cum
2098 4669 2180 4727 Si-

595 4771 790 4812 meone
825 4758 1209 4813 consulturum
1260 4759 1428 4814 misit.
1470 4759 1692 4815 Simeon
1742 4775 1895 4816 arma
1954 4763 2184 4838 bellum-

597 4863 707 4918 que
743 4856 888 4902 terra
921 4858 975 4903 et
1017 4849 1160 4904 mari
1219 4850 1276 4904 in
1313 4864 1372 4905 sc
1433 4857 1582 4904 mota
1620 4851 1990 4920 conspiciens,
2038 4869 2187 4924 qum-

599 4949 802 4996 storem
840 4941 999 5012 quasi
1029 4941 1219 4998 dolose
1251 4949 1504 5014 agentem
1533 4943 1638 4997 sub
1667 4943 1918 4999 custodia
1942 4944 2185 5002 inclusit.

598 5029 858 5089 Simeone
889 5049 1022 5089 vero
1053 5050 1174 5090 cum
1209 5033 1410 5092 Phocae
1439 5035 1614 5107 copiis
1662 5047 1954 5108 occupato,
1992 5037 2182 5108 Turci,

592 5127 820 5197 traiecto
853 5127 1124 5194 Danubio,
1155 5137 1323 5185 totam
1372 5128 1684 5201 Bulgariam
1717 5133 1986 5201 captivam
2016 5131 2186 5205 478

591 5220 790 5276 fecere.
840 5219 938 5277 llis
969 5222 1174 5278 auditis
1200 5220 1424 5278 Simeon
1450 5231 1636 5278 movet
1659 5222 1924 5280 adversus
1946 5222 2180 5280 Turcos.

2289 4677 2532 4748 κηφόρον
2575 4677 2632 4731 δὲ
2676 4676 2969 4748 πατρίκιον
3021 4675 3116 4729 τὸν
3155 4676 3352 4728 Φωκᾶν
3407 4675 3502 4728 καὶ
3555 4671 3876 4742 Batti-iazth

2292 4771 2431 4842 μετὰ
2460 4771 2566 4824 τῶν
2622 4769 2880 4839 θεμάτων
2923 4767 3252 4824 ἀπέστειλεν
3293 4765 3385 4822 διὰ
3417 4763 3678 4836 γῆς,-καὶ
3706 4756 3879 4831 ἦλθεν

2293 4862 2456 4934 μέχρι
2508 4861 2878 4934 Βουλγαρίας.
2941 4860 3004 4914 '0
3059 4860 3121 4914 δὲ
3179 4857 3437 4930 βασιλεὺς
3488 4855 3589 4928 τὴν
3649 4850 3880 4922 εἰρήνην

2289 4955 2673 5026 ἀσπαζόμενος
2719 4958 2856 5027 μετὰ
2885 4954 3046 5009 τοῦτο
3076 4953 3368 5008 ἀπέστειλε
3397 4952 3493 5006 καὶ
3526 4952 3884 5003 Κωνσταντι-

2291 5047 2468 5117 νάκην
2503 5047 2842 5120 κοιαίστωρα
2899 5047 3035 5119 πρὸς
3067 5045 3334 5118 Συμεῶνα
3376 5045 3447 5099 τὰ
3482 5040 3613 5112 περὶ
3649 5037 3886 5108 εἰρήνης

2292 5139 2751 5211 συμϐουλεύοντα.
2786 5140 3012 5212 Συμεὼν
3057 5141 3140 5206 δὲ,
3188 5139 3289 5211 τὴν
3317 5137 3440 5192 κατ’
3463 5132 3629 5191 αὐτοῦ
3661 5133 3881 5190 κίνησιν

2290 5230 2381 5287 διά
2403 5249 2463 5286 τε
2487 5235 2590 5304 γῆς
2617 5234 2710 5288 καὶ
2741 5232 3024 5304 θαλάσσης
3059 5233 3204 5300 ἰδὼν,
3225 5233 3285 5286 ὲν
3304 5230 3522 5302 φρουρᾷ
3553 5213 3881 5269 κατακλείει

590 5311 675 5368 illi
706 5314 760 5368 in
795 5315 1132 5372 contrariam
1167 5315 1343 5387 ripam
1375 5322 1726 5372 transeuntes
1776 5331 1902 5372 cum
1935 5317 2187 5388 Bulgaris

2298 5321 2391 5376 τὸν
2423 5323 2782 5395 κοιαίστωρα,
2820 5323 2895 5389 ὡς
2943 5326 3037 5378 ἐπὶ
3079 5323 3219 5393 δόλῳ
3251 5317 3498 5378 ὲλθΜάο-
3522 5305 3883 5378 Περάσαντες

1762 5427 2014 5485 FRANC.
2039 5429 2434 5488 consensu
2470 5433 2708 5492 Noras.

671 5522 783 5597 (Μ)
823 5525 1091 5581 Adulterii
1129 5525 1585 5582 consuetudinem
1615 5539 1740 5579 cum
1783 5523 1894 5580 Zoe
1918 5526 2179 5586 habuisse

593 5594 832 5651 Lennem
879 5597 1039 5652 docet
1081 5597 1364 5653 Cedrenus
1409 5599 1575 5651 etiam
1622 5597 1857 5668 vivente
1885 5597 2177 5668 Theopha-

594 5681 760 5738 nione,
781 5675 930 5738 utea
952 5682 1119 5738 causa
1147 5668 1314 5722 fuerit
1336 5668 1611 5738 prapinati
1643 5667 1761 5721 viro
1785 5666 1932 5723 illius
1954 5666 2173 5725 veneni.

595 5735 668 5807 Τὸ
719 5735 1153 5807 βασιλεοπάτωρ,
1185 5735 1382 5792 titulus
1415 5735 1454 5792 a‘
1485 5737 1669 5792 Leone
1713 5738 1990 5803 inventus,
2028 5739 2173 5794 idem

595 5805 712 5875 fere
739 5805 1263 5875 ψιὶςσυμπὲνθερος,
1291 5823 1558 5870 consocer,
1591 5823 1684 5862 seu
1719 5809 1906 5871 etiam,
1935 5812 1962 5860 6
1995 5823 2174 5874 παρα·

594 5872 968 5926 δυναστεύωνυ
1001 5876 1090 5929 cui
1119 5872 1381 5946 tanquam
1410 5879 1551 5948 patri
1582 5878 1883 5948 imperator
1912 5872 2172 5942 deferret,

2318 5659 2520 5714 ic‘toﬁl.
2550 5659 2592 5713 Ιί

2285 5678 2361 5725 ris
2388 5678 2520 5718 mm.
2550 5678 2592 5713 ιι
2626 5678 2850 5715 Αιιειατ.
2885 5678 3179 5728 decerpta,
3212 5678 3276 5712 ac
3299 5678 3530 5727 propeuv

2281 5732 2546 5790 Bollando
2578 5746 2768 5787 mense
2803 5731 3103 5785 Februario
3137 5727 3530 5797 producendm.

2289 5531 2448 5598 cuius
2480 5533 2721 5601 maxime
2753 5498 3002 5601 ραις-ηῑῇέ
3031 5522 3474 5601 templ-egeret.
3498 5584 3518 5601 I
3690 5582 3703 5601 9
3733 5582 3844 5601 μ’-
3870 5599 3872 5601 γ

2358 5584 2875 5676 ἰέῶῘῦἑξέῐῖίιίεὲοπιο
2903 5584 3667 5676 ,³³⁸9τὲ,θμαεὲίῖἷΥὲξεξζΡῙῖἳείῖ
3683 5584 3883 5676 ξῗξὲίῖἷ

2678 5669 2850 5714 uctar.
2885 5660 3179 5728 decerpta,
3212 5671 3276 5712 ac
3298 5657 3613 5728 pr0pediem
3650 5657 3882 5727 plenius

2313 5798 2470 5878 ’.(66)
2505 5803 2600 5860 Sic
2625 5813 2680 5859 et
2712 5801 3060 5871 Anonymus.
3093 5796 3369 5867 Gbar.,~év
3430 5796 3734 5884 Ῥωμανίᾳ.
