4100 6486
303 327 453 396 1105

1590 327 2270 393 CHRONOGRAPHIA.

3435 339 3572 405 1106

291 453 388 504 τύ.
419 447 526 502 Καὶ
546 445 813 511 διεξεῖπεν
846 445 961 517 (75)
997 443 1249 516 «pb;th
1289 443 1735 514 βασιλὲανπιὶσαν
1779 443 1880 514 τὴν

1991 456 2137 499 mors
2168 457 2255 497 me
2283 451 2434 498 certa
2460 450 2663 510 manet,
2710 442 2756 499 si
2794 452 3039 515 tacuere,
3073 449 3169 506 tibi
3200 450 3577 505 moriendum:

289 539 393 594 τοῦ
423 539 708 594 Βασιλείου
732 538 1049 609 ἐπιϐουλήν.
1108 538 1540 610 ’Δπιστήσαντος
1570 537 1626 591 δὲ
1653 537 1748 592 τοῦ
1791 538 1888 607 βαι

290 631 492 693 σιλέως
519 632 633 694 τοῖς
679 628 991 700 λαληθεῖσιν
1027 630 1159 700 παρ’
1209 629 1401 695 αύτοῦ,
1430 631 1529 685 καὶ
1557 630 1843 701 εἰρηκότος
1868 648 1883 664 ο

288 724 388 793 Μή
419 721 502 786 τίς
535 738 620 776 σοι
648 720 922 776 ύπέὸαλεν
946 720 1123 776 ταῦτα
1154 722 1330 776 εἰπεῖν
1367 739 1482 792 μοι,
1514 722 1608 776 καὶ
1627 723 1692 777 ὲκ
1719 722 1889 795 δωρο-

287 815 486 877 δοκίας
505 814 666 869 τοῦτο
697 814 1065 884 ἐποίησας;ὐ
1088 814 1146 868 δὲ
1177 812 1331 869 εἶπεν
1355 832 1367 846 ·
1412 815 1770 871 Ἀπόστειλον
1797 836 1888 872 πι·

288 909 480 971 στοῦς,
515 907 614 972 οὓς
662 907 929 972 κελεύεις,
983 909 1044 963 ὲν
1084 907 1164 979 τῷ
1213 908 1434 979 χελλίῳ,
1483 909 1721 965 δέσποτά
1757 927 1886 980 μου,

289 998 393 1052 καὶ
427 998 515 1052 ῖνα
544 996 686 1051 είσὶν
721 999 1192 1069 ἐγκεκρυμμένοι,
1222 999 1318 1053 καὶ
1358 998 1410 1052 si
1427 1018 1478 1054 τι
1515 998 1583 1054 ἂν
1609 1000 1890 1056 ἀκούσωσι

291 1090 451 1163 παρὰ
477 1090 573 1146 τοῦ
609 1090 894 1145 Βασιλείου
918 1092 1016 1144 καὶ
1039 1092 1170 1161 παρ’
1208 1092 1365 1162 ἐμοῦ,
1400 1093 1656 1164 γράφωσι
1691 1094 1886 1149 ταῦτα.

290 1181 555 1254 Παρευθὺ
610 1180 670 1237 at
730 1184 760 1236 6
822 1182 1079 1253 βασιλεὺς
1135 1182 1463 1238 ἀποστέλλει
1512 1185 1888 1257 Χριστοφόρον

288 1273 795 1345 πρωτοσεστιάριον
856 1275 973 1345 ἅμα
1038 1275 1346 1346 Καλοκύρῳ
1402 1278 1731 1350 κοιτωνίτῃ·
1794 1278 1891 1332 καὶ

289 1364 638 1429 εἰσελθόντες
677 1364 994 1437 ἐκρύϐησαν
1018 1366 1078 1420 ὲν
1101 1365 1182 1434 τῷ
1228 1364 1429 1436 κελλίῳ
1484 1364 1673 1421 αὑτοῦ.
1724 1365 1890 1419 Βασί-

288 1456 440 1520 λειος
462 1452 555 1510 οὖν
581 1455 916 1523 δελεασθεὶς,
949 1457 1044 1512 καὶ
1073 1454 1258 1511 λαϐὼν
1287 1454 1446 1525 λόγον
1479 1455 1702 1527 ἔνορκον
1738 1456 1892 1527 παρὰ

290 1547 537 1618 Σαμωνᾶ
564 1547 646 1613 είς
693 1548 755 1603 τδ
802 1548 1199 1620 προσευχάδιον
1250 1547 1443 1611 αὐτοῦ,
1489 1548 1706 1614 ἐξεῖπεν
1737 1549 1890 1621 αύτῷ

292 1641 478 1695 πάντα
525 1641 596 1696 τὰ
642 1642 746 1711 τῆς
805 1642 1038 1714 βουλῆς,
1107 1643 1202 1697 καὶ
1267 1643 1394 1707 τοὺς
1454 1643 1892 1715 συμϐουλευομέ-

288 1750 443 1798 νους.
520 1733 892 1790 Ἀνιστὼντων
940 1736 999 1790 δὲ
1069 1736 1252 1792 αὐτῶν
1320 1736 1477 1807 (76),
1527 1737 1887 1802 κατελθόντες

288 1826 670 1899 Χριστοφόρος
720 1829 814 1883 καὶ
860 1828 1171 1900 Καλοκῢρις
1232 1829 1549 1898 ἀνέγνωσαν
1596 1830 1773 1885 πάντα
1807 1830 1887 1902 τῷ

292 1918 529 1986 βασιλεῖ.
598 1920 709 1977 Καὶ
761 1921 1011 1994 παρευθὺ
1053 1923 1152 1995 μὲν
1205 1922 1729 1997 προσκαλεσάμενος
1780 1925 1888 1979 Bat-

290 2012 496 2066 σὶλτιον
524 2010 760 2069 δέδωκεν
782 2014 1093 2088 μιλιαρίσια
1122 2016 1370 2087 χιλιάδας
1413 2016 1590 2071 εἴκοσι
1618 2016 1733 2090 (77)
1759 2031 1773 2047 °
1808 2015 1884 2083 ὡς

286 2105 455 2175 δῆθεν
480 2104 690 2178 ψυχικά
718 2108 819 2179 τῆς
862 2109 1029 2164 αὐτοῦ
1064 2109 1214 2174 θείας
1250 2111 1405 2182 Ζωῆς
1428 2109 1740 2182 ὁρισθέντα,
1787 2112 1885 2167 ttat

291 2197 618 2254 ἀπέστειλεν
656 2202 718 2255 ὲν
758 2201 1112 2275 Μακεδονίαν
1163 2205 1260 2258 καὶ
1305 2206 1399 2259 τὸν
1444 2206 1544 2275 μὲν
1600 2205 1883 2261 Βασίλειον

296 2288 450 2345 οὕτω
494 2294 591 2365 τῆς
643 2293 853 2360 πόλεως
889 2295 1163 2367 ἐξήγαγεν
1185 2312 1200 2327 ο
1225 2297 1354 2361 τοὺς
1403 2299 1462 2352 δὲ
1489 2297 1713 2364 λοιποὺς
1757 2300 1886 2366 τοὺς

299 2382 407 2453 τῆς
435 2382 597 2438 αὕτοῦ
617 2384 815 2457 βουλῆς
847 2388 1283 2459 μετεσχηκότας,
1334 2390 1549 2461 Πάρδον
1568 2391 1669 2460 μὲν
1688 2391 1909 2464 δρουγει”

304 2473 494 2543 γάριον
530 2474 634 2547 τῆς
666 2476 857 2549 βίγλσς
895 2480 1220 2535 ἀποστέλλει
1250 2482 1388 2554 πρὸς
1417 2484 1509 2537 τὸν
1536 2484 1880 2557 Στυπιώτην,

291 2562 459 2633 δῆθεν
480 2566 711 2636 ἀγαγεῖν
729 2567 912 2634 αὐτόν,
950 2570 1398 2642 προμηνυθέντος
1423 2573 1635 2627 ἐκείνου
1667 2574 1756 2630 διὰ
1787 2575 1884 2647 βαι

291 2656 509 2715 σιλικοῦ
533 2662 820 2717 πιττακίου
857 2662 971 2737 (78)
1004 2665 1169 2720 αὐτὸν
1202 2666 1496 2739 δεσμῆσαι.
1526 2670 1881 2741 Προφασισά-

289 2767 459 2819 μενος
487 2752 545 2807 δὲ
576 2756 604 2809 6
634 2755 888 2825 βασιλεὺς
934 2758 1194 2813 ἀπελθεῖν
1231 2762 1323 2815 καὶ
1365 2761 1655 2832 δειπνῆσαι
1681 2764 1762 2828 εἰς
1785 2765 1885 2819 τὸν

287 2841 489 2913 ’Δγιον
527 2846 780 2920 Λάζαρον
817 2852 898 2913 εἰς
916 2851 978 2905 τὸ
996 2852 1330 2907 καταϐάσιον
1354 2854 1449 2908 τοῦ
1473 2854 1879 2930 Τζουκανιστη-

286 2937 415 3006 ρίου
442 2938 555 3010 (79)
573 2939 809 3013 ἔστησεν
849 2944 1103 3015 Ἰωάννην
1123 2946 1357 3017 Γαριδᾶν
1378 2948 1518 3017 μετὰ
1547 2948 1654 3003 τῶν
1676 2949 1883 3007 λοιπῶν

285 3026 392 3095 τῆς
441 3029 688 3102 ἑταιρίας
725 3034 784 3086 ὲν
811 3032 889 3105 τῷ
915 3035 1313 3107 ηυὸουκλείῳ·
1353 3040 1448 3094 καὶ
1479 3042 1538 3094 ἐν
1565 3039 1647 3108 τῷ
1678 3042 1883 3115 κατέρ-

1989 533 2393 606 confcslimque
2421 535 2607 592 Basilii
2638 537 3077 608 conjurationem
3103 556 3324 598 onmem
3351 557 3581 598 enarra-

1990 629 2086 684 vit.
2122 627 2442 698 Imperatori
2490 638 2674 686 autem
2726 632 2966 687 narratis
3012 632 3172 689 fidem
3216 636 3361 691 haud
3419 635 3582 691 adbi-

1989 720 2164 784 lenti,
2199 722 2312 776 imo
2339 721 2545 779 dicenti
2577 739 2592 776 :
2627 720 2770 779 Num
2804 724 2930 793 quis
2952 739 3018 780 ea
3043 726 3180 781 mihi
3203 728 3421 782 edicere
3451 741 3582 795 sug-

1991 812 2181 881 gessit,
2201 818 2256 868 et
2279 812 2548 870 mercedis
2566 829 2663 884 spe
2689 815 2793 869 hoc
2818 814 3044 872 fecisti?
3075 816 3220 872 Dixit
3240 819 3329 873 ille
3358 837 3372 873 :
3401 819 3580 882 Mitte,

1991 902 2235 970 domine,
2290 919 2432 974 quos
2486 905 2755 975 placuerit
2784 907 2884 962 tibi
2920 907 3108 963 ﬁdeles
3142 908 3198 963 in
3239 908 3579 975 cubiculum,

1995 1004 2057 1050 ut
2109 996 2400 1061 occultati,
2449 996 2598 1067 quod
2632 1013 2662 1051 a
2694 996 2898 1053 Basilio
2927 1009 2981 1053 et
3027 1013 3057 1054 a
3095 1015 3182 1055 me
3213 1001 3579 1072 perceperint,

1992 1098 2187 1143 cuncta
2216 1088 2556 1144 describant.
2619 1089 2929 1145 Cettfestim
2965 1091 3269 1162 imperator
3327 1092 3582 1149 Christo-

1991 1179 2225 1250 phorum
2255 1181 2896 1250 protovestiariumcum
2934 1182 3200 1255 Calocer
3230 1182 3583 1241 cubicularii)

1993 1270 2143 1328 misit
2177 1289 2191 1326 :
2226 1280 2281 1327 et
2318 1272 2553 1343 ingressi
2578 1272 2635 1326 in
2659 1273 2781 1343 ejus
2811 1273 3146 1330 delituerunt
3172 1275 3451 1332 cubiculo.
3480 1275 3585 1333 Ba-

1991 1363 2150 1429 silius
2184 1364 2370 1434 itaque
2391 1363 2507 1435 jam
2543 1365 2846 1431 inescatus,
2875 1377 3107 1438 accepta
3129 1367 3432 1438 juramenti
3472 1368 3580 1426 ﬁde

1992 1470 2031 1525 ξ
2058 1455 2324 1523 Samona,
2361 1456 2430 1511 ad
2473 1457 2598 1525 ejus
2635 1457 2964 1527 oratorium,
3013 1458 3306 1517 consilium
3337 1459 3388 1515 ei
3420 1474 3584 1516 suum

1988 1559 2045 1611 et
2069 1550 2296 1609 consilii
2342 1550 2639 1622 participes
2687 1552 2928 1622 aperuit.
2983 1552 3094 1609 Illis
3153 1552 3587 1625 exsurgentihus

1990 1642 2426 1714 Christopltorus
2448 1652 2504 1698 et
2533 1642 2830 1716 Calocyres
2857 1644 3090 1716 digressi
3124 1654 3322 1701 cuncta
3346 1644 3591 1715 imperaa

1991 1734 2096 1793 turi
2126 1734 2481 1806 perlegerunt
2522 1754 2537 1791 :
2571 1745 2627 1792 et
2650 1736 2941 1792 confestim
2974 1736 3177 1794 Basilio
3201 1738 3270 1793 ad
3306 1751 3368 1795 se
3393 1736 3571 1793 advo-

1993 1835 2117 1882 cato
2176 1825 2592 1882 Miliarisinrum
2646 1828 2819 1884 millia
2863 1828 3053 1900 viginti
3105 1830 3583 1901 eleemosynarum

1994 1919 2215 1976 nomine
2246 1919 2301 1975 in
2337 1929 2650 1977 matertera:
2698 1919 2839 1978 Zoes
2873 1922 3072 1979 animae
3115 1922 3386 1991 levamen,
3434 1922 3583 1979 velut

1991 2010 2167 2083 legata
2206 2012 2452 2078 tradidit,
2484 2020 2541 2069 et
2566 2011 2625 2068 in
2656 2010 3033 2070 Macedoniam
3081 2012 3293 2071 dimisit
3338 2030 3356 2068 :
3395 2021 3452 2069 et
3475 2012 3581 2068 Ita-

1990 2104 2179 2161 silium
2212 2104 2435 2175 quidem
2468 2105 2576 2162 hoc
2622 2114 2781 2176 pacto
2829 2105 2966 2163 urbe
3021 2105 3279 2162 detrusit.
3320 2104 3591 2175 Reliquos

1989 2212 2120 2254 vero
2151 2197 2558 2271 coniurationis
2586 2206 2874 2256 consortes
2900 2196 3138 2257 Pardqu
3160 2198 3383 2272 quidem
3410 2213 3582 2254 excu-

1990 2288 2207 2345 biarum
2250 2289 2715 2362 drungarium-ad
2746 2288 3063 2361 Stipiotem,
3088 2291 3247 2362 quasi
3274 2305 3400 2346 eum
3429 2289 3496 2345 ad
3521 2304 3583 2344 se

1990 2390 2320 2439 vocaturum
2382 2381 2729 2439 amandavit.
2765 2381 2818 2438 ls
2842 2391 3026 2441 tamen
3066 2391 3130 2439 ut
3169 2397 3296 2438 eum
3344 2381 3582 2438 vinculis

1988 2481 2270 2530 coerceret
2318 2472 2683 2541 imperatorio
2755 2472 2910 2531 brevi
2958 2473 3313 2541 praemonitus
3379 2472 3579 2528 fuerat.

1990 2563 2275 2621 Simulans
2332 2565 2500 2620 etiam
2553 2565 2852 2637 imperator
2874 2562 3028 2623 foras
3068 2564 3368 2638 proﬁcisci,
3418 2573 3476 2620 et
3510 2565 3581 2620 ad

1989 2658 2249 2714 Sanctum
2268 2657 2537 2713 Lazarum
2564 2667 2932 2725 cmnaturum,
2948 2658 3017 2714 ad
3029 2657 3239 2730 Equilis
3253 2658 3589 2718 descensum

1987 2749 2250 2807 Joannem
2272 2750 2531 2809 Garidam
2548 2767 2674 2807 cum
2697 2752 2922 2823 reliquis
2940 2748 3330 2808 confmderatis
3345 2749 3582 2809 detinuit

1990 2844 2045 2899 iu
2068 2843 2321 2900 cubiculo
2348 2862 2362 2911 ;
2394 2860 2634 2916 cumque
2668 2845 2969 2915 imperator
3017 2842 3400 2909 descenderet,
3450 2857 3578 2897 cum

1986 2933 2199 2993 Joanne
2274 2936 2562 2992 Nicolaum
2629 2936 3047 2992 betaeriarcham
3133 2942 3355 3006 captum
3444 2932 3582 2989 urbe

1986 3026 2199 3083 eduxit.
2250 3025 2516 3083 Basilium
2579 3041 2745 3097 porro
2800 3040 2833 3083 e
2896 3024 3213 3082 Macedonia
3262 3030 3579 3080 revocatum

288 3117 488 3213 χεσθαι
517 3119 611 3213 τὸν
640 3119 869 3191 βασιλέα
896 3124 1243 3197 κρατηθέντα
1296 3129 1438 3199 μετὰ
1477 3130 1725 3186 Ἰωάννου
1777 3134 1877 3188 Νι-

1991 3129 2044 3175 et
2091 3119 2160 3176 de
2217 3119 2451 3176 crimine
2502 3118 2864 3190 inquisitum,
2917 3116 3239 3174 verberibus
3309 3115 3580 3186 subjecit,

290 3207 491 3263 κόλαον
514 3211 876 3287 ιταιριάρχην
912 3216 1191 3288 ἐξήγαγεν
1229 3219 1331 3291 τῆς
1362 3221 1587 3286 πόλεως.
1633 3224 1885 3293 Ἀγαγὼν

288 3297 353 3353 δὲ
376 3302 445 3356 ὲκ
472 3302 817 3372 Μακεδονίας
846 3308 1153 3375 Βασίλειον,
1186 3312 1282 3364 καί
1316 3312 1638 3385 ἀνακρίνας,
1669 3315 1763 3372 καὶ
1790 3316 1886 3375 τύ.

288 3391 433 3460 φας,
463 3396 565 3449 καὶ
584 3394 685 3461 τὰς
727 3398 927 3469 τρίχας
954 3400 1123 3456 αὐτοῦ
1156 3403 1514 3469 κατακαύσας
1536 3445 1552 3470 ,
1594 3407 1691 3460 καὶ
1736 3408 1796 3460 ὲν
1816 3410 1884 3480 τῇ

296 3484 443 3557 μέσῃ
478 3485 876 3560 θριαμϐεύσας,
908 3490 1172 3564 ἐξώρισεν
1222 3495 1282 3548 ὲν
1329 3497 1610 3566 ’Λθήναις,
1661 3500 1757 3553 καὶ
1783 3517 1884 3554 κα-

296 3573 413 3637 κῶς
444 3575 626 3632 ἐκεῖσε
657 3578 1076 3651 τετελεύτηκεν.
1117 3583 1401 3649 Ὡσαύτως
1429 3586 1699 3643 Νικόλαον
1732 3590 1883 3644 ἑται-

298 3663 554 3737 ριάρχην,
588 3668 682 3722 καὶ
721 3668 1030 3737 Στυλιανδν,
1059 3673 1157 3726 καὶ¹
1198 3673 1472 3747 Ἰωάννην,
1509 3677 1604 3730 καὶ
1628 3677 1728 3749 τὴν
1755 3696 1886 3748 συγ-

292 3754 515 3823 γένειαν
547 3760 731 3813 πᾶσαν
763 3761 1030 3827 Ζαούτζα,
1055 3763 1184 3827 τοὺς
1210 3765 1312 3836 μὲν
1342 3766 1656 3839 ἀπέκειρεν,
1676 3770 1805 3835 τοὺς
1827 3770 1884 3824 δὲ

292 3845 580 3915 ἐξώρισεν,
629 3849 911 3921 δημεύσας
960 3854 1060 3919 τὰς
1104 3856 1297 3920 οὐσίας
1324 3857 1526 3913 αὐτῶν.
1583 3859 1801 3926 Πάντας
1828 3861 1886 3915 δὲ

295 3939 637 4011 μαγίστρους
682 3942 778 3997 καὶ
821 3945 950 4009 τοὺς
1003 3947 1062 4007 ὲν
1099 3947 1245 4001 τέλει
1283 3950 1802 4023 προσκαλεσάμενος
1858 3956 1891 4006 ό

295 4028 575 4099 βασιλεὺς,
606 4035 818 4103 ἀνέγνω
867 4038 1207 4099 κατενώπιον
1243 4041 1428 4102 αὐτῶν
1478 4042 1545 4099 τὰ
1578 4043 1891 4116 μηνυθέντα

293 4122 450 4193 παρὰ
492 4125 748 4197 Σαμωνᾶ.
780 4130 841 4183 υἱ
872 4129 929 4184 δὲ
961 4130 1154 4185 τοῦτον
1190 4133 1636 4205 ύπερεπῄνεσαν,
1662 4135 1738 4201 ὡς
1787 4137 1891 4207 τῆς

293 4208 448 4281 ζωῆς
494 4213 590 4298 τοῦ
644 4215 913 4286 βασιλέως
965 4220 1391 4292 προνοούμενον,
1446 4224 1542 4278 καὶ
1599 4227 1889 4298 εἰρήκασιν

294 4302 451 4367 ἄξιον
479 4297 619 4360 εἶναι
651 4309 820 4380 τιμῆς
868 4311 1155 4384 μεγίστης.
1203 4314 1261 4367 Ὀ
1293 4314 1350 4368 δὲ
1399 4297 1663 4387 παρευθὺν
1698 4320 1890 4375 τοῦτον

297 4401 802 4472 πρωτοσπαθαρίου
849 4404 976 4477 ἀξίᾳ
1021 4404 1339 4477 τετίμηκεν.
1396 4407 1780 4481 Ἐτελεύτησεν
1831 4411 1890 4466 δὲ

1990 3220 2046 3267 et
2078 3210 2328 3266 crinibus
2361 3210 2484 3282 ejus
2517 3209 2830 3271 succensis.
2861 3224 2959 3280 per
2986 3208 3225 3265 mediam
3248 3206 3441 3284 urbem
3475 3216 3583 3262 tra-

1990 3303 2217 3359 ductum
2240 3303 2483 3359 Athenas
2507 3302 2772 3374 relegavit
2800 3302 3075 3367 exsulem,
3106 3300 3201 3357 ubi
3247 3299 3449 3355 misere
3483 3313 3581 3369 pe-

1990 3394 2107 3449 riit.
2140 3394 2426 3450 Nicolaum
2471 3394 2676 3464 pariter
2703 3394 3120 3451 hetaeriareham
3168 3402 3225 3448 et
3272 3390 3579 3463 Stylianum

1988 3495 2043 3542 et
2071 3485 2338 3545 Joannem
2366 3495 2422 3542 et
2448 3485 2670 3542 Zautzte
2697 3501 2871 3558 genus
2895 3499 3083 3549 omne,
3117 3483 3220 3539 hos
3245 3480 3465 3553 quidem
3495 3481 3581 3537 de-

1989 3576 2188 3641 tondit,
2218 3576 2359 3633 alios
2390 3576 2683 3647 publicatis
2712 3589 2907 3632 eorum
2948 3572 3305 3631 facultatibus
3337 3570 3391 3625 in
3426 3571 3580 3625 exsi-

1988 3669 2125 3725 lium
2145 3668 2375 3740 expulit.
2409 3666 2688 3740 Magistris
2724 3682 2853 3723 vero
2878 3664 3208 3735 cunctisque
3233 3664 3288 3718 in
3314 3662 3582 3734 dignitate

1990 3760 2191 3832 positis
2213 3759 2281 3815 ab
2311 3759 2649 3829 imperatore
2674 3756 2982 3822 advocatis,
3010 3769 3133 3824 qua:
3165 3769 3196 3807 a
3233 3752 3473 3807 Samona
3497 3750 3579 3805 si-

1988 3848 2246 3923 gniﬁcata
2274 3848 2517 3917 fuerant,
2550 3858 2750 3904 cuncta
2785 3847 3027 3920 perlecta
3069 3852 3218 3901 sunt.
3263 3842 3346 3896 Illi
3399 3842 3595 3919 virum

1988 3942 2140 3998 velut
2194 3942 2557 4014 imperatoris
2607 3941 2733 3997 vita:
2769 3940 3149 4012 providentem
3216 3935 3584 4005 maximisque

1990 4036 2297 4092 honoribus
2326 4035 2556 4109 dignum
2588 4036 3066 4109 pronuntiarunt;
3090 4047 3267 4104 quare
3293 4038 3582 4102 protospa-

1990 4128 2155 4185 tharii
2190 4128 2459 4199 dignitate
2486 4129 2784 4186 confestim
2816 4124 3144 4184 honoratur.
3192 4124 3445 4179 Mortuus
3495 4131 3581 4176 est

1991 4229 2175 4277 autem
2215 4220 2531 4291 Stephanus
2561 4220 2895 4293 patriarcha,
2928 4228 2983 4277 et
3017 4219 3073 4282 in
3095 4216 3215 4287 ejus
3249 4215 3427 4281 locum
3477 4210 3580 4267 Ni-

1991 4313 2183 4368 colaus
2225 4312 2578 4382 imperatoris
2606 4311 2876 4383 mysticus
2908 4317 3219 4381 proyectus.
3278 4303 3581 4360 Demetrias

1992 4416 2176 4462 autem
2208 4406 2471 4477 oppidum
2504 4405 2572 4473 ad
2603 4405 2828 4469 Graeciae
2860 4405 3042 4472 thema
3078 4410 3358 4471 spectans,
3394 4412 3424 4452 a
3460 4395 3578 4449 Da—

294 4486 573 4556 Στέφανος
610 4494 640 4547 6
672 4497 1053 4570 πατριάρχης*
1105 4502 1199 4559 καὶ
1240 4498 1357 4554 ἀντ’
1405 4500 1576 4556 αὐτοῦ
1609 4503 1886 4574 ἐχειροτο-

1993 4497 2179 4553 miano
2200 4494 2460 4568 Agareno,
2487 4505 2709 4564 captum
2737 4505 2844 4555 est.
2885 4494 3191 4563 Imperator
3226 4489 3339 4544 Leo
3362 4489 3578 4542 Annam

293 4577 436 4650 νήθη
458 4580 725 4649 Νικόλαος
756 4589 785 4639 6
814 4592 1165 4662 πατριάρχης
1184 4630 1199 4655 ,
1251 4592 1512 4662 μυστικὸς
1541 4591 1618 4647 ὢν
1642 4592 1756 4665 (80)
1789 4595 1886 4650 τοῦ

297 4666 587 4759 βασιλέως.
618 4678 947 4751 Παρελήιρθη
976 4682 1033 4737 δὲ
1069 4683 1131 4737 τὸ
1154 4684 1389 4757 κάστρον
1418 4687 1453 4758 ή
1485 4687 1807 4759 Δημητριὰς
1826 4688 1888 4741 ὲν

292 4758 380 4831 τῷ
401 4761 598 4835 θέματι
631 4766 733 4839 τῆς
777 4769 1029 4835 Ἑλλάδος
1055 4772 1164 4825 ὑπὸ
1194 4773 1470 4843 Δαμιανοῦ
1503 4773 1597 4828 τοῦ
1646 4775 1890 4845 ’Δγαρη-

292 4849 415 4907 νοῦ.
445 4853 598 4910 Λέων
622 4855 680 4912 δὲ
712 4860 740 4912 6
789 4859 1044 4931 βασιλεὺς
1098 4863 1288 4934 στέφει
1347 4865 1551 4920 Ἀνναν
1608 4864 1888 4936 θυγατέρα

295 4941 481 5013 Ζωῆς,
516 4946 618 5016 τῆς
663 4949 772 5002 ἀπὸ
801 4951 895 5005 τοῦ
938 4952 1207 5024 Ζαούτζη,
1253 4954 1343 5010 διὰ
1390 4954 1452 5009 τὸ
1509 4955 1585 5025 μὴ
1623 4953 1886 5009 δύνασθαι

295 5034 479 5111 τξοιεῖν
503 5036 572 5092 τὰ
603 5040 667 5093 ὲκ
696 5040 867 5097 τύπου
894 5043 1196 5116 κλητώρια,
1230 5044 1308 5118 μὴ
1349 5044 1517 5117 οὔσης
1544 5045 1885 5117 Αὐγούστης-

310 5126 584 5198 Ἠγάγετο
605 5131 709 5188 δὲό
738 5136 995 5206 βασιλεὺς
1026 5138 1195 5209 κόρην
1219 5141 1284 5193 ὲκ
1309 5139 1403 5192 τοῦ
1439 5139 1676 5212 θέματος
1731 5139 1884 5209 Ὀψιο

1993 4582 2155 4658 48],
2190 4582 2349 4650 Zoes,
2381 4600 2503 4654 quae
2528 4582 2749 4652 Zautzae
2777 4582 2900 4651 fuit,
2934 4583 3099 4637 tiliam
3132 4578 3350 4650 imperii
3377 4592 3580 4632 cornua

1996 4679 2300 4743 redimivit,
2351 4679 2497 4749 quod
2557 4680 2846 4746 deficiente
2891 4681 3161 4751 Augusta,
3220 4677 3470 4731 instituta
3513 4692 3583 4732 ex

1995 4788 2150 4828 more
2167 4773 2429 4832 convivia
2442 4773 2721 4835 celebrare
2738 4788 2849 4829 non
2874 4781 3077 4842 posset.
3109 4769 3415 4840 Imperator
3439 4769 3583 4824 idem

1996 4865 2163 4921 ducta
2188 4880 2219 4920 e
2247 4864 2491 4921 themate
2533 4862 2741 4935 Opsicii
2796 4864 3188 4920 venustissima
3233 4863 3437 4933 puella.
3489 4877 3587 4916 no-

1995 4958 2146 5013 mine
2162 4956 2430 5024 Eudocia,
2455 4957 2758 5026 Augustam
2782 4957 3090 5024 coronavit,
3106 4965 3160 5011 et
3180 4954 3585 5025 imperatriccm

1997 5064 2341 5120 uxoremque
2365 5048 2702 5105 renuntiavit
2723 5066 2737 5104 :
2759 5064 2825 5104 ex
2844 5063 2907 5119 ea
2932 5061 3106 5118 puero
3125 5046 3371 5115 masculo
3393 5058 3584 5100 susce—

1994 5149 2108 5212 pto,
2145 5148 2322 5197 mater
2341 5150 2396 5196 et
2414 5141 2508 5211 qui
2532 5142 2752 5212 genitus
2778 5138 2882 5195 fuit
2908 5153 3044 5210 puer
3067 5140 3275 5209 pariter
3304 5135 3584 5190 obierunt.

1450 5249 1702 5307 FllANC.
1732 5249 2126 5311 COMBEFISH
2165 5253 2400 5311 NOTAE.

517 5338 791 5413 A_uonym.
822 5341 1122 5410 διεξῆλθεν.

380 5406 492 5480 (76)
511 5406 938 5488 ’Ἀριστώντωνί
1041 5412 1241 5488 αὐτῶν,
1269 5414 1456 5488 (Icilia,
1502 5414 1680 5470 Anon.
1707 5414 1892 5488 perin-

298 5477 488 5554 deq_u_e_
509 5477 641 5554 Leo,
677 5482 891 5537 interim
910 5483 1031 5554 illis
1057 5484 1463 5554 prandentibus.

532 5550 799 5624 énonym.
850 5548 1094 5624 χιλιάδας
1134 5555 1229 5609 κδ’.

532 5617 921 5701 Editu'tnera't,
950 5625 1038 5677 διὰ
1074 5617 1401 5701 Βασιλίσκου
1442 5627 1760 5701 ιῐιττακῖου,
1794 5646 1886 5696 per

303 5689 633 5771 Basiliscum
698 5692 1009 5761 Pittucimu,
1071 5698 1231 5766 quasi
1273 5709 1460 5754 essent
1510 5699 1617 5753 duo
1663 5689 1884 5755 nominat

300 5775 553 5832 propria.

2074 5349 2185 5420 (79)
2245 5349 2325 5405 Ad
2379 5349 2688 5405 descensum
2748 5345 3125 5417 sphwrislcrii;
3170 5340 3443 5467 sirLuidem
3500 5339 3587 5407 'r‘,

2074 5419 2373 5467 υκανέιῖειν-
2418 5419 2630 5467 Aenmti
2678 5425 2762 5467 est.
2818 5418 2923 5467 niln
2974 5416 3177 5467 ludere.
3257 5412 3329 5466 'ic
3356 5426 3487 5463 vero
3517 5427 3579 5461 ex

1999 5412 2373 5490 τζυκανέζειν,
2418 5419 2631 5490 Acmcti
2678 5412 2786 5474 est'
2818 5418 2923 5490 pila
2960 5416 3177 5490 ludere.
3239 5412 3329 5467 Sic
3356 5426 3579 5490 verget

1998 5479 2158 5558 crinis
2190 5479 2486 5555 ludebant;
2532 5488 2781 5557 adeoque
2818 5479 2999 5541 'fucrit
3038 5486 3153 5541 Ιιιιιο
3188 5497 3404 5554 quoque
3439 5479 3584 5557 Circi

1996 5575 2151 5629 pars,
2187 5577 2282 5631 seu
2326 5561 2458 5631 quid
2499 5560 2575 5614 illi
2609 5558 2990 5631 conjunctum.
3030 5625 3059 5631 _
3254 5621 3268 5631 _
3316 5619 3351 5631 Α

2071 5618 2183 5699 (80)
2216 5630 2291 5683 De
2343 5618 2455 5685 'hac
2515 5643 2649 5684 voce
2701 5618 2861 5699 docte
2912 5625 2972 5681 Ρ.
3021 5625 3179 5699 Guar
3204 5621 3269 5676 ad
3312 5618 3586 5699 Codinum

1999 5692 2122 5773 pag.
2159 5701 2283 5770 599,
2320 5701 2411 5758 ubi
2443 5700 2607 5757 etiam
2666 5697 2904 5754 militare
2949 5695 3279 5752 vocabulum
3317 5692 3587 5747 ostendit.
