4100 6440
463 339 603 424 tuo

503 521 508 527 δ
1007 450 1495 520 ALEXANDER.

535 546 834 618 Imperavit
882 545 1195 602 Alexander
1225 559 1333 598 una
1369 559 1495 598 cum
1528 543 1897 598 Constantino
1930 541 2061 597 Leo-

467 644 556 698 nis
583 643 698 714 t'ilio
733 657 937 696 annum
989 655 1182 701 unum,
1215 639 1334 693 dies
1371 637 1565 704 viginti
1605 653 1820 693 novem.
1859 638 2063 693 Misso-

462 751 571 804 que
597 735 664 790 ad
689 733 972 790 Nicolaum
997 731 1066 786 ad
1098 730 1434 786 Galacrenas
1463 729 1661 784 nuntio
1705 727 2060 798 Euthymium

469 825 840 896 patriarcham
883 824 1183 894 deposuit,
1217 832 1271 877 et
1304 820 1592 879 Nicolaum
1628 823 1870 878 secundo
1901 823 2064 877 resti-

466 919 591 972 tuit.
629 917 835 973 Habuit
857 927 1041 972 autem
1070 915 1384 971 Alexander
1416 915 1482 971 ad
1512 913 1868 986 Magnauram
1894 913 2064 968 silen-

465 1009 628 1071 tium,
677 1014 734 1064 et
762 1007 1062 1064 concilium
1110 1007 1431 1073 celebravit,
1492 1015 1658 1076 atque
1708 1003 2060 1076 Eutliymium

463 1102 534 1157 ab
577 1101 794 1168 Agatho
839 1100 1150 1155 advocavit.
1208 1098 1549 1169 Sedenteque
1582 1098 1894 1154 Alexandro
1938 1112 2063 1151 cum

465 1191 698 1250 Nicolao
735 1192 1076 1264 patriarcha,
1131 1206 1447 1248 assessores
1496 1190 1778 1264 Euthymii
1839 1189 2061 1260 deposi-

467 1287 600 1342 tioni
638 1287 915 1342 vacabant
943 1287 1234 1352 attentius,
1268 1301 1395 1342 cum
1448 1285 1719 1340 dedecore
1766 1283 2065 1339 venerandi

464 1392 517 1438 et
539 1397 636 1453 per
663 1380 852 1437 omnia
885 1380 1124 1435 mirandi
1181 1380 1284 1435 viri
1335 1379 1620 1434 colendam
1663 1378 1892 1433 barbam
1951 1376 2066 1430 vel-

469 1474 723 1539 licautes,
757 1472 978 1543 aliaque
1025 1472 1320 1542 opprobria
1367 1481 1422 1527 et
1459 1471 1693 1542 injurias
1741 1471 2062 1535 inferentes,

468 1583 610 1635 quas
653 1567 841 1639 quiete
874 1575 930 1621 et
974 1573 1262 1621 mansuete
1308 1563 1651 1618 honorabilis
1692 1570 1748 1618 et
1791 1577 1948 1618 sacer
1983 1561 2068 1617 vir

469 1659 760 1718 tolerabat.
787 1659 867 1714 Ex
895 1659 1100 1729 quibus
1141 1657 1209 1712 ad
1251 1657 1447 1726 Agathi
1487 1656 1633 1711 :edes
1663 1656 1777 1710 vita
1805 1653 2062 1721 functus,

471 1751 527 1806 in
557 1751 784 1821 proprio
827 1749 1168 1806 monasterio
1215 1749 1371 1819 juxta
1422 1747 1724 1804 Psamathii
1777 1747 2065 1817 depositus

1719 337 1997 398 LEONIS
2033 335 2523 395 GRAMMATICI

3615 327 3756 394 “20

2698 452 2788 502 ΑΛ
2806 446 3206 501 ΕΞΑΝΔΡΟΣ.

2246 541 2598 611 Ἀλέξανδρος
2635 539 2985 593 ἐϐασίλευσεν
3014 539 3133 602 ἔτος
3179 537 3239 591 ἐν
3304 538 3516 610 ήμέρας
3548 537 3631 591 κθ¹
3658 536 3755 593 σὺν

2161 633 2566 704 Κωνσταντίνῳ
2603 631 2705 702 υἱῷ
2753 631 3004 690 Λέοντος.
3048 629 3408 692 Ἀποστείλας
3455 629 3512 682 δὲ
3546 629 3754 699 ήγαγεν

2163 725 2436 780 Νικόλαον
2488 727 2554 779 ἐκ
2631 721 3021 795 Γαλακρηνῶν,
3088 720 3422 790 καταγαγὼν
3479 721 3757 790 Εὑθύμιον

2164 816 2536 887 πατριάρχην,
2570 817 2668 870 καὶ
2699 815 3038 886 ἐνεθρόνισεν
3063 814 3124 868 τὸ
3161 813 3418 885 δεύτερον
3465 813 3558 867 τὸν
3597 812 3760 866 αὑτὸν

2163 909 2453 964 Νικόλαον.
2503 909 2761 980 Ἐποίησε
2790 909 2848 963 δὲ
2895 909 3168 964 σελέντιον
3217 909 3312 962 καὶ
3349 905 3570 960 σύνοδον
3610 906 3760 960 Ἀλέ-

2165 1000 2391 1071 ξανδρος
2422 1001 2480 1054 ἐν
2508 1003 2576 1073 τῇ
2607 1000 2941 1072 Μαγναύρα,
2973 999 3202 1069 ἀγαγὼν
3235 999 3510 1068 Εὐθύμιον
3532 997 3641 1052 ἀπὸ
3662 995 3756 1051 τοῦ

2179 1092 2433 1156 Ἀγαθοῦ,
2477 1094 2571 1146 καὶ
2618 1091 2958 1162 συγκαθίσας
2993 1092 3110 1163 ἅμα
3132 1091 3388 1157 Νικολάῳ
3422 1089 3757 1162 πατριάρχῃ,

2167 1190 2499 1260 ἐποιήσαντο
2533 1189 2632 1259 τὴν
2664 1191 2788 1243 κατ’
2822 1188 2990 1244 αὐτοῦ
3021 1189 3347 1260 καθαίρεσιν
3376 1187 3594 1258 ἀτίμως
3622 1186 3761 1240 ἀπο-

2171 1280 2444 1345 τίλλοντες
2462 1280 2558 1335 τοῦ
2586 1283 2630 1335 ίε
2639 1280 2950 1353 ροπρεποῦς
2979 1280 3078 1336 καὶ
3093 1281 3432 1348 ἁξιαγάστου
3445 1278 3641 1350 ἀνδρὸς
3661 1279 3762 1350 τὴν

2169 1373 2358 1444 τιμίαν
2389 1373 2664 1442 γενειάδα,
2695 1375 2789 1428 καὶ
2813 1374 2982 1438 ἄλλας
3024 1374 3181 1438 τινὰς
3212 1373 3401 1446 ὕϐρεις
3443 1375 3538 1428 καὶ
3569 1372 3763 1436 ποινάς

2170 1463 2322 1535 αὐτῷ
2367 1465 2747 1536 ἐπιφέροντες,
2776 1465 2844 1529 ἃς
2867 1464 3088 1538 ἡσύχως
3121 1465 3218 1521 καὶ
3249 1467 3442 1538 πράως
3468 1465 3764 1536 ὑπέμεινεν

2167 1557 2196 1609 ό
2223 1554 2406 1627 τίμιος
2445 1557 2542 1610 καὶ
2591 1558 2736 1629 ἱερὸς
2773 1559 2944 1630 ἁνήρ·
2978 1559 3111 1613 ἔνθα
3160 1558 3258 1614 καὶ
3299 1561 3380 1623 εἰς
3414 1558 3484 1612 τά
3529 1556 3762 1626 Ἀγαθοῦ

2170 1648 2528 1722 τελευτήσας,
2558 1652 2912 1708 κατατίθεται
2941 1653 3000 1708 ἐν
3025 1655 3091 1724 τῇ
3119 1653 3256 1724 αὐτῇ
3294 1656 3452 1724 μονῇ,
3488 1652 3546 1705 ἐν
3577 1653 3644 1722 τῇ
3667 1651 3768 1703 πό-

2181 1741 2264 1795 λει
2290 1742 2400 1796 τῶν
2414 1742 2825 1815 Ψαμαθίουῌ).
2849 1743 3040 1808 Οὕτως
3070 1743 3419 1815 Ἀλέξανδρος
3447 1745 3521 1814 (2)
3547 1744 3636 1797 διὰ
3661 1743 3766 1803 τὰς

467 1850 572 1898 est.
605 1841 936 1904 Alexander,
969 1839 1384 1909 suspicionibus
1415 1838 1557 1894 liber
1584 1853 1724 1910 quas
1751 1837 1920 1894 frater
1949 1838 2058 1896 Leo

2178 1834 2441 1901 5πονοίας,
2466 1837 2534 1902 ἃς
2564 1839 2594 1892 ό
2611 1838 2844 1907 ἀδελφὸς
2879 1838 3049 1892 αὐτοῦ
3073 1839 3228 1895 Λέων
3251 1839 3334 1892 ἔτι
3356 1837 3466 1902 ζῶν
3495 1835 3610 1908 εἶχε
3642 1837 3767 1891 κατ’

468 1932 740 1988 adversus
765 1932 967 2002 ipsum,
990 1931 1122 1986 dum
1162 1931 1214 1985 in
1259 1929 1401 1986 vivis
1429 1939 1593 1995 esset,
1621 1930 1861 1995 fovebat,
1891 1946 2062 1986 vena-

470 2025 622 2082 tibus
671 2024 954 2082 continuis
1009 2033 1064 2079 et
1114 2039 1216 2094 per
1270 2025 1422 2079 varia
1480 2024 1684 2094 palatia
1715 2023 2065 2080 discursibus

470 2114 707 2171 vacabat
763 2129 1184 2186 usquequaque,
1245 2113 1384 2169 nihil
1445 2116 1774 2184 imperatore
1837 2111 2064 2183 dignum

475 2207 777 2264 meditatus
840 2214 940 2262 aut
994 2214 1317 2272 exsecutus,
1388 2205 1482 2261 sed
1553 2219 1769 2274 semper
1823 2202 2064 2270 deliciis,

472 2298 711 2356 luxuriae
743 2305 799 2354 et
827 2295 1194 2353 ebrietatibus
1233 2295 1551 2367 indulgens,
1583 2305 1758 2350 totum
1788 2311 1846 2351 se
1873 2295 2068 2365 hujus-

471 2391 623 2448 modi
657 2389 976 2446 tradiderat.
1021 2387 1179 2446 Unde
1225 2389 1480 2458 protinus
1531 2389 1722 2444 Janem
1778 2387 2066 2452 clericum,

474 2484 807 2556 cognomine
860 2481 1150 2547 Lazarem,
1182 2493 1454 2538 rectorem
1506 2483 1768 2548 instituit,
1816 2483 1909 2550 qui
1941 2489 2068 2552 post

475 2575 772 2632 Alexandri
819 2584 1053 2633 mortem
1086 2574 1291 2630 misere
1336 2573 1502 2628 vitam
1534 2574 1758 2644 abrupit
1800 2573 2069 2629 :Gabrie-

475 2669 721 2738 lopulum
751 2667 960 2738 pariter
989 2675 1043 2722 et
1083 2664 1400 2731 Basilitzen,
1444 2665 1832 2722 Sclaviuorum
1868 2681 2070 2736 genere

474 2772 626 2816 ortos
659 2759 848 2830 palatii
885 2757 1093 2814 divitiis
1149 2759 1504 2814 vehementer
1555 2759 1752 2824 auxit,
1815 2758 1954 2815 adeo
2009 2767 2070 2812 ut

473 2848 626 2904 nulla
655 2847 809 2918 prole
852 2855 1108 2918 suscepta
1146 2847 1384 2904 Basilius
1413 2847 1518 2903 iste
1546 2847 1960 2918 imperatorem,
1986 2851 2070 2904 'ut

474 2941 654 3007 aiunt,
684 2941 957 2997 haeredem
1011 2939 1304 2994 instituere
1339 2939 1636 2996 meditatus
1684 2938 1878 2993 fuerit.
1923 2938 2072 2994 Con-

477 3031 780 3090 stantinum
813 3030 986 3086 etiam
1032 3029 1232 3086 Leonis
1263 3029 1436 3086 lilium
1470 3031 1790 3086 eunuchum
1838 3030 2072 3086 reddere

2171 1927 2364 1992 αὐτοῦ,
2399 1929 2487 1982 ἀεὶ
2529 1931 2644 1993 τοῖς
2683 1930 3030 2000 κυνηγεσίοις
3061 1932 3156 1985 καὶ
3202 1933 3315 1994 τοῖς
3348 1929 3454 1994 ἔξω
3483 1928 3768 1992 παλατίοις

2172 2019 2486 2090 ἐσχόλαζεν,
2549 2021 2720 2094 μηδὲν
2767 2021 3034 2093 βασιλέως
3090 2021 3254 2095 ἔργον
3278 2023 3767 2094 διαπραττόμενος,

2172 2117 2317 2173 ἀλλὰ
2348 2118 2554 2188 διάγων
2589 2121 2648 2174 ἐν
2676 2122 2933 2192 τρυφαῖς,
2976 2121 3263 2186 ἀσωτίαις,
3295 2120 3392 2174 καὶ
3430 2119 3647 2190 μέθαις,
3674 2119 3772 2172 καὶ

2177 2213 2305 2286 περὶ
2337 2211 2515 2267 ταῦτα
2547 2213 2637 2268 ἀεὶ
2661 2212 3008 2285 διακειμένου
3027 2211 3416 2286 [διακείμενος]
3437 2229 3451 2242 ’
3478 2211 3603 2266 ὅθεν
3627 2228 3772 2282 παρ-

2175 2302 2304 2357 ευθὺ
2341 2304 2550 2374 Ἰαννῆν
2597 2303 2812 2370 παπᾶν,
2864 2302 2959 2357 τὸν
3013 2302 3250 2373 ἐπίκλην
3301 2302 3583 2374 Δαζάρην,
3645 2301 3770 2372 ῥαί-

2176 2411 2367 2465 κτωρα
2419 2393 2745 2465 πεποίηκεν,
2777 2394 2837 2457 ὃς
2869 2395 2965 2448 καί
3019 2393 3168 2449 κακὰ
3213 2393 3276 2448 τὺ
3307 2393 3409 2465 ζῇν
3455 2393 3768 2465 ἀπέρρηξεν

2179 2488 2319 2559 μετὰ
2349 2488 2582 2544 θάνατον
2619 2488 2977 2560 Ἀλεξάνδρου
3004 2505 3020 2520 ο
3057 2486 3325 2551 ὡσαύτως
3351 2486 3448 2540 οὖν
3471 2502 3638 2555 φασιν
3665 2485 3768 2538 ῐά-

2177 2581 2537 2653 ὄριλόπουλον
2590 2582 2688 2636 καὶ
2741 2579 3077 2653 Βασιλίτζην
3134 2580 3244 2635 ἀπὸ
3296 2578 3393 2635 τοῦ
3450 2577 3767 2632 Σκλαϐίνων

2177 2675 2367 2739 ἔθνους
2400 2674 2648 2746 σφοδρῶς
2672 2672 3104 2728 κατεπλούτισαν
3139 2674 3204 2727 ἐκ
3235 2671 3348 2726 τῶν
3379 2669 3474 2724 τοῦ
3501 2668 3766 2724 παλατίου

2177 2765 2504 2836 χρημάτων.
2542 2765 2643 2828 ’Ὡς
2687 2781 2855 2834 φασιν
2905 2763 2988 2830 δέ,
3048 2763 3212 2818 αὐτὸν
3257 2761 3536 2816 Βασίλειον
3566 2760 3644 2830 (5)
3675 2762 3770 2814 καὶ

2181 2859 2408 2930 βασιλέα
2435 2857 2704 2928 ἠϐούλετο
2733 2859 2986 2929 ποιῆσαι,
3015 2856 3092 2921 ὡς
3121 2857 3290 2918 ἄπαις
3344 2854 3509 2918 αὐτὸς
3545 2854 3642 2918 ὣν,
3674 2855 3771 2906 καὶ

2180 2952 2598 3004 Κωνσταντῖνον
2627 2946 2746 3002 υἱδν
2772 2949 3000 3011 Λέοντος
3031 2945 3290 3018 εὐνοῦχον
3313 2949 3576 3017 ποιῆσαι·
3610 2944 3640 2999 ὃ
3677 2945 3772 2998 καὶ

2179 3043 2442 3106 πολλάκις
2467 3040 2780 3112 βουλευθεὶς
2803 3037 3162 3110 διεσκεδάσθη
3195 3038 3348 3110 παρὰ
3389 3039 3498 3091 τῶν
3541 3035 3647 3089 ὑπὸ
3673 3033 3770 3088 τοῦ

476 3123 782 3187 consuluit,
818 3132 874 3178 et
898 3122 1222 3194 frequenter
1269 3123 1320 3177 id
1369 3138 1665 3192 aggressus
1711 3123 1781 3177 ab
1816 3122 1904 3186 iis,
1930 3139 2073 3194 quos

2178 3137 2406 3200 Λέοντος
2435 3134 2936 3207 εὐεργετηθέντων,
2968 3134 3098 3187 ποτὲ
3137 3133 3236 3203 μὲν
3268 3131 3345 3196 ὡς
3389 3133 3582 3202 νήπιον
3635 3131 3771 3183 ὑπο-

477 3211 594 3273 Leo
623 3215 909 3274 beneﬁciis
961 3215 1246 3283 alfeeerat,
1279 3216 1445 3272 modo
1470 3215 1778 3271 infantilem
1832 3224 2074 3285 aetatem,

481 3307 650 3364 modo
677 3307 1054 3364 inﬁrmitatem
1086 3308 1556 3380 praetendentibus
1585 3308 1918 3378 praepeditus
1946 3307 2074 3363 fuit.

479 3397 615 3468 Ejus
635 3407 884 3469 tempore
914 3400 1168 3471 apparuit
1198 3408 1446 3455 cometes
1472 3415 1568 3469 per
1598 3401 1717 3455 dies
1751 3401 2070 3471 quindecim

479 3491 551 3546 ad
605 3491 984 3559 occidentem,
1025 3508 1191 3560 quem
1251 3490 1511 3563 Xipbiam
1569 3495 1754 3550 vocari
1794 3493 2075 3561 dicebant,

478 3591 536 3639 et
559 3583 851 3653 sanguinis
881 3583 1214 3641 ell‘usionem
1250 3585 1305 3639 in
1335 3585 1471 3641 urbe
1500 3585 1824 3641 etincturum
1855 3597 2079 3656 porten-

478 3675 632 3734 dere.
665 3673 768 3732 Hic
799 3677 1091 3732 erronibus
1140 3686 1197 3732 et
1241 3677 1738 3746 praestigiatoribus
1790 3694 1850 3733 se
1902 3687 2076 3733 totum

481 3768 654 3835 dedit,
683 3768 780 3838 qui
829 3769 997 3826 etiam
1032 3779 1329 3826 suaserunt
1358 3786 1373 3824 :
1403 3770 1536 3841 Apri
1587 3770 1766 3826 fatum
1809 3771 1927 3828 sive
1969 3772 2081 3843 sig-

481 3875 619 3916 num
688 3861 837 3932 quod
893 3862 950 3919 in
1005 3862 1169 3920 Circo
1216 3873 1463 3920 erectum
1504 3870 1622 3926 est,
1691 3863 1787 3918 tibi
1845 3865 2081 3934 vitaeque

485 3964 597 4010 tute
642 3955 948 4026 repositum
1003 3967 1132 4012 est:
1161 3958 1313 4028 porci
1375 3959 1542 4012 vitam
1596 3967 1870 4012 amentem
1925 3959 2078 4014 illum

487 4061 650 4120 agere
700 4048 1142 4106 subindicantes.
1195 4051 1296 4108 His
1350 4051 1441 4106 ille
1511 4051 1776 4106 seductus
1827 4051 2081 4122 pudenda

484 4137 790 4210 dentesque
815 4155 986 4208 porco
1013 4141 1174 4211 quasi
1205 4142 1311 4199 sibi
1343 4141 1656 4196 deficientia
1682 4143 1934 4198 renovari
1959 4143 2084 4213 jus-

485 4229 583 4287 sit.
613 4229 818 4289 Eodem
857 4234 1022 4290 etiam
1069 4250 1374 4304 persuasus
1403 4250 1619 4302 errore,
1646 4237 1891 4304 equestri
1937 4237 2084 4292 cele-

485 4321 649 4379 brato
687 4326 1010 4394 certamine,
1042 4328 1276 4398 prolatis
1327 4328 1578 4384 ecclesiae
1609 4327 1879 4394 vestibus,
1912 4328 2086 4400 488

487 4415 890 4488 productisque
917 4418 1266 4476 candelabris
1307 4419 1598 4475 multilidis
1636 4421 1796 4476 ludos
1849 4435 2084 4476 exorna-

2177 3225 2472 3290 ϐαλόντων,
2496 3223 2630 3277 ποτέ
2651 3223 2711 3277 δέ
2735 3222 2813 3287 ὡς
2835 3221 3066 3276 άσθενοῦ
3075 3237 3192 3276 ντα.
3225 3221 3352 3275 Ἐπὶ
3375 3221 3568 3274 τούτου
3590 3220 3766 3291 ἐφάνη

2178 3316 2356 3388 ἀστὴρ
2411 3317 2664 3389 κομήτης
2709 3317 2775 3370 ἐκ
2815 3314 3028 3380 δύσεως
3063 3315 3157 3369 ἐπὶ
3185 3315 3404 3389 ἡμέρας
3450 3315 3772 3379 δεκαπέντε,

2178 3411 2238 3466 ὃν
2265 3411 2454 3480 ἔλεγον
2486 3409 2673 3479 ξιφίαν
2699 3409 3014 3474 καλεῖσθαι,
3040 3409 3136 3464 καὶ
3157 3408 3596 3480 αἱματεκχυσίαν
3624 3408 3683 3460 ἐν
3705 3410 3772 3476 τῇ

2183 3502 2341 3556 πόλει
2380 3499 2742 3574 ἐργάσεσθαι.
2771 3493 2941 3562 Οὗτος
2974 3498 3200 3562 πλάνοις
3231 3497 3326 3551 καὶ
3357 3497 3548 3568 γόησιν
3581 3496 3777 3550 ἐαυτὸν

2179 3596 2410 3661 ἐξέδοτο,
2430 3595 2480 3648 οἳ
2509 3594 2605 3648 καὶ
2633 3592 2966 3648 πεπείκασιν
2993 3589 3183 3654 αὑτὸν,
3206 3589 3284 3654 ὡς
3311 3589 3387 3643 Τδ
3413 3587 3508 3642 τοῦ
3533 3588 3773 3658 συάγρου

2183 3691 2448 3760 στοιχεῖον
2475 3687 2554 3758 (4)
2589 3687 2649 3741 τὸ
2684 3688 2744 3740 ἐν
2780 3685 2860 3756 τῷ
2902 3683 3120 3755 ἱππικῷ
3152 3683 3235 3738 σοὶ
3285 3683 3380 3737 καὶ
3427 3684 3494 3752 τῇ
3543 3684 3608 3751 σῇ
3663 3681 3773 3749 ζωῇ

2182 3783 2637 3855 προσανάκειται,
2672 3777 2946 3850 χοιρόσιον
2994 3777 3086 3832 τὸν
3128 3776 3356 3846 ἀνόητον
3409 3775 3777 3844 ύπεμιιιιοιίνον⁶

2184 3891 2296 3938 τες.
2346 3875 2404 3927 '0
2434 3872 2492 3926 δέ
2530 3871 2751 3934 τούτοις
2780 3868 3091 3941 ἀπατηθεὶς
3117 3869 3292 3923 αἰδοῖα
3321 3869 3417 3921 καὶ
3443 3866 3666 3928 ὀδόντας
3695 3865 3776 3935 τῷ

2183 3967 2353 4038 χοίρῳ
2387 3964 2834 4036 προσανενὲωσεν
2859 3962 2936 4028 ὡς
2965 3963 3325 4033 λειπομένους
3348 3960 3503 4032 αὐτῷ
3521 3977 3538 3993 ο
3572 3961 3666 4015 καὶ
3705 3961 3777 4031 τῇ

2184 4057 2353 4111 αὑτοῦ
2378 4057 2554 4129 πλάνῃ
2597 4054 2876 4118 πεποιθὼς
2903 4055 3003 4120 ὢν,
3031 4055 3256 4110 ἱππικὸν
3284 4055 3520 4126 ποιήσας
3547 4055 3644 4118 τὰς
3668 4054 3783 4106 τῶν

2185 4152 2497 4222 ἐκκλησιῶν
2523 4151 2746 4215 ἐνδυτᾰς
2773 4151 2869 4205 καὶ
2899 4149 3282 4220 πολυκάνδηλα
3303 4151 3442 4222 ερας
3467 4149 3529 4202 τὸ
3550 4148 3776 4202 ἱππικὸν

2186 4247 2488 4310 ἐστόλισεν,
2521 4247 2759 4309 καὶτοῖς
2801 4243 2992 4308 ζὼδοις
3034 4244 3323 4316 φωταψίαν
3369 4243 3663 4316 ἐποίησεν·
3689 4241 3780 4295 διὰ

2188 4339 2348 4394 τοῦτο
2379 4341 2525 4412 ήρίὶη
2551 4340 2646 4393 ἀπ’
2677 4339 2847 4394 αὐτοῦ
2884 4340 2918 4410 ή
2953 4337 3046 4392 τοῦ
3083 4338 3222 4391 Θεοῦ
3254 4337 3402 4408 χεὶρ,
3435 4335 3512 4400 ὡς
3551 4335 3652 4407 τὴν
3683 4333 3780 4387 τοῦ

2188 4428 2326 4484 Θεοῦ
2361 4429 2531 4500 τιμὴν
2567 4431 2683 4494 τοῖς
2734 4429 2979 4494 εἰδώλοις
3010 4429 3417 4501 προσάψαντος.
3460 4427 3696 4498 Ἰμερίου
3726 4425 3783 4479 δέ

487 4507 591 4573 vit,
646 4517 703 4565 et
757 4509 1033 4568 luminum
1093 4513 1392 4584 splendore
1457 4513 1720 4568 animalia
1775 4513 2073 4571 decoravit.

2191 4499 2574 4590 λογοθέτουίέκ
2593 4521 2694 4592 τῆς
2713 4522 2824 4574 τῶν
2863 4499 3187 4593 Ἀγαρηνῶν
3212 4519 3382 4592 ἥττης
3408 4516 3785 4588 ὑποστρέψαν-

488 4598 625 4656 Eam
663 4603 735 4660 ob
764 4619 881 4660 rem
912 4603 1011 4662 Dei
1057 4622 1258 4663 manus
1309 4606 1598 4662 auxiliaris
1646 4607 1717 4662 ab
1751 4623 1819 4663 eo
1869 4619 2082 4665 remota

489 4701 599 4759 est,
627 4694 725 4766 qui
762 4693 854 4752 Dei
879 4696 1142 4755 honorem
1172 4699 1335 4755 idolis
1356 4699 1578 4754 adolere
1597 4716 1706 4756 non
1732 4711 1818 4756 est
1849 4702 2080 4758 veritus.

490 4781 796 4842 Bimerium
829 4803 960 4846 vero
993 4790 1328 4861 logothetam
1363 4808 1394 4848 a
1428 4792 1584 4850 clade
1618 4807 1785 4864 quam
1821 4794 1890 4849 ab
1939 4797 2084 4866 Aga-

489 4875 646 4933 renis
696 4879 1022 4948 pertulerat,
1063 4882 1410 4950 redeuntem,
1459 4882 1635 4939 misso
1685 4884 1918 4950 nuntio,
1954 4885 2086 4941 Ale-

487 4968 700 5031 xander
742 4972 801 5031 in
844 4973 1034 5047 palatii
1111 4979 1510 5034 monasterium
1591 4977 1798 5050 Campa
1843 4981 2080 5044 dictum,

2190 4633 2306 4679 τος,
2331 4615 2663 4677 ἀποστείλας
2697 4615 3056 4687 Ἀλέξανδρος
3099 4613 3432 4686 περιώρισεν
3462 4613 3521 4664 ἐν
3543 4613 3610 4683 τῇ
3646 4612 3782 4682 μονῇ

2191 4710 2288 4763 τοῦ
2319 4710 2614 4774 παλατίου,
2652 4711 2721 4780 τῇ
2759 4707 3034 4781 λεγομένῃ
3077 4709 3313 4779 Καμπᾶ,
3361 4706 3665 4775 ἀπειλήσας
3705 4704 3784 4766 ὡς

2194 4800 2391 4869 ἐχθρὸν
2430 4799 2598 4853 αὐτοῦ
2626 4799 2759 4853 ὄντα
2791 4799 2886 4854 ἐπὶ
2917 4799 3012 4854 τοῦ
3044 4797 3276 4869 ἀδελφοῦ
3318 4797 3485 4852 αὑτοῦ
3522 4795 3783 4857 Λέοντοςο

2193 4893 2221 4944 ό
2243 4893 2300 4945 δὲ
2329 4892 2394 4945 ἐκ
2419 4891 2652 4962 θλίψεως
2678 4891 2883 4961 πολλῆς
2913 4892 3296 4965 ἀρρωστήσας,
3327 4888 3788 4962 περιορισάμενος

2191 4983 2268 5037 ὣν
2295 4985 2390 5037 ἐπὶ
2427 4983 2608 5055 μῆνας
2639 4982 2721 5051 ἓξ,
2755 4983 3136 5056 ἐτελεύτησεν.
3178 4983 3528 5038 Ἀπέστειλεν
3567 4980 3631 5034 δέ
3677 4979 3786 5032 Συ-

1653 5145 1906 5205 FIIANC.
1942 5149 2332 5208 COMBEFISII
2383 5149 2619 5208 ΝΟΤΑΞ.

558 5257 639 5330 (I)
671 5257 750 5336 Ex
787 5260 1075 5336 Anonymo
1095 5272 1150 5336 et
1175 5262 1368 5336 (ζωὴ-η
1395 5263 1456 5318 ἐν
1485 5266 1551 5335 τῇ
1587 5263 1756 5336 πόλει
1780 5265 2083 5336 εἰσαχθεὶς,

488 5331 842 5404 κατατίθεται
859 5335 918 5387 ἐν
948 5331 1013 5404 τῇ
1060 5334 1228 5388 αὐτοῦ
1266 5337 1405 5404 μονῇ
1437 5331 1879 5404 τοῦΨοιμαΘῐου,
1909 5331 1966 5388 in
1992 5353 2085 5388 ur-

491 5399 605 5476 bem
636 5402 824 5476 illatus
856 5399 1178 5475 sepeliturin
1213 5399 1311 5462 suo
1338 5399 1566 5461 nionast.
1588 5399 1738 5476 quod,
1755 5405 1823 5458 ad
1856 5406 2088 5460 Psama-

493 5471 592 5558 ξζιίἱ
631 5475 769 5558 certe:
803 5471 1034 5545 positum
1063 5488 1138 5532 est
1164 5493 1182 5531 :
1213 5495 1338 5533 cum
1378 5471 1684 5534 scilicet’ad
1715 5475 1915 5548 Agatlii
1940 5480 2087 5533 mdes

493 5544 550 5593 in
577 5544 774 5610 exsilio
805 5544 1061 5604 mortuus
1083 5559 1254 5604 esset.

585 5611 644 5683 Ξ)
678 5614 736 5668 'O
765 5613 860 5671 οὖν
896 5617 1269 5692 Ἀλέξανδρος,
1313 5619 1614 5692 Anonym.,
1657 5635 1719 5675 cx
1758 5633 1868 5692 quo
1901 5618 2081 5692 suppl.

495 5693 620 5748 P05!
662 5701 882 5762 vocent
916 5691 1284 5762 διακείμενος,
1343 5691 1657 5760 μονώτατος
1703 5691 1898 5762 ἄρξαις,
1927 5691 2084 5743 οὐδὲ]

495 5755 744 5835 γξγναζον
801 5759 906 5835 καὶ.
953 5755 1311 5835 λόγοςᾷν-ἅξιον
1344 5755 1777 5832 ’κατεπράξατὸ.
1816 5755 1947 5816 Cum
2004 5764 2080 5814 sic

499 5829 607 5876 otio
641 5829 802 5880 vitam
827 5829 1014 5898 egisset
1043 5830 1101 5884 ob
1120 5831 1307 5900 fratris
1333 5833 1385 5886 in
1415 5849 1528 5887 cum
1557 5829 1899 5902 Suspiciones,
1933 5832 2077 5885 solus

2189 5269 2469 5336 imperium
2503 5266 2725 5336 adeptus
2750 5265 2884 5320 nihil
2909 5264 3052 5334 quod
3084 5262 3327 5336 generosi
3359 5257 3586 5332 pectoris
3607 5273 3670 5311 ac
3696 5257 3790 5311 di-

2190 5357 2350 5410 gnum
2391 5339 2548 5392 laude
2567 5339 2973 5410 foret._peregit.

2265 5411 2347 5481 (5i
2378 5405 2606 5465 Exuend.
2633 5425 2698 5463 ex
2733 5405 2972 5464 laudatis
2998 5407 3350 5481 auctoribus,
3373 5405 3544 5475 ipsum
3579 5420 3789 5481 quoque

2194 5477 2509 5535 Rasilitsem
2548 5483 2922 5549 imperatorem
2983 5494 3165 5533 creare
3219 5477 3444 5540 volebat,
3508 5493 3626 5530 cum
3674 5477 3790 5544 ipse

2191 5553 2339 5620 prole
2370 5561 2594 5612 careret,
2626 5552 2827 5606 evirato
2847 5549 3223 5605 Constantino.

2266 5623 2342 5692 (4)
2375 5623 2506 5692 Apri
2533 5621 2908 5684 simulacrum,
2939 5621 3078 5674 velut
3133 5625 3201 5674 ad
3243 5616 3475 5692 caelestis
3521 5617 3659 5692 signi
3694 5633 3788 5670 ru-

2195 5689 2388 5747 tionem
2422 5689 2507 5748 illi
2538 5693 2911 5759 compositum.
2964 5691 3454 5760 Στοιχειωματικοί
3503 5689 3785 5748 dicuntur,

2191 5766 2284 5890 (litigi
2341 5768 2544 5832 ﬁguras
2598 5764 2870 5834 ejusmodi
2928 5761 3337 5819 astronomicas
3392 5760 3788 5844 superstiti?”

2191 5852 2214 5890 ε
2263 5843 2500 5890 urmuni.
3686 5843 3704 5866 ,ε

2189 5829 2473 5891 eﬂ'ut'lnmtl
2488 5877 2500 5892 .
2629 5829 2641 5834 ⁷
3465 5829 3484 5834 ’
