4100 6458
430 408 564 474 1121

1739 406 2424 471 (IIIRONOGRAPHIA.

3574 408 3710 472 1122

423 525 573 597 μεὼν
619 524 646 575 ό
689 523 874 593 ἄρχων
933 520 1271 590 Βουλγαρίας
1300 518 1520 588 μηνύων
1567 518 1904 590 Ἀλεξάνδρῳ
1930 520 1997 570 τὰ

2113 519 2250 573 velut
2288 520 2494 574 hostem
2541 534 2568 573 a
2604 520 2787 576 fratris
2816 521 2899 575 sui
2942 521 3142 577 Leonis
3176 531 3417 591 tempore
3463 523 3568 575 sibi
3624 526 3711 575 in-

415 618 550 687 περὶ
587 616 833 686 εἰρήνης.
888 613 1113 683 Συμεὼν
1173 612 1623 683 παρεσκευάζετο
1650 613 1728 681 (ἲὶ)
1782 611 2011 679 κινῆσαι

418 709 559 761 κατὰ
594 708 701 759 τῶν
738 704 1082 777 Χριστιανῶν
1113 704 1275 758 ὅπλα.
1331 703 1679 775 Ἀλέξανδρος
1711 703 1767 755 δὲ
1800 704 1828 755 ὁ
1857 703 2014 773 βασις

416 801 543 863 λευς
573 800 877 869 ἀριστήσας
908 798 1003 852 καὶ
1031 797 1278 862 οἰνωθεὶς
1313 799 1372 850 ἒν
1429 799 1539 860 τοῖς
1578 796 1684 848 ὑπὸ
1715 796 1852 850 κύνα
1880 797 2013 849 καύ-

422 909 576 963 μασι,
633 892 901 961 κατῆλθεν
938 892 1247 960 σφαιρίσαι,
1292 890 1386 943 καὶ
1449 888 1699 960 ῥομφαίᾳ
1764 888 2015 959 θεηλάτῳ

417 982 672 1053 πληγεὶς,
723 984 817 1036 καὶ
871 981 1132 1047 ἀνελθὼν,
1180 981 1409 1051 αἵματος
1441 982 1505 1033 ὲκ
1552 978 1663 1032 τῶν
1718 978 1882 1051 ῥινῶν
1919 980 2015 1031 καὶ

416 1076 533 1127 τῶν
559 1075 776 1129 αἰδοίων
809 1074 1206 1146 ἐκφερομένου,
1246 1060 1386 1144 μετὰ
1413 1072 1508 1125 δύο
1540 1071 1755 1143 ἡμέρας
1789 1070 2012 1125 ἐτελεύ-

414 1184 585 1236 τησεν
611 1165 929 1220 καταλιπὼν
982 1167 1283 1237 ἐπίτροπον
1329 1164 1601 1219 Νικόλαον
1642 1166 2012 1235 πατριάρχην,

415 1259 517 1311 καὶ
569 1259 844 1327 Στέφανον
887 1260 1211 1330 μάγιστρον,
1248 1259 1345 1311 καὶ
1401 1257 1658 1328 Ἰωάννην
1716 1259 2015 1326 μάγιστρον

415 1353 512 1406 τὸν
551 1353 800 1417 Ἐλαδᾶν,
836 1352 929 1405 καὶ
977 1352 1232 1421 Ἰωάννην
1263 1352 1569 1422 ραίκτωρα,
1600 1351 1694 1403 καὶ
1722 1348 2012 1416 Εὑθύμιον,

415 1447 515 1496 καὶ
556 1446 646 1497 τὸν
699 1444 1047 1512 Βασιλίτζην,
1078 1443 1174 1496 καὶ
1223 1443 1313 1495 τὸν
1348 1442 1807 1514 Γαὸριλόπουλον,
1839 1443 2012 1507 ἐάσας

410 1538 517 1604 τὴν
547 1535 824 1605 βασιλείαν
870 1534 1271 1604 Κωνσταντὶνῳ
1309 1534 1411 1605 υἱῷ
1442 1535 1695 1597 Λέοντος.
1746 1535 2016 1590 ’Λπέθετο

411 1628 472 1680 δὲ
523 1628 872 1701 Ἀλέξανδρος
906 1631 962 1682 ἐν
996 1631 1108 1692 τοῖς
1139 1630 1334 1699 τάφοις
1367 1632 1443 1700 (6)
1478 1630 1615 1699 μετὰ
1669 1629 1764 1682 τοῦ
1798 1629 2011 1700 πατρὸς

414 1734 611 1771 αυτου.

913 1985 1503 2043 ΚΩΝΣΤΑΝΤΙΝΟΣ.

495 2081 905 2144 Κωνσταντῖνος
931 2080 1004 2145 δὲ,
1033 2080 1127 2133 τοῦ
1154 2079 1358 2151 πατρὸς
1380 2077 1542 2132 αὑτοῦ
1584 2078 2007 2149 τελευτήσαντος

417 2177 673 2238 Λέοντος,
716 2176 844 2237 παῖς
899 2172 980 2226 ἔτι
1005 2171 1293 2241 τυγχάνων
1329 2172 1583 2242 (ἕϐδομον
1610 2171 1718 2241 γὰρ
1748 2166 1861 2241 εἷχε
1909 2170 2009 2239 τῆς

417 2268 629 2335 ἡλικίας
662 2266 826 2331 ἔτος),
857 2264 963 2317 ὑπὸ
1001 2262 1349 2333 Ἀλεξάνδρου
1388 2261 1507 2315 υἱοῦ
1537 2260 1729 2333 [θείου]
1754 2260 1918 2314 αὑτοῦ
1951 2262 2009 2312 ὲν

427 2358 669 2429 βασιλεία
720 2356 1116 2410 καταλέλειπτο
1173 2355 1280 2408 ὑπὸ
1335 2355 1663 2426 ἐπιτρόπους
1702 2354 1872 2407 τελῶν
1908 2353 2007 2424 (7),

418 2450 771 2503 ἐϐασίλευσεν
802 2450 899 2501 ἰπὶ
950 2448 1063 2501 τῶν
1114 2446 1285 2501 αὐτοῦ
1318 2448 1652 2520 ἐπιτρόπων,
1687 2449 1783 2500 καὶ
1814 2450 1911 2501 σὺν
1939 2451 2007 2519 τῇ

415 2544 623 2614 μητρίο
660 2543 779 2612 ἅμα
816 2542 873 2595 δὲ
910 2539 1181 2611 Ῥωμανῷ
1226 2538 1477 2611 πενθερῷ
1531 2538 1723 2605 αὑτοῦ,
1765 2542 1823 2593 ὲν
1874 2540 2008 2594 ύπο-

408 2637 556 2704 ταγῇ
592 2632 689 2697 ὢν,
728 2633 893 2703 ἕτερα
925 2631 1021 2702 ἔτη
1050 2631 1225 2684 εἴκοσι
1252 2630 1348 2697 ἒξο
1383 2630 1745 2701 μονοκράτωρ
1789 2630 1848 2684 δὲ
1902 2630 2001 2701 ἔτη

406 2727 747 2780 δεκαπέντεο
784 2725 862 2789 ὡς
892 2719 1034 2778 εἷναι
1072 2724 1164 2777 τὸν
1197 2725 1417 2780 ἅπαντα
1475 2725 1671 2796 χρόνον
1717 2725 1814 2796 τῆς
1845 2724 2003 2794 βασι-

408 2818 565 2881 λείας
605 2817 771 2871 αὐτοῦ
822 2816 919 2887 ἔτη
972 2818 1314 2887 πεντήκοντα
1352 2816 1535 2871 πέντε.
1570 2815 1887 2886 Λαὸόμενος
1914 2810 2007 2869 οὖν

409 2911 511 2979 τῆς
547 2908 643 2963 τοῦ
680 2908 950 2962 παλατίου
982 2906 1233 2971 ἐξουσίας
1270 2908 1298 2959 ό
1333 2908 1682 2979 πατριάρχης
1714 2905 2004 2971 Νικόλαος,

409 3001 513 3071 τὴν
546 3000 641 3053 τοῦ
682 2998 867 3053 κοινοῦ
900 2999 1165 3069 πρόνοιαν
1198 2999 1443 3051 ἐποιεῖτο
1495 2999 1591 3051 καὶ
1618 2998 1717 3068 τὴν
1751 2998 2009 3068 φροντίδα

411 3091 562 3164 εἶχεν
608 3093 718 3147 τῶν
747 3095 813 3164 τῇ
865 3091 1113 3163 βασιλείᾳ
1147 3092 1463 3163 ἀνηκόντων
1512 3090 1860 3162 πραγμάτων
1918 3092 2009 3144 όσ-

364 3252 373 3260 .
412 3187 645 3256 ημέραι-
688 3183 781 3237 Ἐν
812 3184 1027 3245 τούτοις
1058 3182 1154 3236 οὖν
1184 3183 1283 3252 τῆς
1315 3182 1594 3252 βασιλείας
1621 3180 1787 3253 οὔσης
1818 3181 2009 3252 δηλοῖ)-

412 3296 504 3331 ται
555 3276 957 3347 Κωνσταντίνῳ
1002 3275 1083 3345 τῷ
1138 3275 1295 3328 δουκὶ
1342 3275 1453 3329 τῶν
1501 3274 1708 3346 σχολῶν
1742 3274 1817 3346 (8)
1856 3273 2009 3344 παρά

411 3388 579 3423 τινων
606 3370 715 3423 τῶν
742 3373 799 3423 ὲν
824 3371 891 3440 τῇ
919 3367 1072 3422 πόλει
1120 3368 1463 3439 μεγιστάνων
1492 3366 1791 3436 φιλούντων
1821 3367 2003 3433 αὑτὸν,

416 3461 495 3524 ὼς
533 3458 779 3532 ἀνδρεῖον
822 3459 918 3512 καὶ
976 3457 1205 3527 νουνεχῆ
1234 3457 1330 3511 καὶ
1361 3456 1544 3520 καλῶς
1577 3457 1877 3528 δυνάμενον
1909 3459 2009 3529 τὴν

415 3553 716 3622 ἐκκλησίαν
753 3547 1084 3623 [βασιλείαν]
1141 3549 1536 3619 διακυϐερνᾷν,
1588 3547 1878 3614 εἰσελθεῖν,
1912 3549 2006 3601 καὶ

410 3646 621 3717 ταύτης
674 3644 951 3716 ἐγκρατὴς
1009 3641 1303 3715 [ἐγκρατῆ]
1333 3642 1588 3710 γενέσθαι
1644 3643 1901 3714 ἀπονητί.
1945 3641 2003 3695 '0

409 3739 491 3801 δὲ,
525 3737 621 3791 ἅτε
658 3739 751 3791 καὶ
787 3737 1051 3808 πρότερον
1100 3734 1271 3804 αὐτὴν
1318 3734 1701 3804 ὀνειροπολῶν,
1751 3736 1847 3789 καὶ.
1877 3735 2006 3799 τοὺς

413 3829 716 3897 στεφάνους
755 3830 844 3883 ἀεὶ
868 3829 1174 3899 ἐφιέμενος,
1216 3827 1291 3889 ὡς
1331 3823 1478 3897 εἶχεν
1528 3828 1691 3898 τάχος
1724 3827 1822 3898 τὴν
1852 3826 2004 3898 βασι-

411 3921 677 3975 λεύουσαν
719 3920 1043 3976 καταλαϐὼν
1074 3921 1191 3991 ἅμα
1220 3923 1333 3984 τοῖς
1378 3920 1475 3973 σὺν
1506 3921 1656 3992 αύτῴ
1686 3920 1795 3974 τῶν
1841 3938 2003 3992 στρα-

408 4015 700 4084 τευμάτων
772 4013 1050 4085 ἐκκρίτοις
1132 4014 1339 4076 ἱκανοῖς
1429 4008 1604 4079 οὖσιν,
1662 4014 1753 4067 καὶ
1809 4013 2003 4078 νυκτὸς

409 4107 504 4161 διὰ
552 4107 933 4179 παραπυλίδος
985 4106 1247 4159 εἰσελθὼν
1321 4105 1416 4160 τοῦ
1500 4106 2000 4178 πωτοὸεστιαρίου

410 4199 657 4270 Μιχαὴλ,
721 4197 888 4269 οὔσης
939 4197 1173 4268 πλησίον
1232 4196 1581 4268 ἀκροπόλεως
1635 4197 1693 4249 ὲν
1743 4195 1823 4267 τῷ
1868 4199 2001 4267 οἴκῳ

409 4292 507 4345 τού
571 4291 841 4361 πενθεροῦ
915 4290 1088 4362 αὐτῆς
1145 4288 1359 4362 [αὐτοῦ]
1423 4289 1719 4361 Γρηγορᾶ,
1795 4290 2004 4353 ἄϋπνος

416 4384 561 4454 μετὰ
614 4383 723 4437 τῶν
778 4383 1047 4437 συνόντων
1107 4381 1259 4453 αύτῷ
1304 4381 1624 4435 διετέλεσεν.
1664 4382 1913 4452 Νικήτας
1947 4382 2006 4436 δὲ

376 4468 379 4473 ’
412 4476 745 4547 ἁσηκρῆτις,
795 4477 823 4529 ὁ
880 4474 1022 4546 μετὰ
1053 4474 1230 4529 ταῦτα
1264 4475 1701 4546 πρωτονοτάριος
1745 4472 2006 4543 γεγονὼς,

411 4572 515 4641 τὴν
547 4571 971 4625 Κωνσταντίνου
1026 4569 1209 4639 ἄφιξιν
1262 4569 1340 4640 τῷ
1399 4570 1676 4641 πατρικίῳ
1718 4571 2010 4624 Κωνσταν-

2123 616 2335 668 terisnm
2390 616 2620 685 adjectis
2657 618 2821 671 minis
2856 616 3101 671 exsulem
3139 618 3265 685 egit.
3313 617 3403 670 Ille
3449 617 3713 670 societate

2120 709 2407 762 hominum
2450 709 2777 763 interdictus
2827 725 2924 778 per
2981 724 3199 764 menses
3262 723 3355 762 sex
3414 722 3481 763 ex
3538 708 3710 762 nimio

2119 814 2357 851 mterore
2387 800 2580 855 morbo
2634 811 2925 869 correptus
2975 800 3206 854 interiit.
3246 802 3468 854 Simeon
3526 810 3710 854 autem

2120 891 2388 962 Bulgaria:
2426 894 2701 962 princeps,
2735 895 2921 949 missis
2968 896 3033 949 ad
3069 894 3444 948 Alexandrum
3476 895 3706 958 nuntiis,

2117 983 2189 1037 de
2228 998 2359 1053 pace
2395 992 2688 1038 tractatum
2738 984 2947 1040 habuit.
2978 985 3202 1041 Simeon
3244 985 3508 1041 adversus
3544 985 3707 1041 Clu-i-

2118 1076 2335 1130 stianos
2361 1092 2513 1131 arma
2544 1093 2763 1133 movere
2802 1079 3045 1148 parabat.
3075 1079 3384 1135 Alexander
3411 1080 3708 1150 imperator

2122 1168 2259 1223 bene
2300 1180 2514 1238 pastus,
2547 1180 2602 1225 et
2631 1172 2758 1225 vino
2796 1173 3136 1227 temulentus
3182 1173 3285 1228 sub
3324 1174 3585 1228 canicula:
3617 1189 3707 1227 ar-

2119 1258 2286 1315 dores
2328 1261 2436 1330 pila
2490 1262 2717 1317 lusurus
2754 1264 3046 1333 processit,
3095 1265 3389 1335 gladioque
3442 1265 3706 1319 divinitus

2118 1350 2393 1418 immisso,
2427 1353 2747 1409 vulneratus
2778 1356 2941 1409 rediit
2984 1357 3309 1425 sanguinem
3337 1371 3367 1410 e
3396 1357 3622 1411 naribus
3645 1367 3699 1411 et

2090 1466 2093 1467 ν
2122 1440 2397 1511 pudendis
2421 1441 2731 1507 effundens,
2756 1452 2813 1497 et
2843 1452 2967 1513 post
3010 1444 3129 1499 dies
3160 1448 3297 1500 duos
3351 1443 3575 1500 Nicolao
3610 1461 3707 1516 pa-

2120 1535 2382 1602 triarcha,
2438 1544 2494 1589 et
2544 1534 2828 1605 Stephano
2864 1540 3130 1605 magistro
3161 1536 3349 1602 Elada,
3396 1546 3449 1591 et
3493 1534 3706 1592 Joanne

2118 1636 2353 1691 rectore,
2383 1636 2438 1681 et
2482 1625 2799 1699 Euthymio,
2834 1639 2888 1683 et
2921 1628 3202 1691 Basilitze,
3233 1639 3287 1685 et
3316 1628 3706 1698 Gabrielopulo

2118 1720 2572 1789 procuratoribus
2624 1720 2914 1786 institutis,
2941 1720 3306 1777 Constantino
3361 1720 3561 1776 Leonis
3596 1721 3708 1775 tilio

2117 1814 2339 1884 reliquit
2366 1813 2680 1884 imperium.
2714 1813 3026 1868 Alexander
3053 1812 3143 1867 ille
3166 1827 3291 1868 cum
3318 1822 3471 1882 patre
3502 1810 3707 1867 Basilio

2038 1880 2083 1937 Β
2112 1906 2307 1963 eodem
2350 1908 2607 1978 sepulcro
2637 1906 2910 1977 repositus
2938 1915 3041 1961 est.

2597 1995 3213 2054 CONSTANTINUS.

2183 2090 2583 2147 Constantinus
2618 2100 2773 2161 patre
2824 2089 3012 2145 Leone
3060 2101 3282 2146 mortuo
3330 2086 3508 2144 adhuc
3538 2103 3699 2159 puer,

2115 2184 2436 2255 (septimum
2468 2183 2615 2238 enim
2643 2192 2859 2238 tantum
2888 2183 3063 2238 aatatis
3091 2198 3206 2238 suae
3241 2183 3437 2253 agebat
3472 2184 3704 2248 annum)

2113 2277 2218 2332 sub
2250 2276 2435 2347 patrui
2492 2276 2665 2332 tutela
2721 2276 3023 2345 imperator
3077 2276 3302 2331 relictus
3361 2286 3463 2330 est.
3502 2272 3706 2329 llalnrit

2113 2370 2281 2424 etiam
2333 2368 2552 2439 imperii
2609 2376 3021 2438 procuratores,
3059 2376 3114 2422 et
3166 2366 3275 2422 'sub
3306 2382 3497 2421 eorum
3547 2382 3701 2425 ειη-ιι,

2114 2471 2291 2516 matre
2318 2462 2527 2533 pariter
2558 2459 2666 2519 illis
2711 2461 2993 2532 adjuncta,
3023 2460 3209 2515 rexit:
3248 2475 3352 2513 una
3400 2473 3528 2513 vero
3578 2473 3701 2512 eum

2114 2551 2384 2621 Romano,
2418 2568 2612 2609 socero
2639 2566 2762 2620 suo,
2791 2554 2878 2608 cui
2898 2552 3177 2621 subjectus
3206 2550 3329 2618 fuit,
3363 2564 3539 2605 annos
3565 2549 3703 2602 alios

2114 2645 2307 2717 viginti
2353 2661 2448 2702 sex
2499 2661 2514 2699 :
2554 2646 2709 2703 Solus
2765 2646 3058 2716 imperium
3090 2643 3235 2698 rexit
3266 2656 3440 2695 annos
3471 2639 3703 2712 quinde-

2112 2738 2222 2793 cim
2261 2752 2275 2789 :
2309 2736 2448 2793 adeo
2477 2747 2538 2793 ut
2569 2736 2784 2804 imperii
2847 2735 2969 2805 ejus
3037 2745 3253 2803 tempus
3306 2746 3472 2787 omne
3540 2731 3701 2785 annis

2113 2829 2515 2902 quinquaginta
2556 2830 2801 2900 quinque
2847 2826 3229 2884 concludatur.
3275 2823 3470 2878 Palatii
3509 2824 3699 2893 itaque

2114 2935 2443 2998 potestatem
2469 2924 2700 2994 adeptus
2721 2920 2979 2977 Nicolaus
3005 2918 3340 2989 patriarcha,
3366 2918 3531 2971 rebus
3550 2931 3701 2971 com-

2116 3019 2379 3074 munibus
2430 3016 2795 3088 providebat,
2824 3025 3126 3083 curamque
3159 3011 3383 3083 gerebat
3423 3009 3702 3081 quotiitiav

2115 3122 2312 3163 norum
2348 3106 2499 3177 regni
2533 3105 2907 3174 negotiorum.
2934 3101 3074 3156 Cum
3107 3100 3276 3169 igitur
3318 3099 3400 3153 sic
3439 3114 3499 3154 se
3535 3099 3704 3153 habe-

2114 3207 2238 3255 rent
2290 3196 2504 3267 imperii
2562 3210 2673 3262 res,
2710 3193 3079 3251 Constantino
3127 3190 3440 3247 scholarum
3493 3188 3618 3243 duci
3671 3204 3703 3241 a

2115 3286 2445 3358 quibusdam
2494 3283 2648 3340 urbis
2693 3283 3015 3354 proceribus
3073 3281 3196 3352 ejus
3233 3280 3426 3337 amicis
3464 3278 3705 3349 suggeri-

2113 3391 2222 3445 tur,
2248 3395 2372 3436 eum
2416 3394 2517 3434 ceu
2550 3378 2730 3433 virum
2780 3376 2978 3432 fortem
3014 3384 3071 3430 et
3116 3374 3469 3445 prudentem,
3501 3373 3704 3442 qnique

2112 3481 2300 3543 posset
2373 3470 2773 3539 rempublicam
2847 3467 3240 3522 administrare
3271 3503 3289 3532 ,
3344 3477 3403 3519 ut
3456 3464 3700 3534 seipsum

2110 3567 2482 3631 promoveret,
2522 3558 2788 3628 nulloque
2848 3557 3036 3612 labore
3082 3555 3484 3623 capessendum
3527 3554 3701 3621 impc-

2111 3655 2253 3706 rium
2282 3651 2693 3723 aggrederetur.
2747 3648 2843 3705 llle
2901 3650 3101 3718 igitur,
3159 3656 3361 3717 utpote
3421 3646 3513 3717 qui
3545 3647 3702 3715 prius

2109 3744 2241 3799 illud
2304 3744 2359 3799 in
2408 3753 2666 3799 votorum
2743 3743 2977 3798 somniis
3038 3741 3354 3807 habuerat,
3417 3751 3473 3796 et
3541 3753 3704 3795 coro-

2109 3853 2306 3891 narum
2364 3836 2595 3893 libidine
2638 3852 2856 3908 semper
2894 3836 3200 3899 aestuabat,
3260 3846 3468 3907 quanta
3526 3834 3705 3905 potuit

2107 3930 2442 3994 velocitate,
2492 3929 2548 3984 in
2611 3928 2856 4000 reginam
2906 3929 3100 3984 urbem
3159 3945 3269 3984 una
3314 3944 3441 3984 cum
3487 3929 3705 3984 selectis

2107 4020 2282 4091 copiis
2356 4027 2413 4074 et
2461 4018 2531 4075 ad
2581 4020 2819 4091 quodvis
2867 4019 3180 4075 audendum
3253 4020 3469 4075 idoneis
3519 4018 3705 4090 profe-

2112 4122 2234 4167 ctus
2288 4121 2373 4169 est
2412 4129 2425 4167 :
2467 4121 2747 4183 noctuque
2808 4127 2904 4184 per
2957 4112 3235 4183 portulam
3298 4111 3704 4182 protovestiarii

2111 4202 2394 4258 Michaelis
2442 4202 2597 4258 urbis
2646 4201 2792 4257 arcis
2848 4201 3016 4258 vicini
3051 4202 3358 4273 ingressus,
3425 4202 3480 4255 in
3539 4201 3705 4255 domo

2111 4294 2571 4367 mGregorte
2628 4295 2808 4350 soceri
2871 4293 3145 4349 insomnis
3192 4308 3301 4347 una
3362 4308 3487 4347 cum
3538 4292 3705 4347 sociis

2116 4387 2340 4443 mansit.
2378 4385 2602 4441 Nicetes
2631 4394 2819 4440 autem
2854 4401 2885 4439 a
2918 4384 3168 4451 secretis,
3188 4385 3283 4454 qui
3307 4394 3500 4454 postea
3527 4383 3703 4437 factus

2118 4476 2563 4551 prmonotarius,
2597 4477 2950 4533 Constantini
2986 4477 3282 4532 adventum
3338 4475 3707 4532 Constantino

2119 4572 2347 4628 Eladicu
2374 4569 2610 4642 patricio
2645 4567 2999 4641 signiﬁcavit,
3030 4567 3311 4637 amboque
3350 4567 3560 4638 pariter
3588 4567 3705 4635 ipsa

410 4665 549 4736 τίνῳ
570 4662 648 4734 τῷ
692 4662 961 4734 Ἐλαδικῷ
997 4664 1398 4733 κατεμήνυσεν,
1434 4665 1533 4715 καὶ
1573 4661 1741 4733 ἄμφω
1773 4664 1840 4734 τῇ
1870 4663 2007 4735 αὐτῇ

2120 4674 2282 4721 nocte
2304 4663 2376 4720 ad
2411 4665 2609 4719 ducem
2632 4662 3062 4719 Constantinum
3091 4664 3361 4719 accedunt
3379 4680 3391 4715 :
3412 4663 3709 4731 habitoque

410 4760 572 4812 νυκτὶ
633 4757 771 4829 πρὸς
824 4759 915 4813 τὸν
941 4755 1113 4812 δοῦκα
1151 4758 1564 4812 Κωνσταντῑνον
1618 4757 2008 4828 παρεγένοντο,

2120 4758 2355 4814 consilio
2388 4756 2777 4813 illuscescente
2806 4756 2919 4824 die,
2952 4756 3048 4813 sed
3074 4757 3367 4829 profundis
3414 4756 3595 4811 adhuc
3627 4763 3707 4809 te-

1562 4869 1816 4929 FRANC.
1846 4870 2241 4929 COMBEFISIl
2290 4870 2528 4928 NOTIE.

487 4969 567 5039 (ὅ)
594 4967 758 5025 Fmde
784 4968 901 5025 haec
930 4967 1143 5034 mutila,
1165 4982 1229 5021 ac
1247 4965 1397 5039 nullo
1415 4981 1603 5039 sensu.
1625 4980 1686 5020 ex
1703 4966 2004 5039 Anonym.,

412 5049 471 5097 et
500 5037 661 5095 Cedr.
693 5043 873 5110 suppl.
900 5053 913 5091 :
944 5039 1203 5110 Εἰρήνης,
1233 5037 1309 5100 ὡς
1344 5037 1554 5107 ταύτην
1572 5037 1889 5110 Δἀσπάζοιτο
1912 5039 2006 5110 καὶ

413 5112 511 5165 τοῦ
544 5106 991 5180 φιλοφρονεῖσθαι
1016 5106 1203 5162 αὑτὸν
1241 5110 1334 5162 καὶ
1389 5106 1678 5175 τιμᾶσθαι,
1717 5106 1909 5178 ῶσπερ
1938 5109 2003 5181 δὴ

415 5183 514 5237 καὶ
544 5181 638 5234 ἐπὶ
670 5182 764 5236 τοῦ
800 5181 1065 5249 βασιλέως
1084 5180 1334 5249 Λέοντος.
1370 5178 1429 5232 ὐ
1454 5178 1511 5230 δὲ
1533 5178 1687 5249 ἀνοίᾳ
1707 5180 1802 5232 καὶ
1829 5181 2003 5248 ἀφρο-

415 5196 514 5237 και
544 5196 638 5234 επι
670 5198 764 5236 του
800 5196 1065 5249 βασιλεως
1084 5196 1334 5240 Λεοντος.
1387 5196 1429 5232 υ
1454 5196 1511 5230 οε
1533 5196 1687 5250 ανοιᾳ
1707 5196 1802 5232 και
1829 5196 2002 5248 αφρο-

419 5253 561 5326 σύνῃ
589 5252 923 5324 κρατηθεὶς,
962 5253 1090 5315 τοὺς
1140 5248 1401 5319 πρέσόεις
1446 5249 1659 5319 ἀτίμως
1693 5250 2002 5320 ἐξέπεμψεν

415 5325 671 5375 ἀπειλαῖς
714 5322 999 5375 νοώιιενος
1052 5323 1196 5374 κατὰ
1229 5319 1475 5375 Συμεὼν.
1540 5320 1637 5372 καὶ
1685 5322 2000 5375 καταπλήτο

415 5323 671 5387 ἀπειλαῖς
714 5323 999 5394 χρώμενος
1052 5323 1196 5374 κατὰ
1229 5323 1475 5389 Συμεὼν,
1540 5323 1637 5372 καὶ
1685 5323 2000 5390 καταπλήτο

415 5411 535 5471 τειν
593 5396 860 5471 οἰόμενοὲ
917 5394 1032 5463 Τῆς
1080 5389 1173 5471 οὖν
1211 5390 1438 5471 εἰρήνης
1491 5388 1859 5471 διαλυθείσης,
1897 5392 2001 5444 Συ-

419 5465 603 5537 μεών·
642 5462 792 5519 Misit
817 5462 1045 5534 Symebn
1073 5464 1273 5537 legatos
1311 5465 1377 5514 de
1403 5476 1532 5537 pace
1569 5463 1902 5537 (ιιξηιοιιεηεζ
1923 5478 2007 5537 se-

414 5532 517 5605 que
542 5551 659 5589 eam
694 5532 976 5603 percepero
1006 5535 1358 5604 signiﬁcans;
1407 5532 1763 5605 humanitatis
1819 5534 2007 5603 oﬂiciis

417 5602 476 5659 se
516 5608 607 5662 ille
658 5602 1136 5669 demereretur,‘ac
1177 5610 1427 5658 honorem
1459 5602 1697 5666 haberet,
1733 5605 1811 5656 uti
1840 5602 2003 5657 etiam

416 5676 597 5732 Leone
622 5680 942 5747 imperatore
986 5676 1190 5745 factum
1224 5685 1365 5729 erat.
1400 5674 1707 5747 Alexander
1736 5674 2003 5729 dementia

421 5762 612 5820 suptus
634 5746 836 5820 legatos
863 5748 1155 5818 ignominia
1185 5748 1394 5801 habitos
1425 5746 1705 5809 emendat,
1745 5747 1918 5800 minas
1950 5750 2004 5800 in

419 5817 738 5944 inuenirent
769 5817 1064 5883 intentans,
1098 5834 1161 5870 ac
1182 5835 1238 5872 se
1262 5834 1380 5871 eum
1425 5822 1733 5869 territurum
1764 5832 2004 5884 sperans.

476 5910 567 5944 ace
601 5894 779 5944 itaque
804 5891 1094 5944 dissoluta.
1115 5886 1345 5944 Sumeon
1372 5889 1554 5944 expedi
1564 5891 1756 5943 tionem
1776 5890 1835 5943 in
1850 5888 2004 5942 Chri-

476 5886 567 5947 ‘uce
601 5894 779 5961 itaque
804 5891 1094 5956 dissoluta,
1115 5886 1345 5960 Symeon
1372 5889 1756 5959 expeditionem
1776 5888 2009 5943 inCttri-

2111 4968 2319 5023 stianos
2355 4967 2605 5035 parabat.

2185 5038 2264 5109 (6)
2311 5033 2401 5093 Ἑν
2453 5042 2566 5101 τοῖς
2604 5037 2799 5110 τάφοις
2855 5037 2963 5090 τῶν
2999 5037 3291 5110 βασιλέων,
3331 5033 3609 5105 Anonym.
3640 5033 3706 5088 In

2107 5110 2362 5178 sepulcris
2390 5126 2572 5179 regum
2597 5109 2845 5163 conditus
2876 5118 2975 5162 est.

2182 5181 2261 5252 (7)
2294 5179 2373 5233 Ab
2404 5175 2715 5234 Aiexandro
2757 5188 2951 5248 patruo
2980 5181 3279 5252 imperator
3299 5175 3538 5252 relictus
3564 5183 3702 5239 erat,

2106 5246 2202 5331 sub
2238 5246 2503 5331 tutoribus
2548 5266 2706 5331 agens
2730 5246 2887 5331 :uon
2913 5252 3011 5331 snub
3037 5246 3204 5331 tutata
3242 5246 3561 5331 Alexandri,
3594 5261 3706 5331 quo

2105 5322 2325 5378 vivente
2398 5336 2500 5377 nec
2553 5317 2870 5389 imperavit.
2925 5321 3221 5390 Sequentia
3258 5319 3439 5390 suppl.
3482 5317 3706 5390 ex_C_.-_—

2110 5391 2306 5459 dreno,
2338 5402 2443 5448 etc.
2479 5383 2834 5463 ὲὸασίλευσεν
2852 5390 2950 5445 σὺν
2972 5383 3039 5463 τῇ
3074 5390 3242 5463 μητρὶ
3264 5383 3460 5463 ετῆςι.
3485 5383 3591 5440 Sub
3625 5385 3707 5439 Itis

2109 5464 2287 5533 itaque
2341 5462 2629 5524 tutoribus,
2663 5479 2725 5515 ac
2752 5471 2923 5514 matre
2970 5459 3251 5533 imperavit
3286 5459 3450 5533 annis
3484 5464 3707 5533 septem.

2182 5528 2258 5604 (8)
2290 5533 2558 5607 ΙιιεοιιιιιειΔ
2586 5533 2807 5597 titulus,
2860 5547 2972 5607 nec
3007 5528 3139 5607 nisi_
3164 5528 3613 5607 errorenlibrarii
3642 5543 3707 5579 ae

2108 5595 2293 5660 textus
2323 5603 2671 5660 mutilatione
2701 5595 2887 5658 natus.
2930 5601 3161 5657 Emend.
3200 5615 3263 5655 ex
3296 5598 3441 5661 aliis,
3474 5596 3551 5667 τῷ
3586 5595 3707 5650 δου-

2110 5677 2227 5739 κὸς,
2263 5677 2423 5747 (ἄλλ.
2452 5675 2650 5746 δουκὶ),
2679 5674 2788 5747 τῶν
2821 5672 3030 5747 σχολῶν
3071 5669 3407 5747 δομελστικήᾦἱ
3440 5666 3691 5747 Constan-

2115 5749 2228 5801 tino
2271 5740 2438 5801 'ducis
2491 5740 2641 5817 ﬁlia
2674 5745 2801 5817 (sive
2856 5740 3019 5799 etiam
3071 5740 3218 5815 duci)
3261 5740 3564 5796 scltolarmn
3615 5740 3700 5793 ἀοι

2117 5818 2354 5872 mettica.
