4100 6422
376 384 514 449 1125

1671 387 2027 448 CHRONOG
2040 387 2344 446 RAPHIA.

3463 335 3470 347 ’
3513 385 3651 450 1126

372 505 470 557 γαὶ
497 502 753 567 ἀναιτίως
781 503 830 556 oi
860 502 1144 572 λεγόμενοι
1191 494 1337 556 οῦτοι
1370 503 1655 571 ἐπίτροποι
1695 502 1955 555 ἀπέκτει-

2066 511 2143 556 tcr
2170 516 2367 571 pueros
2395 509 2540 572 agat,
2567 500 2846 570 quomodo
2885 498 3003 556 sine
3025 498 3146 571 ejus
3177 501 3338 570 jussu
3387 500 3516 556 talia
3557 518 3650 572 pa-

372 613 492 661 ναν,
549 597 597 648 εἰ
642 596 717 664 μή
764 611 906 658 τινες
965 594 1074 648 τῶν
1112 594 1382 648 δικαστῶν
1430 596 1528 664 τῆς
1556 594 1743 647 ἀδίκου
1774 594 1954 665 ὁρμῆς

373 686 797 755 ἀναισχύντισαν
826 684 1247 758 [ἁνεχαίτισαν],
1282 685 1690 755 είπόντεςπρδς
1733 685 1954 751 αὐτοὺς,

373 781 448 841 ὡς
487 779 684 842 Παιδὸς
707 780 859 842 ὄντος
881 780 978 832 τοῦ
1010 778 1299 848 βασιλέως,
1334 777 1453 840 πῶς
1487 777 1615 831 ἄνευ
1650 778 1752 846 τῆς
1791 777 1955 832 αὑτοῦ

373 869 681 932 κελεύσεως
730 868 956 922 τοιαῦτα
1012 867 1252 938 τολμᾶτε
1307 866 1780 937 διαπράττεσθαις
1846 865 1959 934 Τὴν

2062 601 2206 648 trare
2237 593 2637 662 aggredimini?
2681 593 2886 649 Deinde
2927 594 3086 648 ducis
3117 609 3370 658 uxorem,
3421 594 3647 648 cmsarie

2063 685 2335 755 deposita,
2388 687 2441 741 in
2496 687 2618 756 ejus
2658 688 2904 752 domum,
2959 702 3124 758 quam
3173 686 3226 740 in
3277 684 3648 756 Paphlagonia

2065 778 2427 846 possidebat,
2489 779 2604 834 lilio
2670 779 2793 850 ejus
2851 779 3106 835 virilibus
3170 780 3327 850 prius
3382 789 3647 846 exsecto,

2068 872 2356 925 miserunt.

372 961 471 1015 τοῦ
529 961 726 1020 δουκὺς
772 959 866 1013 οῦν
922 962 1160 1028 γυναῖκα
1193 959 1593 1030 ἀποκείραντες
1641 960 1721 1022 εἰς
1754 957 1846 1011 τὸν
1901 958 1961 1010 ὲν
2001 959 2353 1034 Παφλαγονίᾳ
2381 959 2719 1036 οἷκοναύτῆς
2777 963 3182 1034 ἐξαπέστειλαν,
3239 967 3648 1038 εὐνουχίσαντες

379 1055 477 1108 καὶ
503 1053 596 1106 τὸν
629 1053 740 1106 υἱὸν
765 1052 953 1107 αὐτοῦ.

449 1194 748 1265 Αὐγούστῳ
791 1194 848 1247 δὲ
897 1193 1026 1265 μηνί
1058 1191 1283 1264 Συμεὼν
1308 1194 1335 1248 ὁ
1390 1192 1730 1264 Βουλγαρίας
1767 1192 1964 1264 ’ἄρχων

373 1286 784 1360 ἐκστρατεύσας
805 1287 950 1340 κατὰ
991 1284 1279 1355 Ῥωμαίων
1310 1285 1404 1338 σὺν
1451 1284 1594 1356 ὄχλῳ
1643 1284 1803 1356 βαρεί
1828 1301 1965 1337 κατ-

373 1363 570 1438 ἐλαϐεν
625 1379 725 1450 τὴν
757 1376 1360 1441 Κωνσταντινούπολιν,
1381 1378 1492 1430 -καὶ
1513 1377 1580 1445 δὴ
1601 1375 1965 1446 περικαθίσας

347 1475 550 1545 αὐτὴν
583 1472 805 1543 χάρακα
857 1469 1186 1540 περιέϐαλεν
1232 1469 1342 1522 ἀπό
1378 1485 1438 1520 τε
1491 1466 1834 1537 Βλαχερνῶν,
1869 1465 1966 1520 καὶ

377 1565 543 1636 μέχρι
571 1565 672 1633 τῆς
716 1562 1023 1632 λεγομένης
1086 1561 1294 1631 πόρτης
1335 1559 1582 1628 Χρυσῆς,
1636 1559 1734 1612 καὶ
1781 1558 1963 1612 ὲλπίσι

377 1657 655 1728 μετέωρος
686 1655 784 1720 ὢν,
824 1652 1060 1723 ἀπονητὶ
1091 1652 1311 1715 πάντως
1360 1652 1522 1706 ἑλεῖν.
1576 1652 1731 1704 Ἐπεὶ
1785 1651 1840 1704 δὲ
1870 1652 1968 1722 τήν

371 1766 435 1802 τε
465 1750 574 1802 τῶν
601 1747 822 1818 τειχῶν·
847 1745 1160 1816 κατέμαθεν
1205 1744 1531 1815 ὀχυρότητα,
1563 1744 1663 1815 τήν
1687 1760 1748 1796 τε
1777 1744 1842 1796 ὲκ
1872 1741 1966 1795 τοῦ

373 1841 614 1913 πλήθους
643 1840 736 1894 καὶ
761 1839 872 1892 τῶν
900 1838 1247 1909 πετροϐόλων
1295 1837 1619 1904 ἀσφάλειαν,
1662 1834 1773 1888 τῶν
1815 1835 1967 1888 ἐλπί-

2140 1188 2329 1244 Mense
2353 1203 2520 1258 porro
2548 1188 2819 1258 Augusto,
2845 1189 3067 1246 Simeon
3095 1190 3363 1262 Bulgaria
3392 1193 3648 1264 princeps

2067 1284 2335 1339 adversus
2363 1283 3014 1355 Romanos,.co-mparato
3050 1285 3296 1339 exercitu
3329 1300 3455 1340 cum
3502 1289 3650 1340 mul-

2055 1375 2305 1429 titudine
2325 1374 2499 1444 gravi,
2529 1373 3065 1443 Constantinopolim
3085 1375 3337 1443 appulit,
3364 1385 3420 1431 et
3445 1378 3643 1432 vallea

2067 1465 2390 1520 Blachernis
2441 1464 2507 1518 ad
2541 1473 2758 1534 portam
2809 1464 3055 1536 Chrysen
3108 1474 3358 1520 vocatam
3401 1468 3642 1523 circum-

2069 1559 2259 1624 ducto,
2301 1559 2490 1613 urbem
2523 1559 2777 1614 obsedit:
2808 1559 3022 1630 alisque
3047 1560 3161 1630 spei
3185 1575 3297 1615 suae
3331 1560 3386 1615 in
3417 1562 3652 1618 sublime

2053 1649 2246 1705 elatus
2275 1650 2634 1704 subacturum
2664 1650 2893 1704 omnino
2942 1649 3096 1705 nullo
3129 1650 3324 1706 labore
3360 1653 3653 1722 promitte-

2061 1740 2178 1795 bat.
2224 1739 2480 1795 Probatis
2517 1750 2700 1795 autem
2747 1741 2812 1795 in.
2836 1741 3131 1796 adversum
3167 1743 3434 1798 moenium
3467 1746 3653 1800 muni-

2066 1834 2288 1898 mentis,
2321 1833 2586 1902 urbisque
2634 1850 2700 1888 ex
2730 1835 2918 1904 populi
2959 1835 3116 1906 copia
3155 1842 3211 1891 et
3257 1836 3530 1893 machinis
3567 1853 3654 1893 se-

369 1903 482 1988 Btm;
515 1933 764 2003 σφαλεὶς,
797 1935 856 1986 ἐν
904 1931 982 2002 τῷ
1009 1903 1304 2001 ’λεγομένῳ
1343 1929 1588 1999 Ἑϐδόμῳ
1622 1929 1962 1998 ὑπέστρεψεν

2070 1926 2302 1979 caritate
2323 1940 2417 1980 :ac.
2432 1925 2686 1994 praesidio
2732 1903 3077 1996 conspecto,
3114 1943 3212 1998 spe
3253 1929 3538 1998 deceptus,
3591 1930 3651 1986 in

370 2025 658 2098 εἰρηνικὰς
692 2022 931 2085 σπονδὰς
973 2021 1363 2092 αἰτησάμενος.
1411 2020 1534 2074 Τῶν
1564 2019 1620 2074 δὲ
1651 2020 1964 2090 ἐπιτρόπων

370 2119 733 2192 τὴν-εἰρήνην
787 2116 1170 2187 ἀσμενέστατα
1217 2113 1662 2184 ἀποδεξαμένων,
1697 2115 1964 2169 ἀποστέλ-

374 2213 461 2268 λει
490 2211 721 2283 Συμεὼν
774 2209 1056 2280 Θεόδωρον
1091 2208 1396 2278 μάγιστρον
1431 2206 1598 2260 αὑτοῦ
1635 2205 1965 2274 συλλαλῆσαι

379 2307 454 2360 τὰ
499 2307 594 2375 τῆς
645 2303 896 2374 εἰρήνης.
971 2300 1404 2371 Ἀναλαϐόμενος
1453 2299 1511 2352 δὲ
1551 2299 1581 2350 ὁ
1623 2298 1965 2370 πατριάρχης

383 2394 666 2455 Νικόλαος,
721 2393 820 2448 καὶ
855 2391 1150 2459 Στέφανος,
1201 2390 1298 2442 καὶ
1352 2387 1608 2457 Ἰωάννης
1666 2387 1966 2460 μάγιστρος

375 2490 467 2544 πᾶν
493 2486 717 2556 βασιλέα
749 2480 916 2556 ἦλθον
972 2482 1133 2552 μέχρι
1169 2481 1279 2534 τῶν
1326 2480 1668 2552 Βλαχερνῶν,
1716 2481 1810 2534 καί⁵
1855 2482 1968 2534 εἰσ-

359 2580 583 2652 ήγαγον
628 2579 754 2641 τοὺς
783 2576 879 2632 δύο
905 2575 1054 2640 υἱοὺς
1111 2573 1354 2646 Συμεὼν,
1386 2575 1482 2628 καὶ
1514 2574 1965 2644 συνειστιάθησαν

368 2671 451 2744 τῷ
477 2670 692 2742 βασιλεῖ
719 2670 779 2722 ὲν
818 2669 932 2733 τοῖς
957 2667 1260 2725 παλατίοις.
1291 2665 1562 2739 Νικόλαος
1598 2667 1655 2718 δὲ
1699 2668 1726 2720 ὁ
1766 2683 1964 2735 πατρι-

369 2766 550 2837 άρχης
590 2759 725 2835 ἦλθε
778 2761 916 2832 πρὸς
944 2758 1195 2830 Συμεὼν,
1224 2750 1377 2826 ᾧτινι
1403 2758 1505 2830 τὴν
1567 2758 1810 2828 κεφαλὴν
1859 2759 1965 2811 ὑπ-

371 2855 587 2911 ἐκλινεν
627 2851 877 2924 Συμεών.
923 2853 1108 2924 Εὺχὴν
1139 2847 1233 2906 οῦν
1261 2853 1289 2904 ὁ
1311 2850 1652 2921 πατριάρχης
1707 2853 1963 2920 ποιήσας,

373 2945 499 2998 ἀντὶ
530 2943 844 3014 στέμματος
901 2940 1013 3011 (15)
1070 2941 1130 2994 τὸ
1184 2938 1380 2992 ἑαυτοῦ
1443 2939 1868 3011 ὲπιῤῥιπτάριον
1895 2941 1962 3010 τῇ

371 3032 574 3089 ἑαυτοῦ
602 3031 874 3100 ἐπέθηκεν
903 3029 1138 3099 κεφαλῇ.
1186 3027 1392 3099 Δώροις
1424 3024 1518 3080 οὖν
1565 3027 1828 3099 ἀμέτροις
1872 3028 1965 3082 καὶ

377 3124 658 3196 μεγίστοις
714 3116 1208 3193 φιλοφρονηθέντες
1263 3121 1292 3174 ὃ
1359 3138 1418 3173 τε
1467 3120 1696 3190 Συμεὼν
1771 3121 1866 3173 καὶ
1915 3121 1966 3174 οἱ

372 3216 566 3270 τούτου
596 3214 705 3267 υἱοὶ
744 3214 825 3276 εἰς
854 3213 954 3284 τὴν
987 3212 1127 3266 ἰδίαν
1166 3209 1356 3283 χώραν
1383 3211 1756 3284 ὑπέστρεψαν,
1789 3211 1968 3282 ἀσύμ-

374 3324 546 3376 φωνοι
603 3301 699 3360 ἐπὶ
735 3308 803 3378 τῇ
844 3306 1120 3378 εἰρημένῃ
1163 3306 1372 3376 εἰρήνῃ
1427 3305 1794 3369 διαλυθέντες.
1856 3304 1964 3359 Τοῦ

374 3395 643 3472 βασιλέως
690 3392 785 3452 οὖν
815 3397 1232 3452 Κωνσταντίνου
1270 3395 1365 3450 ἆτε
1420 3397 1612 3461 παιδὸς
1662 3397 1836 3463 ὄντος,
1873 3399 1966 3452 καί

372 3488 480 3566 τὴν
504 3489 646 3546 ἰδίαν
678 3490 892 3562 μητέρα
926 3489 1311 3560 ἐπιζητοῦντος
1345 3489 1468 3560 (ήδη
1497 3491 1606 3561 γὰρ
1638 3490 1846 3560 ταύτην
1871 3489 1964 3544 τοῦ

373 3581 641 3640 tralaticia
685 3582 1004 3652 κατήγαγεν
1043 3580 1395 3650 Ἀλέξανδρος
1426 3581 1455 3633 ὁ
1491 3580 1790 3651 βασιλεὺς),
1813 3581 1963 3634 ⁴δινα-

376 3677 697 3742 ϐιϐάζουσιν
727 3675 888 3728 πάλιν
913 3674 1107 3743 αὐτήν.
1141 3673 1292 3744 Αὐτὴ
1318 3668 1411 3727 οῦν
1438 3673 1780 3746 περικρατὴς
1807 3691 1964 3743 γενο-

376 3767 520 3840 μένη
582 3765 687 3838 τῆς
752 3764 1032 3836 βασιλείας
1084 3765 1404 3830 ἀναϐιϐάζει
1452 3768 1531 3829 εἰς
1583 3767 1648 3820 τὸ
1703 3767 1965 3821 παλάτιον

374 3859 818 3923 Κωνσταντῖνον,
851 3855 1376 3928 παρακοιμὼμενον,
1405 3857 1500 3912 καὶ
1529 3859 1964 3924 Κωνσταντῖνον,

343 3997 356 4000 ..
376 3949 478 4008 καὶ
525 3949 881 4004 ’Δναστάσιον
904 3947 1292 4016 αὺταδέλφους,
1316 3947 1442 4011 τοὺς
1469 3947 1797 4018 λεγομένους
1827 3948 1964 4018 Γογ-

378 4041 623 4112 γυλίους,
658 4043 754 4096 καὶ
787 4044 853 4112 τῇ
895 4039 1062 4112 βουλῇ
1099 4039 1351 4094 Ἰωάννου
1382 4039 1475 4095 τοῦ
1519 4041 1718 4096 Ἐλαδᾶ
1739 4041 1969 4096 καταϐι-

343 4139 346 4143 ’
381 4133 640 4198 ϐάζουσιν
669 4133 795 4195 τοὺς
826 4131 1060 4194 οἰκείους
1095 4131 1447 4202 Ἀλεξάνδρου
1477 4130 1744 4202 βασιλέως
1785 4132 1970 4188 Ἰωάν-

380 4243 480 4300 νην
506 4225 600 4279 τὺν
625 4225 929 4296 ῥαίκτωρα,
959 4224 1168 4278 καὶτὸν
1189 4223 1482 4294 λεγόμενον
1510 4224 1965 4295 Γαϐριλόπουλον,

381 4321 479 4376 καὶ
509 4318 864 4388 Βασιλίτζην,
909 4317 1005 4371 καὶ
1033 4318 1158 4382 τοὺς
1181 4316 1429 4381 λοιπούς.
1465 4317 1884 4388 Προχειρίζεται
1905 4319 1968 4374 δὲ

341 4398 349 4403 ’
379 4412 505 4483 Ζωὴ
532 4411 819 4479 Αὑγοῦστα
852 4409 1231 4478 Θεοφύλακτον
1259 4409 1546 4479 Δομίνικον
1586 4408 1966 4481 ἑταιριάρχην.

392 4505 647 4574 Ἰωάννης
671 4503 727 4556 δὲ
765 4505 794 4558 ὁ
835 4501 1058 4566 Ἔλαδᾶς
1087 4503 1229 4572 νόσῳ
1261 4500 1574 4572 περιπεσὼν
1593 4501 1882 4556 κατελθὼν
1905 4503 1970 4555 ἐκ

2071 2011 2250 2067 locum
2311 2013 2654 2073 Hebdomum
2689 2012 2896 2069 dictum
2926 2017 3079 2085 pacis
3103 2017 3394 2073 oblaturus
3419 2017 3649 2082 hedera,

2069 2120 2326 2160 reversus
2383 2112 2484 2160 est.
2543 2105 3004 2163 Procuratoribus
3058 2123 3248 2177 parem
3298 2109 3538 2165 oblatam
3579 2111 3650 2165 li-

2072 2193 2263 2248 benter
2319 2196 2746 2265 excipientibus,
2794 2196 3015 2252 Simeon
3077 2196 3426 2254 Theodorum
3475 2201 3652 2272 magi-

2071 2295 2245 2340 strum
2301 2287 2370 2341 de
2414 2288 2506 2342 illa
2544 2296 2900 2344 tractaturum
2933 2289 3108 2344 misit.
3166 2289 3429 2348 Nicolaus
3463 2302 3650 2350 autent

2071 2377 2403 2446 patriarcha,
2433 2377 2768 2450 Stephanus,
2795 2389 2850 2435 et
2875 2379 3116 2436 Joannes
3143 2383 3428 2454 magister,
3481 2386 3655 2457 impe-

2071 2479 2254 2526 ratore
2297 2485 2486 2527 secum
2543 2473 2732 2538 ducto,
2761 2472 3339 2546 .Blachernas-usque
3396 2478 3650 2548 profecti,

2071 2561 2213 2618 lilios
2236 2563 2510 2618 Simeonis
2556 2564 2806 2632 geminos
2845 2565 3182 2621 induxerunt
3211 2568 3267 2622 in
3302 2569 3518 2637 urbem,
3553 2572 3654 2641 qui

2073 2652 2126 2706 in
2187 2655 2403 2722 palatiis
2452 2671 2561 2712 una
2607 2671 2732 2713 cum
2781 2657 3118 2727 imperatore
3173 2662 3449 2717 convivati
3497 2675 3651 2720 aunt.

2070 2742 2294 2800 Nicolao
2348 2761 2478 2801 vero
2523 2749 2850 2817 patriarchae
2881 2749 2948 2804 ad
2989 2750 3300 2808 Simeonem
3347 2756 3652 2824 accedenti,

2077 2837 2194 2907 ipse
2221 2838 2442 2894 Simcon
2481 2849 2648 2910 caput
2687 2839 2919 2896 inﬂexit.
2953 2840 3273 2900 Patriarcha
3304 2845 3472 2916 igitur
3491 2865 3656 2918 super

2071 2947 2196 2987 eum
2223 2930 2527 2985 orationem
2563 2930 2812 2996 fusurus,
2861 2934 3176 2990 stemmatis
3219 2937 3336 2992 vice
3370 2940 3652 3009 proprium

2073 3021 2270 3100 capitis
2309 3030 2682 3092 tegumentum
2736 3023 2856 3092 ejus
2913 3026 3176 3095 imposuit
3236 3029 3424 3100 capiti.
3486 3031 3655 3088 Donis

2074 3097 2262 3184 itaque
2296 3113 2581 3170 immensis
2604 3124 2659 3170 et
2687 3131 2851 3184 quam
2879 3117 3134 3174 maximis
3158 3097 3393 3190 excepti,
3429 3122 3652 3179 Simeon

2073 3217 2127 3261 et
2163 3205 2282 3276 ejus
2309 3206 2404 3259 lilii
2442 3206 2496 3259 in
2546 3207 2784 3275 patriam
2826 3209 3034 3266 reversi
3089 3221 3238 3278 sunt,
3301 3213 3368 3268 ad
3418 3213 3652 3272 invicem

2045 3298 2352 3354 discordes
2389 3287 2462 3353 oh
2503 3297 2742 3368 prmfatie
2789 3300 2940 3369 pacis
2968 3302 3339 3359 conditiones.
3377 3306 3654 3362 Constan-

2041 3391 2183 3448 .tino
2212 3391 2382 3459 igitur
2406 3392 2878 3460 itnperatore,ceu
2908 3407 3077 3461 puero
3105 3397 3380 3464 propriam
3412 3406 3646 3453 matrem

2067 3481 2402 3548 requirente,
2435 3497 2556 3537 eam
2590 3482 2738 3537 enim
2771 3483 2932 3553 longe
2955 3484 3110 3553 prius
3137 3485 3452 3542 Alexander
3474 3489 3653 3559 impe-

2066 3583 2219 3646 rator
2266 3583 2573 3638 amoverat,
2604 3590 2799 3632 rursus
2827 3576 2882 3630 in
2917 3577 3180 3646 palatium
3211 3578 3568 3636 induxerunt.
3592 3582 3653 3637 In

2067 3661 2216 3718 hunc
2248 3666 2472 3719 modum
2529 3665 2622 3720 illa
2672 3665 2885 3738 imperii
2931 3683 3185 3738 compos,
3227 3669 3652 3730 Constantinum

2048 3757 2462 3825 .accuhitorem,
2501 3759 2670 3816 alium
2702 3760 3147 3830 Constantinum,
3210 3773 3266 3820 et
3288 3765 3649 3823 Anastasiunt

2068 3845 2280 3904 fratres.
2303 3858 2670 3922 cognomento
2690 3849 2987 3920 Gongylios
3013 3852 3068 3908 in
3095 3852 3360 3923 palatium
3393 3857 3650 3923 accersit,

2049 3937 2283 4008 rejectis,
2305 3936 2535 3994 Joannis
2564 3939 2747 3995 Eladae
2779 3941 3034 4007 consilio,
3075 3942 3380 4000 Alexandri
3402 3945 3652 4016 impera-

2071 4031 2206 4085 toris
2236 4030 2552 4087 domesticis
2576 4045 2630 4087 et
2651 4032 3040 4102 familiaribus,
3069 4034 3558 4105 Joannc'rcctore,
3583 4048 3652 4093 let

2069 4120 2482 4192 Gabrielopulo,
2523 4134 2576 4179 et
2631 4124 2911 4194 Basilitze,
2945 4136 3001 4182 et
3044 4127 3426 4186 caeteris..Zoe
3461 4139 3650 4185 autem

2069 4213 2313 4284 Augusta
2346 4217 2816 4288 TheOphylactum
2858 4219 3207 4278 Dominicum
3236 4222 3650 4279 hetaeriarcham

2070 4307 2332 4365 instituit.
2357 4308 2603 4366 Joannes
2634 4319 2817 4366 autem
2852 4312 3269 4370 Eladasmorbo
3294 4324 3578 4384 correptus
3597 4325 3654 4371 et

2069 4400 2273 4470 palatio
2304 4402 2611 4471 digressus,
2673 4419 2801 4460 cum
2827 4404 2896 4459 ad
2930 4404 3265 4465 Blaclternas
3299 4408 3648 4476 appulisset,

2037 4494 2265 4549 -.morbo
2313 4495 2729 4566 ingravescente
2773 4499 3028 4554 moritur.
3084 4497 3350 4555 Dominici
3397 4514 3561 4569 porro
3597 4513 3654 4557 et.

379 4596 476 4649 τοῦ
538 4595 832 4660 παλατίου,
883 4594 979 4647 καὶ
1032 4595 1091 4646 ὲν
1146 4594 1476 4664 Βλαχέρναις
1528 4593 1965 4664 παραγενόμενος

2077 4585 2319 4655 ejusdem
2375 4587 2575 4642 mentis
2636 4587 2920 4643 hominum
2999 4589 3235 4646 consilio
3281 4605 3427 4646 cum
3477 4592 3654 4652 animi

381 4687 492 4742 ὑπὸ
536 4688 636 4758 τῆς
682 4687 841 4741 νόσου
899 4685 1260 4756 βαρυνθείσης
1311 4683 1560 4756 τελευτᾷ.
1593 4684 1879 4755 Συμϐουλῇ
1911 4685 1968 4738 δὲ

378 4779 671 4849 Δομινίκου
692 4777 803 4848 (14)
825 4778 939 4848 ἅμα
954 4779 1065 4840 τοῖς
1101 4776 1196 4829 σὺν
1219 4775 1387 4847 αὐτῷ,
1423 4775 1541 4848 μετ’
1572 4776 1744 4847 ὀργῆς
1773 4776 1840 4829 τὰ
1868 4775 1969 4847 τῆς

385 4870 524 4933 ἰδίας
579 4868 908 4942 Ἐκκλησίας
958 4869 1415 4941 περιποιούμενον
1449 4869 1751 4943 [βασιλείας
1811 4861 1969 4941 περι-

381 4959 732 5033 ποιουμένη],
758 4961 850 5015 καὶ
866 4960 1173 5032 φροντίζειν
1186 4960 1436 5016 εἰποῦσα.
1457 4961 1563 5016 Τοῦ
1583 4960 1639 5015 δὲ
1659 4960 1970 5032 Βουλγάρου

382 5047 613 5119 Συμεὼν
654 5050 753 5121 τὴν
797 5049 1020 5122 Θρᾴκην
1049 5049 1213 5104 πάλιν
1265 5047 1590 5121 ληϊζομένου
1632 5052 1692 5105 ὲν
1726 5050 1969 5121 φροντίδι

380 5139 553 5211 οὔσης
597 5141 913 5213 Δύγούστης
942 5141 1038 5196 καὶ
1069 5142 1177 5196 τῶν
1208 5143 1266 5196 ἐν
1298 5143 1464 5209 τέλει,
1488 5143 1637 5208 ὅπως
1667 5143 1844 5198 αὐτὸν
1873 5146 1972 5214 τῆς

383 5231 708 5297 ἀλαζονείας
773 5233 1081 5302 παύσωσιν,
1129 5234 1370 5306 ᾐτήσατο
1408 5235 1662 5307 Ἰωάννης
1706 5238 1736 5290 ὁ
1786 5236 1969 5304 Βαγᾶς

2059 4677 2313 4734 .elatione
2339 4678 2592 4736 Ecclesiae
2613 4679 2964 4750 (reipublicae)
2989 4681 3514 4738 administrationem
3548 4683 3654 4739 sibi

2076 4771 2367 4842 arrogabat
2385 4770 2562 4843 ,491
2581 4770 2706 4830 Ζοο,
2721 4780 2774 4827 et
2797 4787 2995 4831 curare
3025 4773 3368 4842 sejactabat.
3389 4774 3656 4832 Simeone

2074 4877 2206 4918 vero
2261 4862 2622 4933 Bulgarorum
2649 4865 2893 4935 principe
2928 4863 3218 4926 Thraciam
3243 4866 3656 4926 .iterumdeva-

2075 4962 2278 5022 Stante,
2305 4954 2554 5024 Augusta
2589 4965 2672 5011 aet
2732 4956 2948 5026 imperii
3010 4965 3268 5027 proceres
3299 4957 3368 5016 de
3401 4957 3527 5027 ejus
3563 4957 3653 5026 ja-

2063 5049 2284 5105 ctantia
2329 5047 2678 5119 reprimenda
2711 5049 3055 5119 etplacanda
3090 5057 3248 5106 erant
3275 5048 3522 5104 solliciti.
3551 5046 3653 5103 llis

2077 5139 2569 5213 cognitisJoannes
2601 5142 2775 5214 Bagas
2801 5142 3263 5213 expetiitpatricii
3299 5141 3648 5214 dignitatem,

2076 5240 2133 5288 et
2154 5233 2201 5289 si
2241 5233 2518 5304 postulata
2553 5243 3004 5305 consequeretur,
3035 5234 3355 5291 Patzinaces
3381 5232 3652 5290 adductu-

1484 5391 1750 5449 FRANCr
1771 5389 2160 5450 COMBEFISII
2192 5390 2426 5449 NOTE.

382 5525 615 5589 πολλοὺς
645 5525 754 5578 τῶν
789 5526 1167 5596 συγκλητικῶν
1195 5542 1317 5582 cum
1348 5526 1514 5584 Cedr.
1543 5528 1744 5584 Multos
1777 5544 1961 5597 proce-

385 5615 495 5663 res,
553 5597 744 5649 multos
787 5600 1041 5652 senatorii
1089 5597 1293 5652 ordinis
1347 5600 1577 5654 occisuri
1631 5611 1805 5657 erant.
1837 5601 1960 5656 Mox

384 5669 578 5730 iidem,
613 5667 821 5737 καὶτὸν
857 5669 973 5720 υἱὸν
1002 5668 1175 5737 αὐτῆς
1206 5669 1501 5737 Στέφανον.

463 5737 574 5808 (l5)
599 5735 819 5791 Addunt
864 5739 982 5815 alii,
1037 5735 1335 5815 ὥςφασιζ
1376 5751 1435 5794 ιιι
1494 5755 1607 5796 rem
1652 5741 1770 5815 sola
1813 5742 1960 5815 vulgi

387 5808 538 5862 fama
573 5818 778 5873 notam,
805 5809 1096 5878 minusque
1124 5811 1464 5879 exploratam
1487 5812 1802 5868 ostendant.

2143 5529 2256 5601 (Η)
2287 5527 2416 5601 Post
2448 5530 2738 5601 Δομινίκου
2789 5529 2973 5601 suppl.
3012 5543 3078 5583 ex
3112 5527 3260 5601 aliis,
3293 5527 3648 5601 ἑταιριάρχου

2071 5599 2457 5680 καταϐιϐάζειὴ
2481 5599 2628 5680 Ζωὴ.
2655 5599 2928 5680 Νικόλαον
2950 5600 3320 5680 ιπατριάρχην
3365 5599 3482 5680 αμα
3514 5603 3646 5680 ’τοις

2071 5671 2172 5723 σὺν
2203 5669 2373 5726 αὐτῶ.
2417 5668 2678 5726 Οοηιίἠίσὶ
2711 5668 3331 5726 Ιιειιενὶανείρωσυίισίιίο
3364 5668 3652 5724 Nicolaum

2071 5689 2172 5723 συν
2203 5689 2304 5723 αυτ
2326 5689 2373 5724 ι).
2417 5689 2678 5726 uommtct
2711 5689 3079 5726 nemmarcmz
3105 5689 3331 5724 consitio
3364 5689 3652 5724 "recurunt

2070 5689 2459 5814 patriarcjtanr
2507 5745 2634 5814 null:
2693 5743 2858 5811 ejicit.
2914 5757 3032 5796 cum
3079 5741 3447 5814 indignatione
3473 5739 3652 5797 dicens

2072 5821 2127 5866 ut
2167 5827 2246 5865 res
2268 5827 2378 5866 sua:
2416 5811 2666 5868 Ecclesia:
2707 5821 2940 5868 curaret.
3125 5820 3132 5828 '
