4100 6444
512 334 653 406 ῙΙΞῚ

1747 333 2028 397 LEONIS
2056 333 2545 396 GRAMMATICI

3646 332 3780 398 1123

510 465 632 506 rum
674 463 734 505 se
760 447 1168 520 pollicebatur:
1211 443 1519 514 deletisque
1556 456 1745 499 secum
1772 441 2096 496 muneribus

2216 441 2460 511 revisent
2487 442 2778 510 πατρίκιος
2819 442 2955 517 (l5),
3000 442 3370 515 ὑποσχόμενος
3403 444 3636 516 ἀγαγεῖν
3680 446 3780 499 Πα-

510 547 567 601 in
616 541 969 599 Patzinaeam
1018 540 1300 611 regionem
1334 537 1617 609 prolectus
1645 544 1749 592 est.
1798 532 2101 590 Obsidibus

511 637 640 694 inde
666 634 943 701 abductis,
975 648 1100 688 cum
1153 631 1263 686 illis
1303 632 1355 685 iu
1389 630 1582 685 urbem
1624 626 1839 699 appulit
1872 645 1886 681 :
1918 623 2102 680 Patzi-

515 729 742 786 nacibus
773 729 1032 798 trajicere
1083 725 1196 797 jam
1225 722 1510 795 pollicitis,
1561 732 1617 778 et
1649 720 1965 777 Simeonem
2007 720 2102 775 de-

516 823 743 879 bellare.
799 821 1045 876 Acccssit
1074 819 1241 872 etiam
1277 816 1344 872 ad
1380 816 1571 871 urbem
1606 814 1858 880 Asotius,
1888 812 1972 868 vir
2007 828 2102 884 pe-

514 916 641 971 ritia
704 910 1177 969 uominatissimus
1234 907 1505 980 principis
1562 907 1876 978 principum
1931 904 2100 972 ﬁlius,

512 1023 676 1079 quem
704 1006 929 1097 virgam,
965 1002 1202 1059 ferream
1253 1002 1471 1058 duabus
1525 998 1970 1056 extremitatibus
2002 1012 2100 1068 ap-

514 1102 843 1173 prehensam
873 1089 1150 1153 t'eneutem
1184 1094 1256 1151 ob
1286 1094 1457 1149 robur
1496 1091 1763 1147 invictum
1802 1089 2101 1154 inﬂexisse,

512 1207 569 1253 et
592 1196 660 1252 ad
687 1194 1024 1251 circularem
1051 1191 1287 1264 ﬁguram
1333 1187 1652 1245 traduxisse
1689 1193 1939 1251 narrant,
1974 1183 2105 1239 ferri

514 1291 721 1347 duritia
752 1286 1168 1356 reuitentiaque
1208 1282 1451 1340 naturali
1493 1281 1681 1339 robori
1712 1294 1976 1335 manuum
2009 1278 2109 1333 ob-

517 1392 730 1438 secuta.
777 1380 915 1434 Eum
947 1375 1330 1432 advenientem
1362 1373 1537 1431 multo
1583 1387 1709 1430 cum
1757 1371 1968 1428 honore
2011 1384 2107 1424 cx-

516 1481 804 1543 ceperunt,
838 1479 894 1525 et
921 1470 1040 1541 pari
1074 1466 1553 1540 congratulatione
1594 1465 1651 1520 in
1706 1462 1981 1535 propriam
2012 1476 2104 1518 re-

515 1566 738 1636 gionem
795 1561 1000 1617 iterum
1045 1559 1400 1615 remiserunt.
1434 1555 1745 1628 Septembri
1774 1568 1986 1620 mense,
2018 1552 2108 1607 in-

518 1655 777 1712 dictionis
810 1653 1005 1722 tertiae,
1055 1650 1435 1706 Pancrutucas
1486 1647 1786 1704 Armenius
1833 1645 2106 1700 Adriano-

2205 532 2515 599 τζινὰκους.
2551 533 2663 606 Τῆς
2715 536 2990 607 αἰτήσεως
3048 535 3250 609 τυχὼν,
3301 537 3451 606 δῶρά
3508 554 3567 591 τε
3617 537 3784 592 πολλὰ

2204 624 2386 680 λαόὼν
2417 628 2498 690 είς
2518 624 2617 696 τὴν
2654 626 2762 679 τῶν
2793 628 3149 692 Πατζινάκων
3195 629 3379 702 χώραν
3426 627 3596 700 ἀπῄει
3617 643 3632 658 ο
3690 627 3786 683 καὶ

2204 718 2269 791 δή
2308 720 2553 789 ὁμήρους
2600 718 2810 773 ἐκεῖθεν
2843 719 3048 784 λαϐὼν,
3112 721 3319 791 ήγαγεν
3374 724 3433 775 ὲν
3484 723 3552 793 τῇ
3611 720 3783 786 πόλει,

2208 807 2555 879 συνθεμένων
2599 809 2708 863 τῶν
2753 807 3112 875 Πατζινάκων
3143 808 3497 879 διαπερᾶσαι,
3556 808 3651 863 καὶ
3696 806 3787 862 τὸν

2206 902 2435 974 Συμεὼν
2471 903 2952 976 καταπολεμῆσαι.
2990 904 3409 977 Παρεγένετοδὲ
3437 906 3494 959 ἐν
3531 905 3597 976 τῇ
3638 902 3787 958 πόλει

2207 998 2301 1052 καὶ
2326 996 2608 1065 Ἀσὼτιος,
2638 998 2777 1071 ἀνὴρ
2804 999 3072 1074 ἐμπειρία
3093 998 3544 1071 ὀνομαστότατος,
3574 998 3687 1061 υἱὸς
3713 995 3788 1051 ὢν

2205 1090 2302 1147 τοῦ
2336 1090 2598 1164 ἄρχοντος
2628 1090 2738 1146 τῶν
2762 1091 3065 1164 ἀρχόντων.
3088 1093 3148 1146 ὃν
3180 1108 3312 1162 φασι
3335 1091 3563 1164 σιδηρᾶν
3597 1092 3790 1165 ῥάϐδον

2206 1186 2273 1240 ὲκ
2292 1185 2402 1241 τῶν
2428 1185 2617 1259 ἄκρων
2652 1185 2948 1257 ἑκατέραις
2977 1185 3137 1258 χερσὶ
3190 1185 3497 1256 κρατοῦντα
3524 1188 3589 1258 τῇ
3624 1186 3793 1258 ὕπερ-

2207 1276 2488 1353 ὁαλλούσῃ
2533 1278 2676 1350 ἀλκῇ
2714 1277 3107 1349 διακάμπτειν,
3137 1279 3233 1332 καὶ
3258 1279 3399 1350 πρὸς
3425 1278 3489 1332 τὸ
3534 1278 3793 1333 κυκλικὸν

2208 1372 2398 1444 σχῆμα
2436 1369 2699 1441 μετάγειν
2728 1371 2827 1442 τῆς
2862 1371 3162 1425 ἀντιτύπου
3190 1370 3288 1426 τοῦ
3331 1372 3551 1444 σιδήρου
3578 1371 3795 1443 φύσεως

2207 1462 2275 1530 τῇ
2327 1459 2419 1530 βίᾳ
2464 1458 2574 1513 τῶν
2607 1460 2808 1531 χειρῶν
2836 1460 3174 1533 ὑπεικούσης
3204 1478 3219 1494 ο
3249 1461 3310 1516 6v
3347 1464 3795 1534 παραγενόμενον

2213 1552 2357 1623 μετά
2392 1551 2595 1621 πολλῆς
2644 1550 2815 1624 τιμῆς
2869 1552 3219 1619 ὑπεδέξαντο,
3258 1554 3357 1609 καὶ
3388 1553 3551 1609 πάλιν
3579 1556 3660 1620 εις
3695 1553 3795 1626 τὴν

2214 1643 2354 1698 ἰδίαν
2405 1641 2591 1716 χώραν
2640 1643 2986 1715 ἐξέπεμψαν.
3046 1645 3410 1718 Σεπτεμϐρίῳ
3481 1645 3615 1717 μηνὶ
3671 1645 3797 1701 ινδι-

520 1748 689 1818 polim
719 1744 967 1801 Simeoui
997 1742 1265 1813 prodidit.
1310 1741 1468 1797 Haud
1515 1740 1607 1796 diu
1663 1747 1807 1810 post,
1866 1736 2106 1796 Basilius

2216 1734 2443 1799 κτιῶνος
2507 1734 2700 1808 τρίτης
2775 1736 3237 1806 Παγκρουτούκας
3296 1738 3327 1790 6
3374 1736 3651 1810 ’Δρμένης
3676 1738 3799 1809 ,τὴν

521 1839 807 1910 patricius,
836 1836 1190 1901 etCanicles,
1246 1847 1300 1892 et
1347 1834 1570 1891 Niretas
1626 1832 2109 1905 protospatbarius

521 1930 840 1988 Helladicus
869 1944 998 1985 cum
1045 1928 1208 1987 donis
1249 1927 1442 1983 multis
1489 1927 1558 1983 ad
1604 1925 1922 1982 Simeonem
1953 1923 2108 1981 missi

522 2033 678 2090 sunt,
708 2024 809 2095 qui
840 2021 1034 2077 urbem
1068 2021 1267 2075 iterum
1302 2020 1357 2074 in
1402 2034 1560 2077 suam
1585 2025 1919 2089 potestatem
1951 2030 2108 2071 rece-

517 2124 745 2186 perunt.
777 2114 836 2170 In
857 2113 1176 2185 Strobylum
1203 2112 1372 2168 etiam
1390 2112 1627 2167 insulam
1644 2108 2111 2175 Ameras,bellicis

451 2252 458 2263 .
519 2206 753 2261 naribus
779 2201 1042 2275 plurimis
1088 2201 1404 2271 virtuteque
1425 2216 1535 2255 non
1564 2199 1779 2255 modica
1806 2198 2111 2257 instructus

517 2297 773 2369 appulit:
805 2310 1042 2366 eamque
1069 2292 1306 2364 cepisset
1334 2333 1350 2359 ,
1410 2292 1518 2349 nisi
1549 2292 1739 2363 lapsus
1770 2291 1826 2346 in
1857 2291 2110 2347 morbum

519 2390 774 2446 obiisset.
827 2387 1054 2444 Graecia:
1080 2396 1265 2443 autem
1304 2394 1361 2441 et
1387 2385 1725 2439 Athenarum
1762 2382 1954 2439 incola:
1982 2397 2115 2437 con-

520 2482 695 2537 tinuis
747 2497 779 2536 a
824 2479 1008 2537 Chasc
1091 2479 1208 2535 tilio
1257 2477 1415 2535 Juba
1461 2476 1683 2533 damnis
1725 2476 1929 2543 aﬂ‘ecti,
1989 2475 2114 2546 ejus

519 2575 714 2631 luxum
744 2586 797 2630 et
825 2571 1211 2642 ineXplebilem
1260 2571 1620 2643 cupiditatem
1676 2569 1824 2626 ferre
1877 2585 1988 2626 non
2024 2586 2115 2624 va-

520 2670 717 2735 lentes,
781 2667 1059 2738 lapidibus
1104 2667 1364 2723 obrutum
1414 2666 1485 2723 ad
1538 2666 1721 2738 ipsum
1772 2666 2114 2721 Athenarum

520 2763 707 2835 templi
744 2762 1027 2834 penetrale
1056 2761 1200 2817 male
1229 2768 1607 2832 peremerunt.

592 2947 921 3020 lmperatri:
947 2962 1076 3003 vero
1108 2945 1241 3013 Zoe,
1272 2945 1493 3017 cognita
1523 2943 1802 3000 Simeonis
1834 2942 2113 3013 superbia,

518 3053 579 3098 et
600 3041 847 3114 ejusdem
879 3039 1026 3095 odiis
1044 3040 1342 3094 adversum
1368 3036 1718 3093 Christianos
1748 3051 1859 3091 non
1890 3034 2113 3108 ignotis,

518 3136 714 3190 habito
743 3149 866 3190 cum
903 3130 1265 3203 optimatibus
1294 3130 1552 3198 consilio,
1612 3128 1793 3186 fcedus
1839 3140 1895 3184 et
1920 3142 2111 3197 pacem

520 3242 651 3283 cum
707 3225 981 3296 Agarenis
1032 3223 1471 3295 componendam
1542 3222 1770 3286 statuit,
1829 3230 2115 3292 totumque

517 3318 765 3377 Orientis
820 3316 1127 3375 exercitum
1174 3314 1245 3370 ad
1290 3313 1682 3370 debellandum
1716 3322 1773 3370 et
1818 3313 2112 3370 delendum

520 3411 838 3468 Simeonem
866 3406 1295 3463 traducendum.
1326 3404 1532 3462 Missus
1568 3416 1655 3462 est
1693 3414 1877 3461 autem
1923 3406 1980 3461 in
2012 3404 2115 3479 Sy-

520 3500 660 3557 riam
691 3501 756 3554 ad
789 3497 975 3554 fmdus
1003 3498 1307 3556 ineundum
1348 3494 1596 3553 Joannes
1640 3497 1904 3569 patricius
1935 3495 2115 3552 Rade-

521 3608 629 3648 nus
660 3609 676 3646 :
714 3591 945 3646 Michael
970 3605 1101 3645 vero
1129 3588 1382 3645 Toxaras
1418 3590 1475 3644 in
1520 3588 1813 3645 Thraciam
1878 3589 2114 3657 trajecit,

520 3685 791 3756 magistro
819 3681 1002 3737 Leone
1051 3680 1234 3736 Phoce
1268 3680 1561 3737 domestici
1611 3696 1817 3737 munus
1847 3681 2114 3739 obeunte.

523 3779 750 3834 Eductis
778 3785 960 3832 autem
997 3774 1413 3831 venerabilibus
1466 3782 1524 3829 et
1567 3774 1801 3831 viviﬁcls
1862 3774 2025 3845 lignis
2080 3790 2113 3830 a

520 3871 891 3929 Constantino
957 3870 1147 3941 palatii
1205 3869 1495 3926 sacerdote
1546 3870 1814 3940 primore.
1872 3867 2114 3941 Cephala

521 3963 699 4027 dicto,
748 3970 806 4017 et
830 3977 860 4015 a
885 3959 1255 4017 Constantino
1285 3977 1317 4016 e
1357 3961 1574 4017 Malelia
1618 3960 1888 4019 Thracica
1927 3962 2116 4019 cuncti

518 4057 581 4112 in
617 4065 820 4111 terram
847 4054 1130 4125 prostrati,
1175 4053 1305 4109 data
1347 4054 1649 4124 juramenti
1684 4055 1790 4112 tlde
1821 4071 1882 4112 se
1904 4071 2002 4127 pro
2029 4056 2118 4111 in-

524 4151 700 4206 vicem
730 4148 1180 4210 commorituros.
1208 4163 1333 4204 cum
1361 4148 1638 4204 universis
1678 4149 1854 4220 copiis
1903 4150 1959 4205 in
1982 4149 2117 4207 Bul-

525 4258 692 4315 εει-σε
727 4242 1071 4313 irruperunt.
1113 4239 1397 4297 Praeerant
1437 4250 1618 4296 autem
1649 4243 1891 4298 excubiti
1919 4251 2117 4299 turma

522 4335 769 4395 Joannes
789 4332 1065 4405 Grapson,
1090 4332 1320 4399 lcanati,
1354 4331 1588 4388 Marulis
1611 4332 1759 4388 Illius
1784 4349 1799 4386 :
1829 4331 2115 4390 Romanus

2224 1829 2674 1901 ’Δδριανούπολιν
2733 1829 2814 1901 τῷ
2859 1829 3088 1902 Συμεὼν
3143 1831 3508 1904 προδέδωκεν.
3559 1833 3693 1886 Μετ’
3736 1834 3797 1887 ού

2214 1921 2352 1975 πολὺ
2383 1922 2441 1977 δὲ
2483 1919 2871 1993 ἀπεστάλησαν
2905 1922 3188 1986 Βασίλειος
3226 1925 3515 1997 πατρίκιος
3561 1926 3656 1979 καὶ⁸
3701 1942 3801 1979 κα-

2212 2014 2426 2085 νίκλης,
2477 2016 2574 2070 καὶ
2612 2015 2855 2085 Νικήτας
2898 2017 3394 2089 πρωτοσπαθάριος
3423 2017 3456 2071 6
3494 2017 3801 2083 Ἑλλαδικδς

2214 2110 2367 2180 παρὰ
2395 2110 2553 2181 Ζωῆς
2587 2109 2727 2180 μετά
2758 2109 2949 2182 δώρων
2982 2110 3216 2177 πολλῶν,
3251 2112 3346 2166 καὶ
3371 2112 3801 2186 ἀντιπαρέλαδεν

2216 2203 2381 2258 πάλιν
2408 2204 2603 2274 αὑτήν.
2639 2200 2844 2258 Ἦλθεν
2869 2204 2928 2258 δὲ
2958 2204 3053 2258 καὶ
3098 2205 3324 2277 ἀμηρᾶς
3370 2206 3452 2270 εις
3499 2206 3799 2279 Στρόὸηλιν

2215 2297 2381 2366 νῆσον
2412 2297 2554 2364 μετὰ
2581 2297 2786 2351 πλοίων
2811 2297 3131 2370 πολεμικῶν
3150 2300 3246 2352 καὶ
3266 2298 3468 2370 πολλῆς
3484 2300 3788 2372 δυνάμεως.

2216 2391 2312 2445 καὶ⁵
2339 2389 2545 2462 ταύτην
2582 2391 2897 2462 παρέλαὸεν
2927 2391 3014 2456 ἂν,
3046 2393 3096 2444 εί
3134 2391 3211 2464 μὴ
3248 2393 3487 2464 νοσήσας
3518 2391 3800 2464 ἐτελεύτη-

2217 2500 2333 2538 σεν.
2365 2485 2429 2539 Οί
2453 2484 2511 2539 δὲ
2539 2484 2669 2555 τῆς.
2702 2483 2954 2549 Ἑλλάδος
2984 2486 3079 2538 καὶ
3104 2485 3213 2538 τῶν
3254 2484 3497 2555 Ἀθηνῶν
3520 2486 3802 2558 οἰκήτορες

2218 2577 2458 2649 συνεχῶς
2486 2576 2922 2650 ἐπηρεαζόμενοι
2965 2576 3119 2648 παρά
3150 2575 3303 2631 xm
3325 2576 3444 2631 υἱοῦ
3473 2577 3567 2632 τοῦ
3606 2576 3798 2650 Ἰούση.

2214 2671 2318 2743 τὴν
2347 2671 2516 2727 αὑτοῦ
2551 2670 2792 2726 ἀσωτίαν
2839 2671 2936 2726 καὶ⁵
2962 2669 3274 2739 ἀπληστίαν
3333 2670 3410 2741 μὴ
3466 2671 3799 2740 ἐνεγκόντες.

2218 2763 2389 2829 λίθοις
2413 2762 2604 2818 τοῦτον
2638 2762 2946 2835 βάλλοντες,
2987 2762 3197 2818 ἀνεῖλον
3243 2762 3433 2827 κακῶς
3458 2761 3670 2817 ινδοθεν
3708 2763 3802 2817 τοῦ

2218 2857 2614 2929 θυσιαστηρίου
2644 2855 2740 2910 τοῦ
2769 2858 2830 2911 ὲν
2858 2856 3114 2929 Ἀθήναις
3139 2855 3292 2912 ναοῦ.

2290 2952 2579 3006 Βλέπουσα
2629 2949 2690 3003 δὲ
2742 2949 2866 3020 Ζωὴ
2900 2948 2932 3022 ή
2977 2949 3270 3021 βασίλισσα
3313 2948 3415 3021 τήν
3438 2949 3670 3023 ἔπαρσιν
3700 2951 3800 3005 Συ-

2224 3044 2394 3115 μεὼν,
2425 3043 2521 3098 καὶ
2550 3042 2650 3112 τὴν
2674 3041 2818 3096 κατά
2858 3041 2970 3096 τῶν
3031 3041 3381 3114 Χριστιανῶν
3424 3043 3592 3098 αὐτοῦ
3620 3043 3803 3098 ἐπίθε-

2223 3152 2331 3201 σιν,
2366 3134 2562 3206 βουλὴν
2605 3134 2745 3206 μετὰ
2776 3132 2887 3188 τῶν
2931 3134 2993 3188 ὲν
3024 3133 3168 3187 τέλει
3204 3133 3519 3205 βουλεύεται
3550 3136 3804 3206 ἀλλάγιον

2217 3228 2314 3284 καὶ
2355 3227 2584 3299 εἰρήνην
2633 3226 2773 3299 μετὰ
2830 3226 2942 3284 τῶν
3009 3227 3335 3301 ’Δγαρηνῶν
3378 3228 3803 3303 διαπράξασθαι,

2217 3320 2551 3391 διαπερᾶσαι
2602 3318 2659 3373 δδ
2718 3318 2899 3374 πάντα
2944 3318 3037 3373 τὸν
3082 3318 3185 3389 τῆς
3228 3318 3522 3391 Ἀνατολῆς
3576 3320 3805 3394 στρατὸν

2217 3412 2357 3484 πρὸς
2385 3414 2446 3464 τὸ
2471 3410 2931 3482 καταπολεμῆσαι
2958 3410 3054 3464 καὶ
3109 3411 3374 3477 ἀφανίσαι
3419 3410 3511 3465 τδν
3558 3412 3801 3482 Συμεών.

2228 3504 2540 3578 ’Δπεστάλη
2595 3503 2690 3559 οὖν
2730 3506 2789 3559 ὲν
2815 3504 2989 3576 Συρία
3016 3505 3112 3559 ἐπὶ
3168 3505 3230 3558 τὺ
3280 3508 3504 3578 ποιῆσαι
3551 3505 3806 3575 ἀλλάγισν

2229 3598 2487 3670 Ἰωάννης
2519 3599 2808 3670 πατρίκιος
2836 3598 2865 3650 6
2916 3598 3197 3670 Ῥαδηνδς,
3228 3600 3325 3654 καὶ
3373 3598 3594 3673 Μιχαὴλ
3643 3599 3673 3654 6
3707 3600 3809 3653 Το-

2218 3688 2394 3760 ξαράς
2428 3686 2543 3761 (16)
2572 3688 2710 3759 πρὸς
2732 3689 2833 3760 τὴν
2865 3688 3091 3761 Θρᾴκην
3119 3688 3465 3760 διεπέρασεν,
3504 3690 3804 3761 μαγίστρου

2216 3783 2446 3847 Λέοντος
2505 3782 2601 3836 τοῦ
2653 3783 2820 3837 Φωκά
2876 3780 3201 3853 δομεστίκου
3255 3779 3366 3853 (l7)
3431 3781 3806 3854 τυγχάνοντος.

2230 3874 2649 3945 Ἐξαγαγόντων
2693 3873 2752 3928 δὲ
2809 3875 2881 3929 τά
2921 3874 3196 3946 σεϐάσμια
3253 3875 3347 3929 καὶ
3389 3872 3632 3939 ζωοποιά
3675 3872 3807 3938 ξύλα

2219 3967 2639 4024 Κωνσταντίνου
2686 3965 2780 4020 τοῦ
2833 3968 3185 4039 πρωτοπαπᾶ
3228 3965 3324 4022 τοῦ
3376 3967 3663 4031 παλατίου,
3708 3965 3808 4020 τοῦ

2219 4061 2453 4133 Κεφαλᾶ
2475 4060 2800 4133 λεγομένου,
2822 4061 2920 4115 καὶ
2952 4060 3370 4116 Κωνσταντίνου
3403 4061 3502 4131 τῆς
3535 4057 3809 4121 Μαλελίας

2219 4157 2280 4211 ἐν
2299 4158 2367 4229 τῇ
2398 4155 2614 4228 Θρᾴκῃ,
2646 4155 2887 4219 ἅπαντες
2908 4153 3391 4231 προσκυνήσαντες
3416 4153 3511 4208 καὶ
3533 4150 3808 4223 ἐπομοσά-

2224 4267 2376 4321 μενοι
2443 4247 2920 4320 συναποθνήσκειν
2985 4245 3240 4317 ἀλλήλοις
3312 4244 3619 4314 πανστρατὶ
3669 4243 3810 4299 κατά

2222 4341 2551 4412 ὼυλγάρων
2575 4341 2933 4414 ἐξώρμησαν.
2968 4335 3180 4411 Ἦρχον
3220 4335 3278 4392 δὲ
3306 4337 3402 4393 τοῦ
3445 4334 3545 4410 μὲν
3597 4338 3814 4408 τάγμα-

523 4437 711 4485 autem
733 4427 1004 4499 Argyrus,
1030 4435 1085 4482 et
1112 4423 1224 4482 Leo
1250 4426 1373 4496 ejus
1400 4426 1590 4493 frater,
1630 4435 1687 4482 et
1717 4424 1925 4482 Bardas
1964 4426 2111 4482 Pho-

2220 4450 2314 4498 τος
2334 4431 2430 4488 τοῦ
2456 4432 2800 4500 ὲξκουδίτου,
2847 4430 3100 4502 Ἰωάννης
3116 4432 3146 4484 6
3179 4429 3434 4502 Γράψων,
3461 4426 3555 4483 τοῦ
3596 4427 3811 4483 Ἱκανά-

523 4534 643 4583 cas,
670 4518 875 4589 quibus
894 4517 1086 4572 aderat
1112 4514 1305 4572 Melies
1330 4530 1457 4572 cum
1478 4516 1777 4581 Armeniis,
1798 4526 1850 4573 et
1879 4516 2111 4574 aliorum

518 4609 692 4683 m
720 4611 1022 4667 thematum
1062 4609 1308 4680 pmfecti
1334 4651 1351 4677 ,
1386 4619 1561 4665 totum
1604 4610 1910 4666 exercitum
1945 4610 2115 4666 duce-

523 4703 681 4759 bant.
711 4701 832 4759 Una
859 4717 987 4758 cum
1024 4701 1152 4757 aliis
1199 4702 1597 4758 Constantinus
1633 4705 1803 4759 etiam
1846 4705 2114 4774 patriciis

524 4793 663 4852 Libs
690 4795 861 4851 Leoni
893 4796 1200 4852 domestico
1243 4796 1471 4867 junctus
1499 4806 1639 4860 erat,
1669 4806 1723 4852 et
1752 4796 1917 4854 datus
1944 4810 2114 4869 nego-

526 4890 732 4943 tiorum
757 4884 1009 4943 omnium
1038 4887 1416 4943 consiliarius.
1436 4885 1642 4944 neusis
1669 4887 1857 4957 itaque
1881 4887 2116 4961 Augusti

525 4982 616 5037 die
651 4980 942 5047 vicesimo,
976 4980 1278 5036 indictione
1305 4980 1521 5050 quinta,
1571 4979 1640 5035 ad
1674 4980 1979 5037 Acheloum
2014 4982 2117 5036 nu-

527 5071 678 5127 vium
706 5068 977 5143 Bulgaros
998 5071 1143 5125 inter
1156 5079 1213 5126 et
1231 5069 1511 5127 Romanos
1533 5070 1736 5127 bellum
1754 5074 2114 5129 commissum

525 5172 635 5232 est,
667 5172 811 5221 etut
835 5179 896 5221 se
933 5164 1140 5220 habent
1182 5161 1281 5219 Dei
1325 5163 1560 5235 judicia,
1608 5175 1733 5236 quas
1758 5166 1988 5222 omnino
2029 5166 2115 5221 iu-

2221 4544 2342 4588 του,
2373 4528 2403 4581 6
2428 4526 2524 4581 τοῦ
2555 4524 2819 4599 Μαρούλη
2851 4526 2968 4588 υἱός
3000 4540 3016 4558 ο
3062 4523 3343 4594 Ῥωμανὸς
3371 4516 3430 4576 δὲ
3469 4523 3499 4576 6
3538 4520 3811 4592 ’Δργυρὸς

2222 4621 2574 4690 ἐστρατήγει,
2599 4618 2696 4672 καὶ
2729 4619 2885 4672 Λέων
2914 4619 2943 4670 6
2984 4615 3214 4685 ἀδελφὸς
3246 4613 3436 4679 αὐτοῦ,
3471 4613 3567 4669 καὶ
3597 4612 3811 4684 Βάρδας

2219 4714 2248 4767 6
2287 4712 2502 4775 ⁴ιδωκάς,
2530 4706 2613 4773 οἷς
2644 4710 2810 4781 συνῆν
2836 4710 2932 4764 καὶ
2960 4712 2989 4764 6
3018 4708 3226 4772 Μελίας
3262 4707 3403 4780 μετά
3452 4706 3562 4761 τῶν
3605 4704 3810 4777 Ἀρμε-

2221 4804 2377 4868 νίων,
2411 4802 2509 4857 καὶ
2554 4803 2604 4857 οἱ
2632 4801 2785 4857 ἄλλοι
2816 4802 3033 4856 πάντων
3062 4801 3363 4872 στρατηγοί⁸
3396 4800 3508 4854 τῶν
3534 4797 3808 4868 θεμάτων.

2223 4889 2400 4965 Συνῆν
2431 4894 2489 4948 δὲ
2522 4893 2660 4966 πρὸς
2694 4895 2808 4957 τοῖς
2841 4893 3021 4956 ἄλλοις
3045 4894 3139 4947 καὶ
3170 4889 3580 4955 Κωνσταντΐνος
3610 4890 3811 4962 πατρί-

2222 5003 2341 5050 κιος
2366 4987 2397 5039 6
2425 4986 2535 5056 Λὶψ
2564 4985 2758 5040 Λέοντι
2780 4985 3089 5056 δομεστίκῳ
3123 4983 3416 5056 συμϐούλῳ
3457 4978 3810 5057 [σύμϐουλος]

2221 5077 2393 5134 αὐτοῦ
2419 5078 2479 5131 ἐν
2508 5080 2646 5132 πᾶσι
2673 5078 2786 5140 τοῖς
2818 5078 3115 5148 ἀνήκουσιν
3140 5075 3236 5130 ὢν.
3265 5076 3417 5146 Μηνὶ
3435 5070 3492 5129 δὲ
3515 5072 3814 5143 Αὐγούστῳ

2224 5170 2402 5227 εἰκάδι
2432 5170 2766 5234 ῑνδικτιῶνος
2788 5170 3049 5241 πέμπτης
3074 5168 3104 5221 6
3148 5167 3387 5237 πόλεμος
3420 5164 3619 5237 μεταξὺ
3645 5162 3817 5217 Βουλ-

1691 5276 1941 5335 FRANC.
1973 5268 2363 5339 comnmer
2390 5282 2628 5341 ΝοτιΕ.

600 5396 715 5470 (15)
740 5396 1033 5469 Perperam
1068 5411 1412 5470 expressum
1438 5405 1562 5470 erat
1597 5398 1981 5470 πατριάρχηςε
2010 5413 2118 5454 nee

529 5468 771 5524 cuim'ea
815 5468 1120 5538 negotiatio
1171 5480 1292 5524 erat
1342 5468 1637 5525 ambiendo
1687 5468 2112 5538 patriarchatui.

529 5548 625 5592 aut
656 5540 883 5610 tabulas
931 5538 1132 5610 aliqua;
1194 5541 1467 5610 ejusmodi
1521 5538 1684 5593 nobis
1743 5540 2114 5610 patriarcham

532 5609 965 5680 produxerunt._
988 5608 1066 5664 De
1107 5608 1535 5676 Patiinacibus,
1592 5608 1873 5680 quamque
1920 5622 2115 5665 eorum

534 5680 773 5750 societas
793 5694 911 5750 ere
937 5678 1184 5734 Romana
1224 5683 1384 5742 teret,
1417 5681 1534 5750 ipse
1580 5678 1768 5735 multis
1785 5678 2115 5736 Constanti-

533 5764 639 5805 nus
661 5748 734 5801 De
763 5749 1193 5817 adiuinistraudo
1223 5748 1464 5817 imperio.

608 5818 720 5887 με)
754 5818 879 5873 l'ost
913 5816 1097 5873 Vecem
1123 5821 1165 5871 Τ
1170 5814 1371 5891 οξαρᾶς
1418 5823 1598 5900 suppl.
1628 5837 1693 5880 cx
1721 5821 1843 5878 aliis
1869 5840 1882 5875 :
1911 5814 1986 5877 Οἵ)
2019 5838 2111 5891 γε.

2218 5401 2459 5471 γονότος.
2491 5412 2599 5474 τήν
2629 5399 2834 5471 συνήθη
2870 5397 2973 5474 τῆς
3004 5394 3464 5474 ῥόγαςὲὂιανομῂν
3498 5389 3810 5474 ποιησάμε-

2220 5462 2300 5527 νοι
2327 5475 2384 5526 ἐν
2406 5462 2520 5535 τοῖς
2542 5462 2834 5541 sanust;
2852 5462 3028 5541 ταῦτα
3060 5462 3118 5522 δὲ
3138 5462 3677 5541 υάναλαμδανόμενοι
3709 5462 3813 5514 σὺν

2217 5546 2332 5614 τοῖς
2362 5534 2598 5614 θέμαίσιν
2625 5534 2707 5606 εἷς
2736 5539 3090 5614 τήνγθρᾴκην
3132 5534 3486 5614 διεπέρασαν.
3517 5534 3665 5614 [τρίτα
3684 5546 3810 5585 cum

2219 5605 2512 5670 Saraceiu's
2530 5605 2697 5684 pace,
2717 5605 3333 5685 εοίὸιίεᾲιξειὺιιιηενὲἀιιε
3366 5605 3809 5685 inutilitatem—

2218 5685 2377 5754 gatis,
2415 5673 2707 5752 assumptis
2759 5673 3065 5736 cohortibus
3116 5695 3226 5734 una
3257 5693 3374 5732 cum
3404 5675 3517 5730 illis
3548 5676 3601 5729 in
3634 5673 3811 5729 Thrau-

2217 5755 2359 5808 ct‘am‘
2387 5754 2735 5823 trajecerant.

2292 5827 2404 5897 (17)
2427 5812 2764 5896 Δόμεστίκου
2793 5825 2918 5880 τῶν
2962 5821 3194 5896 σχολῶν,
3237 5821 3509 5893 Anonym.
3548 5826 3600 5874 et
3633 5812 3800 5873 Cedr.
