4088 6456
441 339 590 403 1-135

1696 331 1972 394 LEONIS
2011 329 2490 391 GRAMMATICI

3587 329 3725 400 1136

426 449 605 516 paria,
637 446 872 502 Galilteac
896 444 1059 511 dicta,
1086 441 1429 496 benedieitur
1456 458 1468 494 :
1507 450 1561 496 ct
1587 456 1711 496 cum
1743 457 1806 496 ea
1835 440 2024 509 nuptia

2152 437 2336 491 νοῦται
2388 438 2503 507 ἅμα
2537 438 2671 509 αὐτῇ
2707 442 2859 510 παρὰ
2904 439 3172 494 Νικολάου
3207 443 3549 513 πατριάρχου
3593 445 3720 497 Ῥω-

446 538 591 592 libus
626 538 850 592 corollis
881 533 1169 589 redimitur
1207 547 1236 584 a
1269 530 1491 586 Nieolao
1523 532 1860 601 patriarcha,
1890 540 2042 585 tunc-

443 644 555 697 que
603 628 885 681 Romanus
951 623 1296 694 imperatoris
1362 622 1523 677 Pater
1569 620 1883 676 declaratur
1923 639 1936 674 :
1987 628 2039 673 et

443 721 678 776 Romani
725 721 842 773 vice
867 718 1301 788 Christophorus
1334 715 1452 787 ejus
1476 715 1619 770 lilius
1655 712 2040 768 hetazriarches

436 812 782 867 .instituitur.

509 901 674 957 Haud
715 901 891 956 multo
913 911 1058 971 post,
1083 899 1192 955 Leo
1224 899 1437 955 Phoeas
1465 914 1493 954 a
1530 898 1732 969 p0pnlo
1754 897 2035 962 seductus,

438 1002 497 1046 et
531 1009 559 1046 a
621 991 880 1045 nonnulis
926 1004 1216 1059 procerum
1247 1001 1304 1046 et
1347 990 1622 1060 legionum
1665 988 1714 1043 ei
1754 1003 2037 1043 commen-

439 1085 690 1138 datarum
761 1081 1028 1136 militibus
1106 1091 1322 1146 motus,
1389 1082 1681 1136 tumultum
1754 1080 2035 1144 excitavit,

441 1177 727 1246 missoque
757 1174 955 1229 nuntio
992 1173 1416 1230 Constantinum
1466 1174 1864 1234 accubitorem,
1901 1170 2040 1226 Con-

441 1267 858 1335 stantinutnque
891 1267 1148 1332 altern,
1171 1275 1228 1320 et
1253 1266 1607 1321 Anastasium
1636 1265 1962 1334 Γογγυλίους
1985 1274 2038 1319 et

440 1358 644 1414 fratres
669 1374 962 1430 germanos
987 1399 1003 1423 ,
1035 1369 1091 1414 et
1124 1358 1547 1414 Constantinum
1593 1372 1623 1412 a
1657 1358 1883 1412 secretis
1933 1355 2038 1408 Ma-

439 1453 582 1508 leliae
631 1453 805 1506 [ilium
867 1451 971 1506 sibi
1014 1451 1233 1517 ascivit,
1267 1452 1370 1505 hoc
1415 1451 1630 1506 cunctis
1661 1449 1946 1505 insinuans
1985 1457 2038 1502 et

437 1543 798 1613 persuadens,
849 1553 1060 1597 motum
1104 1557 1322 1596 omnem
1373 1557 1470 1612 pro
1503 1540 1854 1612 imperatoris
1892 1538 2036 1595 Con-

437 1638 664 1692 stantini
697 1636 962 1706 obsequio
993 1635 1243 1690 excitari.
1299 1633 1585 1690 Romanus
1632 1644 1815 1689 autem
1865 1634 2039 1703 impe-

435 1728 639 1783 ratoris
699 1726 864 1780 Pater
912 1725 1075 1780 bullis
1139 1725 1322 1780 aureis
1375 1725 1590 1780 tabulas
1642 1723 1931 1794 insignitas
1981 1713 2026 1782 et

2138 1715 2422 1788 λεοπάτωρ
2479 1719 2878 1790 χρυσοϐούλλια
2923 1724 3158 1794 ποιήσας
3203 1723 3595 1794 ἐνυπόγραφα,
3647 1722 3726 1787 ὡς
3824 1769 3830 1776 .

2146 531 2312 601 μανὸν
2366 532 2806 602 βασιλεοπάτορα
2867 533 3276 604 προϐαλόμενος
3319 551 3334 566 ο
3386 537 3504 590 ἀντ’
3560 538 3723 590 αὑτοῦ

2141 623 2198 676 δέ
2250 624 2622 695 Χριστοφόρον
2682 625 2796 677 υἱὸν
2837 624 3002 678 αὐτοῦ
3058 627 3419 698 ἐταιριάρχην
3455 630 3724 699 κατέστη-

2144 729 2261 767 σεν.

2212 886 2347 940 Μετ’
2388 887 2449 940 οὐ
2480 887 2613 942 πολὺ
2667 889 2821 945 Λέων
2851 891 2880 943 6
2911 891 3108 954 Φωκᾶς
3147 893 3288 962 μετά
3305 890 3438 945 λαοῦ
3471 891 3726 946 πλείστου

2139 978 2446 1050 ἀπατηθεὶς
2492 981 2646 1052 ποιρά
2677 981 2738 1034 τέ
2774 999 2936 1036 τινων
2951 983 3231 1052 ἀρχόντων
3255 983 3352 1038 καὶ
3389 982 3501 1037 τῶν
3559 982 3726 1037 αὑτοῦ

2139 1074 2438 1140 ταγμάτων
2474 1074 2612 1144 πρὸς
2637 1075 2939 1146 ἀνταρσίαν
2971 1079 3229 1142 κινεῖται,
3264 1076 3361 1130 καὶ
3392 1076 3729 1138 ἀποστείλας

2137 1165 2432 1248 ἀνελάϐετο
2486 1161 2628 1218 εἶναι
2693 1166 2792 1220 σὺν
2827 1167 2977 1238 αὑτῷ
3017 1169 3109 1221 τόν
3131 1185 3190 1221 τε
3221 1166 3728 1239 παρακοιμώμενον

2139 1257 2571 1322 Κωνσταντῖνον,
2629 1259 2726 1312 καὶ
2763 1261 3179 1314 Κωνσταντῖνον
3221 1261 3320 1313 καὶ
3361 1259 3724 1314 Ἀναστάσιον

2135 1347 2261 1409 τοὺς
2285 1347 2612 1416 Γογγυλῐους
2641 1351 2737 1402 καὶ
2759 1350 3151 1420 αύταδέλφους,
3182 1353 3283 1404 καὶ
3313 1352 3726 1405 Κωνσταντῖνον

2137 1439 2443 1511 ἀσηκρῆτις
2480 1441 2573 1495 τὸν
2595 1442 2898 1508 Μαλελίας,
2945 1445 3308 1516 πληροφορῶν
3346 1445 3598 1508 ἅπαντας
3627 1446 3724 1499 καὶ

2140 1529 2400 1600 βεϐαιῶν,
2465 1532 2543 1596 ὡς
2577 1533 2717 1605 ὑπὲρ
2745 1535 2840 1588 τοῦ
2878 1537 3148 1606 βασιλέως
3182 1537 3599 1591 Κωνσταντίνου
3623 1537 3726 1608 τὴν

2137 1623 2395 1695 τοιαύτην
2426 1628 2662 1680 ποιεῖται
2706 1629 3052 1697 συγκίνησιν.
3091 1629 3374 1699 Ῥωμανὸς
3405 1631 3462 1684 δὲ
3507 1632 3536 1684 6
3568 1630 3726 1700 βασι-

441 1818 854 1887 subscriptione
906 1817 1172 1880 ﬁrmatas,
1207 1815 1355 1870 velut
1414 1815 1764 1886 imperatoris
1812 1814 2026 1869 nomine

2135 1811 2199 1862 ἐκ
2269 1809 2563 1882 προσώπου
2626 1813 2722 1866 τοῦ
2781 1814 3051 1882 βασιλέως
3133 1817 3547 1870 Κωνσταντίνου
3623 1818 3726 1888 τὴν

434 1907 653 1963 facinus
703 1907 1018 1977 huiusmodi
1072 1915 1402 1962 attentatum
1442 1921 1792 1976 repressnras
1830 1906 2033 1968 edidit:

432 2001 634 2072 quibus
677 2001 994 2070 jubebatur,
1049 2010 1129 2066 ut,
1170 2000 1356 2056 Phoca
1413 2000 1652 2068 deserto,
1684 2001 1778 2070 qui
1813 2000 1884 2055 ad
1932 2001 2036 2054 im-

433 2093 710 2161 peratoris
769 2100 950 2160 partes
1000 2091 1321 2152 transirent,
1375 2105 1473 2158 pro
1511 2090 1845 2159 imperatore
1887 2099 2035 2143 stare

431 2195 833 2241 censerentur:
869 2183 1092 2239 easdem
1126 2198 1253 2250 vero
1281 2182 1456 2237 Annae
1485 2183 1708 2236 cuidam
1745 2181 2036 2252 impuden-

432 2280 505 2336 tis
559 2279 673 2334 oris
709 2287 764 2332 et
792 2275 1095 2348 proﬂigata:
1152 2277 1424 2332 castitatis
1458 2277 1679 2332 mulieri
1723 2277 2034 2348 clericoque

431 2370 651 2425 cuidam
705 2369 978 2434 Micliaeli,
1033 2377 1094 2422 ut
1153 2383 1246 2438 per
1295 2368 1671 2424 adversarium
1726 2369 2030 2424 exercitum

431 2470 778 2533 spargerent,
816 2460 1240 2515 commendavit.
1272 2457 1351 2514 Illi
1405 2471 1656 2529 receptas
1693 2461 1904 2516 litteras
1935 2476 2033 2531 per

431 2566 652 2606 omnem
691 2551 998 2605 exercitum
1039 2549 1289 2605 distribui
1346 2559 1648 2606 curarunt:
1693 2561 1749 2606 et
1800 2549 2031 2607 Michael

431 2641 655 2712 quidem
681 2641 732 2695 in
769 2639 847 2696 rei
880 2649 1046 2709 gesta:
1073 2639 1443 2709 suspirionem
1468 2640 1714 2703 veniens,
1737 2641 2031 2696 crudeliter

431 2743 700 2804 exceptus
753 2748 783 2787 a
839 2731 1047 2800 Phoca,
1099 2734 1327 2792 naribus
1389 2745 1445 2790 et
1503 2735 1734 2791 auribus
1789 2737 2031 2806 praecisis

428 2824 736 2881 mulctatus
783 2835 886 2889 est,
941 2825 1034 2895 qui
1087 2827 1439 2895 postmodum
1483 2842 1786 2899 congruam
1833 2843 1865 2883 a
1921 2828 2029 2883 ilo-

427 2933 595 2973 mano
643 2924 981 2974 consecutus
1013 2926 1099 2972 est
1129 2917 1586 2983 vicissitudinem,
1615 2929 1670 2974 et
1709 2919 1910 2988 pariter
1941 2935 2027 2987 ea,

427 3027 550 3082 qua
596 3026 721 3065 cum
782 3025 848 3064 co
909 3011 1080 3065 missa
1139 3008 1334 3076 fuerat,
1387 3011 1605 3065 mulier.
1656 3011 1758 3076 Qui
1816 3011 2027 3080 primus

425 3105 672 3159 Phocam
699 3103 975 3170 deseruit,
1032 3112 1087 3158 et
1142 3101 1196 3155 in
1268 3103 1496 3157 Romani
1549 3111 1732 3173 partes
1784 3105 2020 3166 transiit,

427 3195 860 3266 Barymichaelis
902 3193 1056 3248 ﬁlius
1109 3194 1349 3259 exstitit,
1403 3193 1576 3250 cladis
1611 3195 1853 3250 adversa:
1883 3195 2019 3250 etin

429 3287 741 3343 contrarias
775 3295 958 3356 partes
993 3302 1053 3341 se
1095 3287 1321 3341 ditionis
1358 3297 1412 3340 et
1442 3287 1745 3356 tyrannidis
1790 3298 2018 3342 auctor:

429 3378 692 3445 comitem
749 3394 809 3433 se
867 3378 1104 3448 praebuit
1143 3377 1446 3443 Balantius,
1504 3377 1670 3432 ambo
1715 3388 2018 3433 turmarum

427 3475 750 3536 praestantes
800 3465 1063 3536 praefecti.
1095 3466 1204 3521 Leo
1240 3465 1453 3520 Phoeas
1507 3479 1637 3519 vero
1690 3480 1815 3520 cum
1862 3479 2018 3518 exer-

418 3558 538 3613 citu
576 3558 824 3614 omnium
880 3571 1163 3611 armorum
1217 3570 1416 3626 genere
1466 3555 1681 3610 fortiter
1723 3555 2016 3620 instructo,

422 3649 810 3722 Chrysopolim
845 3647 1164 3719 profectus,
1206 3657 1262 3703 et
1299 3647 1810 3717 Constantinopolis
1871 3648 2019 3704 cives

422 3741 808 3806 exterriturus,
882 3740 1084 3796 milites
1139 3739 1304 3809 longe
1368 3748 1676 3794 castrorqu
1723 3739 1932 3793 ambitu
1986 3754 2016 3792 a

422 3833 671 3888 Juvenca
725 3831 939 3902 lapidea
989 3833 1058 3886 ad
1105 3830 1512 3886 Chalcedonem
1566 3846 1745 3901 usque
1792 3831 2016 3886 locavit.

425 3925 567 3980 Dum
601 3927 716 3980 haec
765 3931 1086 3996 gererentur
1128 3939 1157 3978 a
1198 3924 1470 3990 Romano,
1509 3925 1732 3979 Simeon
1776 3925 2016 3981 Caniclei

425 4001 716 4088 praefectus
793 4016 982 4072 celoce
1058 4026 1269 4079 vectus,
1336 4017 1580 4071 libellum
1664 4018 2018 4087 imperatoris

421 4106 772 4164 Constantini
822 4122 992 4162 manu
1041 4106 1416 4177 subscriptum
1443 4107 1728 4166 delaturus
1759 4108 2014 4164 mittitur.

423 4199 553 4255 llaec
619 4213 785 4270 porro
823 4199 1044 4255 libellus
1094 4199 1419 4254 enuntiahat
1467 4219 1481 4255 :
1533 4197 1612 4256 .Ut
1649 4200 1864 4270 imperii
1912 4202 2019 4254 mei

420 4293 706 4349 custodem
731 4291 1213 4361 vigilantissimum
1238 4300 1292 4344 et
1319 4291 1700 4348 ﬁdelissimum
1725 4307 1756 4346 e
1784 4292 2019 4348 subditis

421 4390 616 4452 praeter
637 4380 965 4436 .ltomanum
998 4382 1213 4437 nullum
1252 4383 1462 4438 inveni.
1493 4382 1636 4438 Huic
1686 4393 1816 4454 post
1843 4383 2015 4440 Deum

2138 1903 2398 1974 τοιαύτης
2443 1904 2737 1977 ἐπιϐουλῆς
2775 1907 3090 1979 ἀνατροπὴν
3132 1907 3489 1980 περιέχοντα,
3514 1911 3609 1962 καὶ
3645 1909 3725 1973 ὡς

2136 1998 2185 2048 οἱ
2202 1995 2294 2049 τὸν
2311 1997 2510 2052 Φωκᾶν
2572 1998 3108 2069 καταλιμπάνοντες,
3133 1999 3211 2070 τῷ
3241 1999 3457 2070 βασιλεῖ
3474 2000 3532 2053 δὲ
3558 2017 3726 2072 προσ-

2137 2089 2468 2158 φεύγοντες,
2527 2090 2670 2162 ὑπὲρ
2733 2091 2830 2144 τοῦ
2887 2091 3159 2162 βασιλέως
3208 2093 3342 2159 είσὶ,
3400 2093 3526 2157 δοὺς
3578 2093 3723 2148 αὐτὰ

2138 2178 2308 2250 Ἅννῃ
2325 2181 2433 2233 τινὶ
2455 2183 2679 2250 γυναικὶ
2705 2181 2912 2235 ἀναιδεῖ
2941 2183 3036 2236 καὶ
3071 2182 3326 2254 θρασείᾳ,
3349 2184 3440 2237 κα)
3468 2182 3724 2254 κληρικῷ

2131 2289 2238 2324 τινι
2293 2272 2532 2343 Μιχαὴλ,
2565 2275 2623 2326 ἐν
2667 2273 2746 2345 τῷ
2773 2273 2925 2345 αὐτῷ
2973 2263 3326 2346 στρατοπέδῳ
3381 2275 3718 2346 ἐξέπεμψεν.

2133 2363 2197 2416 Oi
2229 2363 2285 2417 δέ
2310 2363 2483 2418 ταῦτα
2517 2366 2940 2437 ἀναλαϐόμενοι,
2989 2367 3239 2421 ἔστειλαν
3259 2367 3426 2421 παντὶ
3447 2367 3527 2437 τῷ
3549 2385 3721 2439 στρα-

2130 2454 2230 2525 τῷ.
2283 2455 2440 2509 Καὶὸ
2473 2457 2574 2526 μὲν
2635 2459 2859 2529 Μιχαὴλ
2913 2459 3211 2530 φωραθεὶς,
3249 2458 3401 2530 παρὰ
3434 2459 3528 2513 τοῦ
3554 2460 3722 2513 Φωκᾶ

2130 2545 2375 2615 ἀνηλεῶς
2434 2547 2682 2617 τυφθεὶς,
2720 2550 2822 2618 τήν
2851 2567 2910 2602 τε
2943 2551 3094 2620 ρίναν
3125 2548 3247 2622 [τάς
3283 2566 3344 2602 τε
3408 2549 3585 2622 ῥῖνας]
3616 2550 3716 2604 καὶ

2127 2637 2198 2690 τά
2225 2630 2342 2691 ὦτα
2404 2639 2703 2712 ἀπετμήθη
2729 2656 2744 2672 ο
2770 2641 2830 2704 ὃς
2856 2642 2994 2711 μετά
3025 2641 3203 2695 ταῦτα
3235 2643 3390 2713 παρά
3430 2643 3716 2712 Ῥωμανοῦ

2127 2737 2228 2804 τῆς
2289 2737 2681 2808 προσηκούσης
2737 2736 2931 2808 ἔτυχεν
2962 2737 3200 2807 ἀμοιϐῆς
3222 2754 3236 2769 ο
3265 2736 3530 2799 ὡσαύτως
3553 2736 3646 2792 καὶ
3679 2740 3712 2806 ἡ

2128 2829 2226 2883 σὺν
2280 2828 2434 2899 αὒτῷ
2470 2830 2731 2885 σταλείσα
2763 2831 2924 2902 γυνή.
2958 2830 3183 2902 Πρῶτος
3215 2833 3244 2884 6
3272 2831 3390 2895 υἱὸς
3411 2830 3504 2885 τοῦ
3532 2831 3713 2902 Βαρυ-

2129 2921 2334 2993 μιχαὴλ
2384 2922 2702 2976 καταλιπὼν
2763 2923 2856 2976 τὸν
2890 2920 3087 2977 Φωκᾶν
3117 2923 3198 2992 τῷ
3233 2922 3504 2993 Ῥωμανῷ
3543 2940 3716 2994 προσ⁹

2125 3012 2384 3084 ἐδραμεν,
2439 3013 2585 3086 ἀρχὴ
2635 3014 2879 3085 γεγονὼς
2933 3014 3288 3076 καταλύσεως
3314 3015 3413 3085 τῆς
3455 3014 3713 3086 τοιαύτης

2125 3105 2421 3176 ἀνταρσίας
2451 3107 2544 3159 καὶ
2573 3106 2888 3177 τυραννίδος
2907 3146 2922 3171 ,
2960 3107 3058 3162 σὺν
3091 3106 3240 3178 αὐτῷ
3255 3107 3312 3160 δὲ
3332 3109 3360 3159 6
3397 3105 3712 3172 Βαλάντιος,

2123 3197 2470 3268 τουρμάρχαι
2523 3198 2681 3262 ὅντες
2737 3201 3062 3271 ἀμφότεροι.
3129 3201 3284 3253 Λέων
3341 3200 3398 3254 δὲ
3437 3202 3465 3254 ὁ
3517 3202 3716 3264 tlthi;

2126 3288 2262 3358 μετά
2314 3287 2444 3342 λαοῦ
2506 3291 2764 3344 πλείστου
2827 3291 3069 3362 ἰσχυρῶς
3127 3292 3584 3362 καθωπλισμένον
3650 3295 3711 3346 ἐν

2121 3378 2467 3448 Χρυσοπόλει
2519 3381 2866 3450 καταλαϐὼν,
2894 3382 3147 3453 διέστησε
3208 3381 3549 3453 παρατάξεις
3600 3384 3712 3438 ἀπὸ

2119 3469 2220 3538 τῆς
2249 3470 2460 3542 λιθίνης
2483 3473 2783 3544 Δαμάλεωτυ⁸
2833 3474 2996 3545 μέχρι
3027 3473 3374 3546 Χαλκηδόνος
3402 3474 3532 3538 τοὺς
3554 3477 3612 3528 ἐν
3639 3477 3707 3547 τῇ

2122 3562 2275 3616 πόλει
2304 3564 2506 3632 φοϐῶν.
2538 3566 3070 3622 Ἀποστέλλεταιοῦν
3089 3567 3231 3640 μετά
3255 3568 3534 3640 δρόμωνος
3559 3568 3711 3641 παρά

2131 3654 2416 3727 Ῥωμανοῦ
2439 3658 2664 3730 Συμεὼν
2685 3662 2713 3714 6
2738 3661 2831 3714 ἐπὶ
2867 3661 3179 3716 κανικλείου
3201 3661 3362 3728 λόγον
3390 3661 3703 3733 ἐνυπόγρα-
3779 3687 3784 3690 ·

2121 3762 2222 3815 φον
2253 3746 2346 3799 τοῦ
2382 3747 2650 3818 βασιλέως
2684 3751 3100 3805 Κωνσταντίνου
3141 3751 3544 3822 ἐπιφερόμενος
3575 3751 3701 3806 τάδε

2119 3839 2532 3909 διαγορεύοντα,
2563 3843 2638 3909 ὡς
2683 3843 2826 3912 Ἐγὼ
2857 3844 3078 3916 φύλακα
3115 3845 3218 3917 τῆς
3251 3847 3392 3916 ἐμῆς
3429 3844 3706 3913 βασιλείας

2121 3933 2579 4006 ἐγρηγορώτατον
2644 3938 2740 3991 καὶ
2809 3939 3138 3992 πιστότατον
3188 3939 3382 3994 οὐδένα
3435 3939 3547 3994 τῶν
3601 3941 3709 3995 ὑπὸ

2119 4027 2283 4095 χεῖρα
2344 4025 2378 4097 ἢ
2452 4027 2740 4099 Ῥωμανὺν
2792 4029 3068 4102 εὑρηκὼς,
3098 4031 3290 4086 τούτου
3343 4029 3566 4104 [τούτῳ]
3606 4031 3705 4104 τὴν

2119 4119 2258 4190 ἐμὴν
2315 4119 2585 4191 φυλακὴν,
2649 4121 2788 4192 μετά
2814 4139 2880 4192 γε
2937 4123 3092 4189 Θεὸν,
3139 4123 3568 4189 κατεπίστευσα,
3612 4127 3708 4180 καὶ

2118 4212 2240 4264 ἀντὶ
2296 4211 2504 4282 πατρὸς
2558 4211 2721 4265 αὐτὸν
2774 4212 2921 4282 ἔχειν
2991 4211 3207 4283 ἔκρινα,
3268 4213 3558 4284 σπλάγχνα
3588 4230 3697 4286 μη·

2119 4303 2283 4374 τρικὰ
2335 4303 2451 4376 (26)
2483 4305 2578 4357 καὶ
2628 4303 2875 4358 διάθεσιν
2929 4304 3159 4377 γονικὴν
3189 4305 3328 4376 πρὸς
3360 4306 3461 4376 ἐμὲ
3530 4307 3705 4360 ἐνδει-

2122 4395 2385 4466 ξάμενον·
2415 4397 2626 4450 Λέοντα
2657 4397 2715 4450 δέ
2752 4396 2945 4450 τοῦτον
2996 4397 3089 4451 τὸν
3145 4398 3341 4452 Φωκᾶν
3373 4398 3461 4452 ἀεὶ
3484 4401 3552 4471 τῇ
3593 4399 3703 4470 ἐμῇ

419 4473 728 4528 custodiam
785 4487 965 4528 meam
1025 4473 1302 4539 commisi,
1349 4483 1406 4530 et
1454 4474 1573 4530 vice
1629 4476 1821 4546 patris,
1869 4477 2016 4548 quod

2126 4489 2375 4562 βασιλείᾳ
2401 4491 2729 4545 ὑποπτεύειν
2761 4489 3134 4562 [ὑποπτεύων]
3169 4489 3564 4556 ἐπιϐουλεύειν,
3609 4489 3707 4545 νῦν

416 4567 632 4622 viscera
668 4573 919 4620 materna
956 4575 1012 4620 et
1066 4565 1414 4636 propositum
1457 4582 1587 4623 vere
1635 4575 1921 4637 paternum
1953 4571 2013 4624 in

420 4672 508 4712 me
551 4656 876 4718 exercuerit,
915 4655 1119 4711 habere
1161 4656 1450 4711 constitui.
1496 4657 1733 4714 Leonem
1771 4659 2010 4716 Phocum

418 4747 474 4800 in
533 4746 827 4800 adversum
887 4744 1131 4813 .iniperio
1199 4761 1321 4802 meo
1382 4763 1602 4818 semper
1664 4749 2012 4807 insidiantem

413 4836 584 4912 496
616 4838 951 4906 suspicatus,
978 4837 1031 4891 in
1066 4837 1202 4892 illud
1233 4839 1539 4894 machinari
1568 4855 1733 4911 opere
1762 4843 2013 4912 probavi,

413 4910 471 4988 et
538 4930 593 4982 in
662 4927 1007 5000 maiestatem
1073 4932 1356 5000 tyrannice
1413 4910 1673 4988 rebellem
1735 4910 2010 5006 comperi:

413 5036 588 5091 quare
613 5021 978 5076 domesticum
1001 5022 1239 5091 amplius
1267 5037 1374 5078 non
1400 5038 1522 5079 esse
1550 5025 1808 5092 decerno,
1835 5042 2015 5098 neque

411 5113 714 5169 tumultum
795 5114 944 5168 hunc
1019 5130 1107 5170 me
1163 5115 1383 5171 volente
1457 5119 1840 5187 commovisse,
1919 5122 2014 5177 sed

414 5219 724 5277 spontaneo
764 5207 1000 5262 consilio
1031 5209 1324 5279 imperium
1350 5209 1455 5265 sibi
1500 5211 1868 5268 vindicantem
1899 5215 2018 5270 haec

414 5314 739 5370 aggressum
793 5316 918 5356 esse
974 5301 1219 5356 declaro.
1283 5301 1378 5359 His
1439 5304 1511 5358 ita
1573 5320 1758 5360 coram
1811 5309 2014 5379 populo

415 5392 596 5460 lectis,
630 5394 942 5450 subducere
975 5409 1034 5450 se
1085 5395 1293 5460 euneti,
1331 5405 1387 5450 et
1438 5396 1686 5453 Romano
1718 5399 2013 5468 imperato-
2066 5397 2074 5403 ’

411 5483 493 5538 ris
541 5485 688 5542 Patri
719 5487 1002 5542 adhaerere
1032 5497 1340 5556 coeperunt.
1369 5486 1583 5546 Phoeas
1623 5491 1677 5544 in
1731 5493 2012 5560 angustias

2119 4579 2298 4650 ἔργοις
2320 4581 2505 4645 αὐτοῖς
2525 4581 2811 4635 ἐπίϐουλον
2843 4582 3057 4653 εὕρηκα
3094 4583 3192 4636 καὶ
3219 4583 3320 4651 τῆς
3349 4584 3488 4653 ἐμῆς
3526 4583 3707 4653 ἀρχῆς

2119 4674 2461 4742 τυραννικῶς
2484 4674 3031 4744 κατεξανιστάμενονο
3049 4675 3128 4728 διὸ
3142 4673 3264 4728 οὔτε
3281 4675 3598 4746 δομέστικον
3610 4677 3711 4728 αὑ-

2120 4764 2214 4816 τὸν
2225 4763 2332 4816 ἀπὸ
2348 4762 2444 4817 τοῦ
2458 4763 2554 4818 νῦν
2571 4753 2714 4820 εἶναι
2731 4765 3015 4837 βούλομαι,
3029 4767 3149 4820 οὐδὲ
3170 4765 3376 4837 ταύτην
3397 4767 3497 4837 τὴν
3511 4767 3709 4838 ἀνταρ-

2123 4857 2246 4909 σίαν
2277 4857 2419 4928 μετά
2445 4857 2640 4928 βουλῆς
2662 4860 2802 4930 ἐμῆς
2829 4859 3175 4931 πεπραχέναι
3203 4859 3492 4930 φημὶ,ἀλλ’
3512 4859 3706 4913 αὐθαι-

2125 4950 2265 5020 ρέτῳ
2294 4948 2490 5022 γνώμῃ
2516 4951 2723 5022 ταύτην
2749 4952 3085 5020 ποιήσασθαι
3113 4949 3214 5023 τὴν
3231 4951 3481 5006 ἐπίθεσιν
3523 4951 3707 5022 ἐαυτῷ

2121 5042 2221 5113 τὴν
2260 5042 2542 5114 βασιλείαν
2572 5044 3052 5114 σφετεριζόμενον.
3081 5043 3301 5098 Τούτων
3341 5039 3435 5098 οὖν
3461 5043 3538 5113 τῷ
3574 5043 3688 5114 λαῴ

2123 5132 2681 5200 ἐπαναγνωσθέντων,
2739 5134 2974 5206 ἤρξαντο
3005 5136 3210 5198 πάντες
3254 5135 3584 5206 ὑποχωρεῖν,
3610 5137 3707 5189 καὶ

2119 5224 2198 5293 τῷ
2217 5222 2640 5294 βασιλεοπάτορι
2657 5225 3068 5297 προσέρχεσθαι
3087 5224 3377 5296 Ῥωμανῷ.
3395 5224 3503 5278 Τοῦ
3518 5226 3575 5278 δέ
3591 5225 3706 5276 Φω-

2077 5382 2089 5394 ,
2122 5315 2292 5383 κᾶεὶς
2318 5314 2602 5385 ἀμήχανον
2631 5316 2990 5385 περιστάντος
3020 5315 3116 5368 καὶ
3139 5315 3492 5382 ἀπογνόντος,
3509 5315 3583 5377 ῶς
3598 5315 3676 5367 πά

2124 5421 2226 5476 σης
2257 5404 2472 5468 ἐλπίδος
2497 5405 2868 5476 ὴστοχηκὸτος
2893 5406 2988 5460 καὶ
3038 5405 3389 5477 χρησαμένου
3413 5407 3583 5476 φυγῇ,
3609 5407 3706 5458 καὶ

2122 5497 2262 5566 πρὸς
2293 5497 2356 5548 τὸ
2394 5497 2630 5567 κάστρον
2681 5497 2795 5568 (27)
2849 5499 3182 5568 ἀπογνόντος
3242 5499 3466 5563 ἀτελοῦς
3519 5515 3702 5572 παρα·

1607 5607 1861 5663 FRANC.
1897 5609 2296 5668 COMBEFISII
2326 5610 2564 5668 NOTAE.

630 5691 825 5768 Lydius
849 5694 1152 5768 Anonynn,
1187 5698 1454 5768 πατρικά.

488 5763 600 5833 (‘2?)
655 5763 798 5832 Πρὸς
852 5766 914 5818 τὸ
965 5763 1204 5835 κάστρον
1256 5763 1473 5830 ’Ᾰτεοῦς
1530 5787 1738 5840 παραγ.
1801 5770 1894 5826 Sic
1954 5781 2008 5828 et

2123 5705 2400 5773 Anonym.
2439 5708 2496 5757 et
2517 5700 2779 5764 Cedren.,
2834 5701 3054 5757 Veniens
3087 5702 3158 5756 ad
3189 5703 3370 5757 urbem
3411 5703 3574 5756 Aleus
3605 5718 3702 5754 no—

2118 5775 2257 5828 mine
2288 5788 2305 5828 :
2339 5773 2456 5829 solo
2477 5773 2851 5828 exscribcntis
2881 5790 3071 5828 errore
3100 5774 3349 5838 ἀτελοῦς,
3373 5777 3520 5844 quod
3546 5775 3697 5832 nullo
