4088 6438
342 445 477 516 1137

1646 459 2329 528 CHRONOGRAPHIA.

3495 469 3630 537 1138

339 567 659 639 γενομένου,
717 567 810 622 καὶ
867 569 946 641 μὴ
998 571 1307 644 δεχθέντοςο
1344 575 1402 628 ἐν
1426 560 1695 647 χωρίῳδὲ
1723 579 1930 650 ὀνομα-

2031 580 2323 649 deductus,
2368 586 2533 641 omni.
2560 600 2660 656 spe
2693 585 2882 656 lapsus
2933 594 3040 651 est,
3096 601 3270 657 quare
3319 584 3446 659 luga
3498 603 3635 645 usus

337 658 550 730 ζομένῳ
587 659 873 731 Γοηλέοντι
938 663 1198 731 φεύγοντι
1231 664 1556 738 [φεύγοντος
1586 669 1705 742 καὶ]
1732 671 1932 743 συλλη-

338 752 564 822 φθέντος
586 769 600 785 ·
660 754 984 809 ἀπέστειλεν
1027 756 1312 829 Ῥωμανὸς
1378 761 1637 831 Ἰωάννην
1663 763 1754 817 τὸν
1791 765 1931 819 Του-

335 844 505 915 δάκῃ,
539 848 633 899 καὶ
659 846 866 901 Λέοντα
889 848 981 902 τὸν
1008 851 1178 904 αὐτοῦ
1217 853 1485 923 συγγενῆ,
1521 852 1664 909 ὥστε
1700 857 1933 926 εἰσαγα-

333 940 456 1007 γεῖν
493 937 659 993 αὑτὸν
714 940 774 993 ἐν
801 943 869 1012 τῇ
925 943 1104 998 πόλει.
1138 945 1202 998 υἱ
1230 945 1289 998 δὲ
1313 946 1507 1000 τοῦτον
1549 951 1932 1019 κρατήσαντες

333 1030 758 1099 ἅπετύφλωσαν,
825 1034 1006 1089 καίτοι
1054 1037 1330 1108 μηδεμίαν
1354 1042 1507 1113 παρὰ
1536 1017 1953 1115 [περηγτούτου.
1980 1017 2008 1047 ἓ

332 1122 622 1195 δεξάμενοι
680 1126 930 1197 ἐντολὴν,
981 1128 1100 1182 ἀλλ’
1156 1130 1473 1205 αὐθαιρέτῳ
1528 1133 1726 1206 γνώμῃ
1768 1133 1930 1188 τοῦτο

335 1216 723 1284 πεποιηκότες,
753 1217 830 1282 ὡς
870 1219 1255 1291 ἀγανακτῆσαι
1304 1226 1400 1278 ἐπὶ
1450 1224 1630 1297 τούτῳ
1655 1228 1753 1280 καὶ
1775 1226 1933 1295 βασι-

332 1308 642 1380 λεοπάτορα
674 1308 978 1380 Ῥωμανόν.
1002 1312 1300 1386 Αὐγούστῳ
1330 1315 1390 1370 δὲ
1417 1317 1553 1387 μηνὶ
1578 1317 1929 1390 κατεμηνύθη

329 1401 404 1455 τὰ
435 1403 553 1472 τῆς-
585 1403 879 1474 ἐπιῶυλῆς
932 1406 1354 1463 Κωνσταντίνου
1408 1411 1800 1481 Κτηματηνοῦ,
1833 1411 1931 1465 καὶ

330 1494 500 1549 Δασὶδ
546 1496 959 1566 Καμουλιανοῦ,
1012 1500 1110 1554 καὶ
1189 1500 1414 1573 Μιχαὴλ
1441 1502 1793 1575 κουράτωρος
1821 1502 1930 1557 τῶν

331 1588 683 1657 Μαγγάνωνο
734 1590 836 1644 καὶ
884 1592 1186 1660 τυφθέντες
1233 1587 1383 1647 οὗτοι
1411 1594 1506 1648 καὶ
1542 1594 1929 1666 δημευθέντες,

330 1681 435 1736 διάτ
459 1681 637 1755 μέσης
690 1683 913 1753 διῆλθον
939 1686 1038 1756 τῆς
1070 1686 1307 1749 πόλεως,
1359 1687 1457 1741 καὶ
1487 1688 1544 1740 ὲν
1567 1688 1755 1762 ὲξορίᾳ
1785 1707 1929 1761 παρ·-

331 1776 723 1846 επὲμφθησαν.
792 1779 1044 1847 Ἦγαγον
1085 1779 1143 1832 δὲ
1197 1779 1411 1834 Λέοντα
1477 1780 1785 1853 μάγιστρον
1831 1782 1930 1836 καὶ

330 1873 657 1944 δομέστικον
693 1873 804 1929 τῶν
854 1874 1065 1946 σχολῶν
1114 1876 1174 1930 ὲν
1205 1879 1273 1947 τῇ
1327 1875 1508 1943 Ιπόλει,
1572 1877 1668 1931 καὶ
1709 1877 1926 1949 διῆλθεν

329 1968 390 2020 ὲν
421 1967 564 2040 μέσῃ
588 1969 656 2038 τῇ
689 1966 869 2040 ἀγορᾷ
892 1944 1104 2040 ἡμιόνῳ
1136 1944 1492 2040 ἑφεξόμενος.
1536 1944 1830 2043 Ἐφωράθη
1867 1971 1926 2026 δὲ
1958 1944 2003 2001 Β

330 2061 428 2112 καὶ
480 2058 604 2128 Ζωὴ
644 2059 946 2128 Αύγοῦστα
1019 2060 1452 2117 ἐπιϐουλεύουσα
1510 2061 1779 2135 Ῥωμανῷ
1837 2063 1928 2118 διά

331 2151 823 2221 πεφαρμαγμένων
859 2152 1168 2223 βρωμάτων
1195 2154 1302 2207 ὑπὸ
1337 2153 1646 2222 Θεοκλήτου
1675 2156 1929 2228 νοταρίου

331 2244 434 2308 τῆς
488 2243 794 2316 ὑπουργίας
845 2245 1286 2299 σκευασθέντων·
1325 2247 1422 2300 καὶ
1450 2246 1661 2317 ταύτην
1692 2247 1788 2302 τοῦ
1818 2266 1928 2302 πα-

334 2335 519 2389 λατίου
583 2335 1076 2405 καταΰιὸἀζουσιν,
1103 2341 1200 2392 καὶ
1227 2341 1307 2403 είς
1334 2339 1397 2392 τὸ
1418 2339 1651 2411 Πετρίον
1674 2339 1925 2409 ἀπάγου-

342 2446 445 2492 σιν,
467 2428 614 2501 [αάά.
649 2429 709 2483 ὲν
725 2428 818 2501 τῇ]
849 2431 949 2500 τῆς
990 2430 1183 2500 Ἀγίας
1211 2432 1506 2503 Εὗφημίας
1538 2435 1673 2505 μονῇ
1702 2434 1928 2489 ἀποκεί-

334 2538 548 2593 ραντες.
578 2522 938 2595 Προσεκλήθη
962 2522 1023 2576 δὲ
1046 2524 1201 2595 παρά
1221 2525 1607 2594 Θεοφυλάκτου
1626 2526 1923 2598 πατρικίου

327 2615 423 2668 καὶ
457 2614 700 2685 κόμητος
729 2612 824 2668 τοῦ
859 2616 1090 2670 σταύλου
1120 2617 1202 2681 είς
1246 2618 1470 2689 ἄριστον
1500 2620 1529 2672 ό
1572 2618 1931 2689 παιδαγωγὸς

326 2705 756 2759 Κωνσταντίνου
808 2704 1078 2776 βασιλέως
1112 2708 1427 2781 Θεόδωρος,
1485 2713 1580 2767 καὶ
1643 2714 1874 2785 Συμεὼν
1897 2718 1929 2771 ὁ

323 2796 498 2851 αὐτοῦ
526 2797 780 2867 ἀδελφός.
815 2798 1145 2855 Ἐσθιόντων
1174 2801 1231 2857 δὲ
1263 2804 1446 2860 αὺτῶν
1474 2806 1927 2876 είσῆλθενΊωάν-

322 2903 428 2958 νης
450 2890 819 2960 δρουγγάριος
848 2893 879 2945 ὁ
913 2894 1241 2963 Κουρκούας
1273 2897 1437 2968 μετάζ
1464 2897 1722 2955 πλείστου
1771 2901 1925 2967 λαοῦ,

323 2983 428 3034 καὶ
476 2982 704 3047 τούτους
765 2978 1095 3056 ἀναρπάσας
1141 2988 1224 3047 είς
1265 2988 1329 3041 τὸ
1370 2989 1613 3060 ὐψίκιον
1661 2991 1928 3064 ἐξώρισεν

322 3073 389 3125 ἰν
423 3074 538 3138 τοῖς
564 3074 750 3129 αὐτῶν
774 3078 1146 3147 προαστείοις,
1175 3079 1252 3144 ὡς
1283 3082 1430 3135 κατά
1472 3082 1761 3155 Ῥωμανοῦ
1825 3104 1923 3157 με-

321 3166 623 3231 λετῶντας,
669 3170 862 3224 Εὶκάδι
903 3170 961 3225 δὲ
997 3173 1238 3246 τετάρτῃ
1305 3176 1691 3250 Σεπτεμϐρίου
1752 3180 1924 3250 μηνὸς

2033 682 2088 727 et
2116 673 2186 730 de
2219 674 2469 746 ingressu
2498 677 2552 732 in
2587 676 2783 733 urbem
2835 677 3077 748 aliquam
3123 677 3457 748 desperans,
3483 668 3651 747 Quod

2035 762 2156 818 sine
2183 762 2471 834 dignitatis
2501 765 2660 821 titulo
2703 775 2758 822 et
2807 767 3019 825 viribus
3047 768 3352 835 accederet,
3383 776 3438 823 et
3489 767 3634 824 forte

2034 870 2143 912 non
2175 857 2536 927 reciperetur,
2571 858 2627 914 in
2661 859 2847 917 locum
2877 860 2966 917 cui
2997 861 3238 918 Cocleon
3271 876 3515 927 nomen,
3539 859 3631 916 fu-

2034 949 2190 1019 giens
2219 951 2658 1022 comprehensus
2700 961 2824 1009 est:
2865 954 3064 1010 exinde
3121 952 3405 1011 Romanus
3456 952 3630 1008 Joan-

2034 1054 2158 1094 nem
2192 1039 2468 1099 Tubacem
2500 1052 2557 1099 et
2594 1042 2832 1101 Leonem
2860 1044 2983 1118 ejus
3017 1055 3314 1117 cognatum
3347 1045 3628 1102 hominem

2033 1132 2091 1187 in
2123 1133 2316 1191 urbem
2362 1135 2701 1193 adducturos
2731 1139 2904 1195 misit.
2936 1138 3407 1209 Comprehensum
3441 1138 3631 1209 itaque

2033 1226 2212 1284 oculis
2258 1228 2636 1298 privaverunt,
2679 1231 2830 1287 nullo
2873 1231 3003 1288 licet
3039 1248 3205 1303 super
3258 1233 3365 1288 hoc
3400 1238 3629 1304 accepto

2030 1314 2215 1387 iussu,
2247 1319 2343 1375 sed
2374 1329 2680 1391 spontanea
2719 1322 3002 1378 voluntate
3029 1322 3100 1378 ad
3132 1323 3239 1379 hoc
3277 1323 3466 1380 ducti:
3490 1323 3628 1378 adeo

2035 1420 2095 1467 ut
2124 1413 2476 1482 imperatoris
2527 1414 2689 1471 Pater
2734 1415 3017 1472 Romanus
3043 1417 3110 1472 de
3143 1415 3391 1472 facinore
3435 1417 3629 1474 trista-

2033 1513 2126 1560 tus
2188 1504 2376 1562 fuerit.
2455 1506 2644 1565 Mense
2708 1519 2894 1565 autem
2953 1508 3207 1580 Augusto
3276 1508 3631 1565 Constantini

2034 1597 2364 1664 Ctemateni,
2396 1598 2621 1657 Davidis
2649 1600 2987 1669 Camuliani,
3015 1609 3071 1657 et
3098 1600 3386 1658 Michaelis
3408 1616 3637 1672 manga-

2032 1703 2233 1745 norum
2263 1692 2539 1748 curatoris
2567 1694 2795 1750 detectae
2822 1700 2954 1749 sunt
2980 1692 3232 1750 insidiae:
3263 1707 3436 1765 quare
3465 1693 3630 1749 etiam

2033 1780 2113 1847 hi,
2147 1781 2309 1838 bouis
2355 1784 2673 1854 publicatis,
2709 1785 3033 1847 verberibus
3061 1785 3266 1852 affecti,
3297 1795 3353 1842 et
3392 1801 3490 1857 per
3517 1801 3633 1842 me-

2031 1873 2182 1929 diam
2228 1875 2421 1932 urbem
2452 1862 2802 1946 traducti,'in
2835 1878 3094 1935 exsilium
3127 1878 3284 1935 missi
3314 1889 3466 1935 sunt.
3500 1877 3634 1933 Leo-

2033 1976 2159 2018 nem
2199 1962 2427 2035 insuper
2455 1966 2786 2037 magistrum
2819 1976 2875 2024 et
2911 1968 3229 2025 scholarum
3265 1966 3629 2027 domesticum

2035 2053 2089 2108 in
2122 2054 2312 2111 urbem
2348 2057 2709 2123 induxerunt,
2750 2058 2848 2130 qui
2890 2059 3042 2115 mulo
3090 2058 3341 2115 insidens
3374 2073 3471 2129 per
3510 2073 3629 2117 me-

2033 2147 2187 2205 dium
2220 2147 2403 2205 lorum
2435 2151 2784 2221 pertransiit.
2823 2150 3012 2208 Delata
3045 2160 3128 2209 est
3179 2152 3346 2207 etiam
3381 2148 3493 2206 Zoc
3516 2150 3631 2205 Au-

2031 2251 2217 2310 gusta,
2248 2252 2308 2298 ut
2338 2258 2464 2313 quae
2512 2242 2765 2302 Romano
2810 2260 2911 2317 per
2951 2245 3109 2303 cibos
3157 2259 3366 2302 veneno
3394 2242 3631 2301 inlectos

2033 2348 2065 2388 a
2093 2333 2392 2394 Theocleto
2421 2338 2716 2395 ministerii
2760 2339 2982 2397 notario
3013 2339 3372 2396 insidiaretur
3401 2357 3416 2394 :
3458 2353 3632 2409 quare

2032 2427 2179 2485 hanc
2215 2445 2248 2485 c
2271 2431 2474 2499 palatio
2506 2433 2764 2489 recedere
2794 2441 3071 2497 coactam,
3102 2434 3158 2488 in
3190 2440 3398 2488 sanctae
3422 2430 3634 2502 Euphe-

2032 2522 2156 2579 mite
2196 2524 2532 2580 monasterio
2589 2525 2657 2581 ad
2710 2525 2954 2592 Petrium
3020 2525 3130 2582 sito
3185 2524 3365 2582 tonsis
3418 2523 3635 2594 capillis

2031 2614 2328 2670 monialem
2384 2615 2658 2673 fecerunt.
2692 2617 3020 2674 Theodorus
3064 2625 3248 2673 autem
3281 2615 3631 2673 Constantini

2030 2706 2407 2777 imperatoris,
2440 2709 2770 2782 paedagogus
2818 2719 2874 2765 et
2917 2707 3140 2765 Simeou
3193 2708 3314 2778 ejus
3365 2707 3553 2773 frater,
3597 2723 3632 2763 a

2031 2799 2447 2874 Theophylacto
2484 2803 2721 2874 patricio
2768 2811 2828 2858 et
2860 2803 3065 2860 stabuli
3102 2802 3307 2859 comite
3340 2801 3408 2858 ad
3439 2802 3632 2858 conri-

2030 2893 2181 2948 vium
2232 2905 2460 2951 vocatus
2493 2903 2605 2950 est.
2663 2894 3135 2951 Recumbentibus
3192 2892 3324 2958 illis,
3386 2892 3631 2950 Joannes

2032 2984 2374 3058 Drungarius
2420 2985 2672 3043 Cureuas
2703 3002 2834 3044 cum
2869 2987 3057 3060 populi
3108 2985 3269 3042 turba
3320 2984 3631 3056 ingressus,

2031 3089 2218 3147 raptos
2243 3079 2465 3134 eosdem
2501 3080 2568 3134 ad
2607 3079 2892 3150 Opsieium
2935 3077 3254 3135 eliminatos
3288 3075 3528 3146 propriis
3576 3074 3636 3129 in

2032 3170 2389 3233 suburbanis,
2430 3170 2579 3227 velut
2615 3172 2882 3228 adversus
2928 3169 3240 3226 Romanum
3286 3167 3637 3224 machinatos

325 3260 401 3330 τῇ
431 3258 529 3313 τοῦ
592 3261 875 3333 Καίσαρος
905 3262 1056 3334 ἀξίᾳ,
1082 3267 1180 3318 καὶ
1210 3269 1536 3340 Δεκεμϐρίῳ
1570 3275 1701 3341 μηνὶ
1724 3270 1927 3344 δεκάτῃ

2031 3262 2287 3319 exsulare
2351 3263 2555 3335 coegit.
2604 3263 2813 3331 Quarto
2880 3278 3014 3321 vero
3069 3277 3239 3333 supra
3307 3260 3635 3319 vicesimum

326 3354 541 3426 ἑδδόμῃ
567 3358 633 3427 τῇ
659 3356 768 3410 τῶν
792 3358 1161 3431 προπατόρων
1189 3361 1383 3432 κυρίου
1412 3363 1492 3434 τῷ
1508 3366 1610 3436 τῆς
1643 3364 1924 3436 βασιλείας

325 3447 594 3515 στέφεται
642 3448 944 3520 διαδήματι
987 3451 1144 3522 παρά
1192 3454 1611 3509 Κωνσταντίνου
1656 3456 1926 3528 βασιλέως

323 3539 429 3592 καὶ
460 3539 736 3596 Νικολάου
768 3543 1143 3616 πατριάρχου,
1168 3547 1264 3600 καὶ
1278 3548 1344 3619 τῇ
1376 3546 1489 3601 τῶν
1522 3549 1699 3617 ἁγίων
1721 3551 1927 3605 Φώτων

318 3632 519 3705 ἡμέρᾳ
570 3636 759 3705 στέφει
786 3635 1071 3709 Θεοδώραν
1101 3637 1202 3710 τὴν
1252 3642 1491 3709 γυναῖκα
1513 3641 1704 3698 αὐτοῦ.
1764 3645 1929 3716 Μαΐῳ

318 3723 387 3777 δὲ
415 3725 551 3795 μηνὶ
602 3727 806 3802 δεκάτῃ
836 3728 1040 3802 ἑϐδόμῃ
1073 3729 1409 3797 ίνδικτιῶνος
1454 3732 1520 3798 ε’,
1550 3734 1928 3808 Χριστοφόρος

316 3815 351 3866 ὁ
384 3815 503 3880 υίὸς
544 3816 830 3890 Ῥωμανοῦ
862 3822 1265 3894 ἀναγορεύεται
1314 3822 1601 3896 βασιλεύς·
1661 3829 1924 3899 στέφεται

316 3906 385 3960 δὲ
406 3911 475 3979 τῇ
510 3911 687 3965 εἰκάδι
743 3913 839 3967 τοῦ
884 3915 1053 3970 αὑτοῦ
1109 3917 1281 3990 μηνὸς
1308 3917 1464 3991 παρὰ
1503 3920 1927 3976 Κωνσταντίνου

317 3996 600 4068 βασιλέως
653 4005 719 4076 τῇ
745 4005 844 4075 τῆς
902 4006 1069 4075 ἀγίας
1139 4009 1534 4084 Πεντηκοστῆς
1592 4015 1800 4088 ἡμέρᾳ,
1834 4018 1931 4072 καὶ

320 4093 487 4163 μόνοι
520 4088 666 4151 οὗτοι
703 4097 752 4150 oi
810 4097 906 4152 δύο
931 4100 993 4154 ἐν
1040 4102 1107 4173 τῇ
1136 4102 1276 4176 αὐτῇ
1318 4104 1637 4177 προελεύσει
1682 4111 1928 4181 προσῆλ-

317 4182 423 4237 οον
456 4184 603 4254 (28).

413 4369 623 4443 Ἰουλίῳ
664 4372 721 4426 δὲ
745 4374 877 4445 μηνὶ
927 4374 1093 4449 ὀγδόῃ
1143 4377 1476 4442 ίνδικτιῶνος
1497 4379 1684 4453 ἡμέρᾳ
1713 4381 1925 4453 Κυρίου

315 4462 360 4532 ή
394 4461 497 4532 τῆς
542 4461 873 4535 Ἐκκλησίας
922 4467 1077 4538 παρά
1110 4469 1400 4539 Ῥωμανοῦ
1429 4471 1654 4540 γέγονεν
1707 4472 1926 4539 ἓνωσις,

313 4553 591 4607 ἁπάντων
625 4554 938 4612 ἑνωθέντων
958 4549 1381 4632 μητροπολιτῶν
1424 4580 1484 4618 τε
1504 4564 1601 4618 καὶ
1620 4564 1926 4636 κληρικῶν,

314 4641 441 4696 τῶν
483 4642 593 4698 ἀπὸ
652 4645 927 4702 Νικολάου
981 4651 1326 4724 πατριάρχου
1388 4654 1485 4708 καὶ
1518 4654 1799 4723 Εὑθυμίου
1849 4657 1931 4710 δι-

2032 3356 2377 3427 Septembris
2428 3357 2661 3422 mensis,
2699 3356 2938 3414 Caesaris
2987 3356 3276 3428 dignitate,
3318 3354 3637 3410 Decembris

2029 3458 2211 3503 autem
2277 3448 2487 3504 mensis
2547 3448 2765 3504 decimo
2817 3448 3081 3517 septimo,
3132 3444 3339 3501 Christi
3408 3442 3632 3500 Domini

2029 3547 2422 3610 proparentum
2459 3538 2626 3607 festo,
2658 3540 2878 3611 imperii
2911 3540 3226 3595 diademate
3277 3540 3309 3592 ll
3360 3536 3640 3593 Constan-

2028 3633 2146 3689 tino
2204 3634 2540 3704 imperatore
2594 3640 2652 3688 et
2697 3630 2926 3688 Nicolao
2988 3629 3325 3701 patriarcha-
3349 3628 3637 3684 Romanus

2029 3735 2296 3793 ornatur;
2345 3734 2667 3783 sanctorum
2717 3725 2918 3781 deinde
2970 3722 3270 3779 Luminum
3310 3721 3401 3777 die
3456 3718 3639 3775 Theo-

2028 3817 2221 3873 doram
2267 3833 2492 3874 uxorem
2522 3826 2789 3885 coronat;
2816 3831 2946 3872 mox
2978 3814 3104 3870 Maii
3158 3812 3368 3871 mensis
3416 3811 3636 3867 decimo

2029 3908 2283 3979 septimo,
2332 3907 2637 3966 indictione
2660 3910 2875 3980 quinta,
2908 3905 3351 3977 Cbristophorus
3401 3902 3661 3960 Romani.

2032 4002 2175 4059 Illius
2227 4002 2530 4074 imperator
2564 4003 2956 4057 renuntiatur:
3016 4008 3074 4056 et
3122 3996 3375 4069 ejusdem
3429 3996 3639 4052 mensis

2030 4095 2295 4164 vicesimo
2328 4103 2539 4151 sanctae
2578 4093 2937 4151 Pentecostes
2969 4093 3059 4148 die
3087 4091 3252 4156 l‘eslo,
3282 4105 3312 4145 a
3353 4087 3635 4145 Constan-

2029 4188 2145 4244 tino
2193 4189 2524 4245 redimitur:
2558 4188 2765 4259 istique
2807 4187 2918 4244 duo
2947 4186 3053 4243 soli
3081 4184 3331 4256 ejusdem
3359 4180 3470 4238 diei
3502 4192 3635 4252 pro-

2029 4296 2190 4340 cessu
2234 4282 2468 4340 solemni
2508 4278 2617 4353 per
2662 4282 2855 4336 urbem
2906 4276 3185 4350 progressi
3232 4284 3384 4332 sunt.

2100 4374 2272 4431 Porro
2302 4372 2450 4430 Julio
2481 4387 2693 4436 mense,
2729 4372 3031 4428 indictione
3078 4369 3243 4442 497
3297 4374 3489 4423 octava
3544 4362 3637 4418 die

2028 4467 2315 4532 Dominico
2348 4466 2517 4523 totius
2573 4463 2832 4521 Ecclesia:
2862 4478 2893 4518 a
2919 4462 3173 4520 Romano
3220 4460 3357 4516 inita
3384 4465 3472 4514 est
3495 4470 3634 4511 con-

2029 4561 2239 4628 cordia,
2283 4559 2503 4617 cunctis
2549 4557 2919 4629 metropolitis
2944 4565 3004 4612 et
3053 4555 3297 4621 clericis,
3336 4551 3493 4624 quia
3542 4547 3638 4605 Ni-

1959 4637 2006 4693 D
2032 4654 2174 4710 colai
2207 4661 2266 4709 et
2297 4652 2580 4722 Euthymii
2612 4652 2863 4723 partibus
2893 4650 3088 4707 divisis
3117 4655 3386 4705 steterant
3409 4642 3633 4702 animis.

318 4737 697 4809 εσχισμένων.
737 4741 930 4814 Ὅγδόῃ
952 4743 1011 4797 δὲ
1040 4743 1417 4816 Φεϐρουαρίου
1442 4746 1633 4818 μηνὸς,
1657 4746 1928 4802 ίνδικτιῶ-

2035 4748 2091 4803 in
2131 4746 2557 4804 consensionem
2606 4743 2986 4801 redeuntibus.
3043 4741 3251 4798 Mensis
3300 4749 3484 4796 autem
3531 4734 3640 4791 Fe-

314 4848 420 4895 νος
463 4830 668 4905 δεκάτῃ
689 4833 886 4906 ἑννάτῃ
917 4836 1250 4902 ἀποστείλας
1293 4838 1575 4910 ’Βωμανδς
1600 4839 1924 4910 ὑπερορίζει

2034 4841 2242 4899 liruarii
2275 4842 2597 4905 dieoctavo,
2631 4839 2940 4896 indictione
2975 4838 3189 4896 decima
3225 4831 3638 4898 nona,mittens

314 4923 425 4977 τὸν
477 4925 782 4998 μάγιστρον
845 4928 1123 4998 Στέφανον
1173 4931 1267 4985 τὸν
1292 4930 1395 5000 τῆς
1448 4931 1816 5003 Καλομαρίας
1844 4934 1925 4997 είς

2034 4932 2318 4990 Romanus
2344 4933 2667 5005 magistrum
2716 4929 3063 4999 Stephanum
3104 4926 3432 5021 Calomariae
3461 4923 3636 5021 lilium

316 5019 430 5088 τὴν
476 5022 782 5089 ’Λντμιγόνοιυ
847 5023 1049 5094 νῆσον,
1083 5025 1159 5088 ὡς
1184 5025 1287 5095 τῆς
1350 5024 1631 5096 βασιλείας
1667 5026 1923 5096 ἐφίεσθαι

2031 5022 2086 5078 in
2138 5024 2488 5097 Antigoniam
2522 5023 2765 5079 insulam
2811 5022 3061 5078 exsulem
3106 5020 3291 5091 ejecit,
3324 5011 3633 5086 imperandi

316 5109 788 5181 κατηγορηθέντα
820 5129 847 5145 ’-
891 5115 1111 5185 πρῶτον
1136 5115 1301 5170 αὐτὸν
1331 5115 1634 5187 ἀποκείρας
1653 5116 1770 5189 ἅμα
1799 5117 1928 5171 Θεο-

2033 5116 2354 5187 cupiditalis
2400 5124 2755 5172 accusatum:
2809 5129 2937 5171 cum
2977 5113 3131 5185 prius
3158 5123 3267 5165 una
3299 5121 3426 5163 cum
3463 5102 3637 5203 Theo-

316 5196 496 5265 φάνει
548 5198 851 5275 Τειχειώτῃ
898 5205 995 5259 καὶ
1029 5205 1228 5277 Παύλῳ
1264 5207 1670 5280 ὀρφανοτρόφῳ
1717 5208 1931 5280 ἀνθρὼ-

2037 5209 2219 5279 pbane
2271 5206 2524 5264 Ticlriote
2572 5216 2631 5263 et
2680 5205 2853 5264 Paulo
2898 5200 3347 5276 orphanotropho
3398 5196 3638 5268 propriis

318 5302 458 5353 ποις
513 5290 704 5347 αὐτοῦ.
750 5293 1044 5366 Ἐποίησεν
1109 5297 1399 5370 Ῥωμανδς
1443 5297 1702 5371 βασιλεὺς
1753 5301 1810 5354 ἒν
1852 5298 1931 5371 τῷ

2038 5301 2360 5358 domesticis
2415 5301 2470 5357 in
2504 5301 2839 5357 monachum
2881 5301 3154 5355 detonsus
3200 5295 3417 5351 fuisset.
3465 5290 3636 5347 Caste-

318 5379 1073 5457 Τριὸουναλίῳ-πρόκενσον,
1111 5391 1474 5461 συνηγμένων
1508 5386 1771 5446 ἀπάτθτων
1806 5392 1931 5462 μεθ’

2040 5412 2163 5452 rum
2198 5396 2482 5453 Romanus
2531 5396 2839 5467 imperator
2864 5393 2945 5450 ad'
3006 5389 3392 5449 Tribunalium
3424 5386 3634 5443 solem-

316 5471 527 5526 ὃπλων»
572 5476 777 5533 ἐκεῖσε.
843 5478 951 5533 Ἰῖοὖ
1009 5482 1312 5554 ἀδνουμίου
1363 5484 1422 5538 δὲ
1456 5489 1757 5557 γενομένου
1811 5490 1928 5562 (29)

2040 5505 2173 5545 nem
2213 5488 2424 5546 habens
2482 5503 2831 5560 processum,
2881 5486 3099 5542 cunctis
3150 5497 3431 5539 armorum
3481 5480 3635 5535 omni

1519 5647 1771 5708 FRANC.
1803 5652 2203 5712 COMBEF-lSll
2235 5654 2465 5713 NOTA‘I.

319 5816 508 5891 senet:
534 5813 776 5889 constat,
840 5808 1206 5891 acdreddi‘tiun
1239 5819 1343 5865 est.
1384 5813 1482 5869 Διά
1511 5817 1924 5888 πεφαρμαγμὲ-

318 5889 444 6015 Frui;
482 5871 822 5945 βρωμάτων·
877 5871 979 5934 Per
1019 5880 1158 5937 cibos
1195 5871 1561 5952 pra'paralos,
1595 5871 1925 5944 'ren'cnouiu-

356 5959 416 5998 ec
446 5960 525 5999 os.

2116 5820 2229 5891 (28)
2262 5818 2588 5891 Προελεύσει
2621 5818 2917 5891 προῆλθον.
2957 5817 3163 5891 Ιιιίθηιι
3216 5873 3225 5882 ,

2110 5888 2224 5962 (‘29)
2256 5888 2430 5947 Facta
2466 5888 2695 5946 militum
2743 5888 3071 5962 recensione.
3104 5888 3198 5962 Est
3237 5888 3409 5962 enim,
3443 5888 3621 5949 imuit

2038 5960 2257 6028 Sulcius,
2290 5962 2594 6035 ἀπογςεαερὴ
2620 5964 2902 6034 ὀνομάτων
2938 5960 3087 6034 παρὰ
3125 5960 3443 6033 Ῥιιιμαίυις.
