4088 6428
537 343 675 408 1143

1798 339 1994 402 LEON
2005 338 2074 400 lS
2105 337 2595 400 GRAMMATICI

3674 342 3812 409 1144

531 475 657 514 rum
707 457 1142 514 munitissimum
1177 465 1488 528 occupant:
1522 471 1662 528 quos
1695 455 1933 512 Joannes
1973 454 2107 510 Cur-

2223 455 2280 510 δέ
2317 457 2410 510 καὶ
2449 456 2737 528 Τατζάτης
2782 457 3066 528 Ἀρμένιος
3101 457 3354 522 πλούσιος
3393 459 3560 525 πάνυ,
3583 463 3651 530 τῇ
3684 477 3811 514 συν-

532 567 689 618 euas,
753 550 1072 606 scholarum
1138 550 1513 616 domesticus,
1573 565 1699 606 cum
1756 549 2119 616 debellasset,

532 644 808 713 quosdam
839 643 1060 713 quidem
1107 643 1306 708 tenuit,
1339 658 1576 712 quorum
1632 641 1989 708 illustriores,
2031 640 2121 696 fa-

532 738 837 792 cultatibus
868 752 1062 792 eorum
1116 737 1410 807 publicatis
1459 736 1775 803 exezeeavit,
1801 736 1940 792 alios
1990 750 2120 791 vero

531 831 751 886 occidit.
783 829 1038 886 Tatzates
1087 838 1270 886 autem
1307 831 1416 886 alio
1442 829 1788 886 validissimo
1836 831 1958 886 loco
1990 828 2118 899 fuga

527 933 816 994 occupato,
847 934 903 980 et
933 925 1251 981 securitatis
1279 925 1386 981 ﬁde
1428 933 1675 995 accepta,
1705 925 1759 979 in
1805 924 1994 979 urbem
2027 939 2118 979 re-

526 1031 722 1072 versus
766 1025 871 1080 est,
902 1025 960 1072 et
1009 1017 1361 1089 manglahitaa
1410 1020 1674 1090 dignitate
1727 1022 2031 1078 honoratus
2062 1021 2116 1075 in

526 1106 922 1178 Mauganormn
961 1109 1163 1180 palatio
1196 1111 1302 1166 sub
1345 1111 1598 1167 custodia
1651 1122 1902 1169 servatus
1929 1127 2115 1169 mora-

525 1201 707 1256 batur.
743 1201 949 1274 Fugam
980 1213 1164 1258 autem
1200 1205 1551 1260 machinatus
1589 1206 1879 1261 oculorum
1911 1206 2118 1260 lumine

527 1292 797 1362 privatur,
833 1294 1068 1351 Bardam
1100 1296 1321 1352 Boelam
1355 1297 1409 1352 in
1433 1299 1764 1353 monachum
1795 1299 2113 1354 detondent.

525 1385 767 1443 Patricio
792 1403 922 1443 vero
953 1390 1214 1458 quopiam
1242 1391 1568 1460 cognomine
1594 1391 1928 1457 Moroleone,
1957 1391 2118 1446 Adri-

525 1478 825 1549 anopoleos
857 1479 1012 1535 urbis
1044 1481 1208 1548 duce,
1253 1483 1308 1536 in
1344 1484 1510 1538 rebus
1554 1483 1768 1540 bellicis
1811 1484 2116 1541 fortissimo

523 1581 579 1626 et
611 1572 835 1628 solertia
886 1562 1283 1643 prastanli,'nt
1331 1577 1426 1646 qui
1483 1575 1752 1633 adversus
1803 1577 2111 1649 Bulgariam

525 1663 771 1718 facinora
823 1663 953 1720 forti
992 1665 1112 1721 viro
1149 1666 1314 1736 digna
1354 1669 1695 1725 ostendisset
1732 1671 1989 1740 plurima,
2024 1671 2114 1726 Si-

522 1771 685 1812 meon
719 1756 989 1826 Bulgarus
1017 1774 1145 1814 cum
1200 1761 1350 1816 omni
1386 1761 1633 1818 exercitu
1661 1763 1865 1818 dictant
1920 1764 2110 1820 urbem

2228 549 2374 621 θήκῃ
2398 550 2492 602 καὶ
2518 549 2798 622 συμϐουλῇ
2831 551 3011 622 Βάρδα
3039 551 3132 605 τοῦ
3163 553 3345 624 Βοηλᾶ
3367 553 3810 624 στρατηγοῦντος

2225 644 2285 697 ἐν
2311 641 2542 714 Χαλδίᾳ,
2574 643 2867 712 τυραννίδα
2898 645 2993 698 καὶ
3011 645 3310 716 ἁνταρσίαν
3345 647 3488 701 κατὰ
3525 646 3810 718 Ῥωμανοῦ

2234 733 2503 804 βασιλέως
2550 734 2966 799 συσκευάζουσι,
3030 735 3092 789 τὸ
3143 736 3361 808 Παῒπερ
3412 753 3486 790 τε·
3514 737 3812 807 λεγόμενον

2233 830 2502 901 ὀχύρωμα
2533 831 2922 901 κατασχόντες,
2939 831 3034 896 οὓς
3061 834 3091 885 ὁ
3111 833 3432 903 δομέστικος
3464 833 3573 887 τῶν
3604 833 3814 904 σχολῶν
3921 873 3925 875 .

2235 925 2493 997 Ἰωάννης
2545 926 2575 978 ὁ
2613 926 2940 997 Κουρκούας
2989 926 3474 998 καταπολεμήσας,
3522 927 3652 990 τοὺς
3708 925 3813 996 μὲν

2222 1018 2510 1090 κατέσχεν,
2541 1011 2618 1072 ὧν
2649 1019 2777 1084 τοὺς
2833 1020 3334 1090 ⁸περιφανεστέρους
3361 1019 3681 1087 άπατυφλοϊ,
3707 1018 3812 1082 τὰς

2220 1110 2410 1174 οὐσίας
2438 1112 2720 1183 δημεύσας
2746 1111 2884 1183 (Η).
2924 1113 3212 1184 Τατξάτης
3245 1114 3303 1167 δέ
3322 1115 3382 1167 ἐν
3405 1114 3578 1184 ἑτέρῳ
3593 1115 3810 1184 exuper-

2222 1204 2373 1275 τάτῳ
2403 1205 2707 1276 καστελλίῳ
2751 1206 3054 1276 διαφυγὼν,
3084 1207 3178 1262 καὶ
3231 1208 3390 1276 λόγον
3419 1208 3515 1260 τοῦ
3550 1207 3680 1278 μήτι
3711 1223 3812 1260 κα-

2219 1297 2315 1352 κὸν
2344 1299 2541 1354 παθεῖν
2566 1300 2863 1371 δεξάμενος
2889 1303 2948 1355 ἐν
2986 1304 3054 1372 τῇ
3095 1303 3248 1355 πόλει
3307 1301 3668 1370 εἰσεληλύθει,
3712 1299 3813 1353 καὶ

2217 1395 2285 1463 τῇ
2321 1392 2416 1446 τοῦ
2455 1393 2794 1464 μαγλαϐίτου
2828 1393 3124 1467 [μαγγλα-]
3165 1393 3292 1466 ἀξίᾳ
3319 1393 3598 1464 τιμηθεὶς,
3639 1394 3700 1446 ἐν
3730 1391 3812 1462 τῷ

2217 1487 2353 1558 οίκῳ
2371 1487 2485 1540 τῶν
2511 1488 2830 1557 Μαγγάνων
2867 1489 3092 1561 διῃτᾶτο
3146 1489 3507 1559 τηρούμενος.
3552 1486 3810 1558 Δρασμδν

2215 1579 2273 1633 δὲ
2299 1579 2734 1649 βουλευσάμενος
2764 1578 3072 1642 ἁλίσκεται,
3108 1581 3203 1634 καὶ
3230 1579 3341 1632 τῶν
3391 1577 3657 1648 ὀμμάτων
3686 1594 3811 1632 στε-

2218 1671 2490 1742 ρίσκεται.
2528 1669 2745 1741 Βάρδαν
2774 1671 2831 1725 δὲ
2856 1671 2948 1724 τὸν
2982 1670 3195 1740 Βοηλᾶν
3210 1671 3518 1741 άπέκειραν
3549 1669 3806 1738 μοναχόν.

2217 1760 2324 1814 Τοῦ
2351 1759 2410 1813 δὲ
2458 1760 2760 1832 Πατρικίου
2807 1759 2904 1814 τοῦ
2969 1761 3124 1824 ὄντος
3159 1759 3300 1832 [καὶ]
3327 1759 3808 1831 ἐπονομαζομένου

519 1848 761 1916 obsedit,
799 1851 1052 1923 valloque
1091 1853 1478 1910 circumducto
1506 1855 1702 1912 validis
1735 1857 1906 1913 armis
1954 1872 2107 1928 pres-

2219 1825 2604 1922 Μωρολέοντος
2633 1851 2750 1922 (42)
2807 1825 3310 1923 Ἀδριανουπόλεως
3345 1825 3809 1922 στρατηγούντος,

520 1942 631 1999 sit:
663 1941 943 1998 frumento
971 1954 1154 2000 autem
1187 1961 1287 2016 per
1313 1946 1507 2002 urbem
1533 1947 1826 2004 deficiente
1851 1947 1990 2004 dura
2024 1949 2110 2005 fa-

519 2049 637 2090 mes
671 2035 894 2102 invasit,
923 2052 990 2092 ex
1033 2038 1182 2094 nulla
1228 2041 1431 2112 quippe
1464 2050 1621 2112 parte
1662 2044 1929 2113 egestatis
1960 2044 2112 2100 cala-

519 2127 712 2184 mitate
737 2129 920 2186 vexati
952 2147 1232 2188 annonam
1264 2149 1562 2204 procurare
1600 2135 1900 2192 valebant:
1938 2153 2111 2208 quare

519 2221 733 2291 seipsos
777 2232 832 2278 ct
883 2225 1162 2304 exercitus
1194 2225 1391 2282 ducem
1436 2225 1688 2298 Bulgaris
1723 2229 2105 2296 tradiderunt,

519 2329 686 2385 quem
713 2315 1120 2384 apprehensum
1148 2315 1395 2385 Simeon,
1433 2319 1778 2391 vinculisque
1807 2337 1902 2392 per
1930 2330 2106 2377 totum

521 2419 729 2486 corpus
757 2407 1160 2463 circumdatum
1191 2424 1378 2465 amara
1404 2421 1583 2467 morte
1613 2412 1887 2470 interfecit
1912 2432 1926 2469 :
1959 2429 2110 2470 com-

524 2496 892 2564 mendataque
923 2499 1177 2571 Bulgaris
1213 2503 1365 2558 urbis
1395 2505 1646 2560 custodia
1686 2506 1742 2560 in
1774 2500 2108 2577 patriam'se

524 2590 751 2660 recepit.
789 2591 970 2648 Leme
999 2591 1270 2662 Tripolita
1306 2611 1432 2651 cum
1463 2598 1690 2668 copioso
1714 2599 1957 2654 exercitu
1988 2599 2107 2654 hel-

517 2683 748 2755 licisque
787 2687 1018 2742 navibus
1051 2687 1106 2741 in
1161 2685 1443 2746 Romanos
1487 2701 1830 2762 erumpente,
1859 2703 1914 2748 et
1947 2692 2108 2748 Lem-

517 2792 652 2832 num
679 2776 919 2833 insulam
949 2791 1275 2848 occupante,
1307 2780 1549 2838 Joannes
1573 2784 1822 2842 Radinus
1846 2787 2107 2856 patricius

512 2875 572 2924 et
591 2869 789 2926 classis
814 2871 1150 2942 drungarius
1179 2888 1308 2929 eum
1364 2891 1434 2930 ex
1479 2877 1784 2947 improviso
1810 2894 2105 2950 aggressus

512 2971 623 3018 est.
653 2960 906 3032 lnitoque
939 2964 1244 3020 certamine
1272 2965 1477 3022 divinis
1523 2969 1770 3034 auxiliis,
1793 2971 1890 3040 qui
1926 2972 2103 3026 conti-

514 3056 775 3112 tabantur
809 3057 1051 3129 Agareni
1079 3058 1187 3114 fusi
1221 3069 1367 3127 sunt,
1387 3061 1508 3118 solo
1537 3061 1802 3133 Tripolita
1832 3063 1962 3136 fuga
1994 3080 2104 3121 ser-

513 3157 664 3204 V810.

2219 1943 2518 2015 κρατίστου
2575 1946 2646 1998 τὰ
2699 1943 2975 2014 πολεμικὰ
3031 1945 3126 1998 καὶ
3164 1943 3477 2014 περιδεξίου
3505 1943 3809 2014 τυγχάνον-

2215 2053 2328 2102 τος,
2366 2035 2425 2098 ὃς
2495 2035 2755 2100 πλείστας
2811 2036 2955 2090 κατὰ
3025 2034 3370 2107 Βουλγαρίας
3433 2033 3810 2106 ἀνδραγαθίας

2216 2127 2554 2195 ἐπεδείξατο,
2611 2130 2640 2183 ὁ
2700 2128 3010 2200 Βούλγαρος
3063 2127 3293 2199 Συμεὼν
3361 2129 3460 2182 σὺν
3528 2127 3700 2180 παντὶ
3733 2127 3811 2196 τῷ

2219 2221 2592 2293 στρατεύματι
2649 2221 2750 2294 τὴν
2810 2222 3111 2295 εἰρημένην
3159 2222 3318 2276 πόλιν
3337 2219 3806 2292 περιεκύκλωσεν,

2217 2318 2312 2370 καὶ
2343 2315 2564 2386 χάρακα
2591 2314 2906 2389 περιϐαλὼν
2955 2315 3195 2388 ίσχυρῶς
3223 2315 3434 2383 ταύτην
3469 2313 3798 2382 ἐπολιόρκει.

2229 2411 2386 2465 Ἐπεὶ
2432 2411 2488 2464 δὲ
2527 2411 2554 2463 ὅ
2579 2426 2638 2462 τε
2688 2412 2836 2472 σῖτος
2861 2411 2990 2473 τοὺς
3031 2412 3089 2462 ἐν
3117 2411 3184 2479 τῇ
3240 2406 3394 2460 πόλει
3448 2405 3806 2463 ἐπιλελοίπει,

2217 2503 2312 2556 καὶ
2347 2502 2509 2573 λιμὸς
2568 2501 2756 2566 ἐπίεζε
2813 2501 3054 2573 χαλεπὸς
3109 2499 3436 2573 (οὐδαμόθεν
3491 2501 3603 2568 γὰρ
3657 2495 3809 2566 εἶχον

2215 2595 2673 2665 ἐπισιτίσασθαι),
2705 2596 2772 2665 τῇ
2802 2594 2985 2665 ἐνδείᾳ
3013 2592 3358 2664 πιεζόμενοι,
3393 2588 3808 2661 προδεδώκασιν

2213 2690 2448 2754 ἑαυτούς
2487 2707 2548 2742 τε
2576 2689 2672 2743 καὶ
2697 2689 2792 2742 τὸν
2824 2688 3136 2759 στρατηγὸν
3175 2689 3291 2750 τοῖς
3355 2684 3711 2755 Βουλγάροις,
3747 2683 3808 2736 ἰν

2215 2783 2628 2855 χειρωσάμενος
2659 2780 2912 2852 Συμεὼν,
2945 2781 3041 2834 καὶ
3067 2781 3244 2850 δεσμὰ
3284 2778 3409 2832 καθ’
3426 2777 3549 2833 ὅλου
3576 2776 3670 2831 τοῦ
3709 2775 3809 2829 σὼ-

2216 2892 2388 2946 ματος
2435 2873 2770 2944 περιϐαλὼν,
2803 2873 3128 2928 ἀπέκτεινεν
3157 2872 3375 2942 Θανάτῳ
3409 2869 3612 2940 πικρῷ.
3644 2867 3808 2922 Βουλ-

2212 2966 2408 3038 γάροις
2459 2966 2553 3020 οὖν
2612 2967 2712 3036 τὴν
2772 2967 2875 3036 τῆς
2925 2965 3134 3029 πόλεως
3189 2964 3468 3036 παραδοὺς
3529 2959 3801 3032 φυλακὴν,

2213 3059 2592 3131 ὑπεχώρησεν.
2614 3059 2843 3122 Λέοντος
2867 3057 2925 3112 δὲ
2953 3057 3048 3110 τοῦ
3079 3055 3406 3128 Τριπολίτου
3445 3053 3588 3125 μετὰ
3639 3051 3804 3106 δυνάο

2217 3173 2365 3226 μεως
2383 3153 2594 3222 πολλῆς
2629 3154 2725 3206 καὶ
2751 3153 2958 3206 πλοίων
2985 3151 3304 3222 πολεμικῶν
3332 3150 3475 3204 κατὰ
3511 3147 3803 3216 Ῥωμαίων

515 3239 957 3308 ἑξελθόντος,καὶ
997 3245 1055 3300 ἐν
1075 3247 1142 3317 τῇ
1196 3246 1346 3317 νήσῳ
1394 3247 1602 3318 Λήμνῳ
1663 3246 2089 3313 καταλαϐόντος,
2141 3246 2394 3319 Ἰωάννης
2417 3247 2710 3317 πατρίκιος
2774 3245 2873 3300 καὶ
2922 3245 3283 3315 δρουγγάριος
3347 3244 3458 3296 τῶν
3536 3240 3803 3309 πλωῒμων

511 3339 541 3390 ὁ
581 3335 823 3401 Ῥαδινδς
879 3336 1148 3408 αίφνίδιος
1195 3339 1426 3394 ἐπέθετο
1467 3339 1644 3410 αὐτῷ.
1696 3343 1805 3396 Καὶ
1856 3341 2098 3412 πολέμου
2169 3342 2454 3410 γεγονότος
2517 3338 2658 3394 Θεοῦ
2699 3339 2993 3410 συνεργεία
3041 3341 3092 3393 oi
3134 3338 3226 3392 ὑπ’
3279 3337 3442 3393 αὐτὸν
3507 3336 3799 3404 τρέπονται

523 3431 850 3501 Ἀγαρηνοί·
887 3432 1048 3502 μόνος
1073 3431 1130 3484 δὲ
1153 3432 1314 3496 αὐτὸς
1345 3433 1680 3503 Τριπολίτης
1722 3435 1870 3503 φυγῇ
1903 3431 2216 3496 διασωθείς.

582 3523 892 3594 Septembri
933 3542 1070 3581 vero
1118 3543 1328 3594 mense,
1359 3528 1660 3583 indictione
1705 3529 1972 3590 secunda.
2007 3527 2092 3582 Si-

2273 3527 2638 3598 Σεπτεμϐρίῳ
2659 3527 2718 3581 δὲ
2738 3526 2872 3598 μηνὶ
2897 3523 3229 3587 ίνδικτιῶνος
3248 3520 3402 3577 δευτέ
3413 3538 3510 3591 ρας
3529 3559 3543 3582 ,
3573 3519 3798 3589 Συμεὼν

511 3634 675 3674 moon
729 3617 999 3689 Bulgarire
1059 3621 1338 3690 princeps,
1374 3621 1550 3692 copiis
1598 3621 1854 3676 omnibus
1886 3621 2101 3676 eductis

508 3713 778 3767 adversus
832 3711 1368 3785 ConstantinOpolim
1450 3714 1856 3784 expeditionem
1922 3723 2096 3784 parat.

509 3805 641 3860 Inde
661 3805 957 3861 Thraciam
981 3817 1036 3862 et
1069 3806 1448 3862 Macedoniam
1493 3808 1878 3879 depopulatur,
1909 3809 2100 3864 incen-

506 3899 602 3954 dia
634 3898 836 3968 ubique
865 3900 1094 3969 spargit,
1127 3902 1327 3956 evertit
1370 3910 1594 3964 cuncta.
1646 3912 1702 3958 et
1749 3903 1816 3957 ad
1868 3903 2100 3958 arbores

511 4007 689 4062 usque
711 3992 1010 4047 exscindit.
1032 3993 1112 4047 Ad
1146 3993 1484 4049 Blachernas
1515 4005 1783 4064 praeterea
1805 4005 2100 4064 provectus

509 4081 794 4138 Nicolaum
831 4085 1197 4155 patriarcham
1231 4095 1285 4144 et
1314 4101 1602 4157 procerum
1631 4089 1922 4157 quosdam,
1945 4097 2005 4143 ut
2032 4087 2100 4142 dc

507 4191 643 4247 pace
667 4176 1010 4246 conferrent,
1041 4178 1107 4233 ad
1141 4193 1201 4234 se
1225 4179 1369 4234 mitti
1399 4179 1722 4250 postulavit.
1755 4179 1906 4235 Datis
1933 4181 2100 4253 igitur

504 4284 572 4324 ex
606 4280 763 4340 parte
795 4279 1026 4340 utraque
1056 4269 1348 4325 obsidibus
1370 4281 1770 4332 convenerunt,
1790 4269 1943 4340 prius
1974 4273 2098 4341 qni-

505 4363 637 4417 dem.
663 4361 926 4418 Nicolaus
959 4363 1298 4432 patriarcha,
1332 4363 1536 4418 deinde
1569 4363 1801 4420 Michael
1827 4364 2095 4433 patricius

508 4454 809 4527 Slypiotes,
838 4467 894 4512 et
929 4455 1173 4514 Joannes
1201 4457 1488 4528 Mysticus,
1539 4459 1634 4528 qui
1665 4458 1734 4512 ab
1766 4459 2097 4528 imperatore

507 4549 782 4604 secundas
809 4550 1028 4606 tenebat
1052 4567 1066 4603 :
1091 4551 1205 4620 jam
1238 4551 1445 4623 quippe
1467 4551 1706 4608 Joannes
1737 4559 1918 4607 rector
1949 4547 2106 4621 aput?

506 4641 897 4710 imperatorem
947 4644 1282 4698 calumniam
1326 4659 1546 4714 passus,
1581 4655 1844 4698 causatus
1875 4643 2096 4713 aegritu-

505 4732 690 4786 dinem
724 4731 986 4802 palatium
1018 4735 1376 4790 deseruerat:
1413 4735 1578 4806 500
1604 4736 1956 4806 postmodum
1989 4751 2091 4791 au-

423 4853 430 4858 -
477 4842 484 4849 ·
508 4835 616 4878 tem
643 4824 697 4878 in
725 4825 1060 4881 monasterio
1081 4826 1401 4883 Galacrenis
1424 4829 1676 4899 proximo
1697 4829 1964 4885 detonsus
1985 4837 2090 4884 est.

506 4917 571 4971 Et
607 4917 658 4971 hi
693 4917 915 4986 quidem
947 4933 1074 4974 cum
1103 4919 1361 4976 Simeonc
1395 4923 1461 4976 de
1502 4935 1636 4990 pace
1665 4927 1959 4976 tractatum
1999 4923 2095 4976 ha-

506 5013 742 5078 bebant;
772 5011 995 5068 Simeon
1022 5023 1204 5069 autem
1237 5024 1382 5070 retro
1409 5030 1506 5070 eos
1556 5013 2092 5086 amandavit,ipsum

504 5123 634 5160 vero
669 5107 1058 5177 imperatorem
1091 5107 1277 5164 videre
1303 5108 1550 5178 expetiit,
1589 5124 1619 5162 a
1653 5108 1842 5164 multis
1873 5109 1939 5164 de
1973 5109 2094 5178 ejus

506 5202 798 5272 prudentia
860 5199 1188 5257 fortitudine
1244 5213 1299 5257 et
1347 5201 1568 5257 solertia
1633 5202 1834 5257 certior
1897 5201 2093 5258 factus.

2207 3626 2233 3676 ὁ
2261 3623 2446 3694 ἄρχων
2470 3620 2816 3692 Βουλγαρίας
2853 3617 3160 3689 πανστρατὶ
3190 3615 3334 3668 κατὰ
3357 3615 3800 3668 Κωνσταντινου-

2205 3716 2416 3779 πόλεως
2474 3711 2854 3786 ἐκστρατεύει.
2889 3710 3001 3764 Καὶ
3047 3709 3303 3777 ληῖζεται
3350 3707 3450 3778 μὲν
3484 3705 3711 3775 Θρᾴκην
3737 3719 3799 3755 τε

2202 3809 2296 3862 καὶ
2315 3807 2684 3870 Μακεδονίαν,
2721 3804 3018 3878 ἐμπυρίζει
3045 3802 3105 3855 δὲ
3154 3801 3358 3866 πάντα,
3400 3802 3794 3872 καταστρέφει,

2201 3901 2295 3954 καὶ
2340 3900 2706 3971 δενδροτομεῖ.
2757 3899 2938 3968 Μέχρι
2962 3896 3042 3966 Ιδέ
3093 3894 3423 3965 Βλαχερνῶν
3474 3895 3795 3965 γενόμενος,

2201 3993 2547 4063 ἐπεζήτησεν
2576 3991 2938 4062 ἐπισταλῆναι
2968 3987 3122 4059 αύτῷ
3150 3989 3244 4041 τὸν
3306 3989 3664 4058 πατριάρχην
3699 3988 3798 4041 Νι-

2200 4085 2397 4141 κόλαον
2428 4084 2521 4138 καί
2552 4101 2707 4147 τινας
2743 4084 2854 4137 τῶν
2887 4083 3256 4154 μεγιστάνων,
3293 4081 3437 4135 ὥστε
3471 4083 3603 4153 περὶ
3646 4083 3800 4150 εἰρήο

2199 4194 2300 4248 νης
2326 4177 2512 4240 αὐτοῖς
2545 4177 2849 4246 συντυχεῖν.
2889 4173 3122 4228 Ἐλαῦον
3152 4172 3244 4228 οὖν
3269 4174 3516 4244 ὁμήρους
3553 4173 3797 4243 ἀμφότε-

2203 4285 2309 4339 ροι,
2348 4266 2442 4320 καὶ
2478 4265 2706 4335 ἐξῆλθον
2742 4265 3012 4336 πρότερον
3039 4266 3136 4336 μὲν
3173 4266 3201 4317 ὁ
3234 4266 3586 4333 πατριάρχης
3630 4265 3800 4317 Νικόο

2199 4362 2350 4425 λαος,
2378 4361 2574 4414 ἔπειτα
2620 4359 2842 4430 Μιχαὴλ
2884 4359 3180 4429 πατρίκιος
3226 4355 3655 4425 όΣτουπιὼτης,
3698 4358 3799 4410 καὶ

2212 4455 2463 4523 Ἰωάννης
2510 4455 2538 4506 ὁ
2586 4452 2866 4515 Μυστικδς
2918 4449 3437 4520 παραδυναστεύων.
3484 4449 3624 4518 Ἤδη
3685 4449 3798 4517 γὰρ

2214 4547 2470 4616 Ἰωάννης
2501 4548 2528 4599 ὀ
2559 4545 2806 4617 ραίκτωρ
2849 4543 3164 4614 διαϐληθεὶς
3209 4543 3347 4613 πρὸς
3401 4543 3493 4596 τὸν
3546 4542 3796 4613 βασιλέα,

2197 4642 2489 4695 ἀσθένειαν
2531 4639 3018 4710 προφασισάμενος
3062 4636 3159 4689 τοῦ
3194 4636 3460 4689 παλατίου
3495 4634 3798 4704 κατεληλύ-

2199 4732 2305 4797 θει,
2341 4733 2438 4784 καὶ
2461 4732 2519 4784 ἐν
2549 4733 2616 4801 τῇ
2641 4731 2781 4799 αὐτῇ
2815 4731 2950 4799 μονῇ
2989 4727 3101 4797 (45)
3133 4725 3482 4798 πλησίοντῶν
3513 4725 3799 4796 Γαλακρηε

2202 4827 2309 4880 νῶν
2339 4827 2600 4896 ἁπεκάρη
2625 4841 2640 4855 ·
2674 4825 2724 4877 οἱ
2760 4823 2861 4894 μέν
2880 4819 2974 4877 οὖν
3012 4822 3152 4892 μετὰ
3195 4821 3422 4892 Συμεὼν
3471 4822 3600 4892 περὶ
3643 4822 3800 4891 είρή-

2153 4892 2171 4935 )
2203 4937 2302 4991 νης
2321 4892 2626 4987 διελέγοντο
2653 4933 2666 4947 ·
2701 4917 2731 4970 δ
2759 4892 2816 4970 δέ
2848 4915 3045 4978 αὐτοὺς
3079 4915 3177 4985 μὲν
3209 4914 3596 4984 ἀπεπέμψατο,
3630 4914 3799 4965 αὑτὸν

2202 5013 2261 5068 δὲ
2283 5015 2375 5068 τὸν
2399 5012 2624 5084 βασιλέα
2655 5011 2947 5082 Ῥωμανδν,
2974 5009 3236 5079 ἐπεζήτει
3273 5008 3598 5062 θεάσασθαι.
3631 5009 3796 5078 Παρὰ

2205 5107 2417 5162 πολλῶν
2443 5105 2552 5176 γὰρ
2581 5103 3043 5175 πεπληροφόρητο
3074 5103 3204 5170 περὶ
3243 5102 3343 5169 τῆς
3392 5099 3556 5153 αὑτοῦ
3589 5102 3798 5171 φρονή-

2203 5219 2342 5264 σεως
2381 5200 2477 5253 καὶ
2503 5197 2756 5270 ἀνδρείας
2785 5198 2878 5250 καὶ
2946 5187 3236 5258 συνέσεως.
3291 5193 3351 5248 Ὀ
3404 5193 3463 5247 δὲ
3535 5191 3797 5264 βασιλεὺς

1689 5324 1941 5380 FRANC.
1971 5324 2354 5380 COMBEFISlI
2397 5317 2633 5376 ΝΟΤᾸΞ.

575 5419 688 5503 ςΗ)
715 5419 857 5503 ’ξοξδς
883 5419 940 5503 δὲ
961 5418 1266 5503 ’πενιχροὺς
1299 5419 1408 5503 ’καὶ
1450 5419 1725 5503 άσήμους,
1751 5416 2097 5503 άθώουςὶκεῗ

503 5487 704 5560 λεύσας
736 5490 846 5560 ὅπη
881 5487 1158 5559 βούλοιντο
1183 5490 1427 5543 ἀπιέναι.
1467 5487 1646 5543 εἰὰἐξχ
1677 5487 2102 5560 (Iedreanl‘ena

507 5559 712 5623 littera,
751 5556 992 5614 non'ita
1054 5561 1357 5629 supplenda
1411 5568 1474 5614 ut
1528 5559 1809 5628 interpres
1860 5556 2101 5610 effudit:

2288 5413 2401 5483 (4‘2)
2425 5412 2554 5482 Seq.
2597 5427 2662 5466 ex
2686 5409 3050 5483 _Anonym_._et
3071 5403 3306 5483 C_e«_lreu.
3338 5397 3669 5483 supplenda,
3695 5395 3793 5480 τῷ

2214 5467 2397 5548 οὕτως’
2426 5467 2911 5552 ὲπᾶνομαζομένὸυ
2933 5474 3362 5552 ΑΜωρολέρντος,
3393 5467 3793 5552 spanos;

2369 5537 2704 5622 οἰκειότερον
2731 5537 2808 5604 Qu
2819 5537 3123 5622 μολέοντὸς.
3145 5542 3389 5622 _l’a_tricio
3411 5537 3790 5622 siiappcllan

508 5609 644 5684 alios
663 5609 1899 5697 ⁷ἱνε’ἑό”“οὲὲὶάίῖζἹιῖίιὸζ’ὶηῖιριὲέέ’“ἔειξάιιοέ
1951 5639 2106 5694 atque
2219 5626 2513 5682 Moroleon.
2572 5609 2651 5697 uel
2682 5631 2738 5697 ut
2771 5609 2940 5697 m'ngis
2973 5617 3186 5697 proprie
3220 5616 3409 5697 loquar
3442 5609 3787 5681 Thymelen».

507 5702 759 5753 obscuros
784 5717 894 5820 gito
924 5700 1221 5752 collibitum
1275 5711 1410 5754 esset
1447 5703 1703 5753 innocuos
1733 5700 1878 5751 abire
1903 5697 2094 5766 jussit.

515 5772 606 5820 Sir
648 5771 760 5820 fere
825 5771 981 5820 ttrius
1011 5769 1213 5820 habitis
1249 5771 1547 5820 capitibus.
1580 5771 1830 5820 mitiores
1854 5773 2093 5820 victurus

515 5772 622 5892 Sirl
648 5769 981 5892 (τεῇσι-ιγὼς
1011 5769 1213 5826 habitis
1249 5771 1548 5840 capitibus,
1580 5771 1830 5823 mitiores
1854 5773 2093 5822 τιμήσητε

515 5857 600 5892 mn
631 5850 729 5892 lllll
775 5855 870 5891 IIII.

514 5856 870 5894 'lllllllllltlllll.

2215 5699 2369 5770 quasi
2399 5697 2571 5758 (liras,
2597 5695 2674 5747 rir
2701 5689 2907 5770 (equini
2925 5689 3169 5770 pectoris,
3201 5694 3309 5770 ett".

2280 5767 2390 5838 (ili‘
2419 5753 2716 5836 Anonytn.,
2752 5753 2956 5825 Λύτοῦς
2991 5760 3088 5830 μὲν
3118 5753 3501 5825 ἀπεπέμψατο.
