4088 6420
349 356 489 424 1145

1652 370 2301 435 ΕΗΒΟΝΟῧΒΑΡΗΙΑ
2316 422 2328 435 .

3480 377 3617 442 1H6

337 480 546 550 σφόδρα
570 479 662 533 ἐπὶ
698 480 872 552 τούτῳ
905 481 1310 552 ἠγαλλιάσατο·
1358 485 1547 539 ἐπόθει
1579 486 1688 556 γὰρ
1720 489 1820 558 τὴν
1843 489 1920 540 εί-

2039 489 2193 545 Valde
2231 491 2444 546 lietatus
2479 491 2782 562 imperator
2808 495 3152 562 postulatum
3189 492 3431 559 admisit,
3466 498 3614 562 pacis

340 574 638 643 ρήνην,καὶ
667 573 764 637 τὰς
792 575 1091 646 γενομένας
1114 577 1226 648 (44)
1248 578 1358 630 τῶν
1380 578 1629 648 αἱμάτων
1669 581 1922 649 ἐκχύσεις

333 668 622 737 ὁσημέραι.
703 669 1060 732 Ἀποστείλας
1114 665 1208 723 οὗν
1251 672 1319 722 ὲν
1346 671 1425 742 τῷ
1471 671 1564 724 τοῦ
1618 672 1920 742 Κοσμιδίου

335 761 570 832 αἰγιαλῷ
621 763 1026 816 κατεσκεύασεν
1090 766 1148 817 ἐν
1203 768 1268 836 τῇ
1339 765 1582 835 θαλάσσῃ
1645 767 1927 836 ὀχυρωτά-

335 869 439 925 την
463 854 576 926 (45)
595 854 737 932 ὥστε
764 857 863 926 τὴν
879 855 1165 926 βασιλικὴν
1184 858 1384 928 τριήρη
1415 858 1808 912 διεκπλέουσαν
1836 861 1929 913 αὐ-

331 952 402 1020 τῇ
425 951 928 1020 προσορμίζεσθαι.
953 951 1306 1023 Περιφράξας
1347 947 1441 1006 οὖν
1469 952 1640 1025 αὐτὴν
1660 953 1929 1007 πάντοθεν

333 1043 707 1113 διατείχισμα,
751 1058 916 1114 μέσον
957 1044 1212 1113 γενέσθαι
1273 1045 1629 1116 προσέταξεν,
1667 1049 1726 1100 ἐν
1761 1039 1805 1114 ᾧ
1831 1047 1928 1100 ἁλ-

333 1133 518 1204 λήλοις
567 1133 792 1203 ἔμελλον
848 1135 1078 1205 ὁμιλεῖν.
1159 1135 1511 1200 Ἀποστείλας
1561 1132 1656 1190 οὖν
1702 1136 1932 1206 Συμεὼν

333 1227 428 1279 τὸν
457 1227 559 1296 τῆς
590 1228 899 1298 ὑπεραγίας
959 1228 1225 1282 Θεοτόκου
1267 1228 1394 1280 ναὺν
1421 1227 1724 1299 ἐνέπρησεν
1757 1227 1848 1280 τὸν
1873 1229 1932 1281 ὲν

335 1322 404 1390 τῇ
447 1321 603 1391 Πηγῇ
641 1321 736 1372 καὶ
783 1319 854 1372 τὰ
885 1320 1049 1390 πέριξ
1095 1319 1262 1374 αὐτοῦ
1295 1321 1610 1391 σύμπαντα,
1647 1319 1810 1390 δῆλος
1858 1319 1934 1374 ὣν

332 1413 590 1467 ἐντεῦθεν
617 1413 693 1486 μὴ
709 1414 810 1484 τὴν
839 1415 1062 1485 εἰρήνην
1090 1413 1252 1481 ἐλὼν,
1277 1415 1392 1486 άλλ¹
1419 1414 1602 1468 ἐλπίσι
1633 1412 1935 1484 μετεώροις

331 1503 526 1556 τοῦτον
554 1502 862 1567 ἐξαπατῶν.
885 1503 1340 1574 Παραγενόμενος
1375 1504 1514 1557 δὲέν
1551 1505 1889 1575 Βλαχέρναις
1908 1501 1936 1552 ὁ

334 1595 620 1658 Βασίλειος
641 1593 944 1668 [βασιλεὺς]
969 1597 1084 1666 ἅμα
1097 1597 1353 1666 Νικολάῳ
1370 1595 1448 1666 τῷ
1467 1597 1783 1669 πατριάρχῃ
1801 1597 1858 1649 ὲν
1871 1599 1935 1667 τῇ

337 1686 476 1758 ἁγίᾳ
508 1686 765 1755 εἰσῆλθον
789 1686 956 1757 σορῷ,
1005 1687 1102 1740 καὶ
1155 1687 1253 1749 τὰς
1314 1690 1508 1759 χεῖρας
1540 1688 1819 1754 ἐξέτεινεν
1851 1688 1936 1752 εἰς

337 1779 534 1848 εὐχήν.
570 1774 704 1831 Εἶτα
729 1777 950 1849 πρηνὴς
1013 1777 1200 1831 πεσὼν
1249 1777 1481 1846 δάκρυσι
1514 1778 1576 1831 τὸ
1606 1777 1760 1845 ἅγιον
1802 1795 1938 1831 κατ-

334 1837 567 1941 έϐρεχεν
597 1837 794 1939 ἔδαφος
811 1837 1324 1940 ἦν’-πανάχφιλτον
1351 1837 1615 1924 ὸεοτόκον
1637 1837 1934 1925 άντιϐολῶν
1967 1837 2009 1892 Β

332 1963 440 2032 τὴν
467 1963 704 2032 ἀκαμπῆ
737 1963 834 2016 καὶ
856 1964 1174 2032 ἀμείλικτον
1193 1964 1292 2017 τοῦ
1313 1964 1670 2034 ὑπερηφάνου
1702 1963 1931 2034 Συμεὼν

338 2055 583 2126 μαλάξαι
613 2055 868 2124 καρδίαν,
893 2057 989 2109 καὶ
1035 2059 1225 2110 πεῖσαι
1254 2056 1323 2109 τὰ
1361 2055 1502 2126 πρὸς
1534 2057 1783 2128 εἰρήνην.
1809 2057 1920 2110 Καὶ

333 2147 399 2200 τὸ
434 2147 592 2215 ἅγιον
620 2147 878 2212 κιϐώτιον
925 2148 1316 2213 διανοίξαντες,
1353 2149 1482 2203 ἔνθα
1513 2149 1572 2202 τὸ
1603 2150 1804 2202 σεπτὸν
1830 2151 1932 2220 τῆς

339 2237 506 2306 ἁγίας
564 2237 834 2292 Θεατόκου
869 2239 1273 2309 τεθησαύριστο
1321 2241 1633 2311 ὠμοφόριον
1663 2257 1676 2270 ·
1710 2242 1870 2294 τοῦτο
1904 2243 1934 2295 ὁ

345 2329 599 2399 βασιλεὺς
623 2329 971 2399 ἀνελόμενος,
1009 2331 1106 2384 καὶ
1149 2331 1251 2402 τὴν
1303 2333 1488 2385 πίστιν
1518 2332 1620 2402 τὴν
1674 2333 1816 2404 ὑπὲρ
1850 2331 1933 2396 είς

346 2426 449 2492 τὴν
492 2423 727 2494 ἄμωμον
758 2423 872 2494 (46)
900 2425 1188 2490 Θεοτόκον,
1220 2419 1310 2478 οἷα
1342 2425 1781 2496 περικεφαλαίαν
1809 2426 1932 2479 τινὰ

342 2515 728 2585 περιθέμενος,
754 2517 903 2587 ἐξῄει
931 2515 1025 2568 τοῦ
1044 2515 1174 2568 ναοῦ
1199 2516 1386 2578 ὅπλοις
1416 2517 1686 2586 ἀσφαλέσι
1719 2515 1932 2587 φραξά-

341 2624 530 2676 μενος,
551 2608 645 2660 τὸν
670 2607 767 2661 σὺν
797 2608 950 2678 αὐτῷ
983 2608 1194 2671 στόλον,
1255 2609 1448 2664 ἀσπίσι
1505 2626 1567 2661 τε
1597 2609 1693 2662 καὶ
1747 2609 1934 2672 ὅπλοις

336 2701 578 2772 κομίσας
605 2698 963 2776 [κοσμήσας],
991 2699 1083 2752 τὸν
1105 2700 1409 2772 ὡρισμένον
1439 2701 1604 2753 τόπον
1633 2700 1936 2754 κατέλαϐεν

339 2793 705 2863 συνομιλῆσαι
755 2793 835 2864 τῷ
875 2791 1124 2862 Συμεών.
1209 2795 1446 2865 Πέμπτῃ
1475 2788 1571 2846 οὖν
1627 2793 1810 2865 ἡμέρᾳ
1843 2793 1934 2847 ὅτε

337 2883 519 2938 ταῦτα
544 2884 782 2951 ἐγένετο,
805 2883 1004 2955 ὲννάτῃ
1025 2883 1120 2936 τοῦ
1151 2883 1463 2952 Νοεμϐρίου
1497 2883 1668 2954 μηνὸς
1694 2883 1934 2955 τετάρτῃ

337 2975 444 3046 τῆς
475 2975 694 3046 ἡμέρας
725 2977 864 3047 ὥρᾳ,
895 2974 1230 3046 παρεγένετο
1273 2973 1502 3044 Συμεὼν
1541 2974 1747 3045 πλῆθος
1772 2975 1934 3028 ἄπει-

344 3083 443 3136 ρον
487 3067 852 3136 ἐπαγόμενος,
885 3065 994 3118 τῶν
1046 3065 1145 3136 μὲν
1175 3066 1563 3136 χρυσασπίδων
1593 3067 1692 3119 καὶ
1733 3083 1934 3136 χρυσο-

339 3161 610 3231 δορόιτων,
644 3161 756 3214 τῶν
771 3161 828 3214 δὲ
853 3161 1284 3232 ἀργυρασπίδων
1322 3160 1931 3232 καὶ-ἀργυροδοράτων,
1961 3198 2004 3256 c

341 3253 456 3306 τῶν
481 3253 538 3305 δὲ
585 3253 736 3324 πάσῃ
766 3253 949 3307 ὅπλων
1000 3252 1164 3324 χρεία¹
1204 3253 1660 3323 κεκοσμημένων,
1715 3254 1935 3305 πάντων

345 3341 904 3412 καταπεφραγμένων
940 3341 1146 3411 σιδήρῳ
1171 3357 1185 3372 ο
1225 3341 1274 3394 οἳ
1333 3341 1498 3409 μέσον
1529 3340 1712 3393 αὐτῶν
1737 3339 1938 3409 διειλη-

345 3432 508 3501 φότες
542 3431 634 3485 τὸν
662 3430 910 3502 Συμεὼν,
951 3431 1027 3494 ὡς
1085 3431 1330 3501 βασιλέα,
1377 3432 1663 3501 εὐφήμουν
1691 3434 1759 3502 τῇ
1801 3431 1936 3484 Ῥω-

348 3523 528 3594 μαίων
561 3526 740 3594 φωνῇ.
769 3522 976 3586 Πάντες
1019 3522 1075 3576 δὲ
1119 3523 1170 3576 οι
1217 3523 1314 3592 τῆς
1367 3521 1678 3591 συγκλήτου
1740 3520 1938 3590 βουλῆς

343 3619 461 3680 τοῖς
487 3616 722 3686 τείχεσιν
742 3615 1044 3684 ἐφεστῶτες
1060 3615 1398 3668 κατεθεῶντο
1426 3615 1492 3666 τὰ
1523 3611 1798 3682 δρώμενα.
1829 3609 1938 3665 ἾΙν

343 3707 441 3763 οὖν
471 3709 595 3764 τότε
628 3708 756 3761 ἰδεῖν
781 3706 961 3777 ψυχὴν
995 3705 1286 3776 βασιλικὴν
1321 3704 1398 3773 τῷ
1416 3692 1533 3757 ὄντι
1565 3703 1661 3756 καὶ
1699 3702 1939 3774 μεγαλό-

346 3817 546 3872 φρονα,
582 3799 680 3853 καὶ
728 3799 1008 3868 θαυμάσαι
1057 3797 1120 3850 τὸ
1160 3797 1256 3850 τοῦ
1320 3797 1670 3867 φρονήματος
1731 3795 1940 3848 ἀκατά-

347 3894 621 3962 πληκτον,
650 3892 800 3954 ὃπως
840 3890 1115 3961 τοσαύτην
1149 3889 1426 3959 πολεμίων
1486 3889 1701 3960 βλέπων
1745 3890 1940 3956 ἐπιφο-

349 3987 475 4058 ρὰν,
498 3988 561 4039 οὐ
592 3985 910 4054 κατεπλάγη
948 3983 1040 4037 καὶ
1068 3982 1369 4052 συνεστάλη
1393 3983 1489 4036 καὶ
1539 3979 1898 4052 ὑπεχώρησεν
1924 3996 1936 4009 ·

346 4083 470 4136 ἀλλ’
505 4082 696 4152 ὥσπερ
715 4082 792 4144 εἰς
817 4079 987 4148 φίλων
1017 4077 1227 4148 πλῆθος
1261 4078 1456 4148 χωρῶν
1486 4074 1664 4138 οὕτως
1690 4075 1941 4146 ἀτρέμας

347 4174 545 4246 ἀπῄει,
605 4172 890 4244 μονονουχὶ
931 4171 1030 4242 τὴν
1067 4169 1249 4242 ψυχὴν
1319 4172 1431 4232 τοῖς
1493 4168 1776 4236 πολεμίοις
1832 4166 1945 4220 τῶν

350 4265 616 4337 ὑπηκόων
642 4264 818 4326 διδους
872 4262 1214 4332 ἀντίλυτρον.
1249 4261 1472 4329 Πρῶτος
1519 4257 1613 4312 οὖν
1651 4259 1710 4311 ὲν
1747 4260 1813 4329 τῇ
1843 4259 1944 4328 ρη-

349 4359 511 4429 θείσῃ
542 4357 834 4427 ἀποϐάθρᾳ
867 4355 1192 4408 καταλαϐὼν
1250 4354 1342 4406 τὸν
1372 4351 1600 4423 Συμεὼν
1643 4351 1943 4420 ἐξεδέχετο.

363 4449 524 4503 Ἐπεὶ
551 4448 608 4501 δὲ
633 4449 835 4517 ὅμηροι
864 4445 925 4510 ἐξ
952 4445 1280 4515 ἀμφοτέρων
1333 4442 1668 4514 ἐλήφθησαν,
1722 4443 1818 4496 καὶ
1845 4441 1946 4510 τὴν

2025 583 2228 652 quippe
2258 583 2562 653 cupiditate
2610 585 2931 650 ducebatur,
2984 595 3038 639 et
3083 585 3318 640 effusum
3373 587 3618 653 quotidie

2027 677 2350 746 sanguinem
2397 677 2733 747 deplorabat.
2797 679 2876 734 Ad
2929 679 3085 733 littus
3117 680 3303 748 itaque
3352 678 3614 734 Cosmidii

2030 768 2342 823 machinam
2373 769 2427 824 in
2459 771 2595 824 mari
2621 771 3015 826 validissimam
3053 772 3278 826 excitari
3306 773 3513 841 jussit:
3548 774 3616 826 ad

2030 875 2188 931 quam
2209 861 2486 916 triremem
2512 863 2718 932 regiam
2746 864 2914 919 remis
2943 874 3144 920 rectam
3167 863 3328 920 facile
3355 876 3499 920 esset
3519 865 3618 920 de-

2030 953 2252 1020 ducere,
2293 965 2560 1026 septoque
2589 955 2967 1012 munitissimo
3011 973 3134 1012 eam
3186 957 3617 1014 circumvallatis

2031 1044 2271 1110 spatium
2313 1043 2430 1113 eius
2478 1045 2718 1099 medium
2768 1047 2841 1100 ita
2891 1047 3108 1116 disponi
3167 1048 3444 1117 prmcepit,
3482 1049 3616 1102 utin

2032 1149 2096 1189 ea
2153 1135 2221 1188 ad
2275 1135 2510 1190 invicem
2543 1136 2609 1190 de
2660 1151 2794 1206 pace
2854 1138 3321 1207 colloquerentur.
3381 1138 3606 1193 Simeou

2034 1237 2214 1282 autem
2264 1227 2451 1283 missis
2506 1227 2792 1289 militibus.
2831 1230 3194 1286 sanctissima:
3255 1231 3498 1301 Deiparze
3550 1232 3619 1286 ad

2036 1323 2229 1392 chem
2269 1322 2530 1392 templum
2566 1323 2891 1386 combussit,
2945 1333 3002 1378 et
3052 1325 3174 1378 loca
3225 1324 3615 1394 circumposita

2037 1415 2359 1478 devastavit,
2387 1430 2416 1468 a
2447 1429 2582 1484 pace
2610 1414 2848 1469 alienum
2882 1427 2965 1480 se,
2988 1417 3084 1470 sed
3111 1429 3248 1468 vana
3282 1425 3494 1468 tantum
3523 1430 3620 1483 spe

2039 1510 2420 1579 imperatorem
2453 1507 2734 1573 deludere,
2768 1506 2896 1561 inde
2926 1508 3267 1577 signiﬁcans.
3317 1509 3623 1576 Imperator

2042 1615 2146 1655 una
2207 1614 2334 1653 cum
2391 1599 2708 1670 patriarcha
2771 1597 3000 1653 Nicolao
3054 1600 3121 1653 ad
3181 1597 3516 1654 Blachernas
3569 1609 3625 1652 et

2041 1701 2291 1748 sanctum
2345 1691 2588 1746 loculum
2635 1705 2984 1760 progressus,
3044 1691 3112 1745 ad
3173 1707 3363 1760 preces
3421 1705 3623 1744 manus

2041 1786 2300 1852 extendit,
2345 1785 2543 1841 deinde
2596 1799 2803 1854 pronus
2832 1785 2887 1838 in
2919 1793 3125 1838 terram
3154 1784 3360 1839 cadens
3402 1797 3621 1838 sacrum

2038 1877 2292 1949 lacrymis
2322 1878 2692 1947 pavimentum
2722 1875 2996 1946 irrigavit,
3056 1873 3344 1944 Deiparam
3427 1888 3459 1928 a
3499 1873 3623 1928 labe

2035 1970 2335 2024 immunem
2369 1968 2694 2033 obtestatus,
2743 1975 2802 2020 ut
2850 1966 3108 2021 inﬂexum
3149 1976 3203 2022 et
3251 1964 3486 2035 rigidum
3523 1979 3621 2041 su-

2033 2061 2183 2130 perbi
2224 2059 2496 2116 Simeonis
2547 2058 2819 2114 emolliret
2870 2075 2987 2124 eor,
3041 2069 3100 2113 ct
3133 2072 3256 2128 quae
3306 2067 3437 2112 sunt
3468 2057 3622 2128 pacis

2034 2154 2376 2222 inspiraret:
2437 2167 2706 2222 sacroque
2769 2151 3034 2206 scriniolo
3070 2189 3084 2213 ,
3141 2165 3252 2218 quo
3306 2149 3620 2203 veneranda

2033 2255 2239 2302 sanctae
2288 2244 2536 2314 Deiparae
2583 2245 2755 2300 vestis
2792 2244 3032 2314 reposita
3069 2252 3176 2308 est,
3227 2254 3438 2311 aperto,
3473 2242 3622 2295 illam

2035 2336 2163 2391 inde
2219 2335 2490 2390 sublatam
2545 2351 2612 2389 ex
2667 2335 2772 2389 ﬁde
2814 2349 2922 2404 qua
2971 2321 3047 2388 in'
3081 2334 3488 2388 immaculatam
3527 2332 3620 2386 DL’I

2033 2427 2366 2483 Genitricem
2417 2426 2673 2497 pollebat,
2717 2427 2866 2481 velut
2914 2426 3123 2495 galeam
3170 2425 3336 2494 capiti
3385 2425 3626 2479 circum-

2036 2532 2250 2588 ponens
2273 2517 2572 2587 imperator
2594 2515 2930 2571 firmissimis
2962 2516 3134 2569 armis
3159 2516 3424 2577 munitus,
3455 2515 3622 2568 classi

2033 2610 2137 2663 vite
2177 2609 2373 2663 comite
2409 2607 2613 2676 clypeis
2644 2611 2698 2662 et
2738 2607 2908 2661 armis
2945 2607 3213 2661 adornata
3247 2606 3312 2660 ad
3343 2605 3623 2675 praeﬁxum

2035 2702 2212 2756 locum
2244 2716 2368 2756 cum
2412 2701 2670 2755 Simeone
2715 2709 3055 2754 tractaturus
3093 2700 3347 2753 accessit.
3411 2699 3626 2764 Quinto

2035 2792 2202 2862 igitur
2234 2792 2320 2846 die
2359 2806 2468 2861 quo
2505 2791 2621 2845 haec
2657 2790 2795 2846 facta
2837 2799 2989 2853 sunt,
3041 2789 3366 2845 Novembris
3413 2790 3628 2844 mensis

2035 2884 2125 2938 die
2156 2897 2322 2949 nono,
2360 2883 2492 2937 hora
2520 2883 2630 2937 dici
2664 2893 2863 2952 quarta
2909 2883 3134 2938 Simeou
3171 2884 3436 2936 immensa
3465 2897 3630 2935 exer-
3674 2865 3690 2879 ’

2035 2975 2180 3031 citus
2215 2975 2370 3044 plebe
2401 2975 2854 3044 circumstipatus
2905 2976 3195 3046 processit.
3258 2974 3490 3029 Militum
3534 2975 3627 3028 alii

2037 3068 2220 3124 aureis
2269 3067 2475 3138 clypeis
2509 3078 2563 3122 et
2615 3069 2896 3123 deauratis
2958 3069 3154 3133 hastis,
3203 3068 3296 3122 alii
3350 3069 3631 3138 argenteis

2037 3162 2240 3232 clypeis
2277 3161 2482 3231 pariter
2516 3172 2570 3216 et
2623 3162 2799 3217 hastis
2852 3170 3082 3232 argento
3121 3162 3495 3224 rutilantibus,
3535 3161 3630 3215 alii

2037 3266 2258 3321 quoque
2309 3250 2460 3304 omni
2509 3266 2790 3306 armorum
2827 3267 3028 3322 genere
3060 3254 3267 3316 ornati,
3315 3253 3498 3306 cuncti
3529 3267 3630 3305 au-

2039 3352 2144 3396 tem
2201 3339 2347 3396 ferro
2399 3342 2799 3406 circumcincti,
2849 3343 3087 3396 medium
3129 3344 3483 3397 admiserunt
3539 3339 3630 3394 Si-

2040 3449 2313 3498 meonem,
2339 3448 2504 3502 quem
2533 3433 2740 3489 Gratcis
2769 3435 3160 3503 pronuntiatis,
3193 3449 3296 3488 ceu
3327 3433 3626 3502 imperato-

2040 3541 2154 3580 rem
2193 3525 2391 3580 faustis
2424 3527 2904 3596 prosequebantur
2944 3526 3462 3580 acclamationibus.
3531 3524 3629 3578 Se-

2042 3617 2238 3673 natorii
2271 3632 2439 3686 porro
2473 3618 2684 3672 ordinis
2717 3617 2819 3671 viri
2865 3619 3040 3672 muris
3072 3617 3242 3672 innixi
3269 3632 3393 3687 quae
3425 3616 3632 3671 ﬁebant

2041 3705 2576 3775 contemplabantur.
2647 3703 2904 3774 Spectata
2963 3721 3092 3759 vero
3153 3705 3479 3774 dignissima
3541 3718 3636 3758 res

2042 3795 2144 3850 fuit
2198 3795 2419 3850 animus
2471 3795 2561 3850 ille
2615 3793 2966 3864 imperatoris
3017 3793 3218 3864 dignus
3267 3803 3323 3847 et
3354 3793 3630 3856 excelsus,

2042 3890 2178 3943 mira
2215 3903 2302 3942 res
2330 3887 2423 3942 illa
2470 3887 2668 3942 mentis
2718 3885 2874 3940 nullo
2906 3893 3066 3956 pacto
3102 3893 3264 3956 mota:
3299 3883 3633 3944 constantia,

2044 3994 2166 4049 qua:
2218 3986 2432 4032 tantum
2483 3975 2798 4046 percipiens
2848 3975 3086 4029 hostium
3139 3973 3449 4042 appulsum,
3482 3973 3637 4026 nullo

2048 4072 2208 4126 modo
2238 4077 2588 4127 consternata
2635 4077 2733 4122 aut
2771 4083 3022 4136 repressa
3073 4075 3202 4121 est:
3257 4065 3352 4120 sed
3397 4078 3499 4117 nec
3550 4077 3637 4118 rc-

2048 4164 2342 4230 trocessit,
2394 4164 2526 4233 quin
2580 4164 2693 4216 imo
2753 4161 2902 4215 velut
2951 4163 3001 4214 in
3064 4160 3372 4235 amicorum
3427 4164 3638 4210 coetum

2047 4273 2106 4313 se
2161 4257 2469 4321 conferret,
2543 4256 2625 4310 sic
2689 4253 2991 4321 intrepidus
3040 4251 3344 4320 processit,
3417 4254 3638 4301 tantum

2047 4349 2287 4403 animam
2322 4347 2666 4402 subditorum
2717 4344 2912 4399 salutis
2948 4343 3182 4412 pretium
3233 4340 3482 4395 hostibus
3525 4352 3635 4392 non

2049 4442 2330 4498 efferens-
2361 4439 2519 4493 Prior
2570 4439 2758 4508 itaque
2803 4437 2870 4490 ad
2901 4437 3106 4491 dictam
3150 4434 3462 4488 machinam
3513 4446 3639 4502 per-

349 4541 675 4613 ἁποϐάθραν
707 4543 756 4594 οἱ
809 4539 1108 4609 Βούλγαροι
1137 4538 1556 4608 διερευνήσαντο
1588 4534 1838 4605 ἀκριϐῶς
1868 4534 1938 4604 μή

2051 4535 2280 4590 veniens
2331 4533 2644 4585 Simeonem
2701 4529 3136 4600 prwstolabatur.
3193 4525 3263 4582 Ut
3306 4523 3531 4580 obsides
3571 4539 3637 4578 ex

352 4637 475 4699 πώς
495 4653 579 4698 τις
602 4633 827 4704 δόλος,ἢ
869 4633 1059 4704 ἔνεδρα
1089 4631 1334 4701 τυγχάνῃ
1357 4647 1370 4658 ·
1417 4629 1686 4699 κατῆλθεν
1710 4627 1939 4698 Συμεὼν

348 4729 451 4783 τοῦ
474 4729 662 4792 ἵππου,
689 4727 785 4780 καὶ
815 4728 953 4798 πρὸς
996 4725 1088 4778 τὸν
1139 4724 1364 4794 βασιλέα
1413 4722 1686 4793 εἰσῆλθεν.
1729 4722 1940 4775 Ἀσπα-

352 4822 589 4892 σάμενοι
631 4817 724 4874 οὖν
764 4818 1050 4890 ἀλλήλους,
1109 4817 1336 4887 εἰρήνης
1405 4815 1596 4883 λόγους
1662 4814 1942 4883 ἐκίνησαν.

351 4916 546 4970 Rittsz
564 4915 622 4968 δὲ
648 4914 868 4981 λέγεται
899 4912 990 4964 τὸν
1038 4909 1260 4982 βασιλέα
1292 4909 1430 4979 πρὸς
1478 4907 1704 4978 Συμεών
1729 4923 1742 4936 ·
1780 4907 1944 4975 Ἀκή-

352 5008 463 5063 κοά
508 5024 568 5061 σε
610 5005 840 5076 θεοσεϐῆ
889 5004 1176 5074 ἄνθρωπον
1236 5004 1332 5056 καὶ
1385 5000 1709 5071 Χριστιανὸν
1766 4999 1945 5069 ὑπάρ-

352 5118 526 5173 χοντα
571 5100 866 5171 ἀληθινόνο
925 5098 1107 5169 βλέπω
1133 5096 1190 5149 δὲ
1219 5097 1289 5148 τὰ
1333 5095 1473 5166 ἔργα
1513 5093 1780 5166 μηδαμῶς
1834 5094 1946 5153 τοῖς

352 5195 540 5262 λόγοις
568 5192 954 5262 συμϐαίνοντα.
996 5191 1156 5243 Ἰδιον
1215 5188 1314 5258 μὲν
1349 5189 1458 5258 γὰρ
1504 5185 1790 5249 θεοσεϐοῦς
1849 5187 1945 5238 ἀν-

353 5288 581 5356 θρώπου
623 5282 1061 5356 καὶΧριστιανοῦ
1087 5282 1148 5334 τὸ
1174 5281 1272 5351 τὴν
1298 5280 1529 5350 εἰρήνην
1558 5280 1653 5334 καὶ
1681 5280 1782 5347 τὴν
1807 5278 1947 5346 ἀγά-

2047 4628 2204 4699 501
2272 4635 2504 4694 utraque
2554 4635 2707 4692 parte
2755 4623 2869 4676 dati
2914 4631 3088 4677 sunt:
3138 4617 3361 4688 Bulgari
3405 4631 3537 4670 vero
3572 4631 3640 4668 ne

2047 4704 2172 4797 quis
2198 4723 2358 4779 dolus
2391 4730 2486 4775 aut
2516 4720 2729 4775 insidiae
2765 4721 3032 4784 laterent,
3063 4717 3374 4772 machinam
3406 4713 3642 4784 diligen-

2050 4829 2127 4872 ter
2183 4814 2511 4884 perscrutati
2571 4823 2746 4868 sunt:
2803 4811 3028 4866 Simeou
3086 4825 3234 4880 equo
3273 4807 3533 4863 desiliens
3575 4804 3642 4858 ad

2049 4912 2437 4981 imperatorem
2468 4908 2722 4972 accessit,
2749 4907 2987 4974 dataque
3008 4904 3244 4959 invicem
3273 4902 3466 4961 salute.
3495 4897 3644 4968 paris

2051 5013 2342 5060 tractatum
2399 5010 2711 5056 moverunt.
2766 4998 3070 5068 Imperator
3117 4997 3325 5051 dixisse
3361 4992 3535 5047 fertur
3575 4989 3642 5041 ad

2051 5097 2363 5152 Simeonem
2399 5111 2413 5149 :
2466 5092 2658 5148 Virum
2707 5092 2802 5148 Dei
2831 5092 3094 5147 cultorem
3127 5099 3180 5142 et
3211 5101 3338 5140 vere
3375 5081 3639 5138 Christiao

2051 5203 2182 5241 num
2233 5186 2418 5242 audivi
2482 5194 2582 5241 te:
2629 5201 2822 5240 verum
2868 5199 3038 5254 opera
3090 5181 3276 5236 verbis
3326 5178 3643 5233 nullatenus

2048 5277 2410 5333 consonantia
2441 5276 2495 5331 in
2527 5286 2584 5330 te
2609 5275 2901 5346 perspicio.
2929 5271 3221 5342 Proprium
3245 5268 3391 5324 enim
3421 5265 3523 5320 viri
3547 5263 3640 5318 Dei

1621 5419 1871 5476 FRANC.
1902 5419 2295 5476 COMBEFISII
2333 5418 2569 5475 ΝΟΤᾹΣ.

435 5551 548 5620 (Μ)
601 5549 711 5604 Καὶ
765 5547 828 5601 τὺ
873 5547 1076 5620 ’στῆναι
1119 5544 1214 5606 τάς
1267 5542 1580 5611 γινομένας.
1637 5541 1938 5620 Anonymi...

361 5611 724 5688 Quotidianas
770 5617 940 5674 credes
974 5611 1152 5672 uolens
1195 5611 1812 5681 compescere;modum
1857 5611 1939 5664 eis

361 5707 429 5748 ac
462 5694 622 5745 ﬁnem
655 5690 941 5746 adhibere.
1365 5745 1372 5754 ,

440 5764 552 5831 (i5)
593 5760 972 5831 Ὀχυρωτάτην
997 5758 1294 5831 ἀπόϐασιν..
1317 5754 1335 5807 1
1359 5751 1486 5818 lem,
1514 5763 1573 5808 ut
1599 5760 1660 5831 et_
1681 5751 1936 5831 Codri-1L:

365 5821 737 5892 Τιίιὶδέἱιηιῦιί
775 5821 1006 5900 septum;
1061 5829 1482 5892 r.t'.sccnsioncm,
1520 5824 1832 5880 machinam
1872 5821 1937 5875 ad

2052 5540 2106 5594 id
2168 5545 2660 5611 comparataln,put
2690 5553 2752 5611 οξ
2789 5533 2911 5611 ηυνί
2946 5531 2998 5611 in
3035 5544 3154 5582 eam
3185 5522 3642 5582 descenderctur,

2051 5625 2230 5680 exque
2257 5603 2319 5665 ea
2358 5618 2479 5665 tuto
2506 5606 2850 5680 colloquium
2881 5603 3200 5655 haberetur.
3277 5665 3290 5680 ι
3401 5663 3414 5678 η
3500 5679 3508 5680 7
3537 5660 3550 5674 ,
3570 5677 3590 5680 _
3610 5658 3631 5669 ,

2125 5663 2240 5752 (146)
2267 5663 2505 5752 -Τὴνείς
2534 5663 2950 5762 ὑπεράμωμονι,
2979 5680 3034 5725 et
3062 5683 3211 5729 mox,
3235 5665 3344 5762 Ξὺν.
3366 5663 3464 5717 σὺν
3493 5663 3643 5727 αὖτῷ

2052 5736 2145 5809 οὖν
2183 5736 2388 5816 στόλον,
2421 5736 2871 5818 κατακοσμήσεις.
2909 5743 3205 5811 Anonym.,
3235 5736 3470 5792 Ccdrcu.
