4088 6450
489 376 633 467 tlst

1689 370 1968 431 LEONIS
2000 364 2487 428 GRAMMATICI.

3595 372 3711 442 ιιεθ.

483 486 559 543 Ut
585 500 715 542 vero
743 483 811 539 de
833 483 1172 555 negotiorum
1208 479 1624 535 diﬂicultatibus
1669 487 2071 561 convenerunt.

2193 476 2348 545 aevo;
2384 473 2577 535 έπιδάς
2624 475 2682 526 ἐν
2728 472 3062 546 Βλαχέρναις
3108 476 3451 545 παρεγένετο,
3501 484 3585 538 καὶ
3637 492 3714 545 τὸν

482 576 815 646 conscriptis
844 575 993 644 pacis
1013 572 1443 637 conditionibus,
1465 571 1733 641 nuptiales
1758 581 2075 628 contractus

487 674 837 741 peregerunt.
870 662 1121 719 Octobris
1146 662 1343 718 deinde
1378 663 1582 717 mensis
1605 662 1692 717 die
1720 671 1915 717 octavo
1946 678 2077 732 pro-

487 772 709 828 gressus
743 753 1052 823 patriarcha
1081 750 1392 821 Stephanus
1424 766 1530 805 una
1568 766 1693 806 cum
1743 748 2077 829 Thcophape

487 844 912 916 protovestiario
961 852 1017 899 et
1064 842 1232 897 Maria
1282 841 1673 914 Christopbori
1728 843 2079 913 imperatoris

491 935 622 1003 lilia,
656 944 711 991 et
747 936 1005 990 universo
1055 942 1248 989 senatu
1300 932 1369 988 ad
1419 934 1783 989 sanctissime
1836 935 2080 1005 Deiparze

488 1028 751 1098 templum
787 1026 853 1081 ad
908 1024 1102 1097 Pegas,
1150 1023 1372 1082 Petrum
1428 1035 1483 1081 et
1525 1024 1752 1082 Mariam
1802 1026 2078 1097 conjugali

487 1118 868 1175 benedictione
894 1116 1125 1173 sociavit
1152 1135 1165 1171 :
1199 1131 1501 1189 mensaque
1529 1126 1852 1187 sumptuosa
1876 1129 1931 1173 et
1961 1134 2080 1173 ma-

488 1210 941 1285 gniﬁcentissima
984 1210 1273 1274 instructa,
1304 1209 1630 1279 cunctisque
1660 1210 1726 1264 ad
1756 1211 2078 1281 nuptiarum

490 1302 762 1360 solemnia
793 1301 1172 1372 spectantibus
1210 1300 1315 1356 rite
1367 1300 1759 1371 splendideque
1819 1304 2077 1373 peractis,

492 1397 857 1467 Theophanes
876 1395 1330 1467 protovcstiarius
1362 1410 1469 1449 una
1489 1410 1613 1449 cum
1639 1394 1803 1450 Maria
1844 1396 2082 1467 impera-

493 1491 633 1545 toris
662 1489 772 1543 ﬁlia
802 1487 856 1543 in
891 1488 1083 1542 urbem
1116 1502 1371 1543 reversus
1398 1498 1502 1542 est.
1536 1488 1627 1542 Die
1654 1500 1835 1543 autem
1864 1492 2082 1561 nuptias

491 1592 761 1653 sequente
806 1581 967 1635 tertio
1021 1577 1306 1635 Romanus
1363 1579 1661 1650 imperator
1702 1580 1753 1634 in
1799 1583 2078 1648 machina,

492 1677 611 1733 sive
641 1675 887 1730 tabulato
933 1673 999 1728 ad
1043 1672 1215 1744 chas
1256 1672 1606 1743 magniﬁcum
1639 1674 1851 1744 paravit
1887 1676 2080 1731 convi-

491 1768 670 1824 vium.
718 1765 832 1822 Non
874 1765 1101 1821 minima
1136 1782 1303 1836 porro
1346 1768 1701 1822 contentione
1748 1783 1778 1822 a
1829 1768 2081 1842 Bulgaris

2179 569 2386 638 Πέτρον
2407 566 2673 620 ὲθεάσατό
2704 583 2765 618 τε
2795 567 2890 619 καὶ
2915 565 3324 636 κατησπάσατο.
3388 573 3532 627 Ἐπεὶ
3557 575 3608 630 δε
3637 582 3718 636 ἀλ-

2175 658 2360 729 λήλοις
2413 659 2481 712 τά
2510 659 2700 711 εἰκότα
2749 657 3159 729 συνωμίλησιαν,
3185 662 3478 730 γράφοντες
3505 668 3569 721 τὰ
3609 672 3722 742 σύμ.

2178 769 2332 820 φωνα
2353 753 2453 820 τῆς
2481 752 2727 821 εἰρήνης,
2757 752 2850 805 καὶ
2871 753 2941 805 τὰ
2962 753 3176 822 γαμικὰ
3198 752 3530 825 ἀλλάγματα.
3554 760 3724 839 Ὀγδόῃ

2175 840 2234 893 δὲ
2262 838 2357 894 τοῦ
2401 841 2735 909 Ὀκτωόρίου
2769 842 2997 911 ἐξῆλθεν
3044 846 3071 897 ὁ
3104 844 3441 918 πατριάρχης
3485 838 3724 920 Στέφανος

2177 930 2294 1001 ἃμα
2340 933 2606 1002 Θεοφάνει
2654 936 3143 1006 πρωτοδεστιαρίῳ
3181 938 3275 989 καὶ
3333 940 3517 1011 Μαρίᾳ.
3554 945 3615 1013 τῇ
3645 946 3726 999 τοῦ

2180 1023 2448 1094 βασιλέως
2477 1025 2856 1098 Χριστοφόρου
2892 1026 3129 1098 θυγατρὶ
3172 1030 3265 1080 καὶ
3317 1027 3467 1099 πάσῃ
3496 1014 3587 1102 ’τῇ
3621 1051 3730 1101 συγ.

2178 1112 2363 1186 κλήτῳ
2396 1116 2476 1178 είς
2530 1115 2622 1168 τὸν
2668 1116 2798 1168 ναὸν
2832 1116 2933 1185 τῆς
2995 1117 3301 1188 ὕπεραγίας
3354 1117 3604 1172 Geo-r6201)
3644 1121 3732 1190 τῆς

2180 1207 2395 1279 Πηγῆς,
2435 1210 2529 1262 καὶ
2561 1209 2857 1278 εὐλόγησεν
2892 1209 3098 1280 Πέτρον
3135 1225 3194 1262 τε
3228 1211 3322 1262 καὶ
3354 1210 3583 1279 Μαρίαν.
3602 1213 3733 1278 Λαμηο

2180 1304 2324 1373 rapi;
2353 1303 2410 1358 δὲ
2468 1303 2562 1357 καὶ
2611 1302 2941 1367 πολυτελοῦς
2991 1303 3296 1374 γενομένης
3341 1304 3628 1376 τραπέζης,
3654 1308 3733 1357 καί

2183 1396 2402 1448 πάντων
2424 1396 2533 1448 τῶν
2565 1394 2893 1463 εἰθισμένων
2923 1398 3040 1459 τοῖς
3068 1396 3270 1465 γάμοις
3302 1395 3540 1466 φαιδρῶς
3571 1398 3734 1449 ἐπιτε-

2180 1485 2503 1553 λεσθέντων,
2530 1486 2781 1557 εἰσῆλθεν
2809 1486 3093 1557 Θεοφάνης
3126 1487 3613 1560 πρωτοϐεστιάριος
3638 1489 3737 1558 ἅμα

2182 1576 2378 1649 Μαρία
2401 1579 2467 1649 τῇ
2498 1577 2731 1651 θυγατρὶ
2756 1579 2848 1633 τοῦ
2880 1580 3148 1651 βασιλέως
3196 1581 3254 1632 ἐν
3280 1582 3347 1650 τῇ
3397 1579 3575 1633 πόλει·
3610 1583 3668 1651 τῇ
3692 1580 3738 1634 δὲ
3810 1636 3819 1639 4

2182 1670 2347 1746 τρίτῃ
2400 1670 2496 1725 τοῦ
2525 1672 2707 1741 γάμου
2746 1672 2931 1744 ήμέρᾳ
2982 1671 3245 1741 εποίησεν
3281 1673 3310 1724 ό
3340 1670 3588 1740 βασιλεὺς
3626 1671 3740 1725 Ῥω·

2187 1765 2356 1833 μανὸς
2379 1764 2615 1834 εὐωχίαν
2635 1764 2900 1834 λαμπράν
2928 1766 2985 1816 ὲν
3012 1765 3079 1835 τῇ
3105 1763 3213 1815 τῶν
3235 1762 3439 1832 Πηγῶν
3460 1762 3743 1834 ἀποϐάθρᾳ.

490 1861 754 1925 excitata,
788 1866 847 1913 ut
878 1857 1031 1928 prius
1058 1833 1514 1928 Christophorns,
1535 1856 1733 1917 deinde
1763 1833 2083 1917 Constanti-

2193 1854 2307 1908 Τῶν
2334 1855 2389 1908 δὲ
2432 1833 2758 1926 Βουλγάρῶν
2782 1833 3034 1909 ἔνστασιν
3054 1833 3115 1909 ού
3152 1856 3360 1926 μικρὰν
3388 1833 3742 1923 ποιησαμένῶν

492 1969 599 2009 nus
667 1951 1123 2008 acclamationum
1178 1951 1435 2020 precibus
1505 1951 1882 2021 exciperetur,
1934 1954 2082 2011 votis

490 2060 681 2100 contra
718 2045 1047 2114 imperatore
1091 2042 1378 2108 obsecuto,
1403 2043 1548 2114 quod
1580 2043 1837 2113 petebant
1874 2046 2082 2117 praesti-

496 2144 610 2192 tum
641 2145 743 2192 est.
766 2133 1094 2209 Nuptiarum
1141 2147 1323 2190 autem
1353 2136 1670 2190 celebritate
1701 2146 1943 2206 peracta,
1971 2136 2083 2193 Ma-

492 2229 688 2297 riaque
716 2228 770 2283 in
801 2227 1112 2299 Bulgariam
1145 2227 1249 2283 iter
1304 2242 1591 2297 capessere
1616 2227 1840 2298 jamjam
1874 2240 2081 2298 parata,

496 2318 839 2374 Ilehdomum
876 2332 1052 2388 usque
1084 2325 1342 2387 parentes
1374 2332 1493 2371 cam
1526 2317 1772 2372 comitati
1808 2319 2085 2389 prosecuti

496 2422 650 2478 sunt,
688 2412 761 2467 ibi
800 2414 852 2467 in
894 2427 1014 2467 eam
1049 2408 1392 2476 circumfusi,
1420 2418 1476 2465 et
1524 2409 1676 2484 largo
1717 2410 2083 2481 lacrymarum

497 2503 763 2574 impluvio
789 2502 1013 2568 madidi,
1064 2509 1124 2557 ttt
1157 2501 1481 2556 dilectorum
1521 2500 1944 2571 prmcordiorum
1983 2519 2085 2559 usu

496 2593 651 2650 orbis
701 2593 1021 2661 contingere
1062 2591 1224 2655 solet,
1287 2590 1697 2647 tristabantur:
1760 2592 2089 2663 tandemque

496 2699 780 2755 generum,
818 2683 925 2737 lilia
966 2683 1087 2753 ejus
1139 2681 1395 2754 potestati
1436 2682 1633 2738 tradita
1668 2678 1990 2749 deosculati,
2033 2686 2087 2739 in

496 2776 705 2846 regiam
751 2775 953 2829 reversi
990 2782 1139 2831 sunt.
1177 2771 1270 2829 Sic
1313 2773 1477 2828 Maria
1518 2773 1873 2846 Bulgarorum
1908 2776 2092 2831 mani-

500 2867 604 2922 bus
635 2866 829 2920 tradita
859 2865 913 2919 iu
945 2865 1253 2936 Bulgariam
1280 2864 1523 2935 profecta
1554 2875 1661 2921 est.

572 3045 652 3100 Eo
677 3053 921 3115 tempore
955 3043 1115 3113 legati
1136 3043 1300 3115 504
1324 3043 1476 3112 pacis
1500 3041 1703 3099 fmdcra
1736 3044 2094 3115 composituri

498 3150 533 3190 c
563 3135 804 3191 Melitine
843 3136 910 3191 ad
951 3135 1336 3205 imperatorem
1373 3134 1683 3190 Romanum
1719 3147 2089 3193 accesserunt.

502 3226 620 3280 Non
643 3226 736 3280 diu
756 3235 880 3296 post
902 3230 1156 3296 Apocaps
1179 3227 1345 3281 Amer
1363 3242 1534 3296 nepos
1546 3225 1817 3283 Melitines
1844 3230 2091 3295 Ameras,

503 3325 561 3372 et
596 3318 892 3387 Apolasath
932 3320 1040 3371 dux
1080 3317 1461 3374 nobilissimus
1490 3331 1543 3374 et
1585 3319 1893 3375 ditissimus
1939 3319 2093 3373 Meli-

502 3410 634 3464 tina:
685 3410 926 3465 advenit.
976 3409 1067 3465 Isti
1121 3412 1382 3480 congruis
1428 3411 1731 3466 honoribus
1776 3428 1807 3467 a
1845 3410 2094 3467 Romano

501 3499 753 3570 excepti,
798 3501 950 3570 pacis
992 3500 1403 3557 conditionibus
1453 3501 1703 3566 ﬁrmatis,
1750 3502 1807 3556 in
1861 3502 2093 3572 patriam

504 3592 710 3648 reversi
735 3601 887 3647 sunt.
909 3594 1163 3664 Apocaps
1187 3604 1368 3650 autem
1397 3594 1516 3649 viro
1539 3595 1807 3666 prudente
1835 3605 1891 3650 et
1912 3596 2093 3666 sagaci

503 3684 644 3738 viVis
678 3695 888 3755 erepto,
919 3700 1107 3756 pacem
1152 3689 1418 3742 continuo
1449 3688 1844 3743 dissolverunt.
1894 3690 1956 3744 ln
2000 3704 2098 3747 eos

505 3784 691 3830 autem
740 3777 1057 3846 irrumpunt
1112 3779 1426 3833 scholarum
1480 3780 1818 3835 domesticus
1858 3779 2099 3838 Joannes

504 3868 774 3934 Curcuas,
801 3885 909 3923 una
937 3886 1060 3924 cum
1092 3871 1421 3942 legionibus,
1448 3880 1503 3925 et
1531 3870 1717 3928 Helias
1745 3887 1870 3928 cum
1899 3873 2099 3944 adjun-

508 3961 614 4015 clis
659 3962 763 4015 sibi
802 3963 1100 4019 armenis:
1140 3976 1195 4019 et
1225 3966 1291 4019 ad
1334 3979 1430 4021 eas
1464 3965 1751 4034 angustias
1802 3964 2097 4022 Melitinem

509 4054 761 4122 adigunt,
798 4065 859 4111 ut
895 4071 1015 4111 eam
1048 4072 1080 4112 c
1124 4057 1353 4127 vestigio
1390 4067 1626 4121 vastent,
1662 4068 1713 4112 et
1751 4057 1999 4114 funditus
2033 4058 2100 4114 ad

511 4145 687 4200 solum
706 4157 976 4202 evertant.
996 4147 1290 4203 Melitinem
1318 4148 1483 4218 igitur
1503 4149 1558 4202 in
1590 4148 1920 4203 curatoriam
1943 4149 2101 4205 insti-

512 4237 620 4293 tuit
672 4239 990 4310 imperator,
1039 4240 1292 4312 plurimis
1338 4242 1452 4296 auri
1501 4252 1555 4297 et
1605 4241 1817 4309 argenti
1860 4243 2102 4297 millibus

512 4333 796 4387 annuatim
818 4332 1137 4403 colligendis
1156 4333 1330 4388 eidem
1357 4333 1646 4404 impositis.
1679 4330 1899 4390 Nicetas
1918 4342 2100 4390 autem

514 4424 778 4495 magister
803 4435 858 4481 et
879 4424 1261 4496 Christophori
1295 4425 1646 4495 imperatoris
1671 4440 1831 4482 socer
1858 4425 2017 4498 quasi
2049 4427 2101 4481 in

2184 1945 2449 2015 πρότερον
2481 1945 2854 2014 εύφημεῖσθαι
2875 1943 3273 2016 Χριστοφόρον,
3309 1940 3410 1997 εἷθ’
3441 1944 3580 1996 οὕτω
3612 1944 3744 1996 Κων-

2186 2036 2488 2101 σταντϊνον,
2512 2034 2735 2100 ὑπεῖξεν
2762 2035 2829 2105 τῇ
2866 2032 3120 2086 ὲνστάσει
3162 2034 3190 2086 6
3220 2030 3500 2102 βασιλεὺς,
3552 2027 3639 2080 καὶ
3665 2028 3743 2097 γέ-

2185 2140 2342 2194 γονεν
2371 2125 2510 2197 ὅπερ
2542 2125 2839 2195 ᾐτήσαντο.
2886 2122 3108 2194 Ἐπειδὴ
3136 2122 3194 2175 δὲ
3227 2122 3411 2176 πάντα
3447 2122 3503 2172 ὲν
3531 2121 3637 2181 τοῖς
3667 2118 3749 2186 γά-

2190 2233 2313 2286 μοις
2344 2217 2834 2289 συνετελέσθησαν,
2866 2217 2960 2270 καὶ
2989 2215 3186 2288 ἔμελλε
3242 2208 3434 2280 Μαρία
3486 2212 3583 2284 τὴν
3632 2211 3749 2282 πρὸς

2188 2308 2527 2378 Βουλγαρίαν
2557 2309 2674 2365 ὁδὸν
2698 2309 2928 2372 ὁδεύειν,
2960 2310 3009 2363 οί
3038 2306 3249 2378 ταύτης
3280 2307 3465 2376 γονεῖς
3498 2303 3650 2376 μέχρι
3670 2301 3751 2355 τοῦ

2198 2398 2463 2471 ἚσδόμΟυ
2494 2400 2820 2473 συνεξῆλθον
2854 2401 3019 2473 αὐτῇ,
3067 2398 3480 2470 περιχυθέντων
3509 2399 3572 2467 τῇ
3606 2396 3752 2462 θυγα-

2189 2494 2302 2563 τρὶ,
2330 2492 2423 2545 καὶ
2484 2491 2656 2546 πολλὰ
2705 2478 2975 2562 κατέχεαν
3013 2492 3084 2544 τὰ
3111 2491 3352 2562 δάκρυα,
3383 2490 3480 2542 καὶ.
3509 2487 3583 2550 ὡς
3627 2487 3753 2548 είκδς

2191 2584 2284 2639 ἐπὶ
2307 2586 2562 2655 στερήσει
2592 2582 2904 2654 σπλάγχνου
2925 2583 3138 2654 πεποθη
3147 2582 3316 2653 μένου
3340 2582 3433 2663 τόν
3454 2598 3512 2636 τε
3532 2578 3754 2649 γαμϐρὸν

2192 2679 2594 2749 ἀσπασάμενοι,
2620 2678 2714 2731 καὶ
2741 2677 2951 2745 ταύτην
2983 2679 3106 2740 ταῖς
3136 2677 3331 2730 τούτου
3379 2674 3538 2747 χερσὶ
3561 2669 3756 2740 περιθέ-

2197 2786 2350 2841 μενοι
2379 2771 2437 2824 ὲν
2468 2772 2580 2833 τοῖς
2602 2768 2899 2840 βασιλείοις
2927 2767 3301 2839 ὑπέστρεψαν,
3328 2765 3520 2835 Μαρία
3543 2763 3595 2816 δὲ
3617 2761 3754 2815 Bonl.

2193 2863 2453 2934 γαρικαίς
2507 2861 2882 2933 παραδοθεῖσα
2920 2860 3112 2933 χερσὶν
3169 2859 3270 2932 τήν
3296 2860 3397 2914 ὲπὶ
3445 2852 3759 2925 Βουλγαρίαν

2196 2953 2383 3025 ἀπῄει.
2594 3014 2609 3029 ὶ
2690 2986 2697 2993 ο

2268 3047 2403 3100 Τότε
2442 3045 2501 3100 δὲ
2548 3045 2807 3118 πρέσϐεις
2839 3046 2974 3118 πρὸς
3006 3045 3099 3101 τὸν
3138 3043 3370 3116 βασιλέα
3408 3038 3683 3112 Ῥωμανδν
3707 3038 3763 3090 sit

2200 3137 2493 3208 Μελιτινῆς
2525 3140 2891 3210 παρεγένοντο
2938 3138 3223 3209 εἰρηνικάς
3269 3134 3505 3198 σπονδὰς
3540 3134 3761 3202 ποιήσαι.

2194 3227 2330 3282 Μετ’
2363 3228 2424 3281 οὐ
2450 3228 2584 3282 πολὺ
2622 3229 2871 3299 Ἀπόκαψ
2896 3229 2925 3282 6
2948 3228 3041 3282 τοῦ
3086 3228 3256 3299 Ἀμὲρ
3307 3227 3530 3296 ἔκγονος
3565 3221 3765 3292 ἀμηρᾶς

2194 3321 2293 3386 τῆς
2317 3320 2633 3391 Μελιτινῆς,
2664 3322 2759 3374 καὶ
2789 3320 3101 3375 Ἀπολασὰθ
3136 3321 3251 3391 (δι)
3284 3319 3594 3393 στρατηγὸς
3625 3316 3766 3383 εὐγε-

2194 3411 2453 3477 νέστατῡς
2482 3413 2574 3466 καὶ
2598 3413 2858 3477 πλούσιος
2886 3412 2962 3467 ὢν
2994 3415 3059 3467 ὲκ
3086 3412 3388 3482 Μελιτινῆς
3433 3409 3765 3482 παρεγένετο.

2208 3506 2629 3578 Ἀποδεχθέντες
2680 3505 2774 3561 οὖν
2832 3508 2972 3579 μετὰ
3031 3507 3131 3579 τῆς
3189 3504 3580 3578 προσηκούσης
3623 3499 3769 3570 τιμῆς

2197 3598 2351 3671 παρὰ
2390 3598 2696 3670 Ῥωμανοῦ,
2724 3601 2819 3654 κοιλ⁵
2876 3599 3145 3670 σύμφωνα
3176 3598 3403 3670 εἰρήνης
3438 3596 3770 3665 ποιήσαντες.

2198 3691 2550 3764 ὺπέστρεψαν
2605 3694 2744 3768 πρὸς
2793 3693 2864 3748 τὰ
2913 3694 3043 3748 ίδια.
3084 3692 3526 3762 Τελευτήσαντος
3575 3686 3631 3739 δὲ
3690 3680 3771 3735 τοῦ

2210 3784 2460 3855 ’Δπόκαψ
2488 3784 2680 3856 ἀνδρὸς
2704 3785 2974 3857 φρονίμου
3005 3784 3102 3838 καὶ
3129 3783 3378 3846 συνετοῦ,
3423 3780 3672 3835 διέλυσαν
3689 3774 3773 3843 τὴν

2199 3878 2444 3950 εἰρήνην.
2486 3877 2948 3949 Ἐκστρατεύόυσι
2978 3877 3035 3932 δὲ
3062 3877 3183 3929 κατ’
3230 3875 3413 3930 αὐτῶν
3436 3915 3452 3937 ,
3493 3874 3522 3926 ὅ
3546 3888 3606 3924 τε
3630 3866 3775 3937 δομέ-

2203 3986 2389 4033 στικος
2407 3969 2518 4022 τῶν
2552 3968 2763 4039 σχολῶν
2798 3968 3057 4038 Ἰωάννης
3090 3970 3120 4021 6
3161 3964 3490 4036 Κουρκούας
3520 3960 3655 4034 μετά
3697 3958 3778 4010 καὶ

2203 4062 2312 4115 τῶν
2356 4061 2632 4131 θεμάτων,
2684 4060 2779 4114 καὶ
2815 4062 2844 4113 6
2897 4060 3106 4124 Μελίας
3140 4059 3279 4129 μετὰ
3304 4056 3418 4110 τῶν
3454 4051 3776 4126 ’Δρμενίων·

2201 4151 2298 4204 καὶ
2328 4151 2408 4214 εἰς
2438 4150 2712 4221 τοσαύτην
2744 4150 3006 4203 στένωσιν
3028 4150 3129 4219 τὴν
3160 4147 3462 4219 Μελιτινὴν
3503 4142 3781 4215 περιέστη·

2205 4258 2327 4307 σαν,
2383 4241 2526 4295 ὥστε
2558 4244 2731 4312 αὐτὴν
2783 4239 3180 4311 συντομώτατα
3230 4229 3782 4309 ὲκπορθηθῆναινκαῖ

2204 4337 2292 4390 ἐπ’
2323 4335 2557 4404 ἐδάφους
2596 4336 2997 4406 καταστρέψαι.
3027 4333 3245 4402 Ταύτην
3273 4328 3367 4386 οὖν
3398 4327 3694 4396 Μελιτινήν
3713 4323 3783 4383 εἰς

2206 4430 2590 4501 κουρατωρίαν
2623 4429 3088 4499 ἀποκαταστήσας
3111 4429 3139 4480 6
3167 4425 3445 4497 βασιλεὺς,
3485 4420 3681 4480 πολλὰς
3708 4432 3784 4483 χι-

513 4525 721 4583 patrem
758 4516 1077 4586 insurgendi
1117 4516 1408 4572 consilium
1439 4517 1699 4583 dedisset,
1731 4525 1787 4572 et
1828 4532 1953 4574 eum
1999 4519 2090 4573 im-

2207 4523 2394 4585 λιάὸα;
2422 4523 2650 4595 χρυσίου
2682 4525 2777 4577 καὶ
2798 4521 3067 4595 ἀργυρίου
3100 4519 3308 4573 ἐκεῖθεν
3337 4505 3785 4586 δεσμοφορείσθαι

514 4606 666 4674 perio
716 4608 952 4677 dejicere
1011 4608 1407 4674 consuluisset,
1457 4617 1754 4664 accusatus
1796 4618 1903 4664 est.
1962 4607 2098 4664 Eum

516 4710 801 4769 propterea
835 4701 969 4756 urbe
1001 4703 1221 4771 pulsum
1268 4701 1639 4757 detonderunt
1677 4704 2031 4759 monachum.

2211 4617 2449 4688 ὲτησίως
2491 4617 2816 4687 πεποίηκεν.
2868 4613 3242 4684 Κατηγορήθη
3270 4612 3326 4665 δὲ
3362 4611 3611 4679 Νικήτας
3638 4605 3666 4657 ὀ
3695 4602 3786 4707 psi-

2215 4726 2439 4781 γιστρος
2471 4712 2568 4763 καὶ
2621 4709 2887 4779 πενθερὸς
2940 4706 3318 4778 Χριστο-ρόρου
3371 4700 3661 4774 βασιλέως.
3721 4700 3787 4749 ὼς

515 4792 913 4863 ὑποτιθέμενος
942 4795 1088 4866 αὐτῷ
1119 4796 1260 4848 κατὰ
1282 4795 1378 4849 τοῦ
1417 4795 1549 4849 ίδίου
1580 4796 1834 4864 γενέσθαι
1867 4797 2098 4871 πατρὸς,
2142 4802 2239 4857 καὶ
2273 4804 2375 4874 τῆς
2399 4803 2678 4875 βασιλείας
2704 4802 2866 4857 αὐτὸν
2889 4799 3142 4867 ὲξεῶσαι.
3177 4797 3378 4851 Τοῦτον
3447 4792 3541 4847 οῦν
3608 4787 3788 4855 ἐξαγα-

517 4887 712 4957 γόντες
738 4886 841 4956 τῆς
873 4887 1083 4951 πόλεως
1105 4889 1410 4961 άὲτέκειραν
1441 4889 1701 4961 μοναχόν.

593 5006 794 5063 Mensis
820 5015 1003 5061 autem
1023 5003 1153 5059 Julii
1189 5005 1279 5061 die
1308 5006 1524 5062 decimo
1553 5017 1773 5073 octavo,
1805 5006 2112 5064 indictione

520 5109 695 5166 sexta,
719 5098 1032 5168 Stephanus
1054 5096 1366 5168 patriarcha
1390 5098 1659 5156 moritur:
1686 5107 1800 5154 tum
1825 5098 2090 5155 Decembr

2208 5117 2307 5172 της
2340 5098 2569 5169 τελευτᾷ
2608 5096 2879 5163 Στέφανος
2923 5094 3308 5164 πατριάρχης·

524 5205 713 5249 mense
744 5188 1095 5263 Tryphonem
1123 5189 1480 5255 monachum,
1511 5190 1731 5261 pietatis
1756 5201 1812 5246 et
1849 5191 2114 5247 sanctita-

526 5285 597 5340 tis
642 5283 956 5341 testimonio
987 5283 1282 5354 insignem,
1302 5284 1561 5338 ordinant
1587 5284 1982 5355 patriarcham,
2009 5284 2114 5339 do-

530 5392 632 5433 nec
658 5377 836 5434 tctatis
876 5387 1077 5434 metam
1109 5377 1459 5449 imperatoris
1485 5377 1717 5434 Romani
1756 5377 1901 5432 ﬁlius
1928 5375 2112 5431 Theo-

2282 5008 2431 5081 Μηνὶ
2456 5006 2513 5061 δὲ
2554 5003 2759 5075 Ἰουλίῳ
2787 5003 2951 5077 ὀγδόῃ
2986 5001 3081 5056 καὶ
3106 4999 3311 5071 δεκάτῃ
3352 4995 3683 5056 ίνδικτιῶνος
3707 4991 3792 5046 έκ-

3365 5088 3690 5159 Δεκεμὸρίῳ
3739 5081 3791 5135 δὲ

2213 5170 2345 5262 μηνὶ
2394 5188 2589 5258 ἄγουσι
2646 5183 2921 5256 Τρύφωνα
2988 5182 3223 5253 μοναχδν
3257 5181 3345 5234 ἐπ’
3397 5177 3658 5248 εὐλαϐείᾳ
3704 5170 3790 5226 καὶ

2213 5281 2466 5352 ἁγιότητι
2491 5275 2966 5351 μαρτυρούμενον,
2998 5274 3093 5328 καὶ
3134 5270 3505 5344 χειροτονοῦσι
3528 5266 3788 5336 πατριάς)⁸

2220 5390 2345 5443 χην,
2379 5369 2572 5442 μέχρις
2629 5371 2696 5423 ἂν
2726 5368 2806 5433 είς
2851 5368 3052 5438 μέτρον
3088 5366 3304 5436 ἡλικίας
3340 5363 3523 5435 φθάσῃ
3544 5362 3574 5414 6
3599 5355 3793 5425 Θεοφά-

532 5471 836 5544 phylactus,
856 5488 1017 5544 quem
1033 5470 1537 5542 Constantinopolis
1559 5469 1900 5542 patriacham
1925 5483 2090 5524 creari

2220 5462 2440 5529 λακτος,
2471 5466 2500 5517 6
2540 5461 2823 5534 Ῥωμανοῦ
2864 5461 2959 5515 τοῦ
3002 5459 3269 5531 βασιλέως
3298 5456 3436 5523 υίὸς,
3490 5454 3549 5508 ὃν
3578 5448 3791 5523 ἔμελλον

1732 5630 1986 5689 FRANC.
2011 5628 2401 5688 COMBEFISII
2431 5627 2667 5686 NOTAE.

608 5749 719 5823 (5i)
762 5752 1062 5823 Anonym"
1108 5751 1437 5808 ’Λποσαλάθ.
1476 5714 2111 5823 (καινοπηλλὶποσϐλάθ,

536 5819 684 5892 quod
719 5819 940 5875 atlllnius'
961 5821 1379 5879 Continuatori.
1411 5838 1590 5893 exqut.
1637 5837 1702 5877 co
1728 5821 1998 5890 tantisper
2023 5820 2122 5876 dc-

2226 5745 2652 5820 pravatmu._l3.\
2679 5761 2744 5820 eo
2775 5745 2959 5799 statim
2992 5746 3174 5820 suppl.
3224 5753 3345 5817 post
3395 5754 3579 5801 vocem
3634 5732 3769 5801 eipv'p

2235 5816 2350 5889 νην,
2384 5820 2433 5872 οἱ
2467 5817 2758 5888 Μελιτινὴν
2786 5816 3191 5880 κατοικοῦντες.
