4088 6448
531 405 667 471 1159

1761 360 2040 453 ι,ΕοΝῶ
2075 387 2566 452 GRAMMATICI

3637 384 3756 453 1160

530 517 875 571 Snbstitntus
927 519 1012 567 est
1071 508 1409 565 domesticus
1478 504 1741 576 patricius
1800 502 2127 558 Pantherins

2250 500 2335 554 νῶν
2365 498 2504 570 (6‘2).
2536 498 2636 551 Διὰ
2659 495 2720 549 τὸ
2745 494 3044 565 περιφανὲς
3066 491 3166 563 τῆς
3187 490 3281 544 τοῦ
3302 492 3484 576 ἀνδρὸς
3502 494 3761 569 ἀρετῆς....

527 609 763 665 Romani
801 605 1155 677 imperatoris
1193 600 1393 657 aliinis.

603 784 921 840 lndictionis
957 782 1145 853 prium
1177 779 1349 850 Aprili
1405 793 1596 834 mense
1625 779 1861 844 {rursum
1904 776 2125 846 irrupe-

534 888 668 934 runt
700 876 865 932 Turci
895 891 1019 933 cum
1057 873 1274 942 magnis
1320 871 1555 927 viribus.
1613 868 1888 925 Patricius
1939 875 2122 923 autem

529 971 898 1041 Theophanes
955 966 1243 1022 accubitor
1292 978 1552 1035 egressus
1617 962 1771 1034 pacis
1815 958 2025 1016 hedera
2070 958 2125 1011 in

531 1079 709 1120 annos
753 1061 1002 1132 quinque
1045 1057 1316 1114 servanda
1356 1071 1480 1110 cum
1522 1056 1604 1112 eis
1636 1052 1969 1124 composuit.
2033 1050 2127 1106 ln-

530 1159 776 1213 dictione
820 1152 1067 1210 secuuda
1111 1148 1465 1205 Paschalium
1515 1144 2026 1218 protospatbarium
2075 1153 2131 1198 ct

530 1246 930 1321 Longobardiw
990 1246 1191 1299 ducem
1237 1242 1305 1297 ad
1342 1241 1588 1296 Francize
1628 1252 1808 1309 regem
1845 1235 2137 1307 Hugonem

530 1339 700 1394 tiliam
735 1337 857 1404 ejus
905 1333 1159 1387 Romano
1194 1328 1543 1386 Constantini
1585 1326 1708 1397 ejus
1755 1326 1971 1396 generis
2020 1323 2133 1378 lilio

534 1444 765 1485 uxorem
799 1426 1101 1496 petiturum
1130 1421 1412 1476 Rounanus
1444 1420 1743 1488 imperator
1769 1415 1938 1480 misit,
1966 1429 2129 1485 quam

534 1523 724 1577 multis
760 1535 865 1574 una
892 1533 1017 1573 cum
1054 1515 1253 1586 opibus
1277 1528 1462 1568 secum
1503 1518 1841 1579 assumptam
1874 1505 2133 1578 praefatus

534 1614 863 1671 Paschalins
912 1612 967 1665 in
1031 1609 1222 1665 urbem
1275 1597 1557 1660 adduxit.’
1589 1599 1895 1671 Septembri
1938 1597 2134 1654 deinde

532 1720 725 1761 mense
758 1702 964 1772 nuptize
993 1698 1282 1755 celebratae
1311 1703 1459 1750 sunt.
1492 1693 1641 1758 llaec,
1665 1706 1792 1746 cum
1820 1688 1941 1746 viro
1975 1689 2135 1745 annis

534 1799 783 1867 quinque
815 1792 1040 1849 socialis
1075 1792 1199 1845 vita:
1227 1787 1498 1851 decursis,
1538 1793 1757 1838 mortua
1801 1791 1905 1837 est.
1971 1779 2135 1835 Tem-

2227 593 2556 664 δομέστικος
2582 590 2644 644 δὲ
2663 588 3115 644 ἀντικαθίσταται
3141 587 3170 639 6
3196 572 3473 657 πατρίκιος
3497 587 3768 665 Πανθήριος

2232 685 2506 757 συγγενὴς
2532 682 2629 741 τοῦ
2658 682 2929 754 βασιλέως
2956 679 3033 734 ὣν
3076 678 3379 750 Ῥωμανοῦ.

2300 772 2621 828 Ἰνδικτιῶνι
2650 771 2846 845 πρώτῃ
2890 769 3188 841 Ἀπριλλίῳ
3219 769 3348 841 μηνὶ
3378 771 3599 844 ἐπῆλθον
3619 764 3763 832 πάλιν

2230 867 2281 919 οί
2307 866 2544 937 Τοῦρκοι
2569 864 2708 936 μετά
2731 862 2996 935 πλείστης
3011 862 3315 933 δυνάμεως.
3359 862 3415 916 Ὀ
3432 864 3488 917 δὲ
3514 870 3771 938 πατρίκιος

2231 960 2517 1028 θεοφάνης
2543 960 2573 1013 6
2602 958 3103 1029 παρακοιμώμενος
3131 954 3363 1021 ἐξελθὼν
3404 958 3623 1023 σπονδὰς
3646 962 3776 1032 είρη-

2233 1054 2391 1117 νικάς
2410 1054 2669 1119 ἐποίησεν
2703 1053 2821 1123 μετ’
2845 1050 3048 1116 αὐτῶν,
3084 1050 3314 1121 χρόνους
3339 1050 3496 1104 πέντε
3529 1052 3621 1123 τὴν
3653 1056 3779 1124 είρή.

2235 1163 2336 1218 νην
2385 1145 2841 1216 διαφυλαχθῆναι.
2894 1143 3139 1214 Δευτέρᾳ
3173 1142 3462 1197 ίνδικτιῶνι
3491 1146 3518 1197 6
3554 1146 3779 1212 βασιλεὺς

2246 1237 2531 1307 Ῥωμανδς
2550 1236 2861 1308 Πασχάλιον
2877 1235 3372 1307 πρωτοσπαθάριον
3395 1235 3486 1289 καὶ
3507 1236 3783 1307 στρατηγὸν

2236 1332 2587 1403 Δαγοϐάρδον
2615 1332 2751 1402 πρὸς
2778 1332 2870 1385 τὸν
2922 1331 3069 1402 ρῆγα
3097 1332 3377 1403 Φραγγίας
3445 1332 3665 1401 Οῦγωνα
3708 1337 3782 1404 ἐξ·

2239 1425 2585 1490 απὲστειλεν,
2646 1424 2748 1495 τὴν
2780 1424 2874 1479 τοῦ
2905 1421 3074 1479 αὐτοῦ
3121 1424 3397 1495 θυγατέρα
3429 1424 3686 1496 ἐπιζητῶν
3720 1429 3783 1492 είς

2240 1517 2460 1588 νύμφην
2500 1516 2770 1588 Ῥωμανῷ
2796 1517 2873 1587 τῷ
2902 1518 3001 1572 τοῦ
3033 1516 3291 1590 γαμϐροῦ
3324 1516 3489 1571 αὑτοῦ
3522 1520 3784 1573 Κωνσταν-

2238 1609 2387 1664 τίνου
2418 1609 2550 1680 υίῷ’
2582 1612 2649 1681 ἢν
2689 1609 2785 1665 καὶ
2812 1611 3100 1666 ἀναλαϐὼν
3122 1611 3150 1663 6
3184 1609 3474 1681 εἰρημένος
3515 1611 3788 1681 Πασχάλιος

2246 1702 2386 1773 μετά
2424 1702 2657 1756 πλούτου
2689 1702 2888 1756 πολλοῦ
2919 1705 2978 1757 ἐν
3002 1706 3069 1774 τῇ
3107 1703 3262 1757 πόλει
3301 1704 3592 1774 ἀνήγαγεν.
3619 1704 3788 1773 Γέγονε

2241 1793 2297 1847 δὲ
2346 1795 2375 1847 6
2406 1795 2584 1866 γάμος
2641 1795 3006 1868 Σεπτεμϐρίῳ
3040 1796 3195 1868 μηνὶ.
3240 1796 3364 1865 ἥτις
3398 1798 3489 1850 καὶ
3535 1796 3789 1868 ἐτελεύτη-

532 1889 761 1961 poribus
788 1884 1003 1955 imperii
1043 1879 1392 1938 Constantini
1426 1877 1548 1948 ejus
1587 1873 1766 1930 soceri
1802 1883 1964 1927 vento
2009 1870 2146 1926 vali-

2250 1904 2343 1941 σεν
2380 1887 2594 1960 ζήσασα
2649 1888 2745 1960 ἐτη
2801 1889 2941 1960 μετά
3000 1890 3098 1944 τοῦ
3162 1890 3361 1961 ἀνδρὸς
3417 1890 3585 1959 αὐτῆς
3633 1892 3788 1946 πέντε.

533 1981 768 2056 dissimo
809 1976 1116 2049 perﬂante,
1179 1971 1324 2028 demi
1376 1970 1430 2024 in
1488 1968 1659 2035 circo,
1709 1966 1959 2038 opposita
2008 1964 2140 2036 regii

536 2073 724 2131 throni
751 2072 976 2143 regione
1004 2066 1199 2130 erecti,
1223 2063 1572 2128 deciderunt,
1601 2058 1964 2129 subjectaque
1991 2072 2143 2112 mar-

539 2183 693 2224 mora
726 2165 1149 2231 columnasque,
1166 2157 1463 2230 pectoralia
1511 2156 1708 2218 dictas,
1739 2151 2139 2208 contriverunt.

533 2255 682 2315 Anni
714 2264 899 2323 autem
931 2258 1185 2305 vertente
1218 2246 1451 2312 circulo,
1494 2245 1600 2300 hoc
1632 2244 1755 2315 ipso
1797 2255 2005 2307 mense,
2032 2239 2144 2295 Ro-

539 2357 763 2398 manum
807 2339 972 2411 508
1017 2337 1407 2408 imperatorem
1460 2348 1490 2397 e
1546 2331 1756 2403 palatio
1809 2330 2140 2385 eduxerunt.

540 2436 688 2492 Urbe
731 2443 915 2489 autem
968 2431 1195 2495 Edessa,
1249 2428 1303 2481 in
1354 2441 1463 2497 qua
1514 2424 1892 2480 venerandum
1939 2422 2142 2479 Christi

545 2529 834 2585 sudarium
874 2525 1199 2597 repositum,
1249 2537 1280 2576 a
1323 2516 1575 2575 Reinano
1615 2517 1859 2573 exercitu
1892 2518 2140 2583 obsessa,

540 2622 689 2678 etin
725 2619 973 2675 ultimam
1026 2615 1338 2687 angustiam
1396 2612 1654 2678 deducta,
1713 2608 1784 2665 ad
1830 2609 2139 2665 Romanum

539 2714 933 2786 imperatorem
984 2709 1332 2764 obsidionem
1366 2706 1507 2763 solvi
1555 2705 1745 2761 missis
1787 2704 1983 2774 legatis
2022 2702 2144 2773 ejus

540 2810 736 2866 incolat
776 2806 984 2880 precati
1028 2813 1184 2869 sunt,
1228 2817 1449 2858 sacrum
1482 2799 1689 2856 Christi
1738 2798 2021 2854 sudarium
2053 2798 2144 2853 si-

541 2902 658 2958 mul
707 2900 1065 2957 exhibituros
1116 2896 1370 2968 polliciti.
1448 2894 1590 2950 lluic
1638 2895 1827 2964 gratim
1880 2908 2142 2964 compen-

542 2995 733 3052 sanda:
772 2994 986 3048 nobiles
1020 3010 1083 3046 ex
1116 2992 1235 3047 suis
1269 2990 1517 3061 captivos
1548 2990 1816 3059 recipere,
1854 2987 2145 3061 foedusque

466 3109 479 3119 ”
546 3102 716 3145 aurea
751 3087 900 3142 bulla
930 3086 1320 3151 lirmatum,ne
1348 3086 1626 3157 regionem
1654 3100 1840 3139 eorum
1864 3083 2145 3141 Romanus

2257 1980 2346 2032 Ἐν
2374 1984 2495 2044 ταῖς
2526 1980 2768 2051 ἡμέραις
2811 1982 2912 2052 τῆς
2956 1981 3397 2053 αὐτοκρατορίας
3446 1983 3793 2039 Κωσταντίνου

2243 2070 2341 2126 τοῦ
2394 2072 2567 2143 αὐτῆς
2608 2072 2877 2142 πενθεροῦ
2910 2073 3120 2144 ἀνέμου
3166 2072 3345 2143 βιαίου
3408 2072 3610 2144 σφόδρα
3654 2090 3794 2130 κατα·

2245 2164 2587 2229 πνεύσαντος
2637 2164 2966 2236 Δεκεμϐρίῳ
3002 2166 3155 2237 μηνὶ,
3212 2166 3264 2219 oi
3300 2164 3587 2237 λεγόμενοι
3628 2168 3682 2220 ἐν
3734 2165 3795 2238 τῷ

2246 2257 2463 2328 ίππικῷ
2497 2257 2660 2329 δῆμοι
2712 2257 3022 2315 κατέπεσον
3057 2257 3195 2332 (65),
3227 2258 3277 2312 οἳ
3311 2257 3412 2314 ἀπ’
3445 2258 3684 2323 ἐναντίας
3718 2259 3789 2313 rei

2247 2350 2532 2422 βασιλικοῦ
2563 2350 2755 2422 θρόνου
2785 2351 3108 2423 ἐτύγχανον,
3135 2351 3233 2405 καὶ
3255 2351 3587 2422 συνέτριψαν
3608 2351 3670 2405 τὰ
3692 2352 3794 2405 ὑπο·

2246 2440 2494 2497 κάτωθεν
2523 2443 2817 2515 μάρμαρα,
2852 2443 2947 2499 καὶ
2979 2441 3186 2514 στήθεα
3216 2442 3524 2513 λεγόμενα·
3555 2443 3731 2513 χρόνου
3755 2442 3799 2497 δέ

2246 2533 2734 2604 περικυκλωμένου
2780 2533 2859 2602 τῷ
2900 2532 3051 2603 αὑτῷ
3112 2533 3244 2603 μηνὶ
3280 2533 3378 2586 τὸν
3438 2532 3657 2603 βασιλέα
3689 2532 3802 2586 Ῥω·

2248 2625 2418 2696 μανὸν
2472 2624 2568 2679 τοῦ
2628 2624 2890 2678 παλατίου
2943 2625 3284 2695 κατήγαγον.
3343 2623 3458 2693 Τῆς
3513 2623 3571 2677 δὲ
3626 2622 3801 2688 πίλεως

2244 2718 2493 2790 Ἐδέσης,
2530 2713 2645 2794 ἐνῇ
2677 2717 2737 2771 τὸ
2769 2718 2950 2788 τίμιον
2973 2717 3068 2771 τοῦ
3105 2716 3349 2787 Χριστοῦ
3388 2700 3686 2787 ἐκμαγεῖον⁸
3710 2716 3797 2768 ἁπ-

2247 2810 2451 2874 έκειτο,
2496 2811 2653 2883 παρά
2685 2810 2780 2865 τοῦ
2813 2810 3127 2882 Ῥωμαῖκοῦ
3155 2811 3631 2883 πολιορκουμένης
3669 2824 3800 2876 στρα-

2245 2903 2541 2976 τεύματος,
2570 2905 2668 2959 καὶ
2716 2906 2799 2968 εἰς
2835 2904 3085 2974 ἀνάγκην
3112 2904 3386 2975 μεγίστην
3412 2902 3805 2976 προῖσειαμένης¹

2246 2997 2581 3051 ἀπέστειλαν
2618 3000 2669 3051 oi
2721 2998 2935 3066 ταύτης
2965 2984 3253 3070 οἰκήτορες
3286 2998 3433 3070 πρὸς
3477 3000 3568 3052 τὴν
3615 2994 3807 3067 βασιλέα

2258 3089 2544 3161 Ῥωμανδν
2565 3089 3093 3162 διαπρεσϐευόμενοι
3114 3090 3215 3175 τὴν
3245 3088 3572 3162 πολιορκίαν
3591 3088 3809 3156 λυθῆναι,

554 3183 837 3239 exercitus
870 3182 1200 3245 devastaret,
1227 3182 1505 3250 petierunt
1532 3196 1547 3233 :
1578 3179 1725 3250 quod
1753 3191 1807 3235 ct
1841 3181 2142 3249 praestitum

2250 3183 2310 3239 τὸ
2338 3185 2396 3238 δὲ
2447 3182 2543 3238 τοῦ
2574 3181 2815 3254 Χριστοῦ
2849 3183 3005 3251 ἆγιον
3038 3183 3342 3252 ἐκμαγεῖον
3374 3183 3635 3254 παρέχειν
3663 3182 3809 3246 ἐπαγ-

547 3282 661 3329 est.
711 3272 884 3329 Sacro
937 3287 1070 3327 vero
1116 3271 1344 3327 sudario
1398 3273 1468 3327 ita
1516 3272 1708 3338 misso,
1747 3272 1973 3343 jamque
2002 3272 2145 3328 Con-

543 3364 960 3434 stantinopolim
1031 3362 1241 3428 vicino,
1305 3362 1374 3417 ad
1428 3362 1659 3418 ﬂuvium
1716 3362 1967 3434 Sagarim
2018 3379 2143 3419 cum

543 3456 837 3529 magniﬁco
867 3464 1136 3526 apparatu
1170 3463 1228 3509 et
1263 3456 1544 3521 cantibus,
1576 3454 1941 3526 Theophanes
1975 3457 2147 3526 patri-

543 3552 666 3608 cius
720 3557 793 3625 et
834 3550 1122 3604 at-cubitor
1177 3548 1400 3605 obviam
1453 3551 1742 3619 processit,
1806 3559 1862 3606 et
1913 3549 2150 3623 Augusti

545 3643 758 3699 mensis
786 3642 878 3699 die
912 3642 1127 3698 decimo
1176 3642 1369 3713 quinto
1418 3641 1751 3714 imperatore
1783 3642 1851 3699 ad
1894 3641 2151 3700 Blacheb

546 3751 651 3791 nas
678 3734 953 3801 veniente,
984 3745 1039 3788 et
1079 3733 1279 3789 ibidem
1305 3732 1596 3800 adorante,
1629 3732 1684 3788 in
1718 3734 1908 3789 urbem
1943 3733 2150 3791 intulit.

550 3828 826 3899 Sequente
856 3829 980 3882 luce
1007 3841 1335 3898 progressus
1370 3834 1470 3881 est
1508 3825 1577 3881 ad
1620 3836 1836 3895 portam
1867 3827 2105 3881 Auream
2133 3840 2150 3881 :

551 3916 867 3990 Stephanus
901 3925 1084 3972 autem
1114 3925 1169 3972 et
1196 3915 1622 3983 Constantinus,
1675 3916 1788 3973 duo
1849 3916 2152 3989 imperato-

550 4010 630 4063 ris
655 4006 775 4072 lilii,
798 4022 1015 4076 unaque
1045 4005 1448 4063 Constantinus
1475 4005 1596 4077 ejus
1620 4021 1788 4076 gener
1817 4021 1944 4063 cum
1971 4005 2153 4063 Theo—

548 4100 808 4172 phylacto
840 4099 1177 4169 patriarcha,
1231 4099 1493 4154 universo
1536 4102 1879 4169 praecedente
1931 4110 2151 4164 senatu,

547 4191 737 4247 debito
787 4190 1003 4246 honore
1032 4198 1373 4261 susceptum
1410 4204 1632 4245 sacrum
1682 4190 1903 4262 pignus,
1951 4193 2153 4262 praevia

549 4300 839 4340 cercurum
895 4283 1273 4347 multitudine,
1328 4285 1396 4339 ad
1449 4292 1655 4339 sanctae
1707 4283 1807 4341 Dei
1860 4284 2155 4356 Sapientia:

550 4378 816 4447 templum
855 4376 1021 4447 pedes
1045 4377 1361 4432 detulerunt
1395 4395 1409 4433 :
1446 4375 1807 4449 exhibitoque
1835 4379 1984 4435 cultu
2022 4380 2155 4436 ado-

551 4483 735 4525 ratum
772 4469 826 4523 in
862 4469 1126 4540 palatium
1149 4468 1506 4526 induxerunt.

2254 3276 2600 3347 γελλόμενοι.
2617 3275 2793 3348 ’Υπὲρ
2830 3274 3087 3346 τοιαύτης
3111 3276 3168 3329 δέ
3199 3276 3425 3346 χάριτος
3440 3275 3688 3346 δεσμίους
3705 3270 3813 3344 ᾐτή-

2256 3385 2419 3422 σαντο
2452 3368 2561 3422 τῶν
2584 3367 2851 3438 ἐμφανῶν
2875 3367 3206 3432 ἀντιλαϐεῖν,
3239 3367 3628 3440 χρυσοϐούλιόν
3658 3382 3711 3417 τε
3732 3364 3812 3417 λα-

2255 3459 2396 3523 ϐεῖν,
2422 3459 2563 3512 ὥστε
2586 3458 2786 3531 μηκέτι
2818 3459 2915 3531 τὴν
2932 3457 3143 3513 τούτων
3171 3459 3363 3531 χώραν
3400 3458 3556 3531 παρά
3583 3455 3670 3512 τοῦ
3697 3454 3812 3509 Ῥω-

2259 3551 2439 3620 μαίων
2469 3550 2704 3620 στρατοῦ
2730 3550 3048 3622 ληῖζεσθαι·
3073 3551 3102 3605 6
3129 3551 3194 3622 δὴ
3234 3552 3334 3606 καὶ
3374 3552 3620 3621 γέγονεν.
3650 3546 3745 3603 Τοῦ
3767 3545 3814 3600 δέ

2255 3643 2414 3713 ἁγίου
2437 3643 2736 3715 ἐκμαγείου
2765 3643 3192 3708 ἀποσταλέντος.
3215 3644 3315 3698 καὶ
3340 3646 3445 3717 ἥδη
3473 3646 3538 3716 τῇ
3562 3645 3818 3719 Κωνσταν-

2252 3735 2563 3791 τινουπόλει
2596 3734 3021 3807 πλησιάζοντος,
3051 3736 3341 3807 Θεοφάνης
3368 3739 3397 3790 ὁ
3429 3734 3713 3806 πατρίκιος
3740 3728 3817 3784 καὶ

2255 3829 2759 3901 παρακοιμώμενος
2814 3831 2873 3884 ἐν
2938 3828 3015 3900 τῷ
3074 3829 3311 3901 ποταμῷ
3375 3831 3565 3901 Σάγαρ
3616 3823 3817 3891 ἐξελθὼν

2256 3921 2570 3994 ὑπήντησεν
2592 3921 2741 3992 αὐτῷ
2780 3922 2921 3990 μετά
2949 3921 3213 3993 λαμπρᾶς
3239 3922 3413 3991 τιμῆς
3442 3938 3506 3975 τε
3572 3918 3668 3973 καὶ
3708 3915 3821 3985 ὕμν·

2255 4014 2453 4086 ῳδίας’
2484 4015 2581 4069 καὶ
2616 4016 2684 4085 τῇ
2712 4013 2919 4086 δεκάτῃ
2949 4014 3177 4084 πέμπτῃ
3208 4013 3305 4067 τοῦ
3339 4012 3657 4082 Αὐγούστου
3680 4004 3820 4079 μηνδς

2260 4110 2358 4163 σὺν
2393 4108 2543 4179 αύτῷ
2592 4110 2652 4162 ἐν
2703 4110 2773 4180 τῇ
2808 4108 2962 4162 πόλει
3017 4107 3291 4179 εἰσῆλθεν,
3344 4108 3445 4163 τοῦ
3481 4104 3737 4180 βασιλέως
3773 4102 3820 4151 ὲν

2261 4199 2594 4272 Βλαχέρναις
2623 4200 2798 4267 δντος,
2830 4203 2994 4255 κάκεῖ
3025 4200 3178 4271 αύτῷ
3223 4201 3729 4273 προσκυνήσαντος.
3755 4192 3820 4260 Τῇ

2258 4293 2315 4346 δὲ
2347 4291 2614 4363 ἐπαύριον
2644 4291 2872 4362 ἐξῆλθεν
2900 4294 2958 4346 ὲν
2990 4295 3059 4365 τῇ
3092 4293 3281 4364 Χρυσῇ
3321 4295 3509 4365 πόρτη
3530 4308 3543 4322 ⁸
3570 4292 3620 4346 oi
3652 4288 3707 4344 et
3745 4281 3821 4339 τοῦ

2262 4384 2531 4457 βασιλέως
2562 4383 2658 4437 δύο
2683 4385 2791 4438 υἱοὶ
2848 4385 3124 4454 Στέφανος
3154 4385 3251 4440 καὶ
3289 4385 3700 4447 Κωνσταντῖνος
3746 4376 3822 4432 καὶ

2259 4480 2289 4532 6
2325 4476 2578 4548 γαμϐρὸς
2606 4475 2772 4530 αὑτοῦ
2815 4478 3223 4541 Κωνσταντϊνος
3280 4478 3382 4532 σὺν
3424 4476 3505 4547 τῷ
3537 4474 3823 4545 πατριάρχῃ

550 4558 941 4630 θεοφυλάκτῳ,
986 4561 1084 4615 καὶ
1137 4559 1280 4631 μετὰ
1308 4559 1410 4630 τῆς
1434 4559 1666 4632 δεούσης
1688 4561 1851 4617 τοῦτο
1910 4564 2281 4649 ἀναλαϐόντες
2353 4565 2544 4637 τιμῆς,
2610 4564 2710 4636 τῆς
2741 4566 3049 4635 συγκλήτου
3102 4566 3284 4638 πάσης
3337 4564 3822 4639 προπορευομένης.

551 4654 648 4710 καὶ
702 4655 1066 4724 φωταγωγίας
1100 4655 1365 4725 μεγίστης
1414 4657 1789 4729 προαγούσης,
1831 4658 1995 4733 μέχρι
2042 4661 2139 4716 τοῦ
2179 4661 2310 4717 ναοῦ
2366 4664 2468 4734 τῆς
2505 4659 2696 4731 Ἀγίας
2764 4659 2860 4714 τοῦ
2911 4659 3049 4715 Θεοῦ
3117 4660 3321 4730 Σοφίας
3383 4660 3555 4725 πεζὸν
3603 4655 3824 4725 διεκόμι-

553 4763 677 4811 σαν,
715 4750 810 4803 καὶ
842 4752 1222 4822 προσκυνηθὺν
1248 4752 1451 4818 ἐκεῖσε,
1483 4754 1541 4808 ἐν
1589 4754 1669 4826 τῷ
1703 4755 1958 4828 παλατίῳ
2016 4759 2317 4830 ἀνήγαγον.

626 4837 993 4909 Temporibus
1039 4842 1161 4898 istis
1222 4854 1537 4913 portentum
1592 4847 1872 4917 quoddam
1930 4864 2009 4903 ex.
2052 4849 2155 4905 Δι’-
2189 4858 2234 4911 Ι)

2348 4850 2437 4904 Ἑν
2483 4847 2711 4911 ταύταις
2760 4846 2817 4901 δὲ
2854 4848 2977 4912 ταῖς
3010 4848 3253 4920 ήμέραις
3294 4848 3559 4921 Ἀρμένιν
3610 4864 3663 4901 τι
3688 4842 3826 4913 τέρας

553 4932 735 4989 menia
763 4932 818 4989 in
849 4934 1042 4990 urbem
1076 4936 1348 4993 invectum
1403 4954 1418 4991 :
1461 4938 1615 5007 pueri
1641 4938 1753 4994 duo
1775 4941 2010 4996 masculi
2051 4958 2146 4997 um

2270 4944 2338 5014 τῇ
2376 4940 2530 4997 πόλει
2579 4939 2956 5011 ἐπεφοιτήκει.
2988 4940 3184 5004 Παῖδες
3221 4944 3497 5011 συμφυεῖς
3529 4939 3748 5013 ἄρρενες
3773 4934 3826 4984 ὲκ

1727 5102 1980 5159 FRANC.
2017 5102 2415 5161 consensu
2442 5068 2674 5158 N’orrs.

628 5217 742 5289 (οε)
791 5219 1075 5277 Lacunam
1135 5227 1262 5291 post
1304 5235 1495 5277 vocem
1538 5220 1860 5292 ’ᾼγαρηνῶν
1921 5222 2021 5292 ita
2052 5238 2152 5276 ex-

555 5290 749 5360 pleas,
791 5299 1060 5360 quantum
1125 5290 1254 5346 huic
1311 5292 1433 5347 loco
1484 5290 1687 5346 subicit
1732 5290 1893 5347 ἐΚαὶ
1947 5290 2038 5345 διὰ
2094 5292 2157 5344 τὸ

558 5362 861 5431 περιφανὲς
890 5363 994 5432 τῆς
1014 5360 1109 5415 τοῦ
1143 5361 1338 5485 ἀνδρὸς
1369 5361 1577 5442 ἀρετῆς
1611 5362 1900 5433 ἠϐουλήθη
1931 5363 1961 5415 6
1992 5361 2156 5432 βασι-

558 5429 686 5485 λεὺς
724 5431 1005 5485 Ῥωμανὸς
1025 5434 1107 5485 είς
1129 5433 1219 5485 τὸν
1278 5450 1442 5485 αυτου
1484 5432 1709 5485 ἔγγονον
1745 5433 2032 5485 Ῥωμανδν
2063 5432 2156 5484 τὸν

557 5429 686 5502 λεῦς
707 5429 1005 5502 Ῥωμανὸς
1025 5434 1107 5497 είς
1129 5433 1219 5502 τὸν
1247 5429 1442 5487 ἑαυτοῦ
1484 5429 1709 5500 ἔγγονον
1745 5429 2032 5501 Ῥιομανδν
2056 5432 2157 5502 τὸν

560 5501 627 5571 ἐκ
662 5500 1077 5557 Κωνσταντίνου
1121 5501 1218 5556 τοῦ
1274 5502 1395 5557 υίοῦ
1433 5502 1599 5556 αὐτοῦ
1638 5500 1920 5571 θυγατέρα
1948 5500 2156 5555 ἀναλα-

563 5569 703 5645 ϐεῖν.
718 5571 921 5645 Φθρνου
951 5573 1008 5627 δὲ
1035 5573 1185 5645 αὐτῷ
1205 5573 1304 5645 τῆς
1330 5573 1603 5645 τοιαύτης
1616 5569 1807 5645 ἕνεκεν
1835 5569 2159 5645 ύποθέσεῳς

564 5591 700 5624 om.
718 5591 921 5627 ψοονου
951 5591 1008 5627 οε
1035 5591 1135 5625 αυτ
1205 5591 1304 5645 της
1330 5591 1594 5644 τοιαυτης
1617 5591 1807 5626 ενεκεν
1835 5591 2159 5635 υπουεσεως

564 5642 720 5722 παρά
751 5644 860 5722 τῶῌν
901 5644 1108 5722 λοιπῷν
1129 5591 1415 5722 Ϊὲασιλέῳν
1452 5642 1803 5722 κινηθέντα-ς.
1854 5642 2029 5722 παύει·
2060 5643 2159 5722 τῇς

563 5710 761 5783 ἀρχῆς,
789 5713 963 5767 εἴκοσι
1000 5715 1096 5767 καὶ
1124 5710 1219 5768 δύο
1251 5716 1479 5783 χρόνους
1532 5710 1627 5767 καὶ
1688 5717 1867 5783 μῆνας
1901 5712 2044 5766 ἐπτά
2076 5710 2157 5765 δο·

569 5780 828 5857 μέοτικος
864 5784 1146 5857 ἀδιάδοχος
1191 5780 1435 5847 τελέσας.
1460 5780 1804 5857 ΑΔομέστίκος
1834 5784 1893 5837 δέ
1920 5800 1934 5813 ⁸
1975 5783 2156 5852 Obque

569 5848 831 5903 illustrem
893 5853 991 5905 viri
1035 5848 1283 5908 virtutem
1328 5855 1493 5909 voluit
1544 5848 1817 5910 Romanus
1865 5848 2156 5925 imperator

2256 5221 2375 5291 eius
2420 5220 2593 5288 filiam
2645 5220 3093 5291 nuptuiAtradere
3136 5218 3316 5285 nepoti
3354 5232 3455 5270 suo
3494 5213 3830 5291 Remanent:

2260 5280 2620 5347 Constantino
2656 5280 2795 5358 ﬁlio.
2843 5288 2963 5354 Qua
2993 5304 3058 5342 ea:
3098 5280 3264 5343 causa
3292 5298 3451 5358 mata,
3486 5287 3542 5358 in
3567 5300 3685 5338 eum
3714 5280 3830 5333 allo-

2264 5377 2388 5416 rum
2417 5356 2787 5429 Augustorum
2811 5359 3014 5414 invidia
3045 5362 3367 5429 magistratu
3397 5356 3700 5429 abdicatur.
3731 5364 3833 5429 ιιιιιι

2264 5447 2437 5487 annos
2468 5421 2657 5501 viginti
2685 5430 2819 5501 duos
2839 5472 2855 5496 ,
2891 5446 2955 5484 ac
2985 5421 3188 5501 mensis
3215 5439 3413 5501 septem
3438 5428 3718 5501 continuos
3752 5421 3834 5473 do-

2270 5503 2475 5577 mestici
2501 5498 2698 5577 muniis
2718 5500 2955 5577 abiisset.
2986 5499 3129 5577 Ejus
3140 5500 3264 5577 loco
3289 5498 3618 5552 domesticus
3640 5503 3835 5577 crsu!"

2270 5572 2603 5628 Pam/teras.
2639 5568 2809 5627 Plura
2848 5571 2917 5626 de
2951 5565 3043 5635 eo,
3082 5571 3318 5643 aliisque
3341 5578 3660 5637 exsyectata
3706 5565 3834 5617 Con-

2268 5643 2601 5697 tinualione.

2342 5714 2454 5783 (6⁵)
2491 5710 2826 5783 subgrande.
2848 5712 3147 5768 ceciderunt
3179 5712 3235 5766 in
3272 5710 3439 5783 circa.
3459 5717 3510 5783 et
3533 5703 3833 5783 comminus:

2266 5776 2392 5839 runt
2432 5776 2694 5838 subsellia
2739 5795 2787 5838 et
2842 5785 3129 5838 cancellos.
3161 5783 3244 5837 Τὰ
3271 5780 3450 5852 βάθρα
3487 5779 3762 5852 Anonymo
3786 5776 3832 5825 et

2265 5854 2514 5910 Cedreno
2542 5870 2663 5925 quae
2689 5852 2859 5910 Leoni
2889 5854 3162 5927 μάρμαρα
3188 5846 3461 5924 λεγόμενα
3486 5846 3707 5919 στήθεα.
