4088 6420
366 397 496 463 ιεει

1659 391 2336 455 CHRONOGRAPHIA.

3499 394 3637 465 116?.

360 512 491 575 μιᾶς
519 508 876 582 προελθόντες
907 507 1350 579 γαστρὸς,άρτιοι
1375 506 1476 577 μὲν
1498 505 1678 561 πάντα
1701 506 1770 559 τὰ
1806 504 1943 575 μέλη

2056 516 2237 561 ventre
2259 506 2554 578 progressi,
2582 515 2638 562 et
2666 506 2733 563 ad
2763 506 2995 565 invicem
3029 508 3405 579 complantati,
3435 526 3465 567 a
3500 528 3635 568 ven-

361 604 456 658 τοῦ
493 605 771 675 σώματος,
806 604 916 657 ἀπὸ
943 603 999 656 δὲ
1030 601 1125 655 τοῦ
1158 602 1427 671 στόματος
1453 600 1553 667 τῆς
1588 598 1827 669 γαστρὸς
1852 600 1948 651 καὶ

367 698 534 769 μέχρι
565 698 675 751 τῶν
698 697 803 751 ὑπὸ
824 695 1066 766 γαστέρα
1095 692 1537 766 συμπεφυκότες,
1571 694 1667 745 καὶ
1694 691 1949 761 ἀλλήλοις

366 790 706 860 ὑπάρχοντες
733 788 1167 858 ἀντιπρόσωποι,
1195 786 1245 839 οἳ
1270 785 1363 839 ἐπὶ
1398 784 1649 840 πλεῖστον
1673 786 1742 853 τῇ
1793 781 1947 834 πόλει

365 880 828 951 ἐνδιατρίψαντες,
863 880 957 933 καὶ
1010 879 1115 932 ὑπὸ
1146 878 1367 933 πάντων
1406 876 1482 940 ώς
1517 874 1755 942 ἐξαίσιόν
1784 891 1839 927 τι
1862 873 1949 933 τέ-

364 992 463 1045 ρας
516 973 809 1044 ὁρώμενοι,
855 972 955 1042 τῆς
999 971 1208 1034 πόλεως
1242 971 1320 1033 ώς
1359 970 1597 1040 πονηρός
1647 987 1733 1032 τις
1755 968 1947 1032 οἰωνὸς

361 1066 729 1136 ἐξηλάθησαν.
779 1064 903 1117 Ἐπὶ
960 1063 1018 1117 δὲ
1047 1064 1147 1133 τῆς
1178 1064 1614 1135 μονοκρατορίας
1666 1060 1947 1132 βασιλείας

362 1158 784 1212 Κωνσταντίνου
830 1156 991 1210 πάλιν
1020 1156 1366 1227 είσήλθοσαν.
1421 1155 1574 1210 Ἐπεὶ
1606 1155 1664 1208 δὲ
1694 1156 1723 1207 ό
1758 1154 1947 1224 ἔτερος

363 1249 544 1302 αὐτῶν
576 1249 935 1321 [ὲ]τέθνηκεν,
971 1250 1306 1320 ἰατροίτινες
1341 1249 1600 1319 ἔμπειροι
1641 1248 1703 1300 τὸ
1750 1262 1949 1315 συγκε-

365 1342 697 1412 κολλημένον
760 1342 924 1412 μέρος
950 1342 1201 1412 διέτεμον
1228 1341 1467 1411 εὐφυῶς,
1522 1338 1698 1393 ὲλπίδι
1738 1340 1946 1392 τούτων

364 1436 554 1507 ἕτερον
587 1435 878 1505 ζήσεσθαι·
910 1435 969 1498 ὃς
995 1438 1146 1506 τρεῖς
1186 1435 1402 1504 ἡμέρας
1450 1433 1695 1495 ἐπιϐιοὺς
1728 1429 1945 1483 ἐτελεύ-

362 1547 549 1600 τησεν.
576 1530 683 1582 Καὶ
716 1531 773 1582 ἐν
806 1530 939 1581 πᾶσι
966 1528 1084 1598 μὲν,
1134 1526 1209 1589 ώς
1253 1526 1514 1597 ἀνωτέρω
1572 1526 1810 1596 εἴρηται,
1851 1541 1947 1593 μο-

364 1627 549 1693 ναχοῖς
582 1623 767 1676 πίστιν
795 1623 1061 1693 ἐκέκτητο
1112 1623 1139 1675 ό
1174 1622 1446 1691 βασιλεὺς,
1473 1620 1843 1690 διαφερόντως
1882 1619 1940 1671 δὲ

364 1718 530 1787 ἐτίμα
574 1716 669 1769 καὶ
728 1715 1062 1787 ὑπερέσεόεν
1118 1715 1345 1785 Σέργιον
1384 1714 1478 1767 τὸν
1531 1715 1589 1768 ὲν
1651 1714 1946 1783 μονασταῖς

360 1809 761 1878 διαλάμποντα,
784 1807 846 1870 ὃς
876 1808 1103 1876 ἀδελφὸς
1138 1807 1235 1877 μὲν
1259 1807 1355 1860 τοῦ
1392 1806 1698 1877 μαγίστρου
1738 1805 1945 1875 ἐπεφύ-

2054 598 2235 653 trieuli
2256 612 2352 654 ore
2380 600 2445 654 ad
2464 600 2659 669 pubem
2680 617 2853 672 usque
2873 602 2975 658 sibi
3008 602 3240 660 invicem
3271 605 3634 673 adhzerenles,

2054 691 2344 761 versisque
2368 694 2437 747 ad
2462 693 2699 750 invicem
2731 695 2974 753 vultibus
3002 697 3322 754 visebantur
3347 716 3363 753 :
3391 699 3633 770 quicum

2054 781 2270 839 diutino
2305 786 2569 853 temporis
2619 788 2798 858 spatio
2846 789 2902 845 in
2949 789 3089 845 urbe
3125 791 3326 845 morati
3379 790 3634 857 fuissent,

2055 876 2204 931 velut
2264 877 2568 934 infaustum
2619 892 2932 950 portentum
2967 892 3021 937 et
3056 881 3316 939 infestum
3348 898 3510 939 omen
3542 885 3641 939 ba-

2054 971 2175 1036 biti,
2207 972 2344 1028 urbe
2373 973 2530 1042 eiecti
2556 982 2704 1030 sunt.
2753 974 3117 1033 Constantino
3159 992 3289 1034 vero
3315 980 3433 1033 solo
3464 980 3637 1049 impe-

2054 1076 2212 1121 rante
2243 1083 2463 1122 rursum
2496 1068 2731 1138 ingressi
2765 1079 2913 1125 sunt.
2975 1069 3046 1125 Ut
3074 1079 3253 1126 autem
3280 1087 3472 1127 eorum
3499 1073 3638 1127 alter

2057 1168 2308 1214 mortuus
2351 1167 2458 1222 est,
2514 1160 2713 1217 medici
2751 1162 2977 1232 quidam
3011 1164 3344 1235 'pcritissimi
3392 1164 3637 1220 cohere-

2055 1260 2297 1306 scentem
2330 1262 2537 1321 partem
2577 1254 2802 1309 alteram
2836 1255 3163 1311 incolumem
3200 1257 3487 1328 vivamque
3514 1273 3637 1313 ser-

2054 1353 2278 1398 vaturos
2312 1358 2371 1399 se
2397 1346 2719 1414 praestolati,
2767 1346 2998 1401 solerter
3026 1348 3381 1412 exciderunt;
3419 1350 3639 1419 puellus

2055 1433 2159 1489 iste
2184 1433 2377 1489 diebus
2402 1436 2575 1490 tribus
2602 1449 2880 1507 superstes
2902 1450 3153 1494 mortuus
3183 1447 3285 1494 est.
3334 1439 3397 1492 Et
3428 1441 3479 1494 in
3515 1458 3633 1495 om-

2055 1526 2218 1580 nibus
2244 1527 2488 1595 quidem,
2517 1536 2577 1581 ut
2601 1537 2913 1582 enarratqu
2941 1544 3126 1600 supra,
3158 1531 3444 1586 monachis
3474 1517 3635 1586 ﬁdem

2057 1619 2289 1674 habebat
2336 1620 2669 1690 imperator:
2724 1624 2986 1693 privatim
3032 1639 3162 1679 vero
3209 1640 3321 1695 pra:
3380 1626 3639 1681 omnibus

2056 1708 2305 1780 Sergium
2353 1714 2675 1769 monasticis
2720 1714 2972 1771 moribus
3027 1725 3378 1787 praestantem
3424 1718 3641 1773 colebat

2054 1810 2109 1855 et
2131 1803 2514 1860 venerabatur.
2565 1803 2663 1860 Ilic
2698 1805 2940 1877 magistri
2967 1806 3182 1863 Cosma:
3236 1806 3426 1872 frater,
3467 1823 3640 1879 nepos

360 1922 449 1956 κει
480 1875 704 1973 Κῄοσμᾶ,
743 1902 960 1972 ἀνεψιὸς
1063 1875 1157 1954 τοῧ
1187 1875 1526 1971 πατριάρχου
1551 1875 1757 1955 Metios
1782 1899 1942 1966 ἐτύγ-

2056 1908 2181 1948 vero
2218 1893 2397 1950 Photii
2427 1896 2749 1966 patriarcha:
2784 1875 2982 1964 fuerat,
3023 1914 3183 1969 quem
3234 1901 3431 1956 animae
3478 1875 3639 1956 nobi-

357 2011 555 2065 χανεν·
592 1995 651 2047 ὃν
694 1994 857 2053 πλέον
898 1995 997 2063 τῆς
1057 1993 1332 2064 σαρκικῆς
1386 1993 1668 2062 εὐγένειας
1714 1994 1748 2063 ή
1802 1992 1946 2045 κατά

357 2088 540 2159 ψυχὴν
588 2085 752 2156 ἐτίμα
786 2086 1057 2153 εὐγενεία.
1088 2084 1289 2138 Τοῦτον
1318 2085 1375 2138 δὲ
1402 2085 1492 2138 τὸν
1521 2085 1770 2153 ἀοίδιμον
1797 2084 1946 2139 ἁδιαο

359 2179 598 2241 λείπτως
631 2178 750 2247 μεθ’
778 2179 975 2231 ἑαυτοῦ
1007 2174 1150 2247 εἶχεν
1172 2178 1201 2230 ὁ
1234 2176 1510 2247 βασιλεὺς,
1550 2176 1751 2229 κανόνα
1777 2175 1945 2237 ὅντως

362 2271 459 2324 καὶ
494 2268 740 2339 στάθμην
771 2268 862 2321 τὸν
884 2265 1049 2320 αὑτοῦ
1072 2266 1188 2336 βίον
1215 2266 1303 2320 ἀεὶ
1336 2265 1692 2338 ῥυθμίζοντα·
1728 2265 1786 2328 ὃς
1814 2263 1945 2317 πολ-

369 2362 438 2415 λὰ
468 2360 700 2432 παρῄνει
750 2359 827 2431 τῷ
868 2360 1081 2430 βασιλεῖ
1121 2360 1230 2412 τῶν
1282 2359 1493 2414 παίδων
1543 2358 1944 2429 ἐπιμελεῖσθαι,

371 2459 459 2511 καὶ
492 2457 566 2526 μὴ
602 2454 959 2517 ἀπαιδεύτους
1004 2454 1100 2523 ὲᾷν
1151 2453 1231 2516 είς
1271 2452 1540 2525 πονηρίαν
1572 2450 1945 2519 ἐγκλίνοντας,

371 2548 447 2617 μή
478 2563 610 2598 ποτε
650 2544 745 2598 καὶ
796 2543 959 2607 αὐτὸς
1014 2542 1178 2596 πάθοι
1232 2543 1295 2595 τὸ
1348 2542 1444 2595 τοῦ
1482 2541 1652 2594 Ἡλεί.
1698 2540 1852 2592 Ἐπεὶ
1892 2540 1948 2593 δὲ

358 2638 456 2693 τοῦ
482 2637 747 2691 παλατίου
772 2634 962 2689 τοῦτον
998 2635 1046 2688 oi
1078 2634 1269 2698 παῖδες
1293 2634 1630 2704 κατήγαγον,
1664 2633 1758 2686 καὶ
1795 2634 1853 2686 ἐν
1879 2635 1945 2703 τῇ

362 2731 567 2804 Πρώτῃ
612 2731 759 2801 νήσῳ
788 2726 1077 2796 ἐξώρισαν,
1114 2726 1277 2782 πάλιν
1308 2726 1497 2780 τοῦτον
1522 2722 1637 2797 εἶχε
1662 2726 1770 2780 τῶν
1811 2743 1950 2796 συμ-

363 2823 550 2893 φορῶν
591 2820 961 2892 παραμύθιον,
1000 2820 1095 2872 καὶ
1150 2818 1260 2871 τῶν
1311 2816 1545 2886 θλίψεων
1599 2815 1947 2873 ἀκεσώδυνον

363 2917 678 2988 φάρμακον,
730 2908 775 2983 ᾧ
811 2913 976 2983 συνῆν
1015 2912 1137 2965 τότε
1187 2911 1282 2964 καὶ
1317 2909 1661 2974 Πολύευκτος
1718 2908 1949 2981 μοναχὸς

363 3008 780 3071 εὐλαϐέστατος,
805 3007 901 3060 καὶ
923 3004 1085 3068 αὐτὸς
1107 3003 1175 3057 τά
1206 3003 1393 3057 είκότα
1422 3002 1944 3075 παραμυθούμενος*

361 3101 423 3166 ὃς
452 3100 547 3155 τοῦ
599 3099 942 3170 πατριάρχου
972 3096 1359 3166 Θεοφυλάκτου
1384 3094 1812 3165 τελευτήσαντος
1838 3110 1949 3147 πα-

362 3194 631 3267 τριάρχης
664 3191 769 3244 ὑπὸ
793 3189 888 3243 τοῦ
914 3188 1181 3259 βασιλέως
1216 3186 1634 3242 Κωνσταντίνου
1670 3183 1948 3256 προχειρί-

364 3286 539 3351 ζεται.
590 3284 746 3338 Ἐπεὶ
766 3283 823 3335 δὲ
844 3281 1064 3343 πολλοῖς
1090 3279 1314 3354 τρόποις
1352 3279 1381 3331 ό
1413 3278 1546 3342 Θεὸς
1570 3276 1819 3347 βούλεται
1852 3275 1957 3327 σώ-

364 3377 479 3445 ζειν
530 3378 620 3431 τὸν
669 3376 981 3447 ἄνθρωπον,
1027 3371 1411 3442 συνεχώρησεν
1459 3370 1556 3424 καὶ
1606 3368 1698 3423 τὸν
1734 3367 1958 3440 βασιλέα

377 3469 665 3540 Ῥωμανδν
716 3467 977 3537 συμφορᾷ
1034 3464 1286 3536 ἀδοκήτῳ
1346 3462 1705 3534 περιπεσεῖν,
1745 3461 1835 3514 ἵνα
1888 3457 1956 3513 διθ

361 3563 537 3633 αὐτῆς
585 3559 1001 3632 σωφρονισθείς,
1054 3556 1287 3611 καὶτῶν
1318 3555 1535 3608 οἰκείων
1589 3555 1647 3605 ὲν
1692 3550 1949 3621 αἰσθήσει

363 3652 835 3725 παραπτωμάτων
868 3650 1191 3720 γενόμενος,
1227 3647 1507 3717 σωτηρίας
1547 3644 1772 3713 ἀξιωθῇ.
1820 3644 1955 3695 Συν-

361 3746 566 3819 εχώρει
594 3746 703 3815 γὰρ
734 3743 1111 3812 ὲπαναστῆναι
1159 3740 1252 3792 τὸν
1310 3739 1425 3791 υίδν
1474 3736 1640 3803 αὐτοῦ
1686 3735 1956 3803 Στέφανον

361 3841 556 3912 ὥσπερ
583 3839 715 3895 ποτὲ
762 3835 1130 3904 Ἀὁεσσαλὼμ
1156 3833 1432 3905 ἐπανέστη
1466 3829 1629 3884 Δαυῒδ
1662 3830 1739 3900 τῷ
1768 3827 1956 3896 οἰκείῳ

363 3933 559 4009 πατρί.
596 3930 929 4001 Συμϐούλοις
958 3926 1051 3981 οὖν
1079 3920 1236 3988 οὗτος
1255 3923 1394 3994 πρὸς
1424 3922 1583 3976 τοῦτο
1610 3921 1955 3993 χρησάμενος

361 4029 445 4099 τῷ
473 4044 533 4081 τε
574 4025 681 4079 ἀπὸ
751 4022 1003 4096 μοναχῶν
1058 4018 1368 4091 Μαριανῴ,
1417 4017 1509 4071 καὶ
1564 4014 1831 4085 Βασιλείῳ
1875 4011 1955 4083 τῷ

364 4118 629 4190 Πετειγῷ,
672 4118 767 4174 καὶ
819 4114 1081 4183 Μανουὴλ
1127 4111 1208 4182 τῷ
1256 4109 1574 4184 Κουρτίκῃ,
1632 4106 1954 4162 συνειδότων

366 4212 520 4282 αὺτῷ
537 4211 632 4266 καὶ
653 4209 762 4263 τῶν
785 4208 957 4264 ἄλλων
979 4203 1263 4276 βασιλέων,
1289 4200 1479 4255 τοῦτον
1513 4198 1656 4272 [τοῦ]
1688 4196 1952 4257 παλατίου

364 4305 558 4368 κακῶς
590 4303 928 4374 κατήγαγεν,
956 4298 1051 4354 καὶ
1082 4298 1140 4352 ἐν
1171 4299 1238 4367 τῇ
1287 4293 1488 4367 Πρώτη
1522 4292 1673 4365 νήσῳ
1700 4291 1952 4362 ἐξορίσας

363 4398 664 4469 ἀπέκειρεν
691 4394 949 4467 μοναχόν.

668 4484 1115 4556 Αὑτοκρατορίιι
1157 4480 1645 4539 Κωνσταντίνου.

2054 1985 2377 2058 litas,quem
2396 1988 2577 2044 carnis
2613 1989 2919 2059 ingenuitas
2959 1991 3219 2048 reddebat
3257 1992 3637 2051 illustriorem.

2054 2077 2220 2134 Istum
2268 2081 2457 2151 itaque
2490 2085 2848 2139 reverendum
2898 2084 3079 2155 iugem
3140 2086 3399 2142 comitem
3453 2102 3637 2143 secum

2054 2170 2287 2227 ducebat
2317 2166 2639 2244 imperator,
2674 2177 2832 2244 quasi
2859 2192 3043 2231 veram
3082 2179 3321 2248 regulam
3358 2186 3412 2233 et
3446 2194 3638 2234 amus-

2055 2264 2157 2317 sim
2203 2264 2377 2333 ipsius
2410 2266 2577 2320 vitam
2613 2266 2955 2337 dirigentem.
3009 2268 3110 2324 Hic
3135 2270 3430 2339 plurimum
3455 2270 3643 2325 horta-

2058 2357 2219 2412 batur
2253 2358 2652 2428 imperatorem
2704 2359 2938 2415 tlliorum
2978 2376 3166 2417 curam
3208 2373 3414 2432 ageret,
3463 2377 3642 2432 neque

2057 2453 2179 2506 illos
2207 2453 2260 2506 in
2295 2454 2497 2507 malum
2529 2454 2736 2524 absque
2772 2455 3062 2525 disciplina
3095 2437 3355 2525 proruere
3391 2455 3641 2510 sineret:

2057 2561 2125 2599 ne
2160 2546 2402 2614 quando,
2432 2562 2553 2616 quae
2590 2545 2726 2605 Heli.
2758 2556 3056 2616 pateretur.
3106 2548 3177 2603 Ut
3211 2563 3339 2601 vero
3375 2563 3405 2602 a
3451 2547 3577 2602 ﬁliis
3610 2564 3642 2602 e

2057 2635 2261 2703 palatio
2295 2635 2540 2703 deiectus
2580 2645 2701 2703 est,
2736 2618 2880 2691 etin
2912 2635 3115 2691 Proten
3164 2636 3399 2691 insulam
3433 2624 3642 2707 relega-

2057 2734 2165 2790 tus,
2208 2721 2374 2796 509
2424 2726 2573 2782 hunc
2616 2742 2813 2782 rursus
2850 2726 3043 2781 habuit
3069 2727 3445 2782 calamitatum
3492 2726 3640 2781 sola-

2057 2817 2215 2882 tium,
2260 2829 2312 2873 et
2342 2820 2609 2890 angustia:
2640 2819 2941 2875 remedium
2984 2820 3311 2875 lenitivum:
3354 2821 3644 2890 eidemque

2059 2918 2191 2966 tunc
2218 2913 2480 2982 temporis
2512 2912 2838 2984 Polyeuctus
2869 2913 3170 2969 monachus
3200 2912 3484 2983 piissimus
3515 2913 3640 2967 ade-

2058 3009 2164 3066 rat,
2200 3003 2408 3058 crcbris
2436 3019 2559 3058 eum
2598 3004 2977 3068 hortamentis,
3019 3012 3079 3058 ut
3107 3003 3353 3067 decebat,
3390 3002 3645 3058 consola-

2060 3096 2253 3143 turus:
2291 3088 2400 3153 hic,
2447 3088 2761 3158 patriarcha
2787 3087 3198 3159 TheOphylacto
3227 3088 3369 3143 vivis
3394 3088 3639 3153 sublato,

2062 3191 2090 3228 a
2112 3175 2479 3232 Constantino
2505 3177 2841 3249 imperatore
2875 3178 3188 3249 patriarcha
3216 3188 3503 3248 promotus
3536 3188 3640 3233 est.

1984 3239 2029 3300 θ
2066 3264 2133 3320 Ut
2154 3282 2283 3322 vero
2314 3267 2456 3323 Deus
2480 3268 2635 3325 miris
2658 3269 2837 3325 modis
2864 3268 3142 3328 hominem
3169 3284 3391 3325 servare
3410 3284 3646 3325 consue-

2062 3358 2159 3421 vit,
2194 3360 2579 3429 imperatorem
2603 3360 2910 3416 Romanum
2944 3360 2998 3415 in
3021 3361 3392 3417 calamitatem
3412 3375 3520 3414 non
3550 3375 3645 3414 ex-

2062 3460 2363 3521 spectatam
2397 3452 2637 3508 incidere
2660 3452 2949 3523 permisit:
2996 3462 3058 3507 ut
3087 3468 3182 3523 per
3216 3467 3335 3507 eam
3369 3453 3642 3516 eruditus,

2060 3552 2114 3597 et
2151 3543 2218 3598 de
2259 3545 2497 3614 propriis
2522 3544 2738 3601 delictis
2789 3543 3127 3608 admonitus,
3174 3542 3412 3598 salutem
3443 3556 3643 3597 conse-

2060 3634 2155 3705 qui
2190 3636 2389 3705 dignus
2421 3636 2777 3692 inveniretur.
2822 3634 3097 3691 Toleravit
3132 3636 3277 3693 enim
3309 3634 3479 3689 tilium
3521 3634 3642 3705 ejus

2062 3728 2423 3799 Stephanum,
2482 3728 2629 3785 velut
2674 3730 2953 3798 quondam
3005 3726 3308 3783 Abessalon
3358 3726 3416 3780 in
3472 3724 3641 3781 David

2058 3823 2343 3893 proprium
2376 3831 2586 3892 patrem
2623 3822 2843 3877 rebellis
2898 3820 3020 3884 fuit,
3084 3821 3157 3874 ita
3207 3819 3263 3873 in
3300 3834 3427 3874 eum
3456 3819 3644 3875 insur-

2057 3930 2204 3986 gere.
2265 3914 2663 3970 Constantinus
2691 3914 2915 3983 quippe,
2950 3910 3196 3965 Μαι-ἰουο
3220 3910 3561 3965 cxmonacho
3591 3921 3647 3964 et

2058 4007 2266 4063 Basilio
2313 4006 2509 4063 Petino
2558 4014 2613 4063 et
2650 4004 2902 4061 Manuele
2946 4005 3167 4060 Curtiee
3199 4003 3463 4073 propositi
3510 4017 3645 4058 con-

2056 4102 2211 4167 sciis,
2263 4116 2477 4158 necnon
2514 4100 2637 4157 aliis
2690 4098 3119 4169 imperatoribus
3170 4096 3387 4152 facinus
3417 4110 3644 4165 promo-

2055 4194 2307 4251 ventibus
2332 4209 2493 4258 usus,
2529 4202 2739 4264 patrem
2785 4205 2817 4247 ο
2852 4190 3054 4261 palatio
3093 4189 3341 4260 improbe
3380 4187 3646 4243 deturba-

2055 4287 2155 4351 vit,
2185 4297 2239 4342 et
2258 4287 2327 4343 ad
2357 4287 2558 4343 Proteu
2593 4285 2829 4343 insulam
2864 4282 3165 4356 relegatum
3195 4280 3528 4337 monachum
3551 4280 3645 4336 de.

2056 4379 2267 4435 tonderi
2294 4378 2483 4449 iussit.

2339 4470 2652 4542 Suprema»:
2688 4466 3032 4525 Constantini
3069 4465 3374 4537 imperium.

440 4580 782 4651 Ὗπελείιρθη
812 4575 906 4632 οὖν
936 4576 1301 4648 αὐτοκράτωρ
1327 4574 1742 4632 Κωνσταντίνος
1770 4571 1798 4624 ό
1829 4568 1950 4623 τούν

2126 4568 2429 4638 Imperator
2450 4564 2638 4633 itaque
2678 4560 2906 4615 llomani
2936 4574 3102 4631 gener
3133 4555 3530 4612 Constantinus
3556 4569 3646 4613 re-

366 4696 464 4732 του
501 4675 775 4746 γαμϐρὸς,
813 4673 871 4737 δς
902 4670 1220 4743 παραυτίκα
1269 4667 1487 4741 Βάρδαν
1518 4667 1611 4721 τὸν
1657 4664 1753 4720 τοῦ
1787 4665 1953 4724 Φωκᾶ

364 4768 439 4838 τῇ
467 4764 563 4819 τοῦ
597 4764 901 4835 μαγίστρου
944 4761 1075 4832 ἀξίᾳ
1118 4758 1395 4830 τιμήσας,
1448 4756 1508 4820 ὃς
1548 4755 1726 4827 χρόνῳ
1772 4753 1955 4825 πολλῷ

362 4861 468 4930 τὴν
504 4860 562 4912 ἐν
589 4859 702 4921 τοῖς
727 4855 986 4925 πολέμοις
1032 4852 1406 4923 ἀνδραγαθίαν
1443 4850 1707 4914 πολλάκις
1749 4850 1954 4903 ἐπιδει-

366 4953 624 5022 ξάμενος,
684 4948 1004 5020 δομέστικον
1053 4947 1163 4999 τῶν
1230 4944 1441 5016 σχολῶν
1518 4942 1951 5016 προχειρίζεται.

364 5039 505 5101 Εἶτα
534 5043 625 5097 τὸν
654 5041 959 5106 Βασίλειον,
988 5033 1034 5108 ᾧ
1085 5038 1320 5109 ἐπίκλην
1348 5035 1627 5101 Πετεινδν,
1664 5034 1955 5106 πατρίκιον

361 5140 463 5195 καὶ
495 5136 668 5208 μέγαν
703 5135 1086 5206 ὲταιριάρχην,
1123 5131 1214 5185 τὸν
1250 5130 1307 5185 δὲ
1328 5128 1423 5183 τοῦ
1454 5130 1645 5198 γένους
1673 5128 1782 5181 τῶν
1828 5128 1954 5199 Ἀρ-

361 5230 554 5301 γυρῶν
574 5226 859 5299 Μαριανδν
910 5225 979 5279 τὰ
1027 5222 1306 5295 μοναχικά
1344 5221 1622 5284 ἀποδύσας
1664 5220 1955 5291 πατρίκιον

361 5324 463 5379 καὶ
508 5324 723 5393 κόμητα
775 5318 870 5372 τοῦ
930 5317 1163 5371 σταύλου
1193 5315 1519 5385 πεποίηκεν,
1554 5313 1820 5376 ὡσαύτως
1860 5312 1955 5367 καὶ

360 5416 624 5486 Μανουὴλ
674 5415 766 5468 τὸν
826 5412 1219 5483 ἐπιλεγόμενον
1276 5406 1593 5479 Κουρτίκην
1663 5405 1955 5477 πατρίκιον

362 5516 461 5572 καὶ
487 5514 851 5587 δρουγγάριον
882 5513 978 5583 τῆς
1009 5511 1222 5581 βίγλας·
1272 5506 1527 5568 οὕστινας
1559 5506 1709 5575 τρεῖς
1744 5504 1861 5573 μετ’
1890 5501 1953 5554 οὐ

362 5608 537 5664 πολὺν
580 5607 774 5679 χρόνον
816 5606 849 5676 ή
884 5604 978 5657 τοῦ
1020 5599 1159 5656 Θεοῦ
1191 5599 1378 5654 δικαία
1410 5599 1594 5669 κρίσις
1626 5594 1702 5659 ὡς
1726 5594 1807 5657 είς
1835 5609 1956 5663 χρι-

361 5703 495 5756 στὸν
520 5700 727 5771 Κυρίου
784 5699 1249 5769 παροινήσαντας,
1300 5691 1398 5744 καὶ
1428 5692 1618 5762 χεῖρας
1664 5686 1953 5742 ἐπιϐαλόνη

357 5812 486 5859 τας,
546 5797 648 5865 τῆς
714 5789 995 5864 βασιλείας
1052 5786 1417 5859 ὀρεγομένους
1478 5781 1765 5854 μετῆλθεν.
1831 5779 1954 5833 Ἐπὶ

357 5885 694 5950 καθοσιώσει
753 5885 865 5955 γὰρ
907 5879 1388 5951 καταληφθέντες,
1450 5876 1711 5946 ἑκάτερος
1772 5872 1954 5929 αὐτῶν

692 5983 965 6042 ΡΑτιιοι.
1014 5977 1129 6038 GR.
1175 5974 1396 6038 CVIII.

2060 4662 2221 4718 lictus
2246 4668 2351 4716 est.
2396 4658 2495 4713 Hic
2549 4657 2735 4712 statim
2791 4654 3019 4709 Bardam
3068 4652 3266 4708 Phocae
3315 4650 3487 4707 tilium
3527 4665 3649 4707 ma-

2058 4755 2212 4826 gistri
2256 4754 2518 4825 dignitate
2561 4748 2801 4806 ornavit.
2846 4747 2951 4815 Qui
2998 4761 3130 4803 cum
3184 4745 3361 4801 multo
3402 4752 3647 4816 tempore

2058 4849 2267 4907 bellica:
2316 4844 2538 4901 virtutis
2587 4844 2641 4899 in
2694 4840 2896 4913 praeliis
2944 4838 3248 4911 specimina
3298 4835 3648 4909 frequentius

2058 4941 2422 5005 exhibuisset,
2457 4936 2777 4993 scholarum
2806 4933 3150 4991 domesticus
3199 4929 3487 4988 institutus
3537 4938 3645 4984 est.

2059 5035 2294 5092 Basilius
2335 5032 2522 5097 etiam,
2575 5037 2940 5101 cognomento
2973 5025 3230 5089 Petinus,
3284 5020 3565 5094 patricius:
3594 5029 3649 5074 et

2059 5140 2292 5197 magnus
2324 5096 2685 5178 hetaeriarcha
2714 5126 3007 5188 provectus
3029 5124 3131 5169 est.
3153 5112 3456 5182 Imperator
3476 5108 3642 5165 etiam
3678 5096 3688 5117 ³

2061 5216 2364 5272 Marianum
2414 5212 2753 5283 Argyrorum
2804 5206 3072 5280 sanguine
3118 5210 3299 5258 ortum
3342 5199 3648 5255 monastico

2061 5308 2246 5379 habitu
2280 5313 2505 5371 exutum
2546 5303 2756 5380 ereavit
2792 5298 3086 5385 patricium
3132 5302 3187 5351 et
3228 5289 3428 5349 stabuli
3468 5292 3644 5346 comi-

2060 5413 2168 5459 tem
2202 5418 2215 5455 :
2254 5397 2554 5458 Manuelem
2592 5382 2839 5464 insuper,
2873 5390 3149 5447 Curticem
3191 5387 3423 5449 dictum,
3473 5382 3647 5454 patri-

2060 5497 2206 5552 cium
2265 5502 2320 5547 et
2358 5490 2715 5547 excubiarum
2757 5484 3118 5555 drungarium
3150 5479 3463 5553 promovit:
3504 5492 3645 5549 quos

2060 5588 2283 5660 quidem
2310 5594 2426 5641 tres
2452 5582 2743 5652 interiecto
2785 5579 2934 5633 brevi
2967 5576 3146 5647 spatio
3170 5575 3379 5645 iustum
3426 5571 3519 5627 Dei
3557 5569 3647 5639 in-

2060 5677 2491 5749 dicium(velut
2535 5687 2631 5731 eos
2701 5671 2794 5741 qui
2842 5669 2897 5724 in
2951 5675 3181 5729 unctum
3247 5662 3462 5721 Domini
3518 5677 3649 5734 pec-

2060 5778 2299 5836 cassent,
2361 5776 2415 5824 et
2471 5768 2526 5823 in
2584 5780 2708 5821 eum
2749 5778 2946 5819 manus
2999 5758 3318 5830 lnieeissent
3355 5752 3645 5816 violentas)

2061 5862 2275 5937 imperii
2306 5858 2605 5933 cupiditate
2632 5863 2811 5914 motos
2844 5853 3090 5925 incessit.
3121 5848 3422 5922 Maiestatis
3443 5846 3646 5918 quippe
