4088 6416
445 515 1006 553 μετ-τεπτ--κ-ι--ῌ
669 533 754 541 ...η
762 533 1006 542 _.__.__.-_..

491 533 560 542 .—_
567 532 730 541 ~---—...
739 535 754 540 —
762 533 1353 549 w-W—¢—-.~.’——
1373 534 1648 542 *σῇ-..-νῇ
1657 537 1688 542 ..
1695 534 2288 544 ...ἠ-..ως--ςι--ψ-

873 690 1937 863 GODEFRIDI
2045 688 3289 904 HENSCHENH,

1369 979 1810 1027 IIAGIOGRAPHI
1851 979 2376 1039 ANTWERPIENSIS,
2409 982 2447 1026 E
2473 981 2603 1028 50C.
2635 978 2803 1039 JESU,

691 1143 870 1275 DE
977 1143 2211 1278 CHRONOGBAPHIA
2329 1148 2448 1270 S.
2567 1151 3484 1282 THEOPHANIS

1709 1385 2540 1494 DiSSERTATIO,

1467 1580 1608 1647 (4pm
1632 1584 1906 1628 sanctorum
1933 1575 2155 1628 Boiltmd.
2187 1575 2366 1639 Martii,
2385 1583 2426 1630 ι.
2457 1575 2544 1639 lii,
2566 1593 2617 1640 p.
2647 1582 2713 1642 ν.)

1088 1967 1321 2031 CAPUT
1355 1973 1402 2029 i.

453 2089 824 2161 Repudiantur
852 2088 1047 2143 tabula:
1071 2090 1333 2144 chronica:
1354 2127 1369 2154 ,
1406 2087 1597 2144 saltem
1639 2088 1812 2158 quoad
1873 2103 2041 2143 annos

714 2168 766 2217 et
793 2161 980 2216 seriem
1025 2161 1253 2231 quinque
1299 2161 1786 2230 patriarchatuum.

463 2341 599 2396 Ante
646 2339 834 2396 omnia
882 2337 1126 2395 dicimus
1183 2339 1422 2395 dubitari
1484 2355 1595 2393 non
1657 2354 1859 2409 posse,
1909 2341 2042 2408 quin

457 2430 530 2494 is,
575 2432 758 2501 quiin
803 2431 988 2502 aperis
1032 2429 1119 2490 sui
1165 2431 1392 2488 exordio
1437 2430 1604 2485 alium
1652 2431 1878 2486 titulum
1930 2445 2042 2484 non

459 2519 908 2591 sumpsit,un
926 2519 1239 2590 Θεοφάνους
1268 2519 1364 2573 τοῦ
1401 2519 1726 2591 ἁμαρτωλοῦ
1745 2521 1828 2590 (ut
1845 2521 2047 2580 fatetur

457 2614 716 2686 egregius
764 2614 1077 2674 i—liustrator
1127 2613 1250 2684 ejus
1291 2621 1457 2684 atque
1513 2613 1787 2685 interpres
1804 2611 2046 2670 Jacobus

457 2703 615 2762 .Goar
634 2706 759 2764 orti.
789 2705 1226 2766 Praedicator-um
1267 2709 1723 2778 congregationis
1740 2707 2048 2774 reformata!

461 2797 642 2854 sancti
661 2795 924 2860 Ludovici
953 2798 1196 2860 vicarius
1227 2800 1503 2868 generalis
1537 2799 1592 2853 in
1619 2801 1738 2855 suis
1769 2801 1835 2854 ad
1871 2815 1991 2871 pag.
2016 2800 2040 2854 i

461 2889 679 2960 notis),,
701 2890 846 2944 idem
886 2897 1049 2946 certo
1084 2891 1157 2950 sit
1189 2903 1352 2960 quem
1386 2889 1706 2961 Magni-agri
1754 2891 1810 2945 in
1845 2888 2050 2962 Sigriau-

466 2996 538 3036 na
579 2983 950 3052 hegumenum
999 2982 1394 3053 egregiumque
1443 2982 1546 3043 sub
1573 2981 1759 3043 Leone
1811 2983 2050 3051 Armenta

461 3074 842 3141 confessorem
871 3075 1078 3129 "festive
1107 3075 1411 3144 quoumnis
1439 3076 1632 3129 colunt
1655 3076 1834 3132 Graaci
1858 3075 1954 3130 die
1984 3073 2051 3147 12

460 3166 668 3238 Martii.
701 3167 877 3241 iiujus
912 3169 1057 3224 enim
1085 3168 1337 3230 veritatis
1371 3169 1641 3226 habemus
1671 3177 1864 3226 testem
1898 3170 2050 3224 omni

463 3261 793 3332 exceptione
849 3262 1138 3330 majorem,
1182 3261 1360 3333 ipsum
1391 3261 1744 3332 Theophanis
1777 3263 2052 3334 antiquis-

463 3353 666 3408 simum
696 3354 1057 3424 interpretem
1103 3370 1167 3409 ac
1205 3369 1342 3426 pene
1377 3370 1645 3419 ceterum,
1699 3355 2048 3412 Anast‘asium

465 3443 976 3500 Bibliothecarium.
1032 3445 1432 3515 interpretem,
1492 3447 1715 3517 inquam
1754 3465 1766 3500 :
1799 3447 1927 3518 quia
1983 3463 2052 3502 ex

463 3539 918 3611 Chronograp'hia
955 3541 1192 3610 primum
1239 3537 1481 3612 Georgii,
1531 3539 1732 3596 deinde
1761 3537 2053 3610 Theopha-

460 3631 558 3694 nis
599 3630 988 3702 decerpturum
1023 3647 1083 3687 se
1116 3632 1428 3702 proﬁtetur,
1478 3640 1533 3686 et
1568 3648 1698 3688 vero
1727 3633 2052 3703 plerumque

468 3723 750 3792 decerpsit
789 3724 959 3788 yerbo
990 3730 1181 3791 tenus,
1213 3724 1478 3795 quidquid
1515 3725 1582 3780 ad
1620 3725 1908 3791 historiam
1958 3741 2051 3781 ec—

459 3815 838 3878 clesiasticam
889 3815 1082 3871 Latine
1115 3817 1466 3882 condendam
1511 3815 1752 3874 Joannes
1781 3817 2054 3876 diaconus

465 3906 757 3962 videbatur
794 3921 956 3977 posse
996 3905 1314 3963 desiderare
1343 3922 1413 3962 ex
1454 3905 1663 3976 Graecis
1705 3909 2050 3975 auctoribus,

466 4014 612 4070 quos
657 4001 1083 4056 nominavimus.
1131 3999 1432 4070 Postquam
1463 4009 1645 4055 autem
1683 4001 1901 4078 Georgii
1936 4003 2025 4055 iau

466 4092 569 4153 des
596 4094 860 4148 brevibus
915 4094 1114 4163 attigit,
1180 4110 1200 4143 ι
1237 4093 1312 4148 De
1361 4094 1555 4153 altero.
1597 4094 1796 4164 inquit,
1847 4095 2057 4150 scilicet

470 4185 829 4255 Theophane,
876 4186 1006 4255 quid
1056 4187 1276 4240 dicam?
1329 4202 1454 4240 cum
1487 4197 1538 4244 et
1579 4187 1704 4255 ejus
1737 4189 2055 4258 conscripto

469 4279 605 4342 vita,
641 4278 881 4348 qualiter
910 4278 1168 4337 videlicet
1200 4279 1401 4346 amplis
1437 4278 1782 4346 patrimoniis
1818 4281 2056 4340 venditis

468 4385 693 4426 crucem
723 4386 880 4426 suam
914 4371 1136 4438 tulerit;
1169 4371 1476 4442 qualiterve.
1503 4382 1727 4427 scen-tus
1751 4369 2053 4437 Christum,

473 4465 691 4520 abbatis
719 4466 774 4519 in
794 4467 1135 4520 monasterio
1167 4465 1296 4538 Agri
1325 4466 1556 4522 Iunctus
1601 4467 1796 4529 oliicio,
1830 4467 2057 4521 virtuti-

467 4560 581 4629 bus
634 4560 874 4625 fulserit,
928 4561 1211 4620 miraculis
1245 4562 1646 4627 coruscaverit,
1671 4569 1732 4616 et
1762 4559 2056 4616 confessor

2070 1979 2119 2034 Α
2161 1971 2274 2028 suit
2305 1989 2319 2026 :
2351 1973 2662 2044 priscorum
2698 1976 2925 2048 insuper
2959 1991 3152 2051 regum
3183 1995 3248 2037 ac
3283 1984 3563 2042 nationum
3611 1991 3732 2045 uni-

2145 2084 2430 2126 versarum
2466 2077 2613 2128 statu
2647 2081 2701 2129 et
2729 2075 2995 2146 regimine
3021 2085 3310 2145 annotato,
3347 2083 3726 2154 singulorum-

2146 2170 2254 2232 que
2287 2174 2553 2233 quantum
2587 2166 2716 2221 licet
2757 2169 3064 2224 observatis
3111 2172 3392 2238 aetatibus,
3445 2193 3730 2246 suprema-

2146 2264 2268 2307 rum
2291 2261 2346 2309 et
2373 2256 2768 2312 universalium
2807 2257 3045 2327 sedium,
3079 2257 3267 2318 Romae
3301 2263 3451 2330 dico,
3491 2269 3730 2326 Alexan-

2147 2343 2324 2414 driae,
2382 2345 2690 2410 Antiochiae
2752 2358 2807 2407 et
2865 2349 3376 2426 Hierosolymorum
3440 2363 3732 2431 pontifices

2146 2443 2514 2507 enumeravit,
2573 2459 2881 2515 eorumque
2933 2462 3107 2503 annos
3142 2463 3205 2504 ac
3231 2458 3480 2521 tempora
3511 2457 3734 2527 egregio

2148 2535 2380 2606 digessit
2429 2537 2644 2592 ordine.
2701 2536 2809 2594 Sed
2855 2543 3114 2610 quoniam
3154 2547 3520 2613 praeveniente
3551 2549 3732 2618 ipsum

2150 2633 2346 2688 morte,
2383 2638 2549 2695 opus,
2603 2625 2751 2695 quod
2785 2629 2852 2683 ad
2882 2623 3212 2696 Diocletiani
3261 2643 3434 2704 usque
3484 2643 3735 2706 tempora

2145 2714 2475 2782 Scribendo,
2511 2722 2572 2770 ut
2602 2731 2795 2785 sumus
2821 2719 3057 2788 prtel‘ati,
3096 2722 3465 2801 perduxerat;
3497 2741 3605 2782 non
3638 2741 3735 2799 po-

2151 2811 2295 2858 terat
2348 2804 2416 2860 ad
2464 2807 2812 2877 propositum
2859 2809 2965 2865 sibi
3018 2809 3181 2867 linem
3228 2817 3524 2887 prosequi;
3574 2821 3738 2876 nobis

2146 2897 2299 2952 velut
2328 2897 2730 2958 sincerioribus
2754 2903 2950 2958 amicis
2990 2903 3130 2962 illud
3164 2907 3406 2978 reliquit,
3447 2890 3616 2967 multa
3638 2927 3738 2968 ex-

2151 2995 2412 3044 cusantes
2459 2989 2711 3060 pluribus
2769 2992 3056 3062 hortatus,
3122 3007 3182 3053 ut
3238 3013 3306 3054 ne
3354 2999 3737 3072 imperfectum

2101 3116 2104 3118 -
2149 3078 2592 3150 relinqueremus
2627 3081 2875 3140 laborem
2933 3099 3118 3152 suum,
3177 3095 3345 3159 atque
3374 3090 3442 3145 ad
3474 3093 3736 3152 eumdem

2155 3169 2570 3241 suscipiendum
2602 3174 2802 3246 coegit.
2833 3174 3111 3242 Quocirca
3141 3181 3364 3243 monitis
3381 3182 3504 3252 ejus
3531 3199 3736 3250 morem

2156 3271 2344 3331 gerere
2392 3266 2685 3338 compulsi,
2733 3269 2934 3324 molem
2961 3271 3161 3327 robore
3193 3283 3382 3333 nostro
3411 3275 3574 3350 longe
3616 3291 3740 3350 gra-

2156 3357 2365 3412 viorem
2401 3359 2760 3430 suscipimus.
2813 3363 3004 3419 Multis
3058 3364 3327 3434 siquidem
3367 3369 3741 3428 voluminibus

2156 3448 2474 3520 diligentius
2513 3453 2805 3523 exquisitis
2837 3463 2890 3509 et
2929 3465 3197 3525 quantum
3229 3456 3460 3525 facultas
3490 3467 3544 3515 et
3583 3462 3742 3536 inge-

2157 3541 2309 3595 nium
2340 3539 2858 3608 deditexaminatis,
2883 3557 3206 3616 praesentem
3239 3549 3738 3622 chronographiam

2159 3647 2186 3687 a
2217 3632 2546 3690 Diocletiani
2570 3637 2912 3707 temporibus
2942 3639 3008 3694 ad
3047 3635 3330 3696 Michaelis
3360 3650 3414 3697 et
3443 3641 3739 3717 Theophy-

2151 3723 2426 3798 iactiejus
2453 3728 2546 3791 lilii
2577 3729 2868 3800 imperium
2897 3732 3295 3802 compilamns‘;
3323 3743 3484 3805 reges
3509 3736 3740 3808 insuper

2151 3825 2212 3871 et
2247 3818 2613 3892 patriarchas,
2646 3834 2862 3876 necnon
2911 3833 3102 3876 eorum
3138 3830 3289 3892 gesta
3313 3833 3369 3878 et
3393 3833 3602 3893 anates,
3631 3842 3740 3898 qua

2159 3925 2260 3981 par
2301 3917 2388 3969 est
2427 3911 2740 3977 sedulitate,
2790 3911 3182 3976 describimus.
3237 3915 3374 3970 nihil
3421 3931 3489 3972 ex
3518 3921 3744 3989 proprio

2153 4003 2553 4072 adnectentes;
2612 4004 2709 4061 sed
2744 4007 2932 4076 potius
2964 4022 3031 4063 ex
3085 4006 3330 4078 antiquis
3361 4008 3644 4065 historicis
3689 4015 3746 4066 et

2159 4096 2475 4153 oratoribus
2522 4097 2850 4168 colligentes
2917 4099 3140 4167 omnia,
3207 4100 3452 4171 prepriis
3513 4117 3745 4174 quaeque

2150 4188 2298 4244 locis
2347 4190 2697 4259 digessimus.
2747 4192 3049 4246 secundum
3105 4199 3413 4262 temporum
3467 4196 3740 4252 rationem

2157 4294 2249 4335 res
2287 4289 2470 4353 gestas
2515 4281 2857 4348 ordinantes,
2896 4293 2955 4337 ttt
2991 4290 3160 4354 quoto
3197 4299 3342 4339 anno
3370 4285 3502 4355 quid
3528 4284 3740 4343 factum

2161 4375 2232 4430 sit
2269 4374 2322 4428 in
2358 4374 2499 4429 bello
2519 4375 2600 4429 vel
2625 4373 2874 4437 Ecclesia
2896 4416 2909 4440 ,
2931 4374 2984 4430 in
3018 4387 3268 4447 promptu
3303 4377 3538 4434 habeant
3565 4380 3745 4454 legere

2161 4466 2434 4521 volentes.
2474 4485 2493 4518 ι

2233 4557 2287 4613 4.
2327 4557 2457 4614 Haec
2480 4559 2583 4624 ibi,
2611 4559 2662 4614 in
2689 4560 2892 4632 quibus
2927 4559 3169 4616 aoristos
3202 4560 3669 4634 συνεγραίψάμεῦα
3696 4571 3749 4618 et

462 4654 698 4719 .obicrit,
743 4656 880 4710 satis
928 4665 1208 4726 superque
1250 4669 1355 4725 per
1383 4654 1714 4725 Byzantium
1759 4663 1813 4710 et
1844 4657 2052 4725 circum
2084 4673 2125 4731 α
2162 4651 2496 4722 τετάχαμεν,
2528 4652 2832 4722 maluimus
2865 4661 2962 4723 per
2993 4651 3220 4708 verbum
3255 4657 3544 4723 praesentis
3582 4671 3745 4728 quam

473 4760 722 4817 quasque
759 4747 1039 4818 regiones,
1087 4745 1177 4804 his
1224 4748 1319 4818 qui
1352 4763 1525 4820 prope
1564 4751 1620 4809 et
1647 4749 1739 4804 his
1770 4750 1864 4821 qui
1895 4750 2054 4824 longe

473 4846 626 4906 sunt,
658 4839 874 4913 clamet.
904 4860 922 4893 ι

551 4935 668 4990 2-5.
682 4935 806 5002 Quo
830 4950 994 5006 porro
1017 4937 1069 4992 in
1094 4944 1244 4994 statu
1269 4936 1592 5000 inchoatum
1611 4951 1640 4990 a
1651 4934 1890 5006 Georgio
1917 4951 2058 5006 opus

475 5028 842 5101 Theophanes
872 5030 1164 5091 invenerit,
1199 5042 1307 5100 qua
1345 5029 1560 5087 ratione
1591 5035 1920 5098 prosecutus
1942 5029 2058 5098 ipse

474 5123 572 5188 sit,
613 5123 769 5194 juvat
797 5137 865 5178 ex
906 5122 1028 5192 ipso
1073 5121 1344 5191 prooemio
1381 5135 1739 5193 cognoscere,
1787 5121 1938 5191 quod
1977 5132 2059 5176 est

476 5217 799 5288 huiusmodi
823 5236 843 5272 .:
909 5236 930 5268 ο
971 5217 1325 5274 Sanctissimi
1365 5215 1924 5284 Constantinopoleos
1959 5230 2059 5285 pa-

477 5311 737 5366 triarcha:
762 5309 977 5376 Tarasii
1004 5310 1136 5364 olim
1187 5309 1495 5382 Synceiius,
1537 5309 1808 5379 Georgius
1865 5307 2057 5369 abbas.

474 5404 566 5460 vir
617 5403 855 5459 eximius
906 5411 964 5459 et
1016 5398 1446 5468 eruditissimus,
1503 5397 1694 5458 multis
1719 5398 2059 5471 chronogra-

475 5497 714 5570 phorum
757 5504 813 5552 et
871 5496 1269 5552 historicorum
1310 5495 1468 5552 libris
1499 5495 1758 5560 evolutis,
1797 5508 2059 5565 compen-

474 5587 712 5646 diariam
739 5589 808 5645 ab
828 5587 1041 5644 Adamo
1076 5586 1143 5642 ad
1173 5585 1498 5643 Diocletiani
1537 5594 1784 5657 tempora
1823 5587 2062 5642 chrono—

477 5682 682 5751 iogiam
736 5677 994 5751 scripsit,
1024 5680 1410 5750 discussisque
1461 5680 1710 5735 studiose
1752 5687 2058 5748 temporum

476 5773 788 5829 rationibus
825 5774 892 5829 ad
947 5773 1182 5830 invicem
1216 5774 1583 5843 comparavit,
1627 5771 1965 5847 emendavit,
1996 5786 2060 5826 ac

477 5863 866 5934 solertissime,
907 5873 968 5919 ut
1007 5873 1136 5920 ante
1173 5864 1294 5934 ejus
1320 5872 1535 5934 aetatem
1567 5865 1774 5931 nullus,
1831 5876 2061 5933 compo-

2165 4744 2425 4812 praeteriti
2451 4745 2722 4814 temporis
2755 4745 3067 4815 explicare:
3101 4745 3232 4820 quia
3253 4747 3586 4816 prooemium
3613 4749 3746 4803 illud

2165 4837 2319 4907 operi
2371 4852 2483 4895 non
2537 4835 2685 4892 facto
2741 4838 2836 4893 sed
2888 4836 3142 4892 faciendo
3186 4839 3444 4905 praemitti
3495 4855 3524 4893 a
3571 4837 3752 4896 Theo-

2162 4929 2365 5002 phane,
2397 4929 2466 4987 iis
2494 4929 2890 5000 persuademur
2911 4929 3275 5000 argumentis,
3299 4929 3500 5000 quibus
3523 4932 3751 4986 credere

2116 5061 2122 5064 -
2167 5023 2419 5093 cogimur
2473 5037 2582 5076 non
2640 5022 2825 5076 munia
2889 5037 3012 5092 quae
3075 5032 3519 5092 praeconceperat
3567 5022 3750 5076 animo

2172 5113 2344 5172 fuisse
2375 5115 2443 5170 ab
2474 5129 2540 5170 eo
2567 5111 2786 5171 eii'eetui
2820 5115 3131 5185 mancipata
3159 5131 3173 5168 :
3213 5127 3446 5183 quarunt
3471 5112 3748 5169 defectum

2169 5225 2292 5265 cum
2332 5209 2543 5264 sciolus
2586 5207 2786 5280 aliquis
2816 5206 3265 5279 prasumpsisset
3302 5205 3577 5275 supplere,
3611 5220 3754 5276 prae-

2167 5299 2486 5356 clarissimo
2527 5299 2739 5354 auctori
2769 5298 2920 5355 haud
2963 5295 3312 5352 mediocriter
3360 5293 3598 5364 iniurius
3625 5293 3748 5350 fuit.

2168 5386 2382 5453 Etenim
2431 5389 2874 5462 ehronographia
2929 5379 3305 5456 Theophanis,
3340 5386 3561 5457 qualem
3605 5397 3752 5444 nunc

2171 5484 2458 5552 habemus,
2478 5499 2542 5544 ex
2573 5481 2867 5540 collatione
2894 5482 3138 5553 quinque
3161 5481 3410 5539 corticum
3434 5490 3570 5535 mss.
3599 5477 3752 5550 Regii

2167 5579 2408 5646 scilicet,
2451 5577 2793 5650 l’eyreziani,
2840 5574 3149 5641 Barberlni,
3185 5572 3436 5629 Vaticani
3485 5579 3545 5627 et
3591 5571 3753 5625 Pala-

2171 5673 2296 5737 tini,
2333 5671 2547 5728 duabus
2570 5679 2786 5726 constat
2820 5669 3072 5741 partibus
3107 5687 3120 5724 :
3153 5673 3387 5740 quarum
3422 5677 3544 5737 qut:
3576 5665 3756 5736 potior

2172 5773 2338 5823 estet
2371 5780 2500 5821 vere
2531 5778 2700 5820 aurea
2734 5763 2997 5835 omnique
3046 5762 3369 5834 acceptione
3404 5760 3752 5833 dignissima.

2175 5859 2465 5926 historiam
2497 5856 2717 5913 exhibet
2745 5869 2843 5928 per
2888 5871 3067 5915 annos
3101 5857 3374 5927 digestam
3411 5872 3425 5911 :
3465 5855 3634 5908 altera
3667 5851 3756 5922 vi;
