4088 6432
473 339 609 406 1167

1394 344 1491 404 DE
1515 345 1577 406 S.
1619 341 2116 404 THEOPHANIS
2149 340 2806 404 CHRONOGRAPHIA

3583 345 3709 416 1168

469 458 724 530 plumbea
754 456 862 512 dici
892 464 1150 522 meretur,
1173 454 1539 526 consistitque
1573 455 1626 509 in
1659 454 1858 512 tabulis
1883 453 2050 507 ehro-
2079 465 2131 527 Α
2158 452 2428 520 minutim,
2493 468 2604 508 non
2663 451 2867 523 cogitet
2908 449 3084 512 ,alium
3131 451 3278 514 hunc
3331 469 3452 514 esse
3493 457 3560 514 ab
3607 459 3712 526 illo,

465 551 739 622 nologicis
775 548 1042 622 (Canonia
1077 557 1236 604 vocat
1265 548 1434 619 Goar)
1465 549 1670 619 quibus
1703 562 1798 616 per
1837 545 2049 601 loculos

467 645 682 710 divisis,
717 647 950 714 primum
991 659 1172 701 anuus
1209 643 1420 710 tuundi,
1455 652 1571 697 tum
1615 641 1820 697 Christi
1866 640 2048 694 incar-

467 739 606 804 nati,
642 737 769 792 dein
802 736 1415 808 imperatorisromaui,
1466 735 1712 806 proxime
1742 734 1886 805 regis
1919 732 2051 788 Per-

469 846 656 884 sarum
702 837 795 884 aut
826 828 984 883 ducis
1025 828 1291 894 Arabum,
1341 843 1530 883 rerum
1591 834 1715 898 post
1756 826 1954 882 Persas
1990 825 2046 879 in

466 923 757 980 Palaestina
791 923 1140 995 patientium,
1176 921 1414 992 denique
1449 937 1515 977 ex
1557 921 1752 976 ordine
1806 919 2048 990 quinque

467 1018 849 1089 episcoporum
883 1019 1287 1086 praecipuorum
1321 1030 1416 1070 seu
1452 1013 1916 1084 patriarcharum,
1941 1009 2048 1064 llo-

465 1108 632 1174 mani,
647 1103 1268 1176 Constantinopolitani,
1287 1100 1790 1172 Ilierosolymitani,
1811 1099 2050 1155 Alexan-

463 1199 610 1256 drini
665 1208 718 1256 et
769 1197 1100 1252 Antiocheni
1157 1193 1294 1250 ordo
1365 1203 1419 1250 et
1474 1193 1604 1247 anni
1666 1191 2044 1247 continentur.

463 1294 703 1352 Tabulas
739 1301 922 1348 autem
971 1291 1108 1347 istas
1137 1303 1334 1359 magna
1384 1303 1510 1342 cum
1557 1285 1883 1341 diversitate
1938 1297 2047 1338 non

460 1393 676 1441 tantum
734 1383 988 1455 prmfixas
1036 1382 1197 1436 annis
1227 1395 1338 1436 non
1378 1380 1518 1445 suis,
1553 1378 1648 1434 sed
1679 1379 1845 1433 etiam
1891 1391 2048 1431 men-

461 1478 759 1536 dosissime
805 1475 1153 1544 conscriptas
1202 1488 1349 1538 esse,
1397 1480 1452 1527 et
1485 1471 1739 1542 plurimis
1779 1470 1935 1524 hiare
1964 1469 2048 1524 lo-

459 1573 628 1636 culis,
674 1585 738 1625 ac
769 1568 1106 1640 portentosis
1146 1581 1375 1637 prorsus
1408 1579 1702 1627 annorum,
1739 1561 2043 1634 praesertim

460 1662 937 1736 patriarchalium,
966 1657 1456 1731 supputatiouibus
1487 1664 1721 1722 scatere,
1745 1671 1868 1710 cum
1892 1653 2042 1724 ipse-

463 1764 576 1812 met
609 1755 756 1811 Goar
804 1759 1066 1824 agnoscat
1129 1749 1514 1820 fateaturqne;
1569 1749 1769 1803 mirum
1818 1756 1900 1803 est
1947 1753 2042 1801 aut

2152 563 2314 618 quem
2362 548 2416 603 in
2453 547 2636 604 fronte
2669 548 3072 618 expresserat?
3111 547 3205 603 Sic
3237 547 3303 602 ad
3339 563 3538 604 annum
3575 553 3638 608 l0
3665 561 3718 610 et

2153 640 2212 694 ll
2273 639 2582 697 Constantii
2649 649 2948 699 narrantur
2999 648 3118 696 acta
3167 641 3308 696 inter
3366 641 3712 699 Athanasium

2151 743 2204 787 et
2238 730 2441 786 Julium
2498 732 2740 804 Papam,
2800 733 2894 802 qui
2950 734 3006 788 in
3043 747 3187 787 anno
3225 731 3536 788 .Censtantii
3570 734 3637 789 15
3668 747 3720 791 et

2152 823 2269 893 ipse
2305 824 2665 892 pontificatus
2729 823 2814 879 sui
2853 823 2921 880 15
2969 840 3174 880 annum
3219 823 3583 895 ultimumque
3628 843 3720 882 ex-

2152 916 2320 985 plevit
2357 934 2370 970 :
2404 931 2526 970 cum
2566 916 2785 972 interim
2829 917 2885 971 iu
2916 916 3120 972 tabulis
3174 923 3320 970 totus
3355 916 3475 986 ejus
3511 921 3722 986 pontiu-

2150 1015 2310 1062 catus
2344 1007 2410 1061 ad
2436 1009 2762 1064 sexennium
2793 1019 3124 1075 retroactus,
3163 1011 3284 1082 ipso
3311 1027 3472 1083 quem
3496 1013 3723 1070 diximus

2153 1100 2220 1154 lO
2277 1115 2424 1157 anno
2481 1103 2818 1170 Constantii,
2870 1102 3151 1161 Liberium
3215 1105 3384 1162 faciat
3435 1105 3726 1165 succedere

2149 1189 2318 1248 Julio.

2148 1289 2185 1345 εξ.
2221 1288 2272 1341 6.
2317 1285 2459 1354 Quid
2506 1298 2688 1346 autem
2715 1289 2964 1349 dicemus
2995 1293 3060 1350 de
3102 1309 3287 1366 regum
3317 1293 3610 1352 Persarum
3640 1312 3726 1351 sc-

2149 1381 2274 1436 rie?
2342 1381 2645 1438 Exorditur
2709 1400 2830 1440 eam
2898 1384 3167 1458 Georgius
3233 1388 3519 1460 Syncellus
3588 1403 3727 1443 anno

2148 1479 2348 1541 quarto
2371 1473 2665 1528 Alexandri
2698 1473 3001 1544 Mammeaz,
3051 1477 3144 1546 qui
3186 1475 3290 1532 fuit
3323 1479 3568 1550 vulgaris
3612 1495 3728 1533 tera:

2148 1565 2534 1621 Alexandrina:
2562 1566 2690 1632 2l8,
2731 1576 2787 1624 et
2815 1570 3084 1640 expositis
3111 1570 3459 1642 singulorum
3499 1572 3728 1626 nomini-

2148 1657 2274 1725 bus,
2323 1666 2378 1714 et
2422 1668 2558 1730 quot
2597 1661 2803 1732 quique
2837 1665 3189 1734 reguaverint
3232 1665 3419 1728 auuis,
3456 1679 3632 1734 usque
3659 1664 3722 1719 ad

2147 1749 2355 1806 Persici
2404 1753 2620 1824 imperii
2653 1757 2814 1810 finem
2847 1756 2950 1810 sub
2990 1755 3300 1823 Saracenis,
3348 1757 3602 1825 quintum
3643 1773 3727 1811 re-

461 1844 660 1914 ipsum,
703 1847 799 1895 aut
840 1811 939 1909 qui
971 1838 1215 1893 defuncti
1259 1811 1454 1894 Goaris
1494 1811 1732 1892 laborem
1768 1837 1956 1892 eduxit
1983 1838 2038 1890 iu
2070 1811 2120 1874 Β
2148 1860 2267 1916 gem
2299 1811 2528 1902 Πηρείῃ
2567 1848 2964 1915 (Αηηευοιιεηι
3000 1849 3202 1904 dictum
3327 1811 3530 1903 ιεξιηιιίε
3557 1847 3727 1903 Theo-

459 1935 639 1992 lucem
670 1931 1083 1998 Combefisium,
1119 1930 1372 2002 potuisse
1419 1929 1524 1986 sibi
1563 1929 1931 2002 ,persuadere,
1975 1929 2043 1984 ab

458 2039 685 2083 auctore
737 2025 1071 2097 Theophane
1119 2037 1260 2080 esse.
1326 2042 1344 2076 ς
1372 2021 1478 2095 Qui
1517 2022 1794 2082 variorum
1844 2031 2038 2078 aucto.

455 2133 580 2174 rum
645 2115 950 2172 sententias
1005 2120 1060 2170 et
1115 2128 1377 2170 numeros
1435 2120 1660 2169 secutus
1710 2113 1781 2168 sit
1833 2113 2041 2179 varios,

454 2227 709 2286 opusque
760 2210 1043 2284 proprium
1090 2209 1763 2281 urgentegpcrsecutiouis
1803 2208 2046 2265 necessi-

455 2316 572 2361 tate
599 2321 709 2360 non
745 2303 1108 2369 reccnsuerit,
1150 2301 1491 2372 proindeque
1529 2301 1748 2372 exigere
1775 2316 1804 2358 a
1839 2301 2043 2356 lectore

457 2418 564 2458 suo
591 2401 787 2472 possit,
832 2407 891 2454 ut
933 2398 1027 2467 qui
1063 2398 1454 2454 dormitantem
1487 2397 1783 2451 Homerum
1811 2396 2039 2465 patitur,

456 2497 852 2566 Theophanem
899 2507 1122 2566 quoque
1156 2492 1372 2562 lapsum
1425 2489 1600 2561 erigat
1645 2489 2039 2560 corrigatque:

453 2606 583 2648 cum
620 2589 877 2644 nimirum
905 2585 1262 2643 succedentes
1297 2595 1348 2640 et
1385 2582 1453 2637 ad
1486 2582 1718 2638 invicem
1756 2580 2042 2639 cohaerent.

456 2695 542 2741 tes
596 2696 858 2737 numeros
911 2680 965 2734 in
1019 2677 1304 2748 scquiores
1342 2674 1659 2744 transponit
1695 2687 1894 2737 annos,
1942 2687 2042 2728 seu

451 2776 622 2837 etiam
654 2773 982 2844 conjunctos
1015 2785 1190 2826 annos
1227 2769 1280 2824 in
1317 2767 1506 2824 dissita
1533 2764 1766 2822 canonia
1789 2763 2042 2820 desulto-

454 2867 539 2923 rie
593 2862 898 2922 transfert:
967 2869 1064 2915 aut
1121 2859 1300 2916 eidem
1358 2858 1476 2912 viro
1534 2869 1685 2910 nunc
1726 2852 2041 2924 pauciores,

457 2975 586 3015 mox
604 2957 801 3028 plures
831 2953 1066 3014 diversis
1105 2949 1354 3009 canouiis
1389 2948 1637 3020 assignat
1667 2959 1845 3002 annos
1879 2961 1895 3000 :
1955 2942 2043 3000 vel

455 3066 583 3108 cum
608 3047 852 3121 ejusdem
892 3045 998 3104 viri
1055 3043 1348 3116 pauciores
1385 3041 1515 3099 anni
1567 3039 1724 3110 plura
1767 3041 2044 3108 occupant

455 3141 730 3200 canonia:
779 3147 873 3192 aut
899 3151 1024 3193 cum
1059 3133 1561 3206 summaquapiam
1593 3131 1773 3188 aetatis
1801 3129 2042 3202 aequales

454 3233 669 3291 loculos
702 3233 817 3286 sive
847 3228 1081 3285 canonia
1109 3227 1436 3298 quibusdam
1468 3223 1692 3280 omissis
1724 3237 1836 3277 non
1878 3235 2038 3276 acce-

453 3329 537 3401 pit
567 3344 581 3382 :
633 3326 718 3382 vel
748 3323 984 3394 denique
1018 3336 1143 3377 cum
1173 3333 1408 3375 numero
1439 3316 1688 3388 ejusdem
1722 3313 1854 3376 anui
1884 3327 2041 3384 repe-

453 3423 557 3478 tito
595 3418 850 3480 confusio
878 3415 1113 3473 infertur
1153 3430 1262 3469 non
1298 3409 1612 3468 mediocris.
1655 3429 1675 3464 ι

526 3514 582 3570 5.
623 3511 826 3568 Verum
877 3510 924 3566 si
963 3509 1080 3564 haec
1117 3516 1227 3563 tam
1261 3507 1457 3572 multa,
1498 3511 1610 3558 tam
1650 3501 1838 3573 gravia
1885 3499 2040 3556 volu-

453 3621 578 3661 mus
613 3602 939 3674 Thcophani
966 3601 1260 3671 imputare,
1311 3596 1612 3655 verendum
1638 3603 1745 3661 est,
1783 3608 1851 3649 ne
1879 3593 2040 3665 plura

447 3715 519 3760 ac
546 3699 799 3772 graviora
844 3700 1138 3752 occurrant
1159 3706 1326 3764 quam
1350 3691 1553 3762 quibus
1583 3689 1832 3756 lectoris,
1862 3701 2037 3758 quan-

453 3795 656 3852 tumvis
705 3790 953 3862 benigni,
991 3788 1188 3844 leuitas
1218 3787 1396 3856 possit
1435 3785 1742 3856 ignoscere.
1799 3782 1937 3838 Nam
1981 3793 2040 3837 ut

451 3885 706 3940 omittam
741 3898 863 3953 qua:
911 3881 1060 3935 circa
1101 3878 1281 3935 sancti
1309 3877 1502 3948 Cyrilli
1549 3872 2037 3946 llierosolymitani

451 3977 921 4042 decessorumque
951 3972 1178 4042 ejusae
1237 3984 1623 4025 successorum
1669 3967 2038 4023 chronotaxin

453 4066 759 4124 fcedissime
798 4072 980 4122 errata
1034 4061 1563 4126 demonstravimus,
1629 4078 1647 4112 ί
1683 4059 2040 4116 Emendatio-

452 4175 579 4216 nem
613 4165 842 4228 superat
884 4169 1125 4219 onmem,
1159 4153 1358 4223 inquit
1392 4152 1508 4222 ipse
1542 4149 1709 4217 Goar,
1751 4149 2037 4206 Romano-

455 4267 575 4305 rum
607 4249 995 4319 epiSCOporum
1045 4258 1242 4299 nomen
1288 4242 1633 4312 frequentius
1662 4242 1954 4311 omissum,
1985 4251 2040 4297 et

450 4352 584 4399 mtas
626 4355 748 4411 pag.
781 4337 887 4392 208
933 4335 1144 4390 auctori
1192 4334 1413 4406 penitus
1453 4333 1672 4404 ignota:
1711 4350 1729 4384 ε
1760 4331 1910 4402 quod
1955 4331 2036 4390 uti

451 4453 516 4492 ex
573 4431 901 4489 indubitatis
955 4429 1278 4500 pontificum
1315 4427 1476 4483 annis
1533 4425 1824 4482 manifeSIe
1876 4423 2038 4486 nobis

450 4531 686 4590 constat,
729 4520 805 4575 ita
838 4519 1092 4576 fortassis
1133 4519 1187 4572 in
1224 4517 1350 4574 aliis
1371 4517 1704 4588 patriarchis
1729 4516 2037 4588 deprehen-

449 4619 731 4683 deremus,
777 4617 824 4672 si
858 4615 927 4672 de
957 4629 1150 4671 eorum
1183 4613 1632 4669 successionibus
1670 4622 1835 4683 atque
1857 4611 2038 4666 aetati-

439 4713 560 4771 .bus
602 4710 732 4783 pari
785 4709 945 4767 nobis
992 4708 1212 4764 ratione
1251 4714 1557 4762 constaret.
1610 4703 1798 4776 Neque
1830 4703 2039 4760 dixeris

453 4803 687 4861 vitiosos
726 4801 1011 4872 catalogos
1044 4814 1172 4874 ,βπ-ω
1202 4798 1380 4855 oculis
1419 4796 1712 4854 habentem
1749 4793 2040 4865 Theopha-

437 4911 576 4965 nem
623 4902 789 4964 atque
827 4909 894 4948 ex
928 4893 996 4953 iis
1044 4905 1220 4946 annos
1265 4897 1662 4960 supputantem
1709 4887 1764 4942 in
1800 4889 2035 4942 istorum

450 4997 703 5039 errorum
747 4988 963 5052 partem
1015 4994 1126 5036 non
1167 4978 1450 5040 minimam
1487 4977 1712 5053 prolabi
1745 4978 2034 5047 potuisse:

453 5075 790 5148 ubicumque
819 5074 965 5136 enim
1004 5072 1058 5126 in
1091 5072 1207 5146 ipsa
1236 5073 1470 5128 historia
1494 5071 1773 5144 pontificis
1800 5070 2038 5126 Romani

451 5167 700 5224 occurrit
740 5166 966 5234 mentio,
1008 5181 1117 5220 non
1154 5164 1320 5219 alium
1351 5178 1518 5235 quam
1546 5178 1658 5235 par
1704 5169 1822 5218 erat
1851 5161 2036 5217 nomi-

455 5261 604 5316 navit
649 5261 879 5331 uspiam
904 5275 926 5320 ,τ
991 5257 1270 5329 quomodo
1325 5256 1494 5328 igitur
1546 5247 1788 5328 ignotam
1858 5256 2038 5328 potuit

448 5367 638 5408 eorum
676 5351 875 5412 seriem
902 5359 1237 5421 aetatemque
1270 5349 1516 5410 habere?
1561 5359 1655 5404 aut
1693 5365 1818 5420 quae
1854 5357 2038 5419 potest

448 5455 600 5501 tanta
634 5445 848 5516 concipi
879 5443 1046 5506 ullius
1079 5441 1372 5515 scriptoris
1403 5441 1722 5507 oscitantia,
1758 5449 1818 5496 ut
1864 5455 2035 5496 anna—

449 5541 526 5596 les
579 5540 876 5606 ordinaus,
927 5552 1134 5609 eosque
1179 5537 1234 5593 in
1285 5536 1468 5608 capite
1525 5535 1920 5606 imperatorum
1980 5542 2035 5587 et

447 5628 772 5702 pontiﬁcum
809 5631 971 5688 annis
999 5629 1371 5702 pmsignans,
1411 5642 1614 5688 nomen
1646 5624 1869 5696 aliquod
1902 5625 2034 5680 scri-

448 5726 540 5778 bat
587 5721 1028 5778 diversissimum
1059 5721 1130 5776 ab
1167 5735 1260 5787 eo,
1299 5720 1367 5776 de
1398 5734 1508 5792 quo
1543 5721 1599 5774 in
1648 5718 1766 5788 ipsa
1801 5718 2035 5773 historia

449 5824 675 5874 acturus
707 5823 789 5868 est
823 5833 836 5869 :
873 5825 970 5869 aut
999 5815 1215 5880 saltem,
1247 5830 1372 5868 cum
1402 5813 1469 5870 de
1506 5813 1694 5884 aliquo
1725 5813 1895 5886 egerit
1933 5829 2038 5871 no-

2147 1934 2315 2004 phani
2375 1935 2596 2008 ametis)
2649 1937 2860 1994 inducit
2906 1939 2960 1993 in
2993 1938 3284 2008 imperium
3317 1952 3468 1992 anno
3497 1937 3726 1992 Alexan-

2145 2027 2318 2084 drinae
2382 2045 2507 2085 aera).
2565 2031 2674 2089 264
2720 2031 3086 2088 conformiter
3127 2030 3197 2086 ad
3241 2045 3518 2086 annorum
3565 2032 3727 2101 spatia

2147 2119 2382 2191 singulis
2414 2121 2536 2193 ejus
2581 2121 2974 2181 deeessoribus
3010 2124 3065 2180 in
3113 2125 3366 2195 catalogo
3421 2123 3722 2192 assignate;

2145 2227 2384 2284 eumque
2412 2230 2588 2272 annos
2619 2216 2687 2270 17
2727 2216 3048 2286 regnavisse
3096 2217 3314 2272 scribit.
3383 2214 3606 2270 Tabula:
3631 2228 3724 2267 au-

2148 2312 2254 2360 tem
2291 2304 2436 2376 (quae
2490 2323 2628 2378 pene
2688 2309 2892 2380 ubique
2933 2308 3114 2380 quoad
3154 2323 3428 2364 numeros
3463 2320 3722 2360 annorum

2147 2401 2592 2473 uniuscujusque
2643 2418 2814 2475 regno
2861 2404 3262 2460 attributorum
3308 2417 3440 2457 cum
3497 2397 3726 2468 Georgio

2144 2495 2524 2560 consentiunt,
2579 2494 2674 2552 sed
2731 2495 2980 2551 ordinem
3040 2494 3380 2566 quandoque
3412 2501 3468 2548 et
3510 2490 3724 2546 nomina

2145 2585 2510 2658 commutant)
2545 2602 2672 2643 cum
2708 2588 2935 2644 totidem
2972 2588 3136 2646 annis
3179 2600 3451 2658 regnasse
3492 2585 3724 2638 Araren-

2145 2679 2302 2735 chetn
2332 2680 2652 2747 admittant,
2683 2682 2940 2736 ultimum
2976 2682 3126 2736 illius
3155 2695 3366 2735 annum
3399 2682 3723 2747 componunt

2144 2786 2270 2826 cum
2324 2772 2506 2843 primo
2569 2772 2950 2840 Diocletiani,
3012 2770 3409 2829 Alexandrinae
3465 2783 3585 2824 tera!
3626 2765 3722 2821 277

2145 2870 2313 2934 atque
2363 2865 2437 2918 ita
2494 2874 2740 2936 quatuor
2790 2879 2970 2920 annos
3029 2863 3310 2918 auferunt.
3367 2861 3502 2928 Quis
3552 2865 3720 2911 autem

2145 2956 2336 3012 credat
2363 2956 2765 3030 Theophanem
2796 2957 3252 3014 .continuatorem
3285 2951 3534 3024 Georgii,
3582 2946 3719 3004 nulla

2143 3059 2444 3121 apparente
2473 3066 2536 3108 ex
2570 3066 2736 3107 causa
2780 3051 2858 3106 ita
2902 3050 2971 3108 ab
3003 3057 3232 3104 auctore
3276 3063 3384 3104 suo
3419 3045 3590 3101 fuisse
3611 3041 3720 3094 dis-

2068 3178 2112 3238 ο
2146 3154 2472 3207 cessurmn,
2525 3141 2571 3200 si
2629 3141 2842 3198 tabulas
2892 3141 3010 3212 ipse
3059 3137 3550 3210 conscripsisset?
3596 3131 3721 3199 Quis

2146 3247 2368 3288 rursum
2428 3233 2619 3288 credat
2667 3234 3006 3291 omissurum
3051 3232 3226 3288 fuisse
3289 3230 3569 3293 Varanis,
3630 3237 3718 3278 seu

2144 3323 2351 3382 Uranis
2381 3325 2415 3380 5
2466 3341 2670 3383 nomen
2725 3333 2778 3381 et
2834 3340 3012 3382 annos
3060 3325 3134 3390 4,
3185 3325 3231 3380 si
3261 3339 3388 3394 prie
3421 3321 3594 3380 oeulis
3627 3316 3721 3370 ha-

2143 3416 2358 3472 buisset
2415 3417 2672 3473 relictum
2728 3416 2834 3474 sibi
2883 3432 2914 3475 a
2959 3415 3195 3488 Georgio
3251 3413 3615 3484 CataIOgum:
3663 3419 3719 3458 ac

2143 3510 2346 3567 deinde
2398 3526 2503 3582 pro
2563 3509 2810 3566 Urarane
2835 3511 2869 3566 5
2908 3509 3234 3567 Arsabelum
3261 3547 3276 3575 ,
3314 3523 3420 3577 pro
3467 3503 3722 3568 SamasPO

2136 3603 2580 3675 Pecmasaphum
2635 3605 2808 3662 fuisse
2836 3605 3178 3676 scripturum
3201 3643 3218 3670 ,
3275 3599 3600 3656 nominibus
3635 3589 3726 3647 tuti

2145 3696 2470 3769 Georgiante
2499 3699 2662 3754 seriei
2699 3698 2950 3771 ignotis?

2219 3789 2270 3845 7.
2334 3789 2512 3845 Simili
2547 3792 2760 3846 ratione
2791 3790 2978 3846 licebit
3010 3789 3080 3845 ab
3117 3789 3186 3844 iis
3223 3785 3599 3860 argumentari
3634 3797 3723 3855 pa-

2142 3883 2428 3948 triarchis,
2471 3900 2615 3955 quos
2659 3885 2855 3940 ultimo
2889 3885 3076 3954 Operis
3108 3885 3195 3938 sui
3226 3897 3373 3938 anno
3412 3885 3493 3939 sic
3527 3880 3721 3937 subue-

2143 3977 2244 4032 ctit
2300 3975 2612 4048 Georgius;
2659 3987 2720 4032 ut
2774 3977 2846 4032 ab
2900 3976 3099 4032 iisdem
3158 3975 3403 4031 exordiri
3472 3971 3720 4028 deberent

2143 4070 2499 4141 Theophanis
2557 4070 2796 4136 tabulae,
2865 4085 2910 4141 a,
2951 4071 3130 4141 primo
3187 4067 3523 4125 Diocletiani
3583 4073 3719 4120 anno

2141 4165 2529 4232 exordieutes;
2571 4164 2698 4220 licet
2728 4163 2796 4219 de
2845 4155 2942 4219 illo
2983 4178 3153 4227 anno,
3209 4169 3403 4232 utpote
3448 4165 3559 4232 jam
3592 4155 3719 4210 satis

2143 4258 2444 4330 descripto,
2483 4257 2623 4312 nihil
2662 4257 3020 4312 scribendum
3054 4257 3162 4312 sibi
3203 4270 3327 4311 esse
3363 4253 3718 4323 Theophanes

2135 4352 2455 4426 putaverit:
2505 4351 2594 4406 vel
2629 4350 2736 4406 hoc
2781 4352 2902 4421 ipso
2943 4349 3197 4406 indicans
3227 4349 3384 4420 prius
3417 4360 3556 4418 opus
3588 4356 3618 4396 ι
3663 4352 3719 4394 se

2131 4444 2504 4511 continuari,
2571 4459 2680 4502 non
2737 4443 3018 4499 conscribi
3061 4457 3277 4497 .novum
3308 4481 3324 4506 ,
3382 4439 3529 4512 quod
3589 4433 3718 4488 alias

2070 4533 2428 4605 Dauspicari
2468 4533 2772 4591 .debuisscl
2835 4533 2905 4587 ab
2961 4533 3112 4589 illius
3171 4531 3240 4591 ad
3302 4531 3592 4602 imperium
3642 4523 3718 4577 iu-

2145 4641 2364 4699 gressu,
2411 4627 2510 4698 qui
2551 4625 2760 4696 primus
2791 4623 3126 4682 olferebatur
3172 4623 3227 4679 in
3272 4623 3517 4678 historia:
3558 4627 3716 4685 argu-

2143 4727 2413 4776 mentum.
2437 4720 2598 4775 Hunc
2630 4727 2814 4776 autem
2846 4732 3053 4775 annum
3073 4733 3198 4774 cum
3223 4715 3522 4788 descripsit
3544 4709 3712 4766 Geor-

2140 4812 2266 4885 gius
2299 4812 2383 4868 sic
2421 4811 2708 4868 concludit
2736 4829 2750 4867 :

2212 4947 2396 5004 Rome
2426 4947 2700 5018 episcopus
2727 4945 2822 5010 28,
2853 4946 3043 5014 Caius,
3069 4947 3225 5000 annis
3261 4943 3346 5000 l5.

2210 5037 2510 5093 Antiochia
2538 5037 2812 5106 episcopus
2843 5035 2931 5104 l7,
2967 5034 3224 5106 Cyrinus,
3259 5034 3412 5087 annis
3441 5029 3528 5086 15.

2212 5128 2554 5184 Alexandria;
2581 5133 2858 5198 episcopus
2885 5127 2972 5192 Ιϐ,
3001 5126 3265 5189 Theonas,
3295 5125 3448 5178 annis
3480 5120 3566 5174 l9.

2215 5220 2489 5278 Hierosol.
2519 5221 2797 5290 episcopus
2832 5219 2921 5282 58,
2964 5216 3309 5289 Hymenaeus,
3338 5215 3493 5268 armis
3521 5205 3609 5261 12.

2143 5354 2219 5410 Ex
2269 5354 2472 5426 quibus
2527 5352 2683 5423 juxta
2743 5352 2956 5421 priores
2996 5347 3217 5419 Georgii
3259 5345 3520 5406 calculos,
3556 5332 3712 5426 Caius

2141 5423 2364 5519 quidem
2397 5457 2452 5501 et
2492 5444 2752 5501 Theonas
2795 5444 3032 5514 primum
3085 5442 3238 5496 illum
3291 5439 3606 5494 habuissent
3660 5423 3709 5474 in

2139 5541 2458 5610 episcopatu
2502 5552 2708 5594 annum
2750 5554 2764 5590 :
2819 5535 3092 5607 Cyrillus.
3138 5549 3285 5587 anno
3341 5519 3711 5586 Alexandrina?

2140 5648 2265 5688 tera:
2311 5631 2419 5684 264
2464 5641 2708 5696 creatus,
2761 5645 2966 5683 annum
3020 5628 3221 5704 egisset
3264 5625 3358 5692 li;
3401 5617 3710 5693 llymcumus

2141 5739 2270 5781 vero
2303 5725 2580 5789 ultimum,
2634 5721 2740 5777 uisi
2795 5719 2967 5792 (quod
3017 5729 3101 5775 est
3161 5713 3492 5784 verosimile)
3540 5706 3707 5792 dicas,

2140 5817 2495 5878 librariorum
2530 5815 2668 5870 vitio
2719 5812 2924 5869 factum
2959 5821 3018 5871 ut
3053 5810 3344 5876 duodecim
3384 5803 3539 5864 anuis
3576 5788 3706 5850 Scri‘
