4088 6488
353 496 490 564 1169

1370 507 1545 568 θοι).
1568 506 2051 570 HENSCHENII
2090 492 2617 569 DISSERTAT‘IO.

3479 503 3618 569 1170

350 623 571 673 beretur
612 615 849 683 sedisse,
903 616 992 674 cui
1046 619 1253 691 passim
1299 618 1431 677 alibi
1471 622 1602 677 anni
1639 622 1929 693 plusquam
1959 624 2011 686 Α
2038 620 2372 693 Theophane
2418 621 2756 679 continuata:
2798 620 3045 692 praeﬁxa,
3090 617 3411 692 hujusntodi
3443 621 3624 677 Cano-

344 700 415 766 ’Ξῦ
455 708 834 779 assignantur.

416 800 472 858 8.
536 800 766 857 Interim
837 803 1064 873 tabula,
1115 804 1581 878 chronOgraplriae
1641 806 1844 864 exhinc
1902 820 1933 859 a

448 972 644 1048 Annus
805 973 1042 1048 JAnmrs
1178 972 1338 1048 80m.
1377 976 1509 1048 imp.
1592 977 1706 1034 Rex
1742 976 1897 1033 Pers.

432 1045 638 1098 conditi
803 1045 1077 1100 Iucarnat.
1186 1045 1487 1103 Diocletial
1664 1050 1800 1103 Ara-

475 1114 630 1171 orbis
823 1114 1029 1172 divinae
1194 1133 1300 1173 nus
1331 1118 1492 1173 annis
1632 1116 1856 1174 reuthes

1300 1187 1392 1243 20.
1614 1190 1775 1245 annis
1800 1184 1888 1243 l7.

448 1306 589 1362 5777
883 1302 990 1362 277
1323 1308 1345 1364 1
1709 1302 1778 1364 15

449 1378 598 1435 5778’
877 1378 987 1435 278
1314 1380 1362 1434 Ξ
1702 1376 1772 1433 16

451 1446 593 1505 5779
881 1448 987 1506 279
1318 1451 1365 1505 l’r
1704 1451 1771 1504 17

447 1520 590 1576 5780
882 1520 988 1577 280
1322 1522 1358 1577 4
1542 1520 1776 1578 Varanis
1787 1519 1939 1576 an.l.

2054 715 2205 771 nium
2238 713 2464 771 exhibet
2488 715 2610 787 ipso
2640 712 2698 769 in
2728 712 2922 770 limine
2952 728 2985 769 ε-

2052 973 2245 1028 Romae
2412 971 2687 1029 Hierosol.
2801 971 3045 1028 Alexand
3055 986 3100 1027 r.
3202 971 3508 1029 Antiochiae

1997 1044 2292 1125 episcopus
2393 1044 2706 1125 'episcOpus
2805 1043 3103 1125 cpiscopus
3208 1044 3509 1125 episcopus

2056 1110 2254 1198 cuius”
2393 1110 2723 1198 Hytnenfps
2828 1110 3082 1198 Theon-as
3208 1110 3509 1198 T'yrauplts

2001 1184 2164 1240 annis
2191 1182 2277 1238 15.
2422 1182 2581 1240 annis
2602 1183 2695 1238 24.
2821 1185 2981 1241 annis
3006 1183 3093 1241 19.
3214 1182 3377 1241 annis
3404 1184 3492 1241 l5.

2121 1306 2154 1380 7
2486 1304 2557 1380 ἔξ
2908 1305 2972 1380 1!
3334 1305 3387 1380 ἓ.

2116 1377 2150 1431 8
2485 1376 2557 1430 14
2908 1375 2980 1430 12
3334 1375 3387 1429 δ’

2121 1446 2157 1500 9
2216 1486 2222 1497 .
2487 1444 2559 1501 15
2915 1447 2982 1501 15
3336 1446 3395 1500 ἂν·

2088 1518 2158 1573 10
2487 1516 2557 1572 16
2915 1517 3005 1571 M-
3341 1516 3377 1572 5

350 1654 465 1711 Non
498 1655 802 1726 quaerimus
834 1666 1082 1714 utrarum
1116 1659 1429 1715 tabularum
1455 1658 1652 1715 calculi
1683 1659 1751 1715 ad
1784 1658 1932 1715 veri-
2037 1655 2232 1713 xendae
2253 1654 2567 1711 accuratius
2594 1655 2782 1720 seriei,
2830 1655 2888 1710 in
2917 1656 3039 1726 ipso
3080 1653 3416 1726 quandoque
3459 1653 3637 1709 histe-

350 1759 516 1806 tatem
573 1752 805 1821 propius
854 1752 1143 1820 accedant,
1183 1762 1236 1809 et
1275 1769 1408 1809 num
1451 1753 1627 1825 major
1660 1753 1797 1809 ﬁdes
1838 1752 1935 1807 ad-

351 1837 584 1895 hibenda
639 1855 748 1894 non
797 1841 870 1896 sit
924 1842 1204 1908 Eusebio,
1258 1842 1543 1915 proximos
1593 1843 1935 1914 temporibus

351 1932 469 1988 suis
500 1932 795 2004 episcopos
823 1934 904 1990 sic
933 1934 1238 2001 ordinanti,
1281 1944 1343 1992 ut
1393 1935 1584 2002 Caius,
1640 1935 1935 2008 imperium

2042 1751 2139 1806 rite
2191 1756 2454 1805 contextu
2489 1749 2788 1805 nonnullos
2819 1746 3207 1819 episcoporum
3251 1762 3335 1803 eo-
3366 1759 3513 1802 anno
3545 1763 3633 1803 se-

2043 1842 2293 1898 dentium
2347 1842 2679 1907 nominare,
2741 1839 3075 1912 quandbque
3141 1856 3332 1895 eorum
3404 1841 3632 1894 nomina

2046 1935 2253 1990 certius
2284 1934 2390 1991 sibi
2419 1935 2638 2007 cognita
2667 1934 2977 1991 inscribere
3009 1935 3207 1992 loculis
3235 1935 3303 1990 ad
3326 1932 3378 1991 id
3420 1950 3634 2007 praepa-

353 2026 695 2098 suscipiente
742 2025 1110 2095 Diocletiano,
1159 2030 1336 2099 egerit
1380 2029 1434 2085 in
1472 2030 1793 2100 episcopatu
1836 2043 1939 2085 suo
1974 2014 2015 2069 Β
2042 2029 2227 2084 ratis:
2265 2027 2412 2084 unde
2441 2043 2540 2085 eos
2571 2037 2829 2099 acceptos
2855 2032 2909 2084 in
2936 2029 3214 2086 Anastasii
3250 2030 3505 2084 versione
3528 2029 3632 2084 hoc

352 2132 557 2173 annum
612 2117 666 2182 5,
716 2117 1043 2191 Hymenaeus
1098 2120 1188 2186 l9,
1243 2118 1501 2175 Theonas
1540 2120 1596 2184 4,
1647 2118 1939 2192 Tyrannus

353 2211 573 2266 nonnisi
609 2221 735 2281 post
783 2227 960 2269 annos
994 2222 1121 2269 octo
1155 2213 1494 2271 successerit
1522 2212 1753 2286 Cyrillo,
1789 2214 1939 2268 circa

354 2301 678 2359 Diocletiani
733 2304 889 2359 initia
922 2306 1103 2375 agenti
1149 2320 1352 2362 annum
1386 2305 1657 2361 duntaxat
1682 2304 1735 2360 6.
1789 2304 1937 2371 Haec,

360 2396 604 2465 inquam,
665 2411 776 2450 non
822 2399 1170 2467 quaerimus:
1234 2401 1329 2455 sed
1384 2399 1534 2455 istud
1590 2399 1938 2471 potissimum

362 2487 576 2543 lectoris
601 2489 747 2559 aequi
768 2490 984 2557 judicio
1014 2492 1404 2548 aestimandum
1437 2493 1824 2564 relinquimus,
1869 2506 1939 2546 an

357 2595 477 2635 cum
504 2580 727 2653 Georgii
758 2583 1087 2638 chronotaxi
1130 2591 1241 2638 tam
1279 2583 1424 2639 male
1444 2583 1779 2639 cohaerentia
1807 2595 1940 2653 pos-

350 2674 425 2728 sit
454 2676 605 2731 credi
642 2677 935 2746 scripsisse
968 2676 1120 2732 illius
1151 2677 1534 2738 continuatur,
1577 2684 1673 2730 aut
1712 2674 1940 2731 omnino

352 2763 558 2834 aliquis
584 2764 678 2835 qui
707 2764 1001 2836 Georgium
1027 2765 1220 2836 legerit
1246 2765 1279 2818 Τ
1303 2763 1505 2819 nedum
1534 2763 1581 2818 is
1610 2763 1702 2833 qui
1728 2763 1938 2829 omnia,

351 2871 475 2924 qua:
506 2856 612 2912 sibi
646 2857 739 2912 ille
765 2857 832 2913 ad
867 2856 1159 2914 texendam
1200 2855 1620 2928 clironologiam
1654 2854 1941 2927 conquisi-

350 2955 508 3005 verat
532 2948 925 3018 instrumenta,
962 2946 1332 3007 haereditavit.

968 3084 1199 3143 CAPUT
1239 3084 1323 3142 ll.~

349 3199 632 3267 Quomodo
695 3200 892 3255 tabula:
960 3200 1215 3270 confecta:
1276 3201 1578 3257 videantur.
1661 3199 1783 3267 Qua
1830 3216 1943 3258 rem

428 3271 768 3344 Theophanes
806 3288 934 3326 usus
976 3275 1066 3327 sit.
1113 3271 1287 3344 Quam
1332 3273 1565 3344 recte_ab
1610 3289 1751 3327 anno
1797 3272 1946 3344 ejus:

2042 2119 2206 2173 modo
2237 2118 2482 2189 reperias
2514 2135 2528 2173 :
2587 2137 2606 2171 ‹
2644 2118 2830 2174 Mundi
2882 2135 3030 2175 anno
3067 2137 3117 2177 vr
3149 2136 3367 2175 oothx.
3424 2119 3634 2175 Divinas

2043 2211 2445 2269 incarnationis
2485 2228 2632 2269 anno
2658 2212 2784 2270 599.
2826 2213 2988 2268 Anno
3014 2229 3144 2269 vero
3176 2213 3394 2283 imperii
3437 2213 3636 2268 l’hocae

2042 2304 2341 2371 5';isacius
2396 2296 2960 2378 Hierosolymitanus,
3014 2304 3338 2361 Theodorus
3397 2305 3636 2361 Alexan-

2042 2400 2260 2462 drinus,
2315 2409 2369 2455 et
2399 2399 2728 2457 Anastasius
2755 2399 3138 2456 Antiochenus
3177 2398 3450 2454 habentur
3489 2396 3633 2454 nuli"-

2043 2490 2221 2548 stites.
2267 2512 2286 2545 ι
2343 2488 2606 2563 Et'paulo
2628 2500 2801 2563 post:
2843 2512 2863 2544 ι
2900 2494 3059 2547 Anno
3101 2492 3316 2562 imperii
3352 2490 3549 2546 Phocae
3577 2492 3632 2560 7,

2047 2582 2274 2657 Sergius
2304 2586 2982 2656 Constantinopolitanus,
3031 2584 3333 2641 Zacharias
3375 2581 3635 2640 moroso.

2044 2675 2365 2747 iymitanus,
2390 2683 2445 2731 et
2467 2674 2708 2732 Joannes
2744 2676 3155 2731 Alexandrinus
3189 2675 3460 2731 habentur
3486 2677 3635 2730 anti—

2044 2767 2225 2824 stites.
2265 2786 2283 2819 ι
2341 2766 2467 2823 ilzcc
2514 2768 2661 2823 enim
2705 2767 2928 2839 aliaque
2964 2767 3188 2831 similia,
3240 2766 3297 2821 in
3335 2768 3634 2823 Anastasio

2044 2859 2269 2930 quidem
2324 2876 2434 2918 non
2472 2860 2771 2917 admodum
2829 2875 2974 2926 rara,
3027 2859 3083 2915 in
3112 2858 3464 2930 Theophanis
3504 2875 3636 2915 vero

2044 2960 2196 3008 textu
2256 2953 2345 3008 vix
2402 2968 2646 3025 unquam
2705 2951 3030 3023 reperienda
3063 2993 3078 3019 ,
3142 2951 3291 3007 unde
3330 2951 3638 3021 accepisset

2045 3042 2174 3112 iste,
2207 3045 2252 3101 si
2286 3044 2378 3100 hic
2413 3060 2475 3100 ea
2509 3045 2566 3100 in
2591 3044 2758 3101 dictis
2783 3043 2977 3099 loculis
3008 3059 3117 3100 non
3152 3044 3471 3116 signassel?
3521 3043 3638 3100 lloc

2045 3143 2231 3192 autem
2265 3152 2390 3194 eum
2420 3136 2710 3193 credimus
2743 3138 2799 3192 in
2827 3137 3026 3193 melius
3069 3135 3177 3194 sibi
3211 3137 3451 3207 cognitis
3480 3135 3636 3192 urbis

2046 3227 2680 3300 Constantinopolitanae
2743 3227 3085 3285 Patriarcbis
3139 3228 3461 3301 diligentius
3518 3228 3634 3285 fre-

426 3321 559 3418 (1,5,:
572 3321 946 3418 ’Qﬁéﬁgg
977 3321 1071 3418 ξῇξξ
1117 3321 1301 3418 ’δξῇξε
1336 3321 1761 3400 ςεῗςῇοῆξξᾶ,
1799 3321 1942 3415 ξ’,ξδά
1971 3359 2014 3418 c
2047 3322 2425 3418 quentiusquc
2485 3321 2710 3418 fecisse,
2767 3337 2895 3377 cum
2952 3321 3057 3418 ipsi
3104 3322 3353 3418 historiae
3376 3338 3489 3378 suae
3521 3331 3632 3418 tam

424 3407 664 3469 Radérus
702 3412 1127 3469 Aiexandrinum
1155 3413 1318 3469 dixit.

425 3528 481 3583 9.
516 3526 659 3595 Quid
698 3526 905 3598 igitur?
942 3528 1182 3598 inquies.
1213 3526 1440 3583 Adeone
1464 3528 1754 3599 impudens
1779 3527 1944 3584 fuerit

349 3622 576 3693 aliquis,
612 3628 675 3678 ut
705 3611 1029 3692 Theophani
1059 3619 1340 3693 aﬁingeret
1368 3620 1609 3687 tabulas,
1639 3620 1707 3677 de
1735 3614 1942 3693 quibus

349 3717 680 3785 cogitaverit
714 3714 1060 3785 numquam?
1098 3712 1216 3769 Non
1250 3715 1355 3769 hoc
1385 3713 1661 3770 dicimus:
1697 3713 1796 3771 sed
1818 3730 1940 3769 om-

350 3808 492 3862 nino
525 3806 887 3870 arbitramur,
919 3804 1192 3875 ejusmodi
1227 3805 1445 3860 tabulas
1476 3799 1548 3860 ab
1580 3821 1647 3861 eo
1678 3816 1785 3861 non
1818 3813 1943 3861 tan-

350 3909 477 3956 tum
516 3900 860 3972 excogitatas
906 3898 1076 3954 fuisse
1102 3898 1185 3970 (ut
1209 3897 1617 3953 commodiores
1661 3900 1728 3952 ad
1779 3912 1940 3953 usum

348 3992 596 4058 lectoris,
633 4008 799 4064 quam
834 3992 1030 4048 modus
1085 3993 1177 4047 ille
1216 4007 1380 4064 quem
1433 3992 1612 4047 tenuit
1643 3990 1938 4064 Georgius,

346 4102 533 4143 annos
589 4087 779 4141 mundi
836 4086 1156 4156 Christique
1201 4095 1257 4142 et
1310 4085 1657 4155 imperatoris
1704 4083 1942 4142 Romani

349 4179 647 4252 praeﬁgens
674 4176 920 4234 historia:
948 4180 1013 4233 ad
1038 4179 1214 4235 instar
1250 4178 1420 4243 tituli,
1458 4177 1526 4233 ad
1570 4178 1778 4233 calcem
1813 4192 1943 4233 vero

350 4269 630 4341 cujusque
659 4271 788 4325 anni
812 4260 1111 4325 Persarum
1142 4284 1301 4341 reges
1321 4278 1376 4324 et
1399 4278 1639 4339 quatuor
1662 4269 1946 4342 episcopa-

353 4374 514 4418 tunm
544 4362 808 4435 praesules
842 4361 1202 4434 subtexens),
1228 4376 1417 4416 verum
1443 4361 1604 4417 etiam
1636 4362 1831 4429 lineas,
1856 4362 1942 4416 in-

352 4468 449 4513 tra
495 4470 637 4528 quas
688 4464 879 4513 essent
925 4452 1306 4510 describendae
1345 4469 1440 4524 per
1467 4453 1681 4510 loculos
1711 4454 1940 4521 divisas,

354 4546 430 4601 ab
473 4544 668 4601 eodem
718 4542 1054 4614 Theophane
1085 4543 1259 4599 fuisse
1293 4542 1577 4611 deductas,
1638 4545 1831 4601 saltem
1885 4547 1941 4602 in

350 4638 630 4710 principio
665 4638 884 4708 operis,
931 4644 986 4692 et
1014 4636 1107 4691 ubi
1145 4635 1198 4691 id
1231 4649 1338 4690 non
1381 4634 1535 4702 fecit,
1565 4637 1843 4694 similibus
1875 4639 1943 4695 li-

2049 3419 2307 3470 accurate
2330 3414 2631 3469 inseruerit
2666 3430 2883 3481 eorum,
2913 3413 3008 3484 qui
3035 3429 3141 3469 suo
3169 3428 3286 3469 aevo
3318 3413 3471 3469 fuere
3497 3414 3636 3469 vici-

2045 3507 2255 3576 ttiores,
2288 3507 2445 3564 initia
2473 3509 2742 3578 ﬁnesque.
2799 3508 2945 3574 Quin
2973 3515 3029 3563 et
3054 3508 3433 3562 Romanorum
3461 3506 3639 3576 ponti-

2046 3594 2209 3653 ﬁcum
2236 3607 2482 3669 tempora
2515 3599 2620 3653 sibi
2653 3597 3053 3668 propinquiora
3084 3596 3140 3652 in
3180 3596 3372 3653 eadem
3402 3595 3638 3652 historia

2044 3686 2473 3760 diligentissime
2503 3689 2778 3759 expressit
2817 3708 2832 3745 :
2885 3698 2938 3746 et
2978 3690 3233 3762 quamvis
3268 3691 3324 3746 in
3357 3691 3638 3762 antiquio-

2044 3777 2202 3836 ribus
2254 3780 2528 3836 aberrarit
2560 3781 2796 3837 subinde
2825 3797 2855 3837 a
2892 3783 3148 3845 veritate,
3202 3799 3312 3839 non
3338 3784 3635 3840 admodum

2046 3883 2328 3931 correctos
2354 3882 2582 3930 secutus
2613 3874 2938 3946 catalogus;
2987 3891 3274 3947 nunquam
3319 3884 3504 3932 tamen
3556 3862 3640 3934 sic

2045 3975 2131 4023 est
2176 3966 2556 4023 hallucinatus
2592 3966 2935 4039 (incipiendo
2964 3984 2993 4024 a
3023 3964 3192 4033 Iulio,
3240 3969 3399 4041 cujus
3430 3969 3496 4026 ad
3532 3986 3635 4026 an-

2046 4075 2179 4115 num
2222 4075 2346 4115 arra;
2383 4058 2786 4131 Alexandrinae!
2806 4058 2913 4117 3'51
2948 4060 3242 4135 meminit),
3278 4062 3410 4134 quin
3445 4079 3639 4119 revera

2046 4167 2114 4209 eo
2153 4162 2250 4210 aut
2292 4155 2550 4224 proximo
2582 4167 2731 4209 anno
2775 4154 2824 4211 is
2864 4154 3115 4226 pontifex
3153 4154 3413 4212 Romanae
3437 4155 3639 4212 Cathe-

2048 4244 2163 4300 draz
2210 4242 2557 4317 praesederit,
2607 4247 2767 4319 cujus
2800 4246 3008 4304 factum
3039 4248 3266 4321 aliquod
3298 4249 3353 4304 in
3398 4249 3637 4306 historia

2048 4338 2382 4410 explicatur.

2120 4453 2210 4509 10.
2248 4445 2493 4510 Tabulas
2518 4460 2704 4510 autem
2741 4452 2814 4508 ita
2849 4462 3111 4510 vacantes
3146 4452 3202 4508 in
3230 4453 3424 4510 codice
3455 4453 3637 4519 adhuc

2047 4544 2318 4601 invariato
2347 4545 2622 4616 reperisse
2643 4545 3023 4611 Anastasium,
3058 4546 3288 4602 omnino
3314 4547 3592 4602 credimus
3616 4563 3634 4603 :

2049 4644 2239 4708 postea
2273 4648 2455 4714 autem
2485 4636 2692 4693 factum
2741 4652 2885 4704 esse,
2936 4647 2997 4693 ut
3036 4637 3261 4694 sciolus-
3295 4638 3543 4707 aliquis,.
3566 4654 3636 4695 ex

351 4732 480 4786 neis
518 4728 786 4785 ducendis
821 4727 1060 4799 spatium
1098 4728 1154 4783 in
1187 4727 1381 4783 codice
1409 4741 1642 4784 vacuum
1684 4730 1939 4785 relictum
1977 4720 2021 4777 D
2050 4728 2317 4800 catalogis
2354 4728 2409 4784 in
2433 4728 2611 4784 sancti
2648 4726 2943 4799 Nicephori
2963 4728 3294 4799 patriarchae
3315 4730 3637 4786 Constanti-

350 4823 532 4879 l‘nisse
587 4837 618 4877 a
676 4821 979 4878 scribente.
1032 4819 1279 4876 Dicimus
1319 4828 1499 4876 tamen
1559 4823 1707 4893 quod
1768 4838 1943 4880 annos

347 4913 550 4970 mundi
586 4912 907 4983 Christique
929 4919 983 4968 et
1005 4911 1242 4967 Romani
1264 4911 1615 4982 imperatoris
1646 4912 1945 4984 scripsisse

348 5012 650 5061 contentus
672 5043 688 5069 ,
728 5011 783 5059 et
815 5002 1232 5073 episcopatuum
1286 5002 1486 5059 titulos
1520 4998 1723 5072 cuique
1760 5003 1944 5059 loculo

347 5096 748 5168 praesignasse,
791 5093 1003 5149 loculos
1050 5092 1201 5162 ipsos
1248 5088 1498 5149 omiserit
1547 5094 1816 5164 tantisper
1855 5095 1939 5149 in.

349 5182 913 5259 scriptisnominibus
927 5186 1309 5256 episcoporum
1329 5192 1384 5240 et
1412 5186 1755 5258 singulorum
1782 5172 1943 5244 anuis

352 5283 612 5353 implere,
644 5280 773 5336 dum
796 5274 949 5351 quod
979 5280 1033 5334 in
1059 5294 1224 5350 opere
1244 5278 1582 5350 praecipuum
1609 5290 1730 5336 erat
1761 5280 1943 5337 absol-

346 5379 531 5434 visset
554 5390 579 5435 ε
605 5371 808 5431 deinde
859 5380 1042 5429 autem
1077 5371 1162 5427 vel
1201 5371 1412 5428 morbis
1439 5372 1527 5431 vel
1560 5374 1821 5430 aerumnis
1851 5375 1945 5428 im.

350 5467 633 5540 peditum,
652 5462 742 5522 vel
759 5465 925 5521 etiam
951 5464 1029 5521 rei
1060 5461 1384 5520 difficultate
1406 5464 1765 5520 absterritum
1794 5465 1941 5538 (cum
1984 5503 1991 5512 .

346 5555 569 5611 videret
625 5552 907 5625 quomodo
965 5552 1315 5623 episcopales
1374 5554 1611 5623 catalogi
1677 5554 1734 5610 iu
1794 5556 1945 5613 desi-

352 5646 586 5720 gnando
616 5645 1056 5716 uniuscujusque
1081 5645 1437 5716 pontiﬁcatus
1472 5655 1718 5718 tempore
1745 5649 1829 5705 vel
1861 5650 1945 5705 in-

351 5754 446 5799 ter
462 5756 523 5798 se
535 5741 621 5796 vel
640 5756 767 5797 cum
787 5741 935 5797 notis
952 5740 1283 5797 certioribus
1300 5749 1633 5813 pugnarent,
1651 5749 1705 5796 et
1725 5758 1944 5801 summa

348 5846 636 5901 annorum
689 5832 828 5887 inita
889 5831 945 5886 in
996 5829 1264 5886 descensu
1302 5847 1647 5903 ascensuque
1690 5833 1945 5893 faciendo

351 5939 644 5995 nunquam
675 5930 827 5980 recte
857 5921 1129 5994 ﬁniretur)
1180 5921 1508 5994 desperasse
1535 5926 1604 5982 de
1653 5940 1941 5984 successu.

433 6014 582 6075 Satis
611 6032 741 6089 ergo
770 6012 959 6074 habuit
1005 6013 1215 6072 omissa
1252 6012 1523 6091 tantisper
1573 6030 1704 6075 cura
1753 6026 1943 6091 perte-

2049 4818 2356 4890 nopolitani
2412 4818 2822 4890 compendiaria
2882 4820 3329 4891 chronographia
3382 4821 3636 4893 repertis;
3724 4818 3733 4827 “

2047 4910 2344 4982 praedictos
2372 4910 2585 4967 loculos
2618 4910 2846 4982 implere
2882 4911 3200 4976 tentaverit,
3235 4911 3385 4980 inde,
3419 4912 3517 4968 ubi
3543 4912 3638 4968 isti

2046 5001 2102 5057 in
2134 5017 2235 5058 suo
2261 5002 2585 5059 desinebant
2620 5002 3020 5075 manuscripto,
3071 5019 3293 5061 sursum
3325 5004 3636 5061 ascendens

2051 5108 2148 5165 per
2186 5109 2457 5150 annorum
2482 5095 2684 5163 spatia,
2715 5102 2865 5153 recte
2908 5105 3005 5154 aut
3034 5110 3323 5168 perperam
3361 5095 3631 5163 deﬁnita;

2048 5185 2188 5241 nihil
2218 5187 2375 5256 pensi
2425 5185 2676 5243 habendo
2700 5196 2837 5258 quot
2868 5187 3077 5258 quique
3132 5200 3349 5244 menses
3401 5187 3636 5256 diesque

2047 5277 2234 5350 plures
2262 5287 2360 5334 aut
2388 5279 2685 5350 pauciores
2717 5280 2966 5338 sederint
3002 5294 3169 5351 quam
3218 5293 3493 5334 annorum
3546 5280 3635 5335 in.-

2047 5380 2324 5442 tegrorum
2377 5386 2643 5428 numerus
2698 5371 2995 5443 adjunctus
3044 5369 3339 5440 signiﬁcat.
3405 5369 3487 5426 Ita
3539 5386 3634 5429 ne-

2047 5465 2294 5523 cessario
2350 5463 2467 5520 ﬁeri
2516 5463 2731 5527 debuit,
2780 5470 2840 5518 ut
2885 5463 3159 5534 ejusmodi
3208 5465 3634 5533 supputationes

2046 5557 2323 5627 corruptis
2350 5556 2518 5613 etiam
2547 5554 2880 5627 quandoque
2905 5555 2959 5610 in
2989 5569 3096 5612 ms.
3127 5569 3486 5610 numerorum
3534 5572 3639 5612 no-

2049 5651 2122 5706 tis
2161 5649 2476 5707 vitiosiores
2511 5647 2733 5710 redditi,
2776 5662 2886 5702 non
2931 5646 3098 5703 modo
3136 5662 3169 5702 a
3210 5647 3446 5704 veritate
3477 5663 3635 5705 rece-

2050 5743 2244 5799 derent
2276 5742 2599 5814 plurimum,
2631 5739 2724 5795 sed
2753 5754 2857 5795 nec
2885 5754 3013 5795 cum
3065 5740 3424 5809 Theophanis
3457 5741 3638 5798 histo-

2047 5836 2131 5893 ria
2161 5843 2422 5907 sequente
2449 5848 2627 5904 neque
2656 5847 2784 5887 cum
2807 5831 3152 5901 praecedente
3179 5833 3401 5902 Georgii
3434 5848 3639 5903 suppu-

2048 5928 2255 5984 tatione
2306 5934 2534 5999 possent
2583 5924 2920 5982 coincidere.
2973 5921 3047 5981 Ut
3105 5935 3288 5983 autem
3351 5926 3632 5983 Anastasii

2047 6018 2301 6079 versione
2317 6034 2602 6077 movemur
2620 6018 2688 6076 ad
2709 6018 3065 6087 credendum,
3084 6032 3433 6091 nequaquam
3450 6016 3632 6072 Theo-
