4088 6480
538 461 672 546 1111

1457 479 1555 544 DE
1602 480 1662 541 s.
1697 454 2195 540 THEOPHANIS
2236 455 2897 539 cHnoNonPmA

3642 470 3761 554 tua

536 596 772 667 phauem
823 593 911 649 vel
966 608 1187 666 semper
1264 592 1351 649 vel
1406 593 1477 651 ab
1535 592 1701 649 initio
1756 592 2115 664 inseripsisse
2144 598 2191 657 Α
2222 599 2522 663 utrumque
2578 590 2890 648 detractum
2919 590 3135 657 volunt,
3164 589 3575 665 esistimabtque
3619 598 3762 660 etiam

534 685 741 741 tabulis
798 688 1188 756 episcoporum
1247 699 1371 754 qua
1425 684 1668 743 diximus
1727 682 1951 740 nomina
1990 701 2005 739 :
2038 685 2122 741 sic

533 777 724 833 eadem
753 777 886 832 moti
920 776 1251 831 auctoritate
1297 776 1717 846 persuademu'r,
1742 778 1853 831 non
1888 775 2121 847 singulis

533 869 695 924 annis
739 868 1132 939 praesignetum
1184 864 1359 922 fuisse
1396 881 1427 921 a
1457 864 1793 937 Theophane
1832 866 2122 921 mundanae

529 974 595 1016 ac
641 960 973 1016 Christianae
1015 973 1141 1015 rem
1185 973 1517 1025 numerum;
1562 959 1657 1014 sed
1697 960 1829 1015 item
1877 967 1935 1013 ut
1972 954 2121 1013 Ana-

530 1052 737 1109 stasius
785 1051 939 1119 facit,
971 1052 1226 1108 ad'initia
1279 1050 1551 1108 duntaxat
1594 1049 2016 1127 imperatorum,
2068 1058 2123 1107 et

529 1144 863 1214 quandoque
890 1141 1069 1199 alias:
1107 1142 1241 1199 alibi
1284 1146 1415 1197 vero
1448 1141 1629 1197 solum
1678 1141 1959 1211 signatum
2012 1139 2121 1195 im-

529 1235 669 1307 perii
701 1250 933 1301 annum,
960 1233 1110 1306 quod
1140 1249 1207 1291 eo
1242 1233 1361 1291 iere
1407 1233 1529 1290 solo
1554 1236 1918 1291 eonSuessent
1948 1231 2123 1291 histo-

528 1328 631 1383 rici
660 1328 885 1399 publica
913 1328 1122 1399 scripta
1172 1327 1413 1399 signare;
1465 1325 1603 1382 [line
1640 1332 1804 1398 porro
1855 1325 1972 1381 ﬁeri
2005 1332 2118 1382 non

530 1418 825 1476 difﬁculter
858 1420 1060 1492 potuit,
1095 1428 1158 1474 ut
1183 1420 1313 1475 dum
1351 1418 1420 1473 ad
1454 1433 1629 1475 annos
1664 1420 1853 1475 mundi
1887 1418 2121 1476 subinde

529 1522 867 1567 revocantur
920 1512 1052 1567 anni
1108 1511 1529 1583 imperaturum,
1574 1510 1759 1581 aliqtta
1801 1510 2121 1567 ditlicultate

531 1602 833 1670 incidente,
863 1617 975 1659 non
1004 1618 1220 1675 semper
1257 1600 1401 1658 facta
1434 1588 1606 1662 fuerit
1644 1600 1939 1662 uniformis
1984 1617 2117 1675 pro-

530 1688 767 1766 gressio,
794 1695 1261 1767 quemadmodum
1317 1692 1459 1749 infra
1513 1695 1731 1751 docturi
1763 1707 1977 1758 sumus,
2023 1711 2119 1753 os-

530 1786 859 1857 tensurique
891 1799 996 1842 non
1030 1794 1137 1840 tam
1196 1785 1374 1857 ipsius
1425 1782 1785 1855 Theophanis
1817 1800 2005 1841 errore
2044 1786 2117 1848 ,ω

528 1880 760 1947 factum,
814 1895 977 1950 quam
1019 1888 1255 1950 receptae
1303 1896 1402 1951 per
1459 1880 1778 1939 universum
1830 1879 2113 1938 Orientem

526 1986 594 2026 ex
628 1984 730 2027 usu
768 1970 1158 2027 Alexandrina:
1189 1970 1455 2028 Ecclesiae
1487 1972 1869 2039 chronotaxis,
1903 1973 1990 2033 cui
2024 1989 2120 2045 ap-

527 2072 649 2120 tare
706 2079 766 2120 se
820 2073 1017 2120 auctor
1050 2064 1327 2121 debuerit.
1371 2063 1471 2121 Hie
1526 2074 1710 2127 tamen
1746 2080 1816 2123 ne
1865 2067 2124 2123 tenebras

527 2156 733 2213 multas
767 2156 1039 2222 otl‘undat,
1070 2152 1425 2230 Theophanis
1451 2159 1867 2230 chronologiam
1901 2159 1969 2215 ad
1999 2174 2122 2217 aera:

528 2250 767 2321 vulgatae
794 2264 972 2307 annos
1001 2250 1299 2322 a‘ptaturis,
1335 2252 1479 2307 hanc
1511 2248 1958 2311 diSSertat'ionem
2001 2253 2121 2311 vul-

526 2356 659 2412 gare
682 2342 912 2412 placuit.

600 2434 691 2490 tl.
726 2432 1115 2491 Alexandrina:
1166 2436 1333 2506 porro
1389 2438 1504 2495 sive
1552 2438 1950 2497 ecclesiasticae
1998 2438 2122 2495 terte

525 2527 917 2595 diti'erentiam,
966 2535 1075 2584 mra
1127 2525 1442 2586 Graecorum
1493 2546 1593 2589 seu
1640 2518 2025 2593 Romanorum,
2066 2531 2120 2588 id

523 2630 611 2677 est
640 2618 1406 2692 Constantinopolitanoruut.
1438 2624 1553 2695 ipse
1574 2626 1735 2682 nobis
1761 2625 2123 2696 Theophanes
2142 2608 2155 2621 κ

524 2712 768 2784 explicat
794 2712 863 2768 ad
896 2714 1208 2770 extremum
1239 2713 1478 2772 Zenonis
1523 2716 1881 2787 imperatoris
1905 2733 2115 2773 annum

526 2802 614 2859 his
643 2803 872 2860 verbis:
917 2821 936 2855 ς
976 2801 1247 2859 Caeterum
1295 2808 1500 2870 annus,
1534 2817 1646 2877 quo
1670 2804 1819 2861 Zeno
1865 2807 2122 2860 mortuus

524 2904 612 2952 est
672 2904 728 2953 et
795 2896 1127 2953 Anastasius
1195 2896 1466 2967 imperare
1525 2898 1716 2970 ccepit,
1782 2898 1856 2954 ab
1911 2896 2122 2953 Adamo

524 3004 559 3043 v
582 3009 633 3045 ao
664 3002 947 3044 nccecxcrx
985 2988 1126 3060 apud
1154 2988 1438 3046 Romanos
1465 2998 1795 3046 numera'ur
1818 2990 1942 3062 ;qui
1966 2990 2121 3059 juxta

524 3078 934 3148 diligentiorem
992 3079 1050 3135 et
1074 3081 1349 3136 veriorem
1402 3081 1897 3137 Alexandrinarum
1932 3084 2121 3137 ealcu-

528 3173 642 3229 lum
676 3189 783 3224 voo
827 3187 1220 3236 necccuxxni,
1261 3189 1290 3227 a
1340 3171 1670 3228 Diocletiani
1716 3173 1952 3246 imperio
1986 3174 2116 3241 207,

528 3281 559 3319 a
604 3266 791 3321 dixina
840 3266 1226 3321 incarnatione
1254 3265 1382 3332 483,
1420 3267 1721 3324 indictione
1756 3268 1842 3335 M,
1875 3278 2116 3327 notatur.
2145 3293 2190 3355 ρ

533 3357 639 3426 Qui
678 3374 860 3415 anuus
921 3374 1045 3415 eum
1095 3358 1235 3414 citra
1262 3359 1490 3416 dubium
1522 3360 1692 3415 ullum
1727 3357 1890 3416 fuerit
1924 3361 2119 3431 vulga-

526 3450 607 3506 ris
630 3467 753 3506 tera:
781 3451 909 3516 491,
936 3451 1148 3523 liquido
1174 3464 1400 3524 apparet
1425 3452 1852 3516 Alexandrinos.
1882 3453 1939 3508 in
1962 3469 2124 3508 mun-

527 3543 691 3598 danis
711 3545 933 3614 quidem
968 3545 1216 3600 sedecim
1246 3560 1422 3603 annos
1457 3545 1750 3615 pauciOres
1772 3560 2118 3612 numerasse,

524 3652 651 3693 certe
707 3645 893 3693 autem
954 3635 1287 3692 ChriStianae
1340 3652 1522 3695 annos
1577 3637 1887 3693 detraxisse
1945 3645 2117 3693 octo:

526 3727 697 3800 idque
728 3728 1126 3785 commodioris
1161 3729 1578 3803 supputationis
1610 3736 1804 3795 cauSa,
1846 3741 1903 3784 ut
1952 3742 2120 3801 appa-

529 3831 636 3888 ret,
695 3837 807 3890 quo
848 3830 964 3876 toto
1021 3824 1132 3878 uno
1164 3821 1368 3879 sacculo
1402 3825 1676 3881 nnitatum
1734 3838 1798 3876 ac
1851 3823 2119 3879 decadum

528 3913 749 3967 numeri
773 3914 1060 3982 aequaliter
1085 3915 1449 3985 procederent
1472 3914 1525 3968 in
1551 3915 1907 3972 recensendis
1932 3914 2120 3970 mundi

529 4003 851 4074 Christique
886 4005 1071 4072 annis.
1125 4004 1281 4062 llunc
1341 4006 1511 4077 igitur
1563 4007 1839 4061 calculum
1901 4017 2123 4063 secutus

529 4098 919 4169 Theophanes,
941 4107 1001 4155 et
1023 4098 1524 4171 chronographiam
1552 4112 1582 4155 a
1608 4097 1840 4172 Georgio
1868 4098 2123 4172 Syncello'

532 4206 710 4261 usque
739 4190 806 4247 ad
846 4189 1178 4273 Diocletiani
1211 4183 1536 4263 perductam
1595 4191 1753 4247 initia
1800 4207 1966 4262 porro
1996 4192 2121 4264 per.-

526 4290 806 4350 texturus,
837 4285 1078 4357 primum
1110 4278 1245 4340 dicti
1281 4284 1635 4356 imperatoris
1663 4290 1869 4339 annum
1900 4288 2124 4356 compo-

527 4373 641 4429 suit
669 4387 796 4429 eum
829 4387 976 4445 anno
994 4368 1202 4430 Christi
1228 4374 1358 4440 277,
1395 4373 1489 4445 qui
1522 4373 1705 4437 nobis,
1738 4372 2005 4428 octennio
2036 4371 2127 4426 ad-

529 4462 670 4531 dito,
706 4470 794 4521 est
845 4462 976 4531 285,
1032 4472 1200 4536 atque
1240 4465 1314 4518 ita
1352 4463 1520 4520 tacite
1579 4462 1824 4518 correxit
1875 4475 2121 4517 errorem

526 4556 778 4613 auctoris
805 4558 916 4625 sui,
939 4560 1147 4613 annum
1166 4539 1275 4611 $78
1298 4564 1425 4612 serae
1451 4553 1856 4623 Alexandrinae;
1884 4554 2121 4625 primum

2227 685 2308 741 sic
2361 684 2542 741 serius
2592 698 2758 753 quam
2795 699 2893 754 par
2940 693 3026 740 est
3064 682 3461 741 Diocletianum
3499 689 3569 744 ab
3612 706 3672 747 eo
3717 696 3766 752 in

2225 777 2517 847 imperium
2559 775 2772 831 induci.
2807 773 2950 831 Cum
2978 775 3129 833 enim
3175 773 3486 833 Graecorum
3533 795 3696 840 annus
3741 801 3768 842 a

2229 860 2541 938 Septembri
2577 883 2771 923 mense
2818 882 2982 924 suum
3021 875 3204 923 sumat
3234 869 3537 935 exordium,
3581 881 3632 929 et
3673 883 3771 934 tum

2224 976 2292 1017 ex
2321 960 2449 1016 aliis
2474 959 2815 1025 amtoribus,
2850 969 2965 1014 tum
3006 975 3071 1015 ex
3098 944 3396 1028 Chronico,
3431 962 3571 1033 quod
3598 971 3775 1024 vocant

2225 1036 2622 1116 Alexandrino,
2650 1050 2974 1115 habeamus,
3019 1069 3039 1103 σ
3070 1050 3467 1108 DioCletianum
3510 1055 3780 1126 imperato-

2226 1156 2344 1201 rem
2376 1144 2479 1223 l5,_
2497 1142 2771 1201 Kalendas
2803 1143 3094 1200 Octrobris
3126 1128 3475 1199 Chalcedone
3514 1148 3775 1202 renuntia-

2226 1247 2362 1302 tum,
2391 1237 2444 1303 5,
2459 1236 2736 1318 Kalendas
2754 1235 3013 1295 Octobris
3044 1228 3418 1292 Nicomediam
3442 1240 3779 1309 purpuratum

2226 1327 2546 1393 intravisse,
2602 1335 2658 1384 et
2716 1327 2980 1384 Kalendis
3039 1325 3291 1383 Januarii
3338 1328 3613 1385 consulem
3668 1346 3781 1401 pro-

2223 1419 2414 1488 diisSe,
2454 1439 2473 1473 ι
2521 1418 2752 1476 evidens
2777 1424 2862 1476 est
2910 1419 3116 1475 nullam
3169 1421 3301 1475 ann‘i
3334 1416 3441 1474 276
3482 1428 3682 1498 partem
3726 1423 3784 1477 ad

2221 1512 2402 1584 ipsius
2430 1512 2723 1584 imperium
2754 1513 3112 1582 pertinuisse,
3155 1512 3262 1568 nisi
3294 1520 3467 1583 usque
3495 1512 3567 1567 ad
3609 1511 3785 1569 Kalen-

2222 1605 2322 1662 das
2344 1593 2597 1661 Januarii
2624 1598 2851 1663 diﬁ‘eras
2879 1605 3011 1661 anni
3044 1604 3267 1661 initium
3295 1618 3588 1660 numerare
3613 1622 3627 1659 :
3656 1606 3784 1676 quod

2222 1711 2332 1753 non
2374 1696 2585 1752 iaciunt
2620 1704 2878 1754 auctores
2908 1711 3019 1752 uno
3047 1710 3192 1753 anno
3234 1694 3559 1751 Diocletiani
3591 1695 3786 1750 initium

2223 1790 2637 1861 anticipandnm
2667 1787 3008 1863 judicantes,
3047 1789 3141 1843 sed
3173 1788 3284 1842 alio
3329 1787 3583 1843 nituntur
3610 1786 3789 1842 tunda-

2224 1889 2432 1947 mento.
2469 1880 2720 1952 persuasi
2747 1880 3009 1938 videlicet
3040 1879 3303 1938 Palilibus
3347 1879 3525 1945 t‘eStis,
3570 1880 3623 1936 id
3652 1888 3730 1935 est
3760 1881 3790 1937 5

2224 1971 2355 2029 ldus
2389 1971 2539 2037 Maii,
2566 1973 2718 2029 illum
2751 1982 2875 2031 esse
2900 1979 3165 2029 exorSum
3195 1988 3449 2042 regnare.
3477 1971 3674 2029 Verum
3703 1973 3791 2029 hoc

2224 2081 2390 2136 quam
2435 2073 2644 2122 temere
2675 2073 3021 2136 assumptum
3062 2065 3230 2120 fuerit
3263 2079 3331 2120 ex
3361 2064 3548 2121 verbis
3599 2063 3791 2119 Claudii

2224 2158 2539 2215 Mamertini
2570 2160 2628 2215 in
2660 2158 2949 2226 chronico,
2979 2158 3035 2214 in
3066 2158 3235 2214 alium
3263 2173 3500 2230 prorsus
3529 2172 3687 2228 quam
3721 2172 3794 2212 re-

2220 2268 2356 2311 vera
2388 2254 2630 2309 habeant
2677 2267 2903 2309 sensum
2940 2251 3198 2317 detortis,
3257 2250 3507 2310 dilucide
3559 2248 3795 2306 Petavius

2223 2351 2414 2401 noster
2457 2343 2700 2400 ostendit
2732 2344 2826 2399 lib.
2862 2360 2902 2399 tt
2936 2342 3014 2399 De
3053 2341 3302 2399 doctrina
3358 2346 3654 2411 temporum
3686 2355 3795 2411 cap.

2222 2437 2315 2506 '50,
2351 2440 2587 2509 ingenue
2635 2444 2961 2502 retractans,
2990 2452 3112 2509 quae
3141 2436 3280 2495 alias
3309 2451 3379 2492 ex
3414 2436 3732 2511 inveterata,
3748 2430 3798 2488 ut

2224 2531 2322 2595 ait,
2380 2526 2848 2600 chronologorum
2889 2531 3175 2585 sententia
3208 2529 3543 2600 scripserat.
3586 2523 3799 2583 Eosdem

2222 2632 2406 2679 autem
2456 2636 2687 2692 prorsus
2723 2621 2859 2679 nihil
2904 2629 3087 2693 potest
3127 2618 3327 2692 iuvare
3377 2621 3442 2677 lt
3499 2618 3800 2677 consulatus

2224 2710 2553 2770 Diocletiani
2588 2725 2716 2769 cum
2751 2709 2808 2767 ll
2840 2725 2985 2768 anno
3028 2709 3331 2767 tribunitiae
3354 2750 3369 2775 ,
3394 2709 3451 2765 id
3474 2720 3559 2767 est
3588 2709 3801 2778 impera-

2224 2806 2383 2863 toriae
2411 2805 2729 2876 potestatis,
2768 2803 2827 2859 in
2868 2800 3202 2875 quibuSdam
3230 2801 3520 2873 lapidibus
3552 2795 3805 2870 composi-

2224 2908 2335 2954 tus.
2362 2896 2525 2952 Aliud
2557 2897 2703 2952 enim
2738 2904 2824 2952 εει
2850 2894 3137 2966 utriusque
3165 2893 3388 2948 initium
3415 2909 3432 2948 :
3476 2902 3537 2949 et
3560 2903 3681 2948 cum
3714 2889 3804 2943 hoc

2225 2988 2430 3060 optime
2457 2997 2675 3045 constat
2703 2989 2850 3060 quod
2882 2989 3028 3044 hunc
3059 2986 3420 3042 consulatum
3448 2983 3649 3041 adierit
3676 2995 3805 3037 anno

2226 3083 2447 3153 imperii
2500 3082 2584 3139 sui
2641 3082 2843 3152 primo,
2875 3088 2928 3136 et
2975 3079 3101 3135 ideo
3153 3085 3303 3134 recte
3355 3086 3376 3129 ‘t
3416 3091 3449 3131 a
3507 3072 3805 3131 consulibus

2226 3158 2570 3230 Diocletiano
2613 3172 2678 3226 tl
2713 3181 2771 3228 et
2812 3170 3139 3227 Aristobulo
3185 3166 3445 3238 ejusdem
3497 3159 3807 3222 Diocletiani

2227 3267 2355 3321 anni
2382 3268 2448 3321 ad
2478 3265 2689 3321 Pascha
2720 3262 3100 3319 ordinandum
3138 3261 3340 3333 digesti
3379 3264 3539 3323 sunt,
3577 3277 3598 3311 ι
3630 3268 3806 3327 quem-

2226 3358 2526 3414 admodum
2586 3357 2642 3412 in
2676 3354 2837 3413 fastis
2874 3351 3519 3425 Constantinopolitauis
3573 3359 3810 3420 expresse

2225 3453 2452 3508 dicitur.

2298 3526 2388 3602 13.
2436 3536 3097 3614 Constantinopolitants,
3143 3538 3397 3611 thquam,
3445 3536 3578 3594 licet
3625 3530 3809 3590 notiorl

2218 3638 2334 3711 jam
2391 3640 2616 3695 nomine
2678 3637 2983 3694 chronicon
3044 3631 3492 3689 Alexandrinum
3542 3633 3808 3689 vocentur,

2224 3746 2287 3786 ex
2334 3730 2596 3801 opinione
2634 3714 2836 3784 Raderi
2889 3726 3064 3784 nostri
3108 3726 3333 3781 eosdem
3380 3723 3579 3782 Graece
3608 3719 3810 3775 Latine-

2227 3838 2334 3893 que
2362 3822 2615 3878 edentis:
2655 3828 2819 3892 qunm
2870 3828 2925 3875 et
2976 3833 3078 3876 nos
3128 3817 3568 3889 appellationem
3614 3813 3693 3886 (ut
3737 3825 3810 3864 re—

2227 3912 2387 3985 trepto
2422 3914 2730 3968 serviamus
2780 3911 2930 3981 usui)
2983 3909 3245 3965 libentius
3280 3920 3652 3978 usurpamus.
3684 3899 3814 3955 Salis

2227 4007 2375 4063 enim
2403 4020 2529 4062 esse
2558 4013 2740 4077 potesv.
2768 4002 3045 4059 eruditum
3077 4002 3339 4057 leetorem
3386 3999 3480 4054 hic
3523 3995 3813 4057 monuiSse,

2228 4099 2377 4170 quod
2441 4099 2743 4154 chronicnn
2794 4095 2927 4152 illud
2970 4096 3164 4150 revera
3218 4092 3356 4147 nihil
3416 4094 3612 4147 minus
3666 4100 3815 4160 quam

2229 4185 2669 4244 Alexandrinum
2702 4185 2815 4254 sit;
2849 4185 3054 4256 quippe
3095 4182 3243 4254 quod
3272 4181 3423 4237 nihil
3473 4181 3685 4236 habent
3707 4190 3815 4233 cum

2226 4279 2722 4337 Alexandrinorum
2788 4276 3094 4333 rationibus
3141 4289 3463 4331 commune.
3509 4273 3639 4330 Non
3684 4278 3821 4326 men;

2230 4376 2416 4440 sium,
2478 4388 2590 4429 non
2643 4372 2856 4427 dierum
2911 4369 3168 4435 nomina,
3229 4381 3356 4440 qua:
3435 4360 3818 4424 Alexandrinis

2230 4455 2556 4539 Egyptiaca
2585 4472 2744 4519 erant
2771 4462 2979 4525 omnia,
3008 4461 3277 4533 chronico
3316 4456 3512 4516 autem
3549 4457 3681 4513 huic
3709 4458 3821 4526 par-

2230 4565 2326 4617 tim
2361 4563 2549 4619 Graeca
2577 4562 2775 4633 partim
2793 4554 2986 4615 Latina
3003 4565 3152 4624 sunt,
3172 4565 3233 4612 ut
3257 4555 3533 4611 Kalendte
3562 4554 3706 4618 idus,
3722 4558 3817 4606 etc.-

529 4640 863 4711 Diocletiani
891 4636 1168 4705 faeientis.
1209 4647 1423 4704 Ewnim
1480 4646 1571 4701 hic
1621 4645 1920 4700 Alexandri
1958 4643 2123 4699 Mam-
2157 4656 2200 4717 Ι)
2230 4648 2354 4705 Non
2413 4649 2629 4704 initium
2684 4645 3011 4718 anni,qnod
3064 4642 3469 4702 Alexandrinis
3526 4641 3761 4700 Sumitur
3794 4649 3821 4689 ι

533 4736 672 4796 inea
706 4744 881 4796 annos
912 4741 1177 4797 tredecim
1211 4750 1360 4795 recte
1392 4739 1449 4794 in
1486 4750 1632 4793 anno
1670 4736 1803 4805 215,
1832 4737 1929 4809 ἰιυί
1960 4736 2120 4793 nubis

533 4824 644 4887 225
686 4830 815 4896 fuit,
857 4832 1192 4900 exordiens,
1247 4834 1433 4888 minus
1479 4841 1625 4888 recte
1668 4831 1845 4888 eidem
1897 4830 2124 4886 dederat

533 4928 917 4983 successorem
970 4924 1355 5004 Maximinum;
1417 4939 1565 4981 anno
1610 4924 1741 4993 228,
1777 4922 1872 4998 qui
1923 4924 2123 4996 fuisset

530 5018 777 5093 vulgaris
805 5033 933 5076 erat
985 5017 1112 5085 256,
1142 5034 1301 5087 cum,
1326 5018 1534 5074 dictum
1587 5015 1960 5072 Alexandrum
1990 5030 2123 5071 con-

531 5121 644 5170 stet
676 5113 812 5171 solis
841 5112 1039 5169 norem
1072 5111 1270 5168 diebus
1310 5111 1455 5167 ultra
1506 5109 1769 5166 tredecim
1810 5119 2000 5164 annos
2034 5120 2122 5162 re-

538 5219 765 5273 gnasse,
794 5212 961 5275 atque
991 5206 1130 5260 adeo
1160 5203 1341 5275 pridie
1365 5203 1551 5260 Nonas
1585 5200 1811 5257 Martias
1852 5200 2123 5256 acclama-

533 5305 674 5364 tum,
694 5298 831 5369 ipsis
853 5294 1042 5354 ldlbus
1066 5296 1312 5353 obiisse:
1339 5304 1399 5351 ut
1423 5307 1771 5363 consequens
1792 5294 1864 5350 sit
1884 5292 2121 5363 primum

530 5386 814 5443 Maximini
862 5388 1068 5443 annum
1118 5387 1286 5443 statui
1337 5387 1598 5444 debuisse
1623 5384 1749 5451 227,
1781 5393 1836 5439 et
1880 5384 2124 5455 reliquos

536 5480 803 5552 deinceps
857 5495 1034 5538 annos
1066 5494 1097 5535 a
1131 5479 1367 5553 Georgio
1416 5487 1755 5544 numeratos,
1787 5477 1885 5533 tali
1936 5489 2126 5531 errore

533 5574 707 5631 semel
730 5575 937 5643 posito,
988 5590 1322 5632 exeresccre
1365 5574 1532 5646 supra
1593 5585 1882 5628 numerum
1909 5570 2123 5645 justum

532 5678 679 5723 anno
709 5683 838 5723 uno.

611 5758 701 5813 Η.
737 5758 957 5830 Optime
986 5761 1156 5832 igitur
1193 5761 1323 5817 fecit
1362 5754 1727 5831 Theophanes
1761 5757 1906 5828 quod
1956 5752 2130 5812 Geor-

541 5852 717 5921 ‘giante
743 5854 1202 5923 ehronographize
1244 5853 1583 5924 superﬂuum
1608 5852 1773 5906 istum
1799 5864 2004 5905 annum
2036 5846 2129 5904 de-

542 5945 813 6000 traxerit:
846 5959 954 5998 non
1003 5945 1134 5999 item
1172 5946 1229 6012 ii,
1267 5948 1357 6015 qui
1410 5946 1512 6016 ipsi
1558 5944 1882 6014 'i‘thphani
1922 5957 2127 5999 annum

2228 4743 2420 4798 mense
2447 4733 2653 4808 Thoth,
2685 4738 2845 4812 cujus
2875 4741 3089 4811 primus
3136 4738 3254 4794 dies
3281 4736 3601 4808 reSpondet
3625 4729 3696 4789 29
3725 4727 3818 4786 diei

2228 4833 2438 4891 mensis
2503 4826 2863 4906 Augustizin
2917 4831 3182 4888 ehrouito
3235 4837 3425 4884 autem
3486 4842 3518 4883 a
3574 4818 3822 4883 Kalendis

2225 4925 2471 4982 Januarii
2505 4924 2758 4982 Romano
2787 4924 2942 4980 more
2970 4923 3208 4980 ducitur.
3248 4918 3369 4976 Non
3412 4920 3553 4975 anui
3585 4917 3816 4978 titulum,

2228 5035 2391 5092 quem
2449 5010 2691 5091 Egyptii
2728 5033 2759 5074 a
2801 5017 3025 5089 regibus
3080 5013 3595 5085 imperatoribnsve
3654 5018 3824 5067 sume—

2227 5111 2382 5180 bant;
2406 5110 2715 5168 Chronicon
2749 5117 2930 5166 autem
2961 5109 3129 5166 Sumit
3161 5122 3191 5162 a
3222 5104 3563 5162 conSullbus
3590 5119 3657 5159 ex
3688 5107 3825 5154 more

2229 5202 2499 5259 Romano.
2554 5201 2675 5258 Non
2724 5216 2888 5256 teram
2921 5199 3165 5266 Christi;
3210 5212 3379 5268 quam
3411 5196 3646 5267 qualem
3674 5194 3827 5247 usuré

2231 5299 2412 5367 parint
2445 5294 2803 5350 Alexandrini
2838 5291 2950 5363 jam
2989 5290 3247 5355 vidimus,
3298 5288 3627 5343 chronicon
3654 5291 3825 5340 autem

2230 5398 2460 5461 prorsus
2508 5403 2618 5444 non
2668 5380 2912 5458 attingit.
2964 5371 3267 5454 procedens
3309 5378 3651 5436 Graecorum
3685 5373 3829 5431 more

2230 5497 2326 5553 per
2348 5476 2728 5551 Olympiades,
2768 5474 3043 5549 Egyptiis
3076 5474 3129 5527 in
3158 5473 3320 5527 rebus
3357 5469 3612 5541 publicis
3648 5465 3831 5523 consil

2229 5570 2464 5645 gnandis
2490 5570 2805 5627 inusitatas.
2837 5566 2910 5625 Ut
2942 5574 3120 5622 autem
3152 5565 3217 5621 e‘x
3250 5572 3409 5618 tanta
3439 5565 3831 5619 characterum

2228 5663 2749 5736 chronologicorum
2794 5661 2862 5718 ab
2904 5659 3409 5715 Al‘etandrindrnm
3461 5671 3573 5712 usu
3626 5656 3832 5711 discre-

2232 5758 2418 5828 pantia
2454 5753 2750 5809 manifeste
2781 5752 3135 5808 cdnvincitur
3168 5747 3688 5805 Alexandrinorum
3726 5744 3831 5798 non

2230 5863 2375 5913 esse,
2409 5846 2461 5901 in
2492 5861 2607 5918 quo
2630 5845 2722 5901 illa
2753 5844 3047 5916 reperitur,
3080 5843 3154 5897 ita
3181 5857 3212 5897 e
3254 5853 3541 5896 converso
3568 5832 3834 5893 indubita-

2234 5949 2349 5994 tum
2390 5938 2605 5995 videtur
2633 5935 2763 5995 ferri
2796 5934 3067 6009 judicium
3104 5948 3286 6007 posse,
3314 5929 3642 6000 ‘pruzdlctos
3666 5926 3832 5983 iustos
