4088 6428
367 384 509 454 1173

1387 395 1562 457 GOD.
1603 398 2092 461 HENSCHENII
2119 402 2653 465 DISSERTATIO.

3493 407 3629 474 1174

362 499 849 572 Constantinopoli
881 514 980 555 seu
1005 497 1173 557 Novae
1201 499 1389 558 Romae
1411 505 1648 575 scriptos
1669 520 1812 575 esse,
1848 505 1943 562 ubi
1973 507 2018 569 Α
2049 507 2208 578 cujus
2235 512 2459 584 egregio
2490 512 2646 569 ἰοεῐυί
2679 521 2802 585 post
2837 515 3086 571 auctoris
3115 523 3345 572 mortem
3365 519 3420 575 in
3453 520 3630 578 lucem

361 593 421 648 in
467 608 569 647 usu
617 593 828 664 vulgari
867 594 973 650 ista
1011 607 1169 652 erant
1198 599 1402 665 omnia,
1441 614 1639 670 magna
1677 607 1834 671 parte
1883 617 1952 657 ex

363 686 536 741 veteri
568 684 740 740 Roma
774 688 904 742 illuc
931 689 1180 745 traducta
1217 691 1379 746 simul
1404 707 1528 748 cum
1552 692 1770 763 imperii
1795 695 1947 760 sede;

363 795 476 834 non
503 779 630 834 item
659 779 715 835 in
764 781 975 852 reliqua
1021 781 1257 849 Graecia,
1298 798 1328 839 a
1381 784 1594 842 Latinis
1631 787 1952 843 nominibus

361 875 540 943 magis
571 873 918 930 abstinente.
943 874 1092 932 istud
1123 891 1256 932 vero
1286 879 1526 935 maxime
1559 895 1624 936 ex
1655 881 1951 950 postremis

363 965 610 1036 praedicti
641 965 901 1023 Chronici
932 968 1093 1025 ann-is
1123 969 1318 1040 liquet,
1355 971 1557 1042 quibus
1595 983 1703 1028 tam
1741 973 1954 1044 prolixe

359 1055 750 1114 describuntur
775 1058 913 1115 Acta
939 1062 1065 1116 boni
1099 1060 1368 1132 Magistri,
1400 1064 1455 1118 in
1482 1065 1686 1135 lempr
1711 1064 1954 1120 Studitat-

360 1165 486 1205 rum
529 1149 1014 1222 Constantinopoli
1066 1155 1265 1224 sepulti
1307 1170 1457 1211 anno
1491 1156 1728 1212 Hcraclii
1759 1158 1847 1222 Π,
1885 1157 1955 1216 ab

360 1244 487 1299 aliis
513 1244 798 1300 historicis
831 1246 915 1300 vix
950 1247 1144 1303 leviter
1169 1255 1348 1314 tacta;
1381 1256 1439 1304 ut
1467 1264 1577 1304 non
1609 1258 1822 1304 tantum
1847 1249 1952 1304 ibi.-

358 1333 483 1386 dem
509 1333 804 1404 scripsisse
835 1346 1139 1401 auctorem.
1184 1338 1280 1394 sed
1312 1346 1366 1393 et
1404 1352 1471 1394 ex
1505 1339 1736 1395 Stud-itis
1775 1349 1945 1394 unum

355 1423 551 1491 fuisse,
567 1425 730 1481 nobis
747 1435 1004 1497 appareat
1022 1429 1523 1486 verosimiliimum.
1537 1431 1639 1487 A'st
1657 1432 1955 1502 prattigitur

357 1517 662 1572 chronicon
692 1518 837 1584 haec,
891 1531 1021 1586 quae
1042 1521 1294 1591 sequitur
1331 1535 1529 1592 gnome
1563 1523 1770 1594 Πέτρος
1800 1521 1953 1576 Ἀλε-

361 1605 672 1678 ξανδρείας.
747 1629 765 1661 ι
827 1611 969 1666 Hinc
1013 1611 1274 1682 deinceps
1326 1629 1600 1669 annorum
1645 1615 1713 1669 ab
1744 1615 1955 1670 Adamo

357 1703 704 1772 protoplasto
755 1704 872 1759 sive
925 1704 994 1760 ab
1045 1706 1196 1762 orbis
1225 1707 1433 1763 conditi
1483 1709 1710 1764 exordio
1744 1724 1954 1765 summa

2053 599 2409 667 producendo
2447 603 2692 659 intentus
2743 601 3112 660 Gnmbeﬁsius
3136 647 3149 670 ,
3187 607 3361 662 Notas
3419 609 3664 677 addidit

2053 691 2408 758 posteriores.
2479 691 2669 762 itaque
2699 694 2922 749 omissis
2954 695 3028 751 iis
3052 710 3190 764 quos
3224 697 3326 766 ipsi
3374 699 3636 755 observa-

2054 788 2186 834 runt
2237 789 2291 837 et
2337 791 2704 839 correxerunt
2753 786 2809 840 in
2857 784 3192 857 Theophane
3236 789 3537 857 erroribus,
3580 799 3636 846 et

2053 871 2469 931 diliicultatibns
2503 891 2640 946 quas
2696 878 3000 948 attigerunt-
3056 882 3472 949 praetermissis,
3525 883 3636 938 duo

2055 972 2268 1021 tantum
2304 965 2392 1021 hic
2447 976 2647 1037 puncta
2696 971 3049 1025 notabimus:
3089 979 3342 1024 nontam
3397 972 3524 1042 quia
3567 972 3636 1025 ab

2054 1057 2191 1126 ipsis
2219 1057 2322 1113 levi
2347 1059 2512 1114 nuituis
2539 1074 2702 1114 manu
2731 1069 2959 1116 tractata
2992 1078 3092 1118 nec
3117 1063 3255 1118 satis
3277 1063 3431 1120 fuere
3461 1065 3636 1134 expli-

2051 1159 2176 1206 cata
2203 1187 2218 1214 ,
2259 1166 2422 1220 quam
2449 1152 2580 1222 quia
2615 1153 2681 1208 ad
2714 1154 2986 1224 plurimos
3014 1165 3418 1225 consequenter
3457 1170 3633 1212 annos

2054 1240 2382 1310 spectantia,
2420 1249 2588 1298 totam
2647 1241 3001 1314 Theophanis
3053 1245 3472 1316 chronologiam
3537 1247 3638 1301 ob-

2054 1332 2433 1389 scurissimam
2469 1333 2727 1398 reddunt,
2752 1343 2806 1390 et
2831 1335 2900 1390 ad
2937 1350 3060 1391 tera:
3093 1338 3338 1408 vulgaris
3373 1353 3635 1394 numeros

2055 1425 2230 1496 ipsius
2265 1427 2508 1482 calculos
2549 1437 2741 1498 aptare
2773 1429 3106 1492 volentibus,
3150 1430 3506 1486 incredibiles
3542 1446 3636 1502 pa-

2056 1517 2208 1573 riunt
2233 1519 2554 1575 molestias:
2585 1535 2726 1590 quas
2749 1521 3451 1589 u‘os'experiendoaedocti,
3488 1524 3637 1594 quod
3681 1563 3694 1575 ρ

2053 1609 2127 1666 iis
2196 1611 2541 1668 emoliieudis
2597 1614 2756 1670 nobis
2808 1615 3072 1685 privatim
3118 1629 3637 1687 comparareramus

2056 1701 2357 1758 remedium
2389 1746 2404 1771 ,
2437 1703 2672 1760 libenter
2708 1706 2762 1760 in
2808 1707 3088 1776 publicum
3141 1709 3230 1763 hic
3277 1709 3634 1766 conferimus.

355 1801 667 1870 colligenda
719 1811 827 1867 est,
894 1804 1350 1874 respondentium
1407 1803 1685 1874 ίηερίηιω
1749 1818 1778 1858 a
1833 1805 1944 1861 Deo
1977 1869 2016 1874 _
2055 1791 2152 1848 Est
2183 1801 2366 1850 autem
2404 1795 2508 1852 hoc
2545 1797 2597 1851 in
2627 1813 2696 1854 eo
2729 1800 2916 1864 situm,
2974 1809 3035 1853 ut
3082 1803 3378 1858 occasione
3421 1818 3640 1858 exerra-

359 1869 670 1962 Scripturae
719 1902 776 1950 et
813 1869 1007 1950 sancte
1047 1897 1316 1952 institutis
1362 1912 1459 1967 per
1498 1869 1720 1954 divinos
1752 1896 1942 1955 Patres

2053 1885 2215 1941 tionis
2241 1885 2476 1950 detecta,
2517 1897 2572 1945 et
2604 1889 2827 1946 statutis
2855 1890 3032 1946 eidem
3058 1891 3328 1963 utrinque
3362 1893 3634 1960 terminis,

354 1993 524 2052 atque
548 1986 605 2039 in
625 1985 882 2042 Ecclesia
907 1985 1194 2042 Catholica
1227 1995 1376 2044 recte
1411 1988 1707 2044 celebratis
1737 1987 1946 2045 festivi-

356 2078 588 2132 tatibus.
629 2096 650 2130 ι
688 2076 820 2134 Item
852 2078 919 2134 de
970 2080 1126 2149 A’gno
1173 2080 1356 2151 typico
1388 2089 1442 2135 et
1471 2074 1829 2138 Paschalibus
1859 2091 1947 2136 at-

355 2181 472 2236 que
509 2183 572 2221 ex
610 2167 920 2223 matheseos
954 2169 1264 2224 rationibUS
1301 2168 1620 2240 frequenter
1653 2171 1943 2240 disputat:

353 2257 728 2313 Alexandrini
755 2271 936 2316 autem
967 2261 1212 2332 episcopi
1242 2262 1419 2317 scitur
1451 2278 1650 2317 munus
1672 2262 1862 2327 i‘uisse,
1891 2272 1949 2317 ut

355 2350 602 2405 deiinitis
634 2357 891 2407 accurate
925 2352 1058 2407 solis
1095 2339 1331 2408 ac'lunae
1366 2354 1557 2424 cyclis,
1603 2353 1816 2409 Pascha
1847 2355 1949 2410 toti

362 2437 480 2493 orbi
528 2438 869 2507 Christiano,
904 2456 1014 2511 quo
1047 2441 1136 2498 die
1179 2453 1325 2499 esset
1356 2444 1772 2510 celebrandum,
1805 2429 1952 2500 indi;

357 2539 532 2586 caret.
593 2531 735 2598 Quid
769 2543 952 2589 autem
988 2544 1126 2600 tum,
1181 2537 1314 2591 sieo
1341 2551 1450 2592 non
1483 2539 1763 2599 obstante,
1798 2538 1949 2610 Cycli

356 2623 644 2679 Paschalis
705 2625 946 2682 rationes
1001 2635 1324 2697 perspectas
1381 2629 1584 2684 habere
1637 2629 1950 2685 studuerint

359 2714 602 2770 lieraclii
662 2731 778 2772 aevo
839 2733 1034 2774 omnes
1076 2720 1172 2790 qui
1217 2720 1364 2776 docti
1415 2721 1712 2791 cupiebant
1760 2721 1948 2776 haberi

357 2806 506 2874 apud
534 2805 800 2864 Latinos?
837 2808 1050 2866 Gnome
1079 2819 1261 2868 autem
1295 2812 1606 2868 istiusmodi
1641 2829 1750 2868 non
1776 2813 1950 2884 magis

323 2897 566 2952 -indicat
610 2910 892 2956 auctorem
947 2902 1122 2959 fuisse
1151 2903 1330 2974 patria
1367 2904 1824 2973 Alctandrinum,
1851 2920 1950 2961 ue-

357 2988 488 3042 dum
526 2990 683 3045 urbis
720 2991 868 3047 illius
901 2992 1219 3063 episc0pum
1253 2993 1513 3064 aliquem,
1550 3010 1720 3065 quam
1753 2995 1950 3053 similis

357 3081 467 3134 alia
490 3097 555 3136 ex
593 3083 812 3140 Eusebii
843 3084 1227 3152 Caesariensis,
1262 3087 1352 3142 vel
1387 3088 1680 3157 scriptoris
1716 3087 1948 3146 alterius

358 3174 632 3244 opusculo
693 3178 778 3231 vel
826 3176 1058 3248 epistola
1114 3178 1372 3248 quapiam
1431 3186 1657 3248 accepta
1709 3188 1764 3234 et
1802 3179 1944 3235 libro
1972 3219 2020 3286 ο

360 3263 580 3286 ,μου
1359 3284 1393 3286 _,
1552 3284 1594 3286 _,
1649 3285 1688 3286 η
1743 3279 1778 3286 ,.

359 3263 612 3335 praeﬁxa,
662 3265 962 3323 Eusebium
998 3277 1095 3322 aut
1128 3268 1314 3338 ipsum
1349 3269 1514 3340 cujus
1541 3284 1604 3324 ea
1638 3279 1785 3326 esset
1813 3283 1948 3340 gno-

361 3373 448 3413 tne
490 3365 774 3414 auctorem
807 3361 1090 3430 probaret.
1143 3360 1336 3431 itaque
1368 3360 1515 3416 haud
1553 3361 1715 3431 paulo
1746 3361 1950 3418 rectius

360 3449 666 3507 l’anuinius
697 3453 901 3523 aliique
934 3455 1206 3519 fecerunt,
1239 3454 1333 3524 qui
1369 3454 1577 3509 dictum
1609 3454 1948 3523 Chronicon,

359 3543 518 3613 prius
553 3544 606 3598 in
647 3542 834 3601 Sicilia
868 3555 1155 3611 repertum
1186 3562 1348 3616 quam
1375 3545 1510 3600 illud
1534 3562 1600 3602 ex
1628 3549 1950 3618 Augustano

359 3652 468 3691 uis.-
505 3627 755 3693 Raderus
788 3638 1009 3708 plenius
1035 3641 1460 3708 accuratiusque
1486 3639 1757 3710 vulgaret,
1794 3657 1814 3692 ε
1848 3639 1952 3694 Fa-

357 3741 478 3785 stos
533 3729 751 3786 Siculos
785 3750 807 3783 ›
874 3747 1299 3802 nuncupavere,
1351 3748 1476 3790 cum
1531 3749 1636 3790 usu
1677 3733 1750 3791 sit
1805 3735 1952 3790 inter

357 3821 612 3879 eruditos
649 3831 932 3895 receptum
988 3824 1172 3896 (quem
1205 3833 1260 3881 et
1301 3841 1403 3881 nos
1435 3827 1490 3880 in
1515 3825 1948 3897 martyrologio-

358 3930 484 3969 rum
527 3916 883 3985 antiquorum
923 3918 1211 3988 sequimur
1263 3919 1698 3983 nomenclatura,
1734 3919 1950 3989 quoties

360 4010 684 4078 ignoramus
719 4010 789 4066 ad
819 4009 978 4079 cujus
1017 4011 1278 4067 Ecclesia:
1311 4027 1470 4067 usum
1511 3995 1788 4083 descripta
1829 4011 1951 4069 iue-

359 4100 498 4170 rint)
527 4108 587 4155 ut
617 4115 753 4158 mss.
801 4101 1086 4158 codicibus
1132 4117 1334 4157 nomen
1389 4102 1482 4156 ﬁat
1514 4118 1544 4158 a
1595 4103 1718 4158 loco
1755 4103 1809 4158 in
1839 4118 1952 4174 quo

360 4193 567 4264 reperti
619 4201 770 4262 sunt,
809 4195 893 4249 vel
948 4194 1018 4250 ab
1047 4210 1112 4250 eo
1153 4195 1249 4266 qui
1292 4195 1417 4252 illos
1475 4195 1730 4267 proprios
1758 4197 1814 4253 in
1849 4213 1952 4255 sua

362 4283 612 4355 possidet
638 4286 999 4344 bibliotheca.

971 4411 1202 4473 CAPUT
1254 4414 1346 4472 ΙΠ.

362 4526 600 4598 Delmno
632 4525 935 4598 Constantii
957 4537 1006 4580 et
1026 4525 1230 4598 Galerii
1246 4527 1672 4598 corregnantt'ttm
1691 4536 1740 4580 et
1765 4527 1946 4596 quinto

441 4597 636 4652 Phoco?
668 4599 717 4651 in
750 4591 1078 4666 Theophanis
1096 4591 1527 4667 Chronogra'pht'a
1559 4591 1861 4666 prazteritis,
1887 4615 1948 4652 ac

436 4671 646 4723 deorum
671 4680 790 4735 post
837 4669 1071 4736 plurium
1114 4684 1377 4722 annorum
1414 4669 1624 4736 seriem,
1683 4668 1750 4721 ad
1802 4667 1954 4722 lacu-

439 4756 566 4793 nam
619 4735 958 4808 expleudam.
1013 4737 1237 4810 Iuliano
1297 4748 1347 4792 ct
1392 4735 1729 4810 Copronymo
1791 4755 1957 4809 supra

433 4811 643 4879 justum
680 4823 882 4878 tempus
914 4826 1095 4862 eorum
1130 4808 1376 4879 adjectis.

441 4925 529 4982 M.
559 4925 854 4994 Postquam
873 4925 941 4979 ab
975 4924 1208 4980 inlinitis
1237 4923 1628 4995 prepcmodum
1649 4923 1956 4992 erroribus,

369 5034 514 5088 quos
536 5018 908 5074 vitiosissima:
948 5018 1148 5072 tabula:
1186 5015 1510 5087 Theophani
1563 5016 1957 5088 impingebant,

367 5111 781 5182 diligentissimi
844 5110 1090 5165 auctoris
1159 5124 1360 5165 nomen
1416 5109 1848 5177 viudicavimus,
1903 5117 1958 5166 et

371 5221 605 5275 prorsus
635 5204 890 5275 indignas
923 5220 1048 5261 esse
1085 5204 1454 5272 ostendimus,
1497 5222 1617 5276 quae
1639 5222 1764 5263 cum
1794 5207 1959 5263 cbro-

365 5295 674 5366 ncigraphia
700 5295 822 5365 ejus
851 5295 1319 5351 circumferantur
1343 5337 1358 5362 ,
1397 5311 1506 5352 non
1541 5297 1646 5352 hoc
1685 5298 1955 5368 agendum

367 5387 532 5442 nobis
583 5394 863 5456 putamus,
920 5394 980 5440 ut
1021 5387 1237 5456 singula
1261 5386 1385 5457 ejus
1413 5387 1599 5457 capita
1631 5403 1957 5445 revocemus

365 5476 439 5532 ad
491 5491 723 5533 examen
746 5517 761 5542 ,
792 5486 848 5532 et
877 5478 1213 5550 quandoque
1242 5487 1615 5544 exerrantem,
1668 5481 1814 5551 quod
1856 5481 1961 5535 hu-

367 5583 596 5628 manum
631 5580 738 5639 est,
771 5586 838 5627 ex
861 5571 987 5628 aliis
1023 5571 1355 5628 certioribus
1384 5587 1552 5642 quam
1583 5589 1705 5642 quae
1729 5575 1848 5644 ipse
1879 5574 1962 5630 vi-

367 5665 457 5719 dit
485 5663 860 5725 monumentis
905 5677 970 5720 ac
1020 5664 1287 5734 temporis
1325 5663 1579 5734 signandi
1623 5665 1962 5722 characteri-

370 5758 504 5824 bus,
541 5770 866 5815 revocemus
891 5757 947 5812 in
978 5757 1147 5812 viam.
1184 5755 1450 5813 Praestitit
1479 5755 1581 5812 hoc
1612 5772 1811 5827 magno
1844 5768 1964 5815 stu-

370 5849 470 5904 dio
523 5854 575 5905 et
613 5848 800 5905 labore
852 5849 1122 5920 interpres
1159 5850 1278 5920 ejus
1309 5848 1740 5920 praenominatus
1777 5851 1957 5916 δοίη-ς

2049 1977 2315 2033 doceatur
2352 1980 2552 2045 lector,
2586 1996 2652 2037 eo
2688 1982 2836 2051 quod
2880 1981 3025 2038 inter
3064 1982 3247 2054 Magni
3281 1983 3636 2041 Constantini

2049 2081 2102 2125 et
2128 2068 2346 2126 Ioviani
2381 2072 2730 2142 imperatoris
2762 2076 2988 2132 exordia
3017 2075 3175 2132 ﬂuvit
3205 2079 3405 2148 spatio,
3441 2094 3655 2134 novem!

2050 2175 2322 2216 annorum
2355 2157 2719 2219 diﬂ'crentia‘tn
2766 2165 2912 2222 inter
2937 2168 3218 2238 vulgarem
3253 2183 3416 2223 aram
3443 2182 3638 2224 atratus

2050 2267 2160 2320 que
2181 2253 2608 2310 Alexandrinam
2641 2271 2765 2313 esse
2791 2259 3232 2330 concipiendam,
3261 2270 3323 2315 ut
3352 2261 3470 2316 suis
3496 2276 3640 2330 quae:

2051 2358 2160 2410 que
2206 2352 2468 2414 aptentur
2523 2348 2909 2418 temporibus:
2971 2358 3029 2405 et
3087 2365 3308 2406 rursum
3364 2351 3433 2408 ab
3491 2367 3661 2408 anuO'

2051 2433 2253 2489 Phoce:
2305 2443 2503 2506 quarto
2552 2453 2727 2508 usque
2780 2439 2848 2494 ad
2904 2439 3250 2498 Constantini
3303 2442 3638 2515 Copronymi

2052 2534 2326 2581 mortem:
2371 2544 2498 2583 eum
2529 2529 2668 2584 alias
2703 2533 3089 2599 communiter,
3139 2534 3286 2589 sicut
3335 2535 3514 2590 antea
3549 2534 3638 2591 di-

2053 2625 2200 2674 ctum
2233 2629 2340 2686 est,
2394 2622 2497 2676 soli
2528 2630 2654 2677 octo
2684 2624 2814 2678 anni
2845 2625 3008 2696 adjici
3055 2625 3290 2681 debeant
3328 2627 3397 2681 ad
3441 2642 3639 2683 nume-

2052 2725 2174 2764 rum
2223 2727 2346 2767 aera:
2382 2713 2796 2780 Alexandrinas,
2842 2724 2905 2770 ut
2934 2731 3059 2771 cum
3091 2717 3300 2788 vulgari
3337 2733 3640 2789 compona-

2054 2811 2163 2860 tur.
2214 2803 2527 2877 Utrumque
2558 2818 2739 2863 autem
2766 2817 2916 2865 tanto
2954 2808 3189 2865 facimus
3219 2810 3493 2876 libentius,
3526 2826 3652 2879 qua“

2051 2897 2256 2954 certius
2289 2899 2579 2954 ostendere
2613 2915 2909 2971 possumus
2943 2911 3231 2972 postremae
3268 2903 3638 2961 exerrationis

2053 2991 2270 3061 culpam
2325 3006 2673 3062 nequaquam
2707 3009 2879 3063 penes
2927 2994 3316 3065 Theophanem
3369 2995 3636 3060 residere,-

2054 3083 2150 3138 sed
2191 3097 2483 3138 commune
2513 3092 2645 3140 tunc
2667 3086 2873 3155 passim
2908 3085 3080 3141 fuisse
3117 3085 3377 3143 omnibus
3401 3086 3639 3142 Alexan-

2053 3171 2212 3226 drina
2246 3188 2356 3228 atra
2403 3175 2710 3241 utentibus,
2751 3187 2811 3231 ut
2844 3191 3021 3233 annos
3057 3178 3246 3233 mundi
3291 3177 3636 3248 Christique,

2055 3281 2167 3320 uno
2196 3281 2361 3336 quam
2403 3283 2504 3337 par
2531 3277 2651 3324 erat
2679 3271 2994 3339 pauciores,
3040 3285 3107 3326 eo
3151 3279 3398 3340 tempore
3442 3287 3641 3329 nume-

2054 3365 2262 3422 rarent,
2292 3365 2346 3412 et
2378 3358 2460 3413 sic
2490 3359 2812 3414 imminutos
2840 3375 2965 3416 cum
3007 3375 3136 3415 vera
3164 3359 3464 3416 indictione
3491 3361 3640 3417 uilli-

2054 3447 2296 3504 lominus
2327 3458 2750 3517 componerent.

2126 3540 2215 3595 15.
2241 3541 2380 3597 Huic
2408 3541 2589 3596 simile
2617 3541 2827 3611 aliquid
2850 3542 3012 3597 etiam
3036 3543 3092 3597 in
3128 3543 3307 3613 primo
3333 3559 3468 3600 casu
3494 3547 3642 3601 accie-

2052 3632 2202 3689 disse
2245 3633 2516 3700 suSpieari
2550 3649 2868 3703 possumus,
2893 3636 3275 3692 demonstrare
3299 3621 3406 3691 non
3437 3653 3639 3707 possm-

2053 3744 2198 3785 mus.
2236 3728 2450 3784 Etenim
2485 3727 2753 3800 Georgius
2796 3729 3116 3801 Syncelius,
3158 3730 3320 3801 cujus
3343 3731 3646 3787 chronolo'a

2053 3820 2234 3890 gicum
2271 3835 2408 3891 opus
2446 3820 2840 3891 pertexendum
2869 3816 3236 3891 Theophanes
3277 3830 3464 3878 noster
3513 3837 3640 3879 sus-

2053 3915 2220 3985 cepit,
2244 3930 2368 3985 pag.
2400 3913 2472 3969 52
2501 3914 2760 3970 editionis
2814 3913 2997 3986 Regina
3022 3915 3307 3984 pratiatur,
3339 3932 3400 3972 se
3428 3934 3448 3969 ι
3478 3915 3646 3972 Chai-

2054 4005 2292 4062 dtcorutn
2347 4006 2571 4062 dubiam
2620 4007 3002 4078 conjecturam
3043 4015 3164 4062 arte
3203 4007 3644 4066 demonstrativa

2053 4099 2447 4164 refutaturum,
2474 4101 2789 4157 necessario
2817 4099 3268 4171 interpretandos
3303 4102 3408 4157 sibi
3438 4101 3644 4158 ducere

2055 4208 2232 4247 annos
2291 4192 2692 4264 Egregororum
2747 4209 2926 4264 usque
2975 4192 3044 4248 ad
3099 4193 3222 4249 165.
3279 4192 3496 4258 Enoch,
3543 4194 3642 4264 qui

2056 4279 2242 4333 mundi
2275 4279 2378 4334 fuit
2413 4280 2574 4346 £287,
2629 4288 2693 4334 ut
2739 4280 2958 4349 deinde,
2990 4281 3188 4352 inquit,
3214 4283 3280 4337 ad
3317 4283 3641 4354 vigesimum

2053 4370 2403 4426 Constantini
2449 4372 2520 4428 ab
2559 4371 2734 4426 Adam
2798 4373 2995 4430 ordine
3045 4383 3265 4432 servato
3315 4373 3642 4430 numerandi

2054 4463 2255 4518 seriem
2289 4462 2608 4519 traducam:
2651 4472 2706 4520 et
2743 4479 2930 4535 regum
2971 4465 3268 4536 unicuique
3294 4465 3439 4538 genti
3471 4465 3647 4536 impe—

1978 4573 2033 4638 ι)
2058 4557 2296 4612 rantium
2347 4557 2669 4614 nominibus
2717 4559 2972 4630 prolatis,
3013 4574 3286 4616 annorum
3316 4574 3650 4616 vocassent!

2059 4661 2331 4703 summam
2389 4664 2477 4703 me
2525 4663 2633 4704 non
2697 4649 2999 4705 oscitanter
3067 4650 3358 4720 collegisse
3415 4650 3645 4706 demou-

2057 4748 2250 4796 strem.
2289 4759 2308 4792 ι
2354 4735 2482 4796 llaec
2519 4739 2613 4796 ille
2643 4740 2821 4797 Goare
2858 4742 3177 4813 interprete.
3223 4742 3422 4798 Verum
3450 4743 3495 4799 si
3524 4746 3651 4814 quis

2059 4832 2389 4904 respondeat
2453 4834 2515 4888 τὸ
2583 4851 2748 4905 usque
2805 4834 3106 4890 terminum
3173 4836 3536 4907 significare,
3587 4842 3650 4892 ut

2060 4925 2266 4981 scholae
2322 4927 2528 4996 passim
2575 4926 2916 4998 loquuntur,
2956 4927 3354 4994 extrinsecum,
3405 4925 3654 4996 adeoque

2059 5016 2357 5091 Georgium
2404 5019 2714 5086 censuisse,
2763 5017 3114 5075 Constantini
3153 5015 3475 5074 Vicennaiia
3527 5031 3653 5089 spe-

2061 5121 2213 5167 ctare
2252 5109 2323 5166 ad
2378 5111 2630 5182 proxime
2687 5117 3013 5181 sequentem
3046 5124 3076 5164 a
3111 5108 3258 5164 dicta
3291 5123 3508 5164 summa
3547 5122 3651 5163 an-

2059 5220 2192 5259 num
2243 5219 2333 5260 rao
2375 5219 2598 5260 ncccxvt
2649 5205 2742 5275 qui
2802 5213 2998 5261 nostro
3059 5203 3200 5269 525,
3269 5202 3649 5273 responderet.

2061 5305 2212 5354 recte
2260 5313 2319 5354 se
2365 5298 2588 5353 habebit
2648 5305 2762 5352 tota
2823 5295 3044 5367 Georgii
3102 5295 3448 5366 supputatio,
3506 5295 3652 5365 iique

2061 5391 2372 5447 erraverint
2409 5389 2534 5455 soli,
2569 5390 2664 5460 qui
2708 5389 2764 5444 in
2809 5388 3004 5444 ultimo
3059 5385 3376 5458 praesignati
3435 5385 3652 5441 numeri

2063 5498 2233 5550 anno,
2281 5482 2473 5538 eadem
2519 5481 2830 5537 vicennalia
2884 5480 3254 5537 collocarunt.
3316 5476 3432 5532 Hoc
3468 5485 3650 5531 autem

2064 5574 2359 5631 manifeste
2407 5573 2775 5644 Tthpbanes
2805 5571 2954 5635 fecit,
2990 5569 3260 5642 siquidem
3291 5584 3418 5625 cum
3447 5565 3651 5622 Viccn-

2065 5667 2286 5724 nalibus
2337 5664 2680 5724 Constantini
2712 5673 2766 5719 et
2807 5676 3058 5733 tempore
3096 5659 3386 5716 celebratae.
3414 5657 3653 5713 Nicaeus:

2067 5757 2264 5829 synodi
2321 5755 2676 5812 indictionem
2729 5755 2797 5809 12
2850 5754 3161 5824 conjunxit,
3217 5767 3378 5823 quam
3436 5757 3657 5807 constat

2068 5848 2224 5904 Coss.
2259 5848 2485 5906 Paulino
2527 5858 2576 5905 cl
2620 5847 2842 5902 Juliano
2894 5845 2982 5902 die
3016 5845 3088 5898 9.0
3123 5843 3246 5902 Maii
3275 5842 3541 5910 habitam,
3572 5846 3655 5894 at-
