4088 6444
542 382 685 451 1175

1479 388 1580 448 DE
1616 387 1678 448 S.
1705 388 2201 451 THEOPHANIS
2237 384 2904 453 CHRONUGRAPHIA

3664 390 3778 474 ii'lli

538 512 648 570 que
686 495 822 591 adeo
856 497 922 552 ad
958 497 1027 591 ιβ
1053 496 1418 554 lndictionem
1465 498 1764 591 pertinere.
1809 499 1927 555 Tali
1964 516 2128 573 porro
2155 504 2209 567 Α
2231 504 2358 560 culo
2383 513 2569 560 autem
2601 511 2757 560 sexto
2784 508 2908 575 post
2939 489 3224 561 Anastasii
3257 505 3485 565 mortem
3523 529 3647 584 pene
3667 538 3781 591 quo.

533 603 724 647 errore
753 589 862 659 jam
897 589 1098 660 posito,
1133 591 1512 646 necessarium
1543 590 1668 658 fuit,
1716 606 1814 663 per
1849 608 2030 648 annos
2051 593 2123 650 20

535 695 756 736 sursum
810 687 1150 749 ascensura,
1201 683 1440 754 primum
1505 684 1860 741 Constantini
1915 701 2122 744 annum

535 782 779 852 statuere
808 768 1016 830 sianum
1064 789 1178 831 sua:
1214 781 1339 832 aera:
1370 777 1500 832 297.
1550 777 1662 834 Nec
1692 778 1864 834 ullum
1899 780 2002 836 sibi
2034 796 2131 852 po-

533 849 644 942 tuit
689 879 972 936 reservare
1007 882 1238 935 annum,
1290 883 1454 937 quem
1485 869 1818 928 Constantio
1842 849 2051 928 Chloro
2072 883 2130 929 et

536 955 756 1014 Galerio
787 957 1120 1016 Maximiano
1161 961 1514 1026 inscriberet,
1547 964 1704 1033 quasi
1744 965 1871 1036 post
1901 965 2128 1022 abdica-

535 1051 742 1106 tionem
780 1051 1105 1109 Diocletiani
1132 1062 1189 1110 et
1223 1055 1543 1110 Maximiani
1575 1055 1833 1114 Herculei
1877 1058 2126 1131 (factam,

537 1149 593 1197 ut
658 1143 828 1198 tradit
872 1143 1107 1215 ipsemet
1153 1156 1210 1202 et
1281 1149 1641 1204 conSentiunt
1704 1165 1938 1218 omnes,
2006 1167 2131 1208 teras

534 1232 925 1292 Alexandrinae
978 1253 1127 1295 anno
1170 1239 1298 1307 296,
1345 1242 1405 1296 11
1439 1240 1714 1299 Kalendas
1757 1243 1960 1314 Martii)
1994 1246 2130 1303 solis

537 1337 780 1400 quatuor
845 1332 1135 1390 mensibus
1186 1334 1416 1390 vixisset
1468 1335 1835 1394 Constantius
1890 1337 2130 1396 Chlorus

538 1419 892 1478 Constantini
919 1431 1075 1494 pater
1109 1442 1124 1480 :
1160 1425 1310 1496 quod
1351 1428 1528 1496 ipsum
1562 1428 1857 1486 manifeste
1887 1432 2131 1487 ostendit

473 1547 493 1581 ,
538 1525 601 1568 se
652 1511 883 1578 sentire,
940 1527 1067 1568 cum
1115 1513 1234 1569 ait:
1293 1532 1312 1567 r
1349 1515 1510 1572 Anno
1560 1518 1776 1588 imperii
1835 1519 2131 1577 undecimo

543 1604 654 1658 vita
692 1602 943 1659 functum
970 1621 986 1672 δ
1022 1624 1040 1658 ι
1096 1617 1261 1678 quem
1290 1623 1436 1665 anno
1467 1610 1576 1666 285
1607 1611 1823 1668 diserat
1856 1611 2129 1670 Cit-sarem

540 1712 668 1754 esse
701 1697 1042 1758 institutum.

611 1790 703 1847 16.
745 1792 910 1864 Atqui
961 1807 1070 1848 non
1105 1803 1320 1851 tantum
1354 1796 1786 1855 Alexandrinum
1815 1800 2130 1858 Chronicon

2235 597 2420 654 tanuis
2458 596 2732 669 designat)
2793 606 2943 654 recte
2978 598 3262 670 componit
3297 614 3470 672 usque
3520 609 3582 662 ad
3609 609 3784 671 Phoce:

2231 699 2288 746 et
2323 690 2559 746 Heraclii
2617 699 2900 761 tempora;
2955 691 3048 746 ubi
3097 707 3276 748 novus
3321 698 3558 753 occurrit
3606 705 3783 773 nodus,

2232 785 2398 841 etiam
2437 800 2467 840 a
2501 784 2683 841 Goare
2726 783 3146 841 animadversus
3173 801 3189 851 ;
3218 784 3314 840 sed
3339 785 3434 852 ita,
3469 800 3524 844 ut
3565 796 3787 852 animad-

2233 877 2470 934 vertisse
2502 884 2818 943 contentus,
2841 877 2962 947 ejus
2991 891 3217 932 causam
3250 881 3634 953 exerrandique
3659 888 3788 955 prin.

2232 969 2375 1039 cipia
2414 983 2479 1024 ae
2506 969 2666 1025 ﬁnem
2700 983 2810 1024 non
2855 968 3093 1026 sollicite
3124 968 3432 1041 indagarit:
3474 989 3594 1029 cum
3627 984 3788 1034 tamen

2233 1074 2346 1115 non
2402 1059 2623 1117 modice
2672 1059 2877 1116 referat
2912 1060 2980 1116 ad
3037 1061 3448 1132 chronolOgiam
3509 1067 3662 1133 scire,
3695 1082 3789 1140 quo

2233 1151 2358 1207 loco
2390 1159 2680 1222 exemptus
2709 1165 2890 1208 annus
2930 1167 3074 1210 unus
3130 1153 3226 1219 sit,
3271 1166 3381 1224 quo
3433 1155 3622 1213 deinde
3668 1161 3792 1218 alius

2235 1260 2380 1302 unus
2428 1246 2787 1302 submitutus.
2833 1245 3004 1316 quue
3041 1260 3108 1302 eo
3147 1245 3325 1316 magis
3372 1256 3548 1318 operae
3578 1251 3790 1318 pretium

2233 1345 2321 1396 est
2355 1337 2556 1406 facere,
2587 1339 2698 1411 quo
2726 1339 2937 1395 certius
2972 1347 3081 1403 est,
3116 1354 3224 1395 non
3259 1340 3496 1411 aliquam
3531 1340 3794 1413 Theopha-

2234 1433 2322 1490 nis
2358 1432 2846 1489 haliuciuationem
2879 1433 3036 1489 casui
3086 1433 3471 1498 intervexisse,
3515 1434 3608 1490 sed
3648 1439 3708 1491 es
3737 1453 3793 1494 eo

2234 1524 2382 1597 quod
2419 1525 2720 1597 aliquando
2755 1525 2973 1597 publice
3005 1531 3331 1596 usurpatum
3366 1525 3490 1592 fuit,
3527 1527 3581 1581 iit
3622 1543 3792 1585 neces-

2236 1619 2459 1676 sitatem
2507 1618 2796 1675 inductum
2827 1618 2935 1674 tale
2965 1618 3096 1690 quid
3134 1617 3396 1682 faciendi,
3423 1619 3470 1674 si
3507 1618 3579 1675 ab
3600 1620 3792 1677 usitatis

2233 1710 2467 1768 calculis
2524 1711 2694 1767 nollet
2725 1714 2985 1767 recedere
3015 1717 3070 1767 et
3105 1717 3286 1766 tamen
3321 1711 3615 1782 aliquando
3657 1712 3794 1768 vellet

2237 1805 2292 1860 in
2351 1806 2493 1859 viam
2541 1805 2743 1861 redire.
2796 1803 2874 1859 ita
2930 1819 3094 1873 porro
3148 1819 3238 1862 res
3290 1804 3475 1861 habet.
3527 1805 3793 1874 Postquam

539 1882 696 1948 dicit,
731 1885 878 1955 quod
913 1885 1300 1955 Constantius,-
1331 1889 1680 1948 CbnStantini
1729 1892 1909 1966 Magni
1959 1897 2131 1966 impe-
2165 1878 2206 1933 Β
2236 1893 2625 1951 Alexandrinae
2655 1908 2779 1949 aerea
2824 1911 2975 1950 anno
3007 1895 3113 1950 595
3147 1905 3339 1950 mense
3386 1892 3694 1958 Novembri,
3726 1894 3795 1948 iri-

540 1975 746 2033 ratoris
778 1985 953 2047 pater,
981 1993 1106 2034 cum
1146 1993 1324 2036 annos
1361 1979 1430 2035 12
1475 1980 1826 2053 imperasset,
1859 1985 1970 2040 vita
2007 2003 2132 2044 ces-

540 2069 651 2138 sit;
683 2077 738 2127 et
770 2070 945 2138 ipsius
980 2071 1336 2130 Constantini
1367 2089 1573 2130 annum
1631 2076 1870 2146 primum
1909 2086 2135 2150 caelpo-

539 2162 627 2220 nit
651 2179 778 2219 cum
814 2163 976 2220 initio
1007 2164 1352 2238 Olympiadis
1378 2167 1506 2232 272,
1541 2169 1638 2226 sed
1674 2169 1842 2226 etiam
1876 2181 1940 2227 ex
1977 2170 2134 2229 faStis

539 2255 933 2312 consularibus
989 2265 1232 2324 constat,
1289 2267 1488 2329 praeter
1531 2259 1686 2313 illum
1741 2272 1946 2314 annum
1999 2276 2130 2330 quo,

539 2347 874 2404 cedentibus
906 2349 1141 2420 imperio
1171 2350 1406 2417 soceris,
1434 2351 1668 2421 Augusti
1704 2351 1970 2407 declarati
2001 2361 2134 2408 sunt

539 2440 798 2500 Galerius
829 2449 997 2512 atque
1023 2441 1388 2500 Constantius
1417 2460 1430 2499 :
1468 2444 1634 2500 etiam
1672 2459 1820 2500 anno
1875 2445 2131 2515 sequenti

544 2537 875 2592 consulatus
935 2537 1176 2609 insignia
1233 2537 1480 2607 gessisse
1535 2537 1948 2594 Constantium.
2008 2538 2134 2595 Fuit

540 2629 716 2702 igitur
745 2629 1056 2687 Constantii
1093 2632 1385 2702 imperium
1440 2632 1605 2688 unius
1634 2634 1762 2688 anui
1794 2642 1850 2688 et
1893 2641 2136 2704 quatuor

539 2722 816 2780 Iliensium
845 2746 856 2778 :
892 2734 1015 2793 post
1052 2739 1193 2794 quos
1224 2731 1447 2780 mortuo
1482 2731 1638 2795 patre
1670 2725 1759 2781 die
1797 2726 1830 2782 8
1858 2725 2134 2782 Kalendas

538 2815 799 2887 Augusti,
837 2817 1113 2887 reliquum
1170 2815 1390 2888 quidem
1445 2824 1685 2888 tempus,
1723 2819 1870 2890 quod
1927 2811 2134 2876 Graecis

538 2908 813 2964 duntaxat
839 2909 1005 2964 unius
1038 2910 1245 2965 mensis
1273 2924 1449 2980 usque
1475 2910 1529 2964 in
1562 2911 1691 2964 anni
1725 2910 1806 2966 sui
1834 2911 1940 2967 Sub
1971 2911 2131 2967 ﬁnem

539 3007 855 3069 supererat,
895 3014 1004 3056 non
1039 2998 1218 3071 potuit
1247 2999 1391 3070 apud
1434 3015 1530 3056 eos
1583 3001 1823 3071 primum
1857 3000 2134 3058 Constan-

541 3091 644 3147 tini
678 3107 884 3148 annum
911 3091 1172 3149 efﬁcere:
1204 3092 1382 3162 potuit
1425 3100 1609 3148 tatnen
1641 3103 1830 3148 eorum
1876 3101 2132 3164 posteros

539 3185 829 3256 ambiguos
865 3185 1098 3242 reddere
1130 3185 1455 3261 Latinorum
1487 3188 1830 3256 supputatio,
1869 3185 1936 3241 ad
1966 3192 2128 3258 quos,

540 3278 726 3334 adhuc
755 3279 998 3350 quinque
1023 3294 1243 3336 menses
1267 3279 1334 3334 ad
1363 3277 1686 3333 Januarium
1719 3286 2130 3344 numeraturos,

538 3379 785 3439 coeperat
833 3371 1237 3427 Constantinus
1281 3371 1576 3442 imperare.
1609 3371 1889 3442 Quidquid
1945 3373 2037 3437 'sil,
2075 3379 2130 3427 et

537 3479 871 3536 quocunque
909 3480 976 3520 ex
1011 3464 1194 3534 capite
1255 3464 1292 3519 ii
1347 3465 1616 3531 errarint,
1672 3465 1765 3533 qui
1803 3462 2128 3536 Theophani

537 3557 751 3614 erroris
779 3558 1052 3614 dederunt
1080 3557 1458 3624 occasionem,
1520 3559 1702 3629 potuit
1737 3559 1855 3628 ipse
1882 3555 2128 3614 errorem

537 3666 838 3723 agnoscere
885 3651 1063 3723 atquel
1115 3653 1416 3724 corrigere,
1461 3667 1588 3707 cum
1643 3653 1709 3707 ad
1754 3653 2128 3709 truculentam

539 3745 692 3801 illam
727 3744 925 3802 famem
955 3745 1379 3802 describendam
1431 3745 1706 3816 pervenit,
1737 3761 1862 3816 qua:
1895 3747 2128 3814 septima

538 3836 842 3894 indictione
893 3837 1218 3894 imminente
1251 3833 1535 3892 Orientem
1582 3834 1798 3902 afflixit,
1853 3851 2132 3906 quamque

536 3946 606 3985 ex
635 3929 807 3986 semei
835 3930 1013 4000 posita
1047 3943 1234 3986 rerum
1264 3932 1365 4001 per
1398 3945 1604 3984 annum
1647 3944 1819 3985 unum
1852 3929 2128 3999 anticipa-

537 4022 692 4078 tione
730 4023 920 4079 retulit
951 4021 1019 4077 ad
1069 4034 1276 4078 annum
1328 4022 1458 4079 524.
1515 4023 1576 4079 Si
1608 4025 1756 4079 enim
1796 4033 1948 4088 tunc,
2001 4039 2129 4078 cum

537 4113 728 4171 habita
761 4122 846 4171 est
906 4115 1130 4172 Nicaena
1161 4116 1430 4189 synodus,
1490 4116 1900 4172 Alexandrinus
1949 4116 2130 4171 solum

535 4207 809 4280 agebatur
835 4209 1014 4265 anima
1048 4208 1154 4265 516
1183 4218 1238 4265 et
1271 4208 1502 4264 indietio
1535 4208 1638 4276 12;
1665 4219 1788 4279 qua:
1826 4215 1950 4280 post
1976 4216 2133 4264 testa-

537 4311 648 4358 tem
683 4302 813 4357 anni
841 4302 1038 4358 iisdem
1065 4301 1458 4359 Alexandrinis
1489 4298 1594 4356 324
1621 4300 1946 4356 imminebat
1984 4300 2130 4356 indi-

536 4396 793 4458 ctio,non
816 4394 1089 4466 potuisset
1117 4393 1224 4450 nisi
1256 4401 1410 4450 scita
1445 4394 1684 4460 censeri,
1709 4389 1955 4464 adeoque
1984 4393 2132 4450 scire

535 4487 720 4558 potuit
758 4499 884 4542 cem
914 4488 1208 4558 septimam
1239 4487 1402 4553 dixit,
1434 4503 1523 4542 res
1554 4503 1674 4559 quae
1720 4487 1869 4542 illam
1920 4493 2129 4559 praece-

2159 3228 2202 3286 C

2237 1987 2478 2043 dictione
2507 1986 2562 2051 6,
2599 1987 2818 2043 occisos
2875 2002 2905 2041 a
2961 1987 3220 2058 Tyra'nno
3269 1985 3457 2042 Phoca
3506 1983 3793 2040 Mauritium

2238 2079 2493 2150 ﬁliosque
2527 2083 2837 2144 narrasset,
2870 2080 3112 2149 primum
3150 2079 3390 2135 Heraclii
3442 2075 3640 2132 anntun
3691 2083 3794 2133 cum

2235 2172 2613 2228 Alexandrino
2635 2171 2741 2228 602
2763 2187 3106 2243 componens
3141 2172 3214 2225 ita
3245 2171 3465 2226 orditur
3493 2187 3506 2224 :
3539 2167 3648 2224 Hoc
3673 2179 3796 2223 anno

2236 2266 2447 2323 mensis
2475 2258 2734 2322 Octobris
2771 2264 2860 2320 die
2895 2266 2950 2332 4‘,
2988 2265 3294 2320 indictione
3325 2262 3713 2329 14,1leraclius
3743 2261 3796 2314 ex

2235 2357 2421 2413 Africa
2488 2359 2702 2430 appulit
2758 2365 2884 2414 eum
2947 2358 3202 2422 navibus,
3239 2365 3408 2427 atque
3454 2355 3528 2409 ita
3571 2369 3636 2408 ex
3692 2358 3796 2406 octo

2236 2450 2434 2506 Phocae
2468 2451 2633 2506 annis
2667 2449 2830 2520 eique
2883 2448 3353 2520 respondentibus
3405 2443 3796 2504 indictio‘uibus,

2237 2559 2404 2599 unam
2442 2544 2607 2600 tollit.
2645 2540 2703 2598 Si
2732 2542 2963 2613 quaeris,
3012 2540 3237 2606 Quam?
3269 2538 3682 2610 reSpondemus,
3710 2533 3797 2587 De-

2235 2638 2462 2705 cimam,
2509 2637 2565 2691 in
2599 2651 2763 2706 quam
2801 2651 2980 2690 anuus
3030 2635 3258 2704 quintus
3310 2632 3508 2687 Phoce:
3553 2627 3796 2688 cadebat;

2235 2745 2359 2785 cum
2409 2744 2558 2784 auito
2597 2727 2846 2797 ejusdem
2883 2735 3087 2797 quarto
3122 2725 3190 2779 de
3241 2723 3517 2778 industria
3559 2717 3796 2775 conflatus

2237 2823 2291 2878 in
2325 2837 2520 2889 unum,
2559 2819 2763 2890 rejeeta
2795 2818 2860 2873 ad
2898 2819 3102 2872 calcem
3135 2815 3259 2883 ejus
3288 2824 3468 2868 morte
3492 2809 3696 2882 Cyriaei
3723 2823 3802 2875 ῃιιο

2235 2913 2517 2978 triarchm,
2572 2927 2739 2982 quam
2801 2912 2954 2966 hunc
3010 2928 3026 2961 ι
3066 2908 3274 2963 obiisse
3327 2905 3407 2960 29
3458 2900 3701 2960 Octobris
3729 2899 3802 2951 die

2236 3003 2490 3065 Sabbati,
2541 3017 2607 3058 ac
2641 3001 2810 3057 funus
2850 3007 3106 3056 curatum
3137 3013 3262 3054 esse
3285 2997 3356 3051 ὅθ
3405 2994 3643 3065 ejusdem
3671 3003 3802 3043 men-

2236 3098 2314 3154 sis
2348 3096 2440 3152 die
2473 3094 2785 3160 Dominica,
2823 3112 2842 3142 ι
2892 3093 3167 3148 habemus
3208 3106 3273 3146 ex
3311 3087 3587 3144 chronico
3631 3079 3801 3154 praedi-

2237 3199 2327 3246 Cto
2353 3207 2367 3244 :
2397 3189 2490 3260 qui
2525 3195 2836 3258 temporum
2873 3185 3232 3240 characteres
3268 3181 3323 3236 in
3377 3193 3584 3236 annum
3624 3175 3799 3230 (lunata¢

2237 3289 2332 3336 xat
2381 3280 2510 3343 599,
2542 3293 2669 3334 tera:
2715 3275 3103 3332 Alettandrlna:
3153 3281 3208 3330 et
3256 3273 3311 3328 in
3361 3272 3438 3327 10
3473 3265 3798 3324 ihdictiducm

2235 3373 2480 3430 cadunt:
2512 3370 2708 3441 reliqui
2739 3376 2924 3424 autem
2956 3374 3070 3423 tres
3099 3366 3228 3421 anni
3255 3359 3481 3428 Phocea,
3507 3359 3585 3415 uti
3607 3365 3658 3412 et
3685 3368 3802 3425 pra-

2233 3467 2497 3522 cedentes
2523 3468 2788 3534 quatuOr,
2815 3461 2897 3516 sic
2927 3461 3074 3516 inter
3098 3473 3158 3515 se
3181 3457 3508 3513 narratione
3532 3452 3800 3512 cohaerent,

2234 3568 2295 3613 ut
2321 3557 2562 3627 interjici
2597 3555 2706 3612 illis
2741 3563 2974 3624 prorsus
3000 3551 3140 3606 nihil
3169 3550 3364 3621 possit.

2309 3650 2399 3706 18.
2439 3647 2582 3717 Quid
2655 3656 2839 3702 autem
2901 3645 3082 3716 coegit
3150 3640 3560 3698 Alexandrinos
3619 3643 3797 3689 annum

2235 3754 2406 3798 unum
2468 3739 2882 3796 dissimulatum
2943 3733 3230 3807 praeterire
3260 3731 3558 3786 manifeste
3611 3719 3800 3779 docebit

2234 3836 2578 3908 praecitatum
2607 3831 2921 3889 Chronicon
2946 3830 3013 3883 ad
3043 3843 3250 3882 annum
3278 3821 3633 3894 imperatoris
3654 3815 3801 3908 Hera--

2234 3905 2327 3984 clii
2381 3927 2620 3998 primum
2672 3925 2826 3980 hisce
2855 3921 3085 3978 verbis:
3129 3939 3148 3972 ι
3189 3921 3236 3974 Α
3284 3919 3524 3988 septimo
3571 3905 3799 3967 Octobris

2233 4019 2533 4092 praesentis
2562 4015 2883 4074 indictionis
2919 4014 2982 4069 l4
3017 4027 3195 4084 usque
3224 4011 3291 4066 ad
3325 4010 3418 4076 l5,
3463 4002 3703 4063 Januarii
3728 4000 3799 4092 in-

2235 4089 2497 4169 dictionis
2535 4110 2809 4182 ejusdem,
2843 4109 3116 4178 scriptum
3141 4113 3225 4161 est
3255 4103 3310 4158 in
3345 4100 3587 4173 publicis
3625 4089 3800 4150 tabulis

2234 4204 2454 4275 imperii
2481 4201 2741 4258 Heraclii.
2769 4201 2838 4256 Et
2869 4216 2898 4254 a
2930 4199 2998 4254 14
3026 4197 3277 4268 ejusdem
3311 4191 3636 4250 indietionis
3673 4184 3800 4255 ejus-

2232 4297 2358 4354 dem
2426 4295 2639 4353 mcnsis
2693 4292 2963 4364 scriptum
3021 4301 3106 4347 est
3165 4289 3221 4343 in
3279 4286 3556 4357 reliquum
3609 4286 3802 4346 tempus

2233 4390 2366 4446 anni
2406 4405 2584 4462 usque
2640 4386 2710 4442 ad
2745 4384 3104 4442 Decembrem
3161 4394 3360 4451 nempe
3410 4364 3798 4467 expletum-15.

2233 4461 2540 4541 indictione
2605 4490 2661 4537 et
2724 4479 3015 4537 consulatu
3107 4473 3355 4547 ejusdem
3425 4461 3799 4541 religiosissimi

536 4552 744 4637 ilebant
774 4552 1129 4638 indictionem
1160 4596 1308 4637 anno
1334 4552 1446 4638 uno
1498 4597 1529 4637 a
1571 4552 1637 4638 se.
1691 4552 2026 4652 anticipari:
2073 4589 2128 4636 et
2159 4584 2203 4640 ι)
2235 4556 2507 4648 principis
2542 4566 2742 4631 nostri.
2783 4581 2802 4626 δ
2857 4552 3050 4640 itaque
3105 4567 3250 4623 unus
3306 4559 3565 4647 idemque
3614 4554 3800 4628 primus

537 4688 747 4728 annum
803 4673 912 4729 2'25
969 4687 1001 4728 a
1033 4684 1093 4729 se
1139 4673 1422 4730 numerari
1462 4675 1742 4740 debuisse,
1783 4684 1841 4728 ut
1905 4671 2130 4728 haberet

535 4773 780 4829 atatem,
808 4781 975 4837 quam
1006 4767 1240 4837 septima
1279 4767 1616 4838 sequebatur
1642 4765 1895 4823 indictio.
1939 4766 2132 4821 Maluit

538 4869 725 4914 tamen
761 4859 972 4930 positos
1001 4861 1174 4916 Semel
1201 4859 1448 4917 calculos
1482 4859 1742 4930 prosequi
1776 4867 1891 4914 toto
1914 4859 2130 4930 reliQuo

533 4953 889 5009 Constantini
954 4960 1006 5009 et
1065 4955 1410 5010 successoris
1467 4952 1782 5008 Constantii
1837 4961 2126 5024 tempore;

534 5053 702 5116 atque
732 5055 792 5100 ut
823 5045 1033 5101 hiatum
1065 5045 1233 5101 unitts
1261 5044 1443 5109 istius,
1476 5042 1606 5098 anni
1638 5041 1857 5097 tandem
1898 5042 2128 5112 Supple-

533 5146 642 5204 ret,
673 5136 879 5194 Juliani
915 5137 1209 5209 imperium
1243 5137 1412 5208 (quod
1450 5153 1618 5192 unum
1661 5143 1866 5190 annum
1900 5143 1955 5192 et
1984 5143 2132 5191 men-

532 5245 625 5286 ses
655 5239 782 5286 octo
817 5246 924 5285 non
951 5230 1164 5302 integre
1192 5227 1454 5301 explevit)
1490 5233 1586 5300 per
1609 5235 1720 5284 tres
1753 5243 1895 5300 pene
1922 5227 2133 5285 solidos

532 5330 714 5380 annos
747 5324 1016 5381 dividere.

605 5417 696 5474 17.
734 5415 852 5474 Hac
883 5418 1048 5476 unius
1089 5417 1220 5474 anni
1253 5417 1322 5473 ad
1353 5415 1560 5474 Juliani
1594 5414 1944 5490 tyrannidem
1973 5414 2130 5484 adje-

533 5504 726 5565 cil‘one
756 5511 812 5566 in
839 5512 983 5566 viam
1012 5511 1721 5585 regressusTheophanes,
1757 5511 1826 5565 ab
1849 5509 2006 5566 initio
2033 5507 2130 5564 Jo-

534 5599 708 5667 viani,
741 5601 795 5657 id
833 5613 920 5659 est
953 5603 1022 5659 ab
1043 5620 1191 5659 anno
1223 5603 1610 5660 Alexandrinae
1639 5606 1764 5678 terte
1806 5601 1934 5666 356.
1969 5599 2130 5671 cujus

533 5693 835 5751 Ianuarius
861 5709 988 5752 cum
1022 5707 1213 5754 nostro
1237 5697 1341 5753 364
1365 5696 1651 5760 coincidit,
1688 5693 1961 5750 inoffenso
1991 5695 2131 5766 pede

537 5784 908 5854 progreditur,
933 5797 990 5842 et
1023 5805 1156 5846 suos
1184 5805 1360 5845 annos
1385 5804 1512 5843 cum
1549 5787 2130 5860 indictionibus(quas

537 5873 754 5948 i'eliquo
785 5882 983 5948 quarto
1015 5892 1063 5935 et
1099 5881 1290 5952 quinto
1326 5881 1528 5942 saeculo
1557 5880 1738 5937 rarius
1771 5881 2000 5948 inditat,
2026 5893 2128 5938 sat-

2233 4669 2473 4726 ilera‘clii
2498 4683 2702 4734 annus,
2731 4666 2789 4723 in
2819 4665 2960 4721 duas
2995 4662 3331 4719 indictiones
3373 4657 3693 4712 distractus,
3721 4657 3803 4742 0C:

2233 4761 2513 4819 casionem
2548 4759 2736 4814 attulit
2760 4758 3001 4829 primum
3036 4753 3274 4810 Heraclii
3307 4757 3514 4806 annum
3547 4733 3801 4801 statuendi

2232 4869 2383 4921 eum,
2441 4854 2537 4925 qui
2588 4867 2784 4908 revera
2837 4849 3000 4906 initia
3059 4846 3182 4916 ejus
3230 4842 3541 4917 praecessit,
3572 4845 3626 4893 et
3675 4835 3802 4887 totus

2231 4949 2433 5006 Pbocae
2455 4948 2783 5006 debebatur.
2814 4945 2932 5002 Hoc
2963 4951 3148 4999 autem
3181 4938 3570 5010 semelpbsito,
3601 4930 3803 5028 necesse

2234 5045 2340 5100 fuit
2395 5044 2464 5100 ab
2500 5045 2591 5107 iis,
2641 5043 2736 5114 qui
2775 5041 2938 5097 talem
2994 5038 3256 5095 tenebant
3305 5033 3584 5094 Ordinem,
3638 5030 3801 5078 omnia

2233 5137 2472 5194 Heraclii
2495 5144 2550 5192 et
2578 5134 2968 5193 suecesso'ritm
2997 5131 3120 5202 ejus
3152 5132 3305 5201 geSta
3330 5126 3397 5181 ad
3418 5131 3584 5178 tinum
3617 5123 3801 5172 annum

2235 5228 2551 5301 anticipari,
2586 5226 2763 5296 magis
2809 5234 2977 5297 Quam
3035 5225 3146 5278 aera
3197 5215 3571 5275 Alexandrina
3619 5209 3804 5301 integre

2235 5299 2525 5379 numerata
2562 5325 2724 5394 passa
2775 5316 3194 5389 fuis'set:quod
3247 5315 3510 5383 deinceps
3563 5318 3731 5375 usque
3758 5299 3804 5353 in

2234 5415 2587 5471 Palaestinam
2629 5413 2943 5468 videbimus
2964 5411 3230 5471 Voluisse,
3259 5408 3423 5463 etiam
3457 5404 3603 5458 circa
3659 5396 3804 5450 ﬁnem

2234 5510 2270 5565 9
2303 5507 2519 5574 saeculi,
2573 5505 2788 5562 scilicet
2830 5505 2885 5559 in
2918 5499 3320 5559 ecclesiasticis
3353 5491 3662 5572 scriptqris.
3698 5495 3805 5553 (Ιηπ

2235 5619 2358 5661 sese
2392 5616 2516 5656 aera).
2544 5597 2938 5655 Alexandrina:
2970 5594 3273 5666 aptabant;
3306 5602 3470 5662 quam
3530 5576 3805 5678 Theophae

2236 5711 2336 5751 nes
2382 5700 2573 5764 utpote
2631 5689 2940 5746 monachus
2971 5701 3234 5758 sequens,
3262 5689 3316 5741 et
3343 5678 3561 5736 tandem
3601 5667 3804 5729 exorbi-

2235 5789 2467 5844 tantiatn
2501 5787 2668 5843 istaut
2700 5783 2788 5840 vel
2817 5782 3268 5837 animadvertens
3312 5775 3548 5846 primum
3576 5765 3653 5820 vel
3693 5772 3802 5846 corf

2237 5885 2418 5956 rigore
2463 5883 2658 5942 volens
2711 5880 2766 5936 iu
2803 5893 2902 5935 sua
2954 5869 3417 5945 clironographia,
3466 5845 3798 5919 Cwnstantlnl
