4088 6428
418 371 556 435 1177

413 578 758 636 dissimulata
801 591 1020 631 rursum
1053 571 1625 644 indictionefipsique
1648 572 2001 644 C0pronymo

416 673 603 745 (quem
667 685 814 725 anno
875 669 1247 724 Alexandrino
1313 667 1490 730 7681
1547 667 1637 722 die
1677 667 1744 721 M
1795 667 2002 722 mensis

417 763 806 839 Septembris,
863 762 1164 818 indictione
1221 763 1290 817 M
1338 771 1615 816 mortuum
1685 775 1809 816 esse
1866 759 2002 814 dicit

417 868 710 933 postquam
749 858 819 912 ab
865 856 1020 912 obitu
1079 855 1253 927 patris
1300 856 1625 924 imperasset
1683 869 1861 908 annos
1909 852 2000 918 54,

418 966 641 1008 menses
671 949 728 1016 2,
752 949 870 1005 dies
889 947 1004 1018 26),
1037 967 1056 1000 ι
1092 957 1234 1003 totos
1261 946 1331 1002 55
1359 962 1535 1002 annos
1571 945 1793 1016 reliquit
1818 962 1834 1011 ;
1867 960 2004 1016 quo-

418 1046 568 1101 niam
600 1044 656 1098 in
702 1057 849 1098 anno
890 1040 1268 1095 Alexandrino
1298 1040 1402 1094 755
1434 1047 1653 1110 propter
1712 1052 1899 1093 rerum
1951 1044 2005 1089 et

420 1137 784 1194 indictionum
815 1132 1268 1204 anticipationem
1295 1131 1408 1201 jam
1442 1130 1667 1197 dictam,
1697 1129 2002 1184 constitue-

423 1239 513 1287 rat
558 1227 888 1301 principium
932 1225 1147 1296 imperii
1179 1224 1248 1278 ab
1291 1227 1375 1284 eoi
1416 1223 1683 1294 suscepti,
1723 1239 1743 1273 ‹
1795 1221 2002 1276 mensis

421 1321 574 1378 Junii
608 1320 695 1376 die
722 1319 794 1374 27
822 1317 889 1374 ad
921 1318 1305 1386 insequentem
1334 1315 1692 1371 indictionem
1730 1313 1794 1368 10
1831 1312 2004 1383 perti-

425 1426 610 1478 nente,
649 1432 666 1465 ι
708 1427 831 1466 cum
870 1411 1191 1480 insequens,
1223 1409 1430 1463 dictum
1468 1407 1611 1462 diem
1643 1406 1868 1462 indictio
1897 1421 2004 1459 nu-

422 1509 626 1572 merari
662 1508 876 1561 tantum
905 1503 1186 1560 debuisset
1243 1502 1297 1567 9,
1356 1500 1462 1554 nisi
1511 1515 1608 1569 per
1667 1498 1998 1552 indietio‘nes

420 1601 600 1670 primo
637 1597 868 1652 lieraclii
898 1611 1042 1651 anno
1079 1595 1404 1665 geminatas,
1435 1605 1605 1645 unum
1647 1605 1850 1644 annum
1897 1601 2004 1642 aera

423 1689 788 1745 Alexandrina
818 1688 1119 1746 amisisset.

497 1784 582 1838 l9.
618 1781 743 1836 “rec
773 1791 952 1837 autem
980 1781 1236 1852 quamvis
1269 1779 1342 1833 ita
1381 1776 1559 1831 solido
1588 1775 1820 1831 deducta
1872 1773 2001 1829 sub-

1439 367 1612 427 GOD.
1645 366 2126 429 HENSCHENII
2168 359 2692 433 DlSSERT’ATIO'.

413 484 752 557 (.Zopronymi
783 496 989 538 annum
1040 481 1403 552 penultimum
1453 479 1716 534 distraxit
1749 480 1803 534 in
1836 483 1997 542 duos,
2033 489 2074 542 A
2106 484 2334 553 septima
2358 528 2374 553 ,

3553 377 3692 444 1173

2453 486 2542 541 die
2608 484 2873 553 Sabbati,
2931 484 3238 557 Augustam
3302 494 3685 551 renuntiavit:

2111 579 2363 649 s’equ'enti
2397 596 2529 635 vero
2560 583 2701 649 luce,
2727 598 2848 653 qua:
2883 583 3089 654 Aprilis
3125 587 3371 641 secunda
3407 587 3532 652 fuit,
3573 587 3692 645 dies

2109 676 2368 731 nimirum
2403 677 2690 734 Dominica
2722 681 2906 736 sancti
2945 680 3259 748 Paschatis,
3298 684 3501 741 liberos
3530 701 3596 740 ex
3628 701 3691 741 ea

2110 769 2249 826 duos
2297 772 2540 828 Caesares
2592 773 2915 830 declaravit.
2979 760 3104 833 lianc
3148 779 3294 833 enim
3330 787 3440 833 tam
3484 780 3692 834 diserte

2110 863 2331 934 signant
2381 879 2585 918 annum
2641 867 2886 934 vulgaris
2933 885 3056 924 aerae
3110 861 3247 935 769,
3290 879 3350 924 ut
3403 873 3693 926 manifesto

2110 959 2372 1025 appareat
2400 957 2524 1027 quis
2556 959 2817 1012 octennio
2853 955 3074 1030 dempto
3129 961 3352 1017 deberet
3381 963 3685 1016 secundum

2112 1041 2539 1104 Alexandrinam
2609 1051 2939 1122 exsurgere,
2997 1054 3253 1124 quamvis
3329 1054 3694 1124 Theophanes

2111 1154 2315 1194 annum
2349 1138 2453 1194 760
2492 1145 2787 1209 notaverit,
2830 1144 2992 1210 paulo
3038 1153 3164 1214 post
3215 1145 3282 1198 ad
3317 1147 3693 1216 aequalitatem

2110 1239 2378 1287 venturus
2419 1239 2755 1303 temporum.
2808 1236 3116 1304 penultimo
3148 1235 3482 1308 Copronymi
3518 1251 3691 1299 anno.

2113 1330 2173 1378 ut
2203 1323 2410 1378 dictum
2434 1332 2542 1388 est,
2579 1325 2633 1378 in
2663 1325 2804 1380 duos
2833 1326 3031 1382 diviso.
3061 1326 3216 1393 Quod
3248 1327 3429 1382 autem
3460 1321 3696 1383 Alexan-

2113 1415 2274 1471 drina
2310 1432 2418 1471 tera
2474 1418 2762 1472 utentibus
2807 1417 3013 1488 passim
3063 1422 3376 1473 communis
3418 1419 3586 1475 fuerit
3628 1434 3697 1474 eo

2113 1516 2358 1582 tempore
2415 1526 2478 1565 ac
2532 1511 2626 1565 diu
2681 1510 2849 1567 etiam
2889 1519 3017 1582 post
3065 1495 3481 1582 Theophanem,
3532 1528 3694 1582 quem

2113 1603 2230 1674 ipse
2259 1604 2438 1656 tehuit
2469 1604 2829 1672 computandi
2865 1603 3083 1676 modus,
3115 1604 3240 1658 vide
3264 1591 3335 1656 ‘20
3360 1589 3536 1656 tim-ui
3573 1618 3699 1672 pro-

2113 1697 2299 1752 batum
2356 1695 2412 1749 in
2472 1687 2810 1768 martyribus
2872 1698 3132 1760 Sabaitis.
3194 1713 3431 1769 quorum
3480 1712 3698 1752 cernvus

2113 1790 2355 1861 scriptor
2375 1789 2478 1845 nisi
2509 1790 2590 1845 sic
2621 1807 2798 1845 annos
2828 1802 3178 1846 numerasset
3210 1789 3264 1846 et
3289 1805 3494 1844 annum
3523 1805 3694 1843 unum

421 1875 647 1939 sistant,
675 1880 732 1928 ut
766 1873 914 1929 clara
949 1873 1059 1928 sint
1091 1882 1389 1940 utrumque
1423 1868 1714 1924 terminum
1749 1866 2003 1921 conside-
2037 1849 2079 1906 Β
2105 1899 2173 1938 εχ
2203 1849 2353 1938 ,ἦστε
2394 1885 2676 1939 οωξςῖεεει
2711 1892 3048 1954 computare,
3093 1889 3204 1940 non
3244 1883 3516 1954 pomissel
3555 1882 3694 1936 seri.

421 1967 700 2029 tantibus,
753 1980 956 2020 annum
985 1963 1201 2018 scilicet
1231 1961 1426 2015 Phocea
1454 1961 1686 2030 primum
1717 1969 1770 2021 et
1800 1959 2006 2029 Copro-

2109 1976 2239 2031 bere
2278 1991 2374 2032 eos
2407 1986 2635 2032 mortem
2667 1978 2969 2046 Oppetiisse
2998 1993 3142 2031 anno
3178 1976 3246 2031 a'h
3291 1977 3426 2030 orbe
3464 1973 3696 2027 condito

420 2057 578 2150 uymi’
601 2056 876 2122 ultimum,
909 2056 1060 2110 lubet
1105 2065 1285 2108 tamen
1308 2053 1471 2108 etiam
1505 2052 1770 2122 exemplis
1791 2067 1859 2106 ex
1889 2052 2008 2122 ipso

2122 2084 2216 2122 mo
2268 2083 2577 2123 CCLXXXVIII
2611 2084 2641 2123 a
2672 2069 2875 2123 Christi
2925 2069 3310 2123 incarnatione
3359 2065 3497 2127 788,
3544 2064 3695 2118 indi-

421 2144 758 2222 Theophane
810 2147 1198 2219 comprobare,
1252 2153 1368 2200 toto
1423 2145 1516 2199 illo
1574 2158 1846 2197 annorum
1879 2144 2007 2202 ,175

418 2245 598 2314 spatio
625 2241 980 2298 hebdomade:
1012 2239 1197 2303 ferias,
1239 2254 1362 2294 cum
1408 2237 1577 2292 certis
1603 2237 1809 2291 mensis
1839 2237 2010 2292 alicu-

418 2337 513 2407 jus
545 2333 739 2390 diebus
770 2333 852 2392 sic
879 2333 1212 2403 comparari,
1241 2340 1321 2397 ut,
1353 2331 1460 2386 nisi
1500 2331 1567 2384 ad
1599 2345 1804 2383 annum
1840 2330 1907 2384 ab
1945 2346 2012 2384 eo

421 2436 771 2485 numeratum
831 2426 1060 2495 adjicias
1116 2439 1295 2478 annos
1331 2438 1550 2484 novem,
1599 2434 1883 2490 nunquam
1935 2422 2013 2477 sis

418 2536 612 2576 verum
654 2519 896 2590 vulgaris
921 2533 1044 2573 terre
1074 2532 1280 2572 antrum
1317 2515 1606 2570 habiturus
1639 2514 1723 2567 vel
1761 2515 1812 2567 in
1842 2511 2016 2568 Theo-

423 2616 606 2686 phane
656 2613 739 2668 vel
773 2613 829 2667 in
882 2611 991 2666 alio
1030 2611 1304 2679 scripture
1353 2608 1586 2663 similem
1629 2606 2012 2662 chronotaxim

422 2714 667 2762 tenente.
715 2704 877 2758 Anno
933 2704 1105 2774 igitur
1150 2699 1522 2756 Alexandrino
1569 2699 1674 2752 615
1700 2699 1784 2753 sic
1819 2697 2014 2752 scribit

421 2797 832 2868 Theophanes:
868 2816 886 2848 ι
912 2795 1026 2850 Hoc
1057 2809 1224 2858 anno,
1246 2792 1570 2856 indictione,
1608 2790 1674 2843 10
1709 2789 2014 2855 lleraclius,

420 2901 645 2963 peracta
683 2905 873 2947 mense
903 2889 1072 2958 Aprili
1117 2887 1205 2941 die
1231 2886 1264 2940 4
1291 2883 1634 2940 solemnitate
1668 2881 2015 2937 PaSchali....

421 2985 484 3042 in
544 2984 826 3040 Persidem
864 2981 1142 3054 perrexit:
1183 2999 1202 3032 ι
1253 2979 1345 3048 qui
1399 2977 1686 3032 character
1738 2974 2019 3030 Paschalis

425 3080 486 3136 in
532 3079 564 3134 ι
621 3077 854 3149 Aprilis,
891 3075 958 3131 10
991 3074 1293 3129 indictione
1333 3070 1605 3132 cadentis,
1642 3085 1766 3124 cum
1808 3083 2014 3123 annum
2068 3134 2087 3147 θ

422 3171 672 3242 vulgaris
704 3185 829 3224 atrae
863 3167 972 3222 69.2
1007 3167 1208 3238 signet,
1245 3165 1458 3218 clarum
1489 3171 1575 3218 est
1599 3163 1647 3216 ei
1680 3161 1940 3216 debuisse
1964 3160 2017 3212 in

423 3263 796 3320 Alexandrina
831 3275 943 3316 atra
1002 3256 1335 3328 respondere
1363 3270 1567 3309 anmnn
1610 3253 1715 3308 6M
1760 3252 1866 3306 nisi
1917 3264 2014 3304 an-

423 3367 536 3412 nus
571 3365 736 3420 unus;
768 3362 825 3408 ut
861 3350 1130 3414 diximus,
1161 3347 1475 3402 excidisset.
1523 3344 1717 3399 Simile
1747 3343 1878 3413 quid
1917 3340 2016 3394 ha-

424 3449 528 3505 bes
556 3447 763 3516 saepius
813 3441 1220 3515 posterioribus
1271 3438 1461 3494 annis:
1513 3435 1609 3492 sed
1663 3442 1722 3487 nt
1774 3431 2012 3488 lleraclii

427 3539 773 3610 temporibus
842 3536 1244 3599 immorentur,
1318 3531 1618 3600 ju‘ngamus
1697 3524 2015 3594 Theophani

424 3615 762 3688 Ghronicum
803 3626 1171 3698 prae-italum,
1200 3630 1254 3678 et
1286 3621 1469 3676 statim
1504 3619 1686 3688 primo
1727 3616 1861 3672 dicti
1913 3618 2016 3669 im-

427 3722 704 3796 peratoris
733 3734 878 3774 anno
910 3718 1177 3774 habemus
1211 3733 1229 3768 ι
1270 3712 1630 3784 Epiphaniam
1651 3708 1801 3765 Julio
1829 3723 2018 3765 mense

425 3815 622 3872 eadem
663 3811 990 3872 indictione,
1035 3827 1054 3861 ι
1087 3807 1178 3879 (14
1209 3812 1270 3861 ut
1297 3802 1610 3875 praefertur,
1647 3800 1752 3856 etsi
1793 3814 1892 3868 per
1917 3813 2020 3852 no-

430 3922 557 3961 vain
587 3902 1036 3961 constitutionem
1067 3901 1369 3970 imperator
1393 3910 1423 3950 a
1456 3895 1522 3948 11
1551 3891 1800 3948 Januarii
1830 3891 2022 3946 volue—

433 4000 508 4056 rit
532 3998 598 4053 15
624 3995 980 4052 indictionem
1020 3990 1316 4060 nominari)
1353 4007 1371 4040 ι
1409 4003 1473 4042 ex
1505 3985 1748 4040 Eudocia
1778 3990 2016 4038 natamzi

434 4093 624 4162 idque,-
654 4098 715 4143 ut
744 4089 822 4142 ait
853 4085 1168 4142 Chronicou
1203 4103 1221 4135 ‹
1270 4083 1360 4137 die
1402 4079 1612 4135 mensis
1644 4077 1899 4147 septimo,
1941 4074 2022 4130 fe-

436 4186 520 4240 ria
558 4181 612 4236 ιι
645 4201 663 4235 ι
693 4179 858 4249 Atqui
896 4178 1024 4232 talis
1051 4176 1169 4232 dies
1197 4185 1252 4231 et
1282 4173 1422 4229 feria
1453 4171 1659 4227 cadunt
1713 4170 1766 4222 in
1815 4181 2022 4221 annum

438 4275 682 4346 vulgaris
731 4287 856 4328 serae
910 4270 1037 4334 611,
1097 4266 1486 4325 Alexandrina:
1534 4261 1678 4316 605:
1716 4261 1806 4314 hic
1864 4259 2025 4328 igitur

437 4384 565 4424 cum
627 4381 727 4420 sua
782 4365 850 4418 M
901 4361 1206 4417 indictione
1260 4358 1473 4427 primus
1527 4353 1781 4407 Heraclio
1845 4365 2024 4405 annus

440 4464 497 4516 in
530 4459 761 4530 imperio
815 4456 937 4522 fuit,
967 4452 1219 4526 quamvis
1245 4449 1612 4519 TheOphanes
1654 4459 1861 4498 annum
1918 4441 2026 4498 602

440 4551 736 4609 notaverit.

510 4643 602 4700 20.
625 4641 778 4698 Adde
794 4655 861 4696 ex
885 4635 1282 4710 posterioribus
1315 4632 1475 4687 annis
1500 4627 1772 4698 exempla,
1801 4634 1935 4697 puta
1961 4640 2026 4680 ex

445 4739 573 4802 732,
605 4737 709 4792 sub
760 4732 918 4802 cujus
955 4730 1198 4794 initium,
1249 4745 1269 4778 ‹
1298 4739 1490 4782 mense
1524 4720 1778 4778 Octobris
1815 4719 1903 4773 die
1934 4717 2027 4784 9.6,

443 4830 752 4886 ludictione
785 4825 839 4890 9,
873 4825 1007 4881 feria
1035 4823 1092 4890 4,
1119 4832 1280 4876 terra:
1323 4826 1505 4872 motus
1534 4816 1726 4886 ingens
1755 4813 2031 4868 Constan-

447 4925 677 4995 tinopoli
719 4921 994 4990 contigit:
1045 4937 1063 4970 ‹
1128 4919 1319 4986 utique
1363 4928 1487 4969 cum
1525 4925 1627 4964 nos
1665 4907 1916 4978 proximo
1939 4903 2037 4960 Ja--

445 5019 645 5074 nuario
675 5013 990 5071 inchoaturi
1021 5023 1271 5065 essemus
1298 5019 1508 5060 annuat
1542 5002 1669 5066 7U,
1702 5013 1866 5069 atque
1895 4998 2033 5052 adeo

449 5110 574 5172 755,
605 5107 888 5164 numerari
929 5105 998 5160 ab
1036 5099 1426 5158 Alexandrinis
1454 5096 1761 5153 debuisset.
1788 5092 1920 5146 item
1956 5106 2023 5144 ex

448 5218 596 5258 anno
635 5200 762 5263 755,
809 5214 920 5270 quo
979 5216 996 5249 ›
1033 5210 1222 5250 mense
1275 5191 1482 5261 Aprilis
1534 5189 1624 5244 die
1666 5187 1754 5251 16,
1812 5184 1944 5240 feria
1979 5183 2030 5246 5,

449 5295 609 5350 Valid
650 5292 886 5348 Arabum
918 5292 1031 5344 dux
1079 5303 1307 5342 suorum
1342 5284 1581 5339 factione
1611 5280 1865 5337 sublatus
1905 5292 2032 5331 nar«

451 5397 648 5442 ratur:
715 5405 735 5436 ς
773 5383 863 5437 ubi
897 5388 1124 5452 apparet
1167 5395 1234 5434 ex
1269 5378 1655 5432 characterum
1709 5370 2035 5427 collectione

449 5494 657 5534 annum
692 5476 796 5531 ’156
845 5474 1051 5546 signari
1105 5471 1386 5532 debuisse,
1421 5467 1525 5523 nisi
1559 5480 1692 5521 suos
1720 5461 2035 5532 principites

451 5571 696 5629 calculos
725 5573 950 5624 secutus
985 5563 1350 5631 TheOphanes
1385 5559 1599 5614 fuisset.
1645 5554 1891 5624 Denique
1922 5553 2037 5607 cla-

452 5663 696 5720 rissimis
745 5659 890 5715 notis
939 5656 1239 5727 insignitur
1282 5669 1483 5711 annus.
1539 5667 1646 5720 quo
1682 5649 2040 5718 «Imperator

451 5757 859 5826 Copronymus,
890 5751 1055 5804 trium
1089 5762 1319 5801 uxorum
1356 5746 1458 5810 vir,
1492 5743 1782 5798 Eudociam
1819 5739 2036 5794 tertiam

453 5849 749 5921 coniugem
805 5843 1008 5914 Aprilis
1065 5840 1274 5896 mensis
1339 5838 1426 5894 die
1477 5838 1678 5910 primo,
1736 5831 2038 5888 indictione

2111 2157 2291 2214 ctione
2313 2159 2367 2226 5,
2401 2174 2526 2214 cum
2563 2160 2756 2229 quinta
2793 2160 3024 2215 indictio
3057 2174 3263 2214 annum
3301 2165 3551 2211 nostrum
3591 2154 3695 2208 797

2113 2253 2313 2321 signet,
2356 2261 2411 2307 et
2442 2253 2587 2306 hunc
2625 2253 2804 2322 ipsum
2840 2252 3037 2322 probet
3079 2262 3297 2320 tempus
3342 2248 3534 2301 mortis
3564 2245 3699 2300 vici-

2114 2343 2409 2400 nissimum
2443 2344 2729 2412 Paschati,
2767 2346 2822 2399 in
2849 2345 2922 2398 25
2949 2343 3128 2397 Martii
3156 2338 3400 2406 cadenti,
3430 2341 3577 2410 quod
3603 2337 3699 2392 alii

2113 2453 2178 2493 ex
2213 2436 2542 2508 propinquis
2578 2436 2741 2491 annis
2779 2435 2916 2489 nulli
2953 2433 3234 2490 convenit.

2736 2545 2966 2602 CAPUT
3003 2543 3091 2600 IV.

2115 2659 2356 2714 Herarlii
2394 2659 2733 2724 imperatoris
2776 2657 3144 2717 cltronolaris,
3187 2654 3395 2707 duobus
3447 2650 3698 2724 armisin

2187 2746 2349 2783 unum
2394 2722 2640 2798 con/Iutis
2699 2739 2747 2780 et
2804 2729 2986 2798 altera,
3019 2728 3072 2778 in
3129 2727 3279 2798 duos
3310 2725 3568 2798 distracto
3619 2722 3704 2798 iu-

2190 2801 2409 2863 tricata,
2456 2790 2734 2853 euoluitur.
2790 2797 3149 2852 Indictiouum
3194 2794 3289 2849 sub
3339 2793 3518 2848 eodem
3561 2790 3702 2844 ratio

2185 2872 2512 2939 explicatur.

2190 2983 2280 3039 21.
2316 2983 2434 3051 Quo
2467 2991 2715 3054 tempore
2746 2979 3258 3052 Chrouographiam
3285 2993 3439 3031 suam
3479 2971 3706 3043 scripsit

2120 3075 2488 3146 Theophanes
2520 3116 2534 3138 ,
2594 3075 2969 3146 patriarcham
3022 3069 3702 3139 Constantinopolitanum

2123 3177 2350 3223 sanctus
2388 3166 2730 3237 Nicephorus
2767 3165 2961 3227 tenuit,
3022 3163 3182 3232 cujus
3234 3163 3404 3216 vitam
3450 3158 3708 3214 dedimus

2122 3262 2192 3317 M
2223 3261 2410 3315 Martii
2447 3277 2459 3314 :
2518 3262 2610 3330 qui
2643 3269 2697 3314 et
2743 3259 2857 3329 ipse
2887 3257 3222 3312 breviarium
3253 3253 3590 3320 COIlSCI'ipSil
3622 3267 3710 3306 re-

2117 3368 2237 3408 rum
2272 3362 2395 3423 post
2424 3350 2664 3405 Mauritii
2698 3363 2927 3404 mortem
2961 3357 3238 3419 gestarum
3266 3363 3278 3398 ε
3319 3344 3464 3415 quod
3493 3344 3710 3399 Graico-

2117 3446 2310 3500 Latine
2346 3444 2610 3500 habemus
2644 3443 2851 3498 editum
2885 3457 3010 3495 cum
3047 3439 3414 3494 eruditissimi
3446 3438 3548 3490 viri
3585 3435 3710 3490 Dio-

2119 3536 2263 3606 nysii
2317 3533 2522 3587 Petavii
2593 3530 3004 3599 chronologicis
3059 3528 3230 3583 notis.
3300 3525 3505 3579 Harum
3565 3524 3708 3578 bona

2119 3641 2247 3696 pars
2278 3641 2344 3679 eo
2367 3632 2604 3694 spectat,
2644 3632 2702 3676 ut
2725 3622 3055 3677 ostendatur
3085 3619 3327 3674 l-Ieraclii
3364 3616 3710 3686 imperatoris

2119 3731 2325 3772 annum
2361 3715 2598 3786 primum
2649 3712 2824 3768 fuisse
2882 3725 3089 3766 annum
3141 3707 3389 3778 vulgaris
3436 3721 3560 3760 aera“,
3581 3704 3704 3768 611.

2120 3807 2268 3880 quod
2295 3815 2349 3863 et
2382 3821 2482 3862 nos
2511 3806 2912 3876 amplectimur,
2958 3815 3300 3872 prorsusque
3348 3798 3710 3852 conﬁrmatur

2121 3917 2188 3958 ex
2233 3909 2431 3960 morte,
2468 3913 2634 3968 quam
2670 3903 2795 3966 post
2844 3894 3063 3967 imperii
3114 3906 3291 3946 annos
3346 3889 3594 3957 triginta,
3656 3895 3709 3942 et

2123 4007 2346 4048 menses
2380 3992 2593 4060 aliquot
2629 3989 2834 4044 obiisse
2861 3987 3041 4052 illum,
3075 3995 3228 4054 :rqu‘e
3252 3982 3621 4052 Theophanes
3648 3994 3713 4033 ac

2124 4083 2467 4153 Nieephorus
2520 4081 2794 4137 scribunt.
2847 4076 2996 4132 Obiit
3054 4084 3236 4129 autem
3283 4071 3590 4131 Heraclius,
3655 4077 3714 4121 ut

2126 4175 2204 4229 ait
2236 4173 2349 4239 ille,
2382 4187 2573 4226 mense
2601 4170 2781 4224 Martii
2818 4168 3122 4222 indictione
3158 4164 3245 4227 14,
3282 4163 3530 4230 adeoque
3568 4173 3714 4212 anno

2127 4265 2252 4328 6H,
2296 4264 2391 4334 qui
2434 4261 2814 4317 Alexandrino
2843 4259 2947 4313 655
2981 4256 3368 4326 responderet,
3423 4252 3529 4306 nisi
3587 4250 3715 4303 huic

2126 4369 2268 4419 terra,
2301 4369 2366 4407 ea
2399 4366 2507 4421 qua
2548 4350 2790 4404 diximus
2825 4349 3066 4413 ratione,
3103 4361 3286 4400 annus
3336 4358 3477 4396 unus
3523 4341 3717 4396 fuisset

2129 4447 2366 4502 ablatus.
2402 4442 2513 4498 Nec
2549 4443 2706 4497 aliter
2738 4456 2902 4510 quam
2933 4439 3001 4493 ab
3045 4439 3154 4492 isto
3202 4435 3474 4506 principio
3519 4447 3716 4486 nume-

2057 4543 2101 4597 D
2131 4541 2242 4594 rari
2265 4539 2464 4597 solitos
2491 4551 2666 4590 annos
2695 4532 2957 4597 lleraelii,
2999 4531 3216 4601 probari
3241 4529 3405 4583 etiam
3439 4533 3620 4596 potest
3651 4540 3716 4579 ex
3765 4559 3770 4563 -

2133 4618 2642 4687 sancti'Anastasii
2706 4624 2889 4679 Persa:
2928 4623 3087 4687 actis,
3149 4623 3215 4674 ad
3265 4623 3334 4673 22
3374 4617 3617 4672 Januarii
3653 4631 3718 4670 ex

2133 4732 2349 4780 Vetusta
2381 4719 2842 4790 interpretatione
2872 4715 3070 4770 Latina
3105 4713 3291 4778 editis,
3338 4713 3430 4767 ubi
3473 4712 3522 4765 is
3575 4723 3723 4762 mar-

2131 4817 2333 4888 tyrium
2363 4819 2557 4884 passus
2579 4812 2782 4866 dicitur
2828 4828 2848 4861 ‹
2879 4822 3022 4862 anno
3057 4806 3278 4860 decimo
3318 4813 3514 4858 octavo
3547 4802 3722 4869 impe-

2133 4909 2201 4962 rii
2243 4905 2479 4962 Heraclii
2531 4899 2774 4959 Piissimi
2826 4900 3181 4972 imperatoris
3208 4906 3265 4954 et
3304 4893 3524 4953 decimo
3563 4900 3724 4949 sexto

2132 5000 2482 5056 Constantini
2542 4998 2664 5067 ejus
2721 4996 2841 5050 lilii.
2875 5015 2893 5046 ι
2946 4994 3082 5048 Nam
3145 4993 3190 5048 si
3244 4988 3534 5062 geminatis
3581 4986 3724 5040 intra

2135 5109 2302 5148 unum
2330 5107 2536 5147 annum
2571 5088 2972 5143 indictionibus
3015 5085 3161 5140 idem
3207 5098 3388 5137 annus
3415 5081 3582 5134 etiam
3624 5090 3727 5146 pro

2135 5187 2353 5240 duobus
2404 5185 2599 5238 fuisset
2632 5180 2887 5236 Heraclio
2921 5180 3224 5248 imputatus
3278 5175 3331 5227 in
3367 5171 3607 5243 publicis
3647 5177 3729 5222 ta-

2135 5278 2304 5343 bulis,
2331 5279 2457 5331 etsi
2497 5284 2620 5345 post
2644 5275 2710 5328 15
2733 5271 2981 5328 Januarii
3011 5269 3140 5323 anni
3165 5267 3292 5330 611,
3323 5275 3383 5318 ιιι
3412 5271 3593 5332 coepta
3627 5259 3732 5314 fuit

2137 5366 2310 5420 scribi
2339 5365 2407 5418 15
2436 5363 2687 5428 indictio,
2721 5361 2802 5417 sic
2833 5361 3001 5415 etiam
3047 5357 3290 5425 scriptus
3328 5351 3521 5406 fuisset
3553 5363 3730 5402 annus

2139 5458 2378 5514 Ileraclii
2437 5457 2494 5522 2,
2531 5471 2712 5510 annus
2763 5459 2903 5523 quo‘
2949 5464 3150 5520 passus
3216 5453 3302 5501 est
3362 5441 3728 5504 Anastasius,

2137 5566 2414 5623 quemque
2448 5565 2516 5604 ex
2582 5549 2874 5618 ipsiusmet
2912 5540 3152 5596 lieraelii
3189 5537 3419 5608 cpistola
3455 5535 3732 5588 Constan-

2140 5644 2424 5712 tinopolim
2449 5643 2656 5711 scripta
2680 5639 2746 5693 de
2776 5638 2942 5692 rebus
2970 5651 3000 5688 a
3034 5649 3094 5688 se
3125 5640 3316 5686 contra
3357 5628 3655 5681 (Jhosroem
3676 5628 3732 5676 et

2140 5753 2267 5793 cum
2322 5735 2496 5808 Syroe
2535 5733 2706 5804 gestis
2738 5770 2753 5796 ,
2825 5734 3049 5784 constat
3111 5723 3312 5778 festum
3369 5718 3726 5775 Peutecostes

2147 5805 2377 5885 ltiti-aii
2407 5826 2680 5892 retulisse,
2722 5829 2777 5880 et
2831 5821 2866 5876 5
2907 5817 3111 5891 Aprilis
3159 5813 3422 5871 habuisse
3475 5805 3724 5864 Domini-
