  <div class='ocr_page' id='page_1' title='image "/cluster/home/n/w/nwhite01/storage/ocr_20150623/108/coo.31924054870120/596.png"; bbox 0 0 4088 6466; ppageno 0'>
   <div class='ocr_carea' id='block_1_1' title="bbox 400 402 532 468">
    <p class='ocr_par' dir='ltr' id='par_1_1' title="bbox 400 402 532 468">
     <span class='ocr_line' id='line_1_1' title="bbox 400 402 532 468; baseline 0 0"><span class='ocrx_word' id='word_1_1' title='bbox 400 402 532 468; x_wconf 77' lang='grc'><strong>1181</strong></span> 
     </span>
    </p>
   </div>
   <div class='ocr_carea' id='block_1_2' title="bbox 1422 386 2692 472">
    <p class='ocr_par' dir='ltr' id='par_1_2' title="bbox 1422 386 2692 472">
     <span class='ocr_line' id='line_1_2' title="bbox 1422 386 2692 472; baseline 0.002 -4"><span class='ocrx_word' id='word_1_2' title='bbox 1422 405 1595 468; x_wconf 79' lang='lat' dir='ltr'><strong>con.</strong></span> <span class='ocrx_word' id='word_1_3' title='bbox 1642 388 2122 468; x_wconf 78' lang='lat' dir='ltr'><strong>HENSCHENII</strong></span> <span class='ocrx_word' id='word_1_4' title='bbox 2165 386 2692 472; x_wconf 72' lang='lat' dir='ltr'><strong>DisSERTATIO.</strong></span> 
     </span>
    </p>
   </div>
   <div class='ocr_carea' id='block_1_3' title="bbox 3566 401 3703 466">
    <p class='ocr_par' dir='ltr' id='par_1_3' title="bbox 3566 401 3703 466">
     <span class='ocr_line' id='line_1_3' title="bbox 3566 401 3703 466; baseline 0 0"><span class='ocrx_word' id='word_1_5' title='bbox 3566 401 3703 466; x_wconf 73' lang='grc'><strong>1189.</strong></span> 
     </span>
    </p>
   </div>
   <div class='ocr_carea' id='block_1_4' title="bbox 401 511 3697 594">
    <p class='ocr_par' dir='ltr' id='par_1_4' title="bbox 401 511 3697 594">
     <span class='ocr_line' id='line_1_4' title="bbox 401 511 3697 594; baseline -0.002 -21"><span class='ocrx_word' id='word_1_6' title='bbox 401 518 536 589; x_wconf 89' lang='lat' dir='ltr'><strong>quid</strong></span> <span class='ocrx_word' id='word_1_7' title='bbox 567 533 632 572; x_wconf 91' lang='lat' dir='ltr'><strong>eo</strong></span> <span class='ocrx_word' id='word_1_8' title='bbox 689 533 835 574; x_wconf 90' lang='lat' dir='ltr'><strong>anno</strong></span> <span class='ocrx_word' id='word_1_9' title='bbox 891 513 1124 590; x_wconf 72' lang='lat' dir='ltr'><strong>coeperit</strong></span> <span class='ocrx_word' id='word_1_10' title='bbox 1175 518 1320 576; x_wconf 73' lang='lat' dir='ltr'><strong>inter</strong></span> <span class='ocrx_word' id='word_1_11' title='bbox 1380 520 1728 591; x_wconf 85' lang='lat' dir='ltr'><strong>psallendum</strong></span> <span class='ocrx_word' id='word_1_12' title='bbox 1787 517 2074 576; x_wconf 61' lang='lat' dir='ltr'><strong>servari];</strong></span> <span class='ocrx_word' id='word_1_13' title='bbox 2105 519 2297 591; x_wconf 73' lang='grc' dir='ltr'><strong>Πάσχα</strong></span> <span class='ocrx_word' id='word_1_14' title='bbox 2331 537 2525 593; x_wconf 66' lang='lat' dir='ltr'><strong>[inagna</strong></span> <span class='ocrx_word' id='word_1_15' title='bbox 2578 519 2826 594; x_wconf 86' lang='lat' dir='ltr'><strong>paschali</strong></span> <span class='ocrx_word' id='word_1_16' title='bbox 2865 518 3218 576; x_wconf 86' lang='lat' dir='ltr'><strong>solemnitate</strong></span> <span class='ocrx_word' id='word_1_17' title='bbox 3263 513 3398 571; x_wconf 82' lang='lat' dir='ltr'><strong>feria</strong></span> <span class='ocrx_word' id='word_1_18' title='bbox 3445 513 3499 569; x_wconf 79' lang='grc'><strong>4.</strong></span> <span class='ocrx_word' id='word_1_19' title='bbox 3544 535 3562 566; x_wconf 77' lang='grc' dir='ltr'><strong><em>ι</em></strong></span> <span class='ocrx_word' id='word_1_20' title='bbox 3619 511 3697 566; x_wconf 85' lang='lat' dir='ltr'><strong>Ita</strong></span> 
     </span>
    </p>
   </div>
   <div class='ocr_carea' id='block_1_5' title="bbox 404 609 1987 680">
    <p class='ocr_par' dir='ltr' id='par_1_5' title="bbox 404 609 1987 680">
     <span class='ocr_line' id='line_1_5' title="bbox 404 609 1987 680; baseline 0 -18"><span class='ocrx_word' id='word_1_21' title='bbox 404 629 423 662; x_wconf 74' lang='grc' dir='ltr'>ι</span> <span class='ocrx_word' id='word_1_22' title='bbox 469 626 501 666; x_wconf 89' lang='lat' dir='ltr'><strong>a</strong></span> <span class='ocrx_word' id='word_1_23' title='bbox 535 611 709 680; x_wconf 89' lang='lat' dir='ltr'><strong>prima</strong></span> <span class='ocrx_word' id='word_1_24' title='bbox 752 610 1101 679; x_wconf 80' lang='lat' dir='ltr'><strong>Jejuniorum</strong></span> <span class='ocrx_word' id='word_1_25' title='bbox 1152 609 1493 666; x_wconf 82' lang='lat' dir='ltr'><strong>hebdomade</strong></span> <span class='ocrx_word' id='word_1_26' title='bbox 1537 609 1843 666; x_wconf 91' lang='lat' dir='ltr'><strong>indictione</strong></span> <span class='ocrx_word' id='word_1_27' title='bbox 1872 610 1927 665; x_wconf 75' lang='grc'><strong>4.</strong></span> <span class='ocrx_word' id='word_1_28' title='bbox 1968 627 1987 662; x_wconf 78' lang='grc' dir='ltr'><strong><em>ι</em></strong></span> 
     </span>
    </p>
   </div>
   <div class='ocr_carea' id='block_1_6' title="bbox 391 700 1998 775">
    <p class='ocr_par' dir='ltr' id='par_1_6' title="bbox 391 700 1998 775">
     <span class='ocr_line' id='line_1_6' title="bbox 391 700 1998 775; baseline 0 -19"><span class='ocrx_word' id='word_1_29' title='bbox 391 700 593 769; x_wconf 84' lang='lat' dir='ltr'><strong>Quid?</strong></span> <span class='ocrx_word' id='word_1_30' title='bbox 626 718 694 756; x_wconf 88' lang='lat' dir='ltr'><strong>an</strong></span> <span class='ocrx_word' id='word_1_31' title='bbox 723 701 836 772; x_wconf 80' lang='lat' dir='ltr'><strong>jam</strong></span> <span class='ocrx_word' id='word_1_32' title='bbox 868 711 981 756; x_wconf 90' lang='lat' dir='ltr'><strong>tum</strong></span> <span class='ocrx_word' id='word_1_33' title='bbox 1012 717 1138 758; x_wconf 91' lang='lat' dir='ltr'><strong>cum</strong></span> <span class='ocrx_word' id='word_1_34' title='bbox 1183 703 1342 758; x_wconf 91' lang='lat' dir='ltr'><strong>initio</strong></span> <span class='ocrx_word' id='word_1_35' title='bbox 1374 702 1556 760; x_wconf 77' lang='lat' dir='ltr'><strong>Martii</strong></span> <span class='ocrx_word' id='word_1_36' title='bbox 1589 701 1826 775; x_wconf 79' lang='lat' dir='ltr'><strong>(Pascha</strong></span> <span class='ocrx_word' id='word_1_37' title='bbox 1850 703 1998 757; x_wconf 82' lang='lat' dir='ltr'><strong>enim</strong></span> 
     </span>
    </p>
   </div>
   <div class='ocr_carea' id='block_1_7' title="bbox 398 795 2004 867">
    <p class='ocr_par' dir='ltr' id='par_1_7' title="bbox 398 795 2004 867">
     <span class='ocr_line' id='line_1_7' title="bbox 398 795 2004 867; baseline -0.001 -15"><span class='ocrx_word' id='word_1_38' title='bbox 398 796 472 852; x_wconf 73' lang='lat'><strong>20</strong></span> <span class='ocrx_word' id='word_1_39' title='bbox 519 795 723 866; x_wconf 86' lang='lat' dir='ltr'><strong>Aprilis</strong></span> <span class='ocrx_word' id='word_1_40' title='bbox 765 795 1222 867; x_wconf 75' lang='lat' dir='ltr'><strong>exspectabatur)</strong></span> <span class='ocrx_word' id='word_1_41' title='bbox 1269 799 1487 867; x_wconf 88' lang='lat' dir='ltr'><strong>incepta</strong></span> <span class='ocrx_word' id='word_1_42' title='bbox 1530 805 1652 852; x_wconf 86' lang='lat' dir='ltr'><strong>erat</strong></span> <span class='ocrx_word' id='word_1_43' title='bbox 1684 811 1828 852; x_wconf 82' lang='lat' dir='ltr'><strong>nova</strong></span> <span class='ocrx_word' id='word_1_44' title='bbox 1865 796 2004 850; x_wconf 60' lang='lat' dir='ltr'><strong>indie</strong></span> 
     </span>
    </p>
   </div>
   <div class='ocr_carea' id='block_1_8' title="bbox 400 888 2001 958">
    <p class='ocr_par' dir='ltr' id='par_1_8' title="bbox 400 888 2001 958">
     <span class='ocr_line' id='line_1_8' title="bbox 400 888 2001 958; baseline -0.001 -14"><span class='ocrx_word' id='word_1_45' title='bbox 400 891 535 956; x_wconf 92' lang='lat' dir='ltr'><strong>ctio,</strong></span> <span class='ocrx_word' id='word_1_46' title='bbox 597 896 652 944; x_wconf 91' lang='lat' dir='ltr'><strong>et</strong></span> <span class='ocrx_word' id='word_1_47' title='bbox 703 904 840 958; x_wconf 83' lang='lat' dir='ltr'><strong>pene</strong></span> <span class='ocrx_word' id='word_1_48' title='bbox 889 893 1091 944; x_wconf 88' lang='lat' dir='ltr'><strong>iterum</strong></span> <span class='ocrx_word' id='word_1_49' title='bbox 1151 888 1485 944; x_wconf 84' lang='lat' dir='ltr'><strong>indietiones</strong></span> <span class='ocrx_word' id='word_1_50' title='bbox 1533 890 1658 945; x_wconf 73' lang='lat' dir='ltr'><strong>dua:</strong></span> <span class='ocrx_word' id='word_1_51' title='bbox 1726 891 1783 944; x_wconf 77' lang='lat' dir='ltr'><strong>in</strong></span> <span class='ocrx_word' id='word_1_52' title='bbox 1833 903 2001 943; x_wconf 70' lang='lat' dir='ltr'><strong>unum</strong></span> 
     </span>
    </p>
   </div>
   <div class='ocr_carea' id='block_1_9' title="bbox 404 980 2005 1053">
    <p class='ocr_par' dir='ltr' id='par_1_9' title="bbox 404 980 2005 1053">
     <span class='ocr_line' id='line_1_9' title="bbox 404 980 2005 1053; baseline 0.002 -21"><span class='ocrx_word' id='word_1_53' title='bbox 404 995 612 1034; x_wconf 88' lang='lat' dir='ltr'><strong>annum</strong></span> <span class='ocrx_word' id='word_1_54' title='bbox 647 983 1146 1049; x_wconf 87' lang='lat' dir='ltr'><strong>compingebantur</strong></span> <span class='ocrx_word' id='word_1_55' title='bbox 1175 981 1198 1035; x_wconf 89' lang='lat'><strong>?</strong></span> <span class='ocrx_word' id='word_1_56' title='bbox 1246 982 1435 1038; x_wconf 84' lang='lat' dir='ltr'><strong>Potius</strong></span> <span class='ocrx_word' id='word_1_57' title='bbox 1480 983 1770 1053; x_wconf 84' lang='lat' dir='ltr'><strong>scriptoris</strong></span> <span class='ocrx_word' id='word_1_58' title='bbox 1805 980 2005 1036; x_wconf 80' lang='lat' dir='ltr'><strong>mendo</strong></span> 
     </span>
    </p>
   </div>
   <div class='ocr_carea' id='block_1_10' title="bbox 404 1060 2007 1142">
    <p class='ocr_par' dir='ltr' id='par_1_10' title="bbox 404 1060 2007 1142">
     <span class='ocr_line' id='line_1_10' title="bbox 404 1060 2007 1142; baseline -0.001 -15"><span class='ocrx_word' id='word_1_59' title='bbox 404 1072 439 1127; x_wconf 72' lang='grc'><strong>4</strong></span> <span class='ocrx_word' id='word_1_60' title='bbox 477 1087 570 1142; x_wconf 92' lang='lat' dir='ltr'><strong>pro</strong></span> <span class='ocrx_word' id='word_1_61' title='bbox 606 1071 695 1125; x_wconf 82' lang='grc'><strong>111</strong></span> <span class='ocrx_word' id='word_1_62' title='bbox 759 1060 1052 1142; x_wconf 85' lang='lat' dir='ltr'><strong>irrepsisse</strong></span> <span class='ocrx_word' id='word_1_63' title='bbox 1094 1073 1435 1128; x_wconf 83' lang='lat' dir='ltr'><strong>credemus?</strong></span> <span class='ocrx_word' id='word_1_64' title='bbox 1483 1075 1562 1128; x_wconf 81' lang='lat' dir='ltr'><strong>Ita</strong></span> <span class='ocrx_word' id='word_1_65' title='bbox 1591 1081 1738 1128; x_wconf 90' lang='lat' dir='ltr'><strong>certe</strong></span> <span class='ocrx_word' id='word_1_66' title='bbox 1771 1071 2007 1128; x_wconf 80' lang='lat' dir='ltr'><strong>suadent</strong></span> 
     </span>
    </p>
   </div>
   <div class='ocr_carea' id='block_1_11' title="bbox 406 1164 2001 1234">
    <p class='ocr_par' dir='ltr' id='par_1_11' title="bbox 406 1164 2001 1234">
     <span class='ocr_line' id='line_1_11' title="bbox 406 1164 2001 1234; baseline -0.003 -16"><span class='ocrx_word' id='word_1_67' title='bbox 406 1179 680 1218; x_wconf 88' lang='lat' dir='ltr'><strong>annorum</strong></span> <span class='ocrx_word' id='word_1_68' title='bbox 720 1164 1093 1233; x_wconf 87' lang='lat' dir='ltr'><strong>posteriorum</strong></span> <span class='ocrx_word' id='word_1_69' title='bbox 1137 1164 1411 1234; x_wconf 75' lang='lat' dir='ltr'><strong>exempla,</strong></span> <span class='ocrx_word' id='word_1_70' title='bbox 1447 1164 1658 1218; x_wconf 84' lang='lat' dir='ltr'><strong>nullum</strong></span> <span class='ocrx_word' id='word_1_71' title='bbox 1697 1178 1809 1217; x_wconf 90' lang='lat' dir='ltr'><strong>non</strong></span> <span class='ocrx_word' id='word_1_72' title='bbox 1852 1177 2001 1216; x_wconf 83' lang='lat' dir='ltr'><strong>meu-</strong></span> 
     </span>
    </p>
   </div>
   <div class='ocr_carea' id='block_1_12' title="bbox 409 1255 2011 1328">
    <p class='ocr_par' dir='ltr' id='par_1_12' title="bbox 409 1255 2011 1328">
     <span class='ocr_line' id='line_1_12' title="bbox 409 1255 2011 1328; baseline -0.002 -16"><span class='ocrx_word' id='word_1_73' title='bbox 409 1274 528 1312; x_wconf 89' lang='lat' dir='ltr'><strong>sem</strong></span> <span class='ocrx_word' id='word_1_74' title='bbox 577 1258 888 1328; x_wconf 89' lang='lat' dir='ltr'><strong>Septembri</strong></span> <span class='ocrx_word' id='word_1_75' title='bbox 922 1259 1167 1328; x_wconf 85' lang='lat' dir='ltr'><strong>priorem</strong></span> <span class='ocrx_word' id='word_1_76' title='bbox 1195 1256 1265 1311; x_wconf 91' lang='lat' dir='ltr'><strong>ad</strong></span> <span class='ocrx_word' id='word_1_77' title='bbox 1303 1257 1556 1314; x_wconf 81' lang='lat' dir='ltr'><strong>eamdem</strong></span> <span class='ocrx_word' id='word_1_78' title='bbox 1598 1257 1890 1312; x_wconf 80' lang='lat' dir='ltr'><strong>referentia</strong></span> <span class='ocrx_word' id='word_1_79' title='bbox 1925 1255 2011 1309; x_wconf 80' lang='lat' dir='ltr'><strong>in-</strong></span> 
     </span>
    </p>
   </div>
   <div class='ocr_carea' id='block_1_13' title="bbox 411 1350 1793 1423">
    <p class='ocr_par' dir='ltr' id='par_1_13' title="bbox 411 1350 1793 1423">
     <span class='ocr_line' id='line_1_13' title="bbox 411 1350 1793 1423; baseline -0.003 -17"><span class='ocrx_word' id='word_1_80' title='bbox 411 1351 744 1415; x_wconf 88' lang='lat' dir='ltr'><strong>dictionem,</strong></span> <span class='ocrx_word' id='word_1_81' title='bbox 785 1367 892 1420; x_wconf 88' lang='lat' dir='ltr'><strong>qua</strong></span> <span class='ocrx_word' id='word_1_82' title='bbox 925 1367 1105 1407; x_wconf 85' lang='lat' dir='ltr'><strong>annus</strong></span> <span class='ocrx_word' id='word_1_83' title='bbox 1138 1350 1491 1423; x_wconf 84' lang='lat' dir='ltr'><strong>imperatoris</strong></span> <span class='ocrx_word' id='word_1_84' title='bbox 1519 1351 1793 1420; x_wconf 78' lang='lat' dir='ltr'><strong>signatur.</strong></span> 
     </span>
    </p>
   </div>
   <div class='ocr_carea' id='block_1_14' title="bbox 481 1439 2010 1514">
    <p class='ocr_par' dir='ltr' id='par_1_14' title="bbox 481 1439 2010 1514">
     <span class='ocr_line' id='line_1_14' title="bbox 481 1439 2010 1514; baseline -0.001 -18"><span class='ocrx_word' id='word_1_85' title='bbox 481 1441 573 1497; x_wconf 72' lang='grc'><strong>26.</strong></span> <span class='ocrx_word' id='word_1_86' title='bbox 603 1442 716 1498; x_wconf 89' lang='lat' dir='ltr'><strong>Iloc</strong></span> <span class='ocrx_word' id='word_1_87' title='bbox 747 1444 915 1513; x_wconf 78' lang='lat' dir='ltr'><strong>igitur</strong></span> <span class='ocrx_word' id='word_1_88' title='bbox 937 1443 1206 1514; x_wconf 70' lang='lat' dir='ltr'><strong>przeeitati</strong></span> <span class='ocrx_word' id='word_1_89' title='bbox 1247 1441 1500 1496; x_wconf 88' lang='lat' dir='ltr'><strong>chronici</strong></span> <span class='ocrx_word' id='word_1_90' title='bbox 1534 1440 1734 1494; x_wconf 85' lang='lat' dir='ltr'><strong>mendo</strong></span> <span class='ocrx_word' id='word_1_91' title='bbox 1764 1439 2010 1494; x_wconf 84' lang='lat' dir='ltr'><strong>admisso</strong></span> 
     </span>
    </p>
   </div>
   <div class='ocr_carea' id='block_1_15' title="bbox 409 1529 2014 1605">
    <p class='ocr_par' dir='ltr' id='par_1_15' title="bbox 409 1529 2014 1605">
     <span class='ocr_line' id='line_1_15' title="bbox 409 1529 2014 1605; baseline -0.004 -15"><span class='ocrx_word' id='word_1_92' title='bbox 409 1543 795 1605; x_wconf 69' lang='lat' dir='ltr'><strong>correctoque,</strong></span> <span class='ocrx_word' id='word_1_93' title='bbox 831 1535 941 1589; x_wconf 86' lang='lat' dir='ltr'><strong>diei</strong></span> <span class='ocrx_word' id='word_1_94' title='bbox 986 1543 1190 1604; x_wconf 85' lang='lat' dir='ltr'><strong>potest,</strong></span> <span class='ocrx_word' id='word_1_95' title='bbox 1236 1533 1399 1588; x_wconf 87' lang='lat' dir='ltr'><strong>ter&#39;tio</strong></span> <span class='ocrx_word' id='word_1_96' title='bbox 1433 1547 1556 1604; x_wconf 70' lang='lat' dir='ltr'><strong>posr</strong></span> <span class='ocrx_word' id='word_1_97' title='bbox 1596 1529 1834 1585; x_wconf 85' lang='lat' dir='ltr'><strong>Heraclii</strong></span> <span class='ocrx_word' id='word_1_98' title='bbox 1879 1544 2014 1584; x_wconf 80' lang='lat' dir='ltr'><strong>con-</strong></span> 
     </span>
    </p>
   </div>
   <div class='ocr_carea' id='block_1_16' title="bbox 410 1623 2010 1697">
    <p class='ocr_par' dir='ltr' id='par_1_16' title="bbox 410 1623 2010 1697">
     <span class='ocr_line' id='line_1_16' title="bbox 410 1623 2010 1697; baseline -0.006 -13"><span class='ocrx_word' id='word_1_99' title='bbox 410 1629 657 1684; x_wconf 77' lang='lat' dir='ltr'><strong>sulatum</strong></span> <span class='ocrx_word' id='word_1_100' title='bbox 687 1644 834 1684; x_wconf 90' lang='lat' dir='ltr'><strong>anno</strong></span> <span class='ocrx_word' id='word_1_101' title='bbox 852 1629 1034 1684; x_wconf 88' lang='lat' dir='ltr'><strong>adhuc</strong></span> <span class='ocrx_word' id='word_1_102' title='bbox 1068 1636 1326 1682; x_wconf 85' lang='lat' dir='ltr'><strong>currente</strong></span> <span class='ocrx_word' id='word_1_103' title='bbox 1357 1641 1530 1697; x_wconf 88' lang='lat' dir='ltr'><strong>usque</strong></span> <span class='ocrx_word' id='word_1_104' title='bbox 1558 1625 1623 1679; x_wconf 86' lang='lat' dir='ltr'><strong>ad</strong></span> <span class='ocrx_word' id='word_1_105' title='bbox 1658 1623 2010 1688; x_wconf 68' lang='lat' dir='ltr'><strong>Ianuarium,</strong></span> 
     </span>
    </p>
   </div>
   <div class='ocr_carea' id='block_1_17' title="bbox 412 1717 2009 1790">
    <p class='ocr_par' dir='ltr' id='par_1_17' title="bbox 412 1717 2009 1790">
     <span class='ocr_line' id='line_1_17' title="bbox 412 1717 2009 1790; baseline -0.004 -12"><span class='ocrx_word' id='word_1_106' title='bbox 412 1723 600 1778; x_wconf 89' lang='lat' dir='ltr'><strong>denuo</strong></span> <span class='ocrx_word' id='word_1_107' title='bbox 635 1723 870 1790; x_wconf 88' lang='lat' dir='ltr'><strong>coepisse</strong></span> <span class='ocrx_word' id='word_1_108' title='bbox 920 1722 1254 1777; x_wconf 87' lang='lat' dir='ltr'><strong>indictiones</strong></span> <span class='ocrx_word' id='word_1_109' title='bbox 1285 1738 1314 1775; x_wconf 90' lang='lat' dir='ltr'><strong>a</strong></span> <span class='ocrx_word' id='word_1_110' title='bbox 1355 1719 1666 1790; x_wconf 74' lang='lat' dir='ltr'><strong>Septembri</strong></span> <span class='ocrx_word' id='word_1_111' title='bbox 1708 1717 2009 1773; x_wconf 88' lang='lat' dir='ltr'><strong>numerari.</strong></span> 
     </span>
    </p>
   </div>
   <div class='ocr_carea' id='block_1_18' title="bbox 410 1810 2011 1884">
    <p class='ocr_par' dir='ltr' id='par_1_18' title="bbox 410 1810 2011 1884">
     <span class='ocr_line' id='line_1_18' title="bbox 410 1810 2011 1884; baseline -0.006 -14"><span class='ocrx_word' id='word_1_112' title='bbox 410 1813 579 1870; x_wconf 85' lang='lat' dir='ltr'><strong>Certe</strong></span> <span class='ocrx_word' id='word_1_113' title='bbox 609 1828 805 1884; x_wconf 66' lang='lat' dir='ltr'><strong>praeter</strong></span> <span class='ocrx_word' id='word_1_114' title='bbox 843 1815 956 1884; x_wconf 86' lang='lat' dir='ltr'><strong>jam</strong></span> <span class='ocrx_word' id='word_1_115' title='bbox 993 1815 1202 1868; x_wconf 89' lang='lat' dir='ltr'><strong>dictum</strong></span> <span class='ocrx_word' id='word_1_116' title='bbox 1242 1815 1445 1874; x_wconf 88' lang='lat' dir='ltr'><strong>locum,</strong></span> <span class='ocrx_word' id='word_1_117' title='bbox 1485 1827 1644 1881; x_wconf 84' lang='lat' dir='ltr'><strong>quem</strong></span> <span class='ocrx_word' id='word_1_118' title='bbox 1687 1810 2011 1865; x_wconf 88' lang='lat' dir='ltr'><strong>mendosum</strong></span> 
     </span>
    </p>
   </div>
   <div class='ocr_carea' id='block_1_19' title="bbox 411 1903 2013 1978">
    <p class='ocr_par' dir='ltr' id='par_1_19' title="bbox 411 1903 2013 1978">
     <span class='ocr_line' id='line_1_19' title="bbox 411 1903 2013 1978; baseline -0.004 -14"><span class='ocrx_word' id='word_1_119' title='bbox 411 1923 539 1964; x_wconf 88' lang='lat' dir='ltr'><strong>esse</strong></span> <span class='ocrx_word' id='word_1_120' title='bbox 567 1907 936 1978; x_wconf 81' lang='lat' dir='ltr'><strong>suspicamur,</strong></span> <span class='ocrx_word' id='word_1_121' title='bbox 970 1907 1105 1961; x_wconf 86' lang='lat' dir='ltr'><strong>nihil</strong></span> <span class='ocrx_word' id='word_1_122' title='bbox 1133 1915 1310 1978; x_wconf 81' lang='lat' dir='ltr'><strong>petest</strong></span> <span class='ocrx_word' id='word_1_123' title='bbox 1342 1903 1548 1972; x_wconf 77' lang='lat' dir='ltr'><strong>aﬂ&#39;erri,</strong></span> <span class='ocrx_word' id='word_1_124' title='bbox 1590 1919 1702 1974; x_wconf 68' lang='lat' dir='ltr'><strong>quo</strong></span> <span class='ocrx_word' id='word_1_125' title='bbox 1734 1904 2013 1959; x_wconf 75' lang='lat' dir='ltr'><strong>sustineas</strong></span> 
     </span>
    </p>
   </div>
   <div class='ocr_carea' id='block_1_20' title="bbox 411 1995 2015 2056">
    <p class='ocr_par' dir='ltr' id='par_1_20' title="bbox 411 1995 2015 2056">
     <span class='ocr_line' id='line_1_20' title="bbox 411 1995 2015 2056; baseline -0.006 0"><span class='ocrx_word' id='word_1_126' title='bbox 411 2001 565 2056; x_wconf 78' lang='lat' dir='ltr'><strong>u&#39;ltra</strong></span> <span class='ocrx_word' id='word_1_127' title='bbox 597 2015 722 2055; x_wconf 92' lang='lat' dir='ltr'><strong>eum</strong></span> <span class='ocrx_word' id='word_1_128' title='bbox 764 2015 970 2053; x_wconf 84' lang='lat' dir='ltr'><strong>annum</strong></span> <span class='ocrx_word' id='word_1_129' title='bbox 1017 1998 1192 2055; x_wconf 79' lang='lat' dir='ltr'><strong>fuisse</strong></span> <span class='ocrx_word' id='word_1_130' title='bbox 1237 1998 1504 2052; x_wconf 79' lang='lat' dir='ltr'><strong>Januario</strong></span> <span class='ocrx_word' id='word_1_131' title='bbox 1556 1997 1880 2050; x_wconf 73' lang='lat' dir='ltr'><strong>attributum</strong></span> <span class='ocrx_word' id='word_1_132' title='bbox 1934 1995 2015 2048; x_wconf 88' lang='lat' dir='ltr'><strong>iu-</strong></span> 
     </span>
    </p>
   </div>
   <div class='ocr_carea' id='block_1_21' title="bbox 415 2091 2017 2166">
    <p class='ocr_par' dir='ltr' id='par_1_21' title="bbox 415 2091 2017 2166">
     <span class='ocr_line' id='line_1_21' title="bbox 415 2091 2017 2166; baseline -0.002 -18"><span class='ocrx_word' id='word_1_133' title='bbox 415 2094 680 2149; x_wconf 89' lang='lat' dir='ltr'><strong>dietionis</strong></span> <span class='ocrx_word' id='word_1_134' title='bbox 729 2094 1071 2149; x_wconf 73' lang='lat' dir='ltr'><strong>exordium:</strong></span> <span class='ocrx_word' id='word_1_135' title='bbox 1116 2095 1291 2148; x_wconf 91' lang='lat' dir='ltr'><strong>multo</strong></span> <span class='ocrx_word' id='word_1_136' title='bbox 1341 2092 1548 2166; x_wconf 81' lang='lat' dir='ltr'><strong>minus,</strong></span> <span class='ocrx_word' id='word_1_137' title='bbox 1602 2091 1770 2146; x_wconf 85' lang='lat' dir='ltr'><strong>etiam</strong></span> <span class='ocrx_word' id='word_1_138' title='bbox 1824 2104 2017 2145; x_wconf 82' lang='lat' dir='ltr'><strong>mense</strong></span> 
     </span>
    </p>
   </div>
   <div class='ocr_carea' id='block_1_22' title="bbox 413 2177 2019 2256">
    <p class='ocr_par' dir='ltr' id='par_1_22' title="bbox 413 2177 2019 2256">
     <span class='ocr_line' id='line_1_22' title="bbox 413 2177 2019 2256; baseline -0.006 -14"><span class='ocrx_word' id='word_1_139' title='bbox 413 2185 619 2242; x_wconf 78' lang='lat' dir='ltr'><strong>Martio</strong></span> <span class='ocrx_word' id='word_1_140' title='bbox 644 2185 942 2256; x_wconf 88' lang='lat' dir='ltr'><strong>aliquando</strong></span> <span class='ocrx_word' id='word_1_141' title='bbox 972 2186 1119 2241; x_wconf 84' lang='lat' dir='ltr'><strong>illam</strong></span> <span class='ocrx_word' id='word_1_142' title='bbox 1148 2185 1466 2240; x_wconf 84' lang='lat' dir='ltr'><strong>inchoatam</strong></span> <span class='ocrx_word' id='word_1_143' title='bbox 1501 2183 1694 2238; x_wconf 83' lang='lat' dir='ltr'><strong>fuisse.</strong></span> <span class='ocrx_word' id='word_1_144' title='bbox 1727 2177 1866 2236; x_wconf 87' lang='lat' dir='ltr'><strong>Nam</strong></span> <span class='ocrx_word' id='word_1_145' title='bbox 1891 2181 2019 2235; x_wconf 89' lang='lat' dir='ltr'><strong>licet</strong></span> 
     </span>
    </p>
   </div>
   <div class='ocr_carea' id='block_1_23' title="bbox 413 2259 2020 2350">
    <p class='ocr_par' dir='ltr' id='par_1_23' title="bbox 413 2259 2020 2350">
     <span class='ocr_line' id='line_1_23' title="bbox 413 2259 2020 2350; baseline -0.003 -18"><span class='ocrx_word' id='word_1_146' title='bbox 413 2281 590 2337; x_wconf 72' lang='lat' dir='ltr'><strong>rerba</strong></span> <span class='ocrx_word' id='word_1_147' title='bbox 619 2279 856 2336; x_wconf 90' lang='lat' dir='ltr'><strong>Heraclii</strong></span> <span class='ocrx_word' id='word_1_148' title='bbox 893 2281 946 2334; x_wconf 91' lang='lat' dir='ltr'><strong>in</strong></span> <span class='ocrx_word' id='word_1_149' title='bbox 985 2281 1217 2350; x_wconf 89' lang='lat' dir='ltr'><strong>epistola</strong></span> <span class='ocrx_word' id='word_1_150' title='bbox 1254 2293 1402 2334; x_wconf 89' lang='lat' dir='ltr'><strong>anno</strong></span> <span class='ocrx_word' id='word_1_151' title='bbox 1452 2272 1557 2334; x_wconf 70' lang='lat'><strong>628</strong></span> <span class='ocrx_word' id='word_1_152' title='bbox 1601 2277 1808 2347; x_wconf 87' lang='lat' dir='ltr'><strong>scripta</strong></span> <span class='ocrx_word' id='word_1_153' title='bbox 1843 2277 1909 2346; x_wconf 79' lang='grc' dir='ltr'><strong>τῇ</strong></span> <span class='ocrx_word' id='word_1_154' title='bbox 1939 2259 2020 2328; x_wconf 74' lang='grc' dir='ltr'><strong>κδ’</strong></span> 
     </span>
    </p>
   </div>
   <div class='ocr_carea' id='block_1_24' title="bbox 410 2356 2020 2444">
    <p class='ocr_par' dir='ltr' id='par_1_24' title="bbox 410 2356 2020 2444">
     <span class='ocr_line' id='line_1_24' title="bbox 410 2356 2020 2444; baseline -0.001 -23"><span class='ocrx_word' id='word_1_155' title='bbox 410 2370 514 2424; x_wconf 79' lang='grc' dir='ltr'><strong>τοῦ</strong></span> <span class='ocrx_word' id='word_1_156' title='bbox 546 2371 906 2444; x_wconf 77' lang='grc' dir='ltr'><strong>παρελθόντος</strong></span> <span class='ocrx_word' id='word_1_157' title='bbox 937 2356 1363 2442; x_wconf 58' lang='grc' dir='ltr'><strong>Φευϐρουαρίουί</strong></span> <span class='ocrx_word' id='word_1_158' title='bbox 1400 2370 1494 2440; x_wconf 68' lang='grc' dir='ltr'><strong>πῆς</strong></span> <span class='ocrx_word' id='word_1_159' title='bbox 1515 2368 1875 2439; x_wconf 75' lang='grc' dir='ltr'><strong>ἐνισταμένης</strong></span> <span class='ocrx_word' id='word_1_160' title='bbox 1899 2368 2020 2419; x_wconf 80' lang='grc' dir='ltr'><strong>ὲπι-</strong></span> 
     </span>
    </p>
   </div>
   <div class='ocr_carea' id='block_1_25' title="bbox 414 2461 2020 2534">
    <p class='ocr_par' dir='ltr' id='par_1_25' title="bbox 414 2461 2020 2534">
     <span class='ocr_line' id='line_1_25' title="bbox 414 2461 2020 2534; baseline -0.002 -16"><span class='ocrx_word' id='word_1_161' title='bbox 414 2465 730 2534; x_wconf 64' lang='grc' dir='ltr'><strong>νεμήσεως,</strong></span> <span class='ocrx_word' id='word_1_162' title='bbox 750 2463 1026 2534; x_wconf 84' lang='lat' dir='ltr'><strong>interpres</strong></span> <span class='ocrx_word' id='word_1_163' title='bbox 1045 2463 1294 2529; x_wconf 87' lang='lat' dir='ltr'><strong>verterit,</strong></span> <span class='ocrx_word' id='word_1_164' title='bbox 1317 2473 1333 2514; x_wconf 67' lang='grc' dir='ltr'><em>α</em></span> <span class='ocrx_word' id='word_1_165' title='bbox 1354 2463 1425 2516; x_wconf 69' lang='grc'><strong>24</strong></span> <span class='ocrx_word' id='word_1_166' title='bbox 1448 2462 1731 2518; x_wconf 84' lang='lat' dir='ltr'><strong>Februarii</strong></span> <span class='ocrx_word' id='word_1_167' title='bbox 1762 2461 2020 2533; x_wconf 65' lang='lat' dir='ltr'><strong>praeteriti</strong></span> 
     </span>
    </p>
   </div>
   <div class='ocr_carea' id='block_1_26' title="bbox 417 2554 2023 2626">
    <p class='ocr_par' dir='ltr' id='par_1_26' title="bbox 417 2554 2023 2626">
     <span class='ocr_line' id='line_1_26' title="bbox 417 2554 2023 2626; baseline -0.001 -17"><span class='ocrx_word' id='word_1_168' title='bbox 417 2556 656 2621; x_wconf 83' lang='lat' dir='ltr'><strong>mensis,</strong></span> <span class='ocrx_word' id='word_1_169' title='bbox 690 2557 935 2611; x_wconf 88' lang='lat' dir='ltr'><strong>instante</strong></span> <span class='ocrx_word' id='word_1_170' title='bbox 972 2554 1085 2626; x_wconf 87' lang='lat' dir='ltr'><strong>jam</strong></span> <span class='ocrx_word' id='word_1_171' title='bbox 1115 2555 1294 2626; x_wconf 89' lang='lat' dir='ltr'><strong>prima</strong></span> <span class='ocrx_word' id='word_1_172' title='bbox 1327 2555 1652 2622; x_wconf 87' lang='lat' dir='ltr'><strong>indictione,</strong></span> <span class='ocrx_word' id='word_1_173' title='bbox 1687 2574 1706 2609; x_wconf 76' lang='grc' dir='ltr'><strong><em>ι</em></strong></span> <span class='ocrx_word' id='word_1_174' title='bbox 1746 2555 1903 2624; x_wconf 86' lang='lat' dir='ltr'><strong>quasi</strong></span> <span class='ocrx_word' id='word_1_175' title='bbox 1923 2554 2023 2609; x_wconf 88' lang='lat' dir='ltr'><strong>ad-</strong></span> 
     </span>
    </p>
   </div>
   <div class='ocr_carea' id='block_1_27' title="bbox 418 2648 2023 2720">
    <p class='ocr_par' dir='ltr' id='par_1_27' title="bbox 418 2648 2023 2720">
     <span class='ocr_line' id='line_1_27' title="bbox 418 2648 2023 2720; baseline -0.003 -15"><span class='ocrx_word' id='word_1_176' title='bbox 418 2651 536 2706; x_wconf 85' lang='lat' dir='ltr'><strong>huc</strong></span> <span class='ocrx_word' id='word_1_177' title='bbox 577 2649 767 2706; x_wconf 79' lang='lat' dir='ltr'><strong>futura</strong></span> <span class='ocrx_word' id='word_1_178' title='bbox 818 2657 969 2706; x_wconf 83' lang='lat' dir='ltr'><strong>eSSet</strong></span> <span class='ocrx_word' id='word_1_179' title='bbox 1023 2648 1276 2715; x_wconf 90' lang='lat' dir='ltr'><strong>indictio,</strong></span> <span class='ocrx_word' id='word_1_180' title='bbox 1327 2665 1452 2720; x_wconf 70' lang='lat' dir='ltr'><strong>qua:</strong></span> <span class='ocrx_word' id='word_1_181' title='bbox 1502 2648 1714 2719; x_wconf 90' lang='lat' dir='ltr'><strong>pridem</strong></span> <span class='ocrx_word' id='word_1_182' title='bbox 1765 2648 2023 2704; x_wconf 86' lang='lat' dir='ltr'><strong>inchoata</strong></span> 
     </span>
    </p>
   </div>
   <div class='ocr_carea' id='block_1_28' title="bbox 411 2735 2022 2814">
    <p class='ocr_par' dir='ltr' id='par_1_28' title="bbox 411 2735 2022 2814">
     <span class='ocr_line' id='line_1_28' title="bbox 411 2735 2022 2814; baseline -0.004 -17"><span class='ocrx_word' id='word_1_183' title='bbox 411 2741 532 2814; x_wconf 80' lang='lat' dir='ltr'><strong>jam</strong></span> <span class='ocrx_word' id='word_1_184' title='bbox 573 2741 743 2799; x_wconf 86' lang='lat' dir='ltr'><strong>liuere</strong></span> <span class='ocrx_word' id='word_1_185' title='bbox 772 2741 1031 2810; x_wconf 87' lang='lat' dir='ltr'><strong>debebat,</strong></span> <span class='ocrx_word' id='word_1_186' title='bbox 1058 2740 1363 2798; x_wconf 87' lang='lat' dir='ltr'><strong>secundum</strong></span> <span class='ocrx_word' id='word_1_187' title='bbox 1388 2741 1730 2796; x_wconf 84' lang='lat' dir='ltr'><strong>ordinarium</strong></span> <span class='ocrx_word' id='word_1_188' title='bbox 1759 2735 2022 2810; x_wconf 74' lang='lat' dir='ltr'><strong>Cyciumé</strong></span> 
     </span>
    </p>
   </div>
   <div class='ocr_carea' id='block_1_29' title="bbox 414 2832 2024 2904">
    <p class='ocr_par' dir='ltr' id='par_1_29' title="bbox 414 2832 2024 2904">
     <span class='ocr_line' id='line_1_29' title="bbox 414 2832 2024 2904; baseline -0.004 -13"><span class='ocrx_word' id='word_1_189' title='bbox 414 2837 629 2891; x_wconf 82' lang='lat' dir='ltr'><strong>erravit</strong></span> <span class='ocrx_word' id='word_1_190' title='bbox 691 2843 875 2890; x_wconf 91' lang='lat' dir='ltr'><strong>tamen</strong></span> <span class='ocrx_word' id='word_1_191' title='bbox 930 2834 1252 2899; x_wconf 82' lang='lat' dir='ltr'><strong>manifeste,</strong></span> <span class='ocrx_word' id='word_1_192' title='bbox 1299 2832 1450 2903; x_wconf 89' lang='lat' dir='ltr'><strong>quod</strong></span> <span class='ocrx_word' id='word_1_193' title='bbox 1493 2833 1773 2904; x_wconf 79' lang='lat' dir='ltr'><strong>putaverit</strong></span> <span class='ocrx_word' id='word_1_194' title='bbox 1827 2832 2024 2902; x_wconf 78' lang='grc' dir='ltr'><strong>ὲπινη-</strong></span> 
     </span>
    </p>
   </div>
   <div class='ocr_carea' id='block_1_30' title="bbox 422 2926 2025 3002">
    <p class='ocr_par' dir='ltr' id='par_1_30' title="bbox 422 2926 2025 3002">
     <span class='ocr_line' id='line_1_30' title="bbox 422 2926 2025 3002; baseline -0.001 -20"><span class='ocrx_word' id='word_1_195' title='bbox 422 2929 589 3002; x_wconf 79' lang='grc' dir='ltr'><strong>μέσιν</strong></span> <span class='ocrx_word' id='word_1_196' title='bbox 638 2929 729 2984; x_wconf 91' lang='lat' dir='ltr'><strong>hic</strong></span> <span class='ocrx_word' id='word_1_197' title='bbox 766 2927 1083 3000; x_wconf 74' lang='lat' dir='ltr'><strong>significare</strong></span> <span class='ocrx_word' id='word_1_198' title='bbox 1115 2927 1499 2984; x_wconf 90' lang='lat' dir='ltr'><strong>indictionem.</strong></span> <span class='ocrx_word' id='word_1_199' title='bbox 1549 2926 1834 2998; x_wconf 83' lang='lat' dir='ltr'><strong>Nusquam</strong></span> <span class='ocrx_word' id='word_1_200' title='bbox 1876 2926 2025 2980; x_wconf 83' lang='lat' dir='ltr'><strong>enim</strong></span> 
     </span>
    </p>
   </div>
   <div class='ocr_carea' id='block_1_31' title="bbox 421 3019 2026 3092">
    <p class='ocr_par' dir='ltr' id='par_1_31' title="bbox 421 3019 2026 3092">
     <span class='ocr_line' id='line_1_31' title="bbox 421 3019 2026 3092; baseline -0.004 -15"><span class='ocrx_word' id='word_1_201' title='bbox 421 3025 511 3080; x_wconf 86' lang='lat' dir='ltr'><strong>vel</strong></span> <span class='ocrx_word' id='word_1_202' title='bbox 543 3023 632 3080; x_wconf 91' lang='lat' dir='ltr'><strong>hic</strong></span> <span class='ocrx_word' id='word_1_203' title='bbox 664 3024 750 3080; x_wconf 86' lang='lat' dir='ltr'><strong>vel</strong></span> <span class='ocrx_word' id='word_1_204' title='bbox 783 3024 930 3080; x_wconf 91' lang='lat' dir='ltr'><strong>alius</strong></span> <span class='ocrx_word' id='word_1_205' title='bbox 969 3031 1165 3079; x_wconf 81' lang='lat' dir='ltr'><strong>auctor</strong></span> <span class='ocrx_word' id='word_1_206' title='bbox 1186 3021 1346 3078; x_wconf 90' lang='lat' dir='ltr'><strong>aliter</strong></span> <span class='ocrx_word' id='word_1_207' title='bbox 1368 3035 1490 3077; x_wconf 90' lang='lat' dir='ltr'><strong>eam</strong></span> <span class='ocrx_word' id='word_1_208' title='bbox 1527 3019 2026 3092; x_wconf 83' lang='lat' dir='ltr'><strong>a‘ppellavit,quam</strong></span> 
     </span>
    </p>
   </div>
   <div class='ocr_carea' id='block_1_32' title="bbox 430 3113 2020 3189">
    <p class='ocr_par' dir='ltr' id='par_1_32' title="bbox 430 3113 2020 3189">
     <span class='ocr_line' id='line_1_32' title="bbox 430 3113 2020 3189; baseline -0.004 -14"><span class='ocrx_word' id='word_1_209' title='bbox 430 3119 632 3176; x_wconf 85' lang='lat' dir='ltr'><strong>Latino</strong></span> <span class='ocrx_word' id='word_1_210' title='bbox 671 3120 896 3178; x_wconf 89' lang='lat' dir='ltr'><strong>nomine</strong></span> <span class='ocrx_word' id='word_1_211' title='bbox 917 3118 1277 3182; x_wconf 74' lang='grc' dir='ltr'><strong>Ἰνδικτιῶνος</strong></span> <span class='ocrx_word' id='word_1_212' title='bbox 1305 3120 1409 3189; x_wconf 69' lang='lat' dir='ltr'><strong>(yJ.</strong></span> <span class='ocrx_word' id='word_1_213' title='bbox 1444 3117 1634 3189; x_wconf 82' lang='lat' dir='ltr'><strong>Igitur,</strong></span> <span class='ocrx_word' id='word_1_214' title='bbox 1681 3125 1740 3172; x_wconf 89' lang='lat' dir='ltr'><strong>ut</strong></span> <span class='ocrx_word' id='word_1_215' title='bbox 1781 3113 2020 3172; x_wconf 80' lang='lat' dir='ltr'><strong>Heraclii</strong></span> 
     </span>
    </p>
   </div>
   <div class='ocr_carea' id='block_1_33' title="bbox 429 3211 2106 3296">
    <p class='ocr_par' dir='ltr' id='par_1_33' title="bbox 429 3211 2106 3296">
     <span class='ocr_line' id='line_1_33' title="bbox 429 3211 2106 3296; baseline -0.005 -26"><span class='ocrx_word' id='word_1_216' title='bbox 429 3215 724 3283; x_wconf 79' lang='lat' dir='ltr'><strong>epistolam</strong></span> <span class='ocrx_word' id='word_1_217' title='bbox 753 3222 905 3270; x_wconf 87' lang='lat' dir='ltr'><strong>recte</strong></span> <span class='ocrx_word' id='word_1_218' title='bbox 932 3211 1232 3282; x_wconf 78' lang='lat' dir='ltr'><strong>intelligas,</strong></span> <span class='ocrx_word' id='word_1_219' title='bbox 1256 3213 1353 3281; x_wconf 82' lang='grc' dir='ltr'><strong>τῆς</strong></span> <span class='ocrx_word' id='word_1_220' title='bbox 1374 3212 1734 3282; x_wconf 69' lang='grc' dir='ltr'><strong>ἐνισταμένης</strong></span> <span class='ocrx_word' id='word_1_221' title='bbox 1760 3212 2021 3279; x_wconf 66' lang='grc' dir='ltr'><strong>ἐπινεμήο</strong></span> <span class='ocrx_word' id='word_1_222' title='bbox 2058 3239 2106 3296; x_wconf 62' lang='grc' dir='ltr'>α</span> 
     </span>
    </p>
   </div>
   <div class='ocr_carea' id='block_1_34' title="bbox 435 3305 2022 3379">
    <p class='ocr_par' dir='ltr' id='par_1_34' title="bbox 435 3305 2022 3379">
     <span class='ocr_line' id='line_1_34' title="bbox 435 3305 2022 3379; baseline -0.001 -19"><span class='ocrx_word' id='word_1_223' title='bbox 435 3317 585 3372; x_wconf 66' lang='grc' dir='ltr'><strong>πως</strong></span> <span class='ocrx_word' id='word_1_224' title='bbox 616 3305 718 3379; x_wconf 89' lang='lat' dir='ltr'><strong>(sic</strong></span> <span class='ocrx_word' id='word_1_225' title='bbox 755 3306 902 3362; x_wconf 89' lang='lat' dir='ltr'><strong>enim</strong></span> <span class='ocrx_word' id='word_1_226' title='bbox 947 3305 1259 3377; x_wconf 85' lang='lat' dir='ltr'><strong>legendum)</strong></span> <span class='ocrx_word' id='word_1_227' title='bbox 1315 3306 1650 3361; x_wconf 90' lang='lat' dir='ltr'><strong>reddendum</strong></span> <span class='ocrx_word' id='word_1_228' title='bbox 1699 3305 1900 3360; x_wconf 66' lang='lat' dir='ltr'><strong>Latinis</strong></span> <span class='ocrx_word' id='word_1_229' title='bbox 1943 3315 2022 3360; x_wconf 86' lang='lat' dir='ltr'><strong>est</strong></span> 
     </span>
    </p>
   </div>
   <div class='ocr_carea' id='block_1_35' title="bbox 440 3393 2019 3464">
    <p class='ocr_par' dir='ltr' id='par_1_35' title="bbox 440 3393 2019 3464">
     <span class='ocr_line' id='line_1_35' title="bbox 440 3393 2019 3464; baseline -0.002 -16"><span class='ocrx_word' id='word_1_230' title='bbox 440 3415 464 3448; x_wconf 77' lang='grc' dir='ltr'><strong><em>ι</em></strong></span> <span class='ocrx_word' id='word_1_231' title='bbox 501 3395 738 3452; x_wconf 84' lang='lat' dir='ltr'><strong>instante</strong></span> <span class='ocrx_word' id='word_1_232' title='bbox 760 3395 874 3464; x_wconf 86' lang='lat' dir='ltr'><strong>jam</strong></span> <span class='ocrx_word' id='word_1_233' title='bbox 905 3395 1082 3460; x_wconf 87' lang='lat' dir='ltr'><strong>primo</strong></span> <span class='ocrx_word' id='word_1_234' title='bbox 1101 3409 1238 3450; x_wconf 83' lang='lat' dir='ltr'><strong>vere-</strong></span> <span class='ocrx_word' id='word_1_235' title='bbox 1257 3408 1354 3450; x_wconf 89' lang='lat' dir='ltr'><strong>seu</strong></span> <span class='ocrx_word' id='word_1_236' title='bbox 1379 3396 1552 3463; x_wconf 80' lang='lat' dir='ltr'><strong>prima</strong></span> <span class='ocrx_word' id='word_1_237' title='bbox 1580 3393 1972 3462; x_wconf 80' lang='lat' dir='ltr'><strong>pabulatione;</strong></span> <span class='ocrx_word' id='word_1_238' title='bbox 2000 3411 2019 3445; x_wconf 83' lang='grc'>›</span> 
     </span>
    </p>
   </div>
   <div class='ocr_carea' id='block_1_36' title="bbox 425 3478 2031 3555">
    <p class='ocr_par' dir='ltr' id='par_1_36' title="bbox 425 3478 2031 3555">
     <span class='ocr_line' id='line_1_36' title="bbox 425 3478 2031 3555; baseline -0.004 -15"><span class='ocrx_word' id='word_1_239' title='bbox 425 3493 518 3540; x_wconf 80' lang='lat' dir='ltr'><strong>est</strong></span> <span class='ocrx_word' id='word_1_240' title='bbox 533 3486 678 3539; x_wconf 88' lang='lat' dir='ltr'><strong>enim</strong></span> <span class='ocrx_word' id='word_1_241' title='bbox 702 3483 1260 3555; x_wconf 66' lang='lat' dir='ltr'><strong>émvépnctgverbale</strong></span> <span class='ocrx_word' id='word_1_242' title='bbox 1281 3482 1350 3538; x_wconf 87' lang='lat' dir='ltr'><strong>ab</strong></span> <span class='ocrx_word' id='word_1_243' title='bbox 1373 3480 1647 3553; x_wconf 68' lang='lat' dir='ltr'><strong>émvépm,</strong></span> <span class='ocrx_word' id='word_1_244' title='bbox 1663 3478 2031 3536; x_wconf 77' lang='lat' dir='ltr'><strong>luxuriantem</strong></span> 
     </span>
    </p>
   </div>
   <div class='ocr_carea' id='block_1_37' title="bbox 425 3573 2031 3647">
    <p class='ocr_par' dir='ltr' id='par_1_37' title="bbox 425 3573 2031 3647">
     <span class='ocr_line' id='line_1_37' title="bbox 425 3573 2031 3647; baseline -0.002 -15"><span class='ocrx_word' id='word_1_245' title='bbox 425 3580 486 3633; x_wconf 89' lang='lat' dir='ltr'><strong>in</strong></span> <span class='ocrx_word' id='word_1_246' title='bbox 523 3577 652 3632; x_wconf 79' lang='lat' dir='ltr'><strong>folia</strong></span> <span class='ocrx_word' id='word_1_247' title='bbox 686 3587 988 3633; x_wconf 89' lang='lat' dir='ltr'><strong>sementem</strong></span> <span class='ocrx_word' id='word_1_248' title='bbox 1024 3578 1318 3647; x_wconf 64' lang='lat' dir='ltr'><strong>depascor;</strong></span> <span class='ocrx_word' id='word_1_249' title='bbox 1346 3594 1366 3629; x_wconf 77' lang='grc' dir='ltr'><strong><em>ι</em></strong></span> <span class='ocrx_word' id='word_1_250' title='bbox 1401 3573 1516 3630; x_wconf 79' lang='lat' dir='ltr'><strong>Hoc</strong></span> <span class='ocrx_word' id='word_1_251' title='bbox 1543 3581 1726 3630; x_wconf 89' lang='lat' dir='ltr'><strong>autem</strong></span> <span class='ocrx_word' id='word_1_252' title='bbox 1763 3574 1948 3629; x_wconf 75' lang='lat' dir='ltr'><strong>statim</strong></span> <span class='ocrx_word' id='word_1_253' title='bbox 1976 3573 2031 3628; x_wconf 88' lang='lat' dir='ltr'><strong>in</strong></span> 
     </span>
    </p>
   </div>
   <div class='ocr_carea' id='block_1_38' title="bbox 425 3666 2033 3737">
    <p class='ocr_par' dir='ltr' id='par_1_38' title="bbox 425 3666 2033 3737">
     <span class='ocr_line' id='line_1_38' title="bbox 425 3666 2033 3737; baseline -0.002 -14"><span class='ocrx_word' id='word_1_254' title='bbox 425 3669 630 3726; x_wconf 78' lang='lat' dir='ltr'><strong>Martio</strong></span> <span class='ocrx_word' id='word_1_255' title='bbox 683 3669 994 3725; x_wconf 82' lang='lat' dir='ltr'><strong>faciendum</strong></span> <span class='ocrx_word' id='word_1_256' title='bbox 1032 3678 1114 3726; x_wconf 86' lang='lat' dir='ltr'><strong>est</strong></span> <span class='ocrx_word' id='word_1_257' title='bbox 1158 3669 1215 3723; x_wconf 92' lang='lat' dir='ltr'><strong>in</strong></span> <span class='ocrx_word' id='word_1_258' title='bbox 1249 3669 1358 3724; x_wconf 90' lang='lat' dir='ltr'><strong>illis</strong></span> <span class='ocrx_word' id='word_1_259' title='bbox 1386 3667 1745 3724; x_wconf 85' lang='lat' dir='ltr'><strong>calidioribus</strong></span> <span class='ocrx_word' id='word_1_260' title='bbox 1788 3666 2033 3737; x_wconf 85' lang='lat' dir='ltr'><strong>regioni-</strong></span> 
     </span>
    </p>
   </div>
   <div class='ocr_carea' id='block_1_39' title="bbox 430 3758 2034 3835">
    <p class='ocr_par' dir='ltr' id='par_1_39' title="bbox 430 3758 2034 3835">
     <span class='ocr_line' id='line_1_39' title="bbox 430 3758 2034 3835; baseline -0.003 -17"><span class='ocrx_word' id='word_1_261' title='bbox 430 3769 538 3820; x_wconf 77' lang='lat' dir='ltr'><strong>bus</strong></span> <span class='ocrx_word' id='word_1_262' title='bbox 573 3783 587 3820; x_wconf 91' lang='lat'><strong>:</strong></span> <span class='ocrx_word' id='word_1_263' title='bbox 640 3773 695 3821; x_wconf 92' lang='lat' dir='ltr'><strong>et</strong></span> <span class='ocrx_word' id='word_1_264' title='bbox 741 3765 846 3820; x_wconf 92' lang='lat' dir='ltr'><strong>hoc</strong></span> <span class='ocrx_word' id='word_1_265' title='bbox 884 3773 1101 3835; x_wconf 90' lang='lat' dir='ltr'><strong>tempus</strong></span> <span class='ocrx_word' id='word_1_266' title='bbox 1136 3763 1236 3819; x_wconf 79' lang='lat' dir='ltr'><strong>fuit</strong></span> <span class='ocrx_word' id='word_1_267' title='bbox 1283 3771 1510 3818; x_wconf 90' lang='lat' dir='ltr'><strong>moluro—</strong></span> <span class='ocrx_word' id='word_1_268' title='bbox 1536 3763 1592 3817; x_wconf 91' lang='lat' dir='ltr'><strong>in</strong></span> <span class='ocrx_word' id='word_1_269' title='bbox 1643 3770 1852 3833; x_wconf 85' lang='lat' dir='ltr'><strong>patrem</strong></span> <span class='ocrx_word' id='word_1_270' title='bbox 1889 3758 2034 3816; x_wconf 81' lang='lat' dir='ltr'><strong>Siroi</strong></span> 
     </span>
    </p>
   </div>
   <div class='ocr_carea' id='block_1_40' title="bbox 430 3853 2035 3928">
    <p class='ocr_par' dir='ltr' id='par_1_40' title="bbox 430 3853 2035 3928">
     <span class='ocr_line' id='line_1_40' title="bbox 430 3853 2035 3928; baseline -0.002 -16"><span class='ocrx_word' id='word_1_271' title='bbox 430 3858 751 3914; x_wconf 63' lang='lat' dir='ltr'><strong>necessario</strong></span> <span class='ocrx_word' id='word_1_272' title='bbox 771 3857 1228 3928; x_wconf 81' lang='lat' dir='ltr'><strong>exspectandum,</strong></span> <span class='ocrx_word' id='word_1_273' title='bbox 1263 3862 1332 3912; x_wconf 80' lang='lat' dir='ltr'><strong>ne</strong></span> <span class='ocrx_word' id='word_1_274' title='bbox 1361 3856 1578 3912; x_wconf 79' lang='lat' dir='ltr'><strong>defectu</strong></span> <span class='ocrx_word' id='word_1_275' title='bbox 1621 3855 1808 3926; x_wconf 88' lang='lat' dir='ltr'><strong>pabuli</strong></span> <span class='ocrx_word' id='word_1_276' title='bbox 1841 3853 2035 3909; x_wconf 81' lang='lat' dir='ltr'><strong>deiice-</strong></span> 
     </span>
    </p>
   </div>
   <div class='ocr_carea' id='block_1_41' title="bbox 430 3946 2037 4019">
    <p class='ocr_par' dir='ltr' id='par_1_41' title="bbox 430 3946 2037 4019">
     <span class='ocr_line' id='line_1_41' title="bbox 430 3946 2037 4019; baseline -0.001 -17"><span class='ocrx_word' id='word_1_277' title='bbox 430 3949 557 4004; x_wconf 78' lang='lat' dir='ltr'><strong>rent</strong></span> <span class='ocrx_word' id='word_1_278' title='bbox 593 3964 688 4019; x_wconf 91' lang='lat' dir='ltr'><strong>per</strong></span> <span class='ocrx_word' id='word_1_279' title='bbox 717 3948 916 4005; x_wconf 89' lang='lat' dir='ltr'><strong>hiemis</strong></span> <span class='ocrx_word' id='word_1_280' title='bbox 948 3949 1325 4018; x_wconf 79' lang='lat' dir='ltr'><strong>asperitatem,</strong></span> <span class='ocrx_word' id='word_1_281' title='bbox 1353 3948 1480 4019; x_wconf 90' lang='lat' dir='ltr'><strong>equi</strong></span> <span class='ocrx_word' id='word_1_282' title='bbox 1507 3949 1562 4002; x_wconf 89' lang='lat' dir='ltr'><strong>in</strong></span> <span class='ocrx_word' id='word_1_283' title='bbox 1599 3949 1802 4017; x_wconf 82' lang='lat' dir='ltr'><strong>quibus</strong></span> <span class='ocrx_word' id='word_1_284' title='bbox 1837 3946 2037 4017; x_wconf 68' lang='lat' dir='ltr'><strong>praeei-</strong></span> 
     </span>
    </p>
   </div>
   <div class='ocr_carea' id='block_1_42' title="bbox 433 4040 2039 4112">
    <p class='ocr_par' dir='ltr' id='par_1_42' title="bbox 433 4040 2039 4112">
     <span class='ocr_line' id='line_1_42' title="bbox 433 4040 2039 4112; baseline 0.002 -22"><span class='ocrx_word' id='word_1_285' title='bbox 433 4053 602 4109; x_wconf 83' lang='lat' dir='ltr'><strong>puum</strong></span> <span class='ocrx_word' id='word_1_286' title='bbox 632 4041 924 4097; x_wconf 88' lang='lat' dir='ltr'><strong>Persarum</strong></span> <span class='ocrx_word' id='word_1_287' title='bbox 950 4040 1144 4106; x_wconf 91' lang='lat' dir='ltr'><strong>robur,</strong></span> <span class='ocrx_word' id='word_1_288' title='bbox 1176 4053 1230 4096; x_wconf 90' lang='lat' dir='ltr'><strong>et</strong></span> <span class='ocrx_word' id='word_1_289' title='bbox 1260 4057 1388 4112; x_wconf 86' lang='lat' dir='ltr'><strong>spes</strong></span> <span class='ocrx_word' id='word_1_290' title='bbox 1407 4040 1755 4112; x_wconf 83' lang='lat' dir='ltr'><strong>opprimendi</strong></span> <span class='ocrx_word' id='word_1_291' title='bbox 1780 4041 2039 4097; x_wconf 76' lang='lat' dir='ltr'><strong>celeriter</strong></span> 
     </span>
    </p>
   </div>
   <div class='ocr_carea' id='block_1_43' title="bbox 435 4135 1358 4193">
    <p class='ocr_par' dir='ltr' id='par_1_43' title="bbox 435 4135 1358 4193">
     <span class='ocr_line' id='line_1_43' title="bbox 435 4135 1358 4193; baseline 0.004 -6"><span class='ocrx_word' id='word_1_292' title='bbox 435 4135 699 4190; x_wconf 75' lang='lat' dir='ltr'><strong>(Linosrois</strong></span> <span class='ocrx_word' id='word_1_293' title='bbox 731 4143 845 4193; x_wconf 87' lang='lat' dir='ltr'><strong>tota</strong></span> <span class='ocrx_word' id='word_1_294' title='bbox 881 4136 1002 4190; x_wconf 86' lang='lat' dir='ltr'><strong>erat</strong></span> <span class='ocrx_word' id='word_1_295' title='bbox 1029 4137 1358 4191; x_wconf 81' lang='lat' dir='ltr'><strong>constituta.</strong></span> 
     </span>
    </p>
   </div>
   <div class='ocr_carea' id='block_1_44' title="bbox 1048 4232 1416 4322">
    <p class='ocr_par' dir='ltr' id='par_1_44' title="bbox 1048 4232 1416 4322">
     <span class='ocr_line' id='line_1_44' title="bbox 1048 4232 1416 4322; baseline 0.005 -20"><span class='ocrx_word' id='word_1_296' title='bbox 1048 4232 1280 4322; x_wconf 63' lang='lat' dir='ltr'><strong>carur</strong></span> <span class='ocrx_word' id='word_1_297' title='bbox 1353 4247 1416 4304; x_wconf 72' lang='grc' dir='ltr'><strong>ν.</strong></span> 
     </span>
    </p>
   </div>
   <div class='ocr_carea' id='block_1_45' title="bbox 441 4348 2040 4438">
    <p class='ocr_par' dir='ltr' id='par_1_45' title="bbox 441 4348 2040 4438">
     <span class='ocr_line' id='line_1_45' title="bbox 441 4348 2040 4438; baseline 0.001 -30"><span class='ocrx_word' id='word_1_298' title='bbox 441 4348 703 4438; x_wconf 56' lang='lat' dir='ltr'><strong>autetiam</strong></span> <span class='ocrx_word' id='word_1_299' title='bbox 723 4359 1118 4438; x_wconf 49' lang='lat' dir='ltr'><strong>chronologica</strong></span> <span class='ocrx_word' id='word_1_300' title='bbox 1139 4360 1334 4414; x_wconf 79' lang='lat' dir='ltr'><strong>menda</strong></span> <span class='ocrx_word' id='word_1_301' title='bbox 1363 4376 1457 4429; x_wconf 84' lang='lat' dir='ltr'><strong>per</strong></span> <span class='ocrx_word' id='word_1_302' title='bbox 1488 4359 1835 4438; x_wconf 63' lang='lat' dir='ltr'><strong>tibroriorum</strong></span> <span class='ocrx_word' id='word_1_303' title='bbox 1859 4373 2040 4438; x_wconf 76' lang='lat' dir='ltr'><strong>socor-</strong></span> 
     </span>
    </p>
   </div>
   <div class='ocr_carea' id='block_1_46' title="bbox 511 4427 2042 4502">
    <p class='ocr_par' dir='ltr' id='par_1_46' title="bbox 511 4427 2042 4502">
     <span class='ocr_line' id='line_1_46' title="bbox 511 4427 2042 4502; baseline 0.005 -24"><span class='ocrx_word' id='word_1_304' title='bbox 511 4427 656 4482; x_wconf 83' lang='lat' dir='ltr'><strong>diam</strong></span> <span class='ocrx_word' id='word_1_305' title='bbox 721 4427 1022 4502; x_wconf 71' lang='lat' dir='ltr'><strong>Tlteophani</strong></span> <span class='ocrx_word' id='word_1_306' title='bbox 1073 4448 1318 4502; x_wconf 71' lang='lat' dir='ltr'><strong>aspersa.</strong></span> <span class='ocrx_word' id='word_1_307' title='bbox 1365 4427 1416 4485; x_wconf 74' lang='lat' dir='ltr'><strong>et</strong></span> <span class='ocrx_word' id='word_1_308' title='bbox 1447 4431 1510 4485; x_wconf 84' lang='lat' dir='ltr'><strong>ab</strong></span> <span class='ocrx_word' id='word_1_309' title='bbox 1551 4430 1674 4485; x_wconf 73' lang='lat' dir='ltr'><strong>aliis</strong></span> <span class='ocrx_word' id='word_1_310' title='bbox 1724 4447 1832 4484; x_wconf 85' lang='lat' dir='ltr'><strong>non</strong></span> <span class='ocrx_word' id='word_1_311' title='bbox 1861 4429 2042 4502; x_wconf 60' lang='lat' dir='ltr'><strong>obser-</strong></span> 
     </span>
    </p>
   </div>
   <div class='ocr_carea' id='block_1_47' title="bbox 513 4500 2039 4573">
    <p class='ocr_par' dir='ltr' id='par_1_47' title="bbox 513 4500 2039 4573">
     <span class='ocr_line' id='line_1_47' title="bbox 513 4500 2039 4573; baseline 0 -21"><span class='ocrx_word' id='word_1_312' title='bbox 513 4511 661 4573; x_wconf 53' lang='lat' dir='ltr'><strong>vata,</strong></span> <span class='ocrx_word' id='word_1_313' title='bbox 735 4501 1014 4556; x_wconf 86' lang='lat' dir='ltr'><strong>Annorum</strong></span> <span class='ocrx_word' id='word_1_314' title='bbox 1089 4500 1342 4558; x_wconf 73' lang='lat' dir='ltr'><strong>Mauritiz&#39;</strong></span> <span class='ocrx_word' id='word_1_315' title='bbox 1413 4503 1754 4573; x_wconf 75' lang='lat' dir='ltr'><strong>imperatoria</strong></span> <span class='ocrx_word' id='word_1_316' title='bbox 1838 4500 2039 4569; x_wconf 66' lang='lat' dir='ltr'><strong>duplex</strong></span> 
     </span>
    </p>
   </div>
   <div class='ocr_carea' id='block_1_48' title="bbox 514 4570 732 4638">
    <p class='ocr_par' dir='ltr' id='par_1_48' title="bbox 514 4570 732 4638">
     <span class='ocr_line' id='line_1_48' title="bbox 514 4570 732 4638; baseline 0.014 -16"><span class='ocrx_word' id='word_1_317' title='bbox 514 4570 732 4638; x_wconf 82' lang='lat' dir='ltr'><strong>epocha.</strong></span> 
     </span>
    </p>
   </div>
   <div class='ocr_carea' id='block_1_49' title="bbox 515 4684 2038 4755">
    <p class='ocr_par' dir='ltr' id='par_1_49' title="bbox 515 4684 2038 4755">
     <span class='ocr_line' id='line_1_49' title="bbox 515 4684 2038 4755; baseline 0 -16"><span class='ocrx_word' id='word_1_318' title='bbox 515 4684 606 4741; x_wconf 74' lang='lat'><strong>27.</strong></span> <span class='ocrx_word' id='word_1_319' title='bbox 645 4686 840 4742; x_wconf 82' lang='lat' dir='ltr'><strong>Restat</strong></span> <span class='ocrx_word' id='word_1_320' title='bbox 894 4705 1064 4755; x_wconf 88' lang='lat' dir='ltr'><strong>nunc,</strong></span> <span class='ocrx_word' id='word_1_321' title='bbox 1095 4698 1154 4746; x_wconf 89' lang='lat' dir='ltr'><strong>ut</strong></span> <span class='ocrx_word' id='word_1_322' title='bbox 1195 4690 1420 4747; x_wconf 89' lang='lat' dir='ltr'><strong>omissis</strong></span> <span class='ocrx_word' id='word_1_323' title='bbox 1467 4689 1704 4743; x_wconf 87' lang='lat' dir='ltr'><strong>aliorum</strong></span> <span class='ocrx_word' id='word_1_324' title='bbox 1750 4694 2038 4742; x_wconf 83' lang='lat' dir='ltr'><strong>auctorum</strong></span> 
     </span>
    </p>
   </div>
   <div class='ocr_carea' id='block_1_50' title="bbox 444 4776 2039 4852">
    <p class='ocr_par' dir='ltr' id='par_1_50' title="bbox 444 4776 2039 4852">
     <span class='ocr_line' id='line_1_50' title="bbox 444 4776 2039 4852; baseline 0.001 -23"><span class='ocrx_word' id='word_1_325' title='bbox 444 4777 528 4831; x_wconf 79' lang='lat' dir='ltr'><strong>vel</strong></span> <span class='ocrx_word' id='word_1_326' title='bbox 559 4777 920 4848; x_wconf 81' lang='lat' dir='ltr'><strong>interpretum</strong></span> <span class='ocrx_word' id='word_1_327' title='bbox 941 4781 1186 4847; x_wconf 78' lang='lat' dir='ltr'><strong>mendis,</strong></span> <span class='ocrx_word' id='word_1_328' title='bbox 1210 4796 1446 4852; x_wconf 88' lang='lat' dir='ltr'><strong>quorum</strong></span> <span class='ocrx_word' id='word_1_329' title='bbox 1470 4780 1744 4836; x_wconf 83' lang='lat' dir='ltr'><strong>correctio</strong></span> <span class='ocrx_word' id='word_1_330' title='bbox 1770 4778 1836 4832; x_wconf 87' lang='lat' dir='ltr'><strong>ad</strong></span> <span class='ocrx_word' id='word_1_331' title='bbox 1859 4776 2039 4832; x_wconf 58' lang='lat' dir='ltr'><strong>Theo.</strong></span> 
     </span>
    </p>
   </div>
   <div class='ocr_carea' id='block_1_51' title="bbox 444 4871 2042 4939">
    <p class='ocr_par' dir='ltr' id='par_1_51' title="bbox 444 4871 2042 4939">
     <span class='ocr_line' id='line_1_51' title="bbox 444 4871 2042 4939; baseline 0.003 -18"><span class='ocrx_word' id='word_1_332' title='bbox 444 4871 683 4939; x_wconf 88' lang='lat' dir='ltr'><strong>phanem</strong></span> <span class='ocrx_word' id='word_1_333' title='bbox 763 4872 1156 4930; x_wconf 86' lang='lat' dir='ltr'><strong>illustrandum</strong></span> <span class='ocrx_word' id='word_1_334' title='bbox 1234 4873 1367 4930; x_wconf 82' lang='lat' dir='ltr'><strong>facit</strong></span> <span class='ocrx_word' id='word_1_335' title='bbox 1412 4873 1573 4939; x_wconf 80' lang='lat' dir='ltr'><strong>nihil,</strong></span> <span class='ocrx_word' id='word_1_336' title='bbox 1625 4871 2042 4928; x_wconf 83' lang='lat' dir='ltr'><strong>observationes</strong></span> 
     </span>
    </p>
   </div>
   <div class='ocr_carea' id='block_1_52' title="bbox 443 4963 2044 5038">
    <p class='ocr_par' dir='ltr' id='par_1_52' title="bbox 443 4963 2044 5038">
     <span class='ocr_line' id='line_1_52' title="bbox 443 4963 2044 5038; baseline 0.002 -21"><span class='ocrx_word' id='word_1_337' title='bbox 443 4963 741 5019; x_wconf 84' lang='lat' dir='ltr'><strong>chronicas</strong></span> <span class='ocrx_word' id='word_1_338' title='bbox 771 5007 784 5031; x_wconf 92' lang='lat'><strong>,</strong></span> <span class='ocrx_word' id='word_1_339' title='bbox 817 4983 938 5034; x_wconf 72' lang='lat' dir='ltr'><strong>qute</strong></span> <span class='ocrx_word' id='word_1_340' title='bbox 973 4968 1216 5038; x_wconf 87' lang='lat' dir='ltr'><strong>priorum</strong></span> <span class='ocrx_word' id='word_1_341' title='bbox 1257 4976 1757 5023; x_wconf 74' lang='lat' dir='ltr'><strong>eorumentatorum</strong></span> <span class='ocrx_word' id='word_1_342' title='bbox 1789 4965 2044 5021; x_wconf 80' lang='lat' dir='ltr'><strong>videntur</strong></span> 
     </span>
    </p>
   </div>
   <div class='ocr_carea' id='block_1_53' title="bbox 447 5057 2042 5132">
    <p class='ocr_par' dir='ltr' id='par_1_53' title="bbox 447 5057 2042 5132">
     <span class='ocr_line' id='line_1_53' title="bbox 447 5057 2042 5132; baseline 0.004 -22"><span class='ocrx_word' id='word_1_343' title='bbox 447 5057 656 5128; x_wconf 78' lang='lat' dir='ltr'><strong>fugisse</strong></span> <span class='ocrx_word' id='word_1_344' title='bbox 692 5059 1054 5128; x_wconf 84' lang='lat' dir='ltr'><strong>diligentiam,</strong></span> <span class='ocrx_word' id='word_1_345' title='bbox 1093 5062 1365 5130; x_wconf 83' lang='lat' dir='ltr'><strong>nobisque</strong></span> <span class='ocrx_word' id='word_1_346' title='bbox 1412 5062 1560 5116; x_wconf 81' lang='lat' dir='ltr'><strong>aliud</strong></span> <span class='ocrx_word' id='word_1_347' title='bbox 1615 5061 1908 5132; x_wconf 77' lang='lat' dir='ltr'><strong>agentibus</strong></span> <span class='ocrx_word' id='word_1_348' title='bbox 1950 5076 2042 5116; x_wconf 91' lang='lat' dir='ltr'><strong>oc-</strong></span> 
     </span>
    </p>
   </div>
   <div class='ocr_carea' id='block_1_54' title="bbox 445 5135 2042 5220">
    <p class='ocr_par' dir='ltr' id='par_1_54' title="bbox 445 5135 2042 5220">
     <span class='ocr_line' id='line_1_54' title="bbox 445 5135 2042 5220; baseline 0.002 -19"><span class='ocrx_word' id='word_1_349' title='bbox 445 5158 767 5214; x_wconf 88' lang='lat' dir='ltr'><strong>currerunt,</strong></span> <span class='ocrx_word' id='word_1_350' title='bbox 805 5151 860 5204; x_wconf 93' lang='lat' dir='ltr'><strong>in</strong></span> <span class='ocrx_word' id='word_1_351' title='bbox 893 5151 1127 5220; x_wconf 86' lang='lat' dir='ltr'><strong>gratiam</strong></span> <span class='ocrx_word' id='word_1_352' title='bbox 1156 5152 1363 5206; x_wconf 87' lang='lat' dir='ltr'><strong>curiosi</strong></span> <span class='ocrx_word' id='word_1_353' title='bbox 1404 5135 1626 5216; x_wconf 72' lang='lat' dir='ltr'><strong>lectoris</strong></span> <span class='ocrx_word' id='word_1_354' title='bbox 1663 5153 1994 5207; x_wconf 85' lang='lat' dir='ltr'><strong>adnotemus</strong></span> <span class='ocrx_word' id='word_1_355' title='bbox 2025 5192 2042 5218; x_wconf 93' lang='lat'><strong>,</strong></span> 
     </span>
    </p>
   </div>
   <div class='ocr_carea' id='block_1_55' title="bbox 449 5243 2045 5315">
    <p class='ocr_par' dir='ltr' id='par_1_55' title="bbox 449 5243 2045 5315">
     <span class='ocr_line' id='line_1_55' title="bbox 449 5243 2045 5315; baseline 0.003 -19"><span class='ocrx_word' id='word_1_356' title='bbox 449 5250 508 5296; x_wconf 87' lang='lat' dir='ltr'><strong>ut</strong></span> <span class='ocrx_word' id='word_1_357' title='bbox 555 5243 600 5297; x_wconf 89' lang='lat' dir='ltr'><strong>si</strong></span> <span class='ocrx_word' id='word_1_358' title='bbox 631 5243 757 5313; x_wconf 87' lang='lat' dir='ltr'><strong>quis</strong></span> <span class='ocrx_word' id='word_1_359' title='bbox 808 5253 1096 5300; x_wconf 76' lang='lat' dir='ltr'><strong>auctorem</strong></span> <span class='ocrx_word' id='word_1_360' title='bbox 1145 5247 1443 5315; x_wconf 81' lang='lat' dir='ltr'><strong>Optimum,</strong></span> <span class='ocrx_word' id='word_1_361' title='bbox 1487 5245 1660 5300; x_wconf 83' lang='lat' dir='ltr'><strong>forma</strong></span> <span class='ocrx_word' id='word_1_362' title='bbox 1699 5254 1753 5301; x_wconf 93' lang='lat' dir='ltr'><strong>et</strong></span> <span class='ocrx_word' id='word_1_363' title='bbox 1782 5248 1944 5300; x_wconf 85' lang='lat' dir='ltr'><strong>modo</strong></span> <span class='ocrx_word' id='word_1_364' title='bbox 1975 5245 2045 5300; x_wconf 75' lang='lat' dir='ltr'><strong>ad</strong></span> 
     </span>
    </p>
   </div>
   <div class='ocr_carea' id='block_1_56' title="bbox 447 5334 2042 5406">
    <p class='ocr_par' dir='ltr' id='par_1_56' title="bbox 447 5334 2042 5406">
     <span class='ocr_line' id='line_1_56' title="bbox 447 5334 2042 5406; baseline 0.002 -19"><span class='ocrx_word' id='word_1_365' title='bbox 447 5349 606 5389; x_wconf 89' lang='lat' dir='ltr'><strong>usum</strong></span> <span class='ocrx_word' id='word_1_366' title='bbox 640 5334 918 5402; x_wconf 88' lang='lat' dir='ltr'><strong>publicum</strong></span> <span class='ocrx_word' id='word_1_367' title='bbox 946 5337 1304 5390; x_wconf 88' lang='lat' dir='ltr'><strong>commodiori</strong></span> <span class='ocrx_word' id='word_1_368' title='bbox 1327 5339 1456 5391; x_wconf 84' lang='lat' dir='ltr'><strong>velit</strong></span> <span class='ocrx_word' id='word_1_369' title='bbox 1478 5338 1730 5393; x_wconf 81' lang='lat' dir='ltr'><strong>emittere</strong></span> <span class='ocrx_word' id='word_1_370' title='bbox 1759 5339 1812 5392; x_wconf 89' lang='lat' dir='ltr'><strong>in</strong></span> <span class='ocrx_word' id='word_1_371' title='bbox 1843 5339 2042 5406; x_wconf 84' lang='lat' dir='ltr'><strong>lucem,</strong></span> 
     </span>
    </p>
   </div>
   <div class='ocr_carea' id='block_1_57' title="bbox 447 5427 2044 5497">
    <p class='ocr_par' dir='ltr' id='par_1_57' title="bbox 447 5427 2044 5497">
     <span class='ocr_line' id='line_1_57' title="bbox 447 5427 2044 5497; baseline 0.003 -17"><span class='ocrx_word' id='word_1_372' title='bbox 447 5427 798 5497; x_wconf 84' lang='lat' dir='ltr'><strong>propriisque</strong></span> <span class='ocrx_word' id='word_1_373' title='bbox 825 5429 1278 5484; x_wconf 86' lang='lat' dir='ltr'><strong>annotationibus</strong></span> <span class='ocrx_word' id='word_1_374' title='bbox 1324 5446 1390 5484; x_wconf 77' lang='lat' dir='ltr'><strong>ex</strong></span> <span class='ocrx_word' id='word_1_375' title='bbox 1437 5445 1538 5483; x_wconf 84' lang='lat' dir='ltr'><strong>sua</strong></span> <span class='ocrx_word' id='word_1_376' title='bbox 1568 5442 1622 5485; x_wconf 87' lang='lat' dir='ltr'><strong>et</strong></span> <span class='ocrx_word' id='word_1_377' title='bbox 1652 5431 1886 5484; x_wconf 86' lang='lat' dir='ltr'><strong>aliorum</strong></span> <span class='ocrx_word' id='word_1_378' title='bbox 1916 5431 2044 5485; x_wconf 90' lang='lat' dir='ltr'><strong>dili-</strong></span> 
     </span>
    </p>
   </div>
   <div class='ocr_carea' id='block_1_58' title="bbox 448 5519 2048 5593">
    <p class='ocr_par' dir='ltr' id='par_1_58' title="bbox 448 5519 2048 5593">
     <span class='ocr_line' id='line_1_58' title="bbox 448 5519 2048 5593; baseline 0.001 -17"><span class='ocrx_word' id='word_1_379' title='bbox 448 5520 635 5590; x_wconf 80' lang='lat' dir='ltr'><strong>gentia</strong></span> <span class='ocrx_word' id='word_1_380' title='bbox 688 5519 1032 5591; x_wconf 84' lang='lat' dir='ltr'><strong>depromptis</strong></span> <span class='ocrx_word' id='word_1_381' title='bbox 1074 5522 1375 5585; x_wconf 80' lang='lat' dir='ltr'><strong>illustrare,</strong></span> <span class='ocrx_word' id='word_1_382' title='bbox 1426 5522 1568 5578; x_wconf 83' lang='lat' dir='ltr'><strong>hanc</strong></span> <span class='ocrx_word' id='word_1_383' title='bbox 1616 5535 1847 5593; x_wconf 77' lang='lat' dir='ltr'><strong>quoque</strong></span> <span class='ocrx_word' id='word_1_384' title='bbox 1891 5538 2048 5578; x_wconf 75' lang='lat' dir='ltr'><strong>race—</strong></span> 
     </span>
    </p>
   </div>
   <div class='ocr_carea' id='block_1_59' title="bbox 453 5613 1651 5671">
    <p class='ocr_par' dir='ltr' id='par_1_59' title="bbox 453 5613 1651 5671">
     <span class='ocr_line' id='line_1_59' title="bbox 453 5613 1651 5671; baseline 0.004 -5"><span class='ocrx_word' id='word_1_385' title='bbox 453 5613 754 5668; x_wconf 84' lang='lat' dir='ltr'><strong>mationem</strong></span> <span class='ocrx_word' id='word_1_386' title='bbox 793 5621 1038 5669; x_wconf 82' lang='lat' dir='ltr'><strong>nostram</strong></span> <span class='ocrx_word' id='word_1_387' title='bbox 1069 5613 1141 5668; x_wconf 45' lang='lat' dir='ltr'><strong>ad.</strong></span> <span class='ocrx_word' id='word_1_388' title='bbox 1174 5630 1396 5670; x_wconf 72' lang='lat' dir='ltr'><strong>manum</strong></span> <span class='ocrx_word' id='word_1_389' title='bbox 1433 5617 1651 5671; x_wconf 72' lang='lat' dir='ltr'><strong>habeat.</strong></span> 
     </span>
    </p>
   </div>
   <div class='ocr_carea' id='block_1_60' title="bbox 523 5703 2043 5764">
    <p class='ocr_par' dir='ltr' id='par_1_60' title="bbox 523 5703 2043 5764">
     <span class='ocr_line' id='line_1_60' title="bbox 523 5703 2043 5764; baseline 0.001 -6"><span class='ocrx_word' id='word_1_390' title='bbox 523 5703 713 5760; x_wconf 87' lang='lat' dir='ltr'><strong>Primo</strong></span> <span class='ocrx_word' id='word_1_391' title='bbox 741 5720 924 5762; x_wconf 89' lang='lat' dir='ltr'><strong>annus</strong></span> <span class='ocrx_word' id='word_1_392' title='bbox 959 5707 1367 5764; x_wconf 75' lang='lat' dir='ltr'><strong>Alexandrinus</strong></span> <span class='ocrx_word' id='word_1_393' title='bbox 1407 5709 1513 5764; x_wconf 67' lang='lat'><strong>483</strong></span> <span class='ocrx_word' id='word_1_394' title='bbox 1551 5710 1632 5764; x_wconf 91' lang='lat' dir='ltr'><strong>sic</strong></span> <span class='ocrx_word' id='word_1_395' title='bbox 1662 5709 2043 5763; x_wconf 64' lang='lat' dir='ltr'><strong>concluditur:</strong></span> 
     </span>
    </p>
   </div>
   <div class='ocr_carea' id='block_1_61' title="bbox 459 5796 2047 5872">
    <p class='ocr_par' dir='ltr' id='par_1_61' title="bbox 459 5796 2047 5872">
     <span class='ocr_line' id='line_1_61' title="bbox 459 5796 2047 5872; baseline 0.005 -22"><span class='ocrx_word' id='word_1_396' title='bbox 459 5815 479 5850; x_wconf 70' lang='grc' dir='ltr'><strong><em>ι</em></strong></span> <span class='ocrx_word' id='word_1_397' title='bbox 516 5796 829 5853; x_wconf 86' lang='lat' dir='ltr'><strong>Coronatus</strong></span> <span class='ocrx_word' id='word_1_398' title='bbox 871 5807 955 5855; x_wconf 81' lang='lat' dir='ltr'><strong>est</strong></span> <span class='ocrx_word' id='word_1_399' title='bbox 985 5801 1338 5865; x_wconf 77' lang='lat' dir='ltr'><strong>Anastasius,</strong></span> <span class='ocrx_word' id='word_1_400' title='bbox 1387 5800 1614 5872; x_wconf 68' lang='lat' dir='ltr'><strong>pra-fata</strong></span> <span class='ocrx_word' id='word_1_401' title='bbox 1653 5802 1953 5858; x_wconf 72' lang='lat' dir='ltr'><strong>indictione</strong></span> <span class='ocrx_word' id='word_1_402' title='bbox 1981 5803 2047 5858; x_wconf 73' lang='lat' dir='ltr'>H</span> 
     </span>
    </p>
   </div>
   <div class='ocr_carea' id='block_1_62' title="bbox 455 5889 2043 5968">
    <p class='ocr_par' dir='ltr' id='par_1_62' title="bbox 455 5889 2043 5968">
     <span class='ocr_line' id='line_1_62' title="bbox 455 5889 2043 5968; baseline 0.004 -26"><span class='ocrx_word' id='word_1_403' title='bbox 455 5889 664 5947; x_wconf 83' lang='lat' dir='ltr'><strong>mensis</strong></span> <span class='ocrx_word' id='word_1_404' title='bbox 728 5893 934 5962; x_wconf 81' lang='lat' dir='ltr'><strong>Aprilis</strong></span> <span class='ocrx_word' id='word_1_405' title='bbox 967 5935 980 5960; x_wconf 89' lang='lat'><strong>,</strong></span> <span class='ocrx_word' id='word_1_406' title='bbox 1044 5893 1227 5967; x_wconf 67' lang='grc' dir='ltr'>ἡμέρᾳ</span> <span class='ocrx_word' id='word_1_407' title='bbox 1270 5894 1498 5968; x_wconf 72' lang='grc' dir='ltr'>πέμπτῃ</span> <span class='ocrx_word' id='word_1_408' title='bbox 1552 5897 1628 5968; x_wconf 78' lang='grc' dir='ltr'><strong>’τῇ</strong></span> <span class='ocrx_word' id='word_1_409' title='bbox 1696 5896 1908 5967; x_wconf 70' lang='grc' dir='ltr'><strong>μεγάλῃ</strong></span> <span class='ocrx_word' id='word_1_410' title='bbox 1947 5895 2043 5950; x_wconf 62' lang='lat' dir='ltr'><strong>rei</strong></span> 
     </span>
    </p>
   </div>
   <div class='ocr_carea' id='block_1_63' title="bbox 2062 4571 2116 4633">
    <p class='ocr_par' dir='ltr' id='par_1_63' title="bbox 2062 4571 2116 4633">
     <span class='ocr_line' id='line_1_63' title="bbox 2062 4571 2116 4633; baseline 0 0"><span class='ocrx_word' id='word_1_411' title='bbox 2062 4571 2116 4633; x_wconf 78' lang='grc' dir='ltr'>Β</span> 
     </span>
    </p>
   </div>
   <div class='ocr_carea' id='block_1_64' title="bbox 2108 607 3702 685">
    <p class='ocr_par' dir='ltr' id='par_1_64' title="bbox 2108 607 3702 685">
     <span class='ocr_line' id='line_1_64' title="bbox 2108 607 3702 685; baseline -0.004 -17"><span class='ocrx_word' id='word_1_412' title='bbox 2108 617 2381 685; x_wconf 83' lang='lat' dir='ltr'><strong>interpres</strong></span> <span class='ocrx_word' id='word_1_413' title='bbox 2413 635 2426 671; x_wconf 93' lang='lat'><strong>:</strong></span> <span class='ocrx_word' id='word_1_414' title='bbox 2472 631 2661 670; x_wconf 88' lang='lat' dir='ltr'><strong>verum</strong></span> <span class='ocrx_word' id='word_1_415' title='bbox 2690 615 2736 671; x_wconf 84' lang='lat' dir='ltr'><strong>si</strong></span> <span class='ocrx_word' id='word_1_416' title='bbox 2764 619 2828 670; x_wconf 73' lang='lat' dir='ltr'><strong>ex</strong></span> <span class='ocrx_word' id='word_1_417' title='bbox 2864 613 2994 667; x_wconf 88' lang='lat' dir='ltr'><strong>anni</strong></span> <span class='ocrx_word' id='word_1_418' title='bbox 3033 619 3088 667; x_wconf 91' lang='lat' dir='ltr'><strong>et</strong></span> <span class='ocrx_word' id='word_1_419' title='bbox 3119 607 3443 665; x_wconf 86' lang='lat' dir='ltr'><strong>indictionis</strong></span> <span class='ocrx_word' id='word_1_420' title='bbox 3491 608 3702 663; x_wconf 89' lang='lat' dir='ltr'><strong>indicio</strong></span> 
     </span>
    </p>
   </div>
   <div class='ocr_carea' id='block_1_65' title="bbox 2109 701 3704 779">
    <p class='ocr_par' dir='ltr' id='par_1_65' title="bbox 2109 701 3704 779">
     <span class='ocr_line' id='line_1_65' title="bbox 2109 701 3704 779; baseline -0.006 -17"><span class='ocrx_word' id='word_1_421' title='bbox 2109 711 2398 779; x_wconf 83' lang='lat' dir='ltr'><strong>requiras,</strong></span> <span class='ocrx_word' id='word_1_422' title='bbox 2461 710 2586 779; x_wconf 91' lang='lat' dir='ltr'><strong>quis</strong></span> <span class='ocrx_word' id='word_1_423' title='bbox 2644 708 2765 764; x_wconf 87' lang='lat' dir='ltr'><strong>dies</strong></span> <span class='ocrx_word' id='word_1_424' title='bbox 2821 705 2990 761; x_wconf 76' lang='lat' dir='ltr'><strong>fuerit</strong></span> <span class='ocrx_word' id='word_1_425' title='bbox 3048 705 3117 759; x_wconf 76' lang='lat' dir='ltr'><strong>M</strong></span> <span class='ocrx_word' id='word_1_426' title='bbox 3168 703 3408 772; x_wconf 83' lang='lat' dir='ltr'><strong>Aprilis,</strong></span> <span class='ocrx_word' id='word_1_427' title='bbox 3459 701 3704 769; x_wconf 72' lang='lat' dir='ltr'><strong>invenies</strong></span> 
     </span>
    </p>
   </div>
   <div class='ocr_carea' id='block_1_66' title="bbox 2106 789 3708 870">
    <p class='ocr_par' dir='ltr' id='par_1_66' title="bbox 2106 789 3708 870">
     <span class='ocr_line' id='line_1_66' title="bbox 2106 789 3708 870; baseline -0.007 -16"><span class='ocrx_word' id='word_1_428' title='bbox 2106 800 2276 870; x_wconf 82' lang='lat' dir='ltr'><strong>Cyclo</strong></span> <span class='ocrx_word' id='word_1_429' title='bbox 2304 800 2445 854; x_wconf 73' lang='lat' dir='ltr'><strong>litum</strong></span> <span class='ocrx_word' id='word_1_430' title='bbox 2476 800 2562 864; x_wconf 83' lang='grc'><strong>17,</strong></span> <span class='ocrx_word' id='word_1_431' title='bbox 2603 799 2739 854; x_wconf 89' lang='lat' dir='ltr'><strong>solis</strong></span> <span class='ocrx_word' id='word_1_432' title='bbox 2764 797 2859 862; x_wconf 69' lang='lat'><strong>24,</strong></span> <span class='ocrx_word' id='word_1_433' title='bbox 2896 796 3072 866; x_wconf 88' lang='lat' dir='ltr'><strong>ipsam</strong></span> <span class='ocrx_word' id='word_1_434' title='bbox 3093 794 3436 847; x_wconf 88' lang='lat' dir='ltr'><strong>Dominicam</strong></span> <span class='ocrx_word' id='word_1_435' title='bbox 3470 789 3708 843; x_wconf 71' lang='lat' dir='ltr'><strong>Pascha-</strong></span> 
     </span>
    </p>
   </div>
   <div class='ocr_carea' id='block_1_67' title="bbox 2109 882 3706 962">
    <p class='ocr_par' dir='ltr' id='par_1_67' title="bbox 2109 882 3706 962">
     <span class='ocr_line' id='line_1_67' title="bbox 2109 882 3706 962; baseline -0.009 -14"><span class='ocrx_word' id='word_1_436' title='bbox 2109 894 2181 950; x_wconf 88' lang='lat' dir='ltr'><strong>tis</strong></span> <span class='ocrx_word' id='word_1_437' title='bbox 2215 891 2422 949; x_wconf 82' lang='lat' dir='ltr'><strong>fuisse:</strong></span> <span class='ocrx_word' id='word_1_438' title='bbox 2466 907 2639 962; x_wconf 87' lang='lat' dir='ltr'><strong>quare</strong></span> <span class='ocrx_word' id='word_1_439' title='bbox 2665 904 2987 962; x_wconf 74' lang='lat' dir='ltr'><strong>expungens</strong></span> <span class='ocrx_word' id='word_1_440' title='bbox 3041 888 3105 940; x_wconf 83' lang='grc' dir='ltr'><strong>τὸ</strong></span> <span class='ocrx_word' id='word_1_441' title='bbox 3141 885 3407 955; x_wconf 80' lang='grc' dir='ltr'><strong>πέμπτῃ,</strong></span> <span class='ocrx_word' id='word_1_442' title='bbox 3453 882 3706 953; x_wconf 77' lang='lat' dir='ltr'><strong>imperita</strong></span> 
     </span>
    </p>
   </div>
   <div class='ocr_carea' id='block_1_68' title="bbox 2110 982 3704 1056">
    <p class='ocr_par' dir='ltr' id='par_1_68' title="bbox 2110 982 3704 1056">
     <span class='ocr_line' id='line_1_68' title="bbox 2110 982 3704 1056; baseline -0.009 -14"><span class='ocrx_word' id='word_1_443' title='bbox 2110 1003 2277 1042; x_wconf 87' lang='lat' dir='ltr'><strong>manu</strong></span> <span class='ocrx_word' id='word_1_444' title='bbox 2329 989 2520 1042; x_wconf 76' lang='lat' dir='ltr'><strong>nescio</strong></span> <span class='ocrx_word' id='word_1_445' title='bbox 2576 986 2720 1041; x_wconf 88' lang='lat' dir='ltr'><strong>unde</strong></span> <span class='ocrx_word' id='word_1_446' title='bbox 2771 986 3068 1056; x_wconf 83' lang='lat' dir='ltr'><strong>adjectum,</strong></span> <span class='ocrx_word' id='word_1_447' title='bbox 3116 983 3190 1037; x_wconf 91' lang='lat' dir='ltr'><strong>ita</strong></span> <span class='ocrx_word' id='word_1_448' title='bbox 3232 982 3441 1035; x_wconf 84' lang='lat' dir='ltr'><strong>clarum</strong></span> <span class='ocrx_word' id='word_1_449' title='bbox 3480 991 3704 1033; x_wconf 88' lang='lat' dir='ltr'><strong>sensum</strong></span> 
     </span>
    </p>
   </div>
   <div class='ocr_carea' id='block_1_69' title="bbox 2112 1073 3708 1144">
    <p class='ocr_par' dir='ltr' id='par_1_69' title="bbox 2112 1073 3708 1144">
     <span class='ocr_line' id='line_1_69' title="bbox 2112 1073 3708 1144; baseline -0.008 -12"><span class='ocrx_word' id='word_1_450' title='bbox 2112 1078 2305 1134; x_wconf 81' lang='lat' dir='ltr'><strong>Latine</strong></span> <span class='ocrx_word' id='word_1_451' title='bbox 2338 1079 2566 1134; x_wconf 76' lang='lat' dir='ltr'><strong>reddesi</strong></span> <span class='ocrx_word' id='word_1_452' title='bbox 2613 1080 2956 1134; x_wconf 67' lang='lat' dir='ltr'><strong>«Comitatus</strong></span> <span class='ocrx_word' id='word_1_453' title='bbox 2981 1087 3065 1131; x_wconf 89' lang='lat' dir='ltr'><strong>est</strong></span> <span class='ocrx_word' id='word_1_454' title='bbox 3100 1117 3114 1130; x_wconf 91' lang='lat'><em>.</em></span> <span class='ocrx_word' id='word_1_455' title='bbox 3147 1114 3163 1130; x_wconf 92' lang='lat'><strong><em>.</em></strong></span> <span class='ocrx_word' id='word_1_456' title='bbox 3201 1116 3215 1131; x_wconf 94' lang='lat'><em>.</em></span> <span class='ocrx_word' id='word_1_457' title='bbox 3242 1075 3359 1144; x_wconf 87' lang='lat' dir='ltr'><strong>ipsa</strong></span> <span class='ocrx_word' id='word_1_458' title='bbox 3389 1073 3478 1128; x_wconf 89' lang='lat' dir='ltr'><strong>die</strong></span> <span class='ocrx_word' id='word_1_459' title='bbox 3512 1085 3708 1140; x_wconf 77' lang='lat' dir='ltr'><strong>magna</strong></span> 
     </span>
    </p>
   </div>
   <div class='ocr_carea' id='block_1_70' title="bbox 2109 1163 3708 1242">
    <p class='ocr_par' dir='ltr' id='par_1_70' title="bbox 2109 1163 3708 1242">
     <span class='ocr_line' id='line_1_70' title="bbox 2109 1163 3708 1242; baseline -0.008 -15"><span class='ocrx_word' id='word_1_460' title='bbox 2109 1172 2440 1228; x_wconf 88' lang='lat' dir='ltr'><strong>Paschatis:</strong></span> <span class='ocrx_word' id='word_1_461' title='bbox 2476 1193 2496 1226; x_wconf 81' lang='grc'><strong>›</strong></span> <span class='ocrx_word' id='word_1_462' title='bbox 2533 1188 2641 1242; x_wconf 92' lang='lat' dir='ltr'><strong>quo</strong></span> <span class='ocrx_word' id='word_1_463' title='bbox 2666 1172 2925 1240; x_wconf 87' lang='lat' dir='ltr'><strong>loquendi</strong></span> <span class='ocrx_word' id='word_1_464' title='bbox 2961 1170 3124 1226; x_wconf 89' lang='lat' dir='ltr'><strong>modo</strong></span> <span class='ocrx_word' id='word_1_465' title='bbox 3165 1167 3304 1224; x_wconf 90' lang='lat' dir='ltr'><strong>nihil</strong></span> <span class='ocrx_word' id='word_1_466' title='bbox 3346 1177 3431 1223; x_wconf 89' lang='lat' dir='ltr'><strong>est</strong></span> <span class='ocrx_word' id='word_1_467' title='bbox 3464 1163 3708 1219; x_wconf 76' lang='lat' dir='ltr'><strong>familia-</strong></span> 
     </span>
    </p>
   </div>
   <div class='ocr_carea' id='block_1_71' title="bbox 2113 1259 3190 1334">
    <p class='ocr_par' dir='ltr' id='par_1_71' title="bbox 2113 1259 3190 1334">
     <span class='ocr_line' id='line_1_71' title="bbox 2113 1259 3190 1334; baseline -0.006 -14"><span class='ocrx_word' id='word_1_468' title='bbox 2113 1267 2231 1322; x_wconf 89' lang='lat' dir='ltr'><strong>rius</strong></span> <span class='ocrx_word' id='word_1_469' title='bbox 2260 1259 2468 1321; x_wconf 71' lang='lat' dir='ltr'><strong>Grtecis</strong></span> <span class='ocrx_word' id='word_1_470' title='bbox 2491 1266 2558 1320; x_wconf 90' lang='lat' dir='ltr'><strong>de</strong></span> <span class='ocrx_word' id='word_1_471' title='bbox 2583 1265 2852 1320; x_wconf 82' lang='lat' dir='ltr'><strong>Pascha‘te</strong></span> <span class='ocrx_word' id='word_1_472' title='bbox 2876 1263 3190 1334; x_wconf 83' lang='lat' dir='ltr'><strong>agent-ibus.</strong></span> 
     </span>
    </p>
   </div>
   <div class='ocr_carea' id='block_1_72' title="bbox 2184 1348 3708 1430">
    <p class='ocr_par' dir='ltr' id='par_1_72' title="bbox 2184 1348 3708 1430">
     <span class='ocr_line' id='line_1_72' title="bbox 2184 1348 3708 1430; baseline -0.009 -15"><span class='ocrx_word' id='word_1_473' title='bbox 2184 1362 2241 1416; x_wconf 81' lang='lat' dir='ltr'><strong>ii.</strong></span> <span class='ocrx_word' id='word_1_474' title='bbox 2299 1360 2491 1415; x_wconf 82' lang='lat' dir='ltr'><strong>Annus</strong></span> <span class='ocrx_word' id='word_1_475' title='bbox 2539 1358 2641 1413; x_wconf 77' lang='lat'><strong>536</strong></span> <span class='ocrx_word' id='word_1_476' title='bbox 2696 1361 2772 1411; x_wconf 89' lang='lat' dir='ltr'><strong>ita</strong></span> <span class='ocrx_word' id='word_1_477' title='bbox 2817 1355 3057 1430; x_wconf 84' lang='lat' dir='ltr'><strong>incipit:</strong></span> <span class='ocrx_word' id='word_1_478' title='bbox 3093 1373 3110 1405; x_wconf 73' lang='grc' dir='ltr'><strong>«ι</strong></span> <span class='ocrx_word' id='word_1_479' title='bbox 3148 1351 3261 1405; x_wconf 89' lang='lat' dir='ltr'><strong>Hoc</strong></span> <span class='ocrx_word' id='word_1_480' title='bbox 3305 1366 3449 1405; x_wconf 88' lang='lat' dir='ltr'><strong>anno</strong></span> <span class='ocrx_word' id='word_1_481' title='bbox 3497 1348 3708 1413; x_wconf 80' lang='lat' dir='ltr'><strong>mensis</strong></span> 
     </span>
    </p>
   </div>
   <div class='ocr_carea' id='block_1_73' title="bbox 2112 1440 3709 1524">
    <p class='ocr_par' dir='ltr' id='par_1_73' title="bbox 2112 1440 3709 1524">
     <span class='ocr_line' id='line_1_73' title="bbox 2112 1440 3709 1524; baseline -0.011 -16"><span class='ocrx_word' id='word_1_482' title='bbox 2112 1454 2454 1524; x_wconf 84' lang='lat' dir='ltr'><strong>Septembris</strong></span> <span class='ocrx_word' id='word_1_483' title='bbox 2488 1458 2646 1507; x_wconf 64' lang='lat' dir='ltr'><strong>serito</strong></span> <span class='ocrx_word' id='word_1_484' title='bbox 2699 1450 2810 1514; x_wconf 83' lang='lat' dir='ltr'><strong>die,</strong></span> <span class='ocrx_word' id='word_1_485' title='bbox 2837 1446 3198 1503; x_wconf 83' lang='lat' dir='ltr'><strong>hebdomadis</strong></span> <span class='ocrx_word' id='word_1_486' title='bbox 3232 1444 3408 1513; x_wconf 87' lang='lat' dir='ltr'><strong>primo</strong></span> <span class='ocrx_word' id='word_1_487' title='bbox 3439 1440 3709 1494; x_wconf 79' lang='grc' dir='ltr'><strong>ῑνδικτιῶ-</strong></span> 
     </span>
    </p>
   </div>
   <div class='ocr_carea' id='block_1_74' title="bbox 2113 1532 3714 1615">
    <p class='ocr_par' dir='ltr' id='par_1_74' title="bbox 2113 1532 3714 1615">
     <span class='ocr_line' id='line_1_74' title="bbox 2113 1532 3714 1615; baseline -0.01 -15"><span class='ocrx_word' id='word_1_488' title='bbox 2113 1564 2204 1610; x_wconf 84' lang='grc' dir='ltr'><strong>νος</strong></span> <span class='ocrx_word' id='word_1_489' title='bbox 2249 1545 2511 1615; x_wconf 77' lang='grc' dir='ltr'><strong>ἑϐδόμης,</strong></span> <span class='ocrx_word' id='word_1_490' title='bbox 2548 1552 2607 1598; x_wconf 80' lang='grc' dir='ltr'>ιιι</span> <span class='ocrx_word' id='word_1_491' title='bbox 2639 1555 2725 1599; x_wconf 84' lang='lat' dir='ltr'><strong>est</strong></span> <span class='ocrx_word' id='word_1_492' title='bbox 2765 1543 2819 1596; x_wconf 90' lang='lat' dir='ltr'><strong>in</strong></span> <span class='ocrx_word' id='word_1_493' title='bbox 2853 1540 3040 1595; x_wconf 67' lang='lat' dir='ltr'><strong>Graeco</strong></span> <span class='ocrx_word' id='word_1_494' title='bbox 3074 1555 3088 1593; x_wconf 89' lang='lat'><strong>:</strong></span> <span class='ocrx_word' id='word_1_495' title='bbox 3137 1552 3245 1592; x_wconf 90' lang='lat' dir='ltr'><strong>non</strong></span> <span class='ocrx_word' id='word_1_496' title='bbox 3295 1536 3463 1606; x_wconf 81' lang='lat' dir='ltr'><strong>igitur</strong></span> <span class='ocrx_word' id='word_1_497' title='bbox 3495 1532 3714 1586; x_wconf 89' lang='lat' dir='ltr'><strong>erudito</strong></span> 
     </span>
    </p>
   </div>
   <div class='ocr_carea' id='block_1_75' title="bbox 2117 1626 3714 1708">
    <p class='ocr_par' dir='ltr' id='par_1_75' title="bbox 2117 1626 3714 1708">
     <span class='ocr_line' id='line_1_75' title="bbox 2117 1626 3714 1708; baseline -0.012 -14"><span class='ocrx_word' id='word_1_498' title='bbox 2117 1637 2406 1708; x_wconf 83' lang='lat' dir='ltr'><strong>interpreti</strong></span> <span class='ocrx_word' id='word_1_499' title='bbox 2434 1636 2567 1691; x_wconf 90' lang='lat' dir='ltr'><strong>vitio</strong></span> <span class='ocrx_word' id='word_1_500' title='bbox 2593 1639 2861 1698; x_wconf 74' lang='lat' dir='ltr'><strong>vertatur,</strong></span> <span class='ocrx_word' id='word_1_501' title='bbox 2908 1631 3053 1703; x_wconf 89' lang='lat' dir='ltr'><strong>quod</strong></span> <span class='ocrx_word' id='word_1_502' title='bbox 3099 1628 3316 1684; x_wconf 88' lang='lat' dir='ltr'><strong>librarii</strong></span> <span class='ocrx_word' id='word_1_503' title='bbox 3361 1626 3714 1694; x_wconf 64' lang='lat' dir='ltr'><strong>praecipitan-</strong></span> 
     </span>
    </p>
   </div>
   <div class='ocr_carea' id='block_1_76' title="bbox 2121 1715 3718 1790">
    <p class='ocr_par' dir='ltr' id='par_1_76' title="bbox 2121 1715 3718 1790">
     <span class='ocr_line' id='line_1_76' title="bbox 2121 1715 3718 1790; baseline -0.011 -4"><span class='ocrx_word' id='word_1_504' title='bbox 2121 1733 2202 1786; x_wconf 86' lang='lat' dir='ltr'><strong>tia</strong></span> <span class='ocrx_word' id='word_1_505' title='bbox 2262 1719 2458 1785; x_wconf 84' lang='lat' dir='ltr'><strong>Latine</strong></span> <span class='ocrx_word' id='word_1_506' title='bbox 2513 1729 2828 1784; x_wconf 75' lang='lat' dir='ltr'><strong>inveniatur</strong></span> <span class='ocrx_word' id='word_1_507' title='bbox 2899 1723 3254 1778; x_wconf 71' lang='lat' dir='ltr'><strong>cindictione</strong></span> <span class='ocrx_word' id='word_1_508' title='bbox 3325 1721 3547 1790; x_wconf 85' lang='lat' dir='ltr'><strong>prima;</strong></span> <span class='ocrx_word' id='word_1_509' title='bbox 3621 1715 3718 1770; x_wconf 90' lang='lat' dir='ltr'><strong>sed</strong></span> 
     </span>
    </p>
   </div>
   <div class='ocr_carea' id='block_1_77' title="bbox 2120 1811 3720 1896">
    <p class='ocr_par' dir='ltr' id='par_1_77' title="bbox 2120 1811 3720 1896">
     <span class='ocr_line' id='line_1_77' title="bbox 2120 1811 3720 1896; baseline -0.009 -17"><span class='ocrx_word' id='word_1_510' title='bbox 2120 1827 2332 1896; x_wconf 82' lang='lat' dir='ltr'><strong>legatur</strong></span> <span class='ocrx_word' id='word_1_511' title='bbox 2369 1824 2600 1895; x_wconf 75' lang='lat' dir='ltr'><strong>septima</strong></span> <span class='ocrx_word' id='word_1_512' title='bbox 2635 1839 2650 1875; x_wconf 90' lang='lat'><strong>:</strong></span> <span class='ocrx_word' id='word_1_513' title='bbox 2685 1835 2705 1873; x_wconf 66' lang='grc' dir='ltr'><strong><em>ι</em></strong></span> <span class='ocrx_word' id='word_1_514' title='bbox 2750 1830 2805 1875; x_wconf 93' lang='lat' dir='ltr'><strong>et</strong></span> <span class='ocrx_word' id='word_1_515' title='bbox 2833 1819 3052 1874; x_wconf 86' lang='lat' dir='ltr'><strong>debitus</strong></span> <span class='ocrx_word' id='word_1_516' title='bbox 3087 1817 3235 1870; x_wconf 91' lang='lat' dir='ltr'><strong>inter</strong></span> <span class='ocrx_word' id='word_1_517' title='bbox 3269 1814 3633 1867; x_wconf 61' lang='lat' dir='ltr'><strong>indit-tionem</strong></span> <span class='ocrx_word' id='word_1_518' title='bbox 3684 1811 3720 1865; x_wconf 87' lang='lat'><strong>5</strong></span> 
     </span>
    </p>
   </div>
   <div class='ocr_carea' id='block_1_78' title="bbox 2123 1903 3709 1979">
    <p class='ocr_par' dir='ltr' id='par_1_78' title="bbox 2123 1903 3709 1979">
     <span class='ocr_line' id='line_1_78' title="bbox 2123 1903 3709 1979; baseline -0.011 -6"><span class='ocrx_word' id='word_1_519' title='bbox 2123 1920 2250 1973; x_wconf 89' lang='lat' dir='ltr'><strong>anni</strong></span> <span class='ocrx_word' id='word_1_520' title='bbox 2285 1915 2412 1979; x_wconf 70' lang='lat'><strong>534,</strong></span> <span class='ocrx_word' id='word_1_521' title='bbox 2447 1923 2502 1970; x_wconf 90' lang='lat' dir='ltr'><strong>et</strong></span> <span class='ocrx_word' id='word_1_522' title='bbox 2549 1912 2910 1969; x_wconf 85' lang='lat' dir='ltr'><strong>indictionem</strong></span> <span class='ocrx_word' id='word_1_523' title='bbox 2949 1910 3010 1963; x_wconf 81' lang='grc'><strong>11</strong></span> <span class='ocrx_word' id='word_1_524' title='bbox 3066 1905 3197 1962; x_wconf 89' lang='lat' dir='ltr'><strong>anni</strong></span> <span class='ocrx_word' id='word_1_525' title='bbox 3227 1905 3332 1960; x_wconf 75' lang='grc'><strong>5-10</strong></span> <span class='ocrx_word' id='word_1_526' title='bbox 3363 1903 3499 1958; x_wconf 90' lang='lat' dir='ltr'><strong>ordo</strong></span> <span class='ocrx_word' id='word_1_527' title='bbox 3530 1916 3709 1958; x_wconf 84' lang='lat' dir='ltr'><strong>serva-</strong></span> 
     </span>
    </p>
   </div>
   <div class='ocr_carea' id='block_1_79' title="bbox 2125 2009 2590 2068">
    <p class='ocr_par' dir='ltr' id='par_1_79' title="bbox 2125 2009 2590 2068">
     <span class='ocr_line' id='line_1_79' title="bbox 2125 2009 2590 2068; baseline -0.019 0"><span class='ocrx_word' id='word_1_528' title='bbox 2125 2022 2216 2068; x_wconf 89' lang='lat' dir='ltr'><strong>tus</strong></span> <span class='ocrx_word' id='word_1_529' title='bbox 2253 2009 2590 2066; x_wconf 85' lang='lat' dir='ltr'><strong>invenietur.</strong></span> 
     </span>
    </p>
   </div>
   <div class='ocr_carea' id='block_1_80' title="bbox 2197 2088 3718 2171">
    <p class='ocr_par' dir='ltr' id='par_1_80' title="bbox 2197 2088 3718 2171">
     <span class='ocr_line' id='line_1_80' title="bbox 2197 2088 3718 2171; baseline -0.012 -11"><span class='ocrx_word' id='word_1_530' title='bbox 2197 2122 2284 2161; x_wconf 84' lang='grc' dir='ltr'>ι-ιι.</span> <span class='ocrx_word' id='word_1_531' title='bbox 2345 2106 2506 2159; x_wconf 77' lang='lat' dir='ltr'><strong>Anno</strong></span> <span class='ocrx_word' id='word_1_532' title='bbox 2543 2100 2650 2157; x_wconf 63' lang='grc'><strong>542</strong></span> <span class='ocrx_word' id='word_1_533' title='bbox 2675 2106 2801 2171; x_wconf 88' lang='lat' dir='ltr'><strong>post</strong></span> <span class='ocrx_word' id='word_1_534' title='bbox 2829 2095 3096 2158; x_wconf 88' lang='lat' dir='ltr'><strong>medium,</strong></span> <span class='ocrx_word' id='word_1_535' title='bbox 3129 2113 3150 2146; x_wconf 72' lang='grc' dir='ltr'>ι</span> <span class='ocrx_word' id='word_1_536' title='bbox 3188 2091 3348 2148; x_wconf 54' lang='lat' dir='ltr'><strong>ﬁdis</strong></span> <span class='ocrx_word' id='word_1_537' title='bbox 3385 2088 3718 2144; x_wconf 85' lang='lat' dir='ltr'><strong>Sanctorum</strong></span> 
     </span>
    </p>
   </div>
   <div class='ocr_carea' id='block_1_81' title="bbox 2124 2181 3721 2269">
    <p class='ocr_par' dir='ltr' id='par_1_81' title="bbox 2124 2181 3721 2269">
     <span class='ocr_line' id='line_1_81' title="bbox 2124 2181 3721 2269; baseline -0.013 -15"><span class='ocrx_word' id='word_1_538' title='bbox 2124 2197 2517 2269; x_wconf 71' lang='lat' dir='ltr'><strong>Apostolorum</strong></span> <span class='ocrx_word' id='word_1_539' title='bbox 2582 2192 2933 2248; x_wconf 81' lang='lat' dir='ltr'><strong>consecratio</strong></span> <span class='ocrx_word' id='word_1_540' title='bbox 2984 2188 3134 2244; x_wconf 84' lang='lat' dir='ltr'><strong>facta</strong></span> <span class='ocrx_word' id='word_1_541' title='bbox 3174 2186 3382 2241; x_wconf 91' lang='lat' dir='ltr'><strong>dicitur</strong></span> <span class='ocrx_word' id='word_1_542' title='bbox 3430 2182 3538 2239; x_wconf 90' lang='lat' dir='ltr'><strong>CP.</strong></span> <span class='ocrx_word' id='word_1_543' title='bbox 3590 2181 3721 2238; x_wconf 73' lang='lat' dir='ltr'><strong>Julii</strong></span> 
     </span>
    </p>
   </div>
   <div class='ocr_carea' id='block_1_82' title="bbox 2127 2275 3726 2351">
    <p class='ocr_par' dir='ltr' id='par_1_82' title="bbox 2127 2275 3726 2351">
     <span class='ocr_line' id='line_1_82' title="bbox 2127 2275 3726 2351; baseline -0.011 -5"><span class='ocrx_word' id='word_1_544' title='bbox 2127 2290 2335 2346; x_wconf 85' lang='lat' dir='ltr'><strong>mensis</strong></span> <span class='ocrx_word' id='word_1_545' title='bbox 2379 2287 2470 2342; x_wconf 88' lang='lat' dir='ltr'><strong>die</strong></span> <span class='ocrx_word' id='word_1_546' title='bbox 2505 2285 2598 2351; x_wconf 79' lang='lat'><strong>28,</strong></span> <span class='ocrx_word' id='word_1_547' title='bbox 2632 2283 2794 2339; x_wconf 89' lang='lat' dir='ltr'><strong>tertia</strong></span> <span class='ocrx_word' id='word_1_548' title='bbox 2839 2280 3015 2335; x_wconf 76' lang='lat' dir='ltr'><strong>feria:</strong></span> <span class='ocrx_word' id='word_1_549' title='bbox 3057 2298 3077 2331; x_wconf 83' lang='grc'>›</span> <span class='ocrx_word' id='word_1_550' title='bbox 3135 2277 3226 2332; x_wconf 89' lang='lat' dir='ltr'><strong>ubi</strong></span> <span class='ocrx_word' id='word_1_551' title='bbox 3256 2276 3310 2330; x_wconf 92' lang='lat' dir='ltr'><strong>in</strong></span> <span class='ocrx_word' id='word_1_552' title='bbox 3343 2275 3534 2329; x_wconf 72' lang='lat' dir='ltr'><strong>Grmco</strong></span> <span class='ocrx_word' id='word_1_553' title='bbox 3567 2284 3726 2343; x_wconf 65' lang='lat' dir='ltr'><strong>aequo</strong></span> 
     </span>
    </p>
   </div>
   <div class='ocr_carea' id='block_1_83' title="bbox 2127 2367 3725 2439">
    <p class='ocr_par' dir='ltr' id='par_1_83' title="bbox 2127 2367 3725 2439">
     <span class='ocr_line' id='line_1_83' title="bbox 2127 2367 3725 2439; baseline -0.011 0"><span class='ocrx_word' id='word_1_554' title='bbox 2127 2398 2193 2439; x_wconf 87' lang='lat' dir='ltr'><strong>ac</strong></span> <span class='ocrx_word' id='word_1_555' title='bbox 2218 2381 2415 2436; x_wconf 86' lang='lat' dir='ltr'><strong>Latino</strong></span> <span class='ocrx_word' id='word_1_556' title='bbox 2447 2387 2600 2434; x_wconf 78' lang='lat' dir='ltr'><strong>textu</strong></span> <span class='ocrx_word' id='word_1_557' title='bbox 2633 2375 2834 2432; x_wconf 83' lang='lat' dir='ltr'><strong>Junius</strong></span> <span class='ocrx_word' id='word_1_558' title='bbox 2858 2372 3068 2428; x_wconf 83' lang='lat' dir='ltr'><strong>mensis</strong></span> <span class='ocrx_word' id='word_1_559' title='bbox 3101 2378 3249 2427; x_wconf 85' lang='lat' dir='ltr'><strong>esset</strong></span> <span class='ocrx_word' id='word_1_560' title='bbox 3296 2367 3725 2425; x_wconf 80' lang='lat' dir='ltr'><strong>substituendus</strong></span> 
     </span>
    </p>
   </div>
   <div class='ocr_carea' id='block_1_84' title="bbox 2127 2457 3724 2547">
    <p class='ocr_par' dir='ltr' id='par_1_84' title="bbox 2127 2457 3724 2547">
     <span class='ocr_line' id='line_1_84' title="bbox 2127 2457 3724 2547; baseline -0.012 -16"><span class='ocrx_word' id='word_1_561' title='bbox 2127 2490 2232 2547; x_wconf 91' lang='lat' dir='ltr'><strong>pro</strong></span> <span class='ocrx_word' id='word_1_562' title='bbox 2255 2473 2425 2540; x_wconf 86' lang='lat' dir='ltr'><strong>Julio,</strong></span> <span class='ocrx_word' id='word_1_563' title='bbox 2455 2480 2516 2526; x_wconf 80' lang='lat' dir='ltr'><strong>ut</strong></span> <span class='ocrx_word' id='word_1_564' title='bbox 2554 2469 2725 2542; x_wconf 84' lang='lat' dir='ltr'><strong>Cyelo</strong></span> <span class='ocrx_word' id='word_1_565' title='bbox 2772 2467 2908 2524; x_wconf 87' lang='lat' dir='ltr'><strong>solis</strong></span> <span class='ocrx_word' id='word_1_566' title='bbox 2945 2465 3036 2531; x_wconf 74' lang='lat'><strong>2&#39;7,</strong></span> <span class='ocrx_word' id='word_1_567' title='bbox 3062 2465 3247 2518; x_wconf 85' lang='lat' dir='ltr'><strong>littera</strong></span> <span class='ocrx_word' id='word_1_568' title='bbox 3296 2460 3625 2518; x_wconf 84' lang='lat' dir='ltr'><strong>Dominieali</strong></span> <span class='ocrx_word' id='word_1_569' title='bbox 3661 2457 3724 2526; x_wconf 85' lang='grc' dir='ltr'><strong>Β,</strong></span> 
     </span>
    </p>
   </div>
   <div class='ocr_carea' id='block_1_85' title="bbox 2128 2553 3727 2634">
    <p class='ocr_par' dir='ltr' id='par_1_85' title="bbox 2128 2553 3727 2634">
     <span class='ocr_line' id='line_1_85' title="bbox 2128 2553 3727 2634; baseline -0.008 -13"><span class='ocrx_word' id='word_1_570' title='bbox 2128 2570 2270 2634; x_wconf 84' lang='lat' dir='ltr'><strong>dies,</strong></span> <span class='ocrx_word' id='word_1_571' title='bbox 2293 2565 2522 2630; x_wconf 82' lang='lat' dir='ltr'><strong>mensis,</strong></span> <span class='ocrx_word' id='word_1_572' title='bbox 2548 2573 2604 2618; x_wconf 91' lang='lat' dir='ltr'><strong>et</strong></span> <span class='ocrx_word' id='word_1_573' title='bbox 2633 2560 2993 2618; x_wconf 82' lang='lat' dir='ltr'><strong>hebdomadis</strong></span> <span class='ocrx_word' id='word_1_574' title='bbox 3021 2558 3158 2613; x_wconf 81' lang='lat' dir='ltr'><strong>feria</strong></span> <span class='ocrx_word' id='word_1_575' title='bbox 3181 2563 3332 2612; x_wconf 88' lang='lat' dir='ltr'><strong>recte</strong></span> <span class='ocrx_word' id='word_1_576' title='bbox 3355 2553 3685 2609; x_wconf 80' lang='lat' dir='ltr'><strong>conveniant</strong></span> <span class='ocrx_word' id='word_1_577' title='bbox 3707 2570 3727 2608; x_wconf 90' lang='lat'><strong>:</strong></span> 
     </span>
    </p>
   </div>
   <div class='ocr_carea' id='block_1_86' title="bbox 2129 2649 3729 2732">
    <p class='ocr_par' dir='ltr' id='par_1_86' title="bbox 2129 2649 3729 2732">
     <span class='ocr_line' id='line_1_86' title="bbox 2129 2649 3729 2732; baseline -0.011 -14"><span class='ocrx_word' id='word_1_578' title='bbox 2129 2663 2314 2732; x_wconf 85' lang='lat' dir='ltr'><strong>itaque</strong></span> <span class='ocrx_word' id='word_1_579' title='bbox 2346 2657 2678 2714; x_wconf 79' lang='lat' dir='ltr'><strong>Anastasius</strong></span> <span class='ocrx_word' id='word_1_580' title='bbox 2711 2653 3174 2709; x_wconf 84' lang='lat' dir='ltr'><strong>bibliothecarius</strong></span> <span class='ocrx_word' id='word_1_581' title='bbox 3221 2649 3289 2703; x_wconf 86' lang='lat' dir='ltr'><strong>ad</strong></span> <span class='ocrx_word' id='word_1_582' title='bbox 3331 2661 3534 2703; x_wconf 87' lang='lat' dir='ltr'><strong>annum</strong></span> <span class='ocrx_word' id='word_1_583' title='bbox 3583 2661 3729 2715; x_wconf 65' lang='lat' dir='ltr'><strong>prae»</strong></span> 
     </span>
    </p>
   </div>
   <div class='ocr_carea' id='block_1_87' title="bbox 2132 2737 3728 2823">
    <p class='ocr_par' dir='ltr' id='par_1_87' title="bbox 2132 2737 3728 2823">
     <span class='ocr_line' id='line_1_87' title="bbox 2132 2737 3728 2823; baseline -0.012 -13"><span class='ocrx_word' id='word_1_584' title='bbox 2132 2756 2299 2810; x_wconf 75' lang='lat' dir='ltr'><strong>fatum</strong></span> <span class='ocrx_word' id='word_1_585' title='bbox 2332 2752 2464 2823; x_wconf 79' lang='lat' dir='ltr'><strong>legit</strong></span> <span class='ocrx_word' id='word_1_586' title='bbox 2489 2760 2544 2808; x_wconf 89' lang='lat' dir='ltr'><strong>et</strong></span> <span class='ocrx_word' id='word_1_587' title='bbox 2579 2748 2764 2814; x_wconf 78' lang='lat' dir='ltr'><strong>vertit,</strong></span> <span class='ocrx_word' id='word_1_588' title='bbox 2796 2746 2903 2803; x_wconf 89' lang='lat' dir='ltr'><strong>nisi</strong></span> <span class='ocrx_word' id='word_1_589' title='bbox 2937 2743 3087 2817; x_wconf 86' lang='lat' dir='ltr'><strong>quod</strong></span> <span class='ocrx_word' id='word_1_590' title='bbox 3131 2745 3186 2800; x_wconf 88' lang='lat' dir='ltr'><strong>in</strong></span> <span class='ocrx_word' id='word_1_591' title='bbox 3232 2737 3531 2796; x_wconf 89' lang='lat' dir='ltr'><strong>Parisiensi</strong></span> <span class='ocrx_word' id='word_1_592' title='bbox 3576 2737 3728 2823; x_wconf 70' lang='lat' dir='ltr'><strong>regia</strong></span> 
     </span>
    </p>
   </div>
   <div class='ocr_carea' id='block_1_88' title="bbox 2129 2813 3726 2916">
    <p class='ocr_par' dir='ltr' id='par_1_88' title="bbox 2129 2813 3726 2916">
     <span class='ocr_line' id='line_1_88' title="bbox 2129 2813 3726 2916; baseline -0.014 -14"><span class='ocrx_word' id='word_1_593' title='bbox 2129 2813 2894 2916; x_wconf 51' lang='lat' dir='ltr'><strong>editione:typographorum</strong></span> <span class='ocrx_word' id='word_1_594' title='bbox 2950 2813 3168 2892; x_wconf 85' lang='lat' dir='ltr'><strong>incuria</strong></span> <span class='ocrx_word' id='word_1_595' title='bbox 3218 2834 3273 2888; x_wconf 90' lang='lat' dir='ltr'><strong>in</strong></span> <span class='ocrx_word' id='word_1_596' title='bbox 3321 2831 3486 2886; x_wconf 88' lang='lat' dir='ltr'><strong>annis</strong></span> <span class='ocrx_word' id='word_1_597' title='bbox 3534 2813 3726 2884; x_wconf 62' lang='lat' dir='ltr'><strong>Mundi</strong></span> 
     </span>
    </p>
   </div>
   <div class='ocr_carea' id='block_1_89' title="bbox 2129 2921 3728 3006">
    <p class='ocr_par' dir='ltr' id='par_1_89' title="bbox 2129 2921 3728 3006">
     <span class='ocr_line' id='line_1_89' title="bbox 2129 2921 3728 3006; baseline -0.011 -11"><span class='ocrx_word' id='word_1_598' title='bbox 2129 2952 2184 2996; x_wconf 79' lang='lat' dir='ltr'><strong>et</strong></span> <span class='ocrx_word' id='word_1_599' title='bbox 2233 2937 2447 2995; x_wconf 74' lang='lat' dir='ltr'><strong>Christi-</strong></span> <span class='ocrx_word' id='word_1_600' title='bbox 2497 2936 2568 2993; x_wconf 68' lang='grc'><strong>46</strong></span> <span class='ocrx_word' id='word_1_601' title='bbox 2630 2949 2730 3006; x_wconf 92' lang='lat' dir='ltr'><strong>pro</strong></span> <span class='ocrx_word' id='word_1_602' title='bbox 2777 2932 2849 2986; x_wconf 73' lang='grc'><strong>42</strong></span> <span class='ocrx_word' id='word_1_603' title='bbox 2895 2931 3131 3001; x_wconf 80' lang='lat' dir='ltr'><strong>legatur,</strong></span> <span class='ocrx_word' id='word_1_604' title='bbox 3165 2942 3233 2982; x_wconf 82' lang='lat' dir='ltr'><strong>ex</strong></span> <span class='ocrx_word' id='word_1_605' title='bbox 3271 2921 3728 2981; x_wconf 66' lang='lat' dir='ltr'><strong>antecedentibus</strong></span> 
     </span>
    </p>
   </div>
   <div class='ocr_carea' id='block_1_90' title="bbox 2131 3015 3729 3102">
    <p class='ocr_par' dir='ltr' id='par_1_90' title="bbox 2131 3015 3729 3102">
     <span class='ocr_line' id='line_1_90' title="bbox 2131 3015 3729 3102; baseline -0.014 -13"><span class='ocrx_word' id='word_1_606' title='bbox 2131 3041 2191 3089; x_wconf 86' lang='lat' dir='ltr'><strong>et</strong></span> <span class='ocrx_word' id='word_1_607' title='bbox 2231 3027 2705 3102; x_wconf 74' lang='lat' dir='ltr'><strong>consequentibus</strong></span> <span class='ocrx_word' id='word_1_608' title='bbox 2739 3025 2887 3080; x_wconf 84' lang='lat' dir='ltr'><strong>haud</strong></span> <span class='ocrx_word' id='word_1_609' title='bbox 2929 3021 3230 3079; x_wconf 81' lang='lat' dir='ltr'><strong>diﬂiculter</strong></span> <span class='ocrx_word' id='word_1_610' title='bbox 3266 3015 3596 3090; x_wconf 84' lang='lat' dir='ltr'><strong>corrigendo</strong></span> <span class='ocrx_word' id='word_1_611' title='bbox 3637 3028 3729 3068; x_wconf 91' lang='lat' dir='ltr'><strong>er-</strong></span> 
     </span>
    </p>
   </div>
   <div class='ocr_carea' id='block_1_91' title="bbox 2138 3139 2288 3180">
    <p class='ocr_par' dir='ltr' id='par_1_91' title="bbox 2138 3139 2288 3180">
     <span class='ocr_line' id='line_1_91' title="bbox 2138 3139 2288 3180; baseline -0.013 0"><span class='ocrx_word' id='word_1_612' title='bbox 2138 3139 2288 3180; x_wconf 82' lang='lat' dir='ltr'><strong>rore.</strong></span> 
     </span>
    </p>
   </div>
   <div class='ocr_carea' id='block_1_92' title="bbox 2212 3195 3733 3280">
    <p class='ocr_par' dir='ltr' id='par_1_92' title="bbox 2212 3195 3733 3280">
     <span class='ocr_line' id='line_1_92' title="bbox 2212 3195 3733 3280; baseline -0.014 -11"><span class='ocrx_word' id='word_1_613' title='bbox 2212 3221 2287 3269; x_wconf 76' lang='lat' dir='ltr'><strong>tv‘.</strong></span> <span class='ocrx_word' id='word_1_614' title='bbox 2329 3213 2548 3268; x_wconf 83' lang='lat' dir='ltr'><strong>Annum</strong></span> <span class='ocrx_word' id='word_1_615' title='bbox 2590 3209 2836 3280; x_wconf 71' lang='lat' dir='ltr'><strong>proxime</strong></span> <span class='ocrx_word' id='word_1_616' title='bbox 2859 3211 3183 3277; x_wconf 87' lang='lat' dir='ltr'><strong>sequentem</strong></span> <span class='ocrx_word' id='word_1_617' title='bbox 3215 3203 3272 3257; x_wconf 90' lang='lat' dir='ltr'><strong>i-n</strong></span> <span class='ocrx_word' id='word_1_618' title='bbox 3303 3199 3496 3257; x_wconf 71' lang='lat' dir='ltr'><strong>Grazco</strong></span> <span class='ocrx_word' id='word_1_619' title='bbox 3523 3195 3733 3268; x_wconf 90' lang='lat' dir='ltr'><strong>pariter</strong></span> 
     </span>
    </p>
   </div>
   <div class='ocr_carea' id='block_1_93' title="bbox 2135 3289 3735 3358">
    <p class='ocr_par' dir='ltr' id='par_1_93' title="bbox 2135 3289 3735 3358">
     <span class='ocr_line' id='line_1_93' title="bbox 2135 3289 3735 3358; baseline -0.012 0"><span class='ocrx_word' id='word_1_620' title='bbox 2135 3313 2190 3358; x_wconf 75' lang='lat' dir='ltr'><strong>e1</strong></span> <span class='ocrx_word' id='word_1_621' title='bbox 2247 3305 2416 3358; x_wconf 79' lang='lat' dir='ltr'><strong>tatin</strong></span> <span class='ocrx_word' id='word_1_622' title='bbox 2478 3310 2634 3355; x_wconf 79' lang='lat' dir='ltr'><strong>textu</strong></span> <span class='ocrx_word' id='word_1_623' title='bbox 2696 3297 2948 3354; x_wconf 80' lang='lat' dir='ltr'><strong>Narsctis</strong></span> <span class='ocrx_word' id='word_1_624' title='bbox 3006 3296 3274 3351; x_wconf 85' lang='lat' dir='ltr'><strong>adversus</strong></span> <span class='ocrx_word' id='word_1_625' title='bbox 3328 3289 3561 3347; x_wconf 86' lang='lat' dir='ltr'><strong>Gottbos</strong></span> <span class='ocrx_word' id='word_1_626' title='bbox 3607 3301 3735 3357; x_wconf 76' lang='lat' dir='ltr'><strong>pro-</strong></span> 
     </span>
    </p>
   </div>
   <div class='ocr_carea' id='block_1_94' title="bbox 2135 3378 3735 3463">
    <p class='ocr_par' dir='ltr' id='par_1_94' title="bbox 2135 3378 3735 3463">
     <span class='ocr_line' id='line_1_94' title="bbox 2135 3378 3735 3463; baseline -0.013 -10"><span class='ocrx_word' id='word_1_627' title='bbox 2135 3396 2299 3453; x_wconf 74' lang='lat' dir='ltr'><strong>fectio</strong></span> <span class='ocrx_word' id='word_1_628' title='bbox 2331 3395 2546 3463; x_wconf 87' lang='lat' dir='ltr'><strong>incipit,</strong></span> <span class='ocrx_word' id='word_1_629' title='bbox 2575 3401 2629 3448; x_wconf 87' lang='lat' dir='ltr'><strong>et</strong></span> <span class='ocrx_word' id='word_1_630' title='bbox 2670 3391 2926 3462; x_wconf 82' lang='lat' dir='ltr'><strong>signatur</strong></span> <span class='ocrx_word' id='word_1_631' title='bbox 2970 3409 2996 3439; x_wconf 80' lang='lat' dir='ltr'><strong>r-</strong></span> <span class='ocrx_word' id='word_1_632' title='bbox 3026 3387 3336 3443; x_wconf 81' lang='lat' dir='ltr'><strong>ludictione</strong></span> <span class='ocrx_word' id='word_1_633' title='bbox 3371 3389 3570 3454; x_wconf 89' lang='lat' dir='ltr'><strong>quarta</strong></span> <span class='ocrx_word' id='word_1_634' title='bbox 3617 3378 3735 3434; x_wconf 82' lang='lat' dir='ltr'><strong>sive</strong></span> 
     </span>
    </p>
   </div>
   <div class='ocr_carea' id='block_1_95' title="bbox 2134 3469 3735 3554">
    <p class='ocr_par' dir='ltr' id='par_1_95' title="bbox 2134 3469 3735 3554">
     <span class='ocr_line' id='line_1_95' title="bbox 2134 3469 3735 3554; baseline -0.013 -10"><span class='ocrx_word' id='word_1_635' title='bbox 2134 3491 2176 3544; x_wconf 75' lang='grc' dir='ltr'><strong>δ’</strong></span> <span class='ocrx_word' id='word_1_636' title='bbox 2210 3507 2224 3543; x_wconf 89' lang='lat'><strong>:</strong></span> <span class='ocrx_word' id='word_1_637' title='bbox 2262 3508 2282 3542; x_wconf 73' lang='grc' dir='ltr'>ι</span> <span class='ocrx_word' id='word_1_638' title='bbox 2337 3489 2435 3544; x_wconf 87' lang='lat' dir='ltr'><strong>sed</strong></span> <span class='ocrx_word' id='word_1_639' title='bbox 2490 3502 2557 3541; x_wconf 73' lang='lat' dir='ltr'><strong>ex</strong></span> <span class='ocrx_word' id='word_1_640' title='bbox 2611 3500 2780 3549; x_wconf 78' lang='lat' dir='ltr'><strong>anno,</strong></span> <span class='ocrx_word' id='word_1_641' title='bbox 2820 3498 2984 3554; x_wconf 83' lang='lat' dir='ltr'><strong>quem</strong></span> <span class='ocrx_word' id='word_1_642' title='bbox 3022 3477 3340 3534; x_wconf 86' lang='lat' dir='ltr'><strong>innnediate</strong></span> <span class='ocrx_word' id='word_1_643' title='bbox 3366 3484 3487 3546; x_wconf 84' lang='lat' dir='ltr'><strong>post</strong></span> <span class='ocrx_word' id='word_1_644' title='bbox 3530 3491 3548 3524; x_wconf 72' lang='grc' dir='ltr'><strong>ε</strong></span> <span class='ocrx_word' id='word_1_645' title='bbox 3585 3469 3735 3527; x_wconf 82' lang='lat' dir='ltr'><strong>Indi-</strong></span> 
     </span>
    </p>
   </div>
   <div class='ocr_carea' id='block_1_96' title="bbox 2133 3562 3734 3648">
    <p class='ocr_par' dir='ltr' id='par_1_96' title="bbox 2133 3562 3734 3648">
     <span class='ocr_line' id='line_1_96' title="bbox 2133 3562 3734 3648; baseline -0.012 -12"><span class='ocrx_word' id='word_1_646' title='bbox 2133 3582 2244 3636; x_wconf 88' lang='lat' dir='ltr'><strong>ctio</strong></span> <span class='ocrx_word' id='word_1_647' title='bbox 2279 3581 2494 3635; x_wconf 79' lang='lat' dir='ltr'><strong>decima</strong></span> <span class='ocrx_word' id='word_1_648' title='bbox 2529 3578 2748 3648; x_wconf 86' lang='lat' dir='ltr'><strong>quinta,</strong></span> <span class='ocrx_word' id='word_1_649' title='bbox 2781 3593 2800 3626; x_wconf 73' lang='grc' dir='ltr'><strong>ι</strong></span> <span class='ocrx_word' id='word_1_650' title='bbox 2839 3571 2897 3627; x_wconf 71' lang='grc' dir='ltr'><strong>ιε’</strong></span> <span class='ocrx_word' id='word_1_651' title='bbox 2938 3581 3093 3628; x_wconf 86' lang='lat' dir='ltr'><strong>notat</strong></span> <span class='ocrx_word' id='word_1_652' title='bbox 3139 3569 3299 3625; x_wconf 77' lang='lat' dir='ltr'><strong>facile</strong></span> <span class='ocrx_word' id='word_1_653' title='bbox 3324 3562 3734 3636; x_wconf 83' lang='lat' dir='ltr'><strong>deprehendes,</strong></span> 
     </span>
    </p>
   </div>
   <div class='ocr_carea' id='block_1_97' title="bbox 2135 3657 3736 3746">
    <p class='ocr_par' dir='ltr' id='par_1_97' title="bbox 2135 3657 3736 3746">
     <span class='ocr_line' id='line_1_97' title="bbox 2135 3657 3736 3746; baseline -0.011 -18"><span class='ocrx_word' id='word_1_654' title='bbox 2135 3674 2490 3746; x_wconf 78' lang='lat' dir='ltr'><strong>quantumvis</strong></span> <span class='ocrx_word' id='word_1_655' title='bbox 2519 3673 2666 3726; x_wconf 81' lang='lat' dir='ltr'><strong>foros</strong></span> <span class='ocrx_word' id='word_1_656' title='bbox 2697 3670 2820 3724; x_wconf 85' lang='lat' dir='ltr'><strong>aliis</strong></span> <span class='ocrx_word' id='word_1_657' title='bbox 2843 3664 3198 3722; x_wconf 87' lang='lat' dir='ltr'><strong>adminiculis</strong></span> <span class='ocrx_word' id='word_1_658' title='bbox 3221 3661 3543 3723; x_wconf 80' lang='lat' dir='ltr'><strong>destitutus,</strong></span> <span class='ocrx_word' id='word_1_659' title='bbox 3571 3657 3736 3712; x_wconf 89' lang='lat' dir='ltr'><strong>unius</strong></span> 
     </span>
    </p>
   </div>
   <div class='ocr_carea' id='block_1_98' title="bbox 2136 3755 3736 3834">
    <p class='ocr_par' dir='ltr' id='par_1_98' title="bbox 2136 3755 3736 3834">
     <span class='ocr_line' id='line_1_98' title="bbox 2136 3755 3736 3834; baseline -0.013 -10"><span class='ocrx_word' id='word_1_660' title='bbox 2136 3768 2287 3824; x_wconf 68' lang='lat' dir='ltr'><strong>cil‘rte</strong></span> <span class='ocrx_word' id='word_1_661' title='bbox 2351 3765 2630 3821; x_wconf 82' lang='lat' dir='ltr'><strong>defectum</strong></span> <span class='ocrx_word' id='word_1_662' title='bbox 2686 3761 3083 3834; x_wconf 81' lang='lat' dir='ltr'><strong>supplendum,</strong></span> <span class='ocrx_word' id='word_1_663' title='bbox 3148 3755 3555 3828; x_wconf 85' lang='lat' dir='ltr'><strong>legendumque</strong></span> <span class='ocrx_word' id='word_1_664' title='bbox 3608 3763 3736 3805; x_wconf 85' lang='lat' dir='ltr'><strong>esse</strong></span> 
     </span>
    </p>
   </div>
   <div class='ocr_carea' id='block_1_99' title="bbox 2143 3848 3184 3925">
    <p class='ocr_par' dir='ltr' id='par_1_99' title="bbox 2143 3848 3184 3925">
     <span class='ocr_line' id='line_1_99' title="bbox 2143 3848 3184 3925; baseline -0.01 -12"><span class='ocrx_word' id='word_1_665' title='bbox 2143 3879 2162 3913; x_wconf 73' lang='grc' dir='ltr'><strong><em>ο</em></strong></span> <span class='ocrx_word' id='word_1_666' title='bbox 2203 3859 2511 3916; x_wconf 77' lang='lat' dir='ltr'><strong>ludictione-</strong></span> <span class='ocrx_word' id='word_1_667' title='bbox 2547 3855 2758 3910; x_wconf 88' lang='lat' dir='ltr'><strong>decima</strong></span> <span class='ocrx_word' id='word_1_668' title='bbox 2789 3861 3012 3925; x_wconf 83' lang='lat' dir='ltr'><strong>quarta,</strong></span> <span class='ocrx_word' id='word_1_669' title='bbox 3049 3848 3133 3905; x_wconf 82' lang='grc' dir='ltr'><strong>ιδ’.</strong></span> <span class='ocrx_word' id='word_1_670' title='bbox 3166 3868 3184 3900; x_wconf 76' lang='grc' dir='ltr'><strong>ι</strong></span> 
     </span>
    </p>
   </div>
   <div class='ocr_carea' id='block_1_100' title="bbox 2211 3930 3734 4009">
    <p class='ocr_par' dir='ltr' id='par_1_100' title="bbox 2211 3930 3734 4009">
     <span class='ocr_line' id='line_1_100' title="bbox 2211 3930 3734 4009; baseline -0.013 -3"><span class='ocrx_word' id='word_1_671' title='bbox 2211 3969 2266 4007; x_wconf 81' lang='lat' dir='ltr'><strong>v.</strong></span> <span class='ocrx_word' id='word_1_672' title='bbox 2311 3950 2551 4006; x_wconf 80' lang='lat' dir='ltr'><strong>Econtra</strong></span> <span class='ocrx_word' id='word_1_673' title='bbox 2605 3949 2661 4003; x_wconf 92' lang='lat' dir='ltr'><strong>in</strong></span> <span class='ocrx_word' id='word_1_674' title='bbox 2725 3962 2870 4002; x_wconf 89' lang='lat' dir='ltr'><strong>anno</strong></span> <span class='ocrx_word' id='word_1_675' title='bbox 2913 3943 3039 4009; x_wconf 70' lang='lat'><strong>546,</strong></span> <span class='ocrx_word' id='word_1_676' title='bbox 3099 3942 3196 3998; x_wconf 89' lang='lat' dir='ltr'><strong>ubi</strong></span> <span class='ocrx_word' id='word_1_677' title='bbox 3251 3959 3270 3992; x_wconf 84' lang='grc'><em>‹</em></span> <span class='ocrx_word' id='word_1_678' title='bbox 3315 3930 3642 3994; x_wconf 83' lang='lat' dir='ltr'><strong>Horrendus</strong></span> <span class='ocrx_word' id='word_1_679' title='bbox 3679 3933 3734 3987; x_wconf 92' lang='lat' dir='ltr'><strong>in</strong></span> 
     </span>
    </p>
   </div>
   <div class='ocr_carea' id='block_1_101' title="bbox 2141 4029 3740 4103">
    <p class='ocr_par' dir='ltr' id='par_1_101' title="bbox 2141 4029 3740 4103">
     <span class='ocr_line' id='line_1_101' title="bbox 2141 4029 3740 4103; baseline -0.011 -1"><span class='ocrx_word' id='word_1_680' title='bbox 2141 4049 2280 4103; x_wconf 87' lang='lat' dir='ltr'><strong>urbe</strong></span> <span class='ocrx_word' id='word_1_681' title='bbox 2321 4045 2428 4102; x_wconf 72' lang='grc' dir='ltr'><strong>ΕΡ.</strong></span> <span class='ocrx_word' id='word_1_682' title='bbox 2482 4054 2644 4099; x_wconf 68' lang='lat' dir='ltr'><strong>terra:</strong></span> <span class='ocrx_word' id='word_1_683' title='bbox 2690 4053 2878 4098; x_wconf 83' lang='lat' dir='ltr'><strong>motus</strong></span> <span class='ocrx_word' id='word_1_684' title='bbox 2943 4039 3215 4096; x_wconf 78' lang='lat' dir='ltr'><strong>accidisse</strong></span> <span class='ocrx_word' id='word_1_685' title='bbox 3276 4036 3481 4091; x_wconf 89' lang='lat' dir='ltr'><strong>dicitur</strong></span> <span class='ocrx_word' id='word_1_686' title='bbox 3531 4029 3740 4086; x_wconf 87' lang='lat' dir='ltr'><strong>mensis</strong></span> 
     </span>
    </p>
   </div>
   <div class='ocr_carea' id='block_1_102' title="bbox 2138 4125 3742 4213">
    <p class='ocr_par' dir='ltr' id='par_1_102' title="bbox 2138 4125 3742 4213">
     <span class='ocr_line' id='line_1_102' title="bbox 2138 4125 3742 4213; baseline -0.01 -18"><span class='ocrx_word' id='word_1_687' title='bbox 2138 4141 2371 4213; x_wconf 76' lang='lat' dir='ltr'><strong>Augusti</strong></span> <span class='ocrx_word' id='word_1_688' title='bbox 2407 4139 2626 4193; x_wconf 73' lang='lat' dir='ltr'><strong>decimo</strong></span> <span class='ocrx_word' id='word_1_689' title='bbox 2656 4137 2871 4206; x_wconf 73' lang='lat' dir='ltr'><strong>tpiinto,</strong></span> <span class='ocrx_word' id='word_1_690' title='bbox 2913 4142 2996 4200; x_wconf 76' lang='grc' dir='ltr'><strong>ιε’,</strong></span> <span class='ocrx_word' id='word_1_691' title='bbox 3048 4143 3298 4200; x_wconf 87' lang='lat' dir='ltr'><strong>tempore</strong></span> <span class='ocrx_word' id='word_1_692' title='bbox 3361 4125 3742 4182; x_wconf 83' lang='lat' dir='ltr'><strong>illucescentis</strong></span> 
     </span>
    </p>
   </div>
   <div class='ocr_carea' id='block_1_103' title="bbox 2136 4218 3742 4308">
    <p class='ocr_par' dir='ltr' id='par_1_103' title="bbox 2136 4218 3742 4308">
     <span class='ocr_line' id='line_1_103' title="bbox 2136 4218 3742 4308; baseline -0.011 -18"><span class='ocrx_word' id='word_1_693' title='bbox 2136 4237 2262 4308; x_wconf 79' lang='lat' dir='ltr'><strong>j&#39;ant</strong></span> <span class='ocrx_word' id='word_1_694' title='bbox 2291 4232 2594 4289; x_wconf 73' lang='lat' dir='ltr'><strong>Domini&#39;cze</strong></span> <span class='ocrx_word' id='word_1_695' title='bbox 2646 4232 2752 4284; x_wconf 86' lang='lat' dir='ltr'><strong>diei</strong></span> <span class='ocrx_word' id='word_1_696' title='bbox 2799 4236 2923 4299; x_wconf 79' lang='lat' dir='ltr'><strong>post</strong></span> <span class='ocrx_word' id='word_1_697' title='bbox 2974 4225 3210 4280; x_wconf 86' lang='lat' dir='ltr'><strong>mediam</strong></span> <span class='ocrx_word' id='word_1_698' title='bbox 3279 4230 3522 4284; x_wconf 91' lang='lat' dir='ltr'><strong>noctem,</strong></span> <span class='ocrx_word' id='word_1_699' title='bbox 3565 4237 3583 4270; x_wconf 75' lang='grc' dir='ltr'><strong>ι</strong></span> <span class='ocrx_word' id='word_1_700' title='bbox 3619 4218 3742 4286; x_wconf 78' lang='lat' dir='ltr'><strong>tege</strong></span> 
     </span>
    </p>
   </div>
   <div class='ocr_carea' id='block_1_104' title="bbox 2143 4307 3741 4381">
    <p class='ocr_par' dir='ltr' id='par_1_104' title="bbox 2143 4307 3741 4381">
     <span class='ocr_line' id='line_1_104' title="bbox 2143 4307 3741 4381; baseline -0.014 0"><span class='ocrx_word' id='word_1_701' title='bbox 2143 4307 2286 4381; x_wconf 83' lang='lat' dir='ltr'><strong>diem</strong></span> <span class='ocrx_word' id='word_1_702' title='bbox 2321 4322 2530 4376; x_wconf 89' lang='lat' dir='ltr'><strong>mensis</strong></span> <span class='ocrx_word' id='word_1_703' title='bbox 2575 4319 2927 4373; x_wconf 87' lang='lat' dir='ltr'><strong>solummodo</strong></span> <span class='ocrx_word' id='word_1_704' title='bbox 2980 4315 3279 4379; x_wconf 80' lang='lat' dir='ltr'><strong>decimum,</strong></span> <span class='ocrx_word' id='word_1_705' title='bbox 3327 4318 3379 4374; x_wconf 77' lang='grc' dir='ltr'><strong>ι’,</strong></span> <span class='ocrx_word' id='word_1_706' title='bbox 3413 4309 3542 4380; x_wconf 86' lang='lat' dir='ltr'><strong>quia</strong></span> <span class='ocrx_word' id='word_1_707' title='bbox 3572 4307 3741 4379; x_wconf 77' lang='lat' dir='ltr'><strong>Cyclo</strong></span> 
     </span>
    </p>
   </div>
   <div class='ocr_carea' id='block_1_105' title="bbox 2144 4400 3742 4481">
    <p class='ocr_par' dir='ltr' id='par_1_105' title="bbox 2144 4400 3742 4481">
     <span class='ocr_line' id='line_1_105' title="bbox 2144 4400 3742 4481; baseline -0.011 -9"><span class='ocrx_word' id='word_1_708' title='bbox 2144 4419 2281 4473; x_wconf 88' lang='lat' dir='ltr'><strong>solis</strong></span> <span class='ocrx_word' id='word_1_709' title='bbox 2305 4415 2362 4481; x_wconf 68' lang='lat'><strong>‘2,</strong></span> <span class='ocrx_word' id='word_1_710' title='bbox 2390 4413 2569 4467; x_wconf 84' lang='lat' dir='ltr'><strong>littera</strong></span> <span class='ocrx_word' id='word_1_711' title='bbox 2599 4409 2924 4464; x_wconf 79' lang='lat' dir='ltr'><strong>Dominicali</strong></span> <span class='ocrx_word' id='word_1_712' title='bbox 2951 4405 3014 4474; x_wconf 87' lang='lat' dir='ltr'><strong>E,</strong></span> <span class='ocrx_word' id='word_1_713' title='bbox 3043 4408 3098 4460; x_wconf 92' lang='lat' dir='ltr'><strong>in</strong></span> <span class='ocrx_word' id='word_1_714' title='bbox 3137 4405 3281 4460; x_wconf 86' lang='lat' dir='ltr'><strong>diem</strong></span> <span class='ocrx_word' id='word_1_715' title='bbox 3317 4402 3403 4471; x_wconf 79' lang='grc'><strong>10,</strong></span> <span class='ocrx_word' id='word_1_716' title='bbox 3436 4417 3548 4457; x_wconf 89' lang='lat' dir='ltr'><strong>non</strong></span> <span class='ocrx_word' id='word_1_717' title='bbox 3589 4402 3642 4456; x_wconf 88' lang='lat' dir='ltr'><strong>in</strong></span> <span class='ocrx_word' id='word_1_718' title='bbox 3671 4400 3742 4455; x_wconf 76' lang='grc'><strong>15</strong></span> 
     </span>
    </p>
   </div>
   <div class='ocr_carea' id='block_1_106' title="bbox 2146 4504 2772 4564">
    <p class='ocr_par' dir='ltr' id='par_1_106' title="bbox 2146 4504 2772 4564">
     <span class='ocr_line' id='line_1_106' title="bbox 2146 4504 2772 4564; baseline -0.019 0"><span class='ocrx_word' id='word_1_719' title='bbox 2146 4508 2431 4564; x_wconf 77' lang='lat' dir='ltr'><strong>Dominica</strong></span> <span class='ocrx_word' id='word_1_720' title='bbox 2473 4504 2772 4559; x_wconf 83' lang='lat' dir='ltr'><strong>incidebat.</strong></span> 
     </span>
    </p>
   </div>
   <div class='ocr_carea' id='block_1_107' title="bbox 2214 4587 3744 4664">
    <p class='ocr_par' dir='ltr' id='par_1_107' title="bbox 2214 4587 3744 4664">
     <span class='ocr_line' id='line_1_107' title="bbox 2214 4587 3744 4664; baseline -0.008 -10"><span class='ocrx_word' id='word_1_721' title='bbox 2214 4615 2290 4654; x_wconf 79' lang='lat' dir='ltr'><strong>vr.</strong></span> <span class='ocrx_word' id='word_1_722' title='bbox 2328 4597 2644 4659; x_wconf 65' lang='lat' dir='ltr'><strong>Anno-55L</strong></span> <span class='ocrx_word' id='word_1_723' title='bbox 2679 4615 2697 4646; x_wconf 74' lang='grc' dir='ltr'>ι</span> <span class='ocrx_word' id='word_1_724' title='bbox 2735 4595 2793 4648; x_wconf 88' lang='lat' dir='ltr'><strong>ln</strong></span> <span class='ocrx_word' id='word_1_725' title='bbox 2828 4593 3023 4664; x_wconf 83' lang='lat' dir='ltr'><strong>Magna</strong></span> <span class='ocrx_word' id='word_1_726' title='bbox 3069 4591 3301 4647; x_wconf 76' lang='lat' dir='ltr'><strong>ecclesia</strong></span> <span class='ocrx_word' id='word_1_727' title='bbox 3346 4587 3744 4644; x_wconf 84' lang='lat' dir='ltr'><strong>Constantino-</strong></span> 
     </span>
    </p>
   </div>
   <div class='ocr_carea' id='block_1_108' title="bbox 2144 4683 3744 4767">
    <p class='ocr_par' dir='ltr' id='par_1_108' title="bbox 2144 4683 3744 4767">
     <span class='ocr_line' id='line_1_108' title="bbox 2144 4683 3744 4767; baseline -0.006 -18"><span class='ocrx_word' id='word_1_728' title='bbox 2144 4695 2386 4767; x_wconf 87' lang='lat' dir='ltr'><strong>politana</strong></span> <span class='ocrx_word' id='word_1_729' title='bbox 2420 4692 2617 4757; x_wconf 82' lang='lat' dir='ltr'><strong>T&#39;rulli,</strong></span> <span class='ocrx_word' id='word_1_730' title='bbox 2641 4692 2750 4760; x_wconf 72' lang='lat' dir='ltr'><strong>iam</strong></span> <span class='ocrx_word' id='word_1_731' title='bbox 2787 4705 2926 4761; x_wconf 87' lang='lat' dir='ltr'><strong>pene</strong></span> <span class='ocrx_word' id='word_1_732' title='bbox 2956 4689 3074 4745; x_wconf 89' lang='lat' dir='ltr'><strong>suis</strong></span> <span class='ocrx_word' id='word_1_733' title='bbox 3105 4689 3364 4742; x_wconf 86' lang='lat' dir='ltr'><strong>omnibus</strong></span> <span class='ocrx_word' id='word_1_734' title='bbox 3399 4683 3744 4759; x_wconf 72' lang='lat' dir='ltr'><strong>ornamentis</strong></span> 
     </span>
    </p>
   </div>
   <div class='ocr_carea' id='block_1_109' title="bbox 2147 4779 3744 4856">
    <p class='ocr_par' dir='ltr' id='par_1_109' title="bbox 2147 4779 3744 4856">
     <span class='ocr_line' id='line_1_109' title="bbox 2147 4779 3744 4856; baseline -0.008 -14"><span class='ocrx_word' id='word_1_735' title='bbox 2147 4786 2422 4849; x_wconf 67' lang='lat' dir='ltr'><strong>instructi,</strong></span> <span class='ocrx_word' id='word_1_736' title='bbox 2465 4801 2592 4856; x_wconf 85' lang='lat' dir='ltr'><strong>pars</strong></span> <span class='ocrx_word' id='word_1_737' title='bbox 2636 4783 2985 4848; x_wconf 90' lang='lat' dir='ltr'><strong>orientalior,</strong></span> <span class='ocrx_word' id='word_1_738' title='bbox 3016 4781 3327 4836; x_wconf 88' lang='lat' dir='ltr'><strong>eollabente</strong></span> <span class='ocrx_word' id='word_1_739' title='bbox 3377 4779 3441 4833; x_wconf 92' lang='lat' dir='ltr'><strong>ad</strong></span> <span class='ocrx_word' id='word_1_740' title='bbox 3485 4786 3744 4834; x_wconf 88' lang='lat' dir='ltr'><strong>sanctum</strong></span> 
     </span>
    </p>
   </div>
   <div class='ocr_carea' id='block_1_110' title="bbox 2147 4873 3745 4944">
    <p class='ocr_par' dir='ltr' id='par_1_110' title="bbox 2147 4873 3745 4944">
     <span class='ocr_line' id='line_1_110' title="bbox 2147 4873 3745 4944; baseline -0.008 -9"><span class='ocrx_word' id='word_1_741' title='bbox 2147 4882 2318 4936; x_wconf 88' lang='lat' dir='ltr'><strong>altare</strong></span> <span class='ocrx_word' id='word_1_742' title='bbox 2355 4880 2649 4942; x_wconf 88' lang='lat' dir='ltr'><strong>tes-tudine,</strong></span> <span class='ocrx_word' id='word_1_743' title='bbox 2684 4877 2737 4931; x_wconf 94' lang='lat' dir='ltr'><strong>in</strong></span> <span class='ocrx_word' id='word_1_744' title='bbox 2772 4886 2973 4932; x_wconf 89' lang='lat' dir='ltr'><strong>terram</strong></span> <span class='ocrx_word' id='word_1_745' title='bbox 3009 4874 3284 4930; x_wconf 86' lang='lat' dir='ltr'><strong>decidisse</strong></span> <span class='ocrx_word' id='word_1_746' title='bbox 3316 4873 3538 4944; x_wconf 84' lang='lat' dir='ltr'><strong>legitur,</strong></span> <span class='ocrx_word' id='word_1_747' title='bbox 3587 4886 3745 4925; x_wconf 89' lang='lat' dir='ltr'><strong>men-</strong></span> 
     </span>
    </p>
   </div>
   <div class='ocr_carea' id='block_1_111' title="bbox 2147 4963 3742 5042">
    <p class='ocr_par' dir='ltr' id='par_1_111' title="bbox 2147 4963 3742 5042">
     <span class='ocr_line' id='line_1_111' title="bbox 2147 4963 3742 5042; baseline -0.008 -13"><span class='ocrx_word' id='word_1_748' title='bbox 2147 4975 2225 5030; x_wconf 88' lang='lat' dir='ltr'><strong>sis</strong></span> <span class='ocrx_word' id='word_1_749' title='bbox 2253 4973 2378 5028; x_wconf 73' lang='lat' dir='ltr'><strong>Maii</strong></span> <span class='ocrx_word' id='word_1_750' title='bbox 2414 4973 2504 5028; x_wconf 88' lang='lat' dir='ltr'><strong>die</strong></span> <span class='ocrx_word' id='word_1_751' title='bbox 2535 4970 2792 5042; x_wconf 86' lang='lat' dir='ltr'><strong>septimo,</strong></span> <span class='ocrx_word' id='word_1_752' title='bbox 2834 4968 3192 5024; x_wconf 77' lang='lat' dir='ltr'><strong>hebdomadis</strong></span> <span class='ocrx_word' id='word_1_753' title='bbox 3227 4967 3411 5030; x_wconf 87' lang='lat' dir='ltr'><strong>tertio,</strong></span> <span class='ocrx_word' id='word_1_754' title='bbox 3449 4963 3544 5019; x_wconf 93' lang='lat' dir='ltr'><strong>ubi</strong></span> <span class='ocrx_word' id='word_1_755' title='bbox 3594 4963 3742 5018; x_wconf 87' lang='lat' dir='ltr'><strong>diem</strong></span> 
     </span>
    </p>
   </div>
   <div class='ocr_carea' id='block_1_112' title="bbox 2148 5055 3743 5136">
    <p class='ocr_par' dir='ltr' id='par_1_112' title="bbox 2148 5055 3743 5136">
     <span class='ocr_line' id='line_1_112' title="bbox 2148 5055 3743 5136; baseline -0.008 -15"><span class='ocrx_word' id='word_1_756' title='bbox 2148 5067 2356 5123; x_wconf 89' lang='lat' dir='ltr'><strong>mensis</strong></span> <span class='ocrx_word' id='word_1_757' title='bbox 2392 5065 2720 5136; x_wconf 84' lang='lat' dir='ltr'><strong>vigesimum</strong></span> <span class='ocrx_word' id='word_1_758' title='bbox 2781 5062 3082 5134; x_wconf 89' lang='lat' dir='ltr'><strong>septimum</strong></span> <span class='ocrx_word' id='word_1_759' title='bbox 3131 5068 3192 5114; x_wconf 85' lang='lat' dir='ltr'><strong>ut</strong></span> <span class='ocrx_word' id='word_1_760' title='bbox 3221 5059 3392 5129; x_wconf 86' lang='lat' dir='ltr'><strong>legas,</strong></span> <span class='ocrx_word' id='word_1_761' title='bbox 3458 5057 3540 5111; x_wconf 84' lang='lat' dir='ltr'><strong>vel</strong></span> <span class='ocrx_word' id='word_1_762' title='bbox 3595 5055 3743 5109; x_wconf 81' lang='lat' dir='ltr'><strong>diem</strong></span> 
     </span>
    </p>
   </div>
   <div class='ocr_carea' id='block_1_113' title="bbox 2149 5146 3742 5229">
    <p class='ocr_par' dir='ltr' id='par_1_113' title="bbox 2149 5146 3742 5229">
     <span class='ocr_line' id='line_1_113' title="bbox 2149 5146 3742 5229; baseline -0.011 -12"><span class='ocrx_word' id='word_1_763' title='bbox 2149 5161 2508 5218; x_wconf 86' lang='lat' dir='ltr'><strong>hebdomadis</strong></span> <span class='ocrx_word' id='word_1_764' title='bbox 2567 5166 2827 5229; x_wconf 89' lang='lat' dir='ltr'><strong>quartum</strong></span> <span class='ocrx_word' id='word_1_765' title='bbox 2889 5157 3046 5227; x_wconf 85' lang='lat' dir='ltr'><strong>jubet</strong></span> <span class='ocrx_word' id='word_1_766' title='bbox 3100 5155 3282 5209; x_wconf 90' lang='lat' dir='ltr'><strong>littera</strong></span> <span class='ocrx_word' id='word_1_767' title='bbox 3322 5149 3622 5205; x_wconf 88' lang='lat' dir='ltr'><strong>Domiealis</strong></span> <span class='ocrx_word' id='word_1_768' title='bbox 3676 5146 3742 5215; x_wconf 91' lang='lat' dir='ltr'><strong>E,</strong></span> 
     </span>
    </p>
   </div>
   <div class='ocr_carea' id='block_1_114' title="bbox 2147 5241 3737 5326">
    <p class='ocr_par' dir='ltr' id='par_1_114' title="bbox 2147 5241 3737 5326">
     <span class='ocr_line' id='line_1_114' title="bbox 2147 5241 3737 5326; baseline -0.009 -17"><span class='ocrx_word' id='word_1_769' title='bbox 2147 5255 2316 5326; x_wconf 86' lang='lat' dir='ltr'><strong>Cyclo</strong></span> <span class='ocrx_word' id='word_1_770' title='bbox 2343 5253 2475 5309; x_wconf 85' lang='lat' dir='ltr'><strong>solis</strong></span> <span class='ocrx_word' id='word_1_771' title='bbox 2510 5253 2598 5308; x_wconf 78' lang='grc'><strong>15.</strong></span> <span class='ocrx_word' id='word_1_772' title='bbox 2641 5271 2658 5304; x_wconf 81' lang='grc' dir='ltr'><strong>ι</strong></span> <span class='ocrx_word' id='word_1_773' title='bbox 2697 5250 2998 5320; x_wconf 67' lang='lat' dir='ltr'><strong>Praeplacet</strong></span> <span class='ocrx_word' id='word_1_774' title='bbox 3029 5257 3212 5302; x_wconf 85' lang='lat' dir='ltr'><strong>autem</strong></span> <span class='ocrx_word' id='word_1_775' title='bbox 3247 5244 3396 5315; x_wconf 92' lang='lat' dir='ltr'><strong>prior</strong></span> <span class='ocrx_word' id='word_1_776' title='bbox 3423 5241 3697 5298; x_wconf 89' lang='lat' dir='ltr'><strong>correctio</strong></span> <span class='ocrx_word' id='word_1_777' title='bbox 3720 5279 3737 5304; x_wconf 86' lang='lat'><strong>,</strong></span> 
     </span>
    </p>
   </div>
   <div class='ocr_carea' id='block_1_115' title="bbox 2148 5335 3738 5416">
    <p class='ocr_par' dir='ltr' id='par_1_115' title="bbox 2148 5335 3738 5416">
     <span class='ocr_line' id='line_1_115' title="bbox 2148 5335 3738 5416; baseline -0.008 -16"><span class='ocrx_word' id='word_1_778' title='bbox 2148 5347 2275 5416; x_wconf 84' lang='lat' dir='ltr'><strong>quia</strong></span> <span class='ocrx_word' id='word_1_779' title='bbox 2337 5346 2392 5400; x_wconf 92' lang='lat' dir='ltr'><strong>in</strong></span> <span class='ocrx_word' id='word_1_780' title='bbox 2449 5345 2597 5401; x_wconf 90' lang='lat' dir='ltr'><strong>notis</strong></span> <span class='ocrx_word' id='word_1_781' title='bbox 2645 5342 3027 5399; x_wconf 86' lang='lat' dir='ltr'><strong>numeralibus</strong></span> <span class='ocrx_word' id='word_1_782' title='bbox 3091 5337 3313 5393; x_wconf 76' lang='lat' dir='ltr'><strong>facilius</strong></span> <span class='ocrx_word' id='word_1_783' title='bbox 3366 5345 3451 5392; x_wconf 90' lang='lat' dir='ltr'><strong>est</strong></span> <span class='ocrx_word' id='word_1_784' title='bbox 3499 5335 3738 5390; x_wconf 87' lang='lat' dir='ltr'><strong>litteram</strong></span> 
     </span>
    </p>
   </div>
   <div class='ocr_carea' id='block_1_116' title="bbox 2149 5422 3737 5503">
    <p class='ocr_par' dir='ltr' id='par_1_116' title="bbox 2149 5422 3737 5503">
     <span class='ocr_line' id='line_1_116' title="bbox 2149 5422 3737 5503; baseline -0.009 -12"><span class='ocrx_word' id='word_1_785' title='bbox 2149 5451 2312 5491; x_wconf 87' lang='lat' dir='ltr'><strong>unam</strong></span> <span class='ocrx_word' id='word_1_786' title='bbox 2357 5435 2558 5500; x_wconf 86' lang='lat' dir='ltr'><strong>omitti,</strong></span> <span class='ocrx_word' id='word_1_787' title='bbox 2611 5448 2775 5503; x_wconf 87' lang='lat' dir='ltr'><strong>quam</strong></span> <span class='ocrx_word' id='word_1_788' title='bbox 2813 5431 3061 5486; x_wconf 84' lang='lat' dir='ltr'><strong>diversas</strong></span> <span class='ocrx_word' id='word_1_789' title='bbox 3096 5430 3239 5482; x_wconf 88' lang='lat' dir='ltr'><strong>inter</strong></span> <span class='ocrx_word' id='word_1_790' title='bbox 3292 5441 3352 5481; x_wconf 91' lang='lat' dir='ltr'><strong>se</strong></span> <span class='ocrx_word' id='word_1_791' title='bbox 3386 5422 3737 5484; x_wconf 85' lang='lat' dir='ltr'><strong>commutari.</strong></span> 
     </span>
    </p>
   </div>
   <div class='ocr_carea' id='block_1_117' title="bbox 2218 5520 3740 5594">
    <p class='ocr_par' dir='ltr' id='par_1_117' title="bbox 2218 5520 3740 5594">
     <span class='ocr_line' id='line_1_117' title="bbox 2218 5520 3740 5594; baseline -0.01 -11"><span class='ocrx_word' id='word_1_792' title='bbox 2218 5544 2320 5583; x_wconf 79' lang='lat' dir='ltr'><strong>vn.</strong></span> <span class='ocrx_word' id='word_1_793' title='bbox 2345 5527 2505 5582; x_wconf 82' lang='lat' dir='ltr'><strong>Anno</strong></span> <span class='ocrx_word' id='word_1_794' title='bbox 2536 5525 2642 5580; x_wconf 74' lang='lat'><strong>622</strong></span> <span class='ocrx_word' id='word_1_795' title='bbox 2689 5524 2807 5594; x_wconf 87' lang='lat' dir='ltr'><strong>(qui</strong></span> <span class='ocrx_word' id='word_1_796' title='bbox 2840 5530 3066 5594; x_wconf 89' lang='lat' dir='ltr'><strong>propter</strong></span> <span class='ocrx_word' id='word_1_797' title='bbox 3097 5520 3533 5574; x_wconf 88' lang='lat' dir='ltr'><strong>demonstratam</strong></span> <span class='ocrx_word' id='word_1_798' title='bbox 3574 5530 3740 5586; x_wconf 88' lang='lat' dir='ltr'><strong>supe-</strong></span> 
     </span>
    </p>
   </div>
   <div class='ocr_carea' id='block_1_118' title="bbox 2148 5605 3744 5681">
    <p class='ocr_par' dir='ltr' id='par_1_118' title="bbox 2148 5605 3744 5681">
     <span class='ocr_line' id='line_1_118' title="bbox 2148 5605 3744 5681; baseline -0.009 -7"><span class='ocrx_word' id='word_1_799' title='bbox 2148 5620 2268 5674; x_wconf 89' lang='lat' dir='ltr'><strong>rius</strong></span> <span class='ocrx_word' id='word_1_800' title='bbox 2309 5620 2477 5676; x_wconf 89' lang='lat' dir='ltr'><strong>unius</strong></span> <span class='ocrx_word' id='word_1_801' title='bbox 2511 5617 2641 5672; x_wconf 89' lang='lat' dir='ltr'><strong>anni</strong></span> <span class='ocrx_word' id='word_1_802' title='bbox 2677 5612 3042 5670; x_wconf 80' lang='lat' dir='ltr'><strong>Alexandrini</strong></span> <span class='ocrx_word' id='word_1_803' title='bbox 3074 5609 3504 5681; x_wconf 82' lang='lat' dir='ltr'><strong>expunctionem</strong></span> <span class='ocrx_word' id='word_1_804' title='bbox 3534 5605 3744 5662; x_wconf 86' lang='lat' dir='ltr'><strong>Janua-</strong></span> 
     </span>
    </p>
   </div>
   <div class='ocr_carea' id='block_1_119' title="bbox 2151 5699 3740 5768">
    <p class='ocr_par' dir='ltr' id='par_1_119' title="bbox 2151 5699 3740 5768">
     <span class='ocr_line' id='line_1_119' title="bbox 2151 5699 3740 5768; baseline -0.009 -1"><span class='ocrx_word' id='word_1_805' title='bbox 2151 5713 2294 5768; x_wconf 89' lang='lat' dir='ltr'><strong>rium</strong></span> <span class='ocrx_word' id='word_1_806' title='bbox 2331 5727 2577 5767; x_wconf 84' lang='lat' dir='ltr'><strong>mensem</strong></span> <span class='ocrx_word' id='word_1_807' title='bbox 2609 5724 2734 5764; x_wconf 88' lang='lat' dir='ltr'><strong>cum</strong></span> <span class='ocrx_word' id='word_1_808' title='bbox 2771 5717 2960 5763; x_wconf 91' lang='lat' dir='ltr'><strong>nostro</strong></span> <span class='ocrx_word' id='word_1_809' title='bbox 2991 5704 3090 5760; x_wconf 76' lang='lat'><strong>6&#39;5!</strong></span> <span class='ocrx_word' id='word_1_810' title='bbox 3144 5703 3310 5758; x_wconf 89' lang='lat' dir='ltr'><strong>habet</strong></span> <span class='ocrx_word' id='word_1_811' title='bbox 3365 5699 3740 5766; x_wconf 89' lang='lat' dir='ltr'><strong>communem)</strong></span> 
     </span>
    </p>
   </div>
   <div class='ocr_carea' id='block_1_120' title="bbox 2157 5777 3741 5856">
    <p class='ocr_par' dir='ltr' id='par_1_120' title="bbox 2157 5777 3741 5856">
     <span class='ocr_line' id='line_1_120' title="bbox 2157 5777 3741 5856; baseline -0.006 -4"><span class='ocrx_word' id='word_1_812' title='bbox 2157 5821 2175 5852; x_wconf 71' lang='grc' dir='ltr'><em>ς</em></span> <span class='ocrx_word' id='word_1_813' title='bbox 2217 5801 2523 5856; x_wconf 89' lang='lat' dir='ltr'><strong>ludictione</strong></span> <span class='ocrx_word' id='word_1_814' title='bbox 2553 5799 2580 5853; x_wconf 80' lang='grc'><strong>1</strong></span> <span class='ocrx_word' id='word_1_815' title='bbox 2620 5777 2948 5852; x_wconf 63' lang='lat' dir='ltr'><strong>Novembris</strong></span> <span class='ocrx_word' id='word_1_816' title='bbox 2980 5794 3011 5847; x_wconf 85' lang='lat'><strong>7</strong></span> <span class='ocrx_word' id='word_1_817' title='bbox 3064 5791 3321 5848; x_wconf 84' lang='lat' dir='ltr'><strong>Heraclio</strong></span> <span class='ocrx_word' id='word_1_818' title='bbox 3373 5789 3542 5845; x_wconf 80' lang='lat' dir='ltr'><strong>David</strong></span> <span class='ocrx_word' id='word_1_819' title='bbox 3595 5785 3741 5842; x_wconf 81' lang='lat' dir='ltr'><strong>ﬁlius</strong></span> 
     </span>
    </p>
   </div>
   <div class='ocr_carea' id='block_1_121' title="bbox 2149 5881 3738 5965">
    <p class='ocr_par' dir='ltr' id='par_1_121' title="bbox 2149 5881 3738 5965">
     <span class='ocr_line' id='line_1_121' title="bbox 2149 5881 3738 5965; baseline -0.009 -13"><span class='ocrx_word' id='word_1_820' title='bbox 2149 5906 2314 5952; x_wconf 82' lang='lat' dir='ltr'><strong>natus</strong></span> <span class='ocrx_word' id='word_1_821' title='bbox 2360 5905 2463 5952; x_wconf 82' lang='lat' dir='ltr'><strong>est.</strong></span> <span class='ocrx_word' id='word_1_822' title='bbox 2503 5893 2706 5950; x_wconf 74' lang='lat' dir='ltr'><strong>Eodem</strong></span> <span class='ocrx_word' id='word_1_823' title='bbox 2754 5905 2974 5965; x_wconf 84' lang='lat' dir='ltr'><strong>quoque</strong></span> <span class='ocrx_word' id='word_1_824' title='bbox 3032 5890 3118 5947; x_wconf 89' lang='lat' dir='ltr'><strong>die</strong></span> <span class='ocrx_word' id='word_1_825' title='bbox 3173 5886 3458 5946; x_wconf 85' lang='lat' dir='ltr'><strong>lleraclius</strong></span> <span class='ocrx_word' id='word_1_826' title='bbox 3517 5881 3738 5938; x_wconf 86' lang='lat' dir='ltr'><strong>lleracli</strong></span> 
     </span>
    </p>
   </div>
  </div>
