4088 6606
395 474 532 540 1183

1315 475 1412 535 DE
1449 474 1508 534 S.
1545 469 2035 532 THEOPHANIS
2073 467 2731 530 CHBONOGRAPHIA

3530 429 3664 528 net

394 601 568 656 nepos
597 586 652 640 in
695 584 873 642 lucem
903 586 1077 649 venit,
1103 593 1156 641 et
1186 599 1216 639 a
1248 580 1443 654 Sergio
1473 580 1561 637 die
1588 581 1622 634 5
1653 578 1978 635 Novembris
2009 581 2054 636 A
2085 579 2106 632 1
2141 577 2286 634 diem
2320 578 2498 633 Martii
2527 596 2542 636 :
2586 585 2645 632 ut
2683 577 2852 649 igitur
2885 591 2995 632 non
3021 574 3665 644 erraveritTlreophanes

395 678 723 733 iudictionis
757 677 812 744 5,
845 678 1158 748 baptizatur
1205 674 1260 728 in
1290 673 1652 730 Blachernis:
1696 689 1714 722 ι
1767 686 1890 741 qute
1917 687 1986 726 ne

399 773 544 827 inter
576 787 636 826 se
668 781 932 842 pugnent,
967 770 1024 824 in
1055 771 1161 824 line
1192 769 1273 824 sic
1313 767 1580 833 mutabis,
1611 766 1708 820 καὶ
1755 765 1986 820 ἐϐαπτί-

407 864 510 933 σθη
559 865 616 916 ἐν
662 864 992 934 Βλαχέρναις
1026 863 1132 915 ὑπὸ
1181 860 1408 931 Σεργίου
1441 860 1782 931 πατριάρχου
1841 861 1904 930 τῇ
1945 859 1987 912 δ’

403 955 716 1020 ινδικτιώνι,
751 955 882 1025 μηνὶ
909 953 1208 1025 Νοεμϐρίῳ
1253 951 1344 1023 ιγ’.
1396 973 1412 1006 t
1461 954 1529 1008 Et
1563 953 1874 1022 baptizatus
1904 959 1990 1008 est

402 1047 456 1101 in
509 1047 830 1101 Blachernis
866 1061 894 1100 a
943 1044 1137 1115 Sergio
1190 1044 1529 1118 patriarcha,
1587 1043 1886 1099 indictione
1930 1045 1986 1107 4,

402 1139 614 1194 mensis
648 1138 977 1194 Novembris
1004 1138 1094 1194 die
1127 1137 1217 1193 l5.
1256 1156 1275 1189 ι

475 1246 595 1285 vm.
632 1229 818 1284 Tertio
869 1241 996 1300 post
1050 1230 1168 1285 hate
1225 1244 1392 1291 anno,
1443 1226 1832 1284 Alexandrinis
1861 1226 1988 1294 626,

404 1322 566 1378 nobis
595 1321 721 1386 655,
750 1330 1010 1375 narratur
1046 1321 1316 1392 praelium,
1356 1320 1425 1376 ab
1459 1321 1798 1390 imperatorii
1831 1335 1992 1374 exer-

407 1415 554 1469 citus
588 1413 729 1469 duce
770 1413 949 1468 Baane
975 1420 1169 1468 contra
1200 1411 1514 1468 Saracenos
1555 1412 1766 1467 Arabes
1812 1411 1994 1468 infeli-

409 1509 547 1563 citer
576 1506 962 1570 commissum,
995 1508 1064 1577 τῇ
1109 1503 1303 1577 πρώτῃ
1343 1504 1550 1576 ἡμέρᾳ,
1583 1505 1706 1576 ἥτις
1734 1500 1802 1576 ἦν
1834 1505 1993 1577 τρίτη

411 1598 512 1668 τῆς
543 1598 859 1670 ἑϐδομάδος,
890 1595 1100 1678 κγ’-τοῦ
1141 1585 1364 1651 Ἰουλίου
1399 1597 1566 1668 μηνός
1598 1612 1612 1627 ·
1663 1614 1784 1668 qua:
1824 1599 1997 1654 nihilo

414 1690 622 1746 saniori
660 1706 825 1746 sensu
857 1689 1050 1746 Latine
1105 1689 1432 1756 redduntur,
1473 1709 1492 1743 ι
1529 1692 1649 1760 ipso
1679 1692 1858 1761 primo
1885 1692 1994 1758 die,

415 1782 506 1851 qui
575 1781 679 1836 fuit
740 1783 1098 1839 hebdomadis
1153 1786 1370 1848 tertius,
1413 1784 1544 1839 Julii
1607 1801 1735 1841 vero
1792 1789 1998 1844 mensis

2091 671 2326 740 ipsemet
2353 686 2521 733 anno,
2559 669 2671 740 quo
2700 671 2875 741 pctuit
2920 671 3230 740 scripsisse,
3283 677 3335 722 et
3375 685 3482 739 quo
3532 669 3667 722 alias

2090 764 2278 834 plures
2312 774 2619 833 temporum
2668 771 2828 818 notas
2867 768 3014 819 recte
3055 763 3406 832 composuit;
3440 760 3668 814 creden-

2090 857 2220 912 dum
2274 855 2627 910 librariorum
2691 856 2909 910 irrcuria'
2956 854 3071 924 jam
3121 855 3248 908 oli’m
3306 855 3450 924 (nam
3504 853 3669 907 etiam

2092 950 2421 1007 Anastasius
2453 951 2534 1004 lta'
2555 951 2824 1021 scriptum
2859 947 3084 1020 reperit)
3120 949 3391 1005 excidisse
3423 948 3671 1002 voculam

2093 1059 2283 1112 unam,
2343 1044 2636 1116 ipsumque
2685 1040 3074 1114 Theophanem
3110 1044 3192 1101 (ut
3235 1044 3369 1098 alias
3402 1043 3455 1095 in
3504 1039 3671 1096 simili

2093 1152 2228 1193 casu
2263 1137 2331 1193 de
2371 1137 2669 1193 indictione
2696 1135 2934 1192 vidimus
2963 1150 3109 1191 anno
3140 1133 3592 1199 Constantiui28,
3620 1142 3676 1188 et

2095 1228 2164 1284 de
2215 1238 2386 1285 rerno
2436 1238 2680 1300 tempore
2707 1230 2760 1283 in
2787 1229 3054 1284 cbronico
3104 1220 3494 1297 Alexandrino)
3533 1224 3678 1280 scri-

2097 1321 2274 1392 psisse
2308 1322 2613 1393 μέλλοντος,
2630 1321 2744 1377 sive
2780 1321 3128 1392 ἐνισταμένου
3164 1318 3256 1373 τοῦ
3293 1319 3508 1390 πρώτου
3539 1315 3680 1370 Σάϐ-

2098 1414 2265 1468 ϐάτου
2323 1415 2433 1469 τῶν
2454 1413 2772 1486 Νηστειῶν,
2835 1413 3072 1471 instante
3118 1414 3294 1485 primo
3338 1411 3677 1481 Jejuuiorum

2101 1505 2361 1562 Sabbato.

2157 1610 2246 1676 28.
2289 1617 2412 1678 Iltec
2464 1634 2615 1688 sunt,
2659 1625 2860 1696 quibus
2891 1612 3199 1682 observatis
3245 1619 3679 1691 emendatisque,

2102 1713 2372 1770 inoll‘euso
2402 1714 2570 1771 lenne
2601 1718 2735 1787 pede
2767 1710 2984 1774 decurri
3031 1713 3230 1789 poterit
3273 1716 3341 1769 ab
3385 1713 3681 1769 Orientalis

2106 1805 2351 1860 historia:
2403 1806 2676 1864 studiosis
2725 1805 2838 1863 tota
2890 1795 3244 1877 Theophanis
3286 1804 3682 1874 chronelogia:

419 1874 615 1930 tertius
648 1891 710 1931 ac
743 1877 1044 1948 vigesimus
1073 1894 1087 1930 :
1141 1895 1162 1930 ι
1197 1885 1390 1933 exacta
1427 1887 1609 1932 autem
1655 1879 1721 1934 ad
1756 1879 2001 1936 rationes

419 1965 545 1989 -.ι-...ξ
591 1966 834 1989 ....,....12..ι2
910 1968 997 1989 ι-,ι
1027 1970 1158 1989 -_.!-
1221 1969 1450 1989 l2..__-___
1502 1969 1747 1989 nA__9,I,
1793 1973 1806 1989 ι
1970 1974 1986 1989 ι

2130 1913 2230 1950 tam
2280 1896 2326 1952 si
2361 1905 2468 1967 qua
2505 1899 2738 1953 subinde
2773 1897 3023 1968 pluribus
3058 1905 3207 1965 gesta
3243 1896 3425 1956 anuis,
3479 1910 3543 1948 eo
3575 1909 3686 1963 quo

417 1965 546 2020 mni
591 1966 837 2036 praedicti
909 1968 1162 2024 habentis
1221 1969 1456 2024 litteram
1501 1969 1896 2029 Dominicalem
1957 1974 2002 2028 A

419 2055 586 2124 Cyclo
617 2059 750 2114 solis
770 2060 860 2127 28,
889 2061 966 2117 sic
993 2061 1273 2117 reddenda
1299 2070 1430 2117 sunt
1461 2062 1759 2133 integritati
1788 2065 2001 2121 debitae:

420 2154 502 2224 Τῇ
519 2154 710 2229 πρώτῃ
737 2157 926 2228 ἡμέρᾳ
945 2157 1042 2227 τῆς
1063 2156 1383 2228 ἑϐδομάδος,
1406 2158 1528 2228 ἣτις
1548 2153 1616 2229 ἦν
1641 2158 1719 2214 κε’
1747 2159 1842 2212 τοῦ
1877 2160 2007 2214 Ἰου-

421 2247 540 2302 λίου
567 2249 754 2319 μηνός.
795 2270 812 2302 t
851 2250 1038 2305 Primo
1094 2249 1184 2306 die
1240 2250 1616 2318 bebdomadae,
1673 2254 1768 2323 qui
1803 2253 1905 2308 fuit
1939 2252 2008 2307 25

421 2339 550 2396 Julii
587 2343 814 2399 mensis.
850 2364 868 2396 ι

501 2449 575 2488 tx.
611 2435 770 2490 Anno
804 2436 931 2502 671,
968 2437 1129 2494 nobis
1179 2436 1306 2504 680,
1350 2435 1539 2492 Mavize
1579 2436 1744 2507 primi
1777 2438 2008 2494 Sarace-

427 2543 628 2583 norum
691 2530 833 2603 regis
865 2546 1014 2586 mors
1067 2532 1372 2587 ascribitur
1415 2552 1434 2584 ‹
1477 2531 1770 2588 lndictioni
1824 2534 2013 2602 primae

427 2621 536 2678 diei
567 2632 722 2678 sexto
755 2625 962 2695 Aprilis
991 2643 1005 2680 :
1053 2645 1072 2678 ι
1103 2627 1197 2682 sed
1226 2635 1471 2680 octavam
1505 2626 1860 2682 indictionem
1891 2640 2015 2681 esse

428 2715 717 2785 legendam
783 2725 1058 2772 monstrat
1108 2719 1352 2789 ipsarum
1415 2719 1783 2775 indictionum
1840 2721 2012 2786 ordo,

429 2822 554 2860 eum
585 2823 730 2864 anno
771 2808 896 2872 650.
928 2811 1090 2866 nobis
1121 2810 1245 2875 659,
1280 2813 1521 2866 secunda
1559 2813 1790 2868 imiictio
1825 2821 2016 2868 notata

429 2900 634 2956 fuerit:
668 2902 814 2971 quod
847 2904 1014 2958 etiam
1054 2904 1199 2960 Goar
1234 2906 1648 2962 animadvertit.

503 3009 556 3048 χ·
589 2993 748 3050 Auno
783 2996 905 3056 72L
940 2997 1098 3052 nobis
1137 2999 1240 3053 730
1287 3018 1306 3051 ι
1363 2999 1473 3054 Leo
1519 3002 1793 3056 Armenus
1828 3008 2019 3056 contra

432 3096 656 3144 sanctas
712 3089 980 3160 imagines
1034 3091 1317 3147 silentium
1379 3093 1702 3156 celebravit,
1749 3093 2022 3146 σελέντιον

433 3178 769 3249 ὲκρὸτησεν,
811 3199 830 3233 ι
887 3181 938 3236 id
994 3191 1100 3246 est,
1141 3199 1212 3238 ne
1250 3184 1374 3254 quis
1412 3199 1603 3238 earum
1636 3183 1844 3237 cultum
1891 3199 2024 3254 pro-

2107 1992 2287 2055 cuepta
2324 1994 2453 2042 sunt
2477 1987 2589 2057 geri
2615 2003 2758 2043 anno
2797 1987 3136 2057 conjunctim
3177 1988 3448 2057 legantur,
3482 2002 3542 2040 ea
3576 2000 3687 2039 non

2108 2077 2182 2130 ita
2215 2079 2418 2132 morari
2457 2080 2716 2135 lectorem
2770 2089 3049 2151 poterunt,
3100 2091 3160 2135 ut
3207 2089 3493 2150 propterea
3549 2093 3689 2147 opus

2109 2169 2182 2224 sit
2231 2171 2446 2240 singula
2501 2171 2568 2225 ad
2627 2188 2853 2228 examen
2890 2189 3171 2228 revocare.
3223 2173 3276 2226 Si
3318 2172 3688 2227 Romanorum

2108 2264 2433 2335 pontificum
2477 2273 2572 2320 aut
2621 2267 2856 2320 aliorum
2909 2267 3349 2337 patriarcharum
3386 2267 3690 2327 successio,

2111 2355 2449 2425 quandoque
2501 2357 2603 2426 ipsi
2660 2357 2866 2411 inserta
2908 2358 3080 2424 texui,
3119 2358 3246 2410 hinc
3281 2357 3406 2411 inde
3437 2366 3695 2427 appareat

2114 2447 2436 2517 corrigenda
2490 2464 2557 2504 ex
2601 2451 2936 2506 certioribus
2991 2450 3386 2515 monumentis,
3439 2465 3542 2503 non
3588 2449 3691 2520 ipsi

2114 2541 2328 2594 auctori
2361 2541 2553 2596 vitium
2588 2532 2904 2612 imputetur,
2942 2544 3036 2598 sed
3079 2543 3367 2610 catalogis,
3421 2559 3556 2612 quos
3597 2558 3696 2596 nec

2118 2633 2259 2702 ipse,
2297 2649 2398 2688 nec
2438 2635 2530 2703 qui
2562 2633 2725 2689 simili
2762 2635 2816 2688 in
2865 2634 3048 2690 studio
3093 2634 3383 2698 laboravit,
3443 2635 3500 2688 S.
3539 2633 3697 2687 Nice-

2115 2727 2348 2798 phorus,
2376 2729 2516 2783 satis
2552 2738 2832 2785 correctos
2863 2729 3075 2792 habuit,
3122 2739 3177 2782 ut
3209 2727 3336 2782 alibi
3379 2737 3433 2782 et
3464 2727 3701 2780 maxime

2119 2819 2173 2873 in
2236 2820 2294 2874 S.
2357 2819 2562 2888 Cyrillo
2618 2817 3116 2891 llierosolymitano
3183 2814 3509 2889 episcopo§
3565 2817 3598 2871 '5
3633 2817 3698 2868 ad

2121 2913 2188 2966 18
2219 2911 2397 2966 Martii
2439 2911 2816 2982 probavimus.
2882 2910 2938 2966 Si
2983 2911 3221 2980 denique
3267 2915 3518 2963 auctores
3562 2923 3701 2978 quos

2121 3007 2300 3080 potuit
2324 3017 2548 3063 secutus
2584 3007 2842 3076 optimos,
2864 3005 3102 3074 aliquem
3133 3003 3397 3074 temporis
3415 3003 3674 3056 characte

2123 3115 2240 3155 rem
2278 3100 2348 3154 ab
2376 3099 2443 3155 iis
2471 3099 2557 3154 vel
2590 3111 2876 3169 perperam
2909 3097 2994 3151 vel
3029 3093 3284 3166 ambigue
3315 3102 3557 3148 notatum
3595 3102 3706 3162 prtia

2126 3193 2302 3248 oculis
2342 3191 2554 3257 habuit,
2609 3191 2791 3246 danda
2821 3197 2908 3245 est
2951 3189 3109 3242 venia
3139 3189 3391 3242 humanae
3423 3179 3706 3240 imbecilli-

436 3283 708 3339 pugnaret
732 3271 920 3334 edixit,
961 3292 979 3325 t
1016 3274 1105 3328 die
1130 3275 1161 3325 7
1194 3274 1401 3331 mensis
1425 3273 1694 3339 Januarii,
1723 3274 2025 3330 indictione
2051 3299 2094 3359 ο
2133 3287 2254 3353 rati,
2291 3287 2378 3342 cui
2422 3286 2568 3341 nulla
2620 3284 2798 3355 possit
2854 3290 3118 3354 praestare
3167 3278 3468 3350 diligentia,
3504 3291 3564 3332 ut
3597 3284 3704 3332 non

439 3361 530 3426 13,
561 3361 697 3416 feria
738 3363 1103 3421 hebdomadis
1147 3367 1212 3433 ὃς
1255 3385 1274 3418 ι
1309 3367 1404 3422 sed
1460 3381 1586 3422 cum
1648 3375 1778 3422 tunc
1838 3365 2023 3423 littera

440 3455 802 3513 {.pminicalis
853 3459 1020 3514 fuerit
1054 3462 1119 3524 A,
1151 3469 1379 3531 apparet
1406 3461 1550 3516 diem
1600 3461 1807 3517 mensis
1849 3459 2026 3518 fuisse

442 3549 531 3614 17,
575 3549 661 3614 ιζ’.
693 3549 758 3604 Ει
792 3551 905 3606 hare
939 3559 1177 3622 quatuor
1206 3553 1273 3607 ad
1307 3561 1555 3623 tempora
1585 3560 1836 3623 spectant
1882 3567 2026 3623 prte-

443 3651 646 3697 notata:
667 3643 1122 3714 anticipationis:
1160 3660 1285 3715 quae
1322 3653 1657 3716 sequuntur,
1687 3647 2026 3702 ordinariam

444 3746 669 3792 servant
717 3738 1007 3809 utriusque
1035 3753 1160 3795 azrae
1211 3738 1602 3805 diﬂ‘erentiam,
1635 3749 1762 3796 octo
1819 3741 2031 3798 scilicet

447 3845 746 3888 annorum.

522 3937 598 3976 xt.
633 3922 791 3976 Anno
829 3923 957 3987 789,
1011 3923 1315 3980 secundum
1361 3925 1790 3990 Alexandrinos,
1830 3942 1851 3977 ‹
1887 3923 2034 3980 Junii

399 4038 414 4047 -
454 4012 664 4070 mensis
695 4013 786 4070 die
818 4015 885 4069 17
912 4015 1216 4071 indictione
1248 4016 1282 4071 5
1318 4036 1334 4068 ι
1379 4017 1519 4086 fugit
1551 4016 2037 4087 Constantinopoli

453 4103 755 4174 imperator
798 4104 1199 4163 Constantinus
1231 4125 1244 4162 :
1276 4107 1372 4164 sed
1420 4108 1582 4178 jussu
1629 4109 1824 4164 matris
1855 4108 2039 4164 Irenes

454 4195 892 4264 comprehensus
951 4197 1020 4252 ab
1095 4198 1331 4265 amicis,
1393 4197 1681 4254 reducitur
1736 4200 1793 4254 in
1847 4198 2039 4253 urbem

462 4305 482 4339 t
524 4287 767 4344 Sabbato
794 4289 998 4346 mensis
1033 4289 1280 4360 ejusdem
1322 4291 1412 4347 die
1447 4292 1549 4359 l5;
1590 4311 1608 4344 ι
1649 4307 1759 4363 quo
1797 4291 1922 4348 loco
1955 4305 2044 4346 er-

457 4393 640 4436 rorem
703 4381 1082 4449 manifestum,
1140 4399 1206 4438 ex
1270 4385 1690 4454 comparatione
1756 4383 2046 4454 utriusque

458 4474 566 4544 diei
600 4475 995 4545 colligendum,
1026 4477 1285 4543 emenda,
1310 4485 1366 4533 et
1402 4494 1501 4548 pro
1538 4477 1744 4534 mensis
1775 4477 1926 4533 Junii
1958 4477 2049 4532 die

458 4566 527 4621 17
553 4567 690 4638 lege,
729 4569 922 4623 mensis
959 4569 1098 4623 Julii
1149 4569 1234 4624 die
1270 4570 1333 4636 7;
1367 4586 1514 4624 anno
1547 4571 1692 4625 enim
1726 4569 1885 4624 nobis
1921 4567 2046 4631 797,

460 4661 572 4716 dies
603 4661 671 4716 15
719 4678 829 4716 non
862 4661 1032 4730 Junii,
1081 4663 1177 4719 sed
1224 4663 1364 4718 Julii
1403 4664 1694 4720 sabbatum
1737 4662 1862 4718 fuit.
1895 4662 2045 4716 Ana—
2081 4649 2124 4704 Ῑ)
2156 4671 2458 4726 Simocatta
2505 4669 2622 4737 ipse

461 4755 667 4809 stasius
721 4752 1193 4812 Bibliotheearius
1225 4756 1292 4810 16
1344 4755 1476 4810 Ital.
1519 4755 1658 4826 Aug.
1703 4762 1924 4810 vertens
1955 4750 2046 4806 ubi

464 4843 534 4896 de
567 4843 695 4914 fuga
731 4846 842 4916 agit
879 4845 944 4898 17
985 4844 1123 4899 Julii
1152 4846 1369 4900 videtur
1415 4847 1618 4916 legisse
1646 4863 1660 4900 :
1693 4860 1793 4915 pro
1836 4857 1946 4915 quo
1977 4858 2046 4895 an

465 4933 534 4987 17
556 4933 699 5005 Aug.
743 4935 947 4989 alicubi
975 4937 1245 4992 invenerit
1268 4935 1519 5008 Philippe
1544 4935 1726 4991 Labbe
1745 4938 2046 4990 nescimus:

466 5034 616 5082 certe
646 5029 700 5082 in
732 5028 973 5097 epitome
1003 5029 1396 5102 chronologica
1427 5028 1779 5086 Constantini
1811 5040 2056 5082 excaecat-

467 5122 674 5178 tionem
705 5120 931 5176 ascribit
958 5121 1064 5177 diei
1097 5121 1163 5177 19
1179 5121 1319 5192 Aug.
1339 5136 1461 5188 quae
1487 5120 1743 5176 similiter
1764 5119 2054 5176 sabbatum

467 5216 596 5274 fait.

540 5323 638 5362 xu.
680 5305 842 5361 Anno
869 5305 994 5371 803,
1037 5305 1165 5374 Leo,
1203 5306 1654 5362 Armeniacorum
1689 5305 1799 5361 dux
1829 5305 1933 5362 sub
1958 5305 2061 5360 im-

471 5410 728 5474 peratore
775 5399 1108 5472 Nicephoro,
1167 5416 1295 5456 cum
1347 5415 1544 5472 magna
1581 5400 1858 5455 exercitus
1896 5407 2061 5468 atque

475 5492 726 5564 pecuniae
790 5503 946 5562 parte
1019 5492 1170 5548 venit
1235 5493 1290 5547 in
1345 5507 1540 5548 manus
1601 5489 2061 5555 Sarracenorum,

475 5601 664 5641 mense
745 5583 1049 5641 Februario
1120 5586 1441 5641 indictionis
1520 5593 1731 5654 quartae
1800 5583 2064 5654 (decimae

481 5685 690 5746 quartae
719 5693 1009 5748 perperam
1041 5679 1184 5750 apud
1210 5678 1562 5734 Anastasium
1620 5675 1864 5746 legitur),
1924 5674 2063 5728 Sab-

481 5769 610 5826 bato
645 5775 821 5843 primo
852 5772 1304 5842 quadragesimae.
1349 5769 1552 5826 Verum
1595 5784 1661 5822 eo
1695 5783 1864 5833 anno,
1896 5765 2066 5837 Cyclo

506 5878 631 5918 una:
660 5864 748 5927 14,
782 5865 914 5920 solis
951 5863 1005 5927 8,
1039 5865 1221 5918 littera
1265 5861 1590 5917 Dominicali
1628 5861 1687 5925 Ε,
1715 5859 1924 5915 Pascha
1967 5859 2070 5914 fuit

493 5955 562 6011 15
593 5954 818 6026 Aprilis,
875 5956 1118 6023 adeoque
1167 5955 1373 6010 dictum
1425 5955 1729 6010 Sabbatum
1783 5952 1980 6009 cecidit
2014 5952 2069 6008 iu

2129 3381 2426 3451 aliquando
2457 3386 2672 3436 exerret
2712 3393 2740 3431 a
2789 3391 2942 3432 vero.
2990 3375 3067 3428 Ita
3107 3390 3232 3428 cum
3267 3371 3712 3451 Theophylact'us

2134 3450 2436 3526 Simocatta
2480 3468 2672 3523 szeculi
2729 3467 2761 3519 7
2818 3466 3075 3536 scriptor,
3133 3462 3420 3517 historiam
3471 3450 3711 3513 Mauritii

2131 3564 2483 3634 imperatoris
2539 3561 2698 3616 libris
2741 3568 2866 3616 octo
2910 3557 3315 3626 descripsisset,
3363 3564 3416 3609 et
3455 3554 3550 3607 lib.
3579 3569 3632 3616 v,
3661 3569 3712 3606 c.

2135 3658 2202 3713 16
2249 3664 2446 3728 pacato
2503 3653 2872 3725 imperatoriis
2923 3651 3094 3705 armis
3140 3649 3361 3704 Oriente
3409 3645 3474 3700 ad
3529 3661 3618 3701 res
3659 3646 3714 3698 in

2136 3751 2353 3820 Europa
2383 3755 2566 3819 gestas
2601 3747 2879 3801 transiens
2913 3743 3164 3802 dixisset.
3198 3740 3341 3812 quod
3379 3756 3438 3793 eo
3477 3739 3580 3803 die,
3611 3753 3718 3807 quo

2135 3844 2254 3914 ipse
2289 3845 2585 3913 imperator
2628 3840 2898 3895 ducturus
2947 3835 3276 3898 exercitum,
3311 3843 3435 3887 vere
3473 3832 3718 3894 ineunte,

2146 3955 2165 3987 ‹
2203 3934 2469 4006 Egressus
2522 3947 2552 3987 e
2612 3931 2783 4000 regia,
2837 3941 3200 3998 parasangam
3254 3939 3417 3978 uuam
3457 3932 3512 3977 et
3556 3923 3722 3977 semis

2141 4041 2320 4096 usque
2349 4027 2400 4079 in
2439 4023 2742 4094 Septimum
2776 4021 3073 4091 processit,
3129 4013 3209 4072 sol
3257 4032 3393 4084 pene
3444 4023 3591 4070 totus
3639 4017 3726 4067 est

2141 4117 2510 4179 obscuratus,
2553 4133 2571 4165 ι
2627 4112 3158 4182 subjunxissetque:
3218 4107 3476 4160 Ἐννατον
3513 4105 3570 4158 δὲ
3619 4102 3726 4175 ἄρα

2144 4207 2303 4261 τοῦτο
2360 4207 2480 4269 ἔτος
2527 4205 2823 4275 ἐτύγχανεν
2861 4202 2922 4256 ὃν
2980 4199 3289 4273 Μαυρικξου
3332 4190 3426 4253 τοῢ
3461 4197 3729 4267 αὐτοκρὰ-

2146 4315 2327 4370 τορος,
2387 4297 2441 4352 id
2476 4296 2863 4366 Theophanes,
2906 4308 3063 4363 teque
3093 4307 3156 4347 ac
3182 4299 3369 4362 postea
3417 4291 3731 4344 Simocattae

2149 4393 2419 4462 interpres
2474 4389 2708 4446 Latinus
2769 4386 3010 4444 Jacobus
3058 4385 3368 4447 Pontanus,
3418 4384 3484 4437 de
3532 4401 3550 4433 ε
3591 4391 3732 4433 anno

2149 4484 2359 4553 imperii
2405 4499 2544 4538 nono
2579 4498 2598 4534 ι
2650 4480 2940 4536 intellexit.
2997 4476 3112 4532 Hoc
3163 4491 3326 4546 porro
3373 4475 3416 4530 si
3449 4490 3512 4527 ex
3553 4480 3733 4527 mente

2155 4577 2398 4633 auctoris
2431 4576 2556 4631 fecit
2586 4583 2836 4645 uterque,
2864 4571 3248 4630 erravitsane,
3281 4575 3339 4622 ut
3362 4578 3486 4622 mox
3531 4562 3735 4637 patebit

2668 4685 2680 4720 :
2748 4674 2960 4721 certum
3002 4672 3086 4719 est
3113 4661 3281 4720 enim,
3317 4661 3461 4731 quod
3497 4660 3598 4713 iste
3634 4672 3736 4710 an-

2157 4777 2260 4818 nus
2298 4759 2465 4815 fuerit
2493 4757 2748 4812 Mauritio
2781 4753 2994 4826 imperii
3038 4753 3306 4808 decimus.
3363 4750 3418 4804 Si
3457 4758 3734 4803 auctorem

2157 4867 2386 4908 excuses
2424 4863 2662 4920 eumque
2708 4858 2865 4918 putes
2922 4861 3031 4900 non
3084 4859 3286 4898 aunum
3322 4843 3421 4912 τῆς
3465 4839 3739 4910 βασιλείας

2159 4939 2398 5008 imperii,
2445 4937 2540 4993 sed
2592 4936 2694 5005 τῆς
2743 4935 3008 4998 ὑπατείας
3055 4931 3374 4988 consulatus
3423 4944 3649 4992 nonum,
3682 4932 3743 4981 ut

2160 5031 2426 5100 scriptum
2462 5029 2715 5084 fortassis
2753 5036 2879 5082 ante
2902 5043 2963 5082 se
3003 5022 3301 5095 repererat)
3333 5019 3738 5076 numeravisse:

2162 5120 2493 5179 excusabilis
2519 5120 2685 5174 etiam
2725 5117 3090 5188 Theophanes
3124 5116 3249 5179 erit,
3280 5114 3423 5183 quod
3455 5112 3627 5180 magis
3656 5110 3746 5166 ob-

2163 5215 2312 5267 vium
2350 5221 2575 5267 secutus
2616 5224 2862 5277 sensum,
2923 5208 2988 5262 ad
3045 5207 3227 5261 minus
3286 5205 3549 5259 usitatum
3609 5202 3748 5255 altr-

2165 5322 2288 5362 rum
2342 5315 2397 5360 et
2446 5305 2501 5359 in
2555 5303 2661 5358 hoc
2724 5316 2879 5370 casu_
2926 5299 3221 5372 specialem
3279 5312 3387 5351 non
3453 5295 3749 5350 adverterit

2169 5397 2444 5452 animum.

2239 5489 2332 5544 29.
2374 5486 2607 5542 Errandi
2641 5499 2804 5554 porro
2827 5481 3048 5538 occasio
3091 5479 3222 5536 huic
3247 5478 3328 5533 vel
3355 5478 3430 5532 illi
3466 5474 3748 5544 luit,quod

2171 5597 2319 5638 anno
2359 5580 2629 5636 duntaxat
2673 5576 2920 5634 secundo
2956 5573 3169 5644 imperii
3201 5573 3286 5626 sui
3320 5570 3510 5626 consul
3548 5565 3753 5621 Mauri-

2174 5677 2286 5731 tius
2314 5672 2621 5745 appellatus
2647 5672 2720 5726 sit
2759 5669 2909 5725 solus
2943 5667 3153 5736 absque
3181 5664 3386 5731 collega
3415 5675 3428 5717 ε
3488 5681 3505 5712 ι
3541 5659 3754 5730 primus

2175 5768 2378 5838 quippe
2412 5766 2562 5821 illius
2620 5779 2800 5818 annus
2845 5758 3169 5816 consulibus
3222 5755 3423 5821 caruit,
3485 5761 3648 5822 atque
3686 5766 3753 5805 ex

2176 5859 2457 5920 communi
2489 5857 2773 5914 hominum
2807 5867 3079 5910 consensu
3111 5850 3372 5918 scriptum
3405 5855 3485 5901 est
3519 5865 3535 5901 :
3584 5865 3602 5894 ι
3624 5843 3756 5898 Post

2179 5949 2530 6008 consulatum
2571 5944 2772 6002 divinae
2825 5941 3103 5998 memoria:
3161 5937 3365 6000 Tiberii
3407 5930 3752 5991 Constantini
