4088 6432
379 356 517 423 1185

1397 357 1572 420 GOD.
1611 357 2085 427 HENSCHENII
2129 361 2655 425 DISSERTATIO.

3505 372 3646 440 1186

370 481 517 522 anno
567 473 792 538 quarto,
826 483 846 519 ι
885 467 963 522 uti
1017 466 1072 522 in
1119 465 1384 524 chronico
1430 469 1804 527 Alexandrino
1861 483 1958 525 ex-
1981 480 2036 541 Α
2060 473 2220 528 anuis
2249 473 2490 529 Mauritii
2525 474 2880 545 imperatoris
2905 476 3231 535 ordinandis
3261 481 3476 536 tertiam
3511 499 3646 554 epo-

373 574 566 629 presse
621 558 844 614 dicitur.
926 557 1068 616 Hine
1116 569 1299 615 autem
1354 568 1481 614 nata
1537 566 1623 615 est
1676 575 1950 615 annorum

370 649 610 704 Mauritii
649 649 847 719 duplex
872 650 1105 726 epocha,
1136 651 1307 705 altera
1340 649 1582 720 Imperii,
1612 651 1781 708 altera
1801 651 1952 708 Con-

372 746 611 802 sulatus.
634 745 834 816 Jtaque
865 747 960 816 qui
996 761 1176 805 annus
1200 749 1520 820 imperantis
1558 748 1659 804 fuit
1679 751 1952 816 decimus,

370 835 618 906 ejusdem
656 837 846 892 novies
876 839 1137 893 Consulis
1169 839 1478 906 dicebatur,
1531 840 1615 895 vel
1663 843 1826 896 etiam
1870 845 1956 913 (ut

375 929 690 984 Chronicon
715 931 1144 986 Alexandrinum
1174 935 1449 998 numerat)
1486 953 1504 984 ‹
1549 944 1671 1004 post
1706 935 1956 990 consula-

371 1030 491 1076 tum
519 1021 762 1076 Mauritii
802 1021 1007 1078 Tiberii
1042 1033 1272 1082 octavus
1308 1043 1320 1079 :
1359 1045 1378 1078 ι
1419 1041 1526 1097 quo
1561 1043 1705 1088 anno
1740 1029 1956 1090 eodem-

373 1131 484 1184 que
532 1115 772 1184 vulgaris
808 1131 931 1172 aera;
968 1116 1072 1172 592
1132 1118 1328 1174 ductas
1375 1135 1497 1176 esse
1549 1121 1604 1175 in
1665 1122 1952 1177 Thraciam

371 1206 588 1283 copias,
607 1222 726 1269 non
757 1222 887 1263 vero
922 1209 1275 1279 praecedenti,
1289 1211 1537 1290 primum
1563 1228 1632 1276 ex
1652 1229 1718 1272 eo
1743 1215 1955 1288 colligi-

371 1309 501 1367 tur,
552 1299 696 1371 quod
757 1303 972 1356 nonnisi
1032 1303 1362 1373 praecedenti
1417 1321 1602 1374 anno,
1651 1308 1954 1363 secundum

369 1391 808 1448 Alexandrinum
854 1395 1200 1461 chronicon,
1262 1398 1552 1453 restitutus
1625 1415 1795 1470 regno
1854 1417 1954 1457 suo

373 1483 648 1541 Chosroes
680 1486 774 1546 sit,
822 1485 1004 1554 itaque
1045 1495 1271 1558 pacatus
1301 1487 1497 1545 Oriens
1544 1507 1558 1544 :
1611 1492 1953 1562 potissimum

369 1585 556 1632 autem
611 1577 754 1632 idem
808 1577 1236 1641 demonstrative
1288 1582 1561 1642 evincitur
1609 1598 1676 1643 ex
1721 1585 1953 1643 illatam

371 1669 568 1738 grandi
622 1670 1014 1726 obscuratione
1063 1672 1242 1737 solis,
1315 1689 1479 1744 quam
1528 1689 1594 1728 ex
1650 1674 1954 1732 Simocatt'a

372 1761 728 1831 transeripsit
793 1761 1202 1834 Theophanes,
1263 1775 1356 1828 et,
1425 1777 1484 1820 ut
1531 1767 1772 1823 diximus
1832 1785 1956 1840 per-

2062 561 2223 616 cham
2273 565 2492 629 statuit,
2526 564 2584 620 in
2629 580 2776 622 anno
2821 568 3063 640 vulgaris
3093 584 3219 624 aera:
3252 570 3380 634 592,
3425 589 3556 642 quo,
3589 585 3649 628 ut

2061 652 2160 718 ait,
2193 670 2212 705 ι
2249 652 2540 713 Mauritius
2586 658 2881 729 imperator
2916 664 3036 715 sine
3084 663 3296 733 collega
3344 665 3648 738 secundum

2060 746 2409 807 consulatum
2467 749 2660 818 gessit,
2706 766 2869 820 quem
2908 769 3084 823 usque
3137 755 3205 809 ad
3255 755 3646 812 duodecimum

2061 839 2428 903 continuavit,
2463 849 2523 895 ut
2565 857 2629 896 ex
2682 842 2840 900 fastis
2867 844 3078 900 Graecis
3126 857 3182 901 et
3215 847 3358 902 libro
3404 847 3648 903 Maﬂ‘eio-

2060 942 2185 983 rum
2216 931 2560 1003 intelligitur.
2591 933 2789 992 Fastos
2819 937 3042 994 Graecos
3072 940 3161 995 hic
3203 942 3468 1011 appellat,
3502 958 3650 1012 quos

2061 1021 2190 1085 alibi
2243 1020 2480 1089 Siculos,
2535 1035 2590 1094 et
2651 1029 2953 1094 novissime
3013 1030 3267 1088 Raderus
3328 1034 3646 1092 Chronieon

2059 1109 2492 1172 Alexandrinum
2526 1122 2864 1190 nuncupavit
2891 1139 2904 1175 :
2932 1123 3028 1178 sed
3057 1123 3112 1178 in
3145 1124 3233 1179 his
3264 1125 3547 1197 (idemque
3577 1128 3647 1183 de

2060 1201 2204 1266 libro
2228 1202 2568 1263 Maﬂ'eiorum
2593 1210 2702 1265 dici
2731 1227 2892 1281 posse
2914 1214 3270 1286 arbitramur)
3297 1218 3431 1272 nihil
3463 1219 3645 1274 simile

2061 1291 2285 1360 dicitur,
2318 1304 2375 1352 et
2403 1299 2556 1352 nulla
2591 1299 2736 1356 facta
2777 1303 2983 1359 alicubi
3013 1307 3292 1362 mentione
3320 1311 3644 1366 consulatus

2060 1389 2328 1456 secundi,
2387 1392 2876 1450 indiseriminatim
2943 1409 3323 1456 memorantur
3387 1404 3516 1458 anni
3575 1405 3645 1458 18

2059 1485 2186 1546 post
2215 1482 2564 1538 consulatum
2615 1483 2864 1542 Mauricii
2917 1485 3145 1545 Tiberii.
3179 1488 3414 1546 Unicum
3478 1493 3646 1564 igitur

2053 1569 2390 1642 tertiae-ejus
2437 1577 2663 1646 epocbre
2695 1580 3184 1643 comminiscendae
3225 1585 3641 1640 fundamentum

2062 1663 2272 1732 accepit
2302 1663 2624 1736 Onuphrius
2663 1686 2730 1725 ex
2761 1686 2847 1734 eo,
2876 1675 3022 1743 quod
3058 1677 3222 1744 paulo
3256 1687 3379 1746 post
3415 1678 3640 1748 allegat,

2062 1755 2300 1826 registro
2345 1760 2705 1829 epistolarum
2739 1764 2795 1819 S.
2833 1763 3082 1836 Gregorii
3131 1769 3172 1822 l.
3219 1769 3312 1835 1X,
3359 1770 3553 1825 lndict.
3584 1770 3640 1835 4,

359 1867 557 1928 peram
615 1868 762 1908 anno
813 1869 960 1917 nono
1018 1856 1263 1920 Mauritii
1319 1857 1647 1935 imperantis
1703 1861 1951 1916 attribuit

2059 1845 2146 1900 ubi
2187 1847 2269 1903 sic
2305 1848 2498 1920 incipit
2527 1853 2691 1931 epist.
2720 1855 2831 1912 22:
2869 1876 2889 1909 ς
2927 1859 2983 1925 lu
3022 1860 3242 1915 nomine
3293 1860 3506 1916 Domini
3541 1879 3644 1918 no~

371 1960 480 2007 una
542 1959 665 1998 cum
728 1946 894 2007 rebus
936 1956 1067 2009 tunc
1132 1949 1324 2018 gestis.
1395 1948 1830 2010 Constat'enim
1887 1970 1956 2009 ex

370 2037 764 2098 astronomicis
799 2039 1057 2101 calculis,
1111 2038 1258 2108 quod
1286 2039 1508 2110 eclipsis
1547 2042 1784 2110 solaris,
1835 2059 1957 2113 qua:

368 2144 518 2184 anno
559 2129 652 2184 59l
692 2129 913 2196 accidit,
964 2130 1053 2192 die
1103 2129 1172 2185 50
1221 2130 1424 2198 Martii,
1478 2132 1956 2206 Constantinopoli

367 2226 459 2278 vix
512 2233 606 2277 aut
656 2238 723 2279 ne
780 2225 869 2277 vix
907 2222 1126 2294 quidem
1162 2224 1410 2294 potuerit
1465 2225 1750 2294 conspici,
1793 2235 1958 2304 prout

368 2317 430 2371 in
461 2317 636 2374 nostri
665 2318 895 2387 gratiam
927 2317 1359 2372 observaverunt
1406 2319 1506 2372 viri
1558 2320 1958 2380 astronomica-

370 2425 492 2464 rum
528 2425 710 2464 rerum
737 2409 1068 2480 peritissimi
1114 2407 1225 2464 duo
1279 2409 1514 2466 Michael
1556 2409 1856 2471 Seneschal
1894 2411 1952 2467 S.

367 2501 420 2558 Ι.
455 2511 511 2559 et
542 2502 707 2557 David
758 2502 974 2557 vanden
1018 2499 1484 2560 Nieuvvenhorcht
1537 2501 1958 2573 Antuerpiensis

368 2595 682 2666 presbyter.
759 2593 830 2649 At
889 2607 1022 2649 vero
1089 2607 1236 2650 anno
1299 2593 1427 2660 592,
1481 2593 1572 2649 die
1632 2595 1699 2650 l9
1769 2595 1955 2654 Martii

370 2702 573 2757 magna
610 2688 702 2742 illa
735 2686 961 2756 eclipsis
1021 2686 1240 2752 accidit,
1267 2701 1430 2756 quam
1461 2685 1716 2742 Petavius
1769 2696 1957 2744 noster

369 2779 410 2832 ι.
455 2794 548 2834 vni
582 2778 660 2832 De
681 2779 1266 2845 doctrinatemporum,
1301 2793 1424 2847 pag.
1454 2777 1579 2843 855,
1617 2779 1777 2834 docet
1807 2779 1954 2836 Con-

368 2871 737 2941 stantinOpoli
781 2870 956 2926 fuisse
986 2869 1286 2939 digitorum
1342 2870 1432 2932 10,
1475 2880 1529 2924 et
1563 2871 1851 2926 duravisse
1886 2872 1956 2926 ab

367 2962 512 3020 hora
541 2963 596 3032 9,
630 2962 900 3016 matutina
939 2962 1109 3018 ferme
1163 2959 1236 3013 ad
1283 2961 1523 3018 medium
1579 2961 1728 3016 hora:
1760 2961 1847 3016 12.
1886 2961 1959 3018 Ut

366 3055 599 3111 dubium
621 3055 840 3109 nullum
872 3055 964 3118 sit,
1008 3054 1144 3124 quin
1193 3053 1308 3107 haec
1335 3054 1427 3107 illa
1459 3068 1680 3123 quoque
1725 3054 1954 3124 eclipsis

366 3147 466 3212 sit,
501 3147 660 3216 cujus
685 3146 752 3200 ad
787 3159 991 3199 annum
1023 3143 1350 3199 Guntramni
1395 3141 1493 3204 22,
1526 3142 1780 3197 meminit
1819 3141 1955 3198 Frc-

2058 1937 2158 1992 stri
2190 1947 2244 1995 et
2293 1941 2598 2006 Salvatoris
2647 1947 2777 2015 Jestt
2813 1949 3044 2023 Christi,
3083 1953 3481 2022 imperantibus
3534 1955 3642 2010 Do-

2063 2047 2195 2096 mno
2225 2032 2481 2101 Mauritio
2510 2046 2562 2094 et
2599 2038 2820 2105 Tiberio
2862 2044 3148 2114 Augustis,
3184 2063 3328 2102 antro
3377 2047 3638 2104 incarna-

2059 2122 2228 2179 tionis
2272 2123 2576 2185 Dominica:
2624 2136 3033 2197 sexcentesimo
3080 2138 3280 2207 primo,
3334 2139 3641 2212 eodemque

2056 2213 2291 2280 Domino
2328 2220 2590 2278 undecies
2631 2227 2860 2284 consule
2884 2229 2986 2292 sub
3035 2229 3122 2284 die
3153 2229 3195 2296 ,5
3221 2230 3501 2295 Nonarum
3534 2231 3640 2288 0c-

2051 2307 2321 2366 tobrium.
2362 2329 2381 2362 ι

2127 2399 2219 2468 51.
2256 2403 2482 2468 Verum,
2519 2405 2596 2460 uti
2647 2408 2701 2463 in
2738 2407 2841 2470 hac
2869 2410 3104 2480 epistola
3134 2412 3488 2475 manifestum
3529 2426 3637 2482 est,

2056 2493 2350 2550 oscitantis
2391 2497 2603 2553 librarii
2648 2502 2906 2558 mendum
2949 2504 3006 2562 in
3038 2519 3125 2572 eo,
3156 2509 3317 2577 quod
3350 2509 3434 2563 vel
3482 2509 3641 2564 Tibe-

2055 2585 2217 2650 rium,
2247 2602 2348 2657 pro
2368 2586 2678 2653 Theodosio
2701 2596 2925 2665 scripsit
2950 2597 3122 2667 (hunc
3151 2598 3298 2654 enim
3335 2615 3442 2656 non
3470 2601 3636 2656 istum

2054 2686 2206 2748 pater
2258 2681 2472 2751 imperii
2520 2693 2834 2745 consortem
2870 2691 3140 2748 aseiverat
3182 2706 3334 2752 anno
3369 2692 3518 2765 590),
3551 2697 3638 2750 vel

2054 2771 2201 2841 quod
2257 2773 2367 2829 duo
2428 2777 2591 2833 unius
2645 2779 2996 2851 imperatoris
3063 2785 3289 2840 nomina
3345 2787 3637 2858 interjecta

2055 2860 2464 2930 conjunctione,
2490 2873 2564 2930 et,
2599 2866 2652 2920 in
2683 2867 2822 2925 duas
2859 2885 3126 2940 personas
3157 2871 3499 2942 distrahens,
3528 2893 3631 2932 no-

2055 2953 2213 3018 tavit,
2274 2972 2292 3004 ι
2344 2953 2773 3026 lmperatoribus
2827 2962 3116 3033 Augustis,
3168 2980 3268 3036 pro
3325 2967 3636 3038 imperante

2055 3047 2260 3101 domno
2303 3045 2560 3104 Mauritio
2602 3049 2823 3108 Tiberio
2869 3055 3124 3125 Augusto
3173 3072 3188 3110 :
3247 3075 3266 3109 ι
3323 3057 3407 3113 sic
3455 3061 3636 3128 potuit

2057 3136 2201 3193 idem
2231 3140 2506 3198 erravisse
2548 3145 2605 3199 in
2648 3161 2882 3203 numero
2933 3149 3259 3205 consulatus
3290 3149 3357 3203 ad
3410 3150 3633 3222 longum

364 3241 647 3309 degat-ius,
701 3239 932 3294 dicens;
970 3240 1136 3309 quod,
1182 3255 1202 3290 ι
1257 3238 1298 3293 Α
1333 3251 1493 3293 mane
1524 3253 1700 3308 usque
1751 3239 1806 3292 in
1839 3254 1953 3294 me-
1981 3232 2026 3256 “
2057 3241 2256 3302 praeter
2271 3233 2748 3300 'consuetudinem
2777 3240 3133 3310 antiquorum
3171 3241 3553 3309 describendo,
3579 3252 3636 3299 et

367 3334 518 3387 diam
549 3333 691 3388 diem
730 3333 804 3387 ita
838 3332 1170 3386 obseuratus
1203 3331 1276 3387 sit
1309 3332 1415 3398 sol,
1444 3339 1504 3385 ut
1539 3332 1698 3385 tertia
1730 3345 1857 3401 pars
1884 3346 1952 3396 ex

367 3425 494 3500 ipso
548 3426 634 3478 vix
677 3434 986 3494 appareret.
1034 3441 1052 3475 ι
1096 3425 1208 3477 lmo
1267 3438 1378 3478 non
1443 3438 1508 3478 ex
1563 3421 1951 3478 observatione

366 3519 515 3590 apud
538 3517 786 3574 Francos
823 3518 988 3582 facta,
1035 3517 1130 3571 sed
1176 3533 1243 3572 ex
1286 3516 1522 3586 alicujus
1548 3513 1720 3576 Graeci
1761 3521 1952 3570 aucto-

364 3611 450 3665 ris
489 3611 664 3664 relatu
700 3608 874 3679 ipsius
928 3608 1202 3681 eelipseos
1239 3607 1585 3672 durationem
1643 3606 1950 3670 innotuisse

363 3681 720 3773 Frcdegario,
744 3716 809 3756 ex
843 3708 1087 3770 tempore
1120 3715 1218 3771 per
1247 3699 1502 3754 eumdem
1533 3697 1823 3770 designato
1851 3714 1950 3770 ap-

365 3806 555 3868 paret:
591 3811 716 3850 nam
749 3795 878 3866 (nisi
909 3795 1049 3850 forte
1075 3794 1310 3850 mediam
1335 3793 1481 3848 diem
1513 3793 1621 3848 dici
1659 3801 1817 3862 putes
1849 3807 1948 3863 pro

363 3891 528 3960 plena
563 3888 672 3960 die)
702 3888 793 3943 illa
829 3888 961 3944 solis
981 3887 1300 3943 obscuratio
1335 3888 1386 3941 in
1415 3886 1590 3942 Gallia
1620 3886 1785 3954 cmpit
1817 3900 1950 3941 eon-

361 3983 526 4050 spici,
555 3991 617 4036 ttt
655 3980 916 4037 Petavius
945 3980 1261 4036 observavit
1295 3980 1447 4034 circa
1481 3980 1669 4034 horam
1701 3979 1731 4031 7
1767 3986 1948 4034 matu-

361 4073 561 4138 tinam,
589 4079 642 4126 et
701 4086 812 4126 non
869 4071 1090 4126 duravit
1124 4085 1300 4140 usque
1352 4069 1419 4123 ad
1474 4069 1715 4124 medium
1763 4082 1943 4136 nonae,

361 4165 576 4236 fuitque
627 4165 931 4220 secundum
981 4165 1235 4219 eumdem
1281 4162 1568 4218 Petavium
1605 4178 1715 4217 non
1773 4163 1947 4216 multo

358 4259 493 4341 plus
522 4275 686 4329 quam
725 4259 1022 4330 digitorum
1057 4274 1151 4313 sex
1179 4275 1194 4326 ;
1228 4255 1530 4312 secundum
1560 4255 1807 4310 calculos
1836 4253 1947 4308 Da-

359 4352 510 4413 vidis
567 4353 834 4423 praecitati
886 4353 1184 4422 digitorum
1235 4350 1463 4405 omnino
1513 4358 1676 4415 octo;
1740 4365 1758 4400 ε
1813 4362 1942 4402 eum

360 4443 515 4508 luna,
548 4444 730 4514 inquit
793 4443 906 4508 hic,
942 4442 1192 4498 habuerit
1256 4440 1601 4495 latitudinem
1663 4438 1940 4494 borealem

2057 3322 2147 3376 ubi
2180 3323 2450 3394 scriptum
2485 3325 2665 3380 fuerat
2694 3327 2776 3382 vel
2808 3329 2979 3384 scribi
3009 3328 3295 3396 debuerat,
3326 3330 3634 3402 eodemque

2053 3412 2276 3468 domino
2320 3416 2387 3471 18
2435 3417 2664 3473 consule
2695 3458 2710 3482 ,
2767 3419 2971 3489 legisse
3030 3420 3310 3475 undecies.
3367 3421 3636 3477 Similiter

2051 3506 2226 3561 cidem
2288 3509 2540 3577 epistolae
2573 3511 2777 3566 inserta
2824 3510 2986 3566 Probi
3043 3512 3258 3567 abbatis
3299 3515 3633 3582 supplicatio

2053 3599 2133 3653 sic
2188 3600 2460 3676 incipiens
2508 3621 2578 3657 τι
2642 3602 2952 3673 lmperante
3006 3602 3209 3668 domno
3267 3602 3522 3660 Mauritio
3578 3619 3632 3661 et.

2045 3687 2276 3744 Tiberio
2317 3692 2588 3760 piissimo,
2635 3711 2654 3744 ι
2683 3695 2886 3766 corrigi
2922 3695 3082 3751 debet
3108 3695 3287 3760 deleta
3335 3699 3628 3770 particula,

2050 3791 2158 3836 etc.
2193 3782 2324 3849 Quae
2357 3784 2447 3839 hic
2480 3785 2626 3840 dicta
2654 3793 2818 3842 sunto
2849 3788 3140 3844 occasione
3173 3792 3378 3860 sumpti
3413 3805 3441 3844 a
3473 3790 3630 3846 Mau-

2052 3875 2180 3930 ritio
2218 3877 2563 3945 consulatus,
2604 3880 2768 3936 nullis
2801 3881 3066 3950 posthaec,
3099 3883 3277 3953 quoad
3307 3883 3440 3945 vixit
3475 3883 3632 3945 noris

2050 3969 2376 4026 consulibus
2409 3972 2746 4043 subrogatis,
2775 3981 2834 4027 ut
2857 3988 2980 4044 quae
3018 3975 3269 4044 sequenti
3297 3975 3513 4046 exegesi
3543 3975 3631 4030 di-

2049 4062 2194 4119 etnri
2226 4077 2419 4118 sumus
2469 4064 2536 4120 de
2560 4063 2890 4119 Guntramni
2942 4074 3140 4131 morte,
3177 4081 3246 4120 ex
3293 4065 3442 4120 illam
3489 4081 3631 4136 pra:-

2048 4171 2238 4226 gressa
2265 4171 2410 4211 anno
2444 4171 2557 4212 uno
2593 4158 2784 4228 eclipsi
2809 4158 3139 4223 deﬁnienda,
3175 4157 3278 4212 hac
3315 4173 3534 4229 quoque
3561 4173 3629 4213 ex

2048 4260 2204 4321 parte
2262 4260 2526 4306 maneant
2581 4252 2952 4321 inconcussa;
3010 4263 3181 4323 utque
3232 4251 3624 4322 Theophanem

2047 4343 2254 4414 legens,
2296 4360 2360 4400 ea
2397 4361 2518 4415 quae
2563 4345 2679 4426 ipse
2713 4345 2781 4400 ad
2833 4359 3037 4398 annum
3069 4345 3456 4400 Alexandrinae
3502 4359 3628 4398 terte

2043 4437 2174 4505 582,
2215 4437 2362 4492 velut
2401 4453 2512 4492 uno
2571 4435 2875 4507 eodemque
2917 4452 3065 4490 anno
3115 4444 3268 4508 gesta
3314 4435 3624 4506 conjungit,

359 4537 701 4592 minutorum
729 4537 820 4603 58,
857 4537 1178 4607 parallaxim
1215 4534 1550 4589 minutorum
1599 4532 1691 4599 60,
1730 4547 1851 4602 qua:
1877 4533 1943 4587 ad
1975 4531 2022 4588 ι)
2051 4545 2152 4602 pro
2191 4529 2387 4597 majori
2416 4537 2571 4601 parte
2620 4531 2760 4584 sciat
2815 4527 2883 4582 ad
2938 4543 3142 4582 annum
3205 4525 3310 4582 583
3375 4525 3622 4596 ejusdem

361 4631 720 4693 incidentiam
749 4632 1018 4700 eclipticae
1044 4630 1150 4684 fuit
1182 4629 1524 4684 minutorum
1571 4626 1663 4692 48,
1697 4626 1944 4696 adeoque

357 4724 492 4778 luna
519 4723 845 4792 appiruerit
871 4722 986 4776 sole
1015 4720 1250 4776 inferior
1281 4719 1508 4774 minutis
1535 4715 1624 4782 10,
1665 4736 1686 4770 ›
1726 4726 1784 4771 ut
1816 4731 1945 4772 vere

355 4818 452 4870 vix
490 4817 651 4868 tertia
702 4829 832 4883 pars
870 4813 1006 4868 solis
1036 4811 1285 4881 conspici
1316 4826 1348 4865 a
1395 4808 1626 4864 Francis
1677 4809 1940 4880 potuerit,

351 4905 822 4972 quemadmodum
861 4903 1228 4974 Fredegarius
1261 4901 1506 4972 scripsit.

429 4995 520 5052 50.
581 4993 907 5066 Onuphrius
961 4992 1295 5059 Panvinius,
1335 4992 1432 5047 lib.
1487 5007 1548 5047 ut
1609 4990 1938 5054 Fastorum-

2043 4639 2167 4680 atra;
2208 4622 2484 4692 pertinere
2511 4640 2523 4676 :
2557 4631 2613 4677 et
2639 4636 2762 4692 quae
2793 4621 2921 4676 huic
2959 4634 3106 4675 anno
3138 4633 3247 4674 una
3269 4633 3395 4674 cum
3427 4617 3623 4688 eclipsi

2043 4715 2391 4786 imputantur
2420 4710 2682 4783 conjungi
2716 4711 2918 4767 debere
2947 4709 3194 4766 historia
3227 4711 3356 4765 anni
3390 4724 3626 4779 sequen-

2043 4809 2136 4872 tis,
2167 4822 2278 4878 quo
2317 4819 2510 4861 revera
2557 4804 2788 4874 eclipsis
2817 4803 3055 4872 accidit,
3107 4811 3164 4859 et
3205 4802 3510 4860 exercitum
3565 4801 3622 4857 in

2042 4899 2335 4955 Thraciam
2370 4897 2674 4968 imperator
2701 4895 2880 4954 duxit.
