4088 6446
568 367 712 434 “37
1696 366 2096 430 ANASTASII
2137 363 2768 436 BIBLIOTIIEGARII
3678 382 3804 453 uss

699 697 1870 890 ANASTASII
1986 697 3759 900 BIBLIOTHECARII

1275 1028 1970 1143 HISTORIA
2031 1024 3147 1142 ECCLESIASTICA

579 1258 681 1322 EX
748 1253 1188 1330 NICEPHORO
1246 1252 1765 1328 PATBIARCIIA,
1837 1249 2177 1325 GEORGIO
2242 1251 2628 1327 SYNCELLO
2709 1253 2806 1324 ET
2866 1247 3328 1329 THEOPHANE
3391 1251 3817 1333 CONTRACTA.

2629 515 2892 526 -ιε--ιι-

1558 518 1906 532 η--ο-..φ-

1072 515 1074 518 .
1587 518 1596 532 ι
1752 519 1765 527 ,
1950 519 1998 527 ,,,,
2041 515 2986 530 ____.—___——————.—.—-

2895 509 3779 550 __---———-——~—-__.._....________.
3698 549 3710 550 ,

2989 532 3781 564 ’,ᾔ-’ψη

2191 1447 2256 1459 ’ς

1176 1579 1557 1654 CAROLUS
1618 1579 1998 1654 ANNIBAL
2067 1575 2568 1639 FABROTTUS
2629 1574 2800 1652 ICT.
2866 1574 3263 1653 LECTORI.

651 1895 957 1958 Historiam
1003 1893 1450 1953 Ecclesiasticam
1501 1891 1802 1957 AnaStasii,
1830 1889 1899 1949 de
1932 1891 2141 1957 Graecis
2186 1887 2506 1964 Nicephori,
2533 1895 2750 1970 Georgii
2783 1899 3023 1973 Syncelli
3055 1908 3109 1958 et
3137 1895 3495 1970 Theophanis
3521 1909 3824 1971 execr-plan,

583 2004 733 2043 nunc
765 1987 1005 2058 primum
1054 1984 1110 2040 in
1147 1984 1327 2042 lucem
1375 1982 1596 2048 damus.
1631 1979 1838 2048 Quanti
1868 1991 2050 2036 autem
2103 1979 2352 2038 iacienda
2399 1985 2471 2039 sit
2515 1984 2749 2043 historia
2776 1988 2893 2047 haec
2929 2007 3037 2047 non
3069 1991 3326 2060 ignorant
3353 1988 3451 2058 qui
3475 1987 3825 2058 Theophanem

581 2076 771 2133 Graece
793 2076 1110 2147 loquentem
1143 2073 1430 2144 legerunt.
1463 2071 1557 2142 qui
1615 2085 1725 2126 non
1772 2070 1988 2126 minore
2035 2068 2142 2126 ﬁde
2181 2082 2347 2140 quam
2381 2069 2666 2142 diligentia
2697 2089 2758 2133 ea
2801 2091 2922 2144 quae
2951 2085 3060 2131 tam
3093 2075 3162 2130 ad
3195 2089 3308 2129 rem
3355 2071 3660 2129 Romanam
3689 2091 3824 2144 quam

581 2164 944 2238 Byzantinam
971 2162 1249 2234 pertinent
1273 2160 1623 2230 exsequitur.
1657 2157 1814 2214 llunc
1838 2157 2168 2220 Anastasius
2199 2172 2338 2228 pene
2371 2165 2547 2214 totum
2581 2174 2690 2214 non
2721 2161 2931 2218 infelici
2962 2177 3226 2219 successu
3261 2161 3314 2216 in
3354 2159 3610 2215 Latinum
3635 2177 3827 2218 conver-

585 2254 671 2308 tit.
703 2249 863 2319 Quod
915 2263 1054 2306 sane
1078 2248 1334 2320 quisquis
1383 2262 1573 2303 verum
1627 2254 1802 2312 amat,
1855 2246 2073 2301 inﬁcias
2119 2260 2230 2300 non
2273 2246 2408 2301 ibit:
2446 2262 2569 2301 nam
2595 2257 2656 2302 et
2690 2250 2955 2320 pleraque
2983 2251 3208 2308 sunt-in
3265 2249 3603 2321 Theophane
3647 2247 3827 2306 Graeco-

583 2341 845 2407 barbara,
887 2354 1011 2411 qua:
1040 2339 1174 2394 viris
1215 2337 1380 2393 etiam
1413 2334 1604 2398 Graece
1629 2333 1972 2392 doctissimis
1994 2333 2161 2388 hodie
2189 2335 2464 2406 negotium
2489 2335 2852 2394 facesserent.
2873 2338 3046 2408 Cujus
3076 2339 3150 2395 rei
3175 2337 3334 2394 tidem
3361 2337 3572 2394 iacient
3597 2339 3822 2408 glossaria

584 2441 778 2485 nostra
833 2427 1282 2492 miro-barbara,
1337 2439 1460 2495 quae
1511 2423 1639 2480 aliis
1678 2437 1902 2495 quoque
1962 2423 2148 2478 saeculi
2201 2421 2483 2492 sequioris
2534 2425 2859 2481 auctoribus
2905 2425 3342 2497 interpretandis
3403 2423 3574 2480 I‘a-cem
3609 2423 3829 2496 praeferre

584 2524 864 2588 poterunt.
902 2515 1162 2583 Quaedam
1202 2529 1330 2570 esse
1362 2512 1603 2573 barbara
1651 2519 1705 2567 et
1736 2525 1930 2570 eorum
1976 2519 2287 2580 temporum
2317 2509 2696 2574 infelicitatem
2747 2513 3053 2570 redolentia
3101 2515 3156 2569 in
3187 2514 3290 2570 hac
3321 2513 3582 2569 versione
3609 2513 3826 2582 equidem

583 2622 694 2662 non
722 2606 1058 2662 abnuerim:
1097 2603 1195 2661 sed
1241 2604 1361 2659 huic
1398 2602 1576 2674 magis
1621 2601 1885 2657 ineruditi
1937 2601 2131 2658 saeculi
2183 2597 2318 2654 vitia
2375 2605 2506 2653 sunt
2539 2614 2702 2670 quam
2735 2601 3094 2672 scriptorum,
3121 2600 3325 2672 quibus
3369 2600 3699 2673 propositum
3737 2607 3828 2654 erat

582 2693 938 2750 monimentis
968 2693 1086 2749 suis
1116 2692 1428 2770 posteritati
1465 2689 1754 2762 prodesse,
1785 2704 1894 2748 non
1929 2687 2140 2746 Latinae
2167 2687 2368 2758 linguai
2401 2694 2721 2744 venustates
2779 2697 2838 2744 et
2871 2691 3209 2763 eloquentia:
3247 2689 3422 2746 tiores
3453 2692 3510 2746 in
3555 2689 3718 2744 sterili
3737 2689 3830 2747 solo

583 2797 852 2854 quaerere.
886 2781 1032 2850 Quid
1064 2790 1248 2843 autem
1301 2782 1357 2836 in
1410 2778 1628 2836 edendo
1679 2780 1976 2834 Anastasio
2031 2775 2476 2849 prastiterimus,
2522 2775 2786 2842 breviter,
2826 2775 3046 2844 Lector,
3097 2778 3417 2835 monendus
3450 2793 3530 2835 es.
3561 2777 3828 2834 Romanqu

582 2871 750 2943 igitur
766 2873 1051 2942 exemplar
1077 2871 1148 2933 ad
1188 2883 1289 2925 nos
1341 2869 1514 2925 Roma
1546 2868 1939 2926 transmissum
1975 2865 2244 2926 beneﬁcio
2281 2863 2711 2918 eminentissimi
2750 2865 3053 2925 cardinalis
3086 2865 3373 2922 Francisei
3425 2865 3713 2927 Barberiui,
3759 2862 3830 2916 lit-

586 2967 836 3016 terarum
865 2959 1138 3030 parentis,
1164 2965 1228 3016 et
1275 2972 1443 3028 opera
1473 2957 1638 3012 Lucae
1662 2955 1962 3022 ilolstenii,
1997 2957 2096 3011 viri
2119 2957 2282 3024 longe
2323 2951 2658 3019 doctissimi,
2689 2967 2818 3007 cum
2855 2954 3075 3024 optima:
3109 2964 3254 3010 notae
3286 2954 3488 3011 codice
3511 2951 3830 3009 contulimus.

585 3057 756 3112 quem
780 3043 944 3099 nobis
966 3041 1326 3098 celeberrima
1359 3040 1591 3096 Thuana
1642 3040 1979 3096 bibliotheca
2028 3039 2418 3110 suppeditavit.
2451 3040 2632 3108 Hujus
2671 3055 2776 3111 ope
2813 3039 2959 3096 (teda
3005 3044 3204 3104 menda
3249 3043 3612 3103 sustulimus,
3646 3053 3753 3111 quae
3791 3037 3832 3089 in

585 3129 900 3186 Romanum
931 3130 1182 3188 codicem
1221 3129 1439 3188 fortean
1471 3128 1838 3198 erscriptoris
1861 3129 1997 3183 vitio
2026 3129 2388 3198 irrepserant,
2431 3137 2492 3182 ut
2523 3129 2628 3184 hoc
2668 3144 2892 3199 quoque
2919 3131 3144 3190 nomine
3170 3133 3448 3202 praeclare
3481 3134 3547 3188 de
3595 3125 3833 3202 republica

586 3216 854 3273 litteraria
901 3218 1135 3274 meritus
1159 3217 1234 3272 sit
1263 3217 1596 3289 perillustris
1623 3217 1707 3271 vir
1737 3215 1979 3273 Jacobus
2001 3216 2285 3285 Augustus
2314 3215 2605 3280 Thuanus,
2645 3218 2700 3272 in
2728 3218 2974 3288 primore
3005 3220 3156 3292 regni
3205 3220 3371 3276 curia
3427 3235 3627 3293 praises
3656 3213 3836 3285 amplis-

585 3304 788 3368 simus,
811 3305 993 3375 magni
1017 3306 1260 3374 parentis
1301 3319 1505 3374 magna
1549 3303 1789 3359 soboles.
1819 3301 1926 3359 Sed
1979 3312 2035 3360 et
2089 3304 2266 3373 gratia
2290 3304 2540 3365 habenda
2582 3314 2671 3362 est
2710 3306 3092 3364 illustrissimo
3133 3319 3188 3365 et
3215 3310 3440 3374 eximie
3469 3307 3720 3365 doctrinae
3740 3302 3833 3355 viro

589 3391 654 3450 D.
683 3393 884 3450 Carolo
910 3393 977 3449 de
1009 3393 1293 3460 Monebal,
1328 3394 1750 3465 archiepiscopo
1769 3393 2069 3458 Tolosano,
2095 3391 2190 3463 qui
2221 3394 2617 3451 bibliothecam
2649 3411 2808 3451 suam
2842 3411 2968 3450 cum
3004 3399 3200 3467 paucis
3233 3397 3663 3470 comparandam
3689 3389 3832 3448 docti!

585 3482 846 3538 omnibus
873 3489 1062 3553 patere
1089 3483 1206 3540 vult
1235 3499 1248 3536 :
1274 3481 1526 3542 codicem
1565 3495 1763 3552 nempe
1799 3495 1963 3536 manu
1995 3479 2338 3552 descriptum
2370 3483 2530 3540 nobis
2553 3483 2927 3540 commodavit
2967 3485 3110 3540 idem
3137 3486 3218 3540 vir
3241 3487 3677 3547 illustrissimus,
3709 3478 3837 3548 cujus

586 3570 840 3626 subsidio
889 3570 1155 3626 nonnulla
1203 3570 1526 3626 sanavimus
1581 3579 1638 3625 et
1693 3568 1931 3640 pristino
1966 3569 2134 3629 nitori
2183 3571 2555 3628 restituimus.
2585 3573 2862 3628 Praeterea
2902 3572 2949 3628 si
2977 3589 3100 3644 quae
3145 3583 3305 3629 erant
3327 3575 3669 3632 subobscura
3691 3571 3736 3623 in
3757 3567 3836 3620 hac

587 3659 868 3725 versione,
900 3673 965 3714 ea
995 3657 1170 3716 Graeci
1202 3658 1415 3714 codicis
1447 3659 1742 3714 collatione
1770 3667 1827 3714 et
1857 3658 2094 3712 aliorum
2150 3671 2438 3715 auctorum
2482 3659 2664 3714 allatis
2724 3660 2861 3716 locis
2902 3659 3330 3727 illustravimus,
3377 3673 3438 3718 ut
3461 3663 3677 3719 omnino
3697 3665 3835 3730 pauca

587 3745 700 3801 sint
721 3761 842 3816 qua:
861 3747 1213 3804 mediocriter
1232 3748 1394 3804 etiam
1427 3744 1631 3803 eruditi
1664 3761 1775 3802 non
1803 3745 2050 3816 capiant,
2087 3746 2133 3801 si
2173 3761 2297 3804 cum
2329 3744 2538 3803 Graecis
2574 3762 2903 3819 comparare
2933 3763 3042 3804 non
3063 3759 3387 3820 graventur.
3433 3747 3585 3806 Vale.

1868 4057 2152 4119 INCIPIT
2217 4055 2620 4119 PREFATIO

1070 4233 1477 4332 ANASTAsn
1501 4207 2122 4304 BIBLIOTHECARII
2159 4231 2446 4294 summa
2497 4231 2592 4292 AC
2635 4231 3116 4294 Aposroucu
3161 4231 3379 4296 sums

1478 4409 1570 4468 AD
1600 4405 1921 4475 tomum;
1962 4404 2317 4466 DIACONEM
2388 4393 2599 4471 uultis
2651 4405 2990 4466 nonanus.

665 4702 1136 4772 Ecclesiasticam,
1167 4706 1497 4763 charissime
1516 4707 1689 4764 frater
1714 4718 1770 4765 et
1794 4709 1960 4779 digne
1973 4709 2185 4771 Christi
2217 4721 2262 4777 Α
2290 4720 2413 4771 rum
2452 4704 2568 4762 fore
2598 4719 2911 4771 asseveras,
2936 4707 2984 4762 si
3017 4720 3081 4771 ea
3107 4721 3230 4776 quae
3265 4706 3320 4761 in
3349 4704 3567 4768 Latinis
3595 4700 3840 4761 codicibus

595 4792 784 4850 Levita
810 4791 1324 4862 Joan-nes,auctorc
1351 4798 1485 4862 Deo,
1521 4799 1835 4869 scripturus
1866 4800 2184 4867 historiam,
2291 4799 2528 4854 inveniri
2564 4786 2672 4854 non
2737 4807 2994 4869 possunt,
3043 4799 3198 4869 prius
3239 4814 3307 4854 ex
3351 4797 3670 4854 Graecorum
3725 4794 3841 4846 fonte

595 4886 774 4957 exigis
807 4901 838 4940 a
875 4902 961 4943 me
990 4888 1241 4958 quaedam
1279 4890 1334 4945 in
1355 4889 1610 4946 Latinum
1647 4893 1852 4964 slylum
1889 4908 1955 4949 ex
1977 4892 2186 4950 εἶα-κείς
2297 4892 2602 4947 haurienda
2659 4877 2936 4962 percipias
2960 4931 2976 4957 ,
3027 4892 3223 4947 faciam
3272 4890 3384 4947 Deo
3443 4890 3674 4962 propitio
3723 4877 3840 4954 quod

597 4976 979 5032 voluminibus
1026 4978 1451 5045 transferenda,
1511 4997 1622 5051 quo
1680 4991 1734 5036 et
1799 4983 1916 5053 ipsa
1965 4999 2188 5054 quoque

2293 4986 2557 5052 hortaris,
2583 4986 2888 5056 praesertim
2941 5001 3070 5040 cum
3123 4983 3216 5040 Dei
3277 4985 3351 5040 sit
3400 4982 3552 5054 quod
3609 4975 3837 5052 agendum

598 5069 886 5142 proposito
907 5068 1124 5127 inseras
1155 5073 1310 5143 operi
1359 5082 1413 5128 ct
1439 5075 1687 5142 iutcxas;
1738 5076 1824 5132 his
1866 5078 2014 5132 enim
2049 5079 2189 5134 dua-
2296 5079 2678 5151 proponimus,
2704 5089 2756 5132 et
2787 5079 2982 5136 multis
3005 5079 3196 5148 procul
3221 5078 3389 5132 dubio
3416 5089 3583 5132 causa
3605 5070 3842 5146 profectus

599 5161 701 5216 bus
737 5161 940 5232 linguis
972 5165 1270 5236 praecipue,
1313 5183 1434 5237 quae
1474 5169 1530 5223 in
1581 5167 1822 5225 Ecclesia
1856 5178 2011 5241 gesta
2038 5181 2189 5238 sunt,
2295 5181 2465 5243 atque
2519 5173 2734 5232 salutis.
2793 5170 2905 5227 Nec
2953 5172 3102 5228 enim
3159 5170 3257 5225 tibi
3290 5177 3402 5223 tam
3454 5167 3622 5221 chara
3664 5168 3846 5227 ιωφε

594 5261 957 5310 enarrantur.
1013 5254 1126 5328 Ego
1154 5273 1308 5326 vero,
1355 5261 1635 5330 propriam
1682 5263 1959 5320 inscitiam
1989 5272 2043 5319 et
2075 5281 2195 5322 ser»
2301 5265 2539 5337 sapienti
2588 5265 2889 5335 quidquam
2954 5279 3156 5336 negare
3216 5271 3435 5334 potero,
3495 5258 3588 5330 qui
3638 5251 3844 5326 profecto

600 5344 781 5400 monis
821 5348 1134 5416 angustiam
1183 5365 1292 5404 non
1333 5351 1620 5422 ignorans,
1660 5352 1766 5410 hoc
1827 5370 1990 5427 agere
2039 5363 2196 5412 tanto
2299 5357 2557 5430 Apostoli
2585 5355 2921 5414 documento
2951 5356 3197 5411 imbutus
3227 5357 3242 5387 ¹
3292 5349 3634 5423 sapientibus
3661 5353 3712 5401 et
3739 5337 3844 5397 insi-

601 5444 844 5506 tempore
869 5440 1066 5496 merito
1118 5445 1396 5511 recusavi,
1444 5461 1614 5516 supra
1669 5463 1756 5502 me
1787 5447 2038 5504 videlicet
2072 5462 2196 5506 esse
2299 5451 2582 5524 pientibus
2607 5451 2825 5507 debitor
2846 5466 2988 5506 sum.
3017 5449 3220 5506 Verum
3244 5448 3368 5520 quia
3392 5445 3662 5517 praecipue
3687 5448 3846 5493 neccsv

598 5532 713 5580 tam
764 5528 998 5584 arduum
1059 5547 1328 5589 conamen
1393 5537 1584 5605 procul
1633 5537 1806 5594 dubio
1854 5552 2029 5594 ratus.
2085 5540 2193 5596 Sed
2301 5544 2510 5600 sarium
2540 5542 2782 5600 arbitror
2824 5558 2886 5599 ea
2939 5558 3062 5613 quae
3101 5558 3130 5597 a
3163 5538 3478 5598 Theodosio
3520 5525 3848 5608 principeju'

601 5619 860 5684 (ιιιοηίτιιη
892 5622 1088 5690 ipsete
1117 5627 1462 5696 propositum
1489 5644 1632 5700 opus
1665 5630 1862 5686 melius
1901 5640 2195 5688 exsecutu-
2307 5635 2468 5691 niore
2507 5635 2562 5691 in
2594 5635 2840 5691 Ecclesia
2889 5645 3043 5708 gesta
3093 5645 3224 5692 sunt
3279 5629 3594 5698 enarrandi,
3624 5624 3690 5682 ad
3717 5617 3848 5688 cujus

671 5798 693 5835 ³
725 5797 889 5855 Rom.
908 5815 946 5864 ι,
979 5801 1071 5862 ﬂ.
