4088 6418
405 371 545 440 1189

1857 372 2282 433 ΡΒᾹΞΕΑΤΙΟ.

3531 371 3669 436 1190

403 487 656 544 videlicet
685 492 929 555 tempora
988 483 1392 550 Theodoretus,
1437 484 1698 542 Socrates
1729 483 1985 543 ctSozo-
2011 485 2268 550 Aratum
2337 481 2468 544 duxi
2528 481 2670 542 beati
2725 481 3020 554 Nicephori
3068 481 3666 554 Constantiuopolitaui

402 594 620 640 rneuus,
679 578 976 637 Eusebium
1009 577 1284 650 Pamphili
1330 581 1766 649 subsequentes,
1816 579 1986 635 libros

402 673 789 728 ecclesiastica
837 673 1083 727 historia
1153 680 1469 738 texuerunt,
1511 687 1692 742 opera
1749 672 1985 741 pretium

387 747 531 820 'duxi
559 781 625 820 ex
654 764 873 836 Georgii
896 766 1210 820 summatim
1250 765 1502 836 quadam
1535 774 1589 820 et
1632 764 1987 836 Theophanis

401 860 845 930 chronographia
870 860 1046 930 plura,
1081 859 1174 915 sed
1216 860 1499 914 succincte
1547 873 1776 929 carpere
1797 895 1814 922 ,
1845 871 1986 928 quo-

402 965 524 1004 rum
553 951 702 1017 prior
731 967 904 1020 usque
941 951 1010 1006 ad
1057 951 1485 1015 Diocletianum,
1545 951 1823 1020 posterior
1854 965 1988 1004 vero

404 1059 582 1114 usque
635 1044 701 1097 ad
727 1044 964 1103 Leonem
1012 1045 1106 1114 qui
1158 1053 1280 1114 post
1321 1042 1639 1098 Michaelem
1673 1041 1985 1110 imperavit,

403 1147 614 1205 patrem
646 1137 860 1191 scilicet
902 1136 1096 1207 lgnatii
1123 1138 1217 1207 qui
1252 1137 1432 1191 adhuc
1465 1145 1718 1204 superest
1737 1136 1988 1192 habenas

401 1228 1033 1300 ConstantinOpulitana
1059 1238 1252 1285 tenens
1275 1228 1554 1292 Ecclesia,
1576 1228 1825 1300 prtedicti
1851 1244 1986 1300 ope-

401 1325 481 1378 ris
511 1323 597 1378 sui
621 1323 822 1394 stylum
865 1325 1156 1392 protraxit.
1195 1322 1299 1388 Qui
1353 1331 1535 1377 autem
1595 1323 1707 1377 sint
1745 1322 1832 1376 isti
1858 1322 1985 1378 bre-

399 1415 544 1470 viter
570 1415 866 1476 annutabo.
907 1415 1114 1472 ﬂorum
1170 1415 1337 1484 igitur
1396 1415 1536 1468 alter
1574 1413 1750 1469 electa
1797 1427 1988 1471 mona-

403 1508 543 1564 stica
579 1506 686 1562 vita
722 1508 1036 1578 mundoque
1065 1515 1376 1578 contempto
1406 1506 1611 1562 Christi
1646 1521 1703 1561 se
1726 1507 1828 1578 levi
1854 1506 1988 1576 jugo

401 1609 459 1657 et
487 1599 642 1656 suavi
671 1600 901 1654 sarcina
926 1597 1285 1671 mancipavit.
1309 1597 1580 1657 Praeterea
1601 1607 1794 1656 contra
1817 1599 1988 1652 hare-

405 1691 866 1749 ticosincessanti
904 1705 1079 1762 agone
1135 1691 1438 1758 desudans,
1493 1692 1680 1746 mundi
1717 1691 1985 1763 principi-

403 1786 509 1843 bus
539 1794 728 1841 contra
755 1784 1012 1841 Ecclesia
1040 1785 1206 1840 ritum
1229 1785 1605 1850 savieutibus,
1639 1785 1829 1840 multis
1861 1801 1985 1839 ver-

402 1879 629 1934 beribus
660 1879 1005 1950 diversisque
1063 1880 1242 1951 panis
1296 1879 1525 1935 allectus
1563 1888 1667 1935 est.
1709 1879 1801 1936 Sic
1853 1895 1985 1950 ergo

399 1972 659 2042 stigmata
693 1969 905 2026 Christi
937 1970 994 2024 in
1040 1985 1274 2041 corpore
1305 1985 1407 2026 suo
1455 1978 1708 2041 portans,
1743 1979 1851 2023 tam
1886 1983 1985 2037 pro

401 2062 529 2120 ﬁdei
561 2077 674 2118 sua
698 2060 1030 2123 constantia,
1057 2076 1220 2130 quam
1246 2077 1348 2133 pro
1393 2061 1689 2116 multarum
1718 2061 1982 2114 virtutum

402 2154 712 2225 insignibus
764 2160 970 2209 sancta
1010 2153 1287 2208 memoria
1342 2150 1579 2217 Tarasii,
1635 2149 1798 2222 regiae
1832 2149 1985 2206 urbis

400 2246 677 2319 prasulis,
703 2242 981 2316 syncellus
1012 2241 1241 2299 etl‘ectus
1274 2250 1378 2299 est.
1416 2241 1521 2298 Sed
1554 2256 1622 2298 ne
1662 2241 1834 2296 multa
1859 2255 1988 2311 pro-

397 2351 624 2408 sequar,
650 2335 898 2393 sullicere
925 2335 1165 2391 arbitror
1209 2335 1275 2391 ad
1304 2336 1637 2406 praeconium
1680 2334 1802 2405 ejus
1837 2335 1982 2405 quod

398 2444 432 2482 a
463 2427 594 2483 sede
631 2426 969 2498 approbatur:
1013 2426 1087 2481 sit
1120 2426 1446 2496 apostolica,
1503 2425 1726 2496 quando
1771 2426 1986 2480 scilicet

396 2517 592 2574 vicarii
641 2517 761 2586 ejus
830 2530 935 2570 una
970 2530 1093 2570 cum
1144 2516 1406 2572 trecentis
1441 2509 1842 2588 quin'quaginta
1880 2515 1985 2571 Pa-

399 2613 580 2668 trihus
608 2612 662 2667 in
692 2609 870 2666 Nicaea
902 2607 1037 2662 urbe
1066 2609 1312 2667 secundo
1337 2609 1726 2666 convenientes
1761 2609 1985 2664 univer-

395 2703 570 2759 salem
607 2702 876 2774 synodum
911 2702 1278 2768 celebrarunt,
1311 2701 1585 2772 siquidem
1611 2710 1667 2757 et
1699 2701 1821 2757 laus
1860 2701 1982 2772 ejus

397 2795 456 2854 in
485 2793 673 2850 eodem
689 2794 987 2863 septimoet
1011 2800 1204 2849 sancto
1229 2793 1469 2848 concilio
1499 2794 1793 2864 reperitur.
1810 2791 1982 2849 Porro

396 2885 470 2940 de
498 2885 673 2940 altero
701 2885 830 2957 quid
863 2884 1084 2941 dicam?
1115 2899 1239 2940 cum
1272 2893 1327 2940 et
1351 2885 1470 2954 ejus
1501 2885 1812 2955 conscripta
1849 2885 1980 2952 vita,

395 2977 637 3048 qualiter
675 2977 927 3033 videlicet
965 2976 1163 3046 amplis
1193 2976 1544 3047 patrimoniis
1581 2977 1817 3034 venditis
1850 2991 1982 3032 crn-

389 3083 516 3123 cem
539 3085 700 3125 suam
735 3068 942 3134 tulerit,
962 3067 1264 3138 qualiterve
1289 3078 1512 3125 secutus
1533 3068 1842 3136 Christum,
1874 3069 1978 3124 ah..-

2089 580 2328 650 episcopi
2365 579 2876 650 jclironograpltiam
2911 594 3250 650 praeponere,
3289 590 3348 634 ut
3372 581 3589 636 scilicet
3616 586 3670 634 et

2082 687 2154 726 ex
2181 685 2245 727 ea
2270 671 2452 740 possis
2484 671 2824 742 aliquantula
2862 684 3111 741 carpere,
3130 680 3183 726 et
3205 670 3385 732 sicubi
3417 671 3669 728 fortassis

2090 763 2193 816 hac
2217 751 2482 818 utendum
2514 763 2876 834 judicaveris,
2906 774 3054 819 tuam
3109 780 3219 819 non
3251 766 3416 820 lateat
3445 765 3671 820 omnino

2083 853 2365 916 notitiam.
2415 853 2668 911 Obsecro
2725 865 2904 911 autem
2966 857 3296 916 charitatem
3333 867 3502 922 tuam,
3548 873 3670 928 qua

2090 945 2275 998 omnia
2312 947 2610 1000 secundum
2639 947 2959 1016 Apostolum
2995 946 3207 1014 suﬂ‘ert,
3241 956 3296 1002 et
3337 964 3446 1008 non
3471 948 3668 1018 quarit

2083 1051 2210 1105 qua.
2227 1053 2327 1092 sua
2361 1047 2511 1103 sunt,
2537 1069 2604 1081 --
2633 1039 2743 1094 imo
2777 1054 2878 1110 per
2909 1054 2969 1094 se
3002 1055 3088 1095 me
3107 1041 3365 1095 obsecrat
3406 1040 3666 1095 universa

2084 1130 2413 1192 Latinorum
2442 1131 2692 1188 Ecclesia
2719 1142 2778 1186 ut
2806 1133 2887 1187 sic
2917 1134 3220 1192 scribendae
3245 1150 3275 1187 a
3304 1143 3355 1188 te
3379 1133 3669 1189 inchoetur

2088 1238 2228 1293 opus
2259 1223 2523 1285 historia,
2560 1230 2621 1278 ut
2649 1238 2768 1293 qua
2809 1223 2878 1280 ab
2924 1224 3043 1294 ipso
3096 1224 3303 1280 Christi
3335 1225 3574 1280 adventu
3612 1225 3666 1280 in

2090 1316 2335 1371 Ecclesia
2360 1325 2512 1386 gesta
2542 1326 2669 1370 sunt
2710 1326 2766 1372 et
2798 1325 2947 1371 textu
3000 1318 3388 1373 ecclesiastica
3425 1319 3669 1374 historiae

2090 1425 2197 1463 non
2222 1409 2544 1478 iudicantur
2572 1409 2819 1480 indigna,
2867 1410 3020 1465 nullo
3049 1408 3212 1464 modo
3258 1411 3665 1480 praetermittas,

2086 1503 2333 1574 exceptis
2362 1503 2450 1558 his
2478 1501 2618 1559 forte
2643 1519 2764 1572 quae
2786 1501 3058 1559 Eusebius
3075 1502 3444 1560 Theodoritus
3467 1501 3668 1558 Socra-

2088 1603 2170 1651 tes
2205 1606 2258 1651 et
2284 1594 2634 1662 saeuientis
2663 1595 2951 1665 scripsisse
2976 1606 3300 1652 noscuntur.
3322 1593 3523 1651 Verum
3543 1595 3671 1664 quia

2089 1691 2353 1759 quosdam
2396 1690 2590 1744 horum
2641 1691 2903 1745 mentitos
2939 1689 2993 1743 in
3047 1687 3378 1760 quibusdam
3415 1687 3587 1744 fuisse
3616 1697 3670 1741 et

2088 1783 2336 1852 quaedam
2391 1783 2809 1854 praetermisisse
2853 1783 3150 1852 probatur,
3209 1781 3667 1850 quemadmodum

2088 1884 2142 1931 et
2174 1884 2398 1931 sanctus
2419 1891 2554 1946 papa
2583 1876 2882 1945 Gregorius
2901 1875 2967 1930 de
2995 1874 3301 1929 Sozomeno
3320 1873 3671 1944 apertissime

2089 1970 2304 2034 scribit,
2323 1970 2554 2024 obsecro
2574 1969 2855 2023 mendacia
2875 1983 3063 2022 eorum
3092 1968 3235 2023 veris
3255 1967 3670 2038 approbationl-

2083 2062 2191 2126 bus
2215 2077 2435 2132 arguas,
2461 2071 2514 2118 et
2538 2077 2659 2132 quae
2685 2062 2991 2118 omiserunt
3009 2062 3371 2120 nihilominus
3389 2061 3668 2134 suppleas.

2158 2154 2361 2226 Accipe
2412 2156 2597 2226 itaque
2649 2155 2777 2221 hoc,
2844 2154 3190 2220 charissime,
3243 2155 3667 2226 incompositum

2085 2262 2249 2318 opus,
2277 2254 2327 2303 et
2349 2247 2486 2300 nihil
2510 2261 2692 2302 meum
2727 2245 2780 2300 in
2836 2245 2939 2301 hoc
2968 2262 3196 2316 prorsus
3228 2245 3498 2301 incertum
3531 2262 3671 2317 pra-

2089 2353 2275 2394 nosce.
2303 2339 2366 2393 Et
2395 2337 2442 2393 si
2470 2336 2733 2392 decessus
2767 2335 2873 2391 mei
2908 2335 3094 2391 debito
3129 2345 3440 2405 praeventus
3466 2349 3666 2405 propo-

2085 2431 2252 2484 situm
2314 2444 2455 2500 opus
2502 2445 2603 2500 ego
2651 2430 2834 2485 minus
2893 2430 2960 2484 ad
3011 2429 3213 2484 calcem
3253 2428 3578 2499 perduxero,
3609 2440 3667 2483 tu

2086 2527 2269 2576 tamen
2311 2521 2363 2576 id
2399 2519 2650 2591 deperire
2677 2519 2902 2575 minime
2925 2531 3137 2591 patere,
3169 2521 3265 2577 sed
3296 2520 3352 2575 in
3400 2530 3664 2592 quantum

2084 2623 2189 2678 est,
2227 2613 2464 2685 qualiter
2499 2621 2554 2670 et
2585 2612 2678 2669 ubi
2707 2613 2928 2669 libuerit
2966 2621 3140 2668 utere.
3175 2611 3350 2669 Porro
3393 2615 3436 2668 si
3476 2614 3613 2669 lorte
3635 2630 3668 2670 a

2085 2719 2174 2760 me
2203 2706 2302 2761 tibi
2359 2713 2456 2761 aut
2485 2720 2550 2762 ex
2606 2704 2797 2761 Graco
2847 2715 2930 2760 tra
2975 2705 3138 2761 sl‘erri
3189 2715 3283 2760 aut
3319 2722 3384 2761 Cl
3431 2706 3666 2762 diversis

2083 2795 2405 2853 Latinorum
2463 2797 3011 2870 conscriptionibus,
3076 2813 3200 2867 qua
3254 2797 3501 2853 historia
3560 2808 3668 2853 tuae

2081 2887 2324 2956 inseras,
2352 2888 2620 2947 .deﬂorari
2680 2887 2990 2956 desideras,
3025 2887 3261 2949 libenter
3299 2888 3409 2944 tuis
3441 2888 3668 2946 satisfa-

2078 2982 2222 3042 ciam
2252 2983 2417 3038 votis.
2471 2981 2710 3036 Tantum
2752 2981 3024 3038 industria
3059 2991 3152 3034 tua
3193 2981 3411 3036 interim
3439 2989 3668 3053 aposto-

2081 3073 2186 3131 lice
2216 3076 2412 3130 doctus
2444 3074 2501 3128 in
2529 3076 2749 3130 nomine
2763 3073 2978 3129 Domini
2998 3089 3161 3143 opus,
3181 3073 3326 3145 quod
3357 3075 3669 3139 hortamur,

395 3159 619 3216 batisin
652 3159 992 3215 monasterio
1019 3159 1150 3230 Agri
1182 3158 1404 3216 functus
1432 3159 1648 3225 .ol'llcio,
1688 3161 1983 3217 virtutibus
2009 3177 2051 3236 ο
2085 3167 2336 3238 arripiat,
2395 3175 2451 3222 et
2511 3165 2659 3236 quod
2702 3164 3122 3223 imminentibus
3159 3164 3317 3220 nobis
3359 3167 3668 3236 proposuit,

395 3252 637 3317 fulserit,
666 3251 950 3308 miraculis
969 3253 1349 3310 coruscant-it
1369 3262 1424 3309 et
1450 3251 1739 3309 confessor
1759 3253 1981 3318 obierit,

397 3347 536 3402 satis
561 3354 858 3417 aperteque
893 3361 991 3416 per
1036 3346 1361 3419 Byzantium
1398 3355 1452 3402 et
1485 3348 1693 3404 circum
1731 3363 1984 3418 quasque

388 3441 673 3510 regiones,
712 3439 800 3495 his
855 3440 950 3510 qui
998 3455 1168 3510 prope
1213 3447 1267 3495 et
1323 3440 1408 3498 his
1441 3441 1537 3511 qui
1587 3441 1746 3511 longe
1778 3450 1906 3500 sunt
1937 3444 1979 3508 ’,

385 3534 617 3588 clamet.
649 3531 754 3586 Sed
781 3542 834 3586 et
869 3531 1048 3587 studia
1090 3532 1212 3603 ejus
1265 3533 1330 3586 ad
1383 3548 1484 3589 nos
1521 3547 1695 3603 usque
1749 3535 1980 3603 perlata,

388 3630 524 3701 quis
542 3630 626 3684 vel
667 3637 908 3700 quantus
941 3629 1027 3683 vir
1057 3629 1159 3684 iste
1207 3603 1376 3685 fuerit
1405 3626 1706 3682 solertibus
1744 3625 1980 3681 manife-

391 3728 568 3780 stam.
599 3720 672 3774 Ex
713 3721 906 3775 horum
942 3730 1074 3790 ergo
1111 3717 1567 3790 chronographia
1598 3717 1982 3774 amoenissima

391 3813 645 3883 quaedam
673 3813 962 3882 tlecerpam
1005 3813 1188 3877 horto,
1218 3827 1342 3883 qua
1365 3811 1718 3882 amplissima
1746 3811 1829 3869 tui
1847 3825 1980 3880 ope-

388 3906 477 3960 ris
509 3919 712 3959 mensae
742 3905 1006 3960 ohedieus
1051 3903 1348 3960 obsecutor
1400 3917 1711 3974 apponam;
1747 3919 1870 3974 qua
1891 3890 1987 3958 ni?

395 3995 601 4050 mirum
635 4004 992 4052 contemnere
1033 4009 1141 4052 non
1198 3994 1390 4058 debes,
1437 3994 1533 4050 sed
1576 3995 1720 4056 inter
1749 4005 1840 4050 tua
1869 3995 1982 4050 sal-

393 4099 507 4144 tem
539 4089 843 4144 secundum
873 4104 1071 4144 sensus
1099 4089 1354 4143 virtutem
1386 4088 1506 4143 sine
1548 4086 1772 4144 fastidio
1805 4089 1979 4144 collu-

386 4196 547 4246 care,
590 4183 768 4252 primo
797 4181 923 4251 quia
949 4189 1044 4236 tuo
1073 4190 1203 4237 sunt
1241 4181 1422 4236 elicita
1450 4180 1728 4249 frequenti
1751 4195 1980 4250 prorsus

393 4275 639 4338 hortatu,
671 4274 870 4328 deinde
899 4274 1026 4344 quia
1061 4273 1204 4328 inter
1235 4273 1464 4329 crebras
1509 4282 1563 4327 et
1598 4281 1852 4328 assuetas
1882 4273 1978 4328 de-

393 4366 558 4420 licias
587 4380 980 4436 nonnunquam
1031 4365 1220 4419 vilium
1255 4379 1507 4421 escarum
1541 4365 1698 4434 quasi
1739 4365 1980 4420 delecta-

393 4456 588 4512 bilium
636 4455 993 4524 requiruntur
1025 4455 1229 4520 edulia,
1267 4455 1430 4510 tertio
1465 4454 1614 4526 quia,
1647 4452 1822 4510 donec
1853 4470 1980 4525 pro-

389 4549 589 4619 posita
614 4562 753 4618 Opus
776 4548 1020 4603 historia
1063 4563 1162 4618 per
1193 4555 1246 4603 te
1275 4546 1341 4601 ad
1370 4546 1762 4618 perfectionem
1815 4549 1979 4602 fuerit

385 4639 508 4698 Deo
547 4641 760 4696 lavente
791 4642 1139 4710 perductum,
1172 4643 1370 4712 poterit
1402 4643 1540 4696 forte
1575 4650 1825 4697 nostrum
1854 4658 1978 4698 esse

385 4733 840 4788 desiderantibus
868 4733 1338 4804 aliquantisperin
1373 4750 1554 4798 usum,
1589 4743 1643 4789 et
1669 4736 1762 4805 qui
1790 4735 1975 4806 Opima

387 4835 573 4881 vestra
631 4827 894 4896 consequi
939 4842 1050 4881 non
1106 4829 1398 4891 valuerint,
1440 4838 1604 4883 erunt
1632 4829 1851 4884 interim
1891 4829 1976 4886 his

380 4920 628 4976 exilibus
658 4920 862 4974 nas-tris
898 4929 1177 4990 utcunque
1203 4921 1466 4977 contenti.
1492 4917 1633 4976 Huic
1663 4936 1795 4978 sane
1821 4923 1973 4992 operi

454 5103 480 5136 ⁸
515 5099 716 5174 Ephes.
756 5117 813 5170 ll,
848 5102 937 5159 l7.

2085 3266 2439 3328 exsequatur.
2467 3256 2641 3313 Porro
2671 3257 2752 3313 sic
2784 3273 2883 3330 ego
2901 3273 2966 3314 ex
2999 3256 3086 3313 his
3114 3257 3329 3313 duobus
3361 3257 3670 3312 illustribus

2084 3352 2220 3407 viris
2260 3352 2507 3422 quaedam
2569 3351 2836 3410 deﬂorare
2865 3350 3150 3421 proposui,
3205 3357 3264 3403 ut
3298 3364 3436 3420 pene
3461 3349 3667 3413 omnia,

2084 3457 2205 3513 qua
2231 3458 2399 3514 supra
2427 3443 2727 3498 nominatis
2761 3441 3219 3512 historiographis
3235 3451 3666 3497 commemorata

2085 3543 2235 3601 sunt,
2267 3549 2296 3588 a
2329 3550 2412 3588 me
2445 3533 2926 3589 commemoranda
2957 3548 3065 3587 non
3093 3531 3365 3589 duterim.
3392 3531 3468 3586 Ex
3487 3532 3668 3588 civili-

2082 3623 2188 3681 bus
2242 3633 2423 3680 autem
2462 3623 2634 3694 gestis
2701 3622 2953 3694 quadam
3019 3622 3336 3677 summatim
3389 3627 3664 3692 excerpsi,

2084 3715 2338 3786 quamvis
2368 3731 2398 3769 a
2433 3713 2746 3774 Justiniano
2788 3713 3037 3785 principe
3077 3728 3140 3772 ac
3189 3711 3454 3783 deinceps
3489 3726 3662 3781 panis

2082 3809 2365 3865 omiserim
2398 3823 2588 3864 eorum
2615 3808 2842 3879 qua‘ab
2875 3809 2959 3864 his
3007 3806 3448 3877 chronographis
3497 3806 3663 3861 relata

2081 3910 2233 3958 sunt.
2267 3901 2386 3957 Non
2423 3901 2592 3966 enim,
2617 3909 2679 3956 ut
2709 3901 2967 3971 pralatus
3001 3899 3354 3955 beatissimus
3372 3897 3667 3969 Theopha-

2082 4009 2182 4050 nes
2206 4007 2266 4050 se
2301 3994 2514 4065 opinari
2545 4000 2802 4059 testatur,
2838 3992 3066 4048 modica
3129 3989 3370 4047 fructum
3411 3991 3669 4046 utilitatis

2082 4091 2262 4159 carpit
2289 4090 2382 4160 qui
2411 4089 2721 4160 priscorum
2776 4089 2969 4158 relegit
3006 4093 3184 4142 actus.
3205 4085 3317 4140 Oro
3343 4095 3524 4141 autem
3549 4101 3670 4139 oni.

2083 4184 2237 4238 nium
2279 4183 2604 4239 charitatem
2659 4182 2800 4237 hanc
2832 4182 3127 4238 editionem
3163 4184 3428 4238 ,‘nostram
3480 4179 3667 4248 legen-

2081 4276 2241 4341 tium,
2282 4282 2341 4329 ut
2393 4275 2438 4330 si
2470 4275 2524 4328 in
2579 4287 2642 4329 ea
2681 4275 2988 4343 proficuum
3029 4271 3329 4342 quidquam
3370 4268 3665 4333 invenerit,

2083 4367 2339 4422 decentes
2381 4367 2680 4435 gratiarum
2714 4365 2963 4420 actiones
2993 4363 3209 4428 Deo,ex
3243 4376 3351 4432 quo
3379 4367 3464 4416 est
3503 4369 3666 4414 omne

2085 4459 2312 4522 bonum,
2346 4457 2542 4512 devote
2597 4455 2894 4526 persolvat,
2945 4463 3000 4509 et
3037 4467 3137 4524 pro
3175 4451 3340 4507 nobis
3372 4450 3665 4505 ineruditis

2010 4519 2057 4583 θ
2081 4559 2135 4606 et
2161 4519 2540 4620 peccatoribus
2573 4519 2792 4618 propter
2821 4519 3109 4601 Dominum
3163 4557 3326 4598 orare
3354 4557 3423 4598 ne
3457 4541 3664 4612 pigeat.

2080 4640 2257 4698 Porro
2285 4644 2332 4697 si
2361 4641 2492 4712 quid
2526 4641 2816 4695 inhoneste
2849 4639 3086 4710 positum
3111 4634 3404 4707 repererit,
3435 4633 3668 4689 indiser-

2080 4734 2368 4806 plinatioui
2423 4743 2628 4790 nostra
2696 4732 2801 4788 hoc
2863 4732 3143 4801 iuiputaus
3201 4730 3419 4784 veniam
3475 4726 3662 4782 donet.

2079 4827 2308 4882 Gratum
2339 4825 2483 4880 enim
2507 4833 2591 4882 est
2617 4823 2725 4880 Deo
2751 4832 2804 4879 et
2825 4829 3108 4893 acceptum
3129 4821 3271 4893 quod
3295 4821 3342 4877 ei
3360 4817 3662 4876 secundum

2080 4923 2226 4978 vires
2255 4919 2504 4976 oll'ertur.
