4088 6420
482 357 618 424 1191

1603 356 2004 418 ANASTASII
2046 353 2670 418 BIBLIOTHECARH

3604 349 3746 419 1192

495 500 3646 543 Μ

932 657 1803 764 CHRONOLOGIA
1908 659 2338 748 BREVIS
2412 660 2516 747 B.
2599 657 3270 750 NICEPHORI

1421 853 2240 913 CONSTANTINOPOLITANI
2289 855 2618 916 EPISCOPI.

481 1011 674 1063 Exstat
700 1004 964 1074 intu‘ejus
994 1018 1152 1073 opera
1181 1009 1382 1060 nostra?
1405 1001 1677 1065 editionis,
1698 999 1918 1068 hujusce
1959 995 2290 1070 Patrologia:
2343 997 2541 1052 Criton:
2569 999 2710 1060 itam.
2761 996 2824 1062 C,
2849 997 2952 1052 col.
2984 996 3153 1063 iOOl;
3210 997 3533 1070 Patroiogia:
3586 1002 3748 1071 etiam

1325 1098 1539 1163 Latina:
1580 1107 1710 1164 tom.
1739 1093 2001 1164 ,CXXIX,
2032 1096 2170 1150 inter
2206 1095 2376 1164 ipsius
2405 1094 2682 1148 Anastasii
2715 1109 2895 1162 opera.

1032 1406 1361 1470 ΑΒΗΙΝΟ
1392 1404 1880 1467 EXCERPTIO
1908 1403 2028 1465 EX
2055 1403 2783 1482 CHRONOGRAPHIA
2815 1404 3198 1472 GEORGII.

551 1553 844 1626 Pompeius
877 1553 1020 1614 bello
1048 1550 1424 1623 Hierosolyma
1456 1559 1731 1621 percepta,
1768 1551 2058 1613 Aristobu-
2088 1552 2140 1611 Α
2235 1545 2524 1612 Secundus
2555 1547 2925 1614 Romanorum
2978 1549 3311 1616 monarchus
3342 1549 3532 1613 Caesar
3577 1550 3747 1619 Octa-

479 1649 590 1703 lum
619 1648 837 1717 quidem
871 1647 1111 1707 vinctum
1141 1661 1265 1709 cum
1308 1645 1456 1708 ﬁliis,
1477 1645 1793 1704 Alexandro
1821 1653 1874 1700 et
1905 1644 2060 1698 Anti-

479 1755 642 1811 gono,
670 1739 910 1804 tenebat,
935 1737 1161 1793 Romam
1187 1753 1486 1808 properans
1516 1738 1978 1807 triumphaturus,
2005 1745 2062 1791 et

478 1832 708 1885 aliarum
740 1843 959 1900 quoque
983 1827 1224 1898 gentium
1257 1842 1414 1898 rcges
1464 1835 1518 1880 et
1566 1827 1758 1882 duces.
1795 1827 2057 1897 Hyrcano

478 1932 660 1979 autem
693 1923 860 1994 hujus
916 1921 1070 1975 fratri
1126 1935 1344 1976 summo
1395 1924 1692 1976 connnisso
1755 1919 2058 1990 pontificio,

480 2017 796 2079 tributarios
826 2014 1020 2079 statuit
1078 2011 1344 2068 Romanis
1394 2011 1633 2069 Judteos.
1668 2012 1771 2080 Qui
1828 2010 2059 2066 Romam

476 2110 652 2164 victor
695 2110 979 2179 ingressus
1024 2106 1266 2171 amicitia
1301 2105 1554 2177 jungitur
1575 2104 1802 2162 C.Julio
1833 2103 2058 2172 Caesari,

477 2201 570 2274 qui
599 2207 819 2256 creatus
853 2207 1047 2263 contra
1069 2197 1254 2264 Gallos
1275 2209 1329 2254 et
1351 2198 1644 2264 Britannos
1681 2207 1886 2270 praeter
1923 2197 2062 2252 diri-

477 2299 646 2367 gitur,
669 2292 989 2365 magnisque
1012 2291 1217 2362 przeliis
1245 2305 1342 2360 per
1370 2305 1543 2358 annos
1566 2291 1754 2345 decem
1784 2288 1974 2346 Gallos
2008 2297 2063 2344 et

483 2389 780 2442 Britannos
810 2384 1073 2450 Romanis
1097 2384 1424 2446 tributarios
1448 2381 1609 2453 fecit;
1661 2382 1753 2454 qui
1789 2383 2062 2458 quingen-

477 2491 562 2537 tas
615 2481 867 2535 civitates
929 2477 1324 2549 possidebant,
1377 2484 1437 2531 ut
1484 2475 1814 2536 Plutarchus
1847 2475 2061 2545 scribit,

475 2572 861 2630 Chaeronensis
899 2570 1288 2642 philosophus.
1320 2567 1730 2636 TuncCrassus
1757 2569 2063 2632 succedens

473 2666 708 2723 Gabinio
735 2665 1022 2736 Syriacum
1074 2663 1311 2719 obtinuit
1367 2661 1842 2734 principatum,et
1870 2672 2063 2721 contra

477 2754 734 2823 Parthos,
765 2753 819 2809 id
851 2763 936 2809 est
955 2751 1173 2818 Persas,
1195 2751 1499 2819 exercitui]:
1536 2753 1730 2818 movit.
1761 2749 1934 2816 Porro
1952 2751 2064 2815 An-

477 2851 677 2920 tipater
735 2848 945 2905 amicos
1004 2847 1106 2907 sibi
1142 2846 1346 2916 ubique
1398 2844 1771 2900 Romanorum
1813 2852 2062 2915 potentes

2166 1641 2386 1706 vianus,
2417 1642 2508 1710 qui
2538 1649 2588 1694 et
2619 1641 2902 1711 Augustus
2933 1643 3237 1712 appellatus
3259 1653 3364 1699 est.
3391 1642 3438 1696 A
3467 1645 3749 1700 creatione

2151 1735 2357 1801 ‘tnundi
2415 1751 2590 1806 usque
2653 1735 2720 1790 ad
2772 1735 2987 1789 initium
3028 1737 3174 1792 tertii
3236 1738 3465 1808 Augusti
3514 1737 3750 1797 Caesaris

2169 1825 2321 1889 anni,
2383 1826 2436 1878 in
2497 1839 2605 1894 quo
2661 1831 2717 1880 et
2777 1823 3006 1879 indictio
3055 1828 3397 1896 promulgata
3449 1836 3554 1893 est,
3582 1829 3748 1884 sicuti

2169 1917 2362 1972 beatus
2381 1916 2650 1972 Maximus
2675 1917 2727 1970 in
2751 1932 3011 1987 sermone
3036 1903 3137 1972 suo
3163 1917 3230 1972 de
3260 1917 3470 1975 Pascha
3495 1929 3747 1990 testatur,

2168 2008 2298 2060 anni
2353 2017 2482 2061 sunt
2511 2007 2672 2062 5460.
2709 2008 2902 2064 Cicero
2942 2008 3130 2063 rhetor
3171 2019 3224 2064 et
3271 2019 3498 2065 senator
3542 1995 3751 2080 Caietis

2168 2099 2341 2169 italia:
2379 2101 2745 2174 interemptus
2811 2112 2933 2168 est;
2976 2108 3034 2168 ut
3089 2111 3270 2169 autem
3306 2101 3400 2172 alii
3430 2105 3604 2176 aiunt,
3650 2121 3752 2173 ve-

2169 2209 2311 2258 neno
2333 2209 2456 2249 sese
2486 2195 2722 2261 necavit.
2917 2177 2920 2182 ’

2241 2289 2588 2359 Principatus
2625 2303 2819 2344 eorum
2869 2297 3078 2360 septem
3105 2289 3198 2361 qui
3240 2290 3383 2362 apud
3422 2289 3750 2364 Pergamum

2171 2381 2588 2452 imperaverunt
2616 2380 2873 2444 cessavit,
2896 2396 3019 2435 cum
3058 2381 3416 2451 perdurasset
3442 2381 3545 2436 154
3566 2383 3748 2438 annis.

2244 2475 2400 2532 Sicut
2444 2475 2499 2530 in
2555 2473 2888 2544 quibusdam
2928 2474 3140 2540 Latinis
3187 2475 3524 2540 editionibus
3555 2475 3749 2542 fertur,

2166 2571 2240 2636 ab
2276 2569 2590 2625 Alexandro
2643 2583 2824 2637 usque
2859 2567 2928 2622 ad
2972 2567 3207 2640 Augusti
3260 2577 3501 2641 tempora
3529 2567 3752 2624 fuerunt

2169 2662 2300 2716 anni
2343 2660 2464 2730 plus
2506 2660 2688 2724 minus
2721 2658 2848 2713 500.

2238 2752 2554 2824 Iudaeorum
2611 2753 2824 2826 primus
2869 2768 2964 2818 rex
3003 2751 3309 2823 alienigena
3353 2750 3596 2821 Herodes
3650 2753 3752 2808 l'nit

2170 2849 2330 2904 annis
2367 2848 2459 2915 57,
2491 2846 2586 2919 qui
2617 2847 2912 2906 Anauilum
2962 2847 3280 2920 quemdam,
3313 2845 3622 2912 Judaaorum
3655 2847 3752 2918 qui

479 2940 803 2996 muneribus
833 2948 888 2994 et
914 2939 1039 2998 aliis
1091 2938 1372 3008 obsequiis
1424 2938 1680 2993 faciebat.
1731 2937 1874 2992 Inter
1921 2951 2064 3006 quos
2097 2937 2139 2994 Β
2168 2941 2222 3006 in
2261 2941 2540 3013 Babylone
2566 2952 2722 2996 erant
2745 2955 3021 3003 summum
3045 2941 3378 3010 pontilicem,
3408 2941 3740 3006 accersiens,

479 3041 535 3089 et
562 3031 765 3087 Haretlt
802 3031 1066 3095 Arabum,
1089 3030 1140 3084 id
1173 3040 1257 3086 est
1286 3028 1710 3095 Saracenorum,
1740 3029 1852 3100 regi
1883 3029 2060 3083 valida

480 3126 725 3182 sociatus
757 3133 840 3178 est
905 3122 1166 3186 amicitia,
1203 3131 1422 3193 propter
1471 3121 1878 3176 matrimonium
1929 3119 2064 3174 insi-

480 3220 606 3293 gnis
637 3217 820 3273 uxoris
858 3217 1106 3283 Arabicae
1131 3216 1408 3289 Cypridis,
1447 3232 1514 3272 ex
1559 3231 1666 3287 qua
1701 3216 1843 3271 lilios
1871 3215 2065 3270 habuit

481 3320 742 3382 quatuor,
769 3308 1087 3364 Phasailum
1143 3309 1397 3390 videlicet
1420 3316 1475 3374 et
1517 3309 1814 3374 Herodem.
1845 3311 1937 3379 qui
1966 3323 2064 3363 rex

481 3416 604 3478 post
630 3403 945 3477 Hyrcanum
981 3389 1203 3460 exstitit.
1226 3401 1582 3466 Hebrzcorum
1621 3403 1835 3471 primus
1871 3401 2066 3455 alieni-

478 3515 639 3571 gena,
670 3507 723 3555 et
761 3498 986 3554 tertium
1026 3495 1422 3565 Josephum,ct
1462 3494 1739 3556 Plteroran
1781 3503 2064 3564 quartum,

474 3594 588 3663 jam
630 3602 743 3647 tum
807 3589 1084 3646 Arabibus
1139 3587 1479 3654 Judaeorum,
1544 3587 1690 3651 sicut
1733 3603 1880 3644 nunc
1905 3585 2067 3640 Chri-

479 3689 809 3749 stianorum,
843 3683 1081 3751 legitima
1125 3679 1616 3746 confundentibus.

547 3776 842 3847 Pompeius
871 3776 1036 3846 igitur
1077 3771 1334 3844 Hyrcano
1387 3787 1662 3828 summum
1718 3772 2064 3842 pontiﬁcium

479 3869 786 3933 roboravit,
802 3877 856 3923 et
871 3867 986 3937 ipse
1000 3865 1264 3922 Romanis
1282 3863 1837 3922 Judteostributarios
1850 3864 2065 3920 statuit.

480 3961 630 4016 idem
661 3960 776 4028 ipse
791 3958 1138 4026 Antipatrum
1154 3953 1995 4025 alienigenam,Herodisjilium,
2014 3963 2070 4020 et

480 4053 708 4110 alterius
726 4051 958 4108 Herodis
981 4058 1189 4120 patrem
1209 4047 1515 4103 Palaestiute
1529 4047 1801 4104 ordinavit
1815 4063 2072 4119 procura-

484 4158 678 4203 torem.
696 4144 766 4204 At
784 4159 912 4200 vero
931 4141 1188 4199 C..Iulius
1212 4141 1392 4196 Caesar
1422 4139 1649 4194 Romam
1679 4139 1898 4194 rediens
1919 4140 2070 4196 oumi

481 4239 623 4312 parti
647 4237 888 4307 Pompeii
917 4235 1180 4307 pepercit,
1203 4233 1268 4288 de
1288 4247 1395 4302 qua
1414 4242 1528 4287 erat
1548 4231 1766 4300 Cicero,
1785 4231 1986 4288 Brutus
2017 4240 2072 4287 et

2174 3033 2231 3088 in
2265 3031 2570 3089 Jerusalem
2626 3047 2905 3088 summum
2959 3031 3278 3102 pontiﬁcem
3334 3033 3642 3090 constituit.
3684 3031 3749 3086 Et

2174 3126 2279 3182 hoc
2334 3127 2509 3182 electo
2565 3135 2691 3196 post
2724 3126 3001 3182 modicum
3057 3125 3346 3180 constituit
3375 3124 3748 3181 Arismbulum

2173 3235 2449 3275 summum
2504 3219 2842 3289 pontiﬁcem,
2878 3220 3102 3273 fratrem
3151 3219 3339 3274 uxoris
3395 3234 3528 3282 sum,
3576 3219 3745 3274 lilium

2173 3309 2435 3383 Hyrcani.
2475 3310 2539 3365 Et
2561 3314 2666 3366 hoc
2709 3311 3040 3382 interempto
3070 3325 3268 3366 rursus
3298 3311 3590 3367 Ananilum
3627 3322 3752 3384 post

2172 3417 2378 3456 annum
2407 3401 2678 3471 provexit.

2245 3493 2406 3549 Anno
2450 3493 2642 3548 mundi
2704 3491 2847 3556 5500
2896 3491 3154 3550 devolulo
3189 3503 3242 3550 et
3277 3495 3410 3550 5501
3459 3495 3753 3566 incipiente

2177 3585 2322 3642 facta
2377 3594 2464 3644 est
2503 3586 2819 3644 incarnatio
2850 3585 3069 3656 Domini
3119 3595 3174 3650 et
3232 3586 3535 3656 salvatoris
3579 3591 3749 3658 nostri

2171 3677 2303 3744 Jesu
2347 3678 2580 3746 Christi,
2631 3693 2825 3749 mense
2865 3678 3171 3745 secundum
3217 3677 3495 3749 Romanos
3534 3679 3749 3752 Martio,

2175 3774 2264 3829 die
2307 3772 2402 3840 25,
2463 3772 2766 3828 secundum
2822 3772 3066 3838 divinam
3114 3771 3438 3838 editionem,
3489 3789 3611 3844 quae
3659 3790 3753 3844 per

2177 3866 2400 3938 Moysen
2448 3865 2662 3936 prolata
2693 3875 2801 3934 est,
2826 3865 3001 3937 prima
3049 3864 3138 3932 die
3189 3866 3392 3928 mensis
3424 3865 3616 3937 Nisan,
3656 3870 3746 3942 qui

2177 3959 2322 4031 apud
2360 3959 2621 4020 llebrzros
2650 3959 2866 4027 primus
2891 3966 3110 4012 creatus
3136 3965 3243 4024 est,
3273 3973 3380 4027 qua
3410 3957 3628 4024 Gabriel
3661 3976 3751 4028 ar-

2178 4052 2476 4122 changelus
2511 4053 2583 4114 ei,
2617 4065 2739 4120 qua:
2791 4065 2918 4104 vere
2965 4057 3050 4105 est
3087 4065 3150 4104 ac
3196 4051 3420 4121 proprie
3468 4052 3558 4106 Dei
3588 4050 3754 4119 Geni:-

2178 4145 2320 4208 trix,
2383 4148 2556 4200 totius
2592 4143 2782 4198 mundi
2838 4143 3021 4214 gaudii
3069 4143 3268 4198 obtulit
3321 4146 3620 4215 evangelia.
3665 4147 3755 4203 Sie

2181 4238 2331 4292 enim
2393 4246 2448 4293 et
2497 4237 2731 4293 viviﬁcaa
2781 4236 3208 4292 resurrectionis
3247 4237 3368 4307 ejus
3416 4238 3532 4295 dies
3565 4240 3752 4296 eadem

479 4330 729 4392 Cassius,
761 4327 1161 4396 consulumque
1181 4326 1549 4396 principatum
1589 4323 2076 4381 destruxit.Tum-
2101 4319 2147 4382 C
2178 4330 2355 4400 prima
2390 4331 2598 4396 mensis
2630 4332 2719 4386 die
2761 4329 3045 4398 concurrit
3087 4329 3390 4399 secundum
3427 4333 3757 4412 apostolicas

481 4438 589 4492 que
617 4420 895 4480 Antonius
927 4418 1234 4494 CleOpatrae
1263 4416 1524 4472 Arabiam
1548 4415 1791 4472 tradidit.

558 4511 928 4566 Romanorum
951 4508 1014 4567 Β.
1043 4506 1230 4575 Julius
1276 4507 1461 4566 Caesar
1482 4508 1701 4578 primus
1736 4507 2073 4564 monarehus

481 4601 741 4657 habetur.
771 4599 956 4654 Mundi
985 4614 1131 4653 anno
1163 4598 1301 4664 545i
1327 4597 1390 4652 Ο.
1423 4595 1602 4654 Julius
1635 4599 1822 4654 Cmsar
1845 4601 2073 4656 veniens

485 4694 542 4748 in
563 4690 806 4748 Judaeam
847 4699 972 4760 post
999 4688 1241 4760 Pompeii
1284 4697 1519 4754 mortem
1577 4691 1647 4746 ab
1687 4689 1946 4762 (Egypto,
1977 4708 2072 4746 τοο

483 4786 646 4842 borat
682 4797 957 4842 summum
985 4782 1326 4870 pontificium
1379 4780 1652 4854 Hyrcano,
1685 4791 1739 4838 et
1785 4785 2074 4855 Antipatro

485 4886 804 4946 potentatus
837 4875 1165 4930 divisionem
1198 4876 1290 4929 dat
1319 4891 1333 4940 ;
1366 4876 1461 4944 qui
1515 4876 1642 4930 dolo
1672 4874 1826 4944 Bruti
1861 4887 1913 4932 et
1936 4877 2075 4946 Cas-

485 4968 552 5023 sii
585 4967 882 5029 occiditur,
915 4981 1018 5018 non
1051 4964 1344 5020 ferentium
1375 4964 1616 5035 Pompeii
1640 4969 2073 5037 peremptionem

487 5071 665 5128 neque
685 5056 976 5112 consulum
1006 5055 1433 5125 depositionem.
1466 5053 1640 5124 Hujus
1661 5058 1836 5113 hares
1856 5059 2078 5131 adopta-

487 5159 577 5202 tus
607 5155 728 5202 erat
747 5146 1081 5202 Oetavianus
1104 5145 1314 5213 απελτ,
1354 5145 1497 5202 illius
1520 5147 1683 5202 Attia:
1723 5150 1932 5206 sororis
1954 5149 2076 5221 ejus

487 5249 542 5295 ct
565 5239 798 5295 Octavii.
843 5237 974 5292 Dein
1008 5251 1195 5310 parata
1237 5239 1469 5294 victoria
1509 5240 1796 5298 venientes
1843 5241 2075 5297 Romam

485 5333 770 5402 Augustus
804 5340 859 5386 et
882 5332 1154 5387 Antonius
1180 5331 1436 5388 dividunt
1457 5345 1582 5387 cum
1610 5332 1862 5405 Helpidio
1892 5335 2077 5403 tripli-

487 5425 624 5480 citer
673 5431 849 5480 totum
907 5423 1281 5478 Romanorum
1324 5425 1722 5496 principatum,
1773 5437 1848 5493 et,
1892 5435 1948 5482 ut
2001 5435 2076 5483 tta

487 5513 743 5583 dixerim,
766 5515 939 5571 totius
965 5513 1118 5570 orbis
1147 5525 1458 5584 terrarum;
1482 5528 1536 5571 et
1553 5517 1834 5588 Augustus
1856 5520 2076 5590 quidem

489 5603 764 5675 Europam
823 5605 1055 5661 sortitur
1107 5621 1284 5677 usque
1319 5607 1389 5662 ad
1429 5607 1721 5663 occiduum
1769 5608 2070 5677 Oceanum,

492 5697 776 5766 Helpidius
817 5708 998 5753 autem
1047 5714 1167 5767 qua:
1217 5699 1365 5753 circa
1405 5699 1630 5771 Libyam
1680 5710 1810 5756 sunt
1863 5703 2072 5772 omnia,

495 5804 661 5866 porro
684 5791 956 5846 Antonius
977 5799 1145 5851 totam
1185 5793 1392 5856 Asiam.

2177 4421 2524 4478 traditiones.

2249 4506 2533 4585 Augustus
2568 4514 2813 4586 pontifex
2859 4515 3134 4582 niaxitnus
3171 4516 3426 4580 decretus
3445 4529 3546 4580 est.
3582 4518 3758 4588 ilero-

2177 4607 2275 4664 des
2303 4609 2544 4678 priscam
2579 4609 2908 4676 Samariam,
2933 4625 3063 4668 eum
3094 4619 3245 4672 esset
3273 4611 3514 4682 deserta,
3552 4627 3585 4674 a
3629 4613 3757 4666 l'un-

2178 4699 2454 4763 damentis
2510 4701 2727 4766 erexit,
2782 4700 3048 4758 Sebasten
3103 4702 3158 4758 in
3222 4707 3483 4760 honorem
3526 4703 3758 4761 Caesaris

2177 4794 2495 4860 nontinans.
2551 4792 2796 4850 Herodes
2852 4796 3118 4865 templum
3168 4799 3314 4870 quod
3363 4796 3759 4869 Hierosolymis

2172 4894 2298 4952 erat
2327 4885 2524 4964 duplex
2555 4885 2924 4953 reaedilieavit.
2949 4887 3193 4952 Herodes
3214 4889 3456 4959 priscam
3485 4890 3760 4946 Stratonis

2180 4975 2382 5031 turrim
2417 4975 2725 5031 Caesaream
2767 4978 2822 5031 in
2873 4978 3144 5034 honorem
3165 4977 3403 5036 Cesaris
3458 4979 3759 5050 supersedi-

2180 5066 2354 5122 ﬁcans
2376 5068 2702 5123 nominavit.
2732 5067 2876 5126 idem
2921 5070 3038 5141 ipse
3062 5069 3380 5139 Judteorpm
3414 5071 3762 5143 legisperitos

2182 5159 2389 5212 occidit
2413 5169 2464 5213 et
2501 5160 2739 5229 scriptas
2778 5162 3128 5233 genealogias
3163 5162 3426 5217 incendit.

2254 5249 2440 5306 Mundi
2503 5266 2648 5306 anno
2705 5251 2879 5318 5500,
2937 5254 3139 5310 divina
3191 5270 3321 5310 vero
3365 5254 3765 5310 incarnationis

2182 5355 2330 5395 anno
2361 5343 2413 5406 i,
2449 5350 2643 5413 pastor
2665 5345 2845 5400 bonus
2874 5354 3126 5418 pastores
3171 5348 3379 5418 primos
3403 5348 3469 5403 ad
3514 5346 3768 5404 ineﬂ'abi-

2181 5444 2318 5486 unm
2353 5433 2626 5490 “sionem
2658 5443 2714 5490 et
2743 5437 3076 5492 auditionem
3108 5453 3206 5507 per
3237 5440 3461 5510 angelos
3486 5439 3761 5496 invitavit.

2254 5521 2442 5577 Mundi
2499 5538 2679 5580 annus
2728 5535 2848 5580 erat
2902 5526 3080 5590 550i,
3130 5526 3327 5586 Sextus
3391 5529 3765 5600 Pythagoreus

2182 5613 2544 5685 philosophus
2579 5613 2830 5670 ﬂorebat.
2863 5615 3034 5671 ludas
3061 5615 3320 5674 Galila‘us
3353 5618 3618 5675 adversus
3648 5621 3764 5674 Ro-

2187 5722 2387 5763 manos
2423 5709 2736 5766 simultates
2759 5725 2920 5780 agere
2945 5711 3266 5766 hortabatur
3289 5713 3509 5768 Judaaos
3541 5725 3766 5785 propter

2183 5799 2634 5874 descriptionem.
2681 5803 2922 5862 llerodes
2954 5815 3204 5860 mortuus
3233 5814 3338 5873 est,
3376 5821 3498 5869 cum
3533 5807 3760 5867 vixisset
