4088 6420
386 376 411 439 1
424 374 525 440 1‘93

1231 378 1598 443 HISTORIA
1634 375 2213 441 ECCLESIASTICA
2247 384 2349 445 EX
2383 385 2781 448 SYNCELLO.

3507 389 3641 453 ΗΑ

381 491 542 546 annis
570 490 678 559 ’ἴος
717 493 811 563 qui
864 492 1070 550 Judmis
1117 493 1311 566 inique
1357 493 1649 562 imperavit
1675 494 1839 547 anuis
1865 491 1956 544 '57.
1994 497 2033 549 Α
2066 495 2439 555 ducentesian
2473 504 2720 558 secunda:
2749 503 3084 574 Olympiadis
3115 504 3260 572 facta
3302 515 3380 559 est
3421 504 3645 576 defectio

383 582 502 638 Sub
525 599 636 652 quo
653 591 709 637 et
732 583 1016 654 prophetia
1043 582 1215 641 Iacob
1246 586 1542 654 adimpleta
1578 591 1687 642 est.
1716 582 1818 637 Hic
1849 581 1966 653 pri.

381 691 505 731 mus
531 674 837 745 alienigena
862 675 1081 746 praefuit
1112 675 1341 741 Judatis,
1371 691 1499 730 cum
1522 684 1672 731 esset
1693 673 1965 729 Idumams

381 768 581 823 Arabs.
617 767 765 823 Idem
796 769 917 837 ipse
942 769 1157 837 primus
1193 769 1555 840 alienigenam
1582 767 1786 823 Judaeis
1823 780 1963 838 pon-

383 861 584 915 tiilc'un
620 862 910 916 constituit
931 862 1250 916 Ananilum.

451 952 767 1008 Judreorum
812 956 1088 1008 secundus
1136 954 1442 1024 alienigena
1490 951 1793 1006 Archelaus
1820 949 1966 1003 illius

385 1047 643 1113 Herodis,
666 1046 829 1117 cujus
858 1060 1004 1101 anno
1025 1046 1084 1111 9,
1120 1045 1310 1100 mundi
1339 1059 1470 1100 vero
1491 1043 1653 1109 5506,
1686 1043 1966 1112 Augustus

383 1139 712 1194 Archelaum
735 1138 981 1208 quidem,
1011 1137 1180 1192 lilium
1216 1135 1471 1201 Herodis,
1497 1135 1807 1191 Judaeorum
1835 1149 1966 1205 gen-

386 1233 459 1287 tis
490 1230 792 1301 principem
819 1229 1036 1294 statuit,
1069 1230 1209 1286 alios
1235 1240 1418 1285 autem
1442 1229 1643 1284 fratres
1675 1227 1797 1297 ejus
1827 1241 1966 1296 qua-

382 1334 534 1388 tuor,
566 1321 837 1379 Herodem
881 1322 1101 1377 scilicet
1138 1323 1534 1393 homonymum
1568 1321 1730 1391 patri,
1765 1331 1819 1375 et
1848 1319 1963 1375 An—

386 1417 647 1486 tipatrum
698 1430 801 1469 avo
836 1416 1180 1485 tequivocum
1220 1413 1631 1486 Lysaniamque
1674 1420 1729 1468 et
1758 1411 1968 1481 Philip-

386 1525 516 1582 pum
546 1509 852 1565 tetrarchas
889 1510 1168 1565 exhibuit.

460 1602 645 1662 Mundi
670 1617 818 1657 anno
845 1602 1006 1668 55l5,
1040 1602 1241 1658 divinae
1265 1601 1668 1657 incarnationis
1698 1614 1844 1654 anno
1873 1600 1961 1664 i5,

384 1696 492 1752 sub
521 1695 741 1751 Caesare
783 1698 1033 1765 Augusto
1056 1697 1340 1766 sapientes
1372 1695 1616 1765 insignes
1643 1702 1802 1750 erant
1841 1691 1965 1747 Vir-

384 1790 575 1861 gilius,
625 1788 927 1852 Salustius,
979 1788 1192 1855 Livius,
1245 1788 1600 1853 Hortensius,
1650 1787 1962 1851 Terentius,

388 1881 675 1947 Horatius,
726 1881 1116 1936 Athenodorus
1159 1880 1405 1937 Tarseus
1435 1890 1489 1936 et
1542 1879 1684 1936 Sitio
1728 1879 1968 1935 Alexan-

386 1978 608 2033 drinus.
637 1977 785 2032 idem
811 1973 941 2030 ver‘o
964 1978 1247 2045 Augustus
1281 1976 1685 2052 habitatoribus
1711 1970 1971 2030 Romana:

388 2072 547 2128 urbis
580 2085 678 2142 per
710 2070 881 2126 facies
903 2070 1267 2126 dinumeratis
1295 2069 1508 2125 invenit
1535 2069 1776 2123 virorum
1814 2070 1971 2124 habi-

386 2163 625 2219 tantium
664 2177 785 2218 eam
818 2161 886 2216 i5
899 2164 911 2215 Ι
925 2162 1054 2216 057.

461 2255 647 2310 Mundi
681 2269 827 2310 anno
857 2254 998 2309 5520
1023 2252 1430 2308 incarnationis
1467 2252 1667 2308 divina:
1702 2268 1879 2307 annus
1897 2252 1971 2306 20

386 2349 691 2418 agebatur,
729 2362 895 2418 quam
946 2345 1234 2400 Matthaeus
1289 2342 1578 2414 Lucasque
1629 2345 1968 2408 describunt,

386 2440 679 2495 Matthaaus
701 2439 923 2509 quidem
951 2439 1154 2508 regiam
1187 2453 1250 2491 ex
1273 2436 1443 2491 David
1474 2451 1569 2505 per
1597 2430 1969 2501 Salomonem,

387 2533 569 2587 Lucas
596 2546 727 2587 vero
756 2545 820 2586 ex
853 2529 1045 2585 eodem
1081 2528 1246 2583 David
1279 2543 1375 2597 per
1397 2525 1629 2581 Natbam
1648 2526 1769 2596 ejus
1800 2526 1968 2581 lilium

391 2622 660 2677 referens.

467 2714 726 2770 Tiberius
781 2713 980 2769 tertius
1036 2708 1376 2766 monarcbus
1423 2707 1676 2764 Pontium
1733 2704 1970 2761 Pilatum

391 2809 680 2882 pra'sidem
703 2806 904 2862 Judaeaa
931 2807 1154 2861 direxit.

464 2899 645 2953 Mundi
675 2914 821 2954 anno
854 2897 1019 2963 5552,
1050 2897 1250 2953 divine
1280 2886 1677 2951 incarnationis
1693 2893 1785 2959 52,
1806 2892 1972 2948 Joan-

392 3006 518 3045 nem
561 2989 894 3060 Baptistam,
927 2988 1058 3044 dum
1089 2988 1160 3043 ab
1191 2987 1448 3043 omnibus
1486 2994 1548 3041 ut
1578 2986 1841 3056 propheta
1870 2986 1973 3038 ho-

391 3088 709 3148 noraretur,
746 3082 947 3136 timens
974 3079 1221 3135 Herodes
1255 3077 1402 3135 illius
1436 3077 1692 3142 Herodis,
1724 3084 1787 3131 ut
1818 3074 1974 3131 Jose—

2069 590 2197 644 salis
2234 595 2491 657 maxima,
2520 605 2571 649 et
2615 613 2718 651 uox
2746 596 2879 651 hora
2908 608 3057 651 sexta
3100 595 3210 651 diei
3249 598 3397 666 facta
3435 609 3537 662 est,
3568 600 3646 652 ita

2060 692 2127 736 ut
2191 687 2351 740 etiam
2397 688 2570 742 stellrc
2631 691 2686 743 in
2733 690 2862 744 caelo
2916 699 3185 758 parerent.
3240 690 3420 745 Terra!
3474 699 3649 744 motus

2066 779 2229 832 etiam
2274 796 2496 851 magnus
2543 783 2594 835 iu
2650 781 2905 854 Bithynia
2954 784 3132 853 {actus
3177 782 3413 851 plurima
3449 782 3649 839 Nicone

2064 870 2337 926 subuertit.

2139 961 2326 1016 Mundi
2355 979 2501 1019 anno
2531 964 2696 1031 553i,
2729 965 2929 1020 divina:
2957 967 3358 1024 incarnationis
3384 983 3531 1024 anno
3557 970 3648 1033 54,

2068 1052 2242 1122 prima
2272 1054 2360 1109 die
2399 1056 2564 1127 hujus
2604 1057 2758 1123 anni,
2809 1057 2987 1111 Martii
3032 1061 3239 1115 mensis
3280 1060 3369 1115 die
3412 1060 3507 1128 25,
3543 1062 3652 1116 1).)-

2068 1146 2249 1202 minus
2279 1160 2467 1203 noster
2487 1164 2551 1203 ex
2584 1150 2819 1205 mortuis
2848 1152 3010 1206 tertio
3043 1152 3134 1205 die
3188 1154 3458 1221 surrexit;
3510 1170 3651 1224 qua-

2066 1236 2382 1309 dragesimo
2408 1256 2538 1295 vero
2559 1241 2644 1296 die
2667 1244 3092 1300 resurrectionis
3120 1260 3255 1312 sum,
3276 1244 3328 1300 id
3350 1255 3434 1301 est
3462 1262 3653 1301 meusn

2068 1330 2210 1387 Maio
2238 1332 2327 1388 die
2357 1333 2541 1399 tertio,
2567 1344 2883 1405 assumptus
2908 1336 3058 1391 misit
3085 1338 3348 1407 apostolis
3382 1337 3653 1407 Spiritum

2066 1439 2224 1481 suum
2258 1426 2586 1495 paraclitum
2633 1426 2688 1480 in
2740 1439 2932 1482 sancta
2964 1427 3312 1484 Pentecoste.
3347 1429 3644 1490 Caeterum,

2066 1528 2128 1572 ut
2152 1516 2406 1573 Clemens
2439 1520 2652 1586 scribit,
2680 1519 2885 1576 Jacoho
2913 1520 3074 1578 .lusto
3099 1535 3151 1577 et
3174 1521 3370 1577 Joanni
3397 1538 3462 1578 ac
3490 1521 3652 1578 Petro

2069 1623 2190 1680 post
2239 1614 2701 1670 resurrectionem
2748 1614 2976 1670 tradidit
3021 1616 3305 1671 scientiam
3363 1616 3649 1671 Dominus.

2065 1713 2122 1758 et
2168 1703 2258 1758 isti
2314 1704 2531 1759 caeteris
2591 1704 2961 1767 tradiderunt,
3011 1708 3194 1761 caeteri
3245 1722 3374 1763 vero
3420 1710 3652 1778 apostoli

2070 1796 2440 1868 septuaginta.
2497 1796 2712 1852 Eisdem
2748 1798 2946 1854 diebus
2983 1800 3239 1868 discipuli
3278 1800 3623 1870 interrogavi-

2073 1897 2201 1943 runt
2233 1887 2519 1943 Dominum
2554 1890 2612 1945 in
2646 1897 2830 1944 monte
2855 1890 3076 1956 Oliveti,
3108 1892 3153 1945 si
3189 1891 3243 1946 in
3277 1900 3521 1962 tempore
3548 1894 3649 1945 hoc:

2075 1979 2392 2035 restitueret
2447 1996 2674 2051 regnum
2724 1980 2916 2037 lsrael.
2957 1982 3158 2036 Eodem
3212 1970 3361 2037 anno
3410 1980 3651 2037 Jacohus

2072 2070 2244 2127 frater
2295 2072 2509 2128 Domini
2559 2072 2771 2143 primus
2813 2073 3107 2142 episcopus
3148 2071 3649 2146 Hierosolymorum

2072 2167 2383 2221 ordinatur.
2422 2166 2540 2222 Duo
2571 2166 2765 2223 Jacobi
2799 2177 2981 2230 erant,
3033 2166 3204 2221 frater
3241 2166 3477 2235 Domini,
3508 2168 3656 2222 tilias

2073 2259 2350 2314 exsistens
2405 2257 2635 2330 Ioseph,
2685 2259 2779 2329 qui
2834 2259 3123 2315 dicebatur
3174 2257 3383 2323 Justus,
3425 2261 3494 2314 de
3543 2276 3655 2329 quo

2072 2352 2235 2406 etiam
2284 2350 2489 2406 Paulus
2528 2352 2649 2406 ait:
2695 2350 2877 2406 Alium
2921 2363 3096 2405 autem
3132 2350 3494 2420 apostolorum
3549 2352 3656 2405 vidi

2073 2444 2330 2497 neminem
2390 2443 2495 2496 nisi
2543 2440 2807 2497 Iacobum
2835 2441 3061 2511 fratrem
3116 2440 3332 2496 Domini
3361 2443 3402 2507 ¹,
3453 2442 3547 2513 qui
3589 2442 3674 2514 «ιη,

2072 2535 2370 2604 pinnaculo
2395 2534 2637 2604 jactatus
2662 2550 2693 2589 a
2721 2533 2926 2590 Iudaeis
2952 2536 3101 2607 ligno
3126 2534 3351 2591 fullonis
3373 2535 3655 2591 sauciatus

2073 2627 2329 2681 moritur.
2366 2628 2431 2680 Et
2462 2625 2599 2681 alter
2649 2628 2743 2698 qui
2794 2627 2978 2698 capite
3017 2635 3312 2683 truncatus
3345 2635 3453 2695 est,
3485 2626 3657 2683 frater

2073 2716 2334 2772 videlicet
2358 2715 2591 2773 Joannis
2619 2716 2885 2787 deiloqui.

2143 2802 2350 2861 Judaeis
2389 2807 2590 2862 tertius
2627 2807 2935 2875 alienigena
2976 2805 3197 2877 praefuit
3225 2805 3471 2864 Herodes
3507 2805 3655 2863 ﬁlius

2077 2894 2331 2964 Herodis,
2347 2899 2507 2967 cujus
2530 2905 2774 2969 tempore
2797 2899 3029 2965 Pilatus,
3048 2908 3173 2970 post
3199 2901 3529 2956 simultatem
3557 2899 3657 2955 Ju-

2075 2990 2319 3045 daeorum
2354 3000 2575 3062 propter
2596 2992 2862 3064 imagines
2880 2989 3136 3056 Cat-saris,
3158 2992 3480 3055 corbonam,
3504 2992 3658 3046 idest

2077 3096 2295 3137 sacrum
2339 3080 2681 3146 thesaurum,
2717 3082 2772 3136 in
2809 3099 3075 3153 aquarum
3115 3083 3491 3138 advectionem
3520 3098 3650 3137 cnu-

393 3176 539 3244 phus
566 3173 723 3241 dicit,
760 3174 1033 3245 peremit;
1081 3183 1139 3228 ut
1172 3180 1356 3229 autem
1407 3172 1593 3228 verius
1642 3170 1972 3242 evangelista
2003 3184 2048 3244 α
2082 3174 2336 3244 sumpsit,
2370 3184 2423 3229 et
2452 3190 2650 3231 rursus
2673 3175 2981 3230 simultates
3006 3189 3170 3243 agere
3200 3176 3482 3246 compulit.
3511 3173 3655 3229 idem

390 3267 584 3335 refert,
599 3280 665 3321 eo
684 3266 829 3336 quod
846 3265 1196 3335 redargueret
1213 3279 1338 3320 eum
1356 3271 1582 3335 propter
1594 3263 1975 3318 Herodiadem.

440 3357 656 3411 ‘Mundi
705 3370 854 3410 anno
882 3354 1046 3422 5555,
1081 3350 1281 3411 divinat
1315 3354 1722 3411 incarnationis
1746 3355 1839 3420 55,
1871 3353 1979 3410 Do-

392 3452 582 3507 minus
621 3457 810 3504 noster
849 3447 1012 3504 Jesus
1053 3447 1310 3503 Christus
1345 3454 1469 3518 post
1510 3448 1668 3518 signa
1721 3448 1894 3501 multa
1924 3455 1978 3501 et

391 3557 511 3596 sua:
536 3541 847 3595 divinitatis
894 3541 1139 3595 revelata
1173 3539 1461 3612 mysteria,
1503 3547 1703 3608 sponte
1735 3540 1802 3592 ad
1846 3553 1975 3609 pas-

390 3636 607 3691 sionem
642 3636 905 3701 accessit,
955 3642 1010 3689 et
1059 3633 1401 3703 cruciﬁgitur
1457 3629 1595 3686 feria
1626 3640 1805 3697 sexta,
1841 3632 1977 3686 hora

391 3735 573 3787 sexta,
597 3725 773 3779 Martii
813 3726 1020 3779 mensis
1060 3724 1149 3778 die
1178 3722 1273 3790 25,
1321 3723 1612 3778 consulatu
1655 3720 1891 3776 Neronis
1918 3722 1973 3788 5,

387 3827 445 3874 et
485 3819 724 3888 resurgit
770 3815 950 3871 Martii
985 3816 1075 3871 die
1112 3816 1204 3881 25,
1238 3830 1363 3870 cum
1404 3813 1755 3869 illucesceret
1793 3812 1978 3868 Domi-

388 3912 556 3967 nicus
584 3909 728 3975 dies,
763 3909 797 3965 8
833 3905 1073 3964 Calend.’
1115 3908 1409 3979 Aprilium,
1450 3906 1629 3978 prima
1677 3906 1766 3962 die
1812 3905 1976 3976 primi

391 4002 623 4068 mensis,
651 4002 744 4071 qui
791 4000 982 4067 Nisan,
1030 4001 1085 4055 id
1119 4010 1205 4057 est
1246 4000 1489 4057 Martius’
1510 3998 1742 4064 mensis,
1793 3996 1976 4052 nomi-

394 4103 561 4149 natur
595 4095 736 4163 apud
781 4092 1040 4149 Hebraeos
1071 4101 1126 4148 et
1167 4092 1540 4149 Christianos.
1583 4090 1657 4148 De
1696 4106 1805 4162 qua
1841 4090 1980 4146 dici-

391 4197 486 4242 tur
515 4205 528 4243 :
576 4187 643 4242 In
696 4189 956 4257 principio
1007 4187 1131 4258 fecit
1160 4185 1303 4240 Deus
1329 4186 1517 4241 caelum
1554 4193 1605 4239 et
1637 4193 1879 4250 terram;
1922 4192 1977 4239 et

394 4297 592 4337 rursus
624 4303 635 4336 :
674 4279 776 4333 Hic
810 4290 888 4334 est
917 4279 1052 4332 liber
1091 4277 1445 4348 generationis
1475 4278 1592 4332 caeli
1630 4286 1680 4332 et
1711 4286 1886 4343 terrae,
1919 4277 1976 4329 in

392 4373 483 4428 die
513 4389 619 4443 qua
649 4373 772 4442 fecit
811 4370 951 4426 Deus
982 4371 1171 4425 caelum
1218 4379 1267 4424 et
1300 4379 1519 4424 terram.
1568 4368 1687 4435 Qua
1720 4384 1854 4441 ergo
1886 4369 1977 4424 die

392 4463 639 4516 mundus
665 4468 887 4516 creatus
926 4468 1032 4525 est,
1063 4475 1128 4515 ea
1158 4458 1419 4516 Christus
1453 4468 1776 4531 conceptus,
1824 4469 1880 4516 et
1908 4474 1972 4516 ea

393 4568 462 4607 ex
490 4553 728 4609 mortuis
765 4552 1093 4608 resurrexit.

474 4647 686 4702 Eusebii
732 4645 1007 4715 Pamphili
1041 4646 1104 4698 de
1157 4645 1254 4698 hoc
1301 4644 1437 4714 ipso.
1486 4641 1649 4700 Jesus
1696 4642 1976 4709 Christus,

396 4740 570 4796 Filius
599 4739 692 4795 Dei
731 4748 786 4795 et
826 4739 1091 4793 Dominus
1145 4745 1358 4802 noster,
1402 4736 1711 4793 secundum
1747 4737 1983 4808 prophe-

395 4833 528 4897 tlas,
551 4846 672 4902 quae
697 4832 766 4886 de
793 4832 915 4902 ipso
943 4839 1095 4896 sunt,
1122 4830 1188 4883 ad
1221 4829 1531 4900 passionem
1560 4836 1816 4900 properat
1836 4844 1981 4885 anno

396 4938 548 4978 nouo
574 4925 794 4979 decimo
829 4923 1046 4994 imperii
1073 4920 1625 4986 'l‘iberii,secundum
1667 4921 1813 4991 quod
1844 4928 1982 4976 tem-

396 5032 526 5089 pus,
555 5015 697 5071 sicut
730 5016 896 5068 etiam
932 5016 987 5070 in
1018 5015 1141 5069 aliis
1174 5014 1461 5086 gentilium
1498 5014 1775 5084 reperitur
1809 5012 1983 5068 histo-

395 5112 517 5172 riis,
552 5124 647 5179 per
675 5108 922 5179 singulas
952 5107 1245 5174 dictiones,
1281 5102 1403 5176 quae
1433 5114 1554 5160 aeta
1578 5113 1728 5167 sunt,
1756 5118 1980 5159 enarra-

397 5203 607 5257 bimus.
637 5199 772 5260 Nam
811 5201 895 5255 sol
924 5197 1418 5269 defecit,Bithynia
1444 5205 1592 5253 mota
1622 5206 1727 5262 est,
1748 5196 1979 5266 plurima

393 5294 631 5350 Nicarme
679 5293 829 5348 urbis
879 5292 1233 5361 ceciderunt;
1276 5308 1400 5364 quae
1434 5293 1620 5348 omnia
1677 5293 1980 5347 concinunt

393 5389 486 5443 his
527 5403 650 5458 quae
701 5388 847 5441 circa
878 5386 1186 5457 passionem
1217 5384 1524 5441 Salvatoris
1568 5386 1743 5441 nostri
1782 5398 1980 5442 evene-

395 5489 552 5536 runt.
587 5481 852 5535 Scribens
910 5489 1089 5533 autem
1117 5486 1172 5533 et
1216 5476 1443 5549 Phlego,
1489 5478 1584 5548 qui
1625 5475 1980 5550 Olympiadas

395 5588 565 5645 super
605 5572 746 5645 ipsis
801 5579 1126 5635 enumerat,
1173 5570 1228 5624 in
1284 5568 1669 5626 decimotertio
1724 5583 1981 5625 sermone

394 5668 608 5723 eisdem
661 5665 845 5721 verbis
886 5664 1087 5720 asserit
1138 5663 1253 5719 haec
1295 5682 1309 5719 :
1350 5660 1541 5733 Porro
1593 5671 1785 5734 quarto
1841 5678 1982 5718 anno

467 5850 490 5888 ⁹
512 5849 690 5906 Galat.
722 5865 762 5912 ι,
794 5849 886 5908 ii).

644 5948 920 6008 Parant.
955 5943 1078 6003 Gn.
1109 5940 1298 6003 CVIII

2085 3269 2203 3340 ipse
2232 3269 2440 3324 Pilatus
2476 3267 2702 3325 Tiberio
2738 3269 2807 3324 de
2835 3268 3058 3326 Christo
3086 3271 3329 3325 referens
3360 3282 3658 3323 commovit

2081 3376 2206 3416 eum
2239 3359 2305 3413 ad
2338 3375 2581 3415 amorem
2605 3359 2878 3430 dogmatis
2903 3367 2956 3414 et
2984 3358 3105 3413 fidei
3139 3358 3485 3414 Christiana}.

2152 3450 2337 3506 Mundi
2373 3467 2520 3506 anno
2554 3448 2715 3516 5555,
2749 3450 2950 3506 divina!
3001 3450 3401 3505 incarnationis
3437 3450 3527 3511 55.
3561 3450 3659 3505 Pv-

2080 3550 2200 3598 trus
2246 3552 2299 3596 et
2333 3539 2571 3596 Joannes
2602 3542 2656 3595 in
2702 3541 2961 3611 templum
2998 3541 3360 3596 ascendentes
3399 3540 3656 3594 claudum

2080 3648 2110 3687 a
2137 3633 2423 3689 nativitate
2452 3643 2806 3689 curaverunt.

2155 3724 2340 3780 Mundi
2382 3741 2528 3781 anno
2550 3724 2694 3781 5556
2734 3725 2803 3780 de
2841 3723 3056 3780 Anania
3090 3733 3145 3780 et
3183 3723 3417 3796 Saphira
3463 3723 3658 3779 Hieru-

2080 3818 2250 3875 salem
2286 3832 2384 3888 per
2418 3814 2638 3872 Petrum
2668 3816 2995 3871 miraculum
3027 3815 3232 3869 factum
3266 3822 3373 3880 est,
3394 3824 3451 3871 et
3478 3813 3662 3870 'l‘had-

2079 3913 2229 3967 dzeus
2254 3910 2320 3964 ad
2350 3909 2625 3965 civitatem
2650 3906 2913 3964 Edessam
2949 3908 3210 3970 mittitur,
3245 3924 3368 3978 qnze
3404 3907 3660 3964 universa

2081 4018 2257 4075 usque
2296 4018 2442 4057 nunc
2476 4003 2595 4059 sine
2634 4016 2798 4056 manu
2835 4000 3040 4056 factum
3082 4000 3422 4056 dominicum
3464 4002 3661 4056 charao

2079 4106 2286 4153 cterem
2320 4096 2474 4152 colit.

2152 4189 2338 4246 Mundi
2379 4203 2524 4243 anno
2557 4188 2719 4252 5557,
2752 4186 2952 4242 divinte
2983 4185 3378 4240 incarnationis
3407 4185 3499 4249 57,
3531 4201 3661 4255 per-

2081 4282 2368 4339 secutione
2404 4287 2551 4334 mota
2587 4279 2829 4333 fidelium
2877 4278 3035 4332 multi
3081 4276 3316 4346 dispersi
3350 4284 3498 4331 sunt.
3533 4272 3655 4329 Sio-

2079 4373 2299 4444 phanus
2362 4380 2736 4441 protomartyr
2790 4376 2844 4422 et
2902 4368 3333 4438 protodiaconus
3385 4366 3659 4436 lapidibus

2079 4473 2167 4520 est
2211 4462 2452 4518 occisus.
2505 4459 2694 4516 Simon
2751 4475 2944 4530 magus
3001 4475 3028 4512 a
3089 4456 3370 4530 Philippo,
3429 4474 3538 4514 uno
3591 4477 3656 4512 ex

2081 4568 2292 4629 septem
2328 4553 2678 4617 diaconibus,
2718 4552 2773 4605 in
2808 4548 3111 4606 Samariam
3149 4548 3513 4606 descendente
3542 4552 3657 4605 cal-

2078 4650 2187 4706 lide
2224 4646 2535 4718 baptizatus
2562 4653 2668 4702 est.
2698 4642 2854 4699 Unde
2880 4652 2933 4697 et
2968 4642 3019 4696 hi
3065 4641 3156 4710 otii
3215 4641 3284 4695 ab
3325 4642 3445 4712 ipso
3486 4657 3662 4713 usque

2080 4743 2245 4797 modo
2285 4738 2557 4810 baptizari
2599 4737 2956 4800 simulantur,
2990 4734 3210 4804 penitus
3244 4747 3371 4790 sunt
3398 4749 3429 4788 a
3460 4734 3662 4789 divinis

2080 4831 2362 4888 mandatis
2410 4842 2463 4885 et
2510 4828 2861 4899 dogmatibus
2908 4826 3093 4890 alieni,
3138 4840 3246 4879 non
3297 4825 3664 4896 suscipientes

2083 4928 2152 4984 de
2184 4925 2591 4982 resurrectione
2614 4922 2863 4984 verbum,
2897 4935 3073 4990 neque
3100 4919 3367 4974 visibilem
3396 4918 3662 4973 mundum

2068 4998 2182 5075 'Dei
2228 4999 2351 5075 esse
2394 5019 2663 5079 dicentes,
2695 5029 3024 5082 omnemque
3075 5010 3494 5068 abominabilem
3544 5019 3664 5062 tur-

2087 5123 2323 5181 pemque
2369 5106 2744 5176 operationem
2800 5112 3097 5157 sectantes.
3147 5099 3242 5157 His
3292 5099 3514 5181 quidem
3562 5099 3667 5151 mi~

2089 5201 2232 5257 srris
2266 5208 2475 5272 patrem
2510 5213 2571 5253 se
2606 5195 2915 5251 vocandum
2955 5193 3206 5256 tradidit,
3260 5190 3666 5260 imaginemque

2086 5295 2241 5352 Jovis
2273 5292 2472 5347 factam
2508 5290 2734 5345 nomine
2768 5272 3138 5350 ador-audam;
3183 5282 3442 5339 Helenam
3480 5293 3660 5337 autem

2091 5362 2466 5443 meretricem,
2488 5396 2612 5452 quae
2631 5395 2756 5436 cum
2793 5380 2913 5448 ipso
2937 5385 3074 5443 erat,
3106 5390 3208 5447 pro
3241 5373 3454 5429 Athena
3478 5374 3667 5429 docuit.

2092 5477 2336 5534 adorari.
2383 5474 2557 5529 Porro
2603 5472 2808 5528 Judaeis
2845 5470 3125 5526 Christum
3156 5483 3216 5524 se
3269 5467 3484 5521 dicebat
3518 5480 3663 5529 esse,

2089 5580 2146 5629 et
2186 5587 2294 5626 non
2346 5577 2579 5640 patrem.
2644 5563 2875 5621 Pontius
2919 5561 3132 5617 Pilatus
3174 5561 3279 5615 sub
3325 5558 3391 5614 C.
3428 5559 3667 5618 Ctesare.

2093 5673 2295 5739 quarto
2329 5663 2667 5733 imperatore
2704 5654 3101 5719 Romanorum,
3133 5652 3225 5724 qui
3259 5650 3544 5707 dicebatur
3575 5650 3675 5705 (2a-

3194 5922 3265 5986 38
