4088 6442
453 351 589 418 1195

1555 350 1656 413 AN
1660 348 1955 415 ASTASII
1993 346 2621 427 BIBLIOTHECARII

3581 352 3716 419 1195

446 462 636 533 ligula,
669 463 722 517 in
756 462 997 517 diversas
1031 476 1308 518 aerumnas
1344 458 1619 524 incidens,
1653 467 1713 512 ut
1746 455 2024 510 Romano-
2057 462 2103 518 Α
2127 456 2348 515 Caesare
2406 473 2509 533 per
2554 468 2873 528 operantem
2910 460 3225 521 dannonam
3276 473 3449 524 artem
3484 465 3715 523 virtutes

444 572 562 612 rum
597 558 752 612 aiunt
783 556 1235 626 historiographi,
1267 554 1353 610 sui
1394 552 1572 625 ipsius
1613 549 1796 606 factus
1824 556 1911 604 est
1942 550 2031 603 in—

428 649 730 706 terfector.
771 647 872 707 llic
911 659 964 704 et
990 647 1195 703 Julium
1243 648 1479 711 Canum,
1508 660 1675 700 unum
1710 660 1776 699 es
1825 641 2029 699 Stoicis

442 744 813 814 philosophis,
846 741 1150 796 interfecit.

518 837 709 892 Mundi
735 850 881 890 anno
912 834 1071 897 5559,
1104 832 1302 888 divinae
1329 830 1730 886 incarnationis
1763 841 1909 882 anno
1936 826 2027 895 39,

446 928 709 999 Agrippa,
748 925 843 996 qui
866 931 920 979 et
947 922 1219 986 Herodes,
1252 921 1486 977 Ilerodis
1510 920 1676 986 Iilius,
1711 919 2029 974 Judaeorum

447 1027 678 1090 quartus
701 1016 1011 1089 alienigena
1036 1032 1153 1083 rex,
1181 1030 1307 1071 cum
1333 1013 1438 1069 sub
1461 1012 1583 1070 Tib.
1601 1012 1815 1068 Caesare
1837 1009 2033 1068 luisset

430 1110 711 1168 custodiae
736 1111 1084 1180 mancipatus
1106 1116 1330 1179 propter
1348 1106 1735 1161 accusationes
1767 1104 2031 1159 adversus

448 1215 655 1273 patrem
713 1204 990 1274 prolatas,
1047 1200 1247 1261 deinde
1300 1215 1329 1253 a
1366 1199 1603 1255 vinculis
1663 1196 1949 1261 dimissus,
2001 1212 2033 1251 a

438 1296 753 1353 C.C:nsare
801 1313 895 1352 rex
955 1293 1270 1353 Iuda-orum
1320 1293 1734 1347 transmittitur.
1786 1289 2032 1347 Herodes

433 1397 650 1457 autem,
686 1387 855 1458 hujus
886 1396 1064 1458 pater,
1118 1386 1263 1457 apud
1314 1384 1644 1455 Lugdunum
1680 1382 1869 1437 Galliae
1900 1383 2034 1436 civi-

445 1494 614 1539 tatem
645 1480 842 1537 exsilio
874 1481 1150 1553 relegatus
1190 1488 1437 1532 extrema
1472 1483 1720 1547 egestate
1762 1489 1872 1528 una
1904 1488 2029 1529 cum

433 1574 757 1631 tilerodiade
811 1573 1061 1628 adultera
1104 1571 1362 1625 moritur.
1413 1567 1661 1624 Puellam
1710 1582 1862 1629 vero,
1909 1580 2033 1636 quae

436 1670 748 1726 saltaverat
781 1666 837 1721 in
873 1664 1235 1720 decollatione
1265 1659 1499 1716 Joannis
1537 1658 1814 1729 Baptista),
1850 1657 2029 1712 vivam

430 1774 595 1816 =terra
623 1758 860 1830 glutivit.
905 1756 1003 1811 llis
1056 1754 1400 1825 temporibus
1430 1750 1746 1820 Philippus,
1780 1765 1924 1805 unus
1964 1764 2031 1803 ex

2133 550 2379 620 magicas
2427 549 2653 608 faciens,
2687 553 2740 607 in
2794 553 2929 609 urbe
2969 564 3152 613 vestra
3185 558 3333 628 regis
3373 558 3548 613 Roma
3576 559 3716 615 deus

2131 641 2583 708 existimabatur,
2606 655 2660 701 et
2683 655 2868 702 statua
2899 662 2931 701 a
2967 648 3123 711 vobis
3149 658 3209 709 ut
3246 649 3390 711 Deus
3415 652 3719 708 honoratur

2131 731 2189 791 in
2216 731 2399 789 Tiberi
2436 733 2662 791 ﬂumine
2697 736 2842 793 inter
2871 741 3012 795 duos
3037 750 3262 809 pontes,
3291 742 3501 799 habens
3524 759 3719 814 super-

2132 825 2493 896 scriptionem
2530 827 2782 886 Latinam
2810 830 2987 888 hanc:
3022 831 3231 893 Simoni
3267 836 3365 891 dco
3409 848 3617 893 sancto.
3651 836 3721 891 Et.

2133 933 2272 989 pene
2297 934 2489 977 omnes
2519 921 2740 991 quidem
2769 922 3125 989 Samaritani,
3148 927 3308 995 pauci
3345 938 3526 984 autem
3550 929 3719 985 etiam

2133 1010 2190 1069 in
2232 1011 2361 1069 aliis
2402 1014 2699 1085 gentibus,
2754 1023 3018 1087 tanquam
3063 1019 3302 1088 primum
3335 1020 3499 1077 deum
3562 1020 3720 1076 illum

2134 1104 2466 1173 conﬁtentes
2503 1105 2763 1167 adorant.

2205 1194 2395 1252 Mundi
2426 1213 2575 1255 anno
2603 1198 2765 1266 5550,
2799 1200 3005 1259 divina:
3024 1202 3424 1261 incarnationis
3452 1220 3598 1261 anno
3623 1206 3719 1270 50,

2133 1287 2398 1345 Claudius
2423 1291 2680 1363 imperat.
2704 1293 3035 1363 Apollonius
3048 1310 3119 1351 ex
3138 1293 3522 1366 Tyanensibus
3550 1297 3726 1354 Italiae

2134 1378 2536 1453 Pythagoricus
2572 1385 2938 1456 philosophus
2973 1387 3163 1458 pollet,
3198 1388 3272 1445 ita
3306 1399 3365 1443 ut
3406 1390 3554 1447 hunc
3598 1391 3723 1461 ipso

2134 1489 2357 1546 quoque
2386 1475 2697 1548 Pythagora
2737 1475 3110 1536 Philostratus
3143 1488 3197 1535 et
3235 1480 3324 1537 alii
3361 1482 3594 1539 acrioris
3630 1484 3720 1539 in-

2135 1569 2280 1639 genii
2332 1568 2505 1626 ruisse
2558 1571 2900 1629 describant.
2947 1569 3046 1629 His
3102 1574 3446 1644 temporibus
3488 1576 3606 1632 visa
3635 1586 3724 1632 est

2134 1661 2255 1740 avis
2282 1661 2373 1717 illa
2401 1661 2658 1728 Phoenix,
2678 1663 3142 1735 quemadmodum
3177 1666 3431 1722 scribunt
3452 1666 3717 1739 Egyptii,

2135 1763 2260 1817 quae
2309 1757 2438 1805 ante
2481 1749 2588 1806 654
2625 1764 2804 1811 annos
2854 1763 3206 1827 apparuerat.
3247 1752 3314 1811 Et
3347 1757 3624 1826 Dexippus
3659 1758 3721 1817 in

442 1863 656 1925 septem
688 1849 1040 1914 diaconibus,
1075 1845 1371 1901 resistebat
1403 1842 1613 1897 Simoni
1642 1842 1712 1897 de
1740 1842 1860 1895 vico
1888 1838 2037 1894 Gitio
2068 1839 2110 1895 Β
2141 1839 2244 1895 hoc
2277 1842 2603 1898 concordat.

447 1944 732 2007 Samariae,
787 1941 882 2012 qui
941 1939 1107 1995 etiam
1151 1936 1352 1992 dicitur
1383 1934 1595 2007 primus
1642 1949 1709 1988 ex
1767 1930 2028 2003 gentibus

434 2037 761 2096 eunuchum
799 2033 1114 2101 Ethiopem
1146 2028 1478 2100 haptizasse.

513 2132 702 2186 Mundi
743 2143 891 2183 anno
922 2124 1084 2190 5540,
1104 2122 1313 2179 divina:
1337 2118 1739 2185 incarnationis
1764 2130 1911 2172 anno
1936 2113 2028 2181 ιο,

446 2227 642 2281 Petrus
685 2222 946 2295 princeps
973 2216 1375 2289 apostolorum,
1407 2211 1753 2267 Antiochena
1800 2206 2031 2262 fundata

436 2317 625 2388 :primo
663 2311 934 2377 Ecclesia,
971 2308 1200 2363 Romam
1240 2305 1416 2377 pergit
1447 2302 1791 2374 evangelium
1830 2297 2032 2370 praedi-

437 2419 696 2469 caturus,
746 2404 841 2459 uhi
874 2401 1088 2472 primus
1125 2413 1304 2470 usque
1343 2394 1409 2451 ad
1440 2394 1602 2455 linem
1645 2407 1805 2449 suum
1839 2389 2033 2445 Eccle-

442 2501 545 2556 siae
586 2496 827 2570 praefuit.
881 2494 1153 2550 Praeterea
1208 2489 1443 2560 primam
1496 2484 1786 2556 epistolam
1852 2495 2030 2547 suam,

440 2607 572 2664 qua:
605 2592 672 2645 de
706 2586 998 2644 catholicis
1040 2593 1145 2650 est,
1181 2598 1211 2637 a
1247 2579 1419 2635 Roma
1454 2578 1628 2643 misit,
1654 2585 1716 2631 ut
1760 2573 2033 2630 Eusebius

440 2682 667 2748 scribit,
709 2688 762 2736 et
813 2677 1059 2734 Marcum
1112 2665 1545 2747 evangelistam,
1602 2671 1697 2743 qui
1758 2679 1889 2723 tunc
1923 2665 2034 2720 Ro-

443 2773 631 2830 manis
674 2769 994 2843 petentibus
1037 2774 1375 2838 exposuerat
1412 2762 1779 2833 evangelium,
1811 2769 1871 2817 ttt
1907 2758 2033 2815 Cle-

444 2881 604 2921 mens
634 2872 690 2919 et
710 2862 903 2934 papias
925 2858 1377 2929 Hierapolitanus
1404 2854 1698 2926 episcopus
1720 2851 2032 2927 perhibent.

447 2954 554 3011 Alii
591 2970 726 3012 sane
757 2953 903 3007 hanc
943 2952 1011 3006 ab
1061 2948 1236 3020 Joppe
1268 2949 1497 3003 missam
1532 2946 1880 3002 existimant.
1917 2942 2035 2998 Hoc

445 3063 670 3120 quoque
721 3057 969 3117 tempore
1001 3042 1156 3098 Pauli
1214 3051 1269 3096 et
1303 3039 1432 3100 Silae
1489 3038 1595 3093 iter
1648 3038 1704 3093 in
1755 3035 1932 3092 Derbe
1980 3044 2036 3090 et

449 3142 663 3211 Lystris
715 3139 923 3208 agitur,
965 3138 1020 3189 in
1062 3131 1301 3205 Phrygia
1353 3147 1571 3202 quoque
1617 3145 1682 3184 ac
1743 3129 1952 3184 Isauria
1983 3137 2035 3183 et

448 3230 645 3285 Cilicia
676 3236 732 3283 et
762 3226 979 3282 Galatia
1016 3224 1182 3280 simul
1220 3232 1275 3278 et
1307 3220 1547 3277 Troade.
1575 3219 1733 3276 Pauli
1763 3234 1957 3274 rursus
1981 3226 2037 3274 et

451 3321 621 3378 Marci
640 3331 785 3387 acta,
811 3334 932 3390 quae
950 3316 1221 3387 Philippis
1241 3330 1304 3370 ac
1321 3312 1730 3370 Thessalonicae
1748 3322 1802 3367 et
1833 3311 2037 3367 Beroea

448 3429 691 3487 gessere,
730 3421 1050 3467 narrantur.
1104 3408 1308 3465 Paulus
1368 3409 1498 3461 item
1548 3404 1749 3476 Ephesi
1797 3413 1853 3460 et
1891 3404 2036 3465 Cen-

450 3507 659 3573 t-hreis,
689 3504 946 3561 Cat-saria:
991 3516 1213 3573 quoque
1241 3511 1296 3555 et
1327 3498 1657 3563 Antiochiae,
1694 3497 1749 3552 in
1796 3495 1952 3551 Italia
1983 3505 2035 3552 et

450 3600 687 3671 Phrygia
720 3597 1011 3653 laboravit.
1052 3592 1211 3649 Pauli
1263 3604 1451 3654 actus.
1492 3606 1633 3662 quos
1665 3589 1865 3660 Ephesi
1907 3604 2038 3660 pro-

454 3694 572 3765 prie
631 3691 828 3766 gessit.
881 3689 1122 3752 Paulus,
1172 3702 1295 3758 qua:
1328 3684 1544 3740 Troade
1584 3698 1649 3739 ac
1699 3683 1866 3738 Mileti
1914 3699 2036 3754 ges-

457 3787 552 3849 sit,
614 3783 869 3855 Ephesiis
915 3780 1348 3836 conmendavit.
1395 3779 1528 3844 Quae
1581 3778 1637 3831 in
1692 3775 2037 3833 Hierusalem

453 3897 485 3935 a
536 3877 741 3937 ludatis
810 3884 960 3947 gesta
1006 3860 1137 3931 sunt
1196 3881 1392 3928 contra
1455 3872 1713 3930 Paulum.
1770 3868 2038 3941 Paulique

453 3971 710 4026 Caesaris:
750 3978 943 4023 contra
978 3965 1212 4021 Felicem
1242 3974 1298 4019 et
1343 3964 1669 4020 Drusillam.
1700 3962 1837 4018 Item
1878 3961 2038 4016 Pauli

454 4080 578 4130 quae
606 4062 873 4119 Caesarea:
911 4061 1165 4132 gesserit,
1202 4058 1288 4113 vel
1317 4056 1491 4113 Judaei
1522 4058 1790 4115 adversus
1829 4054 2034 4126 ipsum.

453 4157 673 4211 Marcus
702 4152 1041 4223 evangelista
1072 4149 1310 4221 Egyplo
1340 4159 1393 4204 et
1422 4147 1770 4205 Alexandriae
1798 4145 2042 4203 salutare

457 4249 684 4304 verbum
716 4242 1146 4315 evangelizabat.
1167 4241 1523 4297 Antiochenae
1546 4239 1805 4297 Ecclesiae
1827 4240 2041 4313 primus

459 4344 755 4412 episcopus
798 4335 1043 4390 Euodius
1076 4334 1178 4387 t‘uit
1209 4334 1372 4389 anuis
1398 4333 1613 4406 viginti.

531 4432 715 4486 Mundi
746 4447 891 4484 anno
920 4427 1080 4495 55/40,
1111 4427 1309 4481 divinat
1338 4424 1739 4480 incarnationis
1759 4422 1849 4487 40,
1878 4420 2043 4477 Clau-

2206 1932 2393 1988 Mundi
2442 1950 2587 1991 anno
2628 1935 2803 1997 5553.
2854 1935 3072 1993 Nerone
3117 1937 3450 2007 imperante.
3496 1939 3721 1997 divinus

2132 2024 2181 2081 ei
2237 2025 2538 2096 Apostolus
2588 2029 2834 2085 secundo
2889 2038 2975 2086 est
3029 2039 3415 2101 praesentatus.
3471 2031 3724 2103 Denique

2134 2116 2314 2187 primo
2360 2132 2485 2173 cum
2532 2116 2680 2174 Nero
2726 2119 2915 2174 mitior
2952 2120 3131 2176 adhuc
3174 2136 3307 2194 erga
3345 2120 3720 2183 Christianum

2135 2208 2335 2279 dogma
2394 2218 2702 2280 teneretur,
2750 2212 2987 2271 audiens
3032 2214 3309 2273 rationem
3346 2215 3467 2288 ejus
3507 2216 3725 2273 dimisit

2136 2300 2526 2373 illum‘spiritu
2576 2303 2939 2375 dispensante
2986 2307 3056 2363 ad
3104 2307 3496 2380 perﬁciendam
3525 2309 3726 2381 praedi-

2137 2396 2438 2449 cntionem.
2495 2394 2752 2453 Secundo
2790 2413 2920 2455 vero
2954 2399 3075 2472 ipse
3114 2415 3175 2459 se
3203 2402 3501 2473 postulavit
3538 2417 3570 2458 a
3602 2403 3726 2460 Cae-

2136 2486 2282 2540 saria
2331 2485 2633 2543 Palaestinae
2681 2490 3010 2552 mittendum
3064 2493 3132 2551 ad
3189 2493 3481 2562 Caesarem,
3534 2502 3592 2551 et
3645 2494 3724 2551 ita

2136 2578 2357 2633 demum
2393 2577 2599 2634 Neroni
2630 2581 2808 2637 astitit
2837 2592 2891 2639 et
2922 2587 3248 2656 martyrium
3282 2588 3538 2656 sumpsit.
3566 2585 3724 2643 Unde

2134 2667 2310 2726 Judaei
2364 2685 2489 2726 cum
2518 2671 2790 2729 vidissent
2837 2674 2987 2745 quod
3027 2675 3086 2733 in
3116 2676 3267 2735 hunc
3318 2677 3552 2735 insidias
3575 2680 3724 2735 occi-

2139 2760 2305 2818 dendi
2336 2762 2604 2833 perlicere
2653 2765 3055 2836 nequivissent,
3085 2767 3157 2825 ad
3185 2767 3450 2827 Jacohum
3490 2768 3722 2829 fratrem

2140 2855 2357 2912 Domini
2386 2856 2769 2926 perimendum
2800 2861 3054 2919 conversi
3086 2870 3239 2918 sunt.

2210 2946 2395 3002 Mundi
2429 2963 2577 3007 anno
2610 2949 2777 3015 5565,
2804 2950 3007 3008 divinas
3034 2952 3436 3017 incarnationis
3462 2968 3609 3011 anno
3625 2954 3721 3019 65.

2138 3034 2285 3095 Nero
2321 3040 2578 3113 imperat,
2600 3043 2695 3113 qui
2720 3059 2889 3115 super
2916 3045 3103 3107 omnia
3134 3044 3439 3115 infortunia
3477 3063 3576 3107 sua
3607 3048 3725 3119 pri-

2145 3146 2289 3186 mam
2318 3142 2513 3188 contra
2538 3134 2890 3199 Christianos
2905 3139 3349 3208 persecutionem
3370 3140 3721 3205 monstravit,

2144 3240 2268 3279 cum
2308 3224 2566 3283 videlicet
2593 3226 2793 3287 Petrus
2821 3235 2879 3286 et
2907 3227 3116 3290 Paulus
3146 3230 3319 3286 divini
3355 3231 3592 3302 aposmli
3622 3246 3724 3302 pro

2139 3315 2362 3375 Christo
2393 3319 2641 3391 martyrii
2665 3327 2795 3379 sunt
2815 3336 2995 3394 agone
3021 3324 3297 3391 coronati,
3318 3339 3465 3380 unus
3495 3324 3716 3393 quidem

2140 3411 2401 3471 deorsum
2445 3413 2668 3485 capite.
2724 3424 2787 3471 ut
2839 3416 2961 3488 ipse
3002 3416 3108 3479 sibi
3160 3418 3347 3489 elegit,
3391 3433 3721 3488 suspensus,

2140 3504 2281 3561 alter
2312 3521 2445 3565 vero
2468 3509 2646 3577 capite
2674 3517 2869 3565 sancto
2900 3517 3215 3569 truncatus.
3243 3510 3319 3569 De
3346 3510 3552 3582 quibus
3587 3509 3722 3567 Ter—

2144 3598 2413 3657 tullianus
2440 3598 2722 3659 Romanus
2745 3601 2987 3673 scriptor
3011 3601 3125 3664 haec
3146 3602 3290 3671 inter
3310 3610 3494 3658 cetera
3520 3601 3719 3658 refert:

2141 3689 2242 3745 Hic
2292 3707 2416 3762 ergo
2451 3693 2793 3764 impugnator
2840 3693 2934 3753 Dei
2963 3695 3019 3748 in
3057 3695 3369 3763 primordiis
3401 3694 3721 3765 pra’dicatus

2141 3782 2197 3836 in
2237 3782 2606 3854 apostolorum
2641 3785 2933 3841 occisiones
2962 3787 3140 3841 elatus
3175 3795 3255 3843 est
3284 3803 3302 3841 :
3346 3803 3469 3841 nam
3516 3786 3723 3842 Paulus

2142 3873 2285 3944 apud
2318 3875 2501 3929 urbem
2529 3873 2752 3933 Romam
2786 3876 2960 3946 capite
2995 3884 3295 3945 truncatus,
3324 3875 3512 3935 Petrus
3546 3886 3724 3941 autent

2139 3966 2318 4023 eculeo
2361 3976 2438 4022 est
2485 3984 2794 4038 suspensus.
2836 3967 3013 4039 Quam
3066 3970 3354 4031 historiam
3404 3969 3720 4026 credibilem

2144 4057 2321 4112 reddit
2340 4055 2492 4113 Pauli
2514 4059 2771 4130 Petrique
2792 4059 3063 4126 narratio,
3082 4075 3203 4130 qua:
3221 4075 3393 4131 usque
3408 4061 3462 4115 in
3482 4076 3726 4132 praesens

2143 4149 2198 4204 in
2226 4149 2560 4208 coemeteriis
2587 4149 2701 4207 illic
2723 4150 2917 4222 positis
2945 4150 3236 4209 retinetur.
3255 4149 3354 4211 llis
3371 4152 3535 4206 etiam
3554 4149 3725 4206 Caius

2144 4241 2464 4308 historicus,
2509 4240 3072 4307 vir‘eeelesiasticus,
3112 4241 3320 4301 similia
3367 4241 3585 4305 scribit,
3628 4241 3724 4309 qui

2142 4349 2266 4389 cum
2313 4331 2624 4403 Zephyrino
2656 4334 2918 4404 episcopo
2954 4331 3203 4391 Romano
3239 4333 3505 4395 adversus
3530 4348 3727 4404 querno

2144 4425 2267 4480 dant
2308 4425 2600 4480 Proculum
2636 4414 3037 4501 Cataphrygem
3072 4423 3362 4494 dispmans
3393 4422 3572 4487 dicit:
3609 4422 3722 4494 Ego

461 4525 585 4580 llius
637 4525 870 4592 imperat
895 4562 910 4586 ,
968 4520 1143 4591 Agabi
1183 4517 1474 4589 prophetia
1518 4516 1662 4571 fame
1713 4532 1810 4588 per
1849 4516 2038 4572 orbem
2073 4540 2120 4599 υ
2147 4526 2351 4585 troptea
2378 4519 2744 4588 apostolorum
2775 4516 2963 4582 habeo,
2997 4533 3113 4587 quw
3143 4516 3419 4575 ostendam
3453 4534 3472 4573 :
3508 4518 3556 4573 si
3585 4518 3727 4573 enim

459 4616 600 4670 [acta
627 4615 956 4684 completur.
992 4608 1259 4667 Claudius
1294 4608 1443 4663 cives
1473 4606 1735 4661 Romanae
1760 4604 1917 4665 urbis
1947 4607 2042 4660 de-

461 4707 711 4763 scribens
741 4705 951 4759 invenit
990 4705 1171 4759 sexies
1204 4703 1353 4757 miIIe
1386 4694 1554 4755 millia
1593 4699 1720 4757 9H.

533 4798 721 4852 Mundi
754 4813 899 4851 anno
926 4796 1089 4861 5546,
1122 4796 1323 4850 ἀὶνὶῐιευ
1348 4793 1750 4849 incarnationis
1783 4805 1929 4846 anno
1951 4791 2042 4856 46,

465 4892 519 4945 in
557 4892 752 4944 diebus
800 4889 1130 4960 Azymorum
1183 4886 1531 4942 dissensione
1568 4884 1712 4939 facta
1746 4885 1800 4939 in
1846 4884 2047 4939 Hieru-

465 4984 634 5039 salem
668 4983 981 5037 conculcati
1012 4980 1157 5034 circa
1200 4991 1482 5048 portarum
1508 4977 1881 5034 exitusJudati
1921 4993 2047 5048 per-
2084 5004 2089 5009 -

463 5080 576 5133 iere
633 5077 783 5132 circa
837 5073 908 5129 '50
962 5074 1155 5130 millia.
1201 5071 1357 5127 Tunc
1406 5082 1460 5127 et
1505 5071 1648 5143 apud
1683 5071 2044 5125 Athenienses

462 5169 839 5241 suprascripta
865 5174 950 5221 est
990 5180 1109 5229 ara,
1140 5163 1328 5235 Ignoto
1359 5165 1476 5218 deo.

532 5257 738 5312 Justini
772 5253 1073 5326 philosophi
1102 5262 1150 5307 et
1189 5254 1468 5325 martyris,
1505 5255 1568 5308 dc
1605 5270 1845 5308 sermons
1873 5254 2047 5325 primo

467 5350 537 5404 ad
596 5348 926 5403 Antoninum
961 5346 1337 5421 imperatorem
1383 5360 1478 5413 pro
1510 5345 1857 5401 Christianis.
1921 5344 2049 5400 Post

467 5441 848 5497 ascensionem
885 5437 1099 5492 Domini
1128 5439 1179 5490 in
1203 5438 1342 5493 caelo
1367 5446 1776 5509 proposuerunt
1799 5437 2051 5495 humincs

467 5534 745 5588 daemones
778 5530 1048 5602 quosdam
1078 5531 1328 5585 dicentes
1368 5546 1428 5585 se
1458 5545 1581 5585 esse
1611 5529 1779 5597 deos;
1813 5531 1907 5601 qui
1941 5545 2049 5583 non

468 5626 645 5679 solum
686 5625 913 5680 minime
938 5622 1145 5694 repulsi
1180 5630 1309 5678 sunt
1337 5640 1365 5675 a
1402 5623 1576 5689 vobis,
1601 5624 1695 5687 sed
1728 5630 2053 5678 meruerunt

471 5720 726 5771 honores.
750 5713 1027 5770 Simonem
1052 5712 1344 5783 quemdam
1369 5716 1800 5778 Samaritanum,
1824 5713 1920 5783 qui
1949 5713 2054 5768 fuit

470 5807 540 5863 de
573 5807 801 5862 castello
837 5806 984 5876 quod
1018 5805 1308 5861 dicebatur
1343 5804 1511 5873 Gitio,
1540 5807 1632 5876 qui
1678 5806 1783 5862 sub
1824 5806 2055 5862 Claudio

2147 4610 2376 4671 volueris
2406 4626 2618 4689 pergere
2640 4611 2729 4668 ria
2757 4610 2927 4683 regali
2951 4626 3070 4681 qua:
3092 4610 3164 4667 ad
3207 4609 3523 4669 Vaticanum
3554 4609 3725 4674 ducit,

2148 4713 2241 4758 aut
2273 4704 2341 4763 ad
2373 4706 2514 4761 viam
2543 4705 2900 4769 Hosticnsem,
2937 4704 3168 4761 invenies
3200 4712 3398 4771 tropaea
3425 4717 3607 4757 eorum
3636 4701 3729 4771 qui

2147 4797 2284 4850 hanc
2322 4797 2665 4857 stabilierunt
2697 4795 3015 4855 Ecclesium.
3069 4794 3167 4851 His
3201 4807 3445 4849 consona
3492 4800 3548 4848 et
3594 4792 3727 4846 Dio-

2149 4887 2339 4961 nysius
2370 4888 2694 4949 Corinthius
2733 4888 2947 4953 scribit,
2983 4885 3236 4943 indicans
3269 4885 3419 4956 quod
3450 4899 3547 4956 per
3582 4882 3726 4940 idem

2149 4987 2364 5050 tempus
2396 4980 2742 5052 martyrizati
2779 4979 3027 5046 fuerunt,
3057 4978 3133 5035 ita
3161 4978 3353 5034 dicens
3381 4996 3397 5032 :
3430 4976 3532 5033 Sed
3560 4985 3610 5030 et
3636 4991 3727 5029 vos

2147 5071 2394 5129 habentes
2426 5074 2832 5144 commotionem
2880 5090 2914 5126 a
2949 5070 3111 5129 Petro
3136 5082 3188 5128 et
3216 5071 3397 5131 Paulo
3434 5069 3730 5141 plantatio-

2149 5181 2266 5219 nem
2304 5164 2561 5223 Romana:
2583 5175 2631 5220 et
2659 5165 3058 5223 Corinthiorum
3076 5164 3339 5223 Ecclesia:
3351 5162 3728 5235 conjunxistis.

2152 5255 2364 5315 Etenim
2401 5258 2561 5312 simul
2614 5257 2950 5318 advenientes
2998 5268 3047 5313 et
3099 5258 3155 5313 in
3202 5267 3391 5315 nostra
3430 5254 3735 5313 Corinthio-

2150 5367 2271 5404 rum
2337 5350 2560 5406 ecclesia
2622 5350 2915 5407 docuerunt
2957 5360 3007 5405 ct
3064 5366 3156 5420 per
3202 5366 3408 5409 omnem
3471 5348 3730 5411 Italiam,

2153 5454 2309 5514 atque
2349 5444 2401 5497 in
2456 5443 2556 5501 hac
2594 5444 2718 5497 urbe
2770 5445 2929 5498 simul
2981 5443 3226 5501 docentes
3273 5444 3435 5499 etiam
3477 5444 3733 5513 martyrio

2153 5553 2258 5592 uno
2310 5534 2592 5608 eodemque
2647 5544 2875 5605 tempore
2927 5536 3169 5590 coronati
3224 5545 3371 5591 sunt.
3418 5533 3731 5593 Secundum

2154 5629 2296 5684 idem
2336 5637 2553 5701 tempus
2600 5631 2705 5684 sub
2736 5628 2957 5685 Nerone
3006 5628 3284 5698 pollebant
3326 5625 3513 5682 Romae.
3562 5636 3736 5696 poeta:

2155 5720 2436 5785 Lucanus,
2473 5717 2726 5787 Ovidius,
2779 5701 3006 5790 satyriei
3054 5717 3340 5774 Iuvenalis
3383 5725 3440 5775 et
3484 5716 3731 5775 Pet-sius.

2159 5809 2476 5881 Senecaque
2532 5810 2800 5882 tragicus,
2854 5809 3143 5869 Musonius
3191 5819 3357 5883 atque
3404 5809 3736 5867 Plutarchus
