4088 6434
458 375 591 440 1197

1303 375 1673 438 HISTORIA
1713 372 2295 438 ECCLESIASTICA
2327 370 2431 434 EX
2464 372 2858 435 SYNCELLO.

3582 372 3717 439 1193

455 489 787 560 philosophi.
852 486 1225 545 Romanorum
1292 489 1553 545 Ecclesia:
1623 500 1746 560 post
1812 488 2037 544 Petrum
2077 490 2111 547 Δ
2142 483 2315 541 Nerva
2388 485 2471 541 vir
2534 484 2683 543 mitis
2756 485 3038 559 sapienter
3107 485 3396 557 imperium
3468 490 3720 545 modera-

454 598 730 636 summum
763 580 937 636 Linus
976 581 1193 636 exstitit
1228 583 1454 653 praesul.

531 671 710 726 Mundi
742 686 884 726 anno
920 671 1082 738 5565,
1111 673 1307 727 divinae
1338 672 1738 730 incarnationis
1768 688 1917 730 anno
1947 672 2038 740 65,

2145 585 2255 631 tur.

2215 665 2398 721 Mundi
2426 683 2572 723 anno
2605 665 2763 736 5590,
2792 668 2993 724 divinae
3020 669 3417 726 incarnationis
3454 670 3546 738 90,
3582 670 3722 726 Tra-

456 764 669 820 Nerone
700 764 936 835 turpiter
968 767 1078 819 vita
1107 766 1314 830 soluto,
1363 767 1629 836 septimus
1654 763 2041 836 Vespasianus
2138 759 2303 828 ianus
2332 761 2581 830 imperat.
2614 760 2805 818 Justus
2845 762 3183 818 Tiberiensis
3210 760 3434 820 Iudaeus
3479 765 3725 819 conscri-

455 873 485 912 a
536 858 804 912 militibus
850 857 994 927 apud
1046 856 1288 912 Judaeum
1322 858 1625 928 imperator
1664 856 2040 913 Romanorum

454 951 763 1021 appellatus
809 959 917 1005 est.
977 950 1137 1019 Apud
1180 947 1394 1004 italiam
1429 965 1563 1005 vero
1594 949 1768 1005 Galba
1806 948 2044 1005 Hiberia:

455 1050 656 1112 prator
686 1043 909 1096 veniens
939 1040 1169 1097 Bonnam
1205 1042 1438 1111 imperat
1470 1041 1753 1097 mensibus
1787 1049 2040 1111 septem;

453 1150 617 1203 quem
653 1135 794 1188 Otho
820 1150 968 1188 unus
1000 1149 1065 1187 ex
1099 1133 1411 1190 senioribus
1440 1133 1778 1189 interficiens
1810 1132 2045 1203 imperat

452 1221 644 1279 Romae
672 1224 958 1279 mensibus
987 1223 1164 1279 tribus
1190 1241 1205 1291 ;
1232 1239 1343 1293 quo
1374 1220 1627 1280 Vitellius
1650 1222 1839 1280 occiso
1870 1224 2042 1293 impe-

453 1326 542 1371 rat
585 1316 876 1371 mensibus
907 1325 1054 1370 octo.
1087 1313 1189 1370 Hie
1235 1314 1501 1370 Sabinum
1553 1313 1780 1371 fratrem
1832 1312 2044 1385 Vespa-

452 1408 598 1464 siani
652 1409 850 1462 timore
895 1408 951 1462 iu
998 1407 1336 1479 Capitolium
1379 1407 1680 1478 fugientem
1735 1410 1791 1463 in
1840 1408 2044 1479 templo

449 1499 608 1555 lovis
642 1499 879 1570 peremit
909 1509 961 1554 et
997 1501 1263 1567 templum
1301 1499 1597 1555 subvertit.
1629 1499 1834 1554 Verum
1868 1497 1986 1572 ipse
2012 1514 2042 1554 a

456 1590 769 1645 Domitiano
804 1590 1027 1659 juniore
1065 1587 1398 1660 Vespasiani
1435 1589 1547 1645 tilio
1576 1591 1833 1662 protinus
1867 1591 2038 1646 inter-

452 1686 633 1739 fectus
656 1691 760 1740 est.
785 1682 913 1739 'l'ito
936 1698 1179 1754 namque
1204 1684 1426 1738 seniore
1449 1682 1561 1738 lilio
1592 1687 1661 1737 ad
1686 1682 2042 1754 debellandos

451 1777 674 1834 Iudaeos
728 1776 1019 1842 derelicto,
1070 1775 1447 1847 Vespasianus
1488 1776 1544 1831 in
1598 1775 1863 1832 Graciam
1892 1776 2043 1830 venit

2110 896 2114 902 λ
2144 858 2268 921 ptor
2295 852 2637 921 agnoscitur.
2671 850 3047 910 Tertullianus
3078 855 3340 912 historice
3392 866 3579 913 narrat
3610 856 3724 912 Pli-

2144 943 2293 996 nium
2325 942 2639 1000 Secundum
2669 946 3033 1016 quarumdam
3073 948 3484 1017 provinciarum
3535 962 3725 1016 gerere

2143 1034 2514 1103 prtesidatum,
2560 1044 2613 1092 et
2641 1044 2819 1093 morte
2852 1038 3121 1108 plurimos
3161 1037 3299 1094 allici
3352 1037 3724 1106 Christianos,

2144 1138 2310 1193 super
2331 1125 2532 1195 quibus
2562 1128 2823 1187 haesitans
2860 1128 2994 1202 quid
3017 1138 3166 1186 esset
3199 1130 3494 1201 agendum,
3533 1129 3727 1201 Traja-

2144 1230 2216 1271 no
2255 1219 2497 1288 suggerit
2529 1220 2605 1274 nil
2623 1235 2719 1276 eos
2742 1230 2918 1278 morte
2947 1238 3139 1293 gerere
3161 1222 3412 1297 dignum,
3447 1223 3557 1280 nisi
3579 1224 3724 1294 quod

2145 1305 2306 1363 idolis
2340 1324 2447 1365 non
2467 1309 2818 1367 immolarent
2846 1313 3191 1370 etChristum
3216 1313 3381 1373 veluti
3398 1313 3571 1373 Deum
3599 1321 3729 1372 ante

2145 1398 2324 1453 lucem
2367 1412 2658 1471 surgentes
2699 1392 3009 1472 laudarent,
3056 1422 3086 1461 a
3124 1409 3283 1466 malis
3323 1413 3580 1467 omnibus
3632 1415 3727 1467 ab-

2144 1489 2436 1548 stinentes.
2478 1494 2559 1547 Ad
2592 1511 2756 1564 quem
2792 1493 3067 1567 Trajanus
3094 1499 3348 1555 rescribit
3374 1499 3727 1558 Christianos

2148 1583 2472 1642 nullatenus
2511 1589 2895 1658 inquirendos.

2214 1673 2401 1730 Mundi
2442 1692 2585 1734 anno
2617 1681 2780 1748 5596,
2808 1682 3009 1738 divina:
3039 1683 3439 1744 incarnationis
3468 1702 3614 1744 anno
3632 1687 3725 1756 96,

2141 1765 2403 1824 Joannem
2447 1771 2762 1843 deiloquum
2794 1782 2848 1829 et
2897 1777 3206 1847 apostolum
3248 1778 3486 1836 irenteus
3528 1788 3583 1835 et
3633 1781 3728 1836 alii

450 1872 722 1944 gaudens,
753 1876 813 1924 ut
854 1868 1028 1924 Graeci
1065 1870 1329 1935 fatentur,
1366 1870 1420 1924 in
1457 1869 1544 1923 his
1573 1883 1696 1940 quae
1725 1866 1983 1924 audiebat
2009 1882 2040 1921 a
2073 1854 2112 1907 Β
2141 1860 2391 1916 scribunt
2412 1866 2763 1933 superstitem
2789 1883 2965 1938 usque
2988 1868 3056 1924 ad
3083 1877 3328 1939 tempora
3356 1872 3730 1942 permansisse

452 1946 729 2030 Tyanensi
760 1957 1055 2027 Apollonio
1082 1957 1148 2012 de
1176 1964 1427 2028 tempore
1469 1958 1687 2027 imperii
1728 1972 1794 2012 ac
1825 1958 2043 2013 caeteris

451 2051 618 2105 bonis
666 2049 941 2113 fortioris,
969 2049 1205 2118 loquens
1240 2063 1369 2105 cum
1419 2064 1487 2105 eo
1530 2051 1675 2120 apud
1716 2048 2038 2123 Egyptum,

454 2141 527 2196 ab
576 2140 727 2196 Indis
788 2148 846 2196 et
899 2140 1262 2196 Braclimanis
1303 2155 1368 2196 ac
1418 2141 1887 2213 gymnosophistis
1931 2140 2044 2196 illic

451 2232 781 2302 degentibus
818 2231 1107 2286 redeunte.
1145 2230 1280 2287 Cum
1320 2247 1454 2303 ergo
1500 2231 1745 2286 venisset
1773 2232 1830 2286 in
1864 2229 2044 2287 Hella-

454 2324 602 2384 dem,
629 2323 774 2391 cepit
805 2322 1028 2394 refugas
1058 2323 1330 2378 civitates.
1370 2319 1616 2393 Denique
1650 2321 1878 2378 Romam
1912 2338 2044 2388 pro-

456 2417 638 2472 fectus
665 2415 957 2484 imperavit
996 2421 1217 2478 ornate,
1248 2412 1456 2470 Neroni
1505 2414 1796 2481 resistens,
1823 2422 1878 2470 et
1911 2414 2044 2469 sub-

456 2512 696 2567 stantias
727 2525 793 2565 ac
814 2509 941 2578 jura
973 2523 1244 2565 revocans
1277 2506 1456 2563 urbis.
1528 2520 1532 2525 ’

525 2603 712 2658 Mundi
742 2618 887 2656 anno
926 2600 1089 2668 5566,
1111 2601 1313 2655 divina:
1349 2598 1750 2655 incarnationis
1779 2613 1926 2653 anno
1949 2598 2038 2665 66,

455 2691 768 2747 Antiochiae
789 2691 1038 2761 lgnatins
1063 2689 1366 2759 episcopus
1389 2688 1564 2744 deil'er
1592 2687 1848 2744 habetur.
1872 2687 2043 2757 Igitur

458 2787 676 2856 primus
706 2783 1136 2853 alienigenarum
1167 2796 1263 2836 rex
1288 2777 1604 2835 Iudaeorum
1636 2778 1886 2835 Herodes
1915 2778 2040 2844 fuit,

452 2878 553 2947 qui
591 2890 794 2946 pueros
854 2872 1157 2935 interfecit,
1197 2872 1361 2929 annis
1397 2872 1504 2940 57;
1553 2872 1860 2927 Archelaus
1896 2870 2043 2927 illius

455 2967 580 3040 ejus
603 2968 767 3022 annis
787 2966 855 3027 9;
883 2966 1131 3020 Herodes
1154 2964 1325 3020 frater
1338 2963 1461 3034 ejus
1483 2963 1643 3018 annis
1658 2964 1760 3031 24;
1780 2962 2040 3034 Agrippa,

450 3061 551 3129 qui
582 3068 636 3114 et
665 3056 933 3123 Herodes,
978 3057 1125 3112 illius
1175 3055 1431 3121 Herodis,
1461 3058 1556 3126 qui
1588 3070 1715 3110 esca
1760 3056 2043 3112 vermibus

456 3164 544 3207 σει
572 3149 772 3216 factus,
808 3151 970 3204 annis
996 3150 1065 3216 ἰς
1106 3149 1345 3219 Agrippa
1379 3149 1525 3204 tilius
1555 3148 1702 3217 ejus,
1733 3149 1829 3219 qui
1865 3148 2045 3203 minor

449 3244 769 3306 dicebatur,
796 3242 957 3298 annis
978 3242 1090 3309 25;
1121 3241 1189 3295 ad
1215 3257 1378 3312 quem
1410 3256 1591 3311 usque
1618 3240 1689 3294 ab
1714 3239 2044 3311 alienigenis

450 3332 738 3391 detentum
773 3350 1002 3404 regnum
1030 3332 1349 3390 Judaeorum
1380 3333 1703 3405 perduravit
1732 3345 1908 3389 annos
1938 3332 2044 3389 l00

457 3445 488 3482 a
515 3428 695 3499 primo
717 3425 961 3481 Herode.

528 3519 716 3574 Mundi
741 3533 887 3573 anno
917 3516 1081 3579 5575,
1124 3514 1324 3571 divina:
1355 3515 1758 3572 incarnationis
1783 3530 1928 3571 anno
1950 3514 2041 3581 75,

453 3608 730 3667 Vesuvius
771 3622 931 3664 mons
978 3609 1084 3663 sub
1126 3605 1254 3662 Tito
1300 3605 1624 3677 Vespasiani
1684 3606 1798 3662 tilio
1832 3607 1888 3661 in
1916 3620 2044 3661 ver-

456 3704 563 3757 tice
609 3702 820 3758 scissus
866 3701 1047 3770 ignem
1098 3697 1301 3760 emisit,
1338 3698 1477 3755 adeo
1533 3706 1593 3753 ut
1661 3699 2046 3755 incenderetur

457 3792 724 3861 adjacens
752 3789 904 3859 regio
929 3803 1054 3843 cum
1089 3787 1428 3843 civitatibus.
1488 3787 1834 3844 Domitianus
1872 3786 2044 3842 eunu-

457 3883 663 3938 chisari
712 3882 859 3935 viros
896 3878 1092 3950 jussit,
1121 3885 1177 3933 et
1220 3894 1447 3935 uxorem
1491 3879 1803 3949 nuncupari
1854 3885 2043 3950 Augu-

460 3982 641 4030 stam:
668 3975 761 4043 qui
809 3981 930 4042 pust
973 3971 1244 4028 Neronem
1276 3972 1556 4029 secundus
1606 3973 2043 4042 persecutionem

456 4066 651 4121 intulit
678 4065 1032 4131 Christianis;
1063 4081 1301 4135 quorum
1338 4065 1498 4120 multi
1559 4065 1828 4137 martyrio
1884 4080 2047 4121 con-

457 4160 578 4215 mti
614 4169 766 4222 sunt,
796 4168 860 4215 ut
892 4160 1112 4216 Bretius
1137 4162 1332 4217 scribit
1359 4178 1374 4227 ;
1441 4160 1582 4215 inter
1614 4172 1755 4230 quos
1784 4170 1838 4215 et
1862 4158 2048 4214 Flavia

462 4253 766 4318 “auricilla,
798 4253 1132 4309 consobrina
1164 4251 1466 4309 Clementis
1503 4250 1677 4306 Flavii
1705 4252 2045 4315 consularis,

464 4358 524 4403 ut
548 4347 865 4404 Christiana
899 4346 1140 4416 fugatur,
1168 4346 1394 4415 ipseque
1412 4344 1669 4401 Clemens
1697 4361 1796 4416 pro
1825 4343 2048 4401 Christo

464 4439 768 4511 perimitur.
837 4435 1015 4507 Hujus
1078 4446 1260 4491 autem
1321 4435 1637 4505 Stephanus
1698 4435 1925 4505 quidam
1979 4450 2048 4490 ex

2145 1952 2390 2022 Trajani,
2429 1969 2555 2011 cum
2582 1957 2785 2028 quibus
2823 1957 3026 2029 Papias
3074 1958 3521 2031 llieropolitanus
3542 1970 3595 2019 et
3622 1961 3724 2018 Po-

2146 2049 2404 2120 lycarpus
2448 2050 2698 2122 Smyrnae
2729 2048 3025 2123 episcopus
3051 2051 3336 2111 auditores
3384 2053 3506 2126 ejus
3551 2053 3728 2114 fuisse

2145 2151 2477 2197 noscuntur.

2216 2231 2403 2287 Mundi
2461 2247 2605 2288 anno
2665 2230 2827 2298 5600,
2881 2232 3083 2288 divinae
3134 2233 3534 2292 incarnationis
3579 2252 3727 2293 anno

2146 2324 2474 2390 centesimo,
2504 2322 2782 2394 Trajanus
2814 2322 2979 2395 Lysia
3006 2324 3210 2391 Quinto
3241 2322 3462 2382 Iudaeus
3490 2342 3522 2381 a
3548 2327 3721 2385 Meso-

2155 2416 2401 2480 potamia
2428 2416 2731 2472 seditiones
2753 2415 3024 2473 facientes
3050 2416 3219 2486 jussit
3250 2417 3478 2475 auferri.
3535 2421 3606 2475 At
3636 2421 3729 2477 ille

2144 2508 2394 2579 pluribus
2405 2506 2434 2562 J
2440 2508 2661 2564 udaeorn
2671 2523 2720 2561 m
2743 2508 2986 2565 millibus
3005 2510 3295 2568 trucidatis
3310 2527 3515 2583 pressa
3528 2511 3733 2570 Judaea:

2143 2609 2431 2671 propterea
2459 2600 2837 2657 constituitur.

2214 2692 2401 2749 Mundi
2434 2709 2581 2749 anno
2598 2692 2758 2760 5609,
2775 2693 2975 2753 divinae
3005 2694 3405 2753 incarnationis
3435 2711 3580 2752 anno
3597 2695 3728 2766 109,

2144 2781 2327 2840 Elius
2349 2784 2624 2840 Adrianus
2658 2784 2960 2854 imperans,
3016 2784 3299 2853 Quadrato
3350 2786 3731 2857 apostolorum

2144 2873 2385 2930 auditori
2413 2884 2469 2930 et
2490 2874 2716 2930 Aristidi
2751 2875 3078 2933 Atheniensi
3101 2878 3428 2948 phil050pho
3450 2893 3549 2947 pro
3570 2877 3732 2933 Chri-

2146 2967 2341 3024 stianis
2380 2966 2486 3023 sibi
2520 2967 2924 3034 scribentibus,
2962 2984 3180 3025 necnon
3208 2977 3264 3025 et
3309 2967 3578 3024 Serennio
3612 2971 3731 3023 cla-

2147 3058 2370 3114 rissimo
2400 3057 2527 3114 duci
2570 3058 2837 3115 scribenti
2884 3059 3153 3130 injustum
3213 3061 3331 3116 fore
3363 3060 3484 3116 sine
3521 3059 3733 3132 judicio

2145 3148 2500 3206 Christianos
2533 3149 2737 3213 occidi,
2777 3151 2973 3206 scribit
3030 3150 3264 3209 Minutio
3316 3149 3547 3207 Funano
3601 3167 3733 3223 pro-

2152 3241 2366 3303 consuli
2396 3241 2541 3299 Asiae
2594 3242 2877 3297 neminem
2919 3242 3288 3299 occidendum
3324 3259 3436 3300 non
3482 3253 3735 3301 exstante

2152 3342 2476 3388 accusatore
2510 3339 2565 3387 et
2600 3332 2853 3390 crimine.

2223 3420 2413 3477 Mundi
2468 3436 2617 3476 anno
2645 3422 2814 3489 5621,
2873 3422 3075 3478 divinae
3125 3423 3527 3480 incarnationis
3585 3438 3735 3479 anno

2152 3514 2277 3579 121,
2311 3512 2620 3569 Hadrianus
2642 3514 2783 3586 apud
2833 3513 3074 3573 Athenas
3107 3524 3375 3580 moratur,
3402 3514 3515 3571 illic
3537 3515 3737 3571 biblio-

2145 3594 2343 3662 lhecas
2371 3607 2684 3662 constituit.
2741 3605 2947 3662 Judaeis
2988 3623 3120 3662 vero
3152 3609 3391 3680 pessima
3425 3616 3577 3667 sorte
3627 3623 3734 3679 pu-

2152 3697 2284 3753 nitis
2313 3697 2514 3753 bellum
2553 3699 2699 3771 quod
2729 3698 2998 3755 adversus
3043 3699 3169 3755 illos
3217 3699 3531 3770 agitabatur
3570 3698 3735 3756 tinem

2150 3789 2364 3857 habuit,
2391 3790 2608 3846 excidio
2642 3788 3037 3863 Hierosolymis
3093 3790 3399 3847 novissime
3448 3792 3736 3857 desolatis,

2154 3883 2227 3936 ila
2259 3890 2320 3938 ut
2354 3897 2452 3939 nec
2512 3881 2652 3954 lapis
2719 3898 2890 3956 super
2946 3883 3207 3954 lapidem,
3264 3883 3570 3939 secundum
3595 3884 3736 3941 divi-

2152 3990 2282 4029 nam
2311 3990 2521 4043 vocem,
2555 3975 2627 4030 sit
2672 3975 2731 4029 in
2770 3990 2834 4029 ea
2867 3975 3118 4032 relictus.
3174 3974 3277 4029 Per
3325 3974 3471 4030 idem
3519 3982 3735 4045 tempus

2156 4066 2502 4122 Pbavorinus
2536 4075 2592 4123 et
2635 4065 2872 4122 Palaemo
2899 4066 3149 4122 rhetores
3212 4066 3478 4136 insignes,
3517 4081 3732 4122 necnon

2154 4166 2210 4214 et
2240 4155 2488 4214 Herodes
2520 4157 2873 4217 Atheniensis
2902 4165 2958 4213 et
3002 4157 3219 4212 Marcus
3277 4155 3574 4227 Byzantius
3608 4155 3736 4211 rhe-

2156 4257 2305 4303 tores
2331 4246 2693 4306 habebantur.
2753 4244 2926 4301 Porro
2984 4256 3107 4315 post
3166 4244 3366 4315 Joseph
3413 4243 3733 4317 Hierosoly-

2154 4355 2370 4395 morum
2400 4338 2570 4394 Judas
2593 4338 2878 4392 ordinatur
2914 4337 3231 4409 episcopus,
3259 4335 3328 4389 ad
3357 4335 3515 4406 cujus
3532 4351 3736 4391 secun-

2155 4430 2286 4485 dum
2323 4445 2529 4485 annum
2564 4428 2936 4494 perduravere
2965 4441 2997 4482 e
3044 4425 3472 4482 circumcisione
3492 4425 3738 4496 episcopi

465 4529 705 4595 libertis,
738 4528 892 4583 circa
950 4526 1289 4582 Clementem
1328 4528 1613 4582 dominum
1643 4543 1802 4581 suum
1843 4529 2048 4585 altioris
2079 4553 2127 4611 Β
2158 4523 2245 4578 15.
2284 4524 2400 4579 Sub
2427 4536 2537 4594 quo
2577 4522 2828 4579 videlicet
2862 4519 3163 4591 perfectum
3195 4526 3251 4574 et
3291 4529 3596 4574 extremum
3651 4518 3736 4572 fa-

463 4616 661 4674 aﬂ'ectu
718 4617 998 4684 detentus,
1053 4617 1274 4673 insidiis
1343 4616 1711 4671 Domitianum
1756 4620 1987 4688 peremit
2032 4634 2048 4684 ;

460 4711 611 4767 unde
637 4713 845 4766 honore
873 4726 904 4764 a
941 4718 1133 4766 senatu
1158 4710 1358 4781 dignus
1384 4708 1611 4766 effectus
1632 4720 1737 4777 est,
1762 4727 1827 4766 eo
1848 4712 1989 4782 quod
2019 4726 2050 4766 a

466 4804 705 4861 nissime
725 4805 870 4859 malo
900 4803 1181 4858 Romanos
1211 4803 1447 4858 eruerit.
1847 4814 1864 4827 '

519 4888 723 4949 ’Μυηάί
755 4909 902 4950 anno
931 4894 1094 4957 5578,
1118 4895 1320 4948 divinae
1346 4893 1747 4949 inearnatienis
1782 4909 1928 4948 anno
1959 4893 2049 4957 78,

463 4994 696 5056 quartus
731 4994 855 5054 post
900 5000 1176 5041 summum
1224 4985 1445 5039 Petrum
1476 4984 1666 5038 Romae
1713 4993 1909 5053 praeest
1945 4985 2052 5041 Ec-

459 5076 649 5133 clesia
667 5075 944 5142 Clemens,
978 5075 1145 5144 cujus
1177 5083 1231 5129 et
1256 5073 1551 5144 Apostolus
1604 5074 1658 5128 in
1696 5075 1941 5145 Epistola
1983 5075 2050 5129 ad

463 5168 850 5239 Philippense:
897 5168 1140 5231 secunda
1183 5167 1435 5221 meminit
1472 5167 1707 5223 dicens:
1744 5166 1879 5222 Cum
1932 5165 2053 5221 Cle-

465 5272 639 5318 mente
669 5273 722 5317 et
766 5263 973 5317 caeteris
1022 5260 1451 5328 communibus
1510 5260 1662 5324 meis,
1692 5276 1917 5330 quorum
1958 5276 2051 5313 na-

464 5355 758 5409 minasuut
788 5355 844 5408 in
866 5354 1007 5411 libro
1035 5353 1176 5406 vita.
1232 5352 1406 5420 Hujus
1448 5353 1687 5422 Epistula
1753 5354 1925 5405 fertur
1980 5351 2049 5405 ad

460 5444 789 5500 Corinthios
822 5445 1020 5506 missa,
1053 5456 1217 5512 quam
1248 5451 1361 5496 tota
1392 5442 1610 5512 recipit,
1645 5451 1703 5496 ut
1746 5441 2049 5513 Egcsippus

466 5543 738 5597 testatur,
797 5533 1067 5593 Ecclesia.
1113 5533 1300 5587 Romae
1353 5546 1575 5602 quoque
1631 5533 1738 5588 sub
1797 5532 2050 5587 Evaristo

464 5640 605 5695 papa
630 5624 900 5683 divinitus
930 5625 1087 5694 signa
1136 5623 1331 5688 multa,
1368 5633 1423 5679 et
1479 5639 1576 5693 per
1627 5632 1803 5678 totum
1836 5625 2046 5688 orbem,

463 5717 659 5772 cili-ctu
694 5724 843 5772 sunt.

541 5808 725 5864 Mundi
798 5824 943 5863 anno
994 5807 1173 5871 E589,
1226 5806 1424 5861 divinae
1482 5805 1886 5863 incarnationis
1954 5805 2047 5872 89,

2154 4625 2301 4670 ctum
2321 4622 2408 4671 est
2428 4614 2667 4670 civitatis
2695 4621 2750 4667 et
2797 4611 3041 4667 nationis
3079 4609 3395 4667 Iudaeorum
3434 4610 3732 4666 excidium.

2155 4708 2297 4782 Ergo
2332 4711 2544 4780 primus
2566 4723 2634 4763 ex
2662 4707 2919 4778 gentibus
2949 4704 3168 4761 Marcus
3199 4704 3302 4758 fuit
3324 4703 3738 4774 Hierosolymo-

2155 4819 2275 4858 rum
2311 4803 2609 4871 episcopus
2639 4798 2799 4853 annis
2828 4798 2883 4853 8.

2227 4891 2415 4948 Mundi
2444 4905 2589 4946 anno
2616 4889 2778 4957 5650,
2798 4887 3413 4944 divinaeincarnationis
3435 4902 3580 4941 anno
3610 4886 3737 4949 150,

2157 4982 2221 5036 Τ.
2262 4981 2578 5036 Antoninus
2600 4988 2974 5045 cognomento
3008 4976 3143 5033 Pius
3168 4993 3294 5034 eum
3330 4977 3455 5032 (iliis
3481 4978 3734 5046 imperat.

2152 5073 2405 5129 Justinus
2435 5071 2794 5142 philosophus
2824 5084 2924 5142 pro
2955 5069 3091 5124 recti
3119 5067 3392 5123 sermonis
3437 5067 3612 5123 nostri
3648 5080 3739 5118 ra-

2150 5167 2301 5220 tione
2336 5165 2536 5220 librum
2563 5163 2968 5233 apologeticum
3001 5162 3280 5216 Antonino
3334 5161 3598 5230 porrexit.
3632 5158 3736 5211 l‘er

2154 5268 2401 5329 tempora
2428 5270 2561 5313 sane
2596 5254 2796 5328 Hygini
2824 5263 2876 5309 et
2908 5252 2988 5308 Pii
3026 5253 3405 5307 Romanorum
3446 5252 3735 5323 episcopo-

2155 5365 2274 5405 rum
2298 5360 2474 5419 usque
2505 5346 2574 5402 ad
2599 5349 2887 5402 Anicetum
2910 5343 3238 5400 Valentinus
3269 5352 3325 5399 et
3346 5342 3523 5399 Cerdo
3541 5352 3736 5397 aucto-

2155 5461 2244 5501 res
2276 5440 2570 5499 Harcionis
2604 5441 2877 5496 haereseos
2908 5438 3053 5509 apud
3075 5437 3266 5493 urbem
3294 5436 3523 5495 Romam
3564 5435 3736 5494 fuisse

2155 5543 2481 5592 noscuntur.
2554 5532 2823 5587 Arrianus
2878 5529 3239 5601 philosOphus
3295 5526 3736 5583 Nicomediensis

2152 5637 2358 5700 praetor
2420 5625 2766 5697 agnoscitur,
2830 5637 3046 5678 necnon
3082 5630 3135 5677 et
3192 5620 3462 5675 Maximus
3510 5619 3734 5692 Tyrius,

2151 5718 2480 5788 Apollonius
2512 5716 2760 5780 Stoicus,
2817 5712 3250 5776 Chalcedonius.
3292 5712 3564 5767 Basilides
3600 5710 3737 5782 Scy-

2155 5808 2551 5877 thopolitanus.
2602 5802 2697 5861 lsti
2731 5805 2894 5858 etiam
2929 5802 3173 5873 magistri
3195 5801 3479 5857 Verissimi
3505 5797 3739 5855 Caesaris
