4088 6478
388 329 523 393 11υ9

1462 322 1880 386 .ANASTASII
1922 319 2547 385 BIBLIOTHECARII

3519 323 3649 388 1200

383 443 739 500 exstiterunt.
794 438 1281 510 Criscuscynicus
1323 435 1688 510 philosophus
1742 435 1962 491 Justino
1988 438 2042 499 Α
2067 435 2347 495 Macrinus
2371 436 2516 494 filius
2541 436 2839 494 Caracalla:
2859 444 3017 508 patre
3058 436 3249 496 occiso
3274 438 3445 495 sumit
3475 437 3649 511 impe-
3684 500 3697 511 _

383 536 572 591 divino
619 533 949 606 philosopho
999 540 1192 587 nostro
1230 529 1494 602 jmartyrii
1538 537 1772 584 mortem
1830 543 1966 584 con-

383 627 607 692 struxit,
642 626 971 697 redargutus
1001 624 1070 679 ab
1103 639 1170 678 eo
1195 622 1378 677 canini
1415 623 1672 679 latratus.

432 718 639 773 ‘Muudi
669 733 815 773 anno
846 716 1008 781 5640,
1034 714 1233 772 divinae
1253 715 1651 770 incarnationis
1674 713 1962 781 annouo,

384 810 515 866 Pius
550 808 1168 865 Romanus’habebatur
1198 807 1510 878 episcopus,
1540 808 1645 862 sub
1667 823 1777 878 quo
1801 806 1969 879 Poly-

385 916 586 974 carpus
620 902 805 957 Romae
826 903 1027 956 multos
1060 900 1285 955 reduxit
1314 901 1383 954 ab
1416 899 1635 953 haeresi.

454 995 639 1050 Mundi
689 1009 836 1048 anno
869 992 1047 1058 ‘5653,
1103 991 1305 1048 divinae
1346 991 1770 1048 “incarnationis
1820 1008 1968 1049 anno

386 1085 507 1152 l53,
542 1084 1205 1157 'Poiycarpus‘Smyrnte
1251 1098 1423 1139 'sacer
1491 1084 1791 1155 episcopus
1864 1099 1969 1155 pro

384 1179 604 1236 Christo
626 1179 910 1250 ‘martyrio
964 1176 1334 1242 consumitur,
1365 1193 1490 1231 cum
1534 1178 1865 1246 imperarent
1895 1175 1966 1231 M.

383 1270 639 1327 Aurelius
656 1269 999 1334 ‘Antoninus,
1031 1271 1125 1338 qui
1153 1267 1425 1332 etVerus,
1451 1266 1971 1338 'Luciusque‘Aure-

385 1364 493 1419 lius
523 1360 964 1418 ct'Commodus.
994 1357 1166 1414 ‘Multi
1200 1375 1420 1430 quoque
1467 1360 1612 1431 apud
1649 1359 1855 1416 Gallias
1891 1362 1970 1414 le-

385 1457 572 1528 gitime
605 1464 703 1526 pro
731 1454 956 1510 Christo
987 1460 1362 1520 certaverunt,
1426 1462 1662 1523 quorum
1686 1453 1970 1523 passiones

387 1550 607 1618 scriptae
642 1556 777 1602 sunt
823 1546 877 1598 in
919 1543 1183 1599 memoria
1219 1552 1588 1613 posterorum.
1628 1540 1971 1597 ‘Melito‘Sar-

387 1640 733 1696 diancnsium
779 1637 964 1709 Lydia:
987 1637 1286 1706 episcopus
1330 1635 1587 1706 pollebat,
1623 1635 1716 1706 qui
1750 1635 1967 1690 librum

388 1734 787 1805 apologeticum
846 1746 944 1801 pro
990 1730 1320 1784 Christianis
1373 1730 1653 1784 Antonino
1702 1730 1965 1800 porrexit.

2072 539 2241 579 rtum.

2139 615 2323 672 Mundi
2355 631 2501 672 anno
2522 617 2682 685 5710,
2711 616 2910 675 divina:
2935 619 3331 677 incarnationis
3359 635 3507 677 anno
3520 621 3646 688 em,

2070 707 2331 765 Callistus
2352 709 2644 782 episcopus
2678 710 2938 766 Romanae
2961 724 3161 784 praeest
3181 710 3456 780 Ecclesiae,
3479 715 3654 770 Anto-

2072 802 2240 858 ninus
2273 801 2533 858 Aurelius
2554 805 2806 875 imperat.

2140 892 2330 951 Mundi
2349 896 2666 963 ann05715,
2694 897 2892 953 divina:
2922 898 3322 955 incarnationis
3354 914 3499 954 anno
3521 899 3651 964 215,

2071 982 2331 1043 Urbanus
2389 989 2684 1060 episcopus
2731 988 3039 1046 Romanum
3106 991 3248 1062 gerit
3287 990 3652 1062 pontificium,

2073 1076 2387 1134 Alexander
2465 1079 2702 1136 Mamaeae
2769 1082 2914 1137 ﬁlius
2991 1082 3241 1153 imperat.
3326 1080 3650 1154 Hippolytus

2074 1166 2374 1236 Rullianus,
2419 1170 2714 1241 episcopus
2757 1170 3171 1228 sacratissimus
3226 1171 3453 1239 Portus,
3496 1174 3657 1231 valde

2072 1256 2273 1314 decore
2290 1258 2481 1316 ‘ﬂoruit
2514 1263 2570 1317 in
2596 1263 2942 1335 philosophia
2969 1280 3093 1336 quae
3138 1264 3443 1321 secundum
3496 1264 3658 1322 Chri-

2074 1363 2219 1410 stum
2257 1363 2365 1422 est,
2434 1357 2719 1428 multaque
2751 1358 2950 1414 animae
3018 1357 3306 1431 profutura
3343 1360 3657 1429 composuit

2074 1459 2449 1519 monumenta,
2477 1461 2585 1508 tam
2615 1454 2825 1511 scilicet
2858 1455 2915 1510 in
2947 1455 3251 1511 Exameron
3281 1457 3411 1512 etin
3442 1470 3504 1512 ea
3535 1471 3658 1527 qua:

2072 1542 2526 1610 postExameron
2554 1556 2704 1610 sunt,
2742 1546 2800 1602 in
2839 1546 3007 1602 multa
3040 1548 3206 1602 etiam
3247 1547 3654 1619 prophetarum

2075 1646 2129 1689 et
2153 1636 2391 1692 maxime
2417 1635 2724 1695 Ezechielis
2753 1647 2808 1695 et
2844 1637 3122 1708 Danielis;
3145 1639 3279 1712 quin
3302 1648 3357 1696 et
3382 1640 3438 1695 in
3458 1640 3651 1696 Canti.

2077 1743 2140 1783 ca
2174 1729 2517 1785 canticorum
2540 1739 2595 1786 et
2622 1731 2676 1786 in
2709 1731 2848 1788 alias
2882 1731 3130 1788 diversas
3161 1741 3656 1789 veteres-etnovas

389 1793 684 1899 Dionysum
712 1793 966 1880 Corinthi
1014 1823 1328 1892 episcopus,
1369 1822 1452 1877 vir
1483 1837 1664 1889 sacer,
1704 1837 1966 1893 agnosce-
1990 1793 2041 1849 Β
2075 1818 2425 1892 Scripturas;
2478 1821 2687 1878 interea
2717 1823 2881 1879 etiam
2904 1824 2958 1878 in
2991 1824 3358 1896 Apocalypsin
3390 1825 3652 1897 theologi,

386 1923 567 1977 batur.
621 1917 1064 1973 Christianorum
1096 1915 1443 1972 orationibus
1493 1914 1785 1971 Romanus
1808 1931 1968 1971 exer—

383 2016 529 2070 citus
555 2009 700 2082 apud
725 2008 948 2076 Quados
976 2008 1257 2078 periturus
1301 2008 1567 2063 salvatur.
1622 2005 1966 2078 Theophilus

386 2101 819 2166 Alexandrinus,
868 2100 1032 2169 cuius
1056 2098 1370 2169 conscripta
1412 2107 1541 2155 sunt
1596 2107 1653 2153 ct
1688 2098 1965 2164 feruntur,

384 2211 601 2253 necnon
634 2202 688 2250 et
719 2192 1065 2249 Herodianus
1097 2190 1507 2247 Gramniaticus
1554 2190 1799 2261 optimus
1828 2192 1968 2261 pol-

384 2291 609 2354 lebant,
665 2288 1247 2358 Cataplirygarumqne
1297 2283 1796 2356 pseudoprOphctia
1848 2295 1969 2340 orta

384 2392 491 2439 est.

456 2477 643 2531 Mundi
696 2472 1048 2537 ann05665,
1111 2472 1311 2528 divina:
1371 2470 1774 2526 incarnationis
1825 2485 1970 2524 anno

386 2568 513 2634 165,
567 2565 642 2626 Μ.
682 2564 1537 2634 Aurelio‘Antoninoimperante
1595 2562 1879 2617 Sotericus
1918 2570 1972 2616 et

388 2660 647 2716 Eleuther
676 2657 938 2715 Romanae
970 2665 1214 2727 praesunt
1248 2654 1530 2711 EcClesiae.
1569 2653 1831 2711 Galienus
1868 2670 1970 2724 op-

387 2754 557 2810 timus
593 2752 840 2807 medicus
871 2751 1132 2821 pollebat,
1163 2764 1365 2821 genere
1408 2745 1804 2819 Pergamenum.
1853 2743 1968 2802 duo

387 2848 568 2902 lianus
599 2845 784 2900 Romae
814 2845 962 2915 leges
992 2842 1306 2915 promebat,
1361 2840 1569 2897 Fronto
1605 2842 1815 2907 rhetor,
1835 2840 1969 2896 ~Ari-

387 2938 559 2995 stides
599 2935 910 3007 Smyrnaeus
973 2932 1241 3003 sophista,
1275 2930 1560 3002 Oppianus
1610 2941 1790 3002 poeta,
1830 2930 1974 2986 Atti-

386 3046 488 3087 cus
534 3027 855 3084 Platonicus
913 3025 1276 3097 philosophus
1333 3031 1516 3079 erant.
1543 3024 1859 3080 Antoninus
1913 3031 1971 3078 et
2021 3015 2023 3019 “

2069 1926 2233 1982 quam
2276 1914 2331 1967 in
2354 1911 2548 1968 Patmo
2580 1913 2740 1969 vidit.
2780 1913 2848 1969 Et
2876 1924 3071 1971 contra
3102 1913 3437 1973 Marcionem
3461 1925 3517 1972 et
3549 1934 3659 1973 car-

2068 2012 2214 2060 teras
2256 2004 2492 2062 haereses
2547 2008 2792 2078 scripsit,
2824 2015 2880 2064 et
2911 2007 2980 2063 de
3005 2007 3073 2064 l6
3118 2024 3387 2065 annorum
3423 2010 3654 2068 circulo.

2068 2097 2162 2166 qui
2200 2098 2253 2151 in
2288 2097 2514 2154 l’aschae
2575 2102 2786 2157 ratione
2836 2102 3122 2158 observari
3179 2103 3339 2169 solet,
3401 2106 3656 2173 exposuit

2069 2205 2360 2254 canonem,
2403 2208 2565 2261 quem
2624 2194 2767 2248 intra
2830 2195 3068 2264 primunt
3113 2211 3319 2251 annum
3372 2197 3658 2253 concludit

2071 2282 2369 2337 Alexandri
2398 2284 2637 2339 Mamth
2662 2284 2780 2341 lilii.
2813 2284 2878 2341 Et
2909 2294 2969 2342 ut
2989 2288 3378 2361 compendiose
3412 2289 3653 2353 dicatur,

2070 2374 2444 2447 Theophrates
2466 2380 2541 2445 (l)
2560 2377 2755 2435 ﬂuvius
2790 2380 3047 2438 Ecclesiae
3076 2382 3318 2437 vivorum
3338 2382 3562 2438 eﬂ‘ectus
3575 2393 3661 2439 est

2070 2465 2423 2534 ﬂuentorum,
2445 2469 2514 2524 ad
2536 2479 2843 2526 extremum
2867 2473 3112 2544 martyrii
3131 2476 3652 2531 coronamindutus.

2073 2559 2153 2615 Ex
2189 2559 2296 2617 hoc
2322 2562 2486 2617 etiam
2522 2563 2730 2619 infelix
2764 2562 3032 2636 Origenes
3065 2567 3452 2623 conscribendi
3500 2584 3657 2623 com-

2073 2654 2373 2710 mentarios
2417 2655 2470 2709 in
2503 2655 2818 2727 Scripturas
2848 2667 3071 2714 sanctas
3124 2657 3368 2714 fomitem
3394 2661 3657 2730 sumpsit,

2075 2747 2348 2804 incitante
2366 2764 2427 2806 se
2458 2748 2776 2815 Ambrosio,
2803 2759 2857 2805 et
2880 2750 3108 2815 affatim,
3140 2767 3265 2822 quae
3300 2752 3355 2807 in
3384 2753 3489 2808 hoc
3516 2770 3659 2824 opus

2074 2851 2263 2899 essent
2310 2843 2653 2908 necessaria,
2678 2843 2966 2914 largiente.
3034 2842 3279 2914 Denique
3310 2855 3518 2916 septem
3538 2861 3656 2900 ato-

2077 2937 2250 2993 tarios
2282 2937 2542 2992 velociter
2575 2946 2629 2991 et
2655 2939 2864 3009 optime
2905 2937 3213 2994 scribentes
3246 2938 3529 3004 adhibuit,
3560 2938 3656 2996 sed

2073 3036 2129 3083 et
2187 3029 2396 3098 puellas
2443 3029 2719 3084 scribendi
2759 3028 3262 3085 artc‘doctissimas
3310 3029 3377 3085 ad
3436 3030 3658 3086 inenar-

385 3120 725 3177 Commodus
763 3120 911 3190 leges
940 3125 993 3173 et
1016 3115 1439 3173 constitutiones
1459 3114 1599 3172 bene
1618 3115 1973 3173 consideran-
2002 3137 2045 3194 ρ
2074 3119 2309 3174 ‘rabilem
2342 3122 2392 3176 ei
2435 3121 2803 3190 praestandam
2856 3122 3198 3177 alacritatem
3231 3122 3495 3179 dictandi.
3547 3123 3656 3180 Sed

387 3224 472 3270 tes
503 3216 928 3267 renovaverunt.

460 3296 647 3353 Mundi
680 3310 825 3351 anno
850 3293 1012 3360 5672,
1038 3293 1236 3349 divinae
1259 3293 1659 3352 incarnationis
1682 3310 1826 3354 anno
1850 3295 1975 3361 172,

388 3389 692 3447 Commodo
752 3389 1059 3460 imperante
1117 3387 1355 3443 lrenaeus
1414 3387 1708 3461 episcopus
1754 3387 1977 3460 Lugdu-

391 3480 581 3537 nensis
603 3479 804 3535 divinis
841 3477 1023 3533 verbis
1057 3483 1112 3531 et
1149 3477 1366 3532 actibus
1402 3478 1757 3534 cornscabat.
1807 3478 1973 3534 Com-

392 3573 588 3628 modus
613 3568 1022 3627 honorabilibus
1050 3584 1114 3625 ex
1139 3576 1330 3625 senatu
1356 3571 1656 3642 peremptis
1686 3569 1854 3626 etiam
1874 3569 1975 3626 Ju-

392 3666 601 3721 iianum
638 3663 1012 3734 Iegislatorem
1062 3662 1288 3719 occidit.

461 3757 649 3814 Mundi
672 3772 817 3811 anno
837 3755 999 3822 5685,
1022 3753 1222 3810 divinae
1248 3754 1652 3811 incarnationis
1686 3768 1831 3811 anno
1848 3754 1973 3819 185.

392 3851 581 3907 Victor
614 3848 875 3904 Romanae
927 3846 1185 3903 Ecclesiae
1230 3845 1390 3903 ﬂoret
1433 3847 1751 3919 episcopus,
1794 3844 1977 3903 iulius

392 3944 652 3999 Pertinax
709 3941 964 4012 imperat.
1031 3939 1163 3997 Post
1205 3955 1369 4011 quem
1438 3938 1693 3996 Julianus
1746 3950 1977 3997 vocatus

394 4033 585 4090 Didius
614 4031 830 4087 duobus
859 4038 1070 4087 tantum
1096 4031 1382 4087 mensibus
1411 4031 1647 4100 imperat
1672 4046 1690 4098 ;
1743 4031 1838 4102 qui
1872 4046 1977 4101 pro

392 4142 459 4182 eo
478 4123 623 4196 quod
648 4122 900 4194 pecuniis
938 4120 1230 4193 imperium
1275 4121 1509 4192 adeptus
1539 4120 1738 4185 fuerat,
1765 4136 1796 4175 a
1821 4122 1978 4192 prin-

391 4219 576 4292 cipatu
629 4217 922 4287 deponitur
955 4214 1026 4269 ab
1059 4213 1252 4269 amicis
1296 4213 1507 4282 Severi,
1539 4229 1569 4268 a
1620 4215 1823 4285 quibus
1851 4230 1977 4270 mox

393 4309 695 4379 imperator
725 4313 967 4361 creatur.
1021 4304 1143 4370 Quo
1186 4312 1432 4375 tempore
1464 4303 1719 4360 Clemens
1750 4305 1979 4378 presby-

394 4409 481 4455 ter
537 4397 967 4460 Alexandrinus,
996 4395 1237 4466 optimus
1288 4396 1545 4466 magister
1604 4396 1658 4451 in
1728 4398 1976 4469 philoso-

2070 3209 2135 3265 “in
2178 3211 2499 3266 barathrum
2545 3213 2765 3283 gentilis
2819 3215 3252 3286 prodigiosaeque
3302 3214 3656 3272 fabulatienis

2078 3300 2334 3370 delapsus
2393 3303 2797 3358 restitutionem
2842 3312 2896 3359 et
2930 3306 3388 3376 praeesistentiam
3443 3321 3657 3362 necnon

2079 3401 2132 3446 et
2180 3390 2288 3445 alia
2351 3393 2600 3463 quaedam
2659 3396 2914 3464 degmata
2966 3395 3322 3465 praedicavit,
3368 3404 3423 3451 et
3460 3396 3581 3453 ideo
3618 3411 3656 3451 a

2077 3484 2248 3540 choro
2265 3493 2584 3542 sanctorum
2617 3485 2877 3556 expulsus
2917 3493 3023 3541 est.
3061 3485 3257 3542 Fertur
3302 3496 3484 3543 autem
3510 3488 3657 3557 quod

2075 3581 2326 3646 Mamaea,
2371 3590 2548 3636 mater
2579 3581 2928 3651 imperatoris
2976 3580 3294 3648 Alexandri,
3335 3598 3460 3640 cum
3509 3592 3660 3638 esset

2075 3672 2278 3743 Oppido
2315 3672 2407 3726 Dei
2448 3673 2646 3727 cultrix
2682 3714 2696 3740 ,
2722 3673 2914 3727 locuta
2964 3675 3036 3729 sit
3071 3690 3196 3730 cum
3236 3674 3473 3746 Origene
3510 3676 3656 3747 apud

2077 3764 2421 3820 Antiochiam
2440 3765 2687 3837 degens;
2743 3781 2868 3836 quas
2915 3768 3078 3822 etiam
3131 3783 3295 3838 penes
3347 3784 3536 3824 omnes
3566 3770 3657 3840 qui

2081 3858 2276 3915 famosi
2325 3867 2458 3913 tunc
2490 3858 2927 3916 Christianorum
2986 3860 3233 3932 magistri
3290 3862 3656 3927 habebantur,

2075 3951 2470 4022 benignissime
2530 3952 2808 4008 ferebatur
2867 3963 3092 4024 propter
3153 3954 3337 4021 fidem,
3372 3970 3480 4025 qua
3518 3970 3657 4025 erga

2077 4042 2360 4099 Christum
2391 4042 2675 4114 ﬂagrabat.
2706 4044 2964 4102 Eunomus
2995 4045 3300 4102 Palaestinae
3340 4049 3656 4113 casteltum,

2078 4136 2147 4191 de
2180 4151 2292 4207 quo
2314 4136 2366 4191 in
2390 4137 2565 4193 sacris
2615 4138 2815 4208 legitur
2863 4137 3196 4211 Evangeliis,
3230 4140 3299 4195 ab
3341 4140 3659 4195 Alexandro

2079 4226 2363 4297 Nicopolis
2404 4238 2488 4285 est
2515 4229 2775 4286 honorari
2821 4229 3063 4297 decreta,
3096 4231 3370 4303 legatione
3392 4232 3657 4305 fungente

2078 4316 2364 4385 Africano,
2385 4320 2474 4388 qui
2494 4319 2754 4378 historias
2770 4321 2824 4376 in
2840 4322 3084 4393 quinque
3103 4323 3260 4379 libris
3302 4325 3656 4394 conscripsit.

2148 4406 2336 4465 Mundi
2359 4426 2504 4466 anno
2524 4412 2685 4480 5728,
2723 4413 2925 4470 divinae
2946 4414 3346 4471 incarnationis
3371 4431 3513 4472 anno
3528 4415 3656 4481 228,

391 4493 520 4564 phia
549 4506 672 4563 quae
700 4490 1002 4546 secundum
1045 4488 1327 4544 Christum
1360 4492 1834 4580 est,‘compositor
1858 4492 1978 4548 eni-
2000 4488 2055 4548 D
2081 4499 2412 4573 Maximinus
2450 4505 2726 4575 imperans
2752 4516 2945 4563 contra
2987 4508 3337 4565 Christianos
3400 4525 3661 4580 ρθτεεου-

395 4582 518 4638 ιυίι.
571 4581 861 4636 Pantaenus
916 4579 1285 4651 pliilOSOphus
1341 4596 1409 4635 cx
1466 4578 1672 4637 Stoicis
1701 4580 1757 4636 in
1788 4584 1975 4638 divino

394 4678 561 4733 verbo
600 4675 789 4746 fulget.
820 4674 1115 4730 Africanus
1146 4675 1444 4729 historicus
1481 4674 1832 4732 Christianus
1855 4680 1977 4748 pol-

395 4772 493 4826 let.
570 4769 853 4825 Musianus
893 4769 1132 4838 scriptor
1157 4767 1574 4824 ecclesiasticus
1631 4772 1975 4840 agnoscitur.

396 4861 664 4932 Origenes
703 4860 1019 4914 insensatus
1053 4859 1195 4929 apud
1228 4858 1616 4915 Alexandriam
1652 4861 1836 4916 inania
1858 4863 1978 4933 opi-

398 4963 562 5009 natus
587 4950 844 5022 dogmata
879 4957 1121 5004 sectatur
1148 4950 1458 5018 gentilium.

464 5044 651 5101 Mundi
673 5058 820 5098 anno
850 5040 1012 5107 5696,
1036 5041 1235 5097 divinae
1265 5041 1664 5100 incarnationis
1691 5061 1835 5101 anno
1856 5045 1976 5112 l96,

395 5138 744 5211 Zephyrinus
790 5136 1085 5206 episc0pus
1145 5130 1405 5189 Romanae
1462 5147 1659 5207 praeest
1695 5135 1970 5196 Ecclesiae.

400 5232 639 5287 Severus
673 5226 905 5282 Romam
927 5227 1153 5281 veniens
1183 5224 1467 5293 Albinum,
1510 5228 1604 5298 qui
1628 5231 1974 5301 tyrannidem

394 5330 592 5379 contra
624 5317 1073 5393 Lugdunensium
1097 5317 1374 5374 civitatem
1398 5331 1741 5388 exercuerat,
1771 5323 1978 5381 intere-

400 5414 518 5470 mit.

470 5504 655 5562 Mundi
685 5517 830 5558 anno
850 5500 1011 5567 5701,
1032 5501 1232 5558 divinae
1258 5503 1661 5560 incarnationis
1683 5520 1827 5561 anno
1851 5506 1980 5581 20L,

405 5594 1015 5654 AntoninusCaracalla
1037 5595 1275 5666 imperat
1307 5612 1432 5651 cum
1458 5596 1625 5653 fratre
1652 5596 1808 5655 Geta.
1847 5598 1979 5657 Dein

472 5775 552 5848 (1)
592 5775 882 5842 Euphrates
910 5779 1078 5835 codex
1114 5777 1400 5838 Thuauus.

2083 4595 2285 4649 tionem
2303 4597 2491 4654 movit.
2513 4596 2608 4655 His
2628 4602 2973 4671 temporibus
2989 4601 3269 4659 Antherus
3291 4614 3346 4658 et
3361 4602 3660 4659 Pontianus

2084 4684 2316 4742 Romani
2348 4689 2615 4759 praesules
2645 4691 2989 4748 claruerunt.

2153 4778 2508 4850 Mundizanno
2536 4782 2695 4848 5751,
2716 4783 2915 4839 divinae
2941 4785 3342 4843 incarnationis
3370 4802 3515 4843 anno
3530 4787 3659 4853 251,

2081 4869 2396 4928 Gordianus
2444 4872 2699 4945 imperat.
2733 4874 3010 4933 Fabianus
3048 4879 3342 4950 episcopus
3378 4879 3661 4937 Romanus

2083 4971 2291 5034 martyr
2322 4964 2571 5021 habetur.
3138 4956 3145 4961 ’

2151 5054 2337 5110 Mundi
2364 5072 2508 5112 anno
2539 5058 2700 5125 5757,
2719 5059 2921 5117 divinae
2945 5062 3346 5121 incarnationis
3362 5077 3508 5121 anno
3527 5066 3662 5132 257,

2080 5148 2420 5223 Porphyrius
2487 5151 2691 5210 Plotini
2750 5154 3020 5212 Platonici
3071 5159 3383 5231 philosOphi
3447 5160 3666 5216 auditor

2083 5238 2334 5297 habetur.
2353 5239 2739 5314 Theopompus
2758 5246 3119 5320 philosophus
3147 5250 3290 5320 apud
3310 5249 3664 5308 Chaeroneam

2087 5338 2144 5386 et
2173 5329 2400 5389 Nicator
2431 5332 2690 5405 Sophista
2741 5353 2911 5410 penes
2967 5341 3212 5398 Athenas
3251 5343 3509 5414 pollebat.
3537 5342 3667 5399 Phi-

2087 5421 2269 5493 lippus
2298 5425 2597 5495 imperator
2623 5428 2761 5487 adeo
2783 5431 2840 5487 in
2875 5431 2983 5488 ﬂde
3004 5432 3212 5491 Christi
3251 5436 3572 5506 proficiebat
3604 5446 3666 5492 ut

2089 5514 2254 5568 etiam
2288 5525 2511 5585 peccata
2539 5533 2641 5574 sua
2698 5531 2948 5593 prompte
2992 5525 3373 5594 confiteretur,
3413 5537 3469 5584 et
3504 5536 3668 5586 nocte

2091 5607 2369 5677 paschalis
2428 5607 2745 5670 festivitatis
2801 5617 3145 5676 multitudini
3202 5621 3347 5677 inter
3399 5620 3667 5680 Ecclesiae
