4088 6420
501 426 600 496 ῙΞΟ
614 430 634 493 1

1355 459 1729 524 HISTORIA
1766 464 2349 529 ECCLESIASTICA
2381 473 2482 533 EX
2514 437 2913 542 SYNCELLO.

3623 490 3758 558 1202

494 544 774 604 orationes
807 557 1267 618 communicaret.
1300 563 1457 623 Unde
1491 569 1693 629 factum
1713 584 1796 631 est
1828 586 1888 632 ut
1934 576 2075 633 divi-
2105 578 2153 634 Δ
2181 579 2516 638 niamsocios
2541 602 2606 640 ea:
2663 591 3056 661 confessoribus
3104 600 3390 656 nonnullos
3424 601 3612 657 habere
3649 620 3757 656 me-

494 653 598 689 nus
625 646 1160 732 sermo;ampliorem
1193 653 1448 711 fiduciam
1482 677 1746 722 sumeret.

564 727 749 784 Mundi
797 727 942 790 anno
1001 739 1164 805 57H,
1220 744 1421 803 divinae
1476 751 1878 815 incarnationis
1932 775 2076 818 anno

487 819 614 881 2H,
644 821 912 894 Origenes
948 832 1217 900 gloriatus
1261 841 1764 905 circumventionis
1805 869 1915 908 sua:
1956 872 2075 910 ver-

487 910 575 966 bis
602 922 655 968 et
710 921 1009 986 gentilibus
1042 926 1246 986 fabulis
1280 941 1489 989 tantam
1545 941 1736 997 amisit
1783 961 2068 1017 coronam,

484 1017 592 1056 non
627 1020 848 1076 propter
884 1013 1122 1084 inopiam
1165 1021 1364 1080 divinae
1391 1026 1678 1096 bonitatis,
1715 1036 1810 1090 sed
1845 1013 2074 1109 propter

485 1097 784 1163 superbum
845 1110 900 1155 et
946 1109 1226 1167 suasionis
1282 1118 1518 1186 propriae
1571 1135 1816 1178 sensum.
1865 1126 2068 1184 Verum

481 1185 590 1241 ista
621 1187 859 1248 Eusebio
895 1195 1226 1259 Caesariensi
1263 1223 1368 1262 non
1403 1211 1472 1264 ita
1514 1228 1636 1269 esse
1662 1217 1939 1288 videntur,
1977 1223 2069 1292 qui

478 1276 743 1333 nimirum
789 1285 1055 1354 majorem
1079 1296 1339 1352 omnibus
1362 1302 1572 1358 sanctis
1607 1318 1770 1376 atque
1795 1311 2068 1380 magistris

475 1384 604 1423 eum
633 1375 894 1432 exhibere
927 1380 1216 1448 festinans.
1251 1390 1304 1443 in
1339 1405 1495 1448 sexto
1528 1399 1920 1457 ecclesiasticae.
1953 1421 2066 1461 suae

475 1459 734 1522 Historia;
765 1485 1040 1539 sermone,
1095 1477 1282 1537 favens
1323 1488 1392 1550 ei,
1422 1489 1607 1546 multis
1645 1492 1787 1547 hunc
1813 1495 2065 1555 laudibus

474 1558 690 1624 extulit,
710 1566 960 1622 nesciens
979 1585 1098 1639 quae
1114 1572 1322 1632 diceret
1351 1581 1430 1634 vel
1451 1580 1728 1653 dequibus
1745 1588 2060 1648 atlirmaret.

473 1645 651 1702 Nimis
673 1655 818 1709 enim
849 1675 1149 1727 paucorum
1178 1680 1521 1728 sacratorum
1545 1687 1597 1732 et
1621 1681 2058 1740 beatissimorum

474 1738 725 1807 Patrum.
761 1751 853 1818 qui
897 1767 993 1822 per
1024 1756 1166 1812 idem
1199 1768 1414 1833 tempus
1443 1767 1785 1834 effulserant,
1828 1790 2058 1844 memor,

472 1833 529 1884 id
555 1844 638 1888 est
673 1836 972 1898 Clementis
1011 1846 1395 1914 Alexandrini.
1435 1855 1715 1932 Ilippolyti
1746 1833 2053 1926 sacerdotis

470 1930 840 2000 et-martyris,
886 1934 1135 1994 Africani
1181 1943 1428 2002 historici
1473 1959 1524 2004 et
1584 1957 1762 2024 magni
1805 1957 2049 2031 Dionysii

466 2017 852 2088 Alexandrini,
907 2043 1119 2086 necnon
1148 2047 1204 2088 et
1241 2040 1496 2107 aliorum,
1523 2046 1697 2098 solum
1724 2047 1886 2117 hujUs
1911 2067 2048 2108 vana

469 2109 761 2166 sentientis
790 2113 1044 2186 Origenis
1077 2138 1418 2196 provectum,
1455 2147 1615 2202 quem
1648 2153 1676 2190 a
1703 2153 1876 2207 puero
1907 2143 2046 2199 sub-

467 2208 698 2258 secutus
724 2214 829 2269 est,
854 2213 1144 2276 przeconiis
1176 2217 1351 2286 effert,
1389 2238 1675 2296 usquequo
1699 2231 1764 2283 ad
1800 2236 2046 2306 martyrii

468 2290 707 2355 palmam
760 2309 1031 2358 venturus
1096 2309 1414 2365 succubuit.
1475 2290 1549 2367 Ἐἰ
1584 2290 1829 2388 ’ψιίᾱθηι
1886 2290 2050 2396 super

466 2379 712 2438 Fabiano
748 2393 1132 2450 sacratissimo
1174 2409 1415 2472 martyre
1443 2419 1505 2460 ac
1529 2406 1777 2465 Romano
1804 2415 2048 2474 antistite

466 2485 564 2524 seu
598 2473 798 2547 Babyla
827 2480 1175 2541 Antiocheno
1206 2501 1259 2544 et
1289 2493 1604 2553 Alexandro
1651 2499 2046 2578 Hierosolymi-

465 2573 595 2620 tano
618 2576 908 2639 perpaucis
932 2579 1116 2635 verbis
1148 2583 1436 2641 historiam
1469 2593 1639 2646 texuit
1673 2612 1686 2647 :
1740 2605 1795 2649 at
1849 2573 1938 2654 ubi
1979 2601 2045 2655 ad

460 2654 642 2708 virum
699 2663 784 2714 sui
829 2678 1025 2722 sensus
1065 2674 1332 2737 pervenit,
1395 2678 1446 2732 id
1483 2691 1566 2737 est
1611 2685 1676 2738 ad
1728 2685 2040 2758 Origencm,

462 2747 718 2814 pluribus
754 2752 900 2809 hunc
946 2758 1200 2818 laudibus
1233 2774 1288 2820 et
1343 2771 1498 2826 miris
1549 2747 2046 2838 declamationibus

460 2841 681 2895 extulit.
741 2843 941 2901 Verum
994 2857 1248 2920 quamvis
1300 2859 1572 2920 Eusebius
1620 2869 1874 2938 plurimis
1923 2873 2045 2928 Ori-

460 2928 617 2992 gcnis
672 2929 822 3002 impii
854 2943 1146 3004 praeconiis
1199 2962 1333 3004 usus
1381 2951 1577 3020 fuerit,
1620 2957 1742 3014 sine
1778 2967 2049 3036 martyrio.

455 3024 641 3074 tamen
676 3027 1159 3102 passionemejus
1191 3041 1418 3110 reliquit
1470 3056 1524 3100 et
1578 3065 1801 3105 cursum
1856 3055 2045 3113 incone

459 3122 821 3171 Slllllmalllll).
887 3118 992 3186 Qui
1047 3127 1193 3181 enim
1249 3141 1917 3214 perseveraverit-usque
1986 3149 2047 3202 in

457 3290 735 3351 lassescit.
797 3300 967 3358 Infert
1021 3317 1204 3366 autem
1237 3290 1509 3375 Eusebius
1535 3330 1588 3377 et
1617 3290 1684 3379 die
1718 3290 1880 3383 beato
1919 3332 2042 3386 Dio-

456 3387 617 3452 nysio
649 3390 914 3463 episcopo
945 3396 1327 3461 Alexandrino
1379 3413 1779 3479 testimonium.
1819 3419 2045 3493 Origeni

452 3486 509 3530 et
546 3481 711 3536 sociis
744 3483 862 3552 ejus
908 3492 1138 3557 gratiam
1178 3508 1466 3566 praestans,
1501 3515 1772 3574 quatenus
1797 3528 1905 3567 non
1943 3531 2040 3585 ap-

451 3579 644 3636 pareat
690 3575 843 3629 solus
869 3577 1133 3652 Origenes
1196 3588 1250 3642 in
1290 3595 1553 3655 martyrio
1593 3599 1883 3668 defecisse,
1943 3607 2044 3662 sed

451 3659 660 3719 habere
682 3667 934 3726 videatur
966 3682 1022 3728 et
1058 3678 1196 3735 alios
1223 3697 1336 3737 suae
1365 3685 1692 3746 defectionis
1717 3696 2034 3768 participes.

524 3752 794 3815 Praeterea
829 3779 926 3833 per
946 3766 1062 3822 haec
1097 3780 1341 3842 tempora
1374 3776 1618 3838 Novatus
1660 3783 2035 3846 Romanorum

449 3843 714 3905 Ecclesia:
736 3855 1046 3928 presbyter,
1073 3865 1449 3937 episcopatum
1479 3873 1700 3945 indigne
1715 3879 2036 3942 desiderans

448 3952 506 3993 et
561 3957 790 4014 compos
843 3951 1070 4008 minime
1117 3955 1320 4024 factus,
1368 3977 1434 4018 eo
1484 3968 1631 4036 quod
1694 3985 1859 4040 super
1911 3977 2036 4033 aliis

447 4034 816 4100 pravitatibus
841 4049 894 4096 et
919 4045 1156 4103 maxime
1181 4053 1708 4123 avariti:e,tumoris
1738 4078 1801 4119 ac
1829 4071 2036 4126 amoris

447 4125 647 4192 privati
687 4131 837 4187 vitiis
866 4134 1244 4205 deprehensus
1271 4147 1569 4213 exstiterit,
1628 4169 1751 4209 sese
1804 4158 1874 4212 ab
1927 4159 2034 4214 Ec-

446 4217 618 4272 clesia
644 4225 939 4293 separavit,
966 4230 1068 4285 sub
1087 4233 1315 4289 obtentu
1337 4241 1492 4306 quasi
1522 4257 1715 4299 eorum
1757 4250 1850 4317 qui
1883 4249 2032 4306 Decii

445 4317 695 4380 tempore
730 4315 784 4369 in
815 4324 1199 4386 persecutione
1223 4326 1643 4388 immolaverant
1673 4345 1727 4391 et
1774 4354 1872 4408 per
1909 4357 2031 4412 pte-

442 4401 735 4464 nitentiam
799 4409 852 4462 in
889 4418 1335 4474 communionem
1387 4423 1458 4478 ab
1482 4424 1725 4485 Ecclesia
1779 4445 1912 4490 sunt
1941 4453 2028 4495 re-

444 4496 623 4564 cepti:
680 4509 983 4572 auctorque
1021 4521 1084 4561 ac
1125 4509 1523 4574 basresiarclres
1562 4535 1754 4578 eorum
1815 4531 1910 4597 qui
1969 4546 2028 4587 se

442 4584 682 4641 mundos
710 4603 805 4656 per
827 4594 1556 4672 superbiam‘nuneupabant
1579 4625 1872 4680 apparens,
1909 4634 2014 4672 una
2049 4626 2096 4682 ι)

442 4689 569 4727 cum
607 4669 741 4746 ipsis
772 4684 964 4750 pulsus
993 4699 1078 4740 est
1119 4687 1186 4743 de
1215 4693 1473 4760 paradiso
1491 4697 1757 4758 Ecclesiae
1794 4715 2020 4763 senten-

442 4767 519 4820 tia
562 4767 786 4826 Patrum
835 4787 1156 4834 sanctorum
1193 4785 1582 4858 quadraginta,
1623 4797 1714 4864 qui
1762 4801 2021 4870 synodice

442 4872 819 4916 convenerunt
845 4865 897 4919 in
941 4869 1073 4923 urbe
1096 4869 1289 4940 Roma,
1320 4892 1426 4930 una
1459 4895 1583 4935 cum
1619 4865 1868 4953 pluribus
1891 4906 2020 4960 pre-

442 4947 686 5018 sbyteris
721 4960 776 5004 ct
799 4953 1148 5025 diaconibus,
1169 4964 1259 5031 qui
1281 4947 1798 5036 scilicet,,abdicato
1821 4947 2017 5037 eo-una

441 5053 565 5092 cum
590 5041 922 5101 inhumanis
977 5058 1368 5113 consentaneis
1406 5059 1690 5133 fratribus,
1749 5071 1841 5140 qui
1879 5073 2014 5144 lapsi

439 5129 682 5199 fuerant,
749 5151 847 5205 per
915 5143 1296 5208 paenitentiam
1361 5155 1588 5224 suscipi
1627 5158 2012 5222 decreverunt.

436 5220 612 5277 Porro
659 5235 816 5283 tanto
866 5234 1104 5290 concilio
1159 5239 1452 5300 Cornelius
1505 5247 1766 5307 Romamn
1796 5257 2015 5324 praefuit

435 5315 948 5388 praesulEcclesite;
977 5325 1068 5390 qui
1100 5327 1265 5382 etiam
1290 5333 1489 5390 scribit
1521 5338 1589 5393 ad
1625 5315 1852 5398 Fabium
1901 5349 2013 5416 epis

437 5422 670 5478 scopum
713 5411 1114 5471 Antioclienum
1168 5428 1278 5474 tam
1323 5440 1446 5494 quae
1495 5431 1705 5498 synodo
1733 5436 2010 5505 placuere,

432 5515 598 5567 quam
622 5507 837 5572 proprie
861 5507 928 5560 de
952 5510 1204 5579 malignis
1227 5512 1419 5572 Novati
1443 5522 2006 5588 actionibus,diccns:

433 5589 556 5642 Scis
583 5601 756 5646 autem
788 5595 932 5665 quod
960 5600 1026 5650 ab
1067 5599 1194 5654 olim
1221 5601 1602 5666 desideraverit
1646 5617 2009 5686 episcopatum

432 5684 697 5739 mirabilis
733 5689 851 5752 iste,
885 5691 1160 5749 occultans
1205 5713 1690 5771 prcesumptuosum
1738 5712 1790 5764 in
1828 5729 1882 5766 se
1915 5713 2009 5768 de-

429 5773 708 5841 siderium,
741 5791 790 5832 et
824 5779 1036 5837 latentis
1067 5788 1330 5854 superbia:
1357 5795 1650 5852 velamento
1676 5806 2004 5872 conperiens.

429 5869 522 5924 Ad
540 5887 698 5942 quant
731 5875 784 5930 in
813 5879 1120 5946 primordiis
1153 5883 1350 5942 idcirco
1373 5888 1547 5947 elatus
1572 5869 1840 5967 apparuit,
1869 5916 2002 5969 quo-

2177 683 2380 728 ruerat.
2467 677 2702 750 Denique
2768 683 3064 752 Maximus,
3119 707 3256 746 unus
3315 709 3381 747 ea:
3435 695 3754 766 presbyteris

2175 767 2392 833 nostris,
2452 780 2502 823 et
2571 771 2838 842 Urbanus,
2904 782 2995 849 qui
3044 787 3269 838 secundo
3309 803 3374 840 ex
3426 789 3755 858 confessione

2172 855 2399 924 gloriam
2423 868 2692 920 consecuti
2731 879 2888 932 sunt,
2949 869 3208 929 Sidonius
3265 894 3469 948 quoque
3517 889 3568 934 et
3599 878 3753 934 Cele-

2174 950 2344 1014 rinus,
2390 955 2472 1007 vir
2519 959 2610 1026 qui
2645 963 2824 1015 omnia
2863 966 3125 1032 supplicia
3175 986 3266 1038 per
3328 971 3749 1026 misericordiam

2172 1038 2270 1094 Dei
2299 1052 2812 1112 perseverantissime
2833 1057 3194 1125 pertulerit,et
3215 1064 3469 1129 ﬁrmitate
3485 1064 3610 1133 ﬁdei
3638 1081 3750 1118 sua:

2171 1131 2537 1200 inﬁrmitatem
2563 1145 2740 1198 carnis
2759 1151 3106 1206 corroborans
3125 1157 3748 1223 potentervadversarium

2170 1225 2722 1292 vicit,considerantes
2751 1255 2890 1304 eum,
2920 1253 2969 1296 et
2997 1248 3368 1313 perspicientes
3391 1249 3746 1305 calliditatem

2167 1327 2216 1372 et
2249 1319 2508 1377 levitatem
2549 1343 2664 1395 qua:
2696 1329 2901 1386 inerant
2935 1337 3004 1398 ei,
3059 1338 3297 1406 periuria
3341 1358 3541 1410 quoque
3593 1353 3747 1413 atque

2168 1412 2463 1478 mendacia,
2494 1433 2689 1472 necnon
2717 1429 2765 1474 et
2789 1428 3375 1482 excommunicationem
3394 1431 3528 1498 ejus.
3555 1434 3747 1487 reversi

2165 1512 2286 1556 sunt
2321 1504 2390 1556 ad
2426 1504 2748 1575 Ecclesiam,
2782 1522 2832 1566 et
2864 1517 3044 1569 omnia
3080 1519 3194 1586 ejus
3222 1521 3456 1590 artiﬁcia
3509 1533 3559 1576 et
3591 1525 3747 1577 moli-

2164 1595 2332 1659 mina,
2384 1614 2502 1668 qu_a:
2531 1615 2596 1653 ea:
2625 1603 2792 1657 multo
2810 1605 2930 1673 jam
2985 1618 3214 1679 tempore
3259 1612 3456 1669 habens
3482 1615 3745 1685 subterfu-

2161 1684 2334 1754 giebat
2366 1696 2419 1741 et
2443 1691 2746 1748 occultabat
2781 1714 2854 1762 se,
2893 1716 3076 1754 coram
3117 1704 3300 1759 multis
3331 1707 3560 1775 confessi
3595 1719 3741 1776 sunt,

2162 1775 2259 1830 hoc
2288 1779 2496 1848 quidem
2530 1786 2808 1857 episcopis,
2845 1791 2982 1845 illud
3012 1809 3129 1848 vero
3161 1797 3480 1867 presbyteris
3511 1811 3559 1854 et
3585 1775 3742 1856 laicis

2161 1887 2317 1941 quam
2344 1874 2591 1942 plurimis
2623 1896 2740 1934 cum
2773 1883 2914 1937 luctu
2943 1903 3048 1939 non
3078 1889 3287 1944 modico
3311 1893 3739 1961 manifestantcs,

2154 1970 2205 2015 et
2265 1967 2650 2037 resipiscentes,
2710 1990 2867 2042 super
2920 1979 3107 2045 quibus
3140 1980 3339 2036 dolosa:
3391 1983 3742 2055 malignceque

2153 2049 2330 2108 bestite
2353 2069 2595 2124 parentes
2619 2063 2688 2116 ad
2711 2060 2974 2121 modicum
3004 2079 3203 2138 tempus
3221 2072 3285 2126 ab
3308 2075 3550 2130 Ecclesia
3569 2093 3742 2130 reces-

2150 2155 2350 2200 serunt.
2371 2148 2435 2202 Et
2461 2160 2583 2220 post
2608 2169 2777 2221 pauca
2800 2175 2813 2211 :
2850 2156 3266 2230 lmpossibilem,
3291 2165 3461 2234 frater
3485 2167 3738 2222 charissi-

2152 2253 2252 2304 me,
2293 2245 2683 2299 conversionem
2713 2259 2758 2301 et
2799 2255 3299 2308 transmutationem
3355 2257 3412 2310 in
3443 2257 3583 2312 brevi
3607 2268 3738 2312 tem-

2149 2343 2274 2396 pore
2303 2331 2527 2389 vidimus
2557 2353 2713 2406 super
2751 2357 2840 2395 eos
2871 2342 3138 2410 e/fectam.
3191 2345 3546 2403 Clarissimus
3598 2353 3735 2403 enim

2149 2421 2253 2488 hic,
2285 2433 2334 2478 et
2364 2427 2796 2496 qui'juramentis
2829 2436 3153 2492 terribilibus
3209 2452 3326 2493 erat
3375 2443 3564 2496 solitus
3600 2443 3735 2510 afﬁr-

2148 2529 2296 2568 mare
2329 2532 2384 2570 se
2433 2518 2739 2575 nullatenus
2771 2525 3133 2592 episcopatum
3187 2528 3512 2591 desiderare,
3559 2533 3734 2586 subita

2146 2607 2418 2675 episcopus
2455 2611 2902 2679 quemadmodum
2953 2633 3018 2672 ea:
3055 2621 3234 2685 stipite
3263 2622 3488 2690 quodam
3534 2623 3588 2676 in
3618 2641 3731 2678 me,

2145 2696 2291 2750 dium
2312 2697 2554 2766 jactatus
2585 2715 2821 2769 apparet.
2875 2706 2987 2762 Iste
3010 2709 3172 2779 igitur
3197 2710 3519 2782 dognmtista
3549 2723 3598 2768 et
3644 2731 3730 2767 ec-

2145 2787 2460 2847 clesiastica:
2523 2793 2824 2862 disciplina:
2894 2811 3153 2870 patronus
3188 2821 3306 2858 cum
3349 2806 3620 2860 attrahere
3665 2823 3729 2860 ac

2145 2899 2410 2953 usurpare
2484 2889 2872 2959 episcopatum,
2907 2896 2998 2964 qui
3027 2896 3128 2949 sibi
3151 2897 3391 2969 desuper.
3434 2898 3594 2952 datus
3623 2917 3727 2954 non

2146 2974 2346 3042 fuerat,
2399 2977 2673 3046 niteretur,
2727 2982 2862 3036 duos
2905 2985 3007 3038 sibi
3055 2989 3230 3041 socios
3262 2989 3494 3057 propria:
3533 2990 3726 3045 salutis

2143 3062 2356 3133 ignaros
2383 3065 2559 3136 elegit,
2592 3081 2850 3137 quatenus
2878 3072 2960 3127 Itis
2988 3075 3162 3128 missis
3191 3076 3246 3130 in
3264 3086 3521 3130 remotam
3546 3078 3729 3133 Italia:

2142 3164 2352 3221 partem
2384 3157 2507 3211 inde
2537 3168 2642 3213 tres
2673 3163 2944 3232 episcopos
2964 3176 3195 3235 agrestes
3222 3177 3271 3222 et
3300 3169 3727 3238 simplicissima:

1629 3233 1719 3301 Qui
1755 3238 1960 3303 patitur
1986 3250 2040 3295 et
2069 3267 2110 3325 ο
2145 3248 2274 3314 ﬁcta
2301 3248 2534 3316 quadam
2591 3253 3034 3312 circumventione
3099 3259 3348 3314 seducere
3423 3270 3725 3326 conaretur,

2147 3339 2403 3408 siquidem
2456 3343 2566 3412 ipse
2612 3362 2919 3402 asseverans
2970 3350 3269 3418 afﬁrmabat
3320 3362 3558 3420 oportere
3603 3354 3726 3408 illos

2145 3429 2370 3486 Romam
2406 3452 2703 3498 occurrere,
2756 3454 2859 3506 quo
2905 3449 3096 3492 cuncta
3124 3441 3406 3508 dissensio,
3431 3459 3547 3513 qua:
3577 3445 3724 3512 facta

2140 3524 2340 3592 fuerat,
2370 3543 2474 3579 una
2493 3544 2611 3580 cum
2660 3528 2784 3582 aliis
2817 3531 3282 3588 intervenientibus
3308 3537 3566 3602 episcopis
3607 3537 3720 3590 sol-

2140 3627 2363 3672 veretur.
2392 3617 2532 3682 Quos
2557 3622 2955 3686 prmvenientes,
2981 3625 3143 3678 sicuti
3167 3627 3540 3693 prazdimimus,
3576 3630 3720 3682 circa

2141 3708 2498 3778 malignorum
2533 3711 2808 3766 molimina
2861 3722 2912 3767 et
2947 3715 3198 3786 ﬁgmenta
3243 3719 3618 3787 simpliciores,
3669 3732 3721 3775 et

2135 3800 2420 3855 inclinatos
2444 3818 2476 3854 a
2505 3802 2823 3869 quibusdam
2843 3806 2956 3860 sibi
2995 3809 3260 3864 similibus
3288 3821 3338 3864 et
3367 3811 3595 3867 turbatis
3627 3815 3722 3866 Ito-

2138 3887 2391 3951 minibus,
2422 3889 2555 3943 hora
2594 3891 2798 3946 decima
2853 3894 3026 3950 ebrios
3057 3907 3106 3952 et
3131 3901 3371 3970 crapula:
3417 3901 3644 3968 deditos,
3672 3906 3720 3962 vi

2137 3980 2304 4047 coegit
2339 3979 2663 4050 imaginaria
2702 3985 2934 4053 quadam
2971 3997 3021 4042 et
3068 3989 3218 4044 inani
3257 4009 3447 4047 manus
3502 3995 3718 4058 imposi‘

2137 4070 2298 4123 tione:
2323 4072 2685 4142 episcopatum
2720 4077 2825 4130 sibi
2877 4080 3124 4135 tribuere.
3185 4081 3272 4136 Ea:
3321 4084 3508 4152 quibus
3542 4095 3715 4141 tamen

2135 4175 2271 4215 unus
2298 4178 2399 4215 non
2431 4173 2546 4232 post
2578 4167 2800 4220 multum
2837 4172 3085 4225 remeavit
3110 4171 3180 4226 ad
3205 4171 3501 4229 Ecclesium
3534 4176 3715 4246 lugens

2132 4261 2183 4306 et
2205 4253 2462 4322 conﬁtens
2491 4268 2763 4325 peccatum
2806 4276 2998 4325 suum;
3022 4264 3173 4318 cuiet
3203 4269 3712 4324 communicavimus

2134 4343 2296 4409 laico,
2327 4360 2421 4412 pro
2449 4362 2507 4400 eo
2539 4347 2850 4415 deprecante
2868 4353 3134 4416 universo,
3157 4357 3249 4426 qui
3267 4358 3474 4421 aderat,
3494 4361 3710 4429 populo.

2133 4436 2218 4490 Ad
2235 4437 2351 4491 loca
2381 4448 2558 4494 autem
2576 4441 2629 4494 in
2649 4444 2835 4512 quibus
2865 4446 3054 4517 reliqui
3071 4450 3303 4516 episcopi
3321 4450 3532 4519 fuerant
3565 4452 3713 4504 ordi-

2130 4530 2244 4584 nati
2261 4547 2588 4587 successores
2609 4536 3023 4594 transmisimus.
3039 4539 3305 4610 Defensor
3323 4558 3445 4612 ergo
3467 4541 3713 4610 Evange-

2126 4618 2187 4674 lii
2207 4623 2462 4676 nesciebat
2480 4641 2640 4678 unum
2657 4627 2956 4698 episcopum
2982 4648 3095 4686 esse
3118 4643 3355 4701 oportere
3373 4635 3427 4689 in
3449 4636 3730 4692 catholica.

2129 4711 2388 4780 Ecclesia,
2400 4715 2453 4767 in
2472 4731 2571 4786 quo
2589 4733 2689 4772 non
2712 4719 2991 4789 ignorabat
3006 4724 3337 4795 presbyteros
3353 4744 3465 4783 esse
3477 4728 3712 4799 quadra-

2127 4801 2275 4873 ginta
2309 4820 2421 4870 sex,
2452 4806 2704 4862 diaconos
2733 4819 2946 4878 septem,
2966 4813 3319 4871 subdiaconos
3346 4829 3562 4887 septem,
3584 4836 3721 4881 aco-.

2129 4895 2265 4966 lytos
2289 4896 2422 4952 duos
2447 4907 2497 4952 et
2521 4899 2898 4971 quadraginta,
2915 4907 3208 4963 exorcistas
3227 4920 3402 4964 autem
3419 4921 3468 4964 et
3490 4911 3726 4969 lectores.

2127 5005 2246 5041 cum
2275 4991 2518 5045 ostiariis
2561 4991 2650 5055 52,
2701 4995 2889 5050 viduas
2932 5014 3051 5052 cum
3088 5000 3308 5069 afﬂictis
3344 5018 3509 5070 supra
3540 5004 3711 5062 ευδοχ-

2129 5077 2272 5142 Quos
2302 5097 2479 5136 omnes
2519 5082 2735 5139 Domini
2773 5089 2953 5156 gratia
2997 5100 3046 5145 et
3095 5094 3462 5147 misericordia
3493 5097 3703 5157 nutrit;

2123 5185 2240 5238 qua:
2274 5186 2369 5224 nec
2406 5181 2557 5226 tanta
2582 5184 2633 5227 et
2666 5185 2775 5229 tam
2805 5178 2860 5232 in
2900 5179 3143 5236 Ecclesia
3167 5185 3461 5238 necessaria
3491 5201 3583 5253 per
3606 5185 3713 5245 Dei.

2121 5261 2506 5329 providentiam
2537 5268 2848 5332 multitudo,
2891 5288 2985 5326 nec
3025 5273 3167 5330 dives
3193 5286 3246 5330 et
3281 5277 3568 5346 multiplex
3599 5297 3701 5333 nu-

2122 5370 2294 5407 merus
2319 5371 2439 5426 cum
2479 5360 2711 5414 maximo
2734 5371 2782 5414 et
2811 5363 3186 5419 innumerabili
3241 5369 3436 5436 populo
3468 5385 3501 5422 a
3543 5379 3695 5423 tanta

2119 5445 2486 5514 desperatione
2539 5467 2602 5504 ac
2653 5453 2808 5507 ttedio
2842 5457 3116 5523 convertit,
3153 5467 3249 5513 aut
3295 5459 3366 5512 ad
3397 5459 3697 5516 Ecclesiam

2094 5541 2400 5609 revocavit.
2437 5540 2534 5596 llis
2593 5543 2836 5603 inferens
2880 5553 3006 5614 post
3044 5547 3151 5604 alia
3187 5549 3323 5604 dicit
3359 5568 3372 5606 :
3413 5549 3519 5606 Eia
3553 5570 3694 5610 nunc

2117 5641 2307 5683 cratera
2369 5648 2769 5703 prosequamur,
2835 5637 3024 5706 quibus
3081 5641 3323 5708 operibus
3375 5645 3454 5698 vel
3509 5646 3696 5714 quibus

2117 5721 2601 5777 conversationibus
2631 5724 2762 5791 ﬁsus
2809 5728 3167 5795 episcopatum
3199 5733 3302 5786 sibi
3331 5733 3692 5790 vindicaverit.

2116 5808 2199 5861 An
2245 5809 2392 5876 forte.
2427 5828 2522 5880 pro
2549 5831 2608 5868 eo
2639 5815 2776 5884 quod
2812 5818 2877 5871 ab
2926 5821 3078 5875 initio
3134 5822 3188 5876 in
3219 5823 3462 5881 Ecclesia
3518 5827 3704 5895 fuerat.

2117 5913 2475 5970 conversatus,
2509 5915 2560 5961 et
2590 5909 2784 5966 multos
2832 5927 3020 5981 agones
3047 5930 3142 5985 pro
3180 5932 3249 5973 ea
3284 5917 3523 5984 subierit,
3553 5927 3603 5972 et
3639 5920 3693 5973 in
