4088 6436
484 410 621 475 12οἶ

1488 422 1507 438 ⁸
1575 417 1974 480 ANASTASII
2038 418 2111 478 Β]
2122 418 2672 482 BLIOTHECARII

3604 424 3739 490 πῖθι

481 537 731 606 periculis
757 538 936 595 multis
994 548 1043 593 et
1066 540 1271 611 magnis
1314 545 1525 609 propter
1573 540 1809 595 divinum
1856 539 2057 597 cultum
2085 543 2133 603 Α
2162 538 2290 605 246,
2324 540 2515 598 Callus
2549 550 2603 598 et
2657 541 2991 598 Volusianus
3043 540 3338 611 imperant.
3375 542 3664 600 Cornelius
3686 559 3737 601 et

482 624 740 698 affuerit?
766 630 858 684 sed
889 648 992 686 non
1020 643 1096 686 est
1127 633 1226 686 ita.
1284 629 1384 688 Cui
1414 630 1651 686 uidelicet
1705 633 1912 689 occasio
1942 648 2056 686 cre-

483 724 644 777 dendi
676 723 782 795 fuit
815 722 1035 779 Satanae
1066 723 1321 780 adventus
1366 724 1420 777 in
1450 741 1569 779 eum
1617 734 1666 779 et
1700 725 1962 779 habitatio
2003 725 2056 779 in

481 814 578 869 illo
626 824 855 884 tempore
874 816 1065 880 multo,
1094 823 1143 870 et
1180 828 1237 870 ut
1261 817 1607 886 adjuvaretur
1657 816 1723 869 ab
1750 817 2053 870 exorcistis.

483 906 615 963 Cum
645 924 841 963 sanmm
895 909 1211 965 incurrisset
1264 912 1594 981 languorem,
1649 926 1868 980 cumque
1923 909 2059 963 mori

480 999 840 1053 restitueretur
889 1001 943 1054 in
974 1002 1110 1056 lecto
1132 1018 1234 1072 quo
1255 1000 1495 1071 jacebat,
1529 1001 1777 1070 perfusus
1822 1008 1902 1055 est
1936 1017 2060 1071 gra-

480 1091 576 1157 tia,
610 1092 658 1146 si
688 1102 861 1147 tamen
889 1093 1064 1148 dicere
1083 1104 1323 1164 oporteat
1354 1094 1666 1164 hujusmodi
1704 1094 1832 1164 quid
1863 1093 2058 1163 gratia:

476 1186 791 1251 suscepisse.
826 1183 927 1241 Sed
959 1203 1050 1241 nec
1081 1196 1273 1242 cretera
1294 1196 1604 1242 consecutus
1653 1195 1754 1250 est,
1790 1202 1907 1240 cum
1940 1186 2057 1239 lan-

473 1290 687 1343 guorem
736 1275 963 1346 fugeret,
1008 1293 1126 1347 qua:
1180 1278 1449 1347 percipere
1503 1276 1721 1331 debebat
1766 1273 2054 1330 secundum

475 1363 734 1421 Ecclesia:
760 1368 1019 1436 regulam.
1055 1367 1160 1423 Sed
1189 1384 1282 1422 nec
1316 1369 1650 1439 signaculum
1704 1366 1770 1421 ab
1811 1368 2055 1437 episcopo

472 1467 782 1512 consecutus
811 1468 911 1514 est.
943 1457 1089 1530 Ergo
1122 1477 1241 1515 cum
1275 1460 1386 1515 hazc
1406 1459 1626 1528 adeptus
1665 1476 1772 1514 non
1793 1460 1887 1522 sit,
1919 1475 2051 1529 quo-

472 1549 631 1604 modo
683 1567 861 1621 quazso
893 1549 1155 1621 Spiritum
1190 1561 1434 1606 sanctum
1452 1550 1671 1620 adeptus
1696 1548 1901 1605 cst?Et
1931 1566 2053 1604 rure

474 1658 574 1699 sus
612 1641 782 1698 infert
831 1660 846 1694 :
885 1642 992 1710 Qui
1042 1654 1257 1714 propter
1308 1643 1650 1712 formidinem
1693 1644 2052 1713 et‘privatam

471 1735 759 1808 quamdam
790 1737 1024 1813 gratiam
1062 1746 1288 1805 tempore
1334 1736 1714 1805 persecutionis
1773 1735 2045 1805 presbyte-

471 1842 593 1880 rum
621 1842 734 1881 esse
763 1844 817 1881 se
851 1826 1121 1899 denegavit
1159 1845 1171 1881 :
1203 1828 1510 1898 postulatus
1539 1828 1678 1882 enim
1714 1837 1869 1897 atque
1894 1843 2052 1897 roga-

473 1924 557 1969 tus
593 1933 625 1969 a
648 1915 961 1970 diaconibus
996 1927 1052 1970 ut
1091 1918 1260 1970 exiret
1300 1934 1328 1971 e
1366 1917 1583 1978 cellula,
1618 1933 1723 1986 qua
1764 1932 1878 1971 sese
1906 1932 2053 1971 coer-

468 2017 671 2074 cuerat,
710 2008 971 2079 fratribus
1007 2009 1373 2063 auxiliaturus
1404 2020 1475 2072 et,
1511 2018 1569 2063 ut
1619 2008 1704 2079 fas
1749 2006 2053 2079 presbytero

469 2109 628 2165 esset,
652 2116 748 2170 pro
773 2100 973 2155 viribus
1018 2099 1444 2172 periclitantibus
1478 2098 1736 2169 fratribus
1768 2107 1818 2154 et
1853 2098 2055 2152 sollici-

474 2191 674 2248 tudinis
715 2191 1075 2262 indigentibus
1121 2193 1506 2264 opitulaturus,
1539 2192 1672 2247 adeo
1719 2208 1906 2263 parere
1941 2191 2057 2245 dia-

471 2287 690 2341 conibus
712 2287 977 2348 recusavit
1006 2297 1062 2340 ut
1087 2289 1249 2341 etiam
1278 2287 1542 2343 steviendo
1578 2284 1891 2341 discederet.
1929 2282 2054 2339 Non

469 2378 611 2430 enim
646 2376 789 2430 ultra
821 2393 876 2432 se
899 2378 1258 2447 presbyterum
1288 2376 1401 2445 fore
1445 2390 1777 2438 asseverans,
1805 2390 1923 2428 cum
1968 2373 2055 2427 al-

474 2470 639 2522 terius
678 2480 817 2523 esset
842 2468 1190 2538 pltilosopltiw
1224 2478 1456 2522 amator.
1504 2467 1637 2522 Dein
1674 2475 1799 2537 post
1839 2465 2054 2537 pauxil-

471 2559 587 2614 lum
643 2559 918 2615 subinl‘ert
952 2577 966 2613 :
998 2558 1225 2615 Deserta
1271 2559 1413 2617 enim
1461 2560 1640 2615 clarus
1672 2559 1772 2613 iste
1810 2557 2054 2613 Ecclesia

468 2648 591 2717 Dei,
620 2652 676 2705 in
700 2666 806 2722 qua
848 2651 1064 2711 credens
1091 2652 1285 2707 meruit
1339 2650 1762 2723 presbyteratum
1794 2666 1887 2721 per
1934 2666 2056 2720 gra-

469 2744 603 2796 tiam
631 2743 884 2814 episcopi,
911 2744 1004 2815 qui
1027 2743 1096 2798 ad
1120 2756 1319 2799 sortem
1364 2744 1760 2814 presbyteratus
1810 2743 1858 2796 ei
1887 2744 2058 2813 impa-

467 2836 598 2899 suit,
625 2836 922 2904 prohibitus
943 2844 1021 2891 est
1060 2836 1126 2890 ab
1151 2836 1297 2891 omni
1326 2836 1488 2900 clero,
1528 2836 1618 2889 sed
1652 2843 1703 2889 et
1730 2834 1881 2887 laicis
1922 2832 2057 2885 mul-

471 2927 541 2980 tis
575 2926 933 2981 asserentibus
967 2943 1071 2982 non
1114 2943 1226 2981 esse
1269 2927 1479 2979 licitum
1519 2926 1765 2979 clericum
1793 2923 1911 2994 ﬁeri
1938 2939 2055 2976 eum

469 3032 638 3071 causa
688 3019 1049 3087 infirmitatis,
1075 3021 1165 3089 qui
1199 3017 1254 3071 in
1284 3018 1417 3075 lecto
1454 3017 1657 3088 positus
1707 3017 1940 3087 gratiam
1988 3015 2055 3067 sit

470 3108 716 3178 adeptus.
769 3108 965 3164 Verum
992 3111 1296 3180 episcopum
1329 3117 1701 3178 poposcerunt.
1732 3117 1790 3159 ut
1819 3106 1918 3160 hoc
1955 3106 2057 3159 sibi

468 3201 539 3257 de
562 3203 669 3257 isto
697 3202 811 3258 solo
841 3201 1170 3258 concederet.
1202 3201 1300 3255 His
1325 3200 1475 3255 addit
1505 3199 1796 3255 Cornelius
1835 3199 2053 3273 pravis-

470 3294 669 3348 simam
732 3291 929 3349 Novati
1004 3294 1402 3369 impudentiam
1469 3309 1781 3350 asserens:
1829 3291 2056 3347 Fuciens

466 3385 609 3440 enim
636 3386 951 3451 oblationes,
979 3398 1028 3443 et
1080 3387 1402 3460 dispertiens
1436 3389 1720 3458 unicuique
1760 3386 2058 3454 portionem

467 3485 520 3529 et
554 3474 793 3542 tradens,
829 3479 929 3533 hoc
965 3478 1158 3549 jurare
1188 3495 1284 3549 pro
1333 3478 1690 3535 benedictione
1717 3478 1931 3531 miseros
1961 3476 2056 3531 Ito-

468 3568 638 3623 mines
669 3568 827 3640 cogit,
857 3580 1035 3625 tenens
1068 3580 1297 3641 utraque
1336 3587 1498 3625 manu
1541 3587 1759 3624 manum
1792 3569 2057 3641 accipien-

468 3657 561 3723 tis,
590 3669 641 3712 et
672 3675 775 3713 non
797 3659 1067 3716 dimittens
1100 3660 1264 3715 donec
1278 3661 1475 3730 jurans
1521 3660 1619 3715 hoc
1644 3662 1789 3714 dicat
1815 3675 1834 3713 :
1870 3659 2057 3731 (illius

465 3750 616 3804 enim
659 3752 1009 3809 sermonibus
1043 3753 1198 3826 utar)
1234 3772 1254 3804 ε
1285 3752 1427 3807 Jura
1450 3754 1582 3811 mihi
1624 3770 1719 3824 per
1773 3769 1963 3825 corpus
2002 3761 2053 3806 et

468 3842 782 3912 sanguinem
849 3843 1066 3898 Domini
1109 3846 1281 3901 nostri
1326 3844 1458 3900 Iesu
1505 3844 1710 3901 Christi
1742 3845 1881 3917 quod
1919 3862 2057 3900 nun-

467 3950 631 4005 quam
662 3951 745 3991 me
799 3935 1090 4006 aliquando
1122 3938 1460 4010 derelinquas
1512 3940 1593 3994 uel
1631 3942 1701 3993 ad
1751 3936 2054 3995 Cornelium

471 4025 696 4092 redeas;
736 4045 753 4077 ι
790 4036 839 4081 et
871 4027 1141 4099 infaustus
1158 4029 1329 4083 ‘homo
1369 4046 1474 4084 non
1503 4030 1654 4099 prius
1687 4038 1864 4099 gustat
1897 4044 2056 4098 quant

471 4119 575 4174 sibi
603 4131 758 4174 antea
792 4120 1101 4185 maledicat,
1127 4128 1178 4177 et
1203 4136 1300 4191 pro
1329 4137 1388 4176 eo
1411 4129 1470 4174 ut
1503 4119 1650 4175 dicat
1682 4130 1896 4191 accepto
1924 4136 2060 4188 pane

468 4213 568 4267 illo
602 4212 706 4285 (Γ)
740 4231 760 4265 ί
805 4214 1237 4278 Amen,ulterius
1260 4214 1382 4285 jam
1418 4231 1523 4289 nop
1568 4213 1777 4269 redeam
1810 4214 1879 4268 ad
1927 4213 2060 4272 Cor-

469 4306 670 4362 nelium
702 4326 722 4360 ι
761 4307 910 4362 dicit.
944 4306 1216 4365 Praeterea
1239 4304 1409 4362 Fabio
1435 4307 2058 4379 Antiochcnoepiscopo

470 4415 641 4472 super
667 4400 878 4457 Novato
902 4400 1240 4459 claudicanti
1270 4401 1583 4471 Cornelius,
1614 4416 1735 4470 qius
1763 4400 2055 4469 praemissa

470 4501 623 4561 sunt,
665 4501 718 4551 et
750 4494 988 4567 qualiter
1030 4511 1154 4553 eum
1205 4494 1363 4549 multi
1409 4495 1727 4551 deserentes
1769 4494 1834 4547 ad
1871 4493 2060 4549 Eccleo

2164 631 2366 688 Lucius
2423 634 2573 689 circa
2645 633 2841 690 horum
2906 645 3153 703 tempora
3204 633 3441 690 Romani
3497 636 3738 705 episcopi

2159 743 2358 783 cruore
2380 729 2625 799 martyrii
2658 727 2876 801 liorem.
2918 728 3053 783 Cum
3088 730 3309 800 plurimi
3363 717 3601 801 Sitythai,
3647 727 3739 799 qui

2160 820 2321 877 Gothi
2357 822 2638 884 dicuntur,
2666 820 2928 883 'ﬂistrum
2964 821 3191 883 ﬂuvium
3219 821 3327 877 sub
3360 821 3524 877 Decio
3557 831 3740 877 trans-

2160 923 2458 978 meassent,
2510 914 2820 968 Romanum
2876 915 3168 984 imperium
3214 913 3616 970 devastabant:
3651 913 3739 969 isti

2158 1003 2342 1077 Mysos
2373 1004 2678 1076 NicOpolim
2707 1005 2984 1077 fugientes
3008 1007 3392 1063 obtinuerunt.
3427 1006 3627 1061 Decius
3648 1021 3744 1060 au-

2156 1112 2265 1155 tem
2291 1098 2412 1152 illos
2442 1113 2764 1168 aggressus,
2804 1108 2866 1152 ut
2909 1097 3182 1168 Dexippus
3240 1098 3461 1163 scribit,
3516 1098 3741 1165 triginta

2156 1174 2399 1248 millibus
2430 1191 2820 1247 interfectisin
2877 1189 3135 1247 conﬂictu
3191 1190 3483 1255 minuitur,
3557 1190 3635 1245 ita
3684 1198 3743 1245 ut

2157 1279 2587 1353 Philippopolim
2633 1280 2906 1337 desertam
2940 1282 3009 1336 ab
3036 1282 3118 1337 eis
3149 1280 3350 1336 factam
3381 1282 3664 1355 amitteret
3688 1288 3743 1335 et

2155 1371 2400 1428 Thraces
2434 1372 2589 1428 multi
2628 1373 2893 1444 perirent.
2926 1373 3100 1428 Porro
3142 1373 3344 1433 Decius
3394 1372 3744 1442 impugnator

2156 1466 2251 1521 Dei
2278 1464 2440 1519 valde
2468 1465 2835 1535 ignominiose
2875 1465 3150 1521 occiditur
3178 1465 3322 1533 apud
3349 1464 3618 1534 Abrytum
3647 1464 3743 1533 qui

2153 1556 2358 1617 dicitur
2382 1555 2848 1612 Forothembroui
2882 1572 2991 1613 una
3023 1571 3150 1611 cum
3184 1556 3317 1611 fdio.
3349 1554 3569 1625 Scytha:
3612 1570 3743 1610 vero

2153 1664 2279 1709 cum
2312 1647 2563 1719 pluribus
2605 1647 2801 1719 spoliis
2849 1656 2905 1705 et
2951 1648 3188 1718 captivis
3246 1645 3314 1700 ad
3372 1661 3473 1701 sua
3538 1647 3741 1701 reversi

2153 1748 2301 1795 sunt.
2338 1737 2623 1793 Exercitus
2653 1745 2838 1792 autem
2869 1735 3083 1791 Gallum
3116 1736 3435 1806 quemdam,
3489 1736 3582 1805 qui
3610 1736 3740 1791 olim

2155 1827 2350 1884 consul
2381 1826 2691 1891 exstiterat,
2722 1828 3108 1897 imperatorem
3143 1841 3250 1881 una
3287 1841 3411 1881 cum
3444 1825 3742 1881 Volusiano

2086 1888 2127 1945 Β
2158 1917 2311 1975 Decii
2340 1918 2453 1974 lilio
2479 1919 2948 1983 acclamaverunt,
3003 1918 3097 1988 qui
3136 1925 3190 1972 et
3225 1919 3505 1989 imperant
3546 1932 3743 1973 secun-

2158 2012 2290 2068 dum
2320 2012 2627 2083 Dexippum
2649 2011 2935 2068 mensibus
2959 2011 3147 2067 decem
3174 2018 3231 2066 et
3252 2019 3402 2077 octo,
3424 2009 3503 2064 nil
3518 2009 3741 2079 dignum

2158 2101 2320 2157 laude
2342 2109 2618 2173 gerentes,
2652 2101 2954 2157 secundum
2980 2101 3117 2157 alios
3149 2109 3331 2155 autem
3356 2098 3516 2154 annis
3543 2099 3740 2162 tribus,

2155 2202 2321 2260 porro
2348 2189 2651 2244 secundum
2685 2187 2950 2258 quosdam
3013 2186 3174 2244 annis
3211 2185 3467 2254 duobus;
3526 2203 3743 2259 perem-

2156 2280 2347 2354 ptique
2398 2290 2531 2336 sunt
2573 2282 2774 2351 proditi
2819 2298 2849 2338 a
2902 2282 3127 2353 proprio
3182 2289 3469 2353 potentatu
3526 2282 3579 2335 in
3623 2280 3745 2336 loro

2157 2371 2434 2436 Flaminii,
2473 2388 2819 2445 nequaquam
2861 2372 3010 2429 Decii
3041 2389 3225 2433 mores
3264 2372 3484 2439 sectati,
3523 2380 3583 2428 ut
3610 2387 3743 2443 quo-

2156 2461 2283 2517 dam
2327 2464 2382 2518 in
2414 2465 2536 2519 loco
2569 2465 2764 2523 beatus
2826 2464 3121 2534 Dionysius
3172 2464 3603 2529 Alexandrinus,
3648 2479 3747 2518 an-

2155 2556 2314 2613 tistes
2340 2555 2773 2623 Hermammoni,
2808 2558 3026 2614 scribit.
3061 2557 3160 2614 His
3178 2557 3519 2627 temporibus
3538 2555 3746 2626 Grego-

2155 2646 2274 2701 rius
2293 2660 2521 2716 magnus
2537 2656 2591 2701 et
2611 2646 3007 2705 miraculorum
3030 2655 3279 2717 patrator
3293 2646 3348 2700 in
3368 2643 3744 2716 philosophiae,

2155 2753 2281 2809 quae
2314 2738 2619 2795 secundum
2647 2735 2928 2795 Christum
2964 2747 3072 2805 est,
3114 2736 3456 2809 perfectione
3483 2735 3742 2806 fulgebat.

2155 2829 2326 2901 Cujus
2361 2829 2689 2901 condignam
2714 2828 3078 2887 Caesariensis
3097 2828 3397 2894 Eusebius,
3424 2829 3611 2883 nescio
3637 2840 3746 2897 qua

2158 2938 2259 2999 pro
2292 2936 2487 2986 causa,
2537 2921 2876 2978 mentionem
2906 2937 3017 2977 non
3050 2919 3206 2988 facit,
3259 2920 3565 2992 praesertim
3616 2934 3743 2974 cum

2156 3010 2636 3069 irrationabilibus
2702 3011 3207 3069 declamationibus
3284 3010 3438 3080 impii
3489 3008 3746 3081 Origeuis

2156 3112 2428 3170 moretur,
2469 3105 2615 3174 quod
2650 3119 2813 3175 agere
2854 3104 3039 3175 potius
3070 3119 3238 3175 super
3294 3104 3401 3158 hoc
3457 3101 3733 3164 debuerit,

2158 3200 2253 3271 qui
2277 3214 2373 3270 per
2405 3198 2726 3254 universum
2767 3198 2957 3254 orbem
2982 3205 3257 3252 terrarum
3290 3205 3549 3266 personat
3595 3194 3744 3249 divi-

2158 3294 2357 3365 nisque
2395 3291 2581 3346 verbis
2611 3297 2869 3345 coruscat
2898 3299 3062 3358 atque
3085 3287 3374 3361 prodigiis,
3416 3287 3489 3340 ita
3519 3295 3580 3339 ut
3607 3285 3747 3354 ipsis

2156 3388 2322 3444 etiam
2354 3383 2699 3441 daemonibus
2724 3390 2786 3439 ut
2815 3381 3150 3453 quihusdam
3183 3379 3476 3450 mancipiis
3506 3379 3748 3448 impera-

2158 3487 2243 3535 ret
2266 3493 2362 3549 per
2389 3477 2617 3532 multam
2655 3476 2721 3528 ad
2749 3475 2918 3532 Deum
2956 3472 3218 3528 ﬁduciam
3251 3480 3306 3528 et
3331 3471 3456 3528 vitae
3494 3477 3551 3525 et
3586 3469 3747 3525 verbi

2157 3569 2512 3627 munditiam.
2567 3567 2806 3624 Estimo
2858 3573 3043 3621 autem
3087 3561 3385 3620 Eusebium
3431 3562 3506 3616 ita
3539 3560 3747 3616 deities)

2155 3661 2377 3719 virtutis
2418 3659 2689 3718 mirabilis
2747 3666 2805 3714 et
2862 3654 3061 3717 deiferi
3122 3653 3375 3724 Gregorii
3417 3651 3748 3725 magnitudi-

2159 3773 2284 3814 nem
2337 3755 2611 3825 tacuisse,
2646 3769 2747 3826 pro
2785 3767 2851 3809 eo
2904 3750 3051 3827 quod
3102 3749 3439 3811 omnimodis
3479 3765 3653 3818 purus
3694 3756 3748 3804 et

2160 3850 2377 3907 alienus
2412 3849 2481 3904 ab
2516 3846 2772 3917 Origenis
2803 3844 3188 3903 deliramentis
3212 3850 3267 3898 et
3317 3841 3436 3897 Arii
3489 3839 3747 3910 blaspbeo

2159 3942 2288 3998 miis
2317 3940 2507 4007 fuerit,
2543 3939 2747 4010 quibus
2771 3937 3042 3995 Eusebius
3066 3943 3185 3993 erat
3212 3932 3475 3991 infectus.
3506 3932 3611 4000 Qui
3642 3948 3749 3991 nec

2158 4033 2440 4106 Cypriani,
2473 4030 2659 4103 magni
2690 4028 3045 4101 Carthaginis
3075 4025 3258 4098 Libyae
3289 4025 3564 4097 praesulis,
3598 4039 3751 4079 mar-

2162 4126 2364 4196 tyrium
2395 4123 2644 4194 scripsit.
2685 4120 2906 4179 Primus
2931 4118 3209 4190 Cypriane
3231 4115 3624 4188 dogmatizanti
3651 4130 3751 4185 per

2158 4217 2437 4273 lavacrum
2475 4212 2770 4286 quosdam,
2800 4213 2896 4282 qui
2937 4227 3005 4271 ex
3059 4209 3369 4271 haeresibus
3413 4216 3750 4263 convertun-

2160 4318 2276 4376 tur,
2334 4306 2731 4386 puriﬁcandos,
2777 4303 3111 4376 Stephanus.
3179 4300 3274 4372 qui
3338 4310 3464 4371 post
3516 4299 3749 4359 Lucium

2162 4397 2540 4454 Romanorum
2574 4394 2892 4451 moderatus
2922 4401 3006 4450 est
3036 4391 3264 4460 sedem,
3297 4391 3527 4457 restitit,
3555 4399 3752 4461 utpote

2159 4506 2365 4547 novum
2423 4489 2685 4562 quiddam
2732 4494 2934 4559 praeter
2981 4484 3242 4542 Ecclesia:
3291 4483 3752 4539 consuetudinem

470 4588 612 4642 siam
644 4597 894 4659 currant,
944 4589 1261 4644 necessario
1302 4588 1517 4645 scribit.
1575 4588 1634 4641 In
1667 4587 1869 4658 quibus
1899 4595 1952 4644 et
1987 4582 2563 4653 deDintroducenti.
2623 4579 2728 4639 Cui
2796 4578 3082 4650 Stephano
3141 4575 3440 4647 Dionysius
3511 4575 3749 4645 primam

468 4679 634 4733 beato
660 4677 849 4751 Moyse
872 4676 1115 4752 martyre
1162 4679 1433 4746 meminit,
1464 4680 1702 4750 qualiter
1731 4681 1909 4750 ipsum
1940 4678 2053 4739 No-

468 4769 658 4823 vatum
691 4778 816 4825 ante
852 4772 1170 4842 martyrium
1205 4787 1314 4826 una
1350 4784 1474 4831 cum
1503 4772 1751 4842 quinque
1778 4772 2053 4829 schisma-

468 4859 598 4915 ticis
632 4859 972 4932 presbyteris
1018 4860 1161 4935 ejus,
1214 4860 1633 4932 deprehendens
1690 4862 2056 4917 temeritatem

468 4952 668 5023 ipsius,
694 4952 1282 5021 excommunicaverit.
1312 4952 1588 5024 Additque
1607 4954 1660 5008 in
1680 4954 1927 5025 epistola:
1951 4954 2057 5010 line

469 5042 781 5115 catalogum
818 5042 1204 5113 episcoporum
1239 5043 1332 5115 qui
1388 5044 1658 5101 adversus
1706 5060 1831 5107 eum
1870 5041 2059 5105 Roma:

472 5146 848 5191 convenerant
884 5152 983 5207 per
1015 5136 1231 5206 singula
1267 5137 1519 5203 nomina,
1561 5147 1617 5197 et
1667 5138 2054 5208 parochiarum

469 5226 681 5283 faciens
709 5227 1070 5293 mentionem,
1130 5243 1346 5284 necnon
1376 5239 1432 5285 et
1481 5244 1671 5289 eorum
1694 5230 1789 5302 qui
1824 5245 1950 5285 cum
1985 5229 2057 5287 ob

470 5321 782 5376 necessaria
815 5320 1099 5383 obstacula
1141 5338 1250 5377 non
1306 5322 1720 5392 convenissent,
1752 5337 2055 5385 consense-

473 5421 601 5472 runt
631 5419 813 5469 tamen
842 5412 1084 5486 propriis
1129 5414 1331 5471 litteris
1375 5414 1562 5470 divino
1624 5422 1820 5468 contra
1871 5413 2051 5483 ipsum

472 5502 791 5575 deprompto
815 5504 1048 5576 judicio.

547 5595 733 5651 Mundi
787 5613 943 5669 anno
988 5596 1152 5662 5746,
1210 5599 1409 5655 divina:
1470 5598 1870 5655 incarnationis
1909 5614 2054 5654 anno

2161 4693 2321 4738 suam
2349 4677 2418 4735 de
2451 4676 2781 4746 baptismate
2802 4674 2975 4729 mittit
2998 4671 3316 4743 epistolam,
3357 4670 3411 4725 in
3445 4685 3552 4740 qua
3601 4669 3754 4723 inter

2163 4769 2273 4825 alia
2322 4766 2518 4825 scribit
2550 4766 2745 4825 dicens
2776 4783 2791 4821 :
2835 4763 3012 4836 Syriae
3036 4777 3164 4819 sane
3201 4776 3380 4816 omnes
3423 4768 3473 4815 et
3522 4756 3752 4820 Arabia,

2160 4862 2350 4933 quibus
2368 4875 2573 4928 semper
2608 4858 2869 4920 misistis.
2902 4865 3061 4926 atque
3088 4851 3505 4921 Mesopotamia,
3537 4849 3753 4904 Pontus

2159 4956 2212 5001 et
2240 4944 2515 5018 Bithynia,
2545 4954 2601 5000 ut
2637 4945 2962 5015 conjunctim
2985 4958 3249 5004 asseram,
3269 4940 3539 4996 exsultant
3562 4955 3754 4994 omnes

2160 5037 2353 5109 ubique
2382 5037 2673 5095 concordia
2700 5044 2751 5093 et
2783 5052 2966 5091 amore
2992 5033 3351 5104 fraternitatis
3375 5030 3748 5103 gloriﬁcantes

2161 5128 2353 5192 Deum.
2386 5128 2660 5193 Praeterea
2690 5129 2834 5189 idem
2878 5143 3111 5202 magnus
3152 5125 3451 5195 Dionysius
3504 5122 3754 5178 Alexan-

2158 5224 2354 5281 drinus
2386 5223 2687 5294 episcopus
2718 5223 2789 5279 de
2820 5221 3151 5294 baptismate
3177 5220 3375 5276 scribit
3428 5227 3540 5273 tam
3568 5217 3755 5273 eidem

2161 5316 2444 5388 Stephano
2491 5330 2659 5393 quam
2698 5316 2857 5373 Sixto
2889 5316 3135 5389 pontiﬁci
3183 5323 3239 5371 et
3275 5313 3579 5375 Pbilomeni
3623 5328 3759 5383 pre-

2162 5411 2388 5481 εδῖιθτο
2414 5417 2469 5466 ει
2500 5408 2765 5486 Dionysio
2794 5424 2952 5481 aeque
2983 5408 3323 5481 presbytero,
3355 5408 3472 5464 viro
3504 5406 3752 5462 rationa.

2162 5504 2256 5559 bili
2289 5512 2344 5558 et
2366 5502 2629 5571 mirabili,
2651 5501 2749 5576 qui
2780 5510 2834 5559 et
2864 5509 2991 5572 post
3021 5500 3301 5559 modicum
3332 5499 3577 5561 Romano
3604 5512 3755 5569 prae»

2160 5596 2344 5653 ﬁcitur
2371 5597 2591 5652 throno.

1988 5711 2220 5769 NOTAE.

550 5805 648 5882 If)
684 5805 750 5860 νυ
786 5807 1229 5882 Obseﬁgtiongs
1256 5812 1377 5882 Nic.
1412 5810 1634 5882 Rigaltii
1689 5810 1757 5865 ad
1783 5810 2109 5867 Tertulliau.
2148 5810 2229 5866 De
2269 5812 2585 5881 spectaculis
2622 5812 2679 5866 in
2710 5811 2838 5879 line,
2867 5817 2923 5867 et
2950 5808 3199 5867 Menard.
3224 5808 3278 5863 in
3329 5806 3423 5863 lib.
3493 5805 3747 5860 Sacram.

486 5869 540 5924 ει.
569 5869 823 5945 Gregor.,
855 5891 910 5944 p.
931 5877 1035 5937 389
1066 5886 1119 5936 ct
1140 5879 1262 5937 39.1.
1290 5880 1455 5937 FABtl.
