  <div class='ocr_page' id='page_1' title='image "/cluster/home/n/w/nwhite01/storage/ocr_20150623/108/coo.31924054870120/608.png"; bbox 0 0 4088 6420; ppageno 0'>
   <div class='ocr_carea' id='block_1_1' title="bbox 443 405 582 470">
    <p class='ocr_par' dir='ltr' id='par_1_1' title="bbox 443 405 582 470">
     <span class='ocr_line' id='line_1_1' title="bbox 443 405 582 470; baseline -0.029 -1"><span class='ocrx_word' id='word_1_1' title='bbox 443 405 582 470; x_wconf 67' lang='grc' dir='ltr'><strong>τεξοδ</strong></span> 
     </span>
    </p>
   </div>
   <div class='ocr_carea' id='block_1_2' title="bbox 1238 399 2874 468">
    <p class='ocr_par' dir='ltr' id='par_1_2' title="bbox 1238 399 2874 468">
     <span class='ocr_line' id='line_1_2' title="bbox 1238 399 2874 468; baseline 0.003 -5"><span class='ocrx_word' id='word_1_2' title='bbox 1238 401 1607 463; x_wconf 81' lang='lat' dir='ltr'><strong>HISTORIA</strong></span> <span class='ocrx_word' id='word_1_3' title='bbox 1645 403 2219 468; x_wconf 73' lang='lat' dir='ltr'><strong>ECCLESFASTICA</strong></span> <span class='ocrx_word' id='word_1_4' title='bbox 2250 407 2354 467; x_wconf 80' lang='lat' dir='ltr'><strong>EX</strong></span> <span class='ocrx_word' id='word_1_5' title='bbox 2387 399 2874 468; x_wconf 74' lang='lat' dir='ltr'><strong>TIIEOPHANE.</strong></span> 
     </span>
    </p>
   </div>
   <div class='ocr_carea' id='block_1_3' title="bbox 3581 408 3728 471">
    <p class='ocr_par' dir='ltr' id='par_1_3' title="bbox 3581 408 3728 471">
     <span class='ocr_line' id='line_1_3' title="bbox 3581 408 3728 471; baseline 0.007 -1"><span class='ocrx_word' id='word_1_6' title='bbox 3581 408 3728 471; x_wconf 70' lang='lat'><strong>1206&#39;</strong></span> 
     </span>
    </p>
   </div>
   <div class='ocr_carea' id='block_1_4' title="bbox 512 511 3716 587">
    <p class='ocr_par' dir='ltr' id='par_1_4' title="bbox 512 511 3716 587">
     <span class='ocr_line' id='line_1_4' title="bbox 512 511 3716 587; baseline 0.005 -19"><span class='ocrx_word' id='word_1_7' title='bbox 512 513 695 569; x_wconf 80' lang='lat' dir='ltr'><strong>Mundi</strong></span> <span class='ocrx_word' id='word_1_8' title='bbox 755 525 902 567; x_wconf 81' lang='lat' dir='ltr'><strong>anno</strong></span> <span class='ocrx_word' id='word_1_9' title='bbox 955 511 1116 576; x_wconf 69' lang='grc'>5748,</span> <span class='ocrx_word' id='word_1_10' title='bbox 1177 512 1376 568; x_wconf 64' lang='lat' dir='ltr'><strong>divmaa</strong></span> <span class='ocrx_word' id='word_1_11' title='bbox 1424 515 1827 570; x_wconf 74' lang='lat' dir='ltr'><strong>incarnationis</strong></span> <span class='ocrx_word' id='word_1_12' title='bbox 1868 531 2023 576; x_wconf 75' lang='lat' dir='ltr'><strong>anno</strong></span> <span class='ocrx_word' id='word_1_13' title='bbox 2054 523 2100 576; x_wconf 80' lang='grc' dir='ltr'><strong>Α</strong></span> <span class='ocrx_word' id='word_1_14' title='bbox 2131 536 2252 575; x_wconf 91' lang='lat' dir='ltr'><strong>nem</strong></span> <span class='ocrx_word' id='word_1_15' title='bbox 2289 519 2557 577; x_wconf 87' lang='lat' dir='ltr'><strong>adversus</strong></span> <span class='ocrx_word' id='word_1_16' title='bbox 2585 521 2933 578; x_wconf 85' lang='lat' dir='ltr'><strong>Christianos</strong></span> <span class='ocrx_word' id='word_1_17' title='bbox 2963 535 3185 578; x_wconf 88' lang='lat' dir='ltr'><strong>movere</strong></span> <span class='ocrx_word' id='word_1_18' title='bbox 3213 521 3502 587; x_wconf 88' lang='lat' dir='ltr'><strong>niteretur.</strong></span> <span class='ocrx_word' id='word_1_19' title='bbox 3529 527 3716 584; x_wconf 90' lang='lat' dir='ltr'><strong>divino</strong></span> 
     </span>
    </p>
   </div>
   <div class='ocr_carea' id='block_1_5' title="bbox 438 602 2022 677">
    <p class='ocr_par' dir='ltr' id='par_1_5' title="bbox 438 602 2022 677">
     <span class='ocr_line' id='line_1_5' title="bbox 438 602 2022 677; baseline 0.002 -17"><span class='ocrx_word' id='word_1_20' title='bbox 438 607 569 670; x_wconf 72' lang='lat' dir='ltr'><strong>2i8,</strong></span> <span class='ocrx_word' id='word_1_21' title='bbox 605 604 936 659; x_wconf 83' lang='lat' dir='ltr'><strong>Valerianus</strong></span> <span class='ocrx_word' id='word_1_22' title='bbox 966 612 1020 659; x_wconf 91' lang='lat' dir='ltr'><strong>et</strong></span> <span class='ocrx_word' id='word_1_23' title='bbox 1049 602 1314 661; x_wconf 86' lang='lat' dir='ltr'><strong>Galienus</strong></span> <span class='ocrx_word' id='word_1_24' title='bbox 1364 605 1661 676; x_wconf 90' lang='lat' dir='ltr'><strong>imperant.</strong></span> <span class='ocrx_word' id='word_1_25' title='bbox 1707 607 2022 677; x_wconf 83' lang='lat' dir='ltr'><strong>Stephanus</strong></span> 
     </span>
    </p>
   </div>
   <div class='ocr_carea' id='block_1_6' title="bbox 435 695 2020 771">
    <p class='ocr_par' dir='ltr' id='par_1_6' title="bbox 435 695 2020 771">
     <span class='ocr_line' id='line_1_6' title="bbox 435 695 2020 771; baseline 0.001 -18"><span class='ocrx_word' id='word_1_26' title='bbox 435 700 629 754; x_wconf 68' lang='lat' dir='ltr'><strong>Sinus</strong></span> <span class='ocrx_word' id='word_1_27' title='bbox 665 705 717 752; x_wconf 92' lang='lat' dir='ltr'><strong>et</strong></span> <span class='ocrx_word' id='word_1_28' title='bbox 753 697 1046 767; x_wconf 82' lang='lat' dir='ltr'><strong>Dionysius</strong></span> <span class='ocrx_word' id='word_1_29' title='bbox 1082 695 1391 752; x_wconf 76' lang='lat' dir='ltr'><strong>Romanum</strong></span> <span class='ocrx_word' id='word_1_30' title='bbox 1425 697 1767 768; x_wconf 91' lang='lat' dir='ltr'><strong>pontiﬁcium</strong></span> <span class='ocrx_word' id='word_1_31' title='bbox 1802 708 2020 771; x_wconf 84' lang='lat' dir='ltr'><strong>gerunt.</strong></span> 
     </span>
    </p>
   </div>
   <div class='ocr_carea' id='block_1_7' title="bbox 436 788 2026 862">
    <p class='ocr_par' dir='ltr' id='par_1_7' title="bbox 436 788 2026 862">
     <span class='ocr_line' id='line_1_7' title="bbox 436 788 2026 862; baseline 0 -15"><span class='ocrx_word' id='word_1_32' title='bbox 436 791 650 853; x_wconf 75' lang='lat' dir='ltr'><strong>Paulus</strong></span> <span class='ocrx_word' id='word_1_33' title='bbox 697 788 1091 844; x_wconf 85' lang='lat' dir='ltr'><strong>Samosatenus</strong></span> <span class='ocrx_word' id='word_1_34' title='bbox 1131 790 1377 844; x_wconf 87' lang='lat' dir='ltr'><strong>decimus</strong></span> <span class='ocrx_word' id='word_1_35' title='bbox 1431 790 1660 862; x_wconf 78' lang='lat' dir='ltr'><strong>quintus</strong></span> <span class='ocrx_word' id='word_1_36' title='bbox 1725 793 2026 848; x_wconf 70' lang='lat' dir='ltr'><strong>Antiochia:</strong></span> 
     </span>
    </p>
   </div>
   <div class='ocr_carea' id='block_1_8' title="bbox 435 882 2025 954">
    <p class='ocr_par' dir='ltr' id='par_1_8' title="bbox 435 882 2025 954">
     <span class='ocr_line' id='line_1_8' title="bbox 435 882 2025 954; baseline 0.001 -16"><span class='ocrx_word' id='word_1_37' title='bbox 435 883 639 954; x_wconf 84' lang='lat' dir='ltr'><strong>praesul</strong></span> <span class='ocrx_word' id='word_1_38' title='bbox 681 882 936 949; x_wconf 90' lang='lat' dir='ltr'><strong>habetur,</strong></span> <span class='ocrx_word' id='word_1_39' title='bbox 969 882 1174 952; x_wconf 90' lang='lat' dir='ltr'><strong>quique</strong></span> <span class='ocrx_word' id='word_1_40' title='bbox 1211 883 1402 952; x_wconf 87' lang='lat' dir='ltr'><strong>pulsus</strong></span> <span class='ocrx_word' id='word_1_41' title='bbox 1434 890 1517 938; x_wconf 92' lang='lat' dir='ltr'><strong>est</strong></span> <span class='ocrx_word' id='word_1_42' title='bbox 1564 883 1755 938; x_wconf 83' lang='lat' dir='ltr'><strong>divino</strong></span> <span class='ocrx_word' id='word_1_43' title='bbox 1802 882 2025 941; x_wconf 86' lang='lat' dir='ltr'><strong>decreto</strong></span> 
     </span>
    </p>
   </div>
   <div class='ocr_carea' id='block_1_9' title="bbox 435 974 2023 1046">
    <p class='ocr_par' dir='ltr' id='par_1_9' title="bbox 435 974 2023 1046">
     <span class='ocr_line' id='line_1_9' title="bbox 435 974 2023 1046; baseline 0 -15"><span class='ocrx_word' id='word_1_44' title='bbox 435 975 722 1046; x_wconf 81' lang='lat' dir='ltr'><strong>etjudicio</strong></span> <span class='ocrx_word' id='word_1_45' title='bbox 748 983 1067 1029; x_wconf 86' lang='lat' dir='ltr'><strong>sanctorum</strong></span> <span class='ocrx_word' id='word_1_46' title='bbox 1109 974 1354 1036; x_wconf 81' lang='lat' dir='ltr'><strong>Patrum.</strong></span> <span class='ocrx_word' id='word_1_47' title='bbox 1390 991 1512 1028; x_wconf 90' lang='lat' dir='ltr'><strong>cum</strong></span> <span class='ocrx_word' id='word_1_48' title='bbox 1564 975 1882 1030; x_wconf 82' lang='lat' dir='ltr'><strong>Artemonis</strong></span> <span class='ocrx_word' id='word_1_49' title='bbox 1913 977 2023 1031; x_wconf 70' lang='lat' dir='ltr'><strong>bte-</strong></span> 
     </span>
    </p>
   </div>
   <div class='ocr_carea' id='block_1_10' title="bbox 433 1066 2026 1136">
    <p class='ocr_par' dir='ltr' id='par_1_10' title="bbox 433 1066 2026 1136">
     <span class='ocr_line' id='line_1_10' title="bbox 433 1066 2026 1136; baseline -0.001 -13"><span class='ocrx_word' id='word_1_50' title='bbox 433 1070 603 1126; x_wconf 82' lang='lat' dir='ltr'><strong>resim</strong></span> <span class='ocrx_word' id='word_1_51' title='bbox 641 1076 985 1122; x_wconf 79' lang='lat' dir='ltr'><strong>renovasset.</strong></span> <span class='ocrx_word' id='word_1_52' title='bbox 1022 1066 1224 1120; x_wconf 89' lang='lat' dir='ltr'><strong>Verum</strong></span> <span class='ocrx_word' id='word_1_53' title='bbox 1261 1077 1384 1136; x_wconf 90' lang='lat' dir='ltr'><strong>post</strong></span> <span class='ocrx_word' id='word_1_54' title='bbox 1417 1067 1632 1123; x_wconf 85' lang='lat' dir='ltr'><strong>Gallum</strong></span> <span class='ocrx_word' id='word_1_55' title='bbox 1665 1077 1720 1122; x_wconf 93' lang='lat' dir='ltr'><strong>et</strong></span> <span class='ocrx_word' id='word_1_56' title='bbox 1767 1067 2026 1123; x_wconf 81' lang='lat' dir='ltr'><strong>Volusia-</strong></span> 
     </span>
    </p>
   </div>
   <div class='ocr_carea' id='block_1_11' title="bbox 433 1159 2024 1233">
    <p class='ocr_par' dir='ltr' id='par_1_11' title="bbox 433 1159 2024 1233">
     <span class='ocr_line' id='line_1_11' title="bbox 433 1159 2024 1233; baseline 0.001 -17"><span class='ocrx_word' id='word_1_57' title='bbox 433 1177 570 1217; x_wconf 83' lang='lat' dir='ltr'><strong>uum</strong></span> <span class='ocrx_word' id='word_1_58' title='bbox 606 1161 911 1217; x_wconf 89' lang='lat' dir='ltr'><strong>secundum</strong></span> <span class='ocrx_word' id='word_1_59' title='bbox 967 1161 1233 1230; x_wconf 89' lang='lat' dir='ltr'><strong>quosdam</strong></span> <span class='ocrx_word' id='word_1_60' title='bbox 1265 1159 1597 1216; x_wconf 72' lang='lat' dir='ltr'><strong>Aimilianus</strong></span> <span class='ocrx_word' id='word_1_61' title='bbox 1645 1161 1815 1216; x_wconf 90' lang='lat' dir='ltr'><strong>sumit</strong></span> <span class='ocrx_word' id='word_1_62' title='bbox 1852 1163 2024 1233; x_wconf 87' lang='lat' dir='ltr'><strong>impe-</strong></span> 
     </span>
    </p>
   </div>
   <div class='ocr_carea' id='block_1_12' title="bbox 433 1251 2028 1323">
    <p class='ocr_par' dir='ltr' id='par_1_12' title="bbox 433 1251 2028 1323">
     <span class='ocr_line' id='line_1_12' title="bbox 433 1251 2028 1323; baseline 0.001 -14"><span class='ocrx_word' id='word_1_63' title='bbox 433 1257 606 1310; x_wconf 87' lang='lat' dir='ltr'><strong>rium.</strong></span> <span class='ocrx_word' id='word_1_64' title='bbox 643 1254 797 1309; x_wconf 87' lang='lat' dir='ltr'><strong>Tune</strong></span> <span class='ocrx_word' id='word_1_65' title='bbox 822 1261 875 1309; x_wconf 92' lang='lat' dir='ltr'><strong>et</strong></span> <span class='ocrx_word' id='word_1_66' title='bbox 901 1252 1120 1323; x_wconf 68' lang='lat' dir='ltr'><strong>Scythae</strong></span> <span class='ocrx_word' id='word_1_67' title='bbox 1149 1268 1346 1307; x_wconf 85' lang='lat' dir='ltr'><strong>rursus</strong></span> <span class='ocrx_word' id='word_1_68' title='bbox 1388 1251 1635 1307; x_wconf 91' lang='lat' dir='ltr'><strong>Histrum</strong></span> <span class='ocrx_word' id='word_1_69' title='bbox 1679 1261 2028 1311; x_wconf 89' lang='lat' dir='ltr'><strong>transeuntes</strong></span> 
     </span>
    </p>
   </div>
   <div class='ocr_carea' id='block_1_13' title="bbox 433 1341 2026 1414">
    <p class='ocr_par' dir='ltr' id='par_1_13' title="bbox 433 1341 2026 1414">
     <span class='ocr_line' id='line_1_13' title="bbox 433 1341 2026 1414; baseline -0.001 -12"><span class='ocrx_word' id='word_1_70' title='bbox 433 1343 895 1402; x_wconf 80' lang='lat' dir='ltr'><strong>Thessalonicam</strong></span> <span class='ocrx_word' id='word_1_71' title='bbox 928 1347 1115 1399; x_wconf 88' lang='lat' dir='ltr'><strong>urbem</strong></span> <span class='ocrx_word' id='word_1_72' title='bbox 1171 1341 1372 1414; x_wconf 88' lang='lat' dir='ltr'><strong>Illyrici</strong></span> <span class='ocrx_word' id='word_1_73' title='bbox 1429 1354 1813 1400; x_wconf 74' lang='lat' dir='ltr'><strong>vastaverunt.</strong></span> <span class='ocrx_word' id='word_1_74' title='bbox 1864 1346 2026 1402; x_wconf 85' lang='lat' dir='ltr'><strong>Tunc</strong></span> 
     </span>
    </p>
   </div>
   <div class='ocr_carea' id='block_1_14' title="bbox 434 1436 2027 1508">
    <p class='ocr_par' dir='ltr' id='par_1_14' title="bbox 434 1436 2027 1508">
     <span class='ocr_line' id='line_1_14' title="bbox 434 1436 2027 1508; baseline -0.001 -14"><span class='ocrx_word' id='word_1_75' title='bbox 434 1450 492 1495; x_wconf 86' lang='lat' dir='ltr'><strong>et</strong></span> <span class='ocrx_word' id='word_1_76' title='bbox 514 1437 879 1493; x_wconf 83' lang='lat' dir='ltr'><strong>Athenienses</strong></span> <span class='ocrx_word' id='word_1_77' title='bbox 909 1436 1384 1491; x_wconf 61' lang='lat' dir='ltr'><strong>reatdiﬁcaverunt</strong></span> <span class='ocrx_word' id='word_1_78' title='bbox 1413 1453 1651 1502; x_wconf 90' lang='lat' dir='ltr'><strong>murum,</strong></span> <span class='ocrx_word' id='word_1_79' title='bbox 1685 1438 1777 1508; x_wconf 88' lang='lat' dir='ltr'><strong>qui</strong></span> <span class='ocrx_word' id='word_1_80' title='bbox 1811 1438 2027 1494; x_wconf 91' lang='lat' dir='ltr'><strong>destru-</strong></span> 
     </span>
    </p>
   </div>
   <div class='ocr_carea' id='block_1_15' title="bbox 436 1527 2025 1601">
    <p class='ocr_par' dir='ltr' id='par_1_15' title="bbox 436 1527 2025 1601">
     <span class='ocr_line' id='line_1_15' title="bbox 436 1527 2025 1601; baseline -0.001 -14"><span class='ocrx_word' id='word_1_81' title='bbox 436 1542 565 1587; x_wconf 86' lang='lat' dir='ltr'><strong>ctus</strong></span> <span class='ocrx_word' id='word_1_82' title='bbox 595 1530 772 1586; x_wconf 89' lang='lat' dir='ltr'><strong>fuerat</strong></span> <span class='ocrx_word' id='word_1_83' title='bbox 793 1546 821 1584; x_wconf 92' lang='lat' dir='ltr'><strong>a</strong></span> <span class='ocrx_word' id='word_1_84' title='bbox 856 1528 1016 1601; x_wconf 71' lang='lat' dir='ltr'><strong>Syllae</strong></span> <span class='ocrx_word' id='word_1_85' title='bbox 1045 1527 1401 1598; x_wconf 82' lang='lat' dir='ltr'><strong>temporibus.</strong></span> <span class='ocrx_word' id='word_1_86' title='bbox 1436 1528 1652 1600; x_wconf 68' lang='lat' dir='ltr'><strong>Scythae</strong></span> <span class='ocrx_word' id='word_1_87' title='bbox 1683 1539 1865 1585; x_wconf 90' lang='lat' dir='ltr'><strong>autem</strong></span> <span class='ocrx_word' id='word_1_88' title='bbox 1899 1547 2025 1585; x_wconf 90' lang='lat' dir='ltr'><strong>cum</strong></span> 
     </span>
    </p>
   </div>
   <div class='ocr_carea' id='block_1_16' title="bbox 442 1619 2028 1694">
    <p class='ocr_par' dir='ltr' id='par_1_16' title="bbox 442 1619 2028 1694">
     <span class='ocr_line' id='line_1_16' title="bbox 442 1619 2028 1694; baseline 0.001 -19"><span class='ocrx_word' id='word_1_89' title='bbox 442 1624 635 1677; x_wconf 84' lang='lat' dir='ltr'><strong>multis</strong></span> <span class='ocrx_word' id='word_1_90' title='bbox 677 1622 881 1694; x_wconf 68' lang='lat' dir='ltr'><strong>prmdis</strong></span> <span class='ocrx_word' id='word_1_91' title='bbox 915 1621 981 1674; x_wconf 92' lang='lat' dir='ltr'><strong>ad</strong></span> <span class='ocrx_word' id='word_1_92' title='bbox 1016 1619 1238 1690; x_wconf 89' lang='lat' dir='ltr'><strong>propria</strong></span> <span class='ocrx_word' id='word_1_93' title='bbox 1289 1629 1619 1674; x_wconf 82' lang='lat' dir='ltr'><strong>remearunt.</strong></span> <span class='ocrx_word' id='word_1_94' title='bbox 1666 1619 1820 1674; x_wconf 90' lang='lat' dir='ltr'><strong>Tunc</strong></span> <span class='ocrx_word' id='word_1_95' title='bbox 1846 1631 1898 1676; x_wconf 87' lang='lat' dir='ltr'><strong>et</strong></span> <span class='ocrx_word' id='word_1_96' title='bbox 1923 1622 2028 1677; x_wconf 88' lang='lat' dir='ltr'><strong>He-</strong></span> 
     </span>
    </p>
   </div>
   <div class='ocr_carea' id='block_1_17' title="bbox 439 1711 2028 1786">
    <p class='ocr_par' dir='ltr' id='par_1_17' title="bbox 439 1711 2028 1786">
     <span class='ocr_line' id='line_1_17' title="bbox 439 1711 2028 1786; baseline 0.001 -16"><span class='ocrx_word' id='word_1_97' title='bbox 439 1717 548 1771; x_wconf 88' lang='lat' dir='ltr'><strong>luri</strong></span> <span class='ocrx_word' id='word_1_98' title='bbox 575 1730 698 1770; x_wconf 92' lang='lat' dir='ltr'><strong>cum</strong></span> <span class='ocrx_word' id='word_1_99' title='bbox 731 1713 1050 1786; x_wconf 71' lang='lat' dir='ltr'><strong>quingentis</strong></span> <span class='ocrx_word' id='word_1_100' title='bbox 1094 1711 1330 1768; x_wconf 82' lang='lat' dir='ltr'><strong>navibus</strong></span> <span class='ocrx_word' id='word_1_101' title='bbox 1357 1727 1451 1781; x_wconf 91' lang='lat' dir='ltr'><strong>per</strong></span> <span class='ocrx_word' id='word_1_102' title='bbox 1479 1711 1758 1769; x_wconf 66' lang='lat' dir='ltr'><strong>Maeotides</strong></span> <span class='ocrx_word' id='word_1_103' title='bbox 1800 1713 2028 1784; x_wconf 87' lang='lat' dir='ltr'><strong>paludes</strong></span> 
     </span>
    </p>
   </div>
   <div class='ocr_carea' id='block_1_18' title="bbox 440 1801 2026 1876">
    <p class='ocr_par' dir='ltr' id='par_1_18' title="bbox 440 1801 2026 1876">
     <span class='ocr_line' id='line_1_18' title="bbox 440 1801 2026 1876; baseline -0.001 -14"><span class='ocrx_word' id='word_1_104' title='bbox 440 1809 512 1864; x_wconf 87' lang='lat' dir='ltr'><strong>ad</strong></span> <span class='ocrx_word' id='word_1_105' title='bbox 547 1806 781 1860; x_wconf 84' lang='lat' dir='ltr'><strong>Pontum</strong></span> <span class='ocrx_word' id='word_1_106' title='bbox 817 1805 1144 1874; x_wconf 79' lang='lat' dir='ltr'><strong>navigantes</strong></span> <span class='ocrx_word' id='word_1_107' title='bbox 1189 1801 1514 1874; x_wconf 86' lang='lat' dir='ltr'><strong>Byzantium</strong></span> <span class='ocrx_word' id='word_1_108' title='bbox 1552 1812 1606 1858; x_wconf 91' lang='lat' dir='ltr'><strong>et</strong></span> <span class='ocrx_word' id='word_1_109' title='bbox 1645 1803 2026 1876; x_wconf 84' lang='lat' dir='ltr'><strong>Chry50polim</strong></span> 
     </span>
    </p>
   </div>
   <div class='ocr_carea' id='block_1_19' title="bbox 439 1913 730 1976">
    <p class='ocr_par' dir='ltr' id='par_1_19' title="bbox 439 1913 730 1976">
     <span class='ocr_line' id='line_1_19' title="bbox 439 1913 730 1976; baseline 0.003 -17"><span class='ocrx_word' id='word_1_110' title='bbox 439 1913 730 1976; x_wconf 86' lang='lat' dir='ltr'><strong>ceperunt.</strong></span> 
     </span>
    </p>
   </div>
   <div class='ocr_carea' id='block_1_20' title="bbox 512 1990 2031 2056">
    <p class='ocr_par' dir='ltr' id='par_1_20' title="bbox 512 1990 2031 2056">
     <span class='ocr_line' id='line_1_20' title="bbox 512 1990 2031 2056; baseline -0.004 -7"><span class='ocrx_word' id='word_1_111' title='bbox 512 1998 673 2050; x_wconf 88' lang='lat' dir='ltr'><strong>Anno</strong></span> <span class='ocrx_word' id='word_1_112' title='bbox 721 1995 910 2048; x_wconf 87' lang='lat' dir='ltr'><strong>mundi</strong></span> <span class='ocrx_word' id='word_1_113' title='bbox 964 1994 1122 2056; x_wconf 75' lang='lat'><strong>5755,</strong></span> <span class='ocrx_word' id='word_1_114' title='bbox 1174 1992 1374 2048; x_wconf 64' lang='lat' dir='ltr'><strong>divinae</strong></span> <span class='ocrx_word' id='word_1_115' title='bbox 1432 1990 1834 2045; x_wconf 84' lang='lat' dir='ltr'><strong>incarnationis</strong></span> <span class='ocrx_word' id='word_1_116' title='bbox 1886 2004 2031 2044; x_wconf 86' lang='lat' dir='ltr'><strong>anno</strong></span> 
     </span>
    </p>
   </div>
   <div class='ocr_carea' id='block_1_21' title="bbox 437 2083 2032 2156">
    <p class='ocr_par' dir='ltr' id='par_1_21' title="bbox 437 2083 2032 2156">
     <span class='ocr_line' id='line_1_21' title="bbox 437 2083 2032 2156; baseline -0.003 -15"><span class='ocrx_word' id='word_1_117' title='bbox 437 2089 570 2150; x_wconf 77' lang='lat'><strong>9.55.</strong></span> <span class='ocrx_word' id='word_1_118' title='bbox 602 2087 866 2142; x_wconf 89' lang='lat' dir='ltr'><strong>Claudius</strong></span> <span class='ocrx_word' id='word_1_119' title='bbox 926 2088 1178 2156; x_wconf 89' lang='lat' dir='ltr'><strong>imperat.</strong></span> <span class='ocrx_word' id='word_1_120' title='bbox 1217 2083 1404 2138; x_wconf 86' lang='lat' dir='ltr'><strong>Heluri</strong></span> <span class='ocrx_word' id='word_1_121' title='bbox 1468 2085 1634 2139; x_wconf 89' lang='lat' dir='ltr'><strong>etiam</strong></span> <span class='ocrx_word' id='word_1_122' title='bbox 1677 2099 1873 2138; x_wconf 89' lang='lat' dir='ltr'><strong>rursus</strong></span> <span class='ocrx_word' id='word_1_123' title='bbox 1931 2083 2032 2137; x_wconf 90' lang='lat' dir='ltr'><strong>sub</strong></span> 
     </span>
    </p>
   </div>
   <div class='ocr_carea' id='block_1_22' title="bbox 439 2172 2026 2246">
    <p class='ocr_par' dir='ltr' id='par_1_22' title="bbox 439 2172 2026 2246">
     <span class='ocr_line' id='line_1_22' title="bbox 439 2172 2026 2246; baseline -0.003 -14"><span class='ocrx_word' id='word_1_124' title='bbox 439 2180 550 2234; x_wconf 91' lang='lat' dir='ltr'><strong>isto</strong></span> <span class='ocrx_word' id='word_1_125' title='bbox 575 2178 868 2233; x_wconf 78' lang='lat' dir='ltr'><strong>infeliciter</strong></span> <span class='ocrx_word' id='word_1_126' title='bbox 897 2185 1217 2246; x_wconf 85' lang='lat' dir='ltr'><strong>operantur.</strong></span> <span class='ocrx_word' id='word_1_127' title='bbox 1247 2174 1377 2228; x_wconf 86' lang='lat' dir='ltr'><strong>Post</strong></span> <span class='ocrx_word' id='word_1_128' title='bbox 1409 2173 1700 2228; x_wconf 88' lang='lat' dir='ltr'><strong>Claudium</strong></span> <span class='ocrx_word' id='word_1_129' title='bbox 1719 2172 2026 2240; x_wconf 78' lang='lat' dir='ltr'><strong>Quintilius</strong></span> 
     </span>
    </p>
   </div>
   <div class='ocr_carea' id='block_1_23' title="bbox 437 2267 1570 2338">
    <p class='ocr_par' dir='ltr' id='par_1_23' title="bbox 437 2267 1570 2338">
     <span class='ocr_line' id='line_1_23' title="bbox 437 2267 1570 2338; baseline -0.006 -14"><span class='ocrx_word' id='word_1_130' title='bbox 437 2269 686 2324; x_wconf 84' lang='lat' dir='ltr'><strong>obtinuit</strong></span> <span class='ocrx_word' id='word_1_131' title='bbox 711 2283 808 2338; x_wconf 91' lang='lat' dir='ltr'><strong>per</strong></span> <span class='ocrx_word' id='word_1_132' title='bbox 837 2268 953 2322; x_wconf 90' lang='lat' dir='ltr'><strong>dies</strong></span> <span class='ocrx_word' id='word_1_133' title='bbox 981 2267 1066 2330; x_wconf 83' lang='grc'>17,</span> <span class='ocrx_word' id='word_1_134' title='bbox 1103 2277 1156 2322; x_wconf 93' lang='lat' dir='ltr'><strong>et</strong></span> <span class='ocrx_word' id='word_1_135' title='bbox 1187 2273 1436 2321; x_wconf 90' lang='lat' dir='ltr'><strong>mortuus</strong></span> <span class='ocrx_word' id='word_1_136' title='bbox 1466 2273 1570 2319; x_wconf 87' lang='lat' dir='ltr'><strong>est.</strong></span> 
     </span>
    </p>
   </div>
   <div class='ocr_carea' id='block_1_24' title="bbox 517 2356 2024 2425">
    <p class='ocr_par' dir='ltr' id='par_1_24' title="bbox 517 2356 2024 2425">
     <span class='ocr_line' id='line_1_24' title="bbox 517 2356 2024 2425; baseline -0.003 -9"><span class='ocrx_word' id='word_1_137' title='bbox 517 2359 701 2416; x_wconf 84' lang='lat' dir='ltr'><strong>Mundi</strong></span> <span class='ocrx_word' id='word_1_138' title='bbox 755 2377 901 2414; x_wconf 91' lang='lat' dir='ltr'><strong>anno</strong></span> <span class='ocrx_word' id='word_1_139' title='bbox 955 2360 1115 2425; x_wconf 70' lang='grc'>5764,</span> <span class='ocrx_word' id='word_1_140' title='bbox 1171 2359 1369 2414; x_wconf 69' lang='lat' dir='ltr'><strong>divina:</strong></span> <span class='ocrx_word' id='word_1_141' title='bbox 1423 2356 1823 2412; x_wconf 87' lang='lat' dir='ltr'><strong>incarnationis</strong></span> <span class='ocrx_word' id='word_1_142' title='bbox 1880 2372 2024 2411; x_wconf 88' lang='lat' dir='ltr'><strong>anno</strong></span> 
     </span>
    </p>
   </div>
   <div class='ocr_carea' id='block_1_25' title="bbox 438 2447 2023 2523">
    <p class='ocr_par' dir='ltr' id='par_1_25' title="bbox 438 2447 2023 2523">
     <span class='ocr_line' id='line_1_25' title="bbox 438 2447 2023 2523; baseline -0.003 -15"><span class='ocrx_word' id='word_1_143' title='bbox 438 2454 568 2521; x_wconf 67' lang='grc'>264,</span> <span class='ocrx_word' id='word_1_144' title='bbox 598 2455 929 2508; x_wconf 82' lang='lat' dir='ltr'><strong>Aurelianus</strong></span> <span class='ocrx_word' id='word_1_145' title='bbox 959 2454 1211 2523; x_wconf 82' lang='lat' dir='ltr'><strong>imperat,</strong></span> <span class='ocrx_word' id='word_1_146' title='bbox 1241 2452 1344 2506; x_wconf 84' lang='lat' dir='ltr'><strong>sub</strong></span> <span class='ocrx_word' id='word_1_147' title='bbox 1380 2467 1490 2520; x_wconf 93' lang='lat' dir='ltr'><strong>quo</strong></span> <span class='ocrx_word' id='word_1_148' title='bbox 1517 2451 1674 2505; x_wconf 89' lang='lat' dir='ltr'><strong>aiunt</strong></span> <span class='ocrx_word' id='word_1_149' title='bbox 1721 2447 2023 2503; x_wconf 83' lang='lat' dir='ltr'><strong>Philostra-</strong></span> 
     </span>
    </p>
   </div>
   <div class='ocr_carea' id='block_1_26' title="bbox 441 2542 2019 2614">
    <p class='ocr_par' dir='ltr' id='par_1_26' title="bbox 441 2542 2019 2614">
     <span class='ocr_line' id='line_1_26' title="bbox 441 2542 2019 2614; baseline -0.006 -12"><span class='ocrx_word' id='word_1_150' title='bbox 441 2559 558 2602; x_wconf 85' lang='lat' dir='ltr'><strong>tum</strong></span> <span class='ocrx_word' id='word_1_151' title='bbox 589 2546 1008 2602; x_wconf 84' lang='lat' dir='ltr'><strong>Atheniensium</strong></span> <span class='ocrx_word' id='word_1_152' title='bbox 1055 2544 1564 2614; x_wconf 82' lang='lat' dir='ltr'><strong>historiographum</strong></span> <span class='ocrx_word' id='word_1_153' title='bbox 1609 2551 1663 2596; x_wconf 88' lang='lat' dir='ltr'><strong>et</strong></span> <span class='ocrx_word' id='word_1_154' title='bbox 1713 2542 2019 2611; x_wconf 82' lang='lat' dir='ltr'><strong>Longinum</strong></span> 
     </span>
    </p>
   </div>
   <div class='ocr_carea' id='block_1_27' title="bbox 437 2633 2023 2710">
    <p class='ocr_par' dir='ltr' id='par_1_27' title="bbox 437 2633 2023 2710">
     <span class='ocr_line' id='line_1_27' title="bbox 437 2633 2023 2710; baseline -0.006 -16"><span class='ocrx_word' id='word_1_155' title='bbox 437 2641 670 2710; x_wconf 84' lang='lat' dir='ltr'><strong>pollere.</strong></span> <span class='ocrx_word' id='word_1_156' title='bbox 703 2638 829 2705; x_wconf 82' lang='lat' dir='ltr'><strong>Qui,</strong></span> <span class='ocrx_word' id='word_1_157' title='bbox 857 2638 1112 2694; x_wconf 86' lang='lat' dir='ltr'><strong>videlicet</strong></span> <span class='ocrx_word' id='word_1_158' title='bbox 1145 2637 1497 2702; x_wconf 84' lang='lat' dir='ltr'><strong>Aurelianus,</strong></span> <span class='ocrx_word' id='word_1_159' title='bbox 1525 2650 1651 2688; x_wconf 90' lang='lat' dir='ltr'><strong>cum</strong></span> <span class='ocrx_word' id='word_1_160' title='bbox 1683 2633 2023 2704; x_wconf 75' lang='lat' dir='ltr'><strong>persecutio~</strong></span> 
     </span>
    </p>
   </div>
   <div class='ocr_carea' id='block_1_28' title="bbox 2129 611 3716 685">
    <p class='ocr_par' dir='ltr' id='par_1_28' title="bbox 2129 611 3716 685">
     <span class='ocr_line' id='line_1_28' title="bbox 2129 611 3716 685; baseline 0.004 -19"><span class='ocrx_word' id='word_1_161' title='bbox 2129 611 2360 667; x_wconf 78' lang='lat' dir='ltr'><strong>fulmine</strong></span> <span class='ocrx_word' id='word_1_162' title='bbox 2393 613 2738 682; x_wconf 87' lang='lat' dir='ltr'><strong>prohibetur,</strong></span> <span class='ocrx_word' id='word_1_163' title='bbox 2766 611 3068 685; x_wconf 89' lang='lat' dir='ltr'><strong>fraudeque</strong></span> <span class='ocrx_word' id='word_1_164' title='bbox 3092 629 3318 669; x_wconf 91' lang='lat' dir='ltr'><strong>suorum</strong></span> <span class='ocrx_word' id='word_1_165' title='bbox 3353 616 3572 672; x_wconf 85' lang='lat' dir='ltr'><strong>occisus</strong></span> <span class='ocrx_word' id='word_1_166' title='bbox 3631 628 3716 672; x_wconf 79' lang='lat' dir='ltr'><strong>est</strong></span> 
     </span>
    </p>
   </div>
   <div class='ocr_carea' id='block_1_29' title="bbox 2128 705 3716 778">
    <p class='ocr_par' dir='ltr' id='par_1_29' title="bbox 2128 705 3716 778">
     <span class='ocr_line' id='line_1_29' title="bbox 2128 705 3716 778; baseline 0.002 -20"><span class='ocrx_word' id='word_1_167' title='bbox 2128 705 2182 758; x_wconf 90' lang='lat' dir='ltr'><strong>in</strong></span> <span class='ocrx_word' id='word_1_168' title='bbox 2208 705 2606 774; x_wconf 77' lang='lat' dir='ltr'><strong>Caenophrurio</strong></span> <span class='ocrx_word' id='word_1_169' title='bbox 2647 707 2828 777; x_wconf 91' lang='lat' dir='ltr'><strong>posito</strong></span> <span class='ocrx_word' id='word_1_170' title='bbox 2864 708 3006 762; x_wconf 89' lang='lat' dir='ltr'><strong>inter</strong></span> <span class='ocrx_word' id='word_1_171' title='bbox 3059 707 3380 778; x_wconf 82' lang='lat' dir='ltr'><strong>Byzantium</strong></span> <span class='ocrx_word' id='word_1_172' title='bbox 3436 717 3493 762; x_wconf 91' lang='lat' dir='ltr'><strong>et</strong></span> <span class='ocrx_word' id='word_1_173' title='bbox 3543 708 3716 764; x_wconf 85' lang='lat' dir='ltr'><strong>Hera-</strong></span> 
     </span>
    </p>
   </div>
   <div class='ocr_carea' id='block_1_30' title="bbox 2132 795 3714 869">
    <p class='ocr_par' dir='ltr' id='par_1_30' title="bbox 2132 795 3714 869">
     <span class='ocr_line' id='line_1_30' title="bbox 2132 795 3714 869; baseline 0.001 -19"><span class='ocrx_word' id='word_1_174' title='bbox 2132 797 2318 850; x_wconf 87' lang='lat' dir='ltr'><strong>cliam.</strong></span> <span class='ocrx_word' id='word_1_175' title='bbox 2348 795 2480 851; x_wconf 82' lang='lat' dir='ltr'><strong>Post</strong></span> <span class='ocrx_word' id='word_1_176' title='bbox 2513 813 2672 867; x_wconf 86' lang='lat' dir='ltr'><strong>quem</strong></span> <span class='ocrx_word' id='word_1_177' title='bbox 2708 798 2943 867; x_wconf 88' lang='lat' dir='ltr'><strong>imperat</strong></span> <span class='ocrx_word' id='word_1_178' title='bbox 2974 797 3197 853; x_wconf 87' lang='lat' dir='ltr'><strong>Tacitus</strong></span> <span class='ocrx_word' id='word_1_179' title='bbox 3226 815 3240 860; x_wconf 85' lang='lat'>;</span> <span class='ocrx_word' id='word_1_180' title='bbox 3279 815 3388 869; x_wconf 91' lang='lat' dir='ltr'><strong>quo</strong></span> <span class='ocrx_word' id='word_1_181' title='bbox 3435 811 3714 868; x_wconf 80' lang='lat' dir='ltr'><strong>perempto</strong></span> 
     </span>
    </p>
   </div>
   <div class='ocr_carea' id='block_1_31' title="bbox 2129 887 3712 960">
    <p class='ocr_par' dir='ltr' id='par_1_31' title="bbox 2129 887 3712 960">
     <span class='ocr_line' id='line_1_31' title="bbox 2129 887 3712 960; baseline 0.001 -18"><span class='ocrx_word' id='word_1_182' title='bbox 2129 888 2363 958; x_wconf 87' lang='lat' dir='ltr'><strong>imperat</strong></span> <span class='ocrx_word' id='word_1_183' title='bbox 2389 887 2736 943; x_wconf 82' lang='lat' dir='ltr'><strong>Philorianus</strong></span> <span class='ocrx_word' id='word_1_184' title='bbox 2759 907 2772 952; x_wconf 88' lang='lat'>;</span> <span class='ocrx_word' id='word_1_185' title='bbox 2793 905 2902 960; x_wconf 92' lang='lat' dir='ltr'><strong>quo</strong></span> <span class='ocrx_word' id='word_1_186' title='bbox 2925 889 3212 945; x_wconf 78' lang='lat' dir='ltr'><strong>interfecto</strong></span> <span class='ocrx_word' id='word_1_187' title='bbox 3231 891 3461 960; x_wconf 89' lang='lat' dir='ltr'><strong>imperat</strong></span> <span class='ocrx_word' id='word_1_188' title='bbox 3480 890 3712 946; x_wconf 83' lang='lat' dir='ltr'><strong>Probus.</strong></span> 
     </span>
    </p>
   </div>
   <div class='ocr_carea' id='block_1_32' title="bbox 2202 981 3717 1048">
    <p class='ocr_par' dir='ltr' id='par_1_32' title="bbox 2202 981 3717 1048">
     <span class='ocr_line' id='line_1_32' title="bbox 2202 981 3717 1048; baseline 0.002 -13"><span class='ocrx_word' id='word_1_189' title='bbox 2202 981 2385 1036; x_wconf 81' lang='lat' dir='ltr'><strong>Mundi</strong></span> <span class='ocrx_word' id='word_1_190' title='bbox 2442 999 2586 1036; x_wconf 90' lang='lat' dir='ltr'><strong>anno</strong></span> <span class='ocrx_word' id='word_1_191' title='bbox 2640 981 2804 1048; x_wconf 82' lang='grc'>5770,</span> <span class='ocrx_word' id='word_1_192' title='bbox 2859 984 3057 1036; x_wconf 65' lang='lat' dir='ltr'><strong>divinae</strong></span> <span class='ocrx_word' id='word_1_193' title='bbox 3121 983 3514 1039; x_wconf 80' lang='lat' dir='ltr'><strong>incarnationis</strong></span> <span class='ocrx_word' id='word_1_194' title='bbox 3571 1001 3717 1038; x_wconf 91' lang='lat' dir='ltr'><strong>anno</strong></span> 
     </span>
    </p>
   </div>
   <div class='ocr_carea' id='block_1_33' title="bbox 2130 1072 3718 1144">
    <p class='ocr_par' dir='ltr' id='par_1_33' title="bbox 2130 1072 3718 1144">
     <span class='ocr_line' id='line_1_33' title="bbox 2130 1072 3718 1144; baseline 0.002 -17"><span class='ocrx_word' id='word_1_195' title='bbox 2130 1073 2261 1137; x_wconf 73' lang='lat'><strong>9.70,</strong></span> <span class='ocrx_word' id='word_1_196' title='bbox 2296 1075 2456 1128; x_wconf 89' lang='lat' dir='ltr'><strong>tertio</strong></span> <span class='ocrx_word' id='word_1_197' title='bbox 2488 1090 2633 1127; x_wconf 90' lang='lat' dir='ltr'><strong>anno</strong></span> <span class='ocrx_word' id='word_1_198' title='bbox 2657 1072 2838 1128; x_wconf 91' lang='lat' dir='ltr'><strong>Probo</strong></span> <span class='ocrx_word' id='word_1_199' title='bbox 2875 1074 3179 1144; x_wconf 86' lang='lat' dir='ltr'><strong>imperante</strong></span> <span class='ocrx_word' id='word_1_200' title='bbox 3207 1075 3492 1130; x_wconf 85' lang='lat' dir='ltr'><strong>Anatolius</strong></span> <span class='ocrx_word' id='word_1_201' title='bbox 3516 1073 3718 1130; x_wconf 89' lang='lat' dir='ltr'><strong>Laodi-</strong></span> 
     </span>
    </p>
   </div>
   <div class='ocr_carea' id='block_1_34' title="bbox 2131 1164 3717 1236">
    <p class='ocr_par' dir='ltr' id='par_1_34' title="bbox 2131 1164 3717 1236">
     <span class='ocr_line' id='line_1_34' title="bbox 2131 1164 3717 1236; baseline 0.004 -20"><span class='ocrx_word' id='word_1_202' title='bbox 2131 1179 2303 1218; x_wconf 91' lang='lat' dir='ltr'><strong>cenus</strong></span> <span class='ocrx_word' id='word_1_203' title='bbox 2362 1164 2658 1233; x_wconf 87' lang='lat' dir='ltr'><strong>cpiscopus</strong></span> <span class='ocrx_word' id='word_1_204' title='bbox 2743 1166 3144 1236; x_wconf 81' lang='lat' dir='ltr'><strong>philosOphicis</strong></span> <span class='ocrx_word' id='word_1_205' title='bbox 3227 1169 3424 1222; x_wconf 91' lang='lat' dir='ltr'><strong>studiis</strong></span> <span class='ocrx_word' id='word_1_206' title='bbox 3481 1170 3717 1223; x_wconf 72' lang='lat' dir='ltr'><strong>decorus</strong></span> 
     </span>
    </p>
   </div>
   <div class='ocr_carea' id='block_1_35' title="bbox 2133 1257 3718 1328">
    <p class='ocr_par' dir='ltr' id='par_1_35' title="bbox 2133 1257 3718 1328">
     <span class='ocr_line' id='line_1_35' title="bbox 2133 1257 3718 1328; baseline 0.003 -17"><span class='ocrx_word' id='word_1_207' title='bbox 2133 1257 2474 1326; x_wconf 81' lang='lat' dir='ltr'><strong>agnoscitur.</strong></span> <span class='ocrx_word' id='word_1_208' title='bbox 2519 1259 2727 1322; x_wconf 80' lang='lat' dir='ltr'><strong>Quarto</strong></span> <span class='ocrx_word' id='word_1_209' title='bbox 2763 1273 2891 1311; x_wconf 85' lang='lat' dir='ltr'><strong>vero</strong></span> <span class='ocrx_word' id='word_1_210' title='bbox 2917 1274 3063 1312; x_wconf 90' lang='lat' dir='ltr'><strong>anno</strong></span> <span class='ocrx_word' id='word_1_211' title='bbox 3083 1259 3201 1328; x_wconf 82' lang='lat' dir='ltr'><strong>ejus</strong></span> <span class='ocrx_word' id='word_1_212' title='bbox 3233 1277 3558 1314; x_wconf 80' lang='lat' dir='ltr'><strong>vcsanorum</strong></span> <span class='ocrx_word' id='word_1_213' title='bbox 3605 1262 3718 1315; x_wconf 85' lang='lat' dir='ltr'><strong>Ma-</strong></span> 
     </span>
    </p>
   </div>
   <div class='ocr_carea' id='block_1_36' title="bbox 2134 1349 3719 1421">
    <p class='ocr_par' dir='ltr' id='par_1_36' title="bbox 2134 1349 3719 1421">
     <span class='ocr_line' id='line_1_36' title="bbox 2134 1349 3719 1421; baseline 0.005 -19"><span class='ocrx_word' id='word_1_214' title='bbox 2134 1349 2467 1404; x_wconf 62' lang='lat' dir='ltr'><strong>nichaeorum</strong></span> <span class='ocrx_word' id='word_1_215' title='bbox 2537 1350 2777 1405; x_wconf 82' lang='lat' dir='ltr'><strong>exitialis</strong></span> <span class='ocrx_word' id='word_1_216' title='bbox 2816 1351 3052 1421; x_wconf 89' lang='lat' dir='ltr'><strong>perditio</strong></span> <span class='ocrx_word' id='word_1_217' title='bbox 3107 1354 3230 1406; x_wconf 63' lang='lat' dir='ltr'><strong>vitae</strong></span> <span class='ocrx_word' id='word_1_218' title='bbox 3295 1355 3574 1409; x_wconf 89' lang='lat' dir='ltr'><strong>hominum</strong></span> <span class='ocrx_word' id='word_1_219' title='bbox 3635 1366 3719 1410; x_wconf 86' lang='lat' dir='ltr'><strong>est</strong></span> 
     </span>
    </p>
   </div>
   <div class='ocr_carea' id='block_1_37' title="bbox 2133 1443 2302 1496">
    <p class='ocr_par' dir='ltr' id='par_1_37' title="bbox 2133 1443 2302 1496">
     <span class='ocr_line' id='line_1_37' title="bbox 2133 1443 2302 1496; baseline -0.012 0"><span class='ocrx_word' id='word_1_220' title='bbox 2133 1443 2302 1496; x_wconf 87' lang='lat' dir='ltr'><strong>illata.</strong></span> 
     </span>
    </p>
   </div>
   <div class='ocr_carea' id='block_1_38' title="bbox 2204 1532 3720 1597">
    <p class='ocr_par' dir='ltr' id='par_1_38' title="bbox 2204 1532 3720 1597">
     <span class='ocr_line' id='line_1_38' title="bbox 2204 1532 3720 1597; baseline 0.003 -11"><span class='ocrx_word' id='word_1_221' title='bbox 2204 1532 2387 1588; x_wconf 81' lang='lat' dir='ltr'><strong>Mundi</strong></span> <span class='ocrx_word' id='word_1_222' title='bbox 2444 1549 2589 1589; x_wconf 91' lang='lat' dir='ltr'><strong>anno</strong></span> <span class='ocrx_word' id='word_1_223' title='bbox 2633 1534 2797 1597; x_wconf 84' lang='grc'>5775,</span> <span class='ocrx_word' id='word_1_224' title='bbox 2853 1533 3053 1588; x_wconf 53' lang='lat' dir='ltr'><strong>divinae.</strong></span> <span class='ocrx_word' id='word_1_225' title='bbox 3116 1535 3516 1591; x_wconf 85' lang='lat' dir='ltr'><strong>incarnationis</strong></span> <span class='ocrx_word' id='word_1_226' title='bbox 3575 1551 3720 1591; x_wconf 89' lang='lat' dir='ltr'><strong>anno</strong></span> 
     </span>
    </p>
   </div>
   <div class='ocr_carea' id='block_1_39' title="bbox 2130 1621 3719 1697">
    <p class='ocr_par' dir='ltr' id='par_1_39' title="bbox 2130 1621 3719 1697">
     <span class='ocr_line' id='line_1_39' title="bbox 2130 1621 3719 1697; baseline 0.001 -17"><span class='ocrx_word' id='word_1_227' title='bbox 2130 1625 2257 1694; x_wconf 72' lang='lat'><strong>275,</strong></span> <span class='ocrx_word' id='word_1_228' title='bbox 2295 1625 2470 1681; x_wconf 86' lang='lat' dir='ltr'><strong>Carus</strong></span> <span class='ocrx_word' id='word_1_229' title='bbox 2503 1642 2628 1681; x_wconf 90' lang='lat' dir='ltr'><strong>cum</strong></span> <span class='ocrx_word' id='word_1_230' title='bbox 2667 1625 2793 1681; x_wconf 90' lang='lat' dir='ltr'><strong>ﬁliis</strong></span> <span class='ocrx_word' id='word_1_231' title='bbox 2837 1621 3042 1681; x_wconf 87' lang='lat' dir='ltr'><strong>Carino</strong></span> <span class='ocrx_word' id='word_1_232' title='bbox 3087 1635 3139 1680; x_wconf 88' lang='lat' dir='ltr'><strong>et</strong></span> <span class='ocrx_word' id='word_1_233' title='bbox 3176 1625 3509 1681; x_wconf 85' lang='lat' dir='ltr'><strong>Numeriano</strong></span> <span class='ocrx_word' id='word_1_234' title='bbox 3550 1628 3719 1697; x_wconf 82' lang='lat' dir='ltr'><strong>impe-</strong></span> 
     </span>
    </p>
   </div>
   <div class='ocr_carea' id='block_1_40' title="bbox 2130 1717 3718 1790">
    <p class='ocr_par' dir='ltr' id='par_1_40' title="bbox 2130 1717 3718 1790">
     <span class='ocr_line' id='line_1_40' title="bbox 2130 1717 3718 1790; baseline -0.001 -16"><span class='ocrx_word' id='word_1_235' title='bbox 2130 1733 2212 1774; x_wconf 88' lang='lat' dir='ltr'><strong>rat</strong></span> <span class='ocrx_word' id='word_1_236' title='bbox 2242 1739 2258 1788; x_wconf 86' lang='lat'><strong>;</strong></span> <span class='ocrx_word' id='word_1_237' title='bbox 2299 1736 2532 1790; x_wconf 88' lang='lat' dir='ltr'><strong>quorum</strong></span> <span class='ocrx_word' id='word_1_238' title='bbox 2565 1736 2729 1784; x_wconf 91' lang='lat' dir='ltr'><strong>unus,</strong></span> <span class='ocrx_word' id='word_1_239' title='bbox 2781 1719 3148 1774; x_wconf 78' lang='lat' dir='ltr'><strong>Numer-ianus</strong></span> <span class='ocrx_word' id='word_1_240' title='bbox 3202 1717 3436 1783; x_wconf 88' lang='lat' dir='ltr'><strong>scilicet,</strong></span> <span class='ocrx_word' id='word_1_241' title='bbox 3468 1736 3592 1774; x_wconf 91' lang='lat' dir='ltr'><strong>cum</strong></span> <span class='ocrx_word' id='word_1_242' title='bbox 3623 1737 3718 1772; x_wconf 78' lang='lat' dir='ltr'><strong>ve—</strong></span> 
     </span>
    </p>
   </div>
   <div class='ocr_carea' id='block_1_41' title="bbox 2135 1810 3718 1874">
    <p class='ocr_par' dir='ltr' id='par_1_41' title="bbox 2135 1810 3718 1874">
     <span class='ocr_line' id='line_1_41' title="bbox 2135 1810 3718 1874; baseline -0.001 -8"><span class='ocrx_word' id='word_1_243' title='bbox 2135 1812 2312 1867; x_wconf 85' lang='lat' dir='ltr'><strong>uisset</strong></span> <span class='ocrx_word' id='word_1_244' title='bbox 2361 1812 2730 1874; x_wconf 88' lang='lat' dir='ltr'><strong>Antiochiam,</strong></span> <span class='ocrx_word' id='word_1_245' title='bbox 2781 1812 2952 1865; x_wconf 90' lang='lat' dir='ltr'><strong>voluit</strong></span> <span class='ocrx_word' id='word_1_246' title='bbox 2988 1811 3196 1864; x_wconf 90' lang='lat' dir='ltr'><strong>intrare</strong></span> <span class='ocrx_word' id='word_1_247' title='bbox 3225 1811 3278 1863; x_wconf 92' lang='lat' dir='ltr'><strong>in</strong></span> <span class='ocrx_word' id='word_1_248' title='bbox 3342 1810 3718 1865; x_wconf 86' lang='lat' dir='ltr'><strong>ecclesiastica</strong></span> 
     </span>
    </p>
   </div>
   <div class='ocr_carea' id='block_1_42' title="bbox 2141 1903 3720 1974">
    <p class='ocr_par' dir='ltr' id='par_1_42' title="bbox 2141 1903 3720 1974">
     <span class='ocr_line' id='line_1_42' title="bbox 2141 1903 3720 1974; baseline 0.001 -18"><span class='ocrx_word' id='word_1_249' title='bbox 2141 1911 2196 1956; x_wconf 81' lang='lat' dir='ltr'><strong>et</strong></span> <span class='ocrx_word' id='word_1_250' title='bbox 2257 1905 2551 1974; x_wconf 72' lang='lat' dir='ltr'><strong>eXplorare</strong></span> <span class='ocrx_word' id='word_1_251' title='bbox 2609 1903 3054 1958; x_wconf 90' lang='lat' dir='ltr'><strong>Christianorum</strong></span> <span class='ocrx_word' id='word_1_252' title='bbox 3123 1903 3403 1974; x_wconf 86' lang='lat' dir='ltr'><strong>mysteria.</strong></span> <span class='ocrx_word' id='word_1_253' title='bbox 3461 1904 3530 1958; x_wconf 88' lang='lat' dir='ltr'><strong>At</strong></span> <span class='ocrx_word' id='word_1_254' title='bbox 3590 1920 3720 1957; x_wconf 85' lang='lat' dir='ltr'><strong>vero</strong></span> 
     </span>
    </p>
   </div>
   <div class='ocr_carea' id='block_1_43' title="bbox 2137 1991 3717 2064">
    <p class='ocr_par' dir='ltr' id='par_1_43' title="bbox 2137 1991 3717 2064">
     <span class='ocr_line' id='line_1_43' title="bbox 2137 1991 3717 2064; baseline -0.001 -14"><span class='ocrx_word' id='word_1_255' title='bbox 2137 2006 2362 2050; x_wconf 89' lang='lat' dir='ltr'><strong>sanctus</strong></span> <span class='ocrx_word' id='word_1_256' title='bbox 2403 1995 2636 2064; x_wconf 86' lang='lat' dir='ltr'><strong>Babylas</strong></span> <span class='ocrx_word' id='word_1_257' title='bbox 2673 1995 2954 2064; x_wconf 82' lang='lat' dir='ltr'><strong>prohibuit</strong></span> <span class='ocrx_word' id='word_1_258' title='bbox 2987 2009 3134 2057; x_wconf 93' lang='lat' dir='ltr'><strong>eum,</strong></span> <span class='ocrx_word' id='word_1_259' title='bbox 3172 1994 3362 2049; x_wconf 83' lang='lat' dir='ltr'><strong>dicens</strong></span> <span class='ocrx_word' id='word_1_260' title='bbox 3395 2013 3409 2050; x_wconf 92' lang='lat'><strong>:</strong></span> <span class='ocrx_word' id='word_1_261' title='bbox 3447 1991 3568 2048; x_wconf 84' lang='lat' dir='ltr'><strong>Non</strong></span> <span class='ocrx_word' id='word_1_262' title='bbox 3598 1995 3717 2048; x_wconf 77' lang='lat' dir='ltr'><strong>licet</strong></span> 
     </span>
    </p>
   </div>
   <div class='ocr_carea' id='block_1_44' title="bbox 2138 2085 3717 2156">
    <p class='ocr_par' dir='ltr' id='par_1_44' title="bbox 2138 2085 3717 2156">
     <span class='ocr_line' id='line_1_44' title="bbox 2138 2085 3717 2156; baseline 0 -16"><span class='ocrx_word' id='word_1_263' title='bbox 2138 2089 2232 2140; x_wconf 85' lang='lat' dir='ltr'><strong>tibi</strong></span> <span class='ocrx_word' id='word_1_264' title='bbox 2265 2086 2439 2141; x_wconf 86' lang='lat' dir='ltr'><strong>videre</strong></span> <span class='ocrx_word' id='word_1_265' title='bbox 2465 2085 2646 2140; x_wconf 83' lang='lat' dir='ltr'><strong>divina</strong></span> <span class='ocrx_word' id='word_1_266' title='bbox 2681 2086 3106 2141; x_wconf 78' lang='lat' dir='ltr'><strong>Christianorum</strong></span> <span class='ocrx_word' id='word_1_267' title='bbox 3159 2087 3437 2156; x_wconf 76' lang='lat' dir='ltr'><strong>mysteria,</strong></span> <span class='ocrx_word' id='word_1_268' title='bbox 3491 2104 3608 2140; x_wconf 85' lang='lat' dir='ltr'><strong>cum</strong></span> <span class='ocrx_word' id='word_1_269' title='bbox 3644 2089 3717 2140; x_wconf 73' lang='lat' dir='ltr'><strong>si:</strong></span> 
     </span>
    </p>
   </div>
   <div class='ocr_carea' id='block_1_45' title="bbox 2137 2177 3716 2248">
    <p class='ocr_par' dir='ltr' id='par_1_45' title="bbox 2137 2177 3716 2248">
     <span class='ocr_line' id='line_1_45' title="bbox 2137 2177 3716 2248; baseline -0.003 -14"><span class='ocrx_word' id='word_1_270' title='bbox 2137 2179 2372 2248; x_wconf 78' lang='lat' dir='ltr'><strong>pollutus</strong></span> <span class='ocrx_word' id='word_1_271' title='bbox 2406 2178 2612 2232; x_wconf 79' lang='lat' dir='ltr'><strong>idolicis</strong></span> <span class='ocrx_word' id='word_1_272' title='bbox 2639 2178 2958 2246; x_wconf 80' lang='lat' dir='ltr'><strong>sacriﬁciis;</strong></span> <span class='ocrx_word' id='word_1_273' title='bbox 2993 2177 3084 2244; x_wconf 91' lang='lat' dir='ltr'><strong>qui</strong></span> <span class='ocrx_word' id='word_1_274' title='bbox 3145 2177 3464 2248; x_wconf 82' lang='lat' dir='ltr'><strong>indignatus</strong></span> <span class='ocrx_word' id='word_1_275' title='bbox 3517 2179 3716 2232; x_wconf 90' lang='lat' dir='ltr'><strong>occidit</strong></span> 
     </span>
    </p>
   </div>
   <div class='ocr_carea' id='block_1_46' title="bbox 2137 2265 3720 2338">
    <p class='ocr_par' dir='ltr' id='par_1_46' title="bbox 2137 2265 3720 2338">
     <span class='ocr_line' id='line_1_46' title="bbox 2137 2265 3720 2338; baseline 0 -18"><span class='ocrx_word' id='word_1_276' title='bbox 2137 2283 2286 2320; x_wconf 88' lang='lat' dir='ltr'><strong>eum.</strong></span> <span class='ocrx_word' id='word_1_277' title='bbox 2334 2266 2493 2321; x_wconf 84' lang='lat' dir='ltr'><strong>Circa</strong></span> <span class='ocrx_word' id='word_1_278' title='bbox 2543 2267 2655 2321; x_wconf 78' lang='lat' dir='ltr'><strong>luec</strong></span> <span class='ocrx_word' id='word_1_279' title='bbox 2704 2274 2951 2336; x_wconf 89' lang='lat' dir='ltr'><strong>tempora</strong></span> <span class='ocrx_word' id='word_1_280' title='bbox 3009 2265 3156 2321; x_wconf 82' lang='lat' dir='ltr'><strong>Felix</strong></span> <span class='ocrx_word' id='word_1_281' title='bbox 3225 2265 3604 2338; x_wconf 79' lang='lat' dir='ltr'><strong>Eutychianus</strong></span> <span class='ocrx_word' id='word_1_282' title='bbox 3666 2276 3720 2320; x_wconf 84' lang='lat' dir='ltr'><strong>ct</strong></span> 
     </span>
    </p>
   </div>
   <div class='ocr_carea' id='block_1_47' title="bbox 2128 2346 3716 2428">
    <p class='ocr_par' dir='ltr' id='par_1_47' title="bbox 2128 2346 3716 2428">
     <span class='ocr_line' id='line_1_47' title="bbox 2128 2346 3716 2428; baseline 0.001 -15"><span class='ocrx_word' id='word_1_283' title='bbox 2128 2346 2298 2414; x_wconf 80' lang='lat' dir='ltr'><strong>Caius</strong></span> <span class='ocrx_word' id='word_1_284' title='bbox 2327 2360 2514 2414; x_wconf 69' lang='lat' dir='ltr'><strong>Romae</strong></span> <span class='ocrx_word' id='word_1_285' title='bbox 2547 2357 2835 2428; x_wconf 81' lang='lat' dir='ltr'><strong>pontiﬁces</strong></span> <span class='ocrx_word' id='word_1_286' title='bbox 2885 2359 3236 2414; x_wconf 81' lang='lat' dir='ltr'><strong>exstiterunt.</strong></span> <span class='ocrx_word' id='word_1_287' title='bbox 3285 2357 3455 2413; x_wconf 83' lang='lat' dir='ltr'><strong>Porro</strong></span> <span class='ocrx_word' id='word_1_288' title='bbox 3512 2357 3716 2414; x_wconf 87' lang='lat' dir='ltr'><strong>Nume-</strong></span> 
     </span>
    </p>
   </div>
   <div class='ocr_carea' id='block_1_48' title="bbox 2135 2449 3718 2520">
    <p class='ocr_par' dir='ltr' id='par_1_48' title="bbox 2135 2449 3718 2520">
     <span class='ocr_line' id='line_1_48' title="bbox 2135 2449 3718 2520; baseline 0 -16"><span class='ocrx_word' id='word_1_289' title='bbox 2135 2451 2324 2505; x_wconf 89' lang='lat' dir='ltr'><strong>rianus</strong></span> <span class='ocrx_word' id='word_1_290' title='bbox 2355 2463 2478 2504; x_wconf 92' lang='lat' dir='ltr'><strong>cum</strong></span> <span class='ocrx_word' id='word_1_291' title='bbox 2538 2449 2764 2520; x_wconf 75' lang='lat' dir='ltr'><strong>triginta</strong></span> <span class='ocrx_word' id='word_1_292' title='bbox 2827 2456 3041 2503; x_wconf 89' lang='lat' dir='ltr'><strong>tantum</strong></span> <span class='ocrx_word' id='word_1_293' title='bbox 3105 2449 3298 2505; x_wconf 91' lang='lat' dir='ltr'><strong>diebus</strong></span> <span class='ocrx_word' id='word_1_294' title='bbox 3350 2460 3654 2519; x_wconf 81' lang='lat' dir='ltr'><strong>regnasset,</strong></span> <span class='ocrx_word' id='word_1_295' title='bbox 3686 2465 3718 2504; x_wconf 78' lang='lat' dir='ltr'><strong>a</strong></span> 
     </span>
    </p>
   </div>
   <div class='ocr_carea' id='block_1_49' title="bbox 2132 2537 3718 2610">
    <p class='ocr_par' dir='ltr' id='par_1_49' title="bbox 2132 2537 3718 2610">
     <span class='ocr_line' id='line_1_49' title="bbox 2132 2537 3718 2610; baseline 0 -13"><span class='ocrx_word' id='word_1_296' title='bbox 2132 2559 2330 2598; x_wconf 86' lang='lat' dir='ltr'><strong>socero</strong></span> <span class='ocrx_word' id='word_1_297' title='bbox 2385 2559 2486 2598; x_wconf 92' lang='lat' dir='ltr'><strong>suo</strong></span> <span class='ocrx_word' id='word_1_298' title='bbox 2515 2539 2842 2598; x_wconf 80' lang='lat' dir='ltr'><strong>interfectus</strong></span> <span class='ocrx_word' id='word_1_299' title='bbox 2879 2551 2982 2610; x_wconf 90' lang='lat' dir='ltr'><strong>est,</strong></span> <span class='ocrx_word' id='word_1_300' title='bbox 3019 2551 3074 2597; x_wconf 91' lang='lat' dir='ltr'><strong>et</strong></span> <span class='ocrx_word' id='word_1_301' title='bbox 3130 2537 3505 2600; x_wconf 87' lang='lat' dir='ltr'><strong>Diocletianus</strong></span> <span class='ocrx_word' id='word_1_302' title='bbox 3549 2544 3718 2599; x_wconf 88' lang='lat' dir='ltr'><strong>sumit</strong></span> 
     </span>
    </p>
   </div>
   <div class='ocr_carea' id='block_1_50' title="bbox 2129 2634 2438 2706">
    <p class='ocr_par' dir='ltr' id='par_1_50' title="bbox 2129 2634 2438 2706">
     <span class='ocr_line' id='line_1_50' title="bbox 2129 2634 2438 2706; baseline -0.01 -16"><span class='ocrx_word' id='word_1_303' title='bbox 2129 2634 2438 2706; x_wconf 89' lang='lat' dir='ltr'><strong>imperium.</strong></span> 
     </span>
    </p>
   </div>
   <div class='ocr_carea' id='block_1_51' title="bbox 1160 3092 2995 3174">
    <p class='ocr_par' dir='ltr' id='par_1_51' title="bbox 1160 3092 2995 3174">
     <span class='ocr_line' id='line_1_51' title="bbox 1160 3092 2995 3174; baseline -0.004 -11"><span class='ocrx_word' id='word_1_304' title='bbox 1160 3101 1489 3165; x_wconf 78' lang='lat' dir='ltr'><strong>ABHINC</strong></span> <span class='ocrx_word' id='word_1_305' title='bbox 1542 3098 2016 3172; x_wconf 79' lang='lat' dir='ltr'><strong>HISAACIUS,</strong></span> <span class='ocrx_word' id='word_1_306' title='bbox 2050 3097 2201 3174; x_wconf 84' lang='lat' dir='ltr'><strong>QUI</strong></span> <span class='ocrx_word' id='word_1_307' title='bbox 2233 3096 2353 3159; x_wconf 84' lang='lat' dir='ltr'><strong>ET</strong></span> <span class='ocrx_word' id='word_1_308' title='bbox 2397 3092 2995 3159; x_wconf 82' lang='lat' dir='ltr'><strong>THEOPHANES.</strong></span> 
     </span>
    </p>
   </div>
   <div class='ocr_carea' id='block_1_52' title="bbox 517 3443 3739 3520">
    <p class='ocr_par' dir='ltr' id='par_1_52' title="bbox 517 3443 3739 3520">
     <span class='ocr_line' id='line_1_52' title="bbox 517 3443 3739 3520; baseline 0.002 -23"><span class='ocrx_word' id='word_1_309' title='bbox 517 3443 701 3498; x_wconf 77' lang='lat' dir='ltr'><strong>Mundi</strong></span> <span class='ocrx_word' id='word_1_310' title='bbox 751 3459 897 3498; x_wconf 90' lang='lat' dir='ltr'><strong>anno</strong></span> <span class='ocrx_word' id='word_1_311' title='bbox 957 3444 1118 3512; x_wconf 86' lang='lat'><strong>5777,</strong></span> <span class='ocrx_word' id='word_1_312' title='bbox 1171 3446 1371 3502; x_wconf 70' lang='lat' dir='ltr'><strong>divina:</strong></span> <span class='ocrx_word' id='word_1_313' title='bbox 1425 3447 1826 3504; x_wconf 82' lang='lat' dir='ltr'><strong>incarnationis</strong></span> <span class='ocrx_word' id='word_1_314' title='bbox 1883 3454 2099 3511; x_wconf 87' lang='lat' dir='ltr'><strong>aunoC</strong></span> <span class='ocrx_word' id='word_1_315' title='bbox 2136 3450 2417 3519; x_wconf 86' lang='lat' dir='ltr'><strong>proficere,</strong></span> <span class='ocrx_word' id='word_1_316' title='bbox 2451 3447 3111 3518; x_wconf 88' lang='lat' dir='ltr'><strong>etdeprehcndenshunc</strong></span> <span class='ocrx_word' id='word_1_317' title='bbox 3134 3446 3379 3501; x_wconf 84' lang='lat' dir='ltr'><strong>futurum</strong></span> <span class='ocrx_word' id='word_1_318' title='bbox 3408 3450 3739 3520; x_wconf 78' lang='lat' dir='ltr'><strong>tyrannidis-</strong></span> 
     </span>
    </p>
   </div>
   <div class='ocr_carea' id='block_1_53' title="bbox 435 3536 2029 3611">
    <p class='ocr_par' dir='ltr' id='par_1_53' title="bbox 435 3536 2029 3611">
     <span class='ocr_line' id='line_1_53' title="bbox 435 3536 2029 3611; baseline 0.004 -22"><span class='ocrx_word' id='word_1_319' title='bbox 435 3536 572 3600; x_wconf 76' lang='lat'><strong>277,</strong></span> <span class='ocrx_word' id='word_1_320' title='bbox 611 3538 982 3593; x_wconf 85' lang='lat' dir='ltr'><strong>Diocletianus</strong></span> <span class='ocrx_word' id='word_1_321' title='bbox 1009 3545 1063 3594; x_wconf 89' lang='lat' dir='ltr'><strong>et</strong></span> <span class='ocrx_word' id='word_1_322' title='bbox 1115 3537 1477 3596; x_wconf 83' lang='lat' dir='ltr'><strong>Maximianus</strong></span> <span class='ocrx_word' id='word_1_323' title='bbox 1530 3540 1820 3596; x_wconf 87' lang='lat' dir='ltr'><strong>Herculius</strong></span> <span class='ocrx_word' id='word_1_324' title='bbox 1857 3543 2029 3611; x_wconf 80' lang='lat' dir='ltr'><strong>impe-</strong></span> 
     </span>
    </p>
   </div>
   <div class='ocr_carea' id='block_1_54' title="bbox 441 3629 2030 3697">
    <p class='ocr_par' dir='ltr' id='par_1_54' title="bbox 441 3629 2030 3697">
     <span class='ocr_line' id='line_1_54' title="bbox 441 3629 2030 3697; baseline 0.005 -17"><span class='ocrx_word' id='word_1_325' title='bbox 441 3634 592 3690; x_wconf 81' lang='lat' dir='ltr'><strong>rant,</strong></span> <span class='ocrx_word' id='word_1_326' title='bbox 618 3629 710 3697; x_wconf 86' lang='lat' dir='ltr'><strong>qui</strong></span> <span class='ocrx_word' id='word_1_327' title='bbox 748 3629 995 3684; x_wconf 65' lang='lat' dir='ltr'><strong>Caesares</strong></span> <span class='ocrx_word' id='word_1_328' title='bbox 1025 3630 1204 3685; x_wconf 78' lang='lat' dir='ltr'><strong>fecere</strong></span> <span class='ocrx_word' id='word_1_329' title='bbox 1251 3630 1633 3687; x_wconf 89' lang='lat' dir='ltr'><strong>Constantium</strong></span> <span class='ocrx_word' id='word_1_330' title='bbox 1666 3644 1719 3688; x_wconf 91' lang='lat' dir='ltr'><strong>et</strong></span> <span class='ocrx_word' id='word_1_331' title='bbox 1747 3633 2030 3688; x_wconf 80' lang='lat' dir='ltr'><strong>Maximia-</strong></span> 
     </span>
    </p>
   </div>
   <div class='ocr_carea' id='block_1_55' title="bbox 440 3719 2028 3796">
    <p class='ocr_par' dir='ltr' id='par_1_55' title="bbox 440 3719 2028 3796">
     <span class='ocr_line' id='line_1_55' title="bbox 440 3719 2028 3796; baseline 0.005 -23"><span class='ocrx_word' id='word_1_332' title='bbox 440 3737 576 3774; x_wconf 84' lang='lat' dir='ltr'><strong>num</strong></span> <span class='ocrx_word' id='word_1_333' title='bbox 605 3719 906 3776; x_wconf 88' lang='lat' dir='ltr'><strong>Galerium.</strong></span> <span class='ocrx_word' id='word_1_334' title='bbox 932 3721 1000 3777; x_wconf 83' lang='lat' dir='ltr'><strong>Et</strong></span> <span class='ocrx_word' id='word_1_335' title='bbox 1032 3722 1402 3780; x_wconf 85' lang='lat' dir='ltr'><strong>Diocletianus</strong></span> <span class='ocrx_word' id='word_1_336' title='bbox 1431 3727 1650 3796; x_wconf 86' lang='lat' dir='ltr'><strong>quidem</strong></span> <span class='ocrx_word' id='word_1_337' title='bbox 1684 3728 1846 3781; x_wconf 89' lang='lat' dir='ltr'><strong>ﬁliam</strong></span> <span class='ocrx_word' id='word_1_338' title='bbox 1874 3743 2028 3782; x_wconf 91' lang='lat' dir='ltr'><strong>suam</strong></span> 
     </span>
    </p>
   </div>
   <div class='ocr_carea' id='block_1_56' title="bbox 441 3813 2031 3883">
    <p class='ocr_par' dir='ltr' id='par_1_56' title="bbox 441 3813 2031 3883">
     <span class='ocr_line' id='line_1_56' title="bbox 441 3813 2031 3883; baseline 0.003 -15"><span class='ocrx_word' id='word_1_339' title='bbox 441 3813 513 3869; x_wconf 78' lang='lat' dir='ltr'><strong>ad</strong></span> <span class='ocrx_word' id='word_1_340' title='bbox 545 3814 764 3882; x_wconf 84' lang='lat' dir='ltr'><strong>nuptias</strong></span> <span class='ocrx_word' id='word_1_341' title='bbox 801 3815 1018 3869; x_wconf 84' lang='lat' dir='ltr'><strong>Galerio</strong></span> <span class='ocrx_word' id='word_1_342' title='bbox 1058 3816 1227 3883; x_wconf 88' lang='lat' dir='ltr'><strong>dedit,</strong></span> <span class='ocrx_word' id='word_1_343' title='bbox 1277 3814 1570 3873; x_wconf 84' lang='lat' dir='ltr'><strong>Herculius</strong></span> <span class='ocrx_word' id='word_1_344' title='bbox 1628 3827 1809 3872; x_wconf 87' lang='lat' dir='ltr'><strong>autem</strong></span> <span class='ocrx_word' id='word_1_345' title='bbox 1857 3817 2031 3872; x_wconf 75' lang='lat' dir='ltr'><strong>Maxi-</strong></span> 
     </span>
    </p>
   </div>
   <div class='ocr_carea' id='block_1_57' title="bbox 443 3906 2029 3981">
    <p class='ocr_par' dir='ltr' id='par_1_57' title="bbox 443 3906 2029 3981">
     <span class='ocr_line' id='line_1_57' title="bbox 443 3906 2029 3981; baseline 0.004 -23"><span class='ocrx_word' id='word_1_346' title='bbox 443 3906 664 3960; x_wconf 86' lang='lat' dir='ltr'><strong>mianus</strong></span> <span class='ocrx_word' id='word_1_347' title='bbox 686 3907 1030 3962; x_wconf 85' lang='lat' dir='ltr'><strong>Theodoram</strong></span> <span class='ocrx_word' id='word_1_348' title='bbox 1064 3909 1228 3963; x_wconf 90' lang='lat' dir='ltr'><strong>ﬁliam</strong></span> <span class='ocrx_word' id='word_1_349' title='bbox 1261 3925 1415 3966; x_wconf 87' lang='lat' dir='ltr'><strong>suam</strong></span> <span class='ocrx_word' id='word_1_350' title='bbox 1445 3910 1808 3966; x_wconf 89' lang='lat' dir='ltr'><strong>Constantino</strong></span> <span class='ocrx_word' id='word_1_351' title='bbox 1856 3926 2029 3981; x_wconf 91' lang='lat' dir='ltr'><strong>copu-</strong></span> 
     </span>
    </p>
   </div>
   <div class='ocr_carea' id='block_1_58' title="bbox 444 3999 2030 4073">
    <p class='ocr_par' dir='ltr' id='par_1_58' title="bbox 444 3999 2030 4073">
     <span class='ocr_line' id='line_1_58' title="bbox 444 3999 2030 4073; baseline 0.005 -23"><span class='ocrx_word' id='word_1_352' title='bbox 444 3999 595 4063; x_wconf 78' lang='lat' dir='ltr'><strong>favit,</strong></span> <span class='ocrx_word' id='word_1_353' title='bbox 622 4015 935 4068; x_wconf 85' lang='lat' dir='ltr'><strong>quanquam</strong></span> <span class='ocrx_word' id='word_1_354' title='bbox 974 4011 1203 4071; x_wconf 89' lang='lat' dir='ltr'><strong>uterque</strong></span> <span class='ocrx_word' id='word_1_355' title='bbox 1235 4018 1435 4058; x_wconf 79' lang='lat' dir='ltr'><strong>uxores</strong></span> <span class='ocrx_word' id='word_1_356' title='bbox 1463 4003 1726 4069; x_wconf 48' lang='lat' dir='ltr'><strong>,haberet,</strong></span> <span class='ocrx_word' id='word_1_357' title='bbox 1756 4018 1894 4073; x_wconf 91' lang='lat' dir='ltr'><strong>quas</strong></span> <span class='ocrx_word' id='word_1_358' title='bbox 1942 4019 2030 4058; x_wconf 88' lang='lat' dir='ltr'><strong>re-</strong></span> 
     </span>
    </p>
   </div>
   <div class='ocr_carea' id='block_1_59' title="bbox 444 4091 2028 4167">
    <p class='ocr_par' dir='ltr' id='par_1_59' title="bbox 444 4091 2028 4167">
     <span class='ocr_line' id='line_1_59' title="bbox 444 4091 2028 4167; baseline 0.007 -27"><span class='ocrx_word' id='word_1_359' title='bbox 444 4091 583 4159; x_wconf 86' lang='lat' dir='ltr'><strong>pulit</strong></span> <span class='ocrx_word' id='word_1_360' title='bbox 616 4092 684 4144; x_wconf 90' lang='lat' dir='ltr'><strong>ob</strong></span> <span class='ocrx_word' id='word_1_361' title='bbox 712 4091 964 4147; x_wconf 83' lang='lat' dir='ltr'><strong>affectum</strong></span> <span class='ocrx_word' id='word_1_362' title='bbox 1007 4108 1116 4162; x_wconf 91' lang='lat' dir='ltr'><strong>quo</strong></span> <span class='ocrx_word' id='word_1_363' title='bbox 1143 4110 1272 4164; x_wconf 82' lang='lat' dir='ltr'><strong>erga</strong></span> <span class='ocrx_word' id='word_1_364' title='bbox 1321 4096 1685 4164; x_wconf 88' lang='lat' dir='ltr'><strong>imperatores</strong></span> <span class='ocrx_word' id='word_1_365' title='bbox 1743 4095 2028 4167; x_wconf 82' lang='lat' dir='ltr'><strong>ﬂagrabat.</strong></span> 
     </span>
    </p>
   </div>
   <div class='ocr_carea' id='block_1_60' title="bbox 445 4183 2026 4257">
    <p class='ocr_par' dir='ltr' id='par_1_60' title="bbox 445 4183 2026 4257">
     <span class='ocr_line' id='line_1_60' title="bbox 445 4183 2026 4257; baseline 0.007 -23"><span class='ocrx_word' id='word_1_366' title='bbox 445 4183 604 4236; x_wconf 88' lang='lat' dir='ltr'><strong>Tunc</strong></span> <span class='ocrx_word' id='word_1_367' title='bbox 648 4200 866 4254; x_wconf 89' lang='lat' dir='ltr'><strong>quoque</strong></span> <span class='ocrx_word' id='word_1_368' title='bbox 910 4184 1202 4240; x_wconf 84' lang='lat' dir='ltr'><strong>Marcellus</strong></span> <span class='ocrx_word' id='word_1_369' title='bbox 1250 4188 1544 4257; x_wconf 88' lang='lat' dir='ltr'><strong>episcopus</strong></span> <span class='ocrx_word' id='word_1_370' title='bbox 1596 4190 1777 4243; x_wconf 72' lang='lat' dir='ltr'><strong>Itonia:</strong></span> <span class='ocrx_word' id='word_1_371' title='bbox 1822 4187 2026 4245; x_wconf 88' lang='lat' dir='ltr'><strong>floruit.</strong></span> 
     </span>
    </p>
   </div>
   <div class='ocr_carea' id='block_1_61' title="bbox 451 4271 2032 4346">
    <p class='ocr_par' dir='ltr' id='par_1_61' title="bbox 451 4271 2032 4346">
     <span class='ocr_line' id='line_1_61' title="bbox 451 4271 2032 4346; baseline 0.007 -23"><span class='ocrx_word' id='word_1_372' title='bbox 451 4271 825 4328; x_wconf 80' lang='lat' dir='ltr'><strong>Diocletianus</strong></span> <span class='ocrx_word' id='word_1_373' title='bbox 859 4286 913 4329; x_wconf 89' lang='lat' dir='ltr'><strong>et</strong></span> <span class='ocrx_word' id='word_1_374' title='bbox 954 4275 1322 4331; x_wconf 61' lang='lat' dir='ltr'><strong>Marimianus</strong></span> <span class='ocrx_word' id='word_1_375' title='bbox 1362 4273 1653 4331; x_wconf 82' lang='lat' dir='ltr'><strong>Herculius</strong></span> <span class='ocrx_word' id='word_1_376' title='bbox 1691 4280 2032 4346; x_wconf 85' lang='lat' dir='ltr'><strong>persecutio-</strong></span> 
     </span>
    </p>
   </div>
   <div class='ocr_carea' id='block_1_62' title="bbox 446 4369 2030 4436">
    <p class='ocr_par' dir='ltr' id='par_1_62' title="bbox 446 4369 2030 4436">
     <span class='ocr_line' id='line_1_62' title="bbox 446 4369 2030 4436; baseline 0.006 -20"><span class='ocrx_word' id='word_1_377' title='bbox 446 4379 571 4417; x_wconf 79' lang='lat' dir='ltr'><strong>uen-</strong></span> <span class='ocrx_word' id='word_1_378' title='bbox 624 4380 874 4436; x_wconf 82' lang='lat' dir='ltr'><strong>magnam</strong></span> <span class='ocrx_word' id='word_1_379' title='bbox 942 4378 994 4422; x_wconf 90' lang='lat' dir='ltr'><strong>et</strong></span> <span class='ocrx_word' id='word_1_380' title='bbox 1044 4369 1372 4422; x_wconf 87' lang='lat' dir='ltr'><strong>horrendam</strong></span> <span class='ocrx_word' id='word_1_381' title='bbox 1432 4379 1624 4424; x_wconf 87' lang='lat' dir='ltr'><strong>contra</strong></span> <span class='ocrx_word' id='word_1_382' title='bbox 1685 4370 2030 4426; x_wconf 85' lang='lat' dir='ltr'><strong>Christianos</strong></span> 
     </span>
    </p>
   </div>
   <div class='ocr_carea' id='block_1_63' title="bbox 447 4452 2031 4533">
    <p class='ocr_par' dir='ltr' id='par_1_63' title="bbox 447 4452 2031 4533">
     <span class='ocr_line' id='line_1_63' title="bbox 447 4452 2031 4533; baseline 0.01 -30"><span class='ocrx_word' id='word_1_383' title='bbox 447 4452 849 4521; x_wconf 77' lang='lat' dir='ltr'><strong>excitaverunt,</strong></span> <span class='ocrx_word' id='word_1_384' title='bbox 886 4463 939 4510; x_wconf 89' lang='lat' dir='ltr'><strong>et</strong></span> <span class='ocrx_word' id='word_1_385' title='bbox 971 4459 1204 4528; x_wconf 88' lang='lat' dir='ltr'><strong>plurima</strong></span> <span class='ocrx_word' id='word_1_386' title='bbox 1238 4469 1534 4530; x_wconf 81' lang='lat' dir='ltr'><strong>martyrum</strong></span> <span class='ocrx_word' id='word_1_387' title='bbox 1566 4461 1734 4515; x_wconf 88' lang='lat' dir='ltr'><strong>millia</strong></span> <span class='ocrx_word' id='word_1_388' title='bbox 1774 4473 2031 4533; x_wconf 71' lang='lat' dir='ltr'><strong>patrare-</strong></span> 
     </span>
    </p>
   </div>
   <div class='ocr_carea' id='block_1_64' title="bbox 448 4549 2030 4623">
    <p class='ocr_par' dir='ltr' id='par_1_64' title="bbox 448 4549 2030 4623">
     <span class='ocr_line' id='line_1_64' title="bbox 448 4549 2030 4623; baseline 0.009 -25"><span class='ocrx_word' id='word_1_389' title='bbox 448 4555 614 4609; x_wconf 89' lang='lat' dir='ltr'><strong>runt,</strong></span> <span class='ocrx_word' id='word_1_390' title='bbox 667 4549 884 4602; x_wconf 83' lang='lat' dir='ltr'><strong>diversa</strong></span> <span class='ocrx_word' id='word_1_391' title='bbox 933 4559 1206 4606; x_wconf 85' lang='lat' dir='ltr'><strong>termenta</strong></span> <span class='ocrx_word' id='word_1_392' title='bbox 1277 4555 1654 4623; x_wconf 82' lang='lat' dir='ltr'><strong>excogitantes</strong></span> <span class='ocrx_word' id='word_1_393' title='bbox 1719 4565 1774 4610; x_wconf 89' lang='lat' dir='ltr'><strong>et</strong></span> <span class='ocrx_word' id='word_1_394' title='bbox 1834 4559 2030 4613; x_wconf 88' lang='lat' dir='ltr'><strong>multas</strong></span> 
     </span>
    </p>
   </div>
   <div class='ocr_carea' id='block_1_65' title="bbox 446 4635 1818 4710">
    <p class='ocr_par' dir='ltr' id='par_1_65' title="bbox 446 4635 1818 4710">
     <span class='ocr_line' id='line_1_65' title="bbox 446 4635 1818 4710; baseline 0.01 -20"><span class='ocrx_word' id='word_1_395' title='bbox 446 4639 724 4708; x_wconf 82' lang='lat' dir='ltr'><strong>nequitias</strong></span> <span class='ocrx_word' id='word_1_396' title='bbox 757 4651 1069 4710; x_wconf 87' lang='lat' dir='ltr'><strong>operantes.</strong></span> <span class='ocrx_word' id='word_1_397' title='bbox 1197 4635 1205 4643; x_wconf 80' lang='grc'><strong>’</strong></span> <span class='ocrx_word' id='word_1_398' title='bbox 1805 4647 1818 4663; x_wconf 81' lang='lat'><em>&#39;</em></span> 
     </span>
    </p>
   </div>
   <div class='ocr_carea' id='block_1_66' title="bbox 522 4729 2028 4802">
    <p class='ocr_par' dir='ltr' id='par_1_66' title="bbox 522 4729 2028 4802">
     <span class='ocr_line' id='line_1_66' title="bbox 522 4729 2028 4802; baseline 0.008 -19"><span class='ocrx_word' id='word_1_399' title='bbox 522 4729 711 4785; x_wconf 82' lang='lat' dir='ltr'><strong>Mundi</strong></span> <span class='ocrx_word' id='word_1_400' title='bbox 763 4746 909 4789; x_wconf 87' lang='lat' dir='ltr'><strong>anno</strong></span> <span class='ocrx_word' id='word_1_401' title='bbox 950 4735 1112 4802; x_wconf 81' lang='grc'>5788,</span> <span class='ocrx_word' id='word_1_402' title='bbox 1169 4737 1366 4792; x_wconf 80' lang='lat' dir='ltr'><strong>divinae</strong></span> <span class='ocrx_word' id='word_1_403' title='bbox 1422 4735 1820 4794; x_wconf 90' lang='lat' dir='ltr'><strong>incarnationis</strong></span> <span class='ocrx_word' id='word_1_404' title='bbox 1883 4755 2028 4795; x_wconf 91' lang='lat' dir='ltr'><strong>anno</strong></span> 
     </span>
    </p>
   </div>
   <div class='ocr_carea' id='block_1_67' title="bbox 2135 3536 3712 3609">
    <p class='ocr_par' dir='ltr' id='par_1_67' title="bbox 2135 3536 3712 3609">
     <span class='ocr_line' id='line_1_67' title="bbox 2135 3536 3712 3609; baseline 0.001 -14"><span class='ocrx_word' id='word_1_405' title='bbox 2135 3549 2187 3595; x_wconf 91' lang='lat' dir='ltr'><strong>et</strong></span> <span class='ocrx_word' id='word_1_406' title='bbox 2219 3540 2339 3606; x_wconf 85' lang='lat' dir='ltr'><strong>ejus</strong></span> <span class='ocrx_word' id='word_1_407' title='bbox 2369 3536 2686 3609; x_wconf 84' lang='lat' dir='ltr'><strong>dogmatum</strong></span> <span class='ocrx_word' id='word_1_408' title='bbox 2720 3539 3148 3602; x_wconf 89' lang='lat' dir='ltr'><strong>destructorem,</strong></span> <span class='ocrx_word' id='word_1_409' title='bbox 3184 3537 3328 3592; x_wconf 91' lang='lat' dir='ltr'><strong>hunc</strong></span> <span class='ocrx_word' id='word_1_410' title='bbox 3363 3541 3522 3593; x_wconf 90' lang='lat' dir='ltr'><strong>morti</strong></span> <span class='ocrx_word' id='word_1_411' title='bbox 3555 3540 3712 3596; x_wconf 83' lang='lat' dir='ltr'><strong>addi-</strong></span> 
     </span>
    </p>
   </div>
   <div class='ocr_carea' id='block_1_68' title="bbox 2133 3630 3713 3700">
    <p class='ocr_par' dir='ltr' id='par_1_68' title="bbox 2133 3630 3713 3700">
     <span class='ocr_line' id='line_1_68' title="bbox 2133 3630 3713 3700; baseline 0.001 -14"><span class='ocrx_word' id='word_1_412' title='bbox 2133 3646 2258 3686; x_wconf 90' lang='lat' dir='ltr'><strong>cere</strong></span> <span class='ocrx_word' id='word_1_413' title='bbox 2293 3631 2482 3687; x_wconf 88' lang='lat' dir='ltr'><strong>frande</strong></span> <span class='ocrx_word' id='word_1_414' title='bbox 2523 3633 2813 3685; x_wconf 89' lang='lat' dir='ltr'><strong>tractabat.</strong></span> <span class='ocrx_word' id='word_1_415' title='bbox 2873 3635 2944 3683; x_wconf 87' lang='lat' dir='ltr'><strong>At</strong></span> <span class='ocrx_word' id='word_1_416' title='bbox 2997 3631 3087 3684; x_wconf 92' lang='lat' dir='ltr'><strong>ille</strong></span> <span class='ocrx_word' id='word_1_417' title='bbox 3133 3630 3317 3686; x_wconf 84' lang='lat' dir='ltr'><strong>divina</strong></span> <span class='ocrx_word' id='word_1_418' title='bbox 3372 3632 3713 3700; x_wconf 86' lang='lat' dir='ltr'><strong>providentia</strong></span> 
     </span>
    </p>
   </div>
   <div class='ocr_carea' id='block_1_69' title="bbox 2133 3723 3715 3795">
    <p class='ocr_par' dir='ltr' id='par_1_69' title="bbox 2133 3723 3715 3795">
     <span class='ocr_line' id='line_1_69' title="bbox 2133 3723 3715 3795; baseline 0.002 -18"><span class='ocrx_word' id='word_1_419' title='bbox 2133 3723 2326 3779; x_wconf 89' lang='lat' dir='ltr'><strong>fraude</strong></span> <span class='ocrx_word' id='word_1_420' title='bbox 2354 3724 2592 3794; x_wconf 89' lang='lat' dir='ltr'><strong>cognita,</strong></span> <span class='ocrx_word' id='word_1_421' title='bbox 2630 3724 3093 3794; x_wconf 78' lang='lat' dir='ltr'><strong>quemadmodum</strong></span> <span class='ocrx_word' id='word_1_422' title='bbox 3139 3723 3327 3789; x_wconf 86' lang='lat' dir='ltr'><strong>David,</strong></span> <span class='ocrx_word' id='word_1_423' title='bbox 3381 3723 3507 3795; x_wconf 83' lang='lat' dir='ltr'><strong>fuga</strong></span> <span class='ocrx_word' id='word_1_424' title='bbox 3567 3725 3715 3780; x_wconf 90' lang='lat' dir='ltr'><strong>salu-</strong></span> 
     </span>
    </p>
   </div>
   <div class='ocr_carea' id='block_1_70' title="bbox 2134 3815 3740 3885">
    <p class='ocr_par' dir='ltr' id='par_1_70' title="bbox 2134 3815 3740 3885">
     <span class='ocr_line' id='line_1_70' title="bbox 2134 3815 3740 3885; baseline 0.001 -17"><span class='ocrx_word' id='word_1_425' title='bbox 2134 3824 2242 3870; x_wconf 91' lang='lat' dir='ltr'><strong>tem</strong></span> <span class='ocrx_word' id='word_1_426' title='bbox 2279 3823 2576 3876; x_wconf 88' lang='lat' dir='ltr'><strong>mercatur,</strong></span> <span class='ocrx_word' id='word_1_427' title='bbox 2617 3825 2670 3871; x_wconf 89' lang='lat' dir='ltr'><strong>et</strong></span> <span class='ocrx_word' id='word_1_428' title='bbox 2704 3815 2771 3870; x_wconf 89' lang='lat' dir='ltr'><strong>ad</strong></span> <span class='ocrx_word' id='word_1_429' title='bbox 2804 3826 3011 3885; x_wconf 86' lang='lat' dir='ltr'><strong>patrem</strong></span> <span class='ocrx_word' id='word_1_430' title='bbox 3043 3829 3204 3869; x_wconf 89' lang='lat' dir='ltr'><strong>suum</strong></span> <span class='ocrx_word' id='word_1_431' title='bbox 3257 3816 3444 3870; x_wconf 85' lang='lat' dir='ltr'><strong>salvus</strong></span> <span class='ocrx_word' id='word_1_432' title='bbox 3493 3815 3740 3870; x_wconf 87' lang='lat' dir='ltr'><strong>rediens.</strong></span> 
     </span>
    </p>
   </div>
   <div class='ocr_carea' id='block_1_71' title="bbox 2131 3905 3712 3978">
    <p class='ocr_par' dir='ltr' id='par_1_71' title="bbox 2131 3905 3712 3978">
     <span class='ocr_line' id='line_1_71' title="bbox 2131 3905 3712 3978; baseline -0.003 -14"><span class='ocrx_word' id='word_1_433' title='bbox 2131 3909 2337 3964; x_wconf 90' lang='lat' dir='ltr'><strong>multas</strong></span> <span class='ocrx_word' id='word_1_434' title='bbox 2374 3923 2500 3962; x_wconf 91' lang='lat' dir='ltr'><strong>cum</strong></span> <span class='ocrx_word' id='word_1_435' title='bbox 2533 3908 2626 3962; x_wconf 92' lang='lat' dir='ltr'><strong>illo</strong></span> <span class='ocrx_word' id='word_1_436' title='bbox 2675 3908 2882 3978; x_wconf 83' lang='lat' dir='ltr'><strong>gratias</strong></span> <span class='ocrx_word' id='word_1_437' title='bbox 2934 3905 3179 3972; x_wconf 84' lang='lat' dir='ltr'><strong>Christo,</strong></span> <span class='ocrx_word' id='word_1_438' title='bbox 3231 3907 3324 3975; x_wconf 90' lang='lat' dir='ltr'><strong>qui</strong></span> <span class='ocrx_word' id='word_1_439' title='bbox 3366 3921 3425 3962; x_wconf 88' lang='lat' dir='ltr'><strong>se</strong></span> <span class='ocrx_word' id='word_1_440' title='bbox 3462 3906 3712 3972; x_wconf 84' lang='lat' dir='ltr'><strong>salvavit,</strong></span> 
     </span>
    </p>
   </div>
   <div class='ocr_carea' id='block_1_72' title="bbox 2134 3999 3713 4072">
    <p class='ocr_par' dir='ltr' id='par_1_72' title="bbox 2134 3999 3713 4072">
     <span class='ocr_line' id='line_1_72' title="bbox 2134 3999 3713 4072; baseline 0 -18"><span class='ocrx_word' id='word_1_441' title='bbox 2134 4002 2348 4072; x_wconf 82' lang='lat' dir='ltr'><strong>agebat.</strong></span> <span class='ocrx_word' id='word_1_442' title='bbox 2382 4001 2542 4057; x_wconf 88' lang='lat' dir='ltr'><strong>Circa</strong></span> <span class='ocrx_word' id='word_1_443' title='bbox 2572 4001 2688 4054; x_wconf 64' lang='lat' dir='ltr'><strong>haec</strong></span> <span class='ocrx_word' id='word_1_444' title='bbox 2718 4016 2852 4055; x_wconf 91' lang='lat' dir='ltr'><strong>sane</strong></span> <span class='ocrx_word' id='word_1_445' title='bbox 2893 4011 3139 4070; x_wconf 89' lang='lat' dir='ltr'><strong>tempora</strong></span> <span class='ocrx_word' id='word_1_446' title='bbox 3170 3999 3443 4055; x_wconf 85' lang='lat' dir='ltr'><strong>Miltiades</strong></span> <span class='ocrx_word' id='word_1_447' title='bbox 3485 4008 3541 4055; x_wconf 91' lang='lat' dir='ltr'><strong>et</strong></span> <span class='ocrx_word' id='word_1_448' title='bbox 3590 4000 3713 4054; x_wconf 89' lang='lat' dir='ltr'><strong>dein</strong></span> 
     </span>
    </p>
   </div>
   <div class='ocr_carea' id='block_1_73' title="bbox 2137 4085 3711 4161">
    <p class='ocr_par' dir='ltr' id='par_1_73' title="bbox 2137 4085 3711 4161">
     <span class='ocr_line' id='line_1_73' title="bbox 2137 4085 3711 4161; baseline -0.001 -17"><span class='ocrx_word' id='word_1_449' title='bbox 2137 4089 2401 4146; x_wconf 82' lang='lat' dir='ltr'><strong>Silvester</strong></span> <span class='ocrx_word' id='word_1_450' title='bbox 2449 4088 2718 4145; x_wconf 66' lang='lat' dir='ltr'><strong>Romanae</strong></span> <span class='ocrx_word' id='word_1_451' title='bbox 2769 4097 2967 4161; x_wconf 83' lang='lat' dir='ltr'><strong>gerunt</strong></span> <span class='ocrx_word' id='word_1_452' title='bbox 3019 4085 3278 4144; x_wconf 68' lang='lat' dir='ltr'><strong>Ecclesiae</strong></span> <span class='ocrx_word' id='word_1_453' title='bbox 3341 4091 3711 4157; x_wconf 81' lang='lat' dir='ltr'><strong>praesulatum.</strong></span> 
     </span>
    </p>
   </div>
   <div class='ocr_carea' id='block_1_74' title="bbox 2135 4179 3716 4250">
    <p class='ocr_par' dir='ltr' id='par_1_74' title="bbox 2135 4179 3716 4250">
     <span class='ocr_line' id='line_1_74' title="bbox 2135 4179 3716 4250; baseline -0.001 -14"><span class='ocrx_word' id='word_1_454' title='bbox 2135 4181 2305 4236; x_wconf 90' lang='lat' dir='ltr'><strong>Porro</strong></span> <span class='ocrx_word' id='word_1_455' title='bbox 2357 4181 2707 4238; x_wconf 90' lang='lat' dir='ltr'><strong>Theotecnus</strong></span> <span class='ocrx_word' id='word_1_456' title='bbox 2761 4181 3002 4246; x_wconf 88' lang='lat' dir='ltr'><strong>divinus,</strong></span> <span class='ocrx_word' id='word_1_457' title='bbox 3065 4183 3153 4235; x_wconf 87' lang='lat' dir='ltr'><strong>cui</strong></span> <span class='ocrx_word' id='word_1_458' title='bbox 3216 4195 3414 4250; x_wconf 87' lang='lat' dir='ltr'><strong>parens</strong></span> <span class='ocrx_word' id='word_1_459' title='bbox 3463 4179 3716 4234; x_wconf 82' lang='lat' dir='ltr'><strong>Galerius</strong></span> 
     </span>
    </p>
   </div>
   <div class='ocr_carea' id='block_1_75' title="bbox 2135 4272 3714 4339">
    <p class='ocr_par' dir='ltr' id='par_1_75' title="bbox 2135 4272 3714 4339">
     <span class='ocr_line' id='line_1_75' title="bbox 2135 4272 3714 4339; baseline -0.001 -12"><span class='ocrx_word' id='word_1_460' title='bbox 2135 4273 2521 4339; x_wconf 79' lang='lat' dir='ltr'><strong>Maximianus,</strong></span> <span class='ocrx_word' id='word_1_461' title='bbox 2572 4285 2698 4326; x_wconf 91' lang='lat' dir='ltr'><strong>cum</strong></span> <span class='ocrx_word' id='word_1_462' title='bbox 2746 4272 3090 4327; x_wconf 77' lang='lat' dir='ltr'><strong>dzemonibus</strong></span> <span class='ocrx_word' id='word_1_463' title='bbox 3139 4272 3448 4326; x_wconf 89' lang='lat' dir='ltr'><strong>immolaret</strong></span> <span class='ocrx_word' id='word_1_464' title='bbox 3503 4282 3558 4327; x_wconf 88' lang='lat' dir='ltr'><strong>et</strong></span> <span class='ocrx_word' id='word_1_465' title='bbox 3621 4287 3714 4326; x_wconf 85' lang='lat' dir='ltr'><strong>re-</strong></span> 
     </span>
    </p>
   </div>
   <div class='ocr_carea' id='block_1_76' title="bbox 2135 4363 3715 4437">
    <p class='ocr_par' dir='ltr' id='par_1_76' title="bbox 2135 4363 3715 4437">
     <span class='ocr_line' id='line_1_76' title="bbox 2135 4363 3715 4437; baseline -0.003 -15"><span class='ocrx_word' id='word_1_466' title='bbox 2135 4382 2339 4437; x_wconf 90' lang='lat' dir='ltr'><strong>sponsa</strong></span> <span class='ocrx_word' id='word_1_467' title='bbox 2372 4366 2697 4434; x_wconf 84' lang='lat' dir='ltr'><strong>susciperet,</strong></span> <span class='ocrx_word' id='word_1_468' title='bbox 2721 4363 2984 4419; x_wconf 86' lang='lat' dir='ltr'><strong>adversus</strong></span> <span class='ocrx_word' id='word_1_469' title='bbox 3000 4364 3347 4419; x_wconf 89' lang='lat' dir='ltr'><strong>Christianos</strong></span> <span class='ocrx_word' id='word_1_470' title='bbox 3377 4366 3715 4436; x_wconf 86' lang='lat' dir='ltr'><strong>persecutio-</strong></span> 
     </span>
    </p>
   </div>
   <div class='ocr_carea' id='block_1_77' title="bbox 2084 4458 3710 4525">
    <p class='ocr_par' dir='ltr' id='par_1_77' title="bbox 2084 4458 3710 4525">
     <span class='ocr_line' id='line_1_77' title="bbox 2084 4458 3710 4525; baseline -0.001 -11"><span class='ocrx_word' id='word_1_471' title='bbox 2084 4478 2090 4482; x_wconf 78' lang='lat'><strong><em>&#39;</em></strong></span> <span class='ocrx_word' id='word_1_472' title='bbox 2133 4477 2257 4516; x_wconf 87' lang='lat' dir='ltr'><strong>nem</strong></span> <span class='ocrx_word' id='word_1_473' title='bbox 2294 4459 2614 4524; x_wconf 89' lang='lat' dir='ltr'><strong>commovit,</strong></span> <span class='ocrx_word' id='word_1_474' title='bbox 2653 4459 2985 4513; x_wconf 84' lang='lat' dir='ltr'><strong>monitiones</strong></span> <span class='ocrx_word' id='word_1_475' title='bbox 3017 4459 3307 4514; x_wconf 84' lang='lat' dir='ltr'><strong>salvatOris</strong></span> <span class='ocrx_word' id='word_1_476' title='bbox 3343 4458 3522 4525; x_wconf 75' lang='lat' dir='ltr'><strong>finxit,</strong></span> <span class='ocrx_word' id='word_1_477' title='bbox 3565 4468 3619 4513; x_wconf 91' lang='lat' dir='ltr'><strong>et</strong></span> <span class='ocrx_word' id='word_1_478' title='bbox 3645 4459 3710 4514; x_wconf 89' lang='lat' dir='ltr'><strong>ad</strong></span> 
     </span>
    </p>
   </div>
   <div class='ocr_carea' id='block_1_78' title="bbox 2134 4551 3716 4624">
    <p class='ocr_par' dir='ltr' id='par_1_78' title="bbox 2134 4551 3716 4624">
     <span class='ocr_line' id='line_1_78' title="bbox 2134 4551 3716 4624; baseline -0.002 -16"><span class='ocrx_word' id='word_1_479' title='bbox 2134 4553 2320 4608; x_wconf 88' lang='lat' dir='ltr'><strong>omnia</strong></span> <span class='ocrx_word' id='word_1_480' title='bbox 2359 4552 2476 4605; x_wconf 90' lang='lat' dir='ltr'><strong>loca</strong></span> <span class='ocrx_word' id='word_1_481' title='bbox 2507 4552 2562 4604; x_wconf 92' lang='lat' dir='ltr'><strong>in</strong></span> <span class='ocrx_word' id='word_1_482' title='bbox 2592 4551 2853 4618; x_wconf 90' lang='lat' dir='ltr'><strong>injuriam</strong></span> <span class='ocrx_word' id='word_1_483' title='bbox 2893 4551 3061 4614; x_wconf 88' lang='lat' dir='ltr'><strong>misit,</strong></span> <span class='ocrx_word' id='word_1_484' title='bbox 3099 4560 3152 4606; x_wconf 91' lang='lat' dir='ltr'><strong>et</strong></span> <span class='ocrx_word' id='word_1_485' title='bbox 3199 4552 3503 4605; x_wconf 89' lang='lat' dir='ltr'><strong>litterarum</strong></span> <span class='ocrx_word' id='word_1_486' title='bbox 3540 4554 3716 4624; x_wconf 59' lang='lat' dir='ltr'><strong>magi.</strong></span> 
     </span>
    </p>
   </div>
   <div class='ocr_carea' id='block_1_79' title="bbox 2132 4644 3712 4717">
    <p class='ocr_par' dir='ltr' id='par_1_79' title="bbox 2132 4644 3712 4717">
     <span class='ocr_line' id='line_1_79' title="bbox 2132 4644 3712 4717; baseline 0.001 -15"><span class='ocrx_word' id='word_1_487' title='bbox 2132 4647 2280 4702; x_wconf 13' lang='lat' dir='ltr'><strong>stris,</strong></span> <span class='ocrx_word' id='word_1_488' title='bbox 2299 4647 2498 4716; x_wconf 78' lang='lat' dir='ltr'><strong>puerOs</strong></span> <span class='ocrx_word' id='word_1_489' title='bbox 2516 4645 2713 4699; x_wconf 88' lang='lat' dir='ltr'><strong>docere</strong></span> <span class='ocrx_word' id='word_1_490' title='bbox 2736 4647 3009 4715; x_wconf 82' lang='lat' dir='ltr'><strong>praecepit,</strong></span> <span class='ocrx_word' id='word_1_491' title='bbox 3037 4644 3265 4717; x_wconf 74' lang='lat' dir='ltr'><strong>studens</strong></span> <span class='ocrx_word' id='word_1_492' title='bbox 3297 4663 3405 4717; x_wconf 90' lang='lat' dir='ltr'><strong>quo</strong></span> <span class='ocrx_word' id='word_1_493' title='bbox 3431 4647 3712 4703; x_wconf 81' lang='lat' dir='ltr'><strong>deridere-</strong></span> 
     </span>
    </p>
   </div>
   <div class='ocr_carea' id='block_1_80' title="bbox 2132 4737 3710 4809">
    <p class='ocr_par' dir='ltr' id='par_1_80' title="bbox 2132 4737 3710 4809">
     <span class='ocr_line' id='line_1_80' title="bbox 2132 4737 3710 4809; baseline 0.001 -18"><span class='ocrx_word' id='word_1_494' title='bbox 2132 4746 2224 4792; x_wconf 91' lang='lat' dir='ltr'><strong>tur</strong></span> <span class='ocrx_word' id='word_1_495' title='bbox 2269 4739 2594 4809; x_wconf 84' lang='lat' dir='ltr'><strong>mysterium</strong></span> <span class='ocrx_word' id='word_1_496' title='bbox 2639 4746 2912 4793; x_wconf 89' lang='lat' dir='ltr'><strong>nostrum.</strong></span> <span class='ocrx_word' id='word_1_497' title='bbox 2950 4737 3218 4794; x_wconf 68' lang='lat' dir='ltr'><strong>Praaterea</strong></span> <span class='ocrx_word' id='word_1_498' title='bbox 3259 4737 3620 4796; x_wconf 90' lang='lat' dir='ltr'><strong>Constantius</strong></span> <span class='ocrx_word' id='word_1_499' title='bbox 3658 4741 3710 4794; x_wconf 90' lang='lat' dir='ltr'><strong>in</strong></span> 
     </span>
    </p>
   </div>
   <div class='ocr_carea' id='block_1_81' title="bbox 442 4799 3710 4902">
    <p class='ocr_par' dir='ltr' id='par_1_81' title="bbox 442 4799 3710 4902">
     <span class='ocr_line' id='line_1_81' title="bbox 442 4799 3710 4902; baseline 0.003 -28"><span class='ocrx_word' id='word_1_500' title='bbox 442 4821 572 4884; x_wconf 73' lang='lat'><strong>288,</strong></span> <span class='ocrx_word' id='word_1_501' title='bbox 616 4821 959 4880; x_wconf 88' lang='lat' dir='ltr'><strong>Diocletiano</strong></span> <span class='ocrx_word' id='word_1_502' title='bbox 984 4827 1288 4897; x_wconf 89' lang='lat' dir='ltr'><strong>imperante</strong></span> <span class='ocrx_word' id='word_1_503' title='bbox 1325 4825 1509 4884; x_wconf 63' lang='lat' dir='ltr'><strong>Romae</strong></span> <span class='ocrx_word' id='word_1_504' title='bbox 1530 4833 1730 4902; x_wconf 75' lang='lat' dir='ltr'><strong>praesul</strong></span> <span class='ocrx_word' id='word_1_505' title='bbox 1757 4831 2027 4890; x_wconf 83' lang='lat' dir='ltr'><strong>Eusebius</strong></span> <span class='ocrx_word' id='word_1_506' title='bbox 2057 4799 2100 4858; x_wconf 68' lang='grc' dir='ltr'>Ο</span> <span class='ocrx_word' id='word_1_507' title='bbox 2132 4829 2436 4886; x_wconf 84' lang='lat' dir='ltr'><strong>Britanniis</strong></span> <span class='ocrx_word' id='word_1_508' title='bbox 2461 4832 2714 4897; x_wconf 90' lang='lat' dir='ltr'><strong>moritur,</strong></span> <span class='ocrx_word' id='word_1_509' title='bbox 2740 4847 2863 4885; x_wconf 90' lang='lat' dir='ltr'><strong>eum</strong></span> <span class='ocrx_word' id='word_1_510' title='bbox 2894 4831 3215 4901; x_wconf 84' lang='lat' dir='ltr'><strong>imperasset</strong></span> <span class='ocrx_word' id='word_1_511' title='bbox 3233 4832 3710 4898; x_wconf 89' lang='lat' dir='ltr'><strong>annisundecim;</strong></span> 
     </span>
    </p>
   </div>
   <div class='ocr_carea' id='block_1_82' title="bbox 447 4918 2026 4995">
    <p class='ocr_par' dir='ltr' id='par_1_82' title="bbox 447 4918 2026 4995">
     <span class='ocr_line' id='line_1_82' title="bbox 447 4918 2026 4995; baseline 0.006 -25"><span class='ocrx_word' id='word_1_512' title='bbox 447 4919 700 4972; x_wconf 88' lang='lat' dir='ltr'><strong>habetur.</strong></span> <span class='ocrx_word' id='word_1_513' title='bbox 728 4918 855 4985; x_wconf 90' lang='lat' dir='ltr'><strong>Qui,</strong></span> <span class='ocrx_word' id='word_1_514' title='bbox 883 4921 1141 4976; x_wconf 85' lang='lat' dir='ltr'><strong>videlicet</strong></span> <span class='ocrx_word' id='word_1_515' title='bbox 1175 4922 1576 4988; x_wconf 89' lang='lat' dir='ltr'><strong>Diocletianus,</strong></span> <span class='ocrx_word' id='word_1_516' title='bbox 1611 4927 1755 4995; x_wconf 87' lang='lat' dir='ltr'><strong>apud</strong></span> <span class='ocrx_word' id='word_1_517' title='bbox 1785 4924 2026 4980; x_wconf 82' lang='lat' dir='ltr'><strong>Alexan-</strong></span> 
     </span>
    </p>
   </div>
   <div class='ocr_carea' id='block_1_83' title="bbox 446 5009 2030 5087">
    <p class='ocr_par' dir='ltr' id='par_1_83' title="bbox 446 5009 2030 5087">
     <span class='ocr_line' id='line_1_83' title="bbox 446 5009 2030 5087; baseline 0.006 -25"><span class='ocrx_word' id='word_1_518' title='bbox 446 5009 621 5063; x_wconf 90' lang='lat' dir='ltr'><strong>driam</strong></span> <span class='ocrx_word' id='word_1_519' title='bbox 659 5011 963 5066; x_wconf 86' lang='lat' dir='ltr'><strong>Achilleum</strong></span> <span class='ocrx_word' id='word_1_520' title='bbox 1019 5013 1312 5068; x_wconf 89' lang='lat' dir='ltr'><strong>interfecit.</strong></span> <span class='ocrx_word' id='word_1_521' title='bbox 1363 5013 1492 5068; x_wconf 86' lang='lat' dir='ltr'><strong>Erat</strong></span> <span class='ocrx_word' id='word_1_522' title='bbox 1541 5025 1720 5071; x_wconf 90' lang='lat' dir='ltr'><strong>autem</strong></span> <span class='ocrx_word' id='word_1_523' title='bbox 1755 5033 1880 5071; x_wconf 93' lang='lat' dir='ltr'><strong>cum</strong></span> <span class='ocrx_word' id='word_1_524' title='bbox 1913 5019 2030 5087; x_wconf 90' lang='lat' dir='ltr'><strong>ipso</strong></span> 
     </span>
    </p>
   </div>
   <div class='ocr_carea' id='block_1_84' title="bbox 443 5102 2029 5180">
    <p class='ocr_par' dir='ltr' id='par_1_84' title="bbox 443 5102 2029 5180">
     <span class='ocr_line' id='line_1_84' title="bbox 443 5102 2029 5180; baseline 0.006 -25"><span class='ocrx_word' id='word_1_525' title='bbox 443 5111 500 5156; x_wconf 90' lang='lat' dir='ltr'><strong>et</strong></span> <span class='ocrx_word' id='word_1_526' title='bbox 537 5102 936 5158; x_wconf 82' lang='lat' dir='ltr'><strong>Constantinus</strong></span> <span class='ocrx_word' id='word_1_527' title='bbox 972 5105 1116 5160; x_wconf 90' lang='lat' dir='ltr'><strong>ﬁlius</strong></span> <span class='ocrx_word' id='word_1_528' title='bbox 1150 5106 1492 5175; x_wconf 90' lang='lat' dir='ltr'><strong>Constantis,</strong></span> <span class='ocrx_word' id='word_1_529' title='bbox 1525 5110 1618 5180; x_wconf 88' lang='lat' dir='ltr'><strong>qui</strong></span> <span class='ocrx_word' id='word_1_530' title='bbox 1673 5126 1794 5164; x_wconf 90' lang='lat' dir='ltr'><strong>cum</strong></span> <span class='ocrx_word' id='word_1_531' title='bbox 1844 5111 2029 5164; x_wconf 86' lang='lat' dir='ltr'><strong>adhuc</strong></span> 
     </span>
    </p>
   </div>
   <div class='ocr_carea' id='block_1_85' title="bbox 446 5195 2024 5274">
    <p class='ocr_par' dir='ltr' id='par_1_85' title="bbox 446 5195 2024 5274">
     <span class='ocr_line' id='line_1_85' title="bbox 446 5195 2024 5274; baseline 0.01 -28"><span class='ocrx_word' id='word_1_532' title='bbox 446 5195 602 5250; x_wconf 71' lang='lat' dir='ltr'><strong>valde</strong></span> <span class='ocrx_word' id='word_1_533' title='bbox 649 5197 869 5265; x_wconf 78' lang='lat' dir='ltr'><strong>juvenis</strong></span> <span class='ocrx_word' id='word_1_534' title='bbox 922 5209 1090 5262; x_wconf 88' lang='lat' dir='ltr'><strong>esset,</strong></span> <span class='ocrx_word' id='word_1_535' title='bbox 1143 5198 1363 5254; x_wconf 87' lang='lat' dir='ltr'><strong>fortiter</strong></span> <span class='ocrx_word' id='word_1_536' title='bbox 1421 5204 1615 5274; x_wconf 80' lang='lat' dir='ltr'><strong>agebat</strong></span> <span class='ocrx_word' id='word_1_537' title='bbox 1670 5205 1722 5258; x_wconf 91' lang='lat' dir='ltr'><strong>in</strong></span> <span class='ocrx_word' id='word_1_538' title='bbox 1780 5204 2024 5274; x_wconf 71' lang='lat' dir='ltr'><strong>prteliis;</strong></span> 
     </span>
    </p>
   </div>
   <div class='ocr_carea' id='block_1_86' title="bbox 445 5285 2022 5363">
    <p class='ocr_par' dir='ltr' id='par_1_86' title="bbox 445 5285 2022 5363">
     <span class='ocr_line' id='line_1_86' title="bbox 445 5285 2022 5363; baseline 0.008 -27"><span class='ocrx_word' id='word_1_539' title='bbox 445 5299 607 5352; x_wconf 84' lang='lat' dir='ltr'><strong>quem</strong></span> <span class='ocrx_word' id='word_1_540' title='bbox 640 5285 860 5340; x_wconf 89' lang='lat' dir='ltr'><strong>intuens</strong></span> <span class='ocrx_word' id='word_1_541' title='bbox 890 5286 1263 5341; x_wconf 88' lang='lat' dir='ltr'><strong>Diocletianus</strong></span> <span class='ocrx_word' id='word_1_542' title='bbox 1294 5289 1496 5344; x_wconf 82' lang='lat' dir='ltr'><strong>invidia</strong></span> <span class='ocrx_word' id='word_1_543' title='bbox 1533 5301 1716 5348; x_wconf 91' lang='lat' dir='ltr'><strong>motus</strong></span> <span class='ocrx_word' id='word_1_544' title='bbox 1745 5293 1872 5347; x_wconf 86' lang='lat' dir='ltr'><strong>dolo</strong></span> <span class='ocrx_word' id='word_1_545' title='bbox 1895 5310 2022 5363; x_wconf 87' lang='lat' dir='ltr'><strong>per-</strong></span> 
     </span>
    </p>
   </div>
   <div class='ocr_carea' id='block_1_87' title="bbox 445 5375 2025 5454">
    <p class='ocr_par' dir='ltr' id='par_1_87' title="bbox 445 5375 2025 5454">
     <span class='ocr_line' id='line_1_87' title="bbox 445 5375 2025 5454; baseline 0.007 -25"><span class='ocrx_word' id='word_1_546' title='bbox 445 5375 617 5442; x_wconf 80' lang='lat' dir='ltr'><strong>imere</strong></span> <span class='ocrx_word' id='word_1_547' title='bbox 676 5379 958 5446; x_wconf 80' lang='lat' dir='ltr'><strong>satagebat</strong></span> <span class='ocrx_word' id='word_1_548' title='bbox 1010 5398 1023 5434; x_wconf 90' lang='lat'><strong>:</strong></span> <span class='ocrx_word' id='word_1_549' title='bbox 1086 5381 1234 5435; x_wconf 88' lang='lat' dir='ltr'><strong>Dens</strong></span> <span class='ocrx_word' id='word_1_550' title='bbox 1299 5394 1480 5438; x_wconf 90' lang='lat' dir='ltr'><strong>autem</strong></span> <span class='ocrx_word' id='word_1_551' title='bbox 1534 5383 1679 5438; x_wconf 91' lang='lat' dir='ltr'><strong>hunc</strong></span> <span class='ocrx_word' id='word_1_552' title='bbox 1743 5385 2025 5454; x_wconf 85' lang='lat' dir='ltr'><strong>inopinate</strong></span> 
     </span>
    </p>
   </div>
   <div class='ocr_carea' id='block_1_88' title="bbox 445 5468 2019 5538">
    <p class='ocr_par' dir='ltr' id='par_1_88' title="bbox 445 5468 2019 5538">
     <span class='ocr_line' id='line_1_88' title="bbox 445 5468 2019 5538; baseline 0.006 -16"><span class='ocrx_word' id='word_1_553' title='bbox 445 5468 679 5522; x_wconf 85' lang='lat' dir='ltr'><strong>salvavit</strong></span> <span class='ocrx_word' id='word_1_554' title='bbox 707 5477 761 5522; x_wconf 90' lang='lat' dir='ltr'><strong>et</strong></span> <span class='ocrx_word' id='word_1_555' title='bbox 786 5471 925 5538; x_wconf 90' lang='lat' dir='ltr'><strong>patri</strong></span> <span class='ocrx_word' id='word_1_556' title='bbox 953 5473 1216 5527; x_wconf 88' lang='lat' dir='ltr'><strong>restituit.</strong></span> <span class='ocrx_word' id='word_1_557' title='bbox 1249 5473 1400 5530; x_wconf 91' lang='lat' dir='ltr'><strong>Alias</strong></span> <span class='ocrx_word' id='word_1_558' title='bbox 1435 5487 1616 5530; x_wconf 85' lang='lat' dir='ltr'><strong>autem</strong></span> <span class='ocrx_word' id='word_1_559' title='bbox 1653 5478 1726 5530; x_wconf 90' lang='lat' dir='ltr'><strong>ita</strong></span> <span class='ocrx_word' id='word_1_560' title='bbox 1762 5479 2019 5531; x_wconf 86' lang='lat' dir='ltr'><strong>refertur.</strong></span> 
     </span>
    </p>
   </div>
   <div class='ocr_carea' id='block_1_89' title="bbox 441 5559 2025 5624">
    <p class='ocr_par' dir='ltr' id='par_1_89' title="bbox 441 5559 2025 5624">
     <span class='ocr_line' id='line_1_89' title="bbox 441 5559 2025 5624; baseline 0.006 -10"><span class='ocrx_word' id='word_1_561' title='bbox 441 5559 809 5616; x_wconf 78' lang='lat' dir='ltr'><strong>Constantino</strong></span> <span class='ocrx_word' id='word_1_562' title='bbox 841 5579 971 5618; x_wconf 90' lang='lat' dir='ltr'><strong>vero</strong></span> <span class='ocrx_word' id='word_1_563' title='bbox 1006 5564 1119 5619; x_wconf 87' lang='lat' dir='ltr'><strong>ﬁlio</strong></span> <span class='ocrx_word' id='word_1_564' title='bbox 1149 5564 1458 5620; x_wconf 87' lang='lat' dir='ltr'><strong>Constantii</strong></span> <span class='ocrx_word' id='word_1_565' title='bbox 1494 5568 1546 5622; x_wconf 92' lang='lat' dir='ltr'><strong>in</strong></span> <span class='ocrx_word' id='word_1_566' title='bbox 1579 5567 1803 5623; x_wconf 87' lang='lat' dir='ltr'><strong>Oriente</strong></span> <span class='ocrx_word' id='word_1_567' title='bbox 1832 5586 1894 5623; x_wconf 91' lang='lat' dir='ltr'><strong>ac</strong></span> <span class='ocrx_word' id='word_1_568' title='bbox 1920 5568 2025 5624; x_wconf 77' lang='lat' dir='ltr'><strong>Pa—</strong></span> 
     </span>
    </p>
   </div>
   <div class='ocr_carea' id='block_1_90' title="bbox 443 5652 2023 5725">
    <p class='ocr_par' dir='ltr' id='par_1_90' title="bbox 443 5652 2023 5725">
     <span class='ocr_line' id='line_1_90' title="bbox 443 5652 2023 5725; baseline 0.006 -21"><span class='ocrx_word' id='word_1_569' title='bbox 443 5652 659 5706; x_wconf 76' lang='lat' dir='ltr'><strong>lzestina</strong></span> <span class='ocrx_word' id='word_1_570' title='bbox 712 5654 942 5724; x_wconf 86' lang='lat' dir='ltr'><strong>degente</strong></span> <span class='ocrx_word' id='word_1_571' title='bbox 972 5664 1023 5710; x_wconf 88' lang='lat' dir='ltr'><strong>et</strong></span> <span class='ocrx_word' id='word_1_572' title='bbox 1059 5672 1181 5710; x_wconf 92' lang='lat' dir='ltr'><strong>cum</strong></span> <span class='ocrx_word' id='word_1_573' title='bbox 1211 5657 1544 5714; x_wconf 84' lang='lat' dir='ltr'><strong>Christianis</strong></span> <span class='ocrx_word' id='word_1_574' title='bbox 1591 5662 1884 5725; x_wconf 88' lang='lat' dir='ltr'><strong>sentiente,</strong></span> <span class='ocrx_word' id='word_1_575' title='bbox 1938 5661 2023 5714; x_wconf 90' lang='lat' dir='ltr'><strong>vi-</strong></span> 
     </span>
    </p>
   </div>
   <div class='ocr_carea' id='block_1_91' title="bbox 443 5743 2026 5806">
    <p class='ocr_par' dir='ltr' id='par_1_91' title="bbox 443 5743 2026 5806">
     <span class='ocr_line' id='line_1_91' title="bbox 443 5743 2026 5806; baseline 0.006 -10"><span class='ocrx_word' id='word_1_576' title='bbox 443 5743 585 5798; x_wconf 87' lang='lat' dir='ltr'><strong>dens</strong></span> <span class='ocrx_word' id='word_1_577' title='bbox 621 5743 766 5799; x_wconf 86' lang='lat' dir='ltr'><strong>hunc</strong></span> <span class='ocrx_word' id='word_1_578' title='bbox 799 5745 1052 5802; x_wconf 82' lang='lat' dir='ltr'><strong>Galerius</strong></span> <span class='ocrx_word' id='word_1_579' title='bbox 1100 5749 1463 5806; x_wconf 79' lang='lat' dir='ltr'><strong>Maximianus</strong></span> <span class='ocrx_word' id='word_1_580' title='bbox 1496 5751 1772 5806; x_wconf 86' lang='lat' dir='ltr'><strong>intellectu</strong></span> <span class='ocrx_word' id='word_1_581' title='bbox 1829 5753 2026 5806; x_wconf 68' lang='lat' dir='ltr'><strong>animae</strong></span> 
     </span>
    </p>
   </div>
   <div class='ocr_carea' id='block_1_92' title="bbox 446 5837 2024 5915">
    <p class='ocr_par' dir='ltr' id='par_1_92' title="bbox 446 5837 2024 5915">
     <span class='ocr_line' id='line_1_92' title="bbox 446 5837 2024 5915; baseline 0.006 -27"><span class='ocrx_word' id='word_1_582' title='bbox 446 5849 510 5888; x_wconf 79' lang='lat' dir='ltr'><strong>ac</strong></span> <span class='ocrx_word' id='word_1_583' title='bbox 539 5837 790 5907; x_wconf 82' lang='lat' dir='ltr'><strong>corporis</strong></span> <span class='ocrx_word' id='word_1_584' title='bbox 815 5837 1013 5893; x_wconf 88' lang='lat' dir='ltr'><strong>robore</strong></span> <span class='ocrx_word' id='word_1_585' title='bbox 1040 5849 1203 5909; x_wconf 86' lang='lat' dir='ltr'><strong>atque</strong></span> <span class='ocrx_word' id='word_1_586' title='bbox 1227 5838 1450 5910; x_wconf 77' lang='lat' dir='ltr'><strong>ingenio</strong></span> <span class='ocrx_word' id='word_1_587' title='bbox 1481 5839 1629 5915; x_wconf 75' lang='lat' dir='ltr'><strong>circa</strong></span> <span class='ocrx_word' id='word_1_588' title='bbox 1658 5841 2024 5897; x_wconf 89' lang='lat' dir='ltr'><strong>eruditionem</strong></span> 
     </span>
    </p>
   </div>
   <div class='ocr_carea' id='block_1_93' title="bbox 2129 4923 3713 4996">
    <p class='ocr_par' dir='ltr' id='par_1_93' title="bbox 2129 4923 3713 4996">
     <span class='ocr_line' id='line_1_93' title="bbox 2129 4923 3713 4996; baseline -0.003 -16"><span class='ocrx_word' id='word_1_589' title='bbox 2129 4927 2224 4996; x_wconf 92' lang='lat' dir='ltr'><strong>qui</strong></span> <span class='ocrx_word' id='word_1_590' title='bbox 2267 4942 2365 4994; x_wconf 90' lang='lat' dir='ltr'><strong>pro</strong></span> <span class='ocrx_word' id='word_1_591' title='bbox 2389 4941 2449 4980; x_wconf 90' lang='lat' dir='ltr'><strong>se</strong></span> <span class='ocrx_word' id='word_1_592' title='bbox 2471 4925 2897 4980; x_wconf 87' lang='lat' dir='ltr'><strong>Constantinum</strong></span> <span class='ocrx_word' id='word_1_593' title='bbox 2931 4925 3385 4994; x_wconf 85' lang='lat' dir='ltr'><strong>pronuntiaverat</strong></span> <span class='ocrx_word' id='word_1_594' title='bbox 3415 4923 3713 4994; x_wconf 85' lang='lat' dir='ltr'><strong>imperato-</strong></span> 
     </span>
    </p>
   </div>
   <div class='ocr_carea' id='block_1_94' title="bbox 2129 5015 3711 5086">
    <p class='ocr_par' dir='ltr' id='par_1_94' title="bbox 2129 5015 3711 5086">
     <span class='ocr_line' id='line_1_94' title="bbox 2129 5015 3711 5086; baseline -0.003 -13"><span class='ocrx_word' id='word_1_595' title='bbox 2129 5034 2270 5085; x_wconf 83' lang='lat' dir='ltr'><strong>rem,</strong></span> <span class='ocrx_word' id='word_1_596' title='bbox 2301 5017 2724 5086; x_wconf 81' lang='lat' dir='ltr'><strong>primogenitum</strong></span> <span class='ocrx_word' id='word_1_597' title='bbox 2761 5015 2931 5068; x_wconf 91' lang='lat' dir='ltr'><strong>ﬁlium</strong></span> <span class='ocrx_word' id='word_1_598' title='bbox 2969 5032 3156 5080; x_wconf 88' lang='lat' dir='ltr'><strong>suum,</strong></span> <span class='ocrx_word' id='word_1_599' title='bbox 3191 5017 3244 5070; x_wconf 93' lang='lat' dir='ltr'><strong>in</strong></span> <span class='ocrx_word' id='word_1_600' title='bbox 3279 5023 3581 5084; x_wconf 88' lang='lat' dir='ltr'><strong>conspectu</strong></span> <span class='ocrx_word' id='word_1_601' title='bbox 3621 5024 3711 5069; x_wconf 86' lang='lat' dir='ltr'><strong>to-</strong></span> 
     </span>
    </p>
   </div>
   <div class='ocr_carea' id='block_1_95' title="bbox 2129 5106 3701 5180">
    <p class='ocr_par' dir='ltr' id='par_1_95' title="bbox 2129 5106 3701 5180">
     <span class='ocr_line' id='line_1_95' title="bbox 2129 5106 3701 5180; baseline -0.001 -18"><span class='ocrx_word' id='word_1_602' title='bbox 2129 5112 2239 5165; x_wconf 90' lang='lat' dir='ltr'><strong>tius</strong></span> <span class='ocrx_word' id='word_1_603' title='bbox 2273 5110 2482 5180; x_wconf 90' lang='lat' dir='ltr'><strong>populi,</strong></span> <span class='ocrx_word' id='word_1_604' title='bbox 2511 5108 2877 5178; x_wconf 71' lang='lat' dir='ltr'><strong>praesentibus</strong></span> <span class='ocrx_word' id='word_1_605' title='bbox 2904 5123 3125 5178; x_wconf 90' lang='lat' dir='ltr'><strong>quoque</strong></span> <span class='ocrx_word' id='word_1_606' title='bbox 3147 5108 3360 5162; x_wconf 64' lang='lat' dir='ltr'><strong>caeteris</strong></span> <span class='ocrx_word' id='word_1_607' title='bbox 3394 5106 3525 5161; x_wconf 89' lang='lat' dir='ltr'><strong>ﬁliis</strong></span> <span class='ocrx_word' id='word_1_608' title='bbox 3558 5106 3701 5168; x_wconf 87' lang='lat' dir='ltr'><strong>suis,</strong></span> 
     </span>
    </p>
   </div>
   <div class='ocr_carea' id='block_1_96' title="bbox 2127 5196 3732 5266">
    <p class='ocr_par' dir='ltr' id='par_1_96' title="bbox 2127 5196 3732 5266">
     <span class='ocr_line' id='line_1_96' title="bbox 2127 5196 3732 5266; baseline -0.003 -13"><span class='ocrx_word' id='word_1_609' title='bbox 2127 5198 2474 5254; x_wconf 89' lang='lat' dir='ltr'><strong>Constantini</strong></span> <span class='ocrx_word' id='word_1_610' title='bbox 2547 5197 2948 5266; x_wconf 88' lang='lat' dir='ltr'><strong>compatriotis,</strong></span> <span class='ocrx_word' id='word_1_611' title='bbox 3020 5196 3340 5250; x_wconf 81' lang='lat' dir='ltr'><strong>Constantio</strong></span> <span class='ocrx_word' id='word_1_612' title='bbox 3405 5196 3614 5251; x_wconf 89' lang='lat' dir='ltr'><strong>scilicet</strong></span> <span class='ocrx_word' id='word_1_613' title='bbox 3658 5203 3732 5250; x_wconf 75' lang='lat' dir='ltr'><strong>et.</strong></span> 
     </span>
    </p>
   </div>
   <div class='ocr_carea' id='block_1_97' title="bbox 2133 5287 3710 5359">
    <p class='ocr_par' dir='ltr' id='par_1_97' title="bbox 2133 5287 3710 5359">
     <span class='ocr_line' id='line_1_97' title="bbox 2133 5287 3710 5359; baseline -0.006 -12"><span class='ocrx_word' id='word_1_614' title='bbox 2133 5291 2492 5351; x_wconf 86' lang='lat' dir='ltr'><strong>Auaballeno,</strong></span> <span class='ocrx_word' id='word_1_615' title='bbox 2530 5289 2624 5359; x_wconf 90' lang='lat' dir='ltr'><strong>qui</strong></span> <span class='ocrx_word' id='word_1_616' title='bbox 2665 5299 2719 5343; x_wconf 90' lang='lat' dir='ltr'><strong>et</strong></span> <span class='ocrx_word' id='word_1_617' title='bbox 2751 5289 3056 5342; x_wconf 88' lang='lat' dir='ltr'><strong>Dalmatius</strong></span> <span class='ocrx_word' id='word_1_618' title='bbox 3092 5287 3274 5340; x_wconf 88' lang='lat' dir='ltr'><strong>dictus</strong></span> <span class='ocrx_word' id='word_1_619' title='bbox 3318 5293 3424 5348; x_wconf 88' lang='lat' dir='ltr'><strong>est.</strong></span> <span class='ocrx_word' id='word_1_620' title='bbox 3472 5287 3565 5356; x_wconf 89' lang='lat' dir='ltr'><strong>qui</strong></span> <span class='ocrx_word' id='word_1_621' title='bbox 3596 5288 3710 5340; x_wconf 89' lang='lat' dir='ltr'><strong>nati</strong></span> 
     </span>
    </p>
   </div>
   <div class='ocr_carea' id='block_1_98' title="bbox 2134 5378 3711 5450">
    <p class='ocr_par' dir='ltr' id='par_1_98' title="bbox 2134 5378 3711 5450">
     <span class='ocr_line' id='line_1_98' title="bbox 2134 5378 3711 5450; baseline -0.002 -13"><span class='ocrx_word' id='word_1_622' title='bbox 2134 5381 2352 5438; x_wconf 89' lang='lat' dir='ltr'><strong>fuerant</strong></span> <span class='ocrx_word' id='word_1_623' title='bbox 2381 5398 2447 5437; x_wconf 79' lang='lat' dir='ltr'><strong>ex</strong></span> <span class='ocrx_word' id='word_1_624' title='bbox 2472 5379 2758 5435; x_wconf 88' lang='lat' dir='ltr'><strong>Theodora</strong></span> <span class='ocrx_word' id='word_1_625' title='bbox 2791 5381 2899 5434; x_wconf 86' lang='lat' dir='ltr'><strong>tilia</strong></span> <span class='ocrx_word' id='word_1_626' title='bbox 2929 5378 3166 5434; x_wconf 85' lang='lat' dir='ltr'><strong>Herculii</strong></span> <span class='ocrx_word' id='word_1_627' title='bbox 3202 5397 3216 5431; x_wconf 90' lang='lat'><strong>:</strong></span> <span class='ocrx_word' id='word_1_628' title='bbox 3250 5393 3372 5450; x_wconf 71' lang='lat' dir='ltr'><strong>nam</strong></span> <span class='ocrx_word' id='word_1_629' title='bbox 3392 5378 3711 5434; x_wconf 86' lang='lat' dir='ltr'><strong>Constanti-</strong></span> 
     </span>
    </p>
   </div>
   <div class='ocr_carea' id='block_1_99' title="bbox 2136 5469 3716 5542">
    <p class='ocr_par' dir='ltr' id='par_1_99' title="bbox 2136 5469 3716 5542">
     <span class='ocr_line' id='line_1_99' title="bbox 2136 5469 3716 5542; baseline -0.004 -13"><span class='ocrx_word' id='word_1_630' title='bbox 2136 5491 2239 5530; x_wconf 91' lang='lat' dir='ltr'><strong>nus</strong></span> <span class='ocrx_word' id='word_1_631' title='bbox 2268 5490 2332 5527; x_wconf 69' lang='grc' dir='ltr'><strong>(ιχ</strong></span> <span class='ocrx_word' id='word_1_632' title='bbox 2362 5471 2564 5527; x_wconf 88' lang='lat' dir='ltr'><strong>Helena</strong></span> <span class='ocrx_word' id='word_1_633' title='bbox 2601 5471 2801 5536; x_wconf 85' lang='lat' dir='ltr'><strong>fuerat,</strong></span> <span class='ocrx_word' id='word_1_634' title='bbox 2833 5472 2999 5541; x_wconf 89' lang='lat' dir='ltr'><strong>priori</strong></span> <span class='ocrx_word' id='word_1_635' title='bbox 3029 5469 3335 5525; x_wconf 89' lang='lat' dir='ltr'><strong>Constantii</strong></span> <span class='ocrx_word' id='word_1_636' title='bbox 3359 5469 3614 5542; x_wconf 83' lang='lat' dir='ltr'><strong>conjuge.</strong></span> <span class='ocrx_word' id='word_1_637' title='bbox 3642 5469 3716 5524; x_wconf 87' lang='lat' dir='ltr'><strong>At</strong></span> 
     </span>
    </p>
   </div>
   <div class='ocr_carea' id='block_1_100' title="bbox 2131 5564 3711 5635">
    <p class='ocr_par' dir='ltr' id='par_1_100' title="bbox 2131 5564 3711 5635">
     <span class='ocr_line' id='line_1_100' title="bbox 2131 5564 3711 5635; baseline -0.003 -12"><span class='ocrx_word' id='word_1_638' title='bbox 2131 5566 2492 5623; x_wconf 87' lang='lat' dir='ltr'><strong>Constantius</strong></span> <span class='ocrx_word' id='word_1_639' title='bbox 2525 5569 2717 5620; x_wconf 90' lang='lat' dir='ltr'><strong>horum</strong></span> <span class='ocrx_word' id='word_1_640' title='bbox 2756 5575 2911 5635; x_wconf 89' lang='lat' dir='ltr'><strong>pater</strong></span> <span class='ocrx_word' id='word_1_641' title='bbox 2936 5581 3104 5635; x_wconf 87' lang='lat' dir='ltr'><strong>nepos</strong></span> <span class='ocrx_word' id='word_1_642' title='bbox 3134 5572 3254 5619; x_wconf 90' lang='lat' dir='ltr'><strong>erat</strong></span> <span class='ocrx_word' id='word_1_643' title='bbox 3283 5564 3498 5620; x_wconf 85' lang='lat' dir='ltr'><strong>Claudii</strong></span> <span class='ocrx_word' id='word_1_644' title='bbox 3537 5565 3711 5635; x_wconf 86' lang='lat' dir='ltr'><strong>impe-</strong></span> 
     </span>
    </p>
   </div>
   <div class='ocr_carea' id='block_1_101' title="bbox 2133 5653 3711 5726">
    <p class='ocr_par' dir='ltr' id='par_1_101' title="bbox 2133 5653 3711 5726">
     <span class='ocr_line' id='line_1_101' title="bbox 2133 5653 3711 5726; baseline -0.003 -14"><span class='ocrx_word' id='word_1_645' title='bbox 2133 5658 2358 5721; x_wconf 89' lang='lat' dir='ltr'><strong>ratoris,</strong></span> <span class='ocrx_word' id='word_1_646' title='bbox 2387 5673 2455 5712; x_wconf 81' lang='lat' dir='ltr'><strong>ex</strong></span> <span class='ocrx_word' id='word_1_647' title='bbox 2487 5657 2596 5710; x_wconf 88' lang='lat' dir='ltr'><strong>ﬁlia</strong></span> <span class='ocrx_word' id='word_1_648' title='bbox 2618 5656 2738 5724; x_wconf 84' lang='lat' dir='ltr'><strong>ejus</strong></span> <span class='ocrx_word' id='word_1_649' title='bbox 2769 5655 3006 5726; x_wconf 81' lang='lat' dir='ltr'><strong>genitus.</strong></span> <span class='ocrx_word' id='word_1_650' title='bbox 3033 5655 3204 5710; x_wconf 89' lang='lat' dir='ltr'><strong>Porro</strong></span> <span class='ocrx_word' id='word_1_651' title='bbox 3241 5653 3512 5710; x_wconf 84' lang='lat' dir='ltr'><strong>Eusebius</strong></span> <span class='ocrx_word' id='word_1_652' title='bbox 3531 5655 3711 5710; x_wconf 55' lang='lat' dir='ltr'><strong>Caesa-</strong></span> 
     </span>
    </p>
   </div>
   <div class='ocr_carea' id='block_1_102' title="bbox 2135 5746 3712 5817">
    <p class='ocr_par' dir='ltr' id='par_1_102' title="bbox 2135 5746 3712 5817">
     <span class='ocr_line' id='line_1_102' title="bbox 2135 5746 3712 5817; baseline -0.002 -13"><span class='ocrx_word' id='word_1_653' title='bbox 2135 5750 2340 5804; x_wconf 89' lang='lat' dir='ltr'><strong>riensis</strong></span> <span class='ocrx_word' id='word_1_654' title='bbox 2365 5748 2499 5803; x_wconf 88' lang='lat' dir='ltr'><strong>dicit</strong></span> <span class='ocrx_word' id='word_1_655' title='bbox 2520 5747 2668 5817; x_wconf 89' lang='lat' dir='ltr'><strong>quod</strong></span> <span class='ocrx_word' id='word_1_656' title='bbox 2697 5747 3068 5802; x_wconf 87' lang='lat' dir='ltr'><strong>Diocletianus</strong></span> <span class='ocrx_word' id='word_1_657' title='bbox 3117 5761 3308 5802; x_wconf 84' lang='lat' dir='ltr'><strong>amens</strong></span> <span class='ocrx_word' id='word_1_658' title='bbox 3339 5746 3569 5802; x_wconf 86' lang='lat' dir='ltr'><strong>effectus</strong></span> <span class='ocrx_word' id='word_1_659' title='bbox 3603 5764 3712 5801; x_wconf 84' lang='lat' dir='ltr'><strong>una</strong></span> 
     </span>
    </p>
   </div>
   <div class='ocr_carea' id='block_1_103' title="bbox 2136 5838 3708 5911">
    <p class='ocr_par' dir='ltr' id='par_1_103' title="bbox 2136 5838 3708 5911">
     <span class='ocr_line' id='line_1_103' title="bbox 2136 5838 3708 5911; baseline -0.004 -16"><span class='ocrx_word' id='word_1_660' title='bbox 2136 5855 2260 5895; x_wconf 92' lang='lat' dir='ltr'><strong>cum</strong></span> <span class='ocrx_word' id='word_1_661' title='bbox 2295 5838 2553 5896; x_wconf 88' lang='lat' dir='ltr'><strong>Herculio</strong></span> <span class='ocrx_word' id='word_1_662' title='bbox 2579 5840 2812 5910; x_wconf 91' lang='lat' dir='ltr'><strong>imperio</strong></span> <span class='ocrx_word' id='word_1_663' title='bbox 2841 5839 3094 5911; x_wconf 90' lang='lat' dir='ltr'><strong>deposito</strong></span> <span class='ocrx_word' id='word_1_664' title='bbox 3123 5841 3391 5910; x_wconf 85' lang='lat' dir='ltr'><strong>privatam</strong></span> <span class='ocrx_word' id='word_1_665' title='bbox 3427 5839 3592 5895; x_wconf 86' lang='lat' dir='ltr'><strong>vitam</strong></span> <span class='ocrx_word' id='word_1_666' title='bbox 3615 5849 3708 5889; x_wconf 79' lang='lat' dir='ltr'><strong>ar-</strong></span> 
     </span>
    </p>
   </div>
  </div>
